4006 6456
479 415 546 455 κι
1818 390 2359 471 PROLEGOMENA.

478 531 584 586 quo
609 517 782 585 magis
815 530 934 569 cum
972 515 1025 568 in
1076 512 1296 567 ferendo
1325 512 1668 582 episcopatus
1698 527 1862 566 onere
1889 511 2042 579 juva-
2073 520 2118 574 Α
2148 526 2328 574 causa,
2367 509 2695 575 abduxisset,
2734 509 2872 564 idem
2900 511 3040 565 illius
3071 511 3299 565 reditum
3341 510 3405 564 ad
3459 510 3717 568 Ecclesias

479 610 593 664 bat.
642 608 747 661 Sed
802 608 1053 675 quamvis
1099 604 1390 675 Gregorius
1437 605 1794 658 dissensionis
1831 620 2049 658 causam

479 696 727 750 consulto
749 705 947 759 taceat,
973 698 1185 749 videtur
1214 695 1398 749 Basilii
1442 697 1582 748 fama
1615 706 1668 749 et
1697 711 1943 750 summus
1973 696 2051 748 in-

479 787 619 853 genii
653 796 709 840 et
737 787 997 840 doetrinte
1036 785 1290 854 splendor
1321 785 1508 839 oculos
1562 786 1776 842 Eusebii
1828 787 2049 840 laesisse.

478 875 611 928 Erat
639 875 785 929 enim
819 875 1084 930 Eusebius
1109 885 1304 928 caatera
1331 876 1547 943 quidem
1577 875 1732 930 fortis
1769 887 1823 930 et
1853 878 2053 945 pietate

481 963 831 1031 conspicuus,
865 974 922 1017 ut
962 963 1262 1032 persecutio
1289 963 1615 1028 declaravit;
1645 967 1737 1020 sed
1763 977 1940 1020 tamen
1969 983 2053 1021 rc-

483 1072 611 1111 cens
644 1056 695 1108 in
726 1056 980 1110 cathedra
1009 1056 1302 1110 collocatus
1333 1056 1434 1125 (a),
1466 1057 1704 1111 nondum
1733 1074 1920 1113 omnes
1952 1075 2051 1113 sa:—

483 1147 587 1201 culi
626 1147 855 1200 affectus
891 1149 1238 1216 deposuerat,
1267 1165 1330 1202 ac
1373 1150 1589 1202 lutmani
1631 1150 1830 1219 aliquid
1860 1167 2049 1221 passus

481 1251 586 1306 est,
624 1250 679 1293 et
723 1239 977 1293 Basilium
1014 1241 1082 1294 ab
1125 1238 1379 1294 Ecclesia
1425 1243 1893 1298 administratione
1938 1260 2048 1298 non

480 1333 598 1386 sine
634 1332 934 1400 ignominia
992 1333 1245 1385 removit.
1296 1331 1494 1385 Ducem
1531 1348 1685 1386 suum
1734 1335 1812 1390 sic
1853 1335 2048 1404 injuria

480 1422 727 1476 affectum
769 1431 823 1476 et
865 1419 1122 1489 rejectum
1174 1423 1424 1476 monachi
1487 1423 1850 1481 Cazsarienses
1907 1425 2049 1480 ferre

479 1529 590 1569 non
625 1522 919 1582 potuerunt
948 1512 1056 1582 (b);
1108 1513 1200 1568 sed
1234 1515 1413 1567 statim
1456 1516 1646 1569 audaci
1695 1515 1937 1572 facinore
1983 1519 2049 1574 ab

477 1604 715 1675 episcopi
749 1607 1128 1660 communione
1159 1608 1409 1662 recedere
1454 1616 1719 1671 statuunt,
1762 1624 2049 1679 secumque

478 1708 687 1767 partem
717 1697 888 1766 plebis
913 1707 969 1752 et
999 1698 1384 1753 honoratorum
1416 1714 1522 1753 non
1557 1701 1807 1768 exiguam
1837 1703 2049 1757 abstra-

479 1791 632 1845 hunt.
683 1791 809 1845 Erat
847 1790 1108 1861 perfacile
1157 1791 1392 1846 schisma
1435 1783 1690 1858 conflare,
1754 1793 1926 1849 tribus
1982 1795 2049 1849 de

478 1883 659 1944 causis
687 1900 700 1934 :
753 1897 914 1937 nemo
949 1883 1311 1937 venerabilior
1339 1899 1405 1939 co
1435 1885 1521 1938 cui
1554 1883 1696 1941 facta
1728 1885 1951 1956 injuria,
1985 1900 2048 1941 ac
2079 1860 2123 1919 Β

477 1975 704 2029 idoneus
737 1983 856 2029 erat
876 1974 992 2044 qui,
1028 1974 1071 2028 si
1097 1973 1374 2042 voluisset,
1402 1976 1569 2031 robur
1590 1986 1642 2032 et
1673 1977 1927 2032 ﬁduciam
1960 1978 2048 2033 ad-

475 2070 630 2121 deret
661 2065 885 2121 factioni
911 2084 925 2133 ;
983 2065 1252 2121 Eusebius
1277 2067 1484 2120 civitati
1514 2077 1800 2136 suspectus
1830 2077 2047 2139 propter

476 2157 912 2222 ordinationem;
955 2158 1184 2211 aderant
1222 2172 1286 2210 ex
1324 2155 1617 2214 Occidente
1659 2159 1922 2228 episcOpi,
1956 2162 2043 2230 qui

475 2263 665 2303 omnes
693 2248 1024 2304 orthodoxos
1058 2250 1110 2303 in
1147 2264 1277 2304 suas
1306 2259 1490 2318 partes
1539 2253 1949 2319 pertrahebant.
1979 2255 2046 2307 At

475 2341 710 2396 Basilius
741 2358 846 2396 non
888 2343 933 2397 is
961 2352 1100 2407 erat,
1138 2349 1230 2412 qui
1270 2352 1363 2395 aut
1412 2344 1480 2396 iis
1514 2357 1649 2411 quos
1684 2347 2044 2415 adversarios,

477 2444 571 2486 aut
616 2434 685 2488 iis
716 2449 853 2503 quos
891 2435 1120 2487 nimium
1158 2433 1240 2487 sui
1285 2433 1556 2488 studiosos
1597 2434 1856 2500 habebat,
1895 2436 2046 2490 oblu-

475 2527 610 2578 ctari
641 2525 824 2588 vellet,
854 2534 943 2577 aut
972 2523 1269 2580 Ecclesiam
1306 2540 1402 2580 sua
1434 2540 1596 2580 causa
1640 2525 1921 2579 dilacerari
1956 2543 2045 2595 pa-

476 2623 707 2680 teretur,
750 2630 872 2669 cum
916 2616 1216 2684 praesertim
1261 2617 1477 2670 aliunde
1506 2629 1865 2686 oppugnatam
1906 2627 1958 2670 et
1991 2619 2043 2672 in

474 2706 772 2776 periculum
804 2706 1104 2775 conjectam
1143 2708 1352 2761 videret
1385 2707 1454 2760 ob
1507 2707 1915 2772 hmreticorum,
1957 2710 2045 2775 qui

477 2807 605 2852 tunc
636 2799 908 2867 vigebant,
944 2799 1296 2854 dominatum.
1333 2797 1513 2865 Quare
1545 2796 1858 2853 consiliario
1894 2805 2048 2851 utens

476 2898 530 2942 et
558 2890 834 2944 hortatore
865 2888 1130 2961 Gregorio
1175 2891 1312 2961 fugit
1341 2907 1462 2946 cum
1495 2890 1585 2945 illo
1613 2890 1665 2944 in
1713 2889 1963 2955 Pontum,
1994 2900 2050 2945 et

476 2984 828 3048 monasteria,
867 3000 984 3054 quae.
1030 2985 1144 3038 illic
1191 2996 1370 3051 erant,
1416 2986 1702 3056 gubernat.
1751 2982 2047 3054 Episcopos

478 3075 598 3130 illos
643 3077 1008 3132 occidentales
1037 3079 1348 3132 existimant
1387 3080 1583 3132 eruditi
1621 3079 1722 3131 viri
1757 3079 2044 3133 Eusebium

477 3181 599 3221 esse
643 3167 1045 3228 Vercellensem
1094 3185 1216 3222 cum
1265 3169 1384 3223 aliis
1428 3168 1725 3231 noomillis,
1776 3169 1864 3238 qui
1895 3170 2048 3224 nobis

476 3260 676 3330 cogniti
714 3276 818 3315 non
865 3269 1010 3315 sunt.
1055 3260 1261 3314 Revera
1314 3269 1540 3313 narrant
1574 3261 1829 3313 Socrates
1881 3261 1951 3329 (ς)
1999 3273 2054 3314 et

477 3350 703 3406 Ruﬁnus
754 3353 831 3420 (ά)
892 3353 949 3407 S.
1005 3354 1318 3420 Eusebium,
1383 3354 1670 3407 Antiochia
1725 3352 2048 3422 digressum,

477 3443 714 3499 Orientis
747 3443 1020 3499 Ecclesias
1059 3459 1398 3514 peragrasse.
1433 3447 1560 3499 lnde
1584 3444 1858 3499 concludit
1890 3444 2051 3500 Tillc-

478 3534 714 3586 montius
737 3533 1021 3587 dissidium
1055 3531 1182 3587 illud
1214 3533 1281 3587 ad
1304 3548 1504 3586 annum
1540 3532 1647 3584 565
1690 3532 2047 3587 referendum.

481 3623 614 3688 Sed,
661 3623 706 3677 si
758 3631 887 3677 tunc
921 3623 1093 3677 adfuit
1124 3623 1180 3676 S.
1218 3623 1483 3676 Eusebius
1522 3620 1912 3685 Vercellensis,
1963 3640 2053 3678 ne-

478 3730 628 3773 cesse
667 3726 748 3768 est
781 3715 1057 3783 longiores
1087 3715 1136 3769 ei
1172 3715 1224 3768 in
1254 3713 1479 3770 Oriente
1508 3729 1692 3768 moras
1734 3713 2049 3779 attribuere,

478 3820 600 3859 cum
634 3806 820 3863 Basilii
868 3809 1144 3863 ordinatio
1192 3812 1256 3864 ad
1308 3822 1508 3862 annum
1542 3807 1647 3863 365
1697 3807 1888 3863 referri
1944 3823 2048 3862 non

477 3900 669 3967 possit.

550 3993 614 4046 V.
650 3992 706 4046 Si
761 3991 1000 4048 secessio
1053 3992 1242 4048 Basilii
1297 3995 1452 4063 digna
1511 3995 1612 4050 fuit
1669 3995 2048 4057 admiratione,

478 4083 648 4136 multo
677 4084 887 4153 dignior
917 4085 1122 4140 reditus
1149 4085 1376 4139 exstitit.
1417 4084 1548 4139 Nam
1599 4101 1723 4144 cum
1773 4083 1842 4154 (e)
1880 4085 2050 4154 impe-

478 4183 628 4229 rator
658 4173 872 4237 Valens,
904 4176 1022 4228 auri
1070 4176 1498 4239 amantissimus,
1538 4187 1595 4230 ut
1623 4177 1701 4230 ait
1731 4175 2047 4242 Gregorius,

479 4275 533 4317 et
557 4266 757 4320 Christi
783 4266 1208 4332 inimicissimus,
1253 4267 1515 4322 Cresarea:
1559 4267 1870 4322 immineret
1909 4281 2050 4320 anno

477 4355 607 4419 365,
633 4369 823 4422 agmen
851 4358 1072 4427 impium
1101 4371 1285 4426 agens,
1321 4361 1606 4427 episcopos
1633 4360 1884 4423 Arianos,
1922 4372 2047 4410 cru-

478 4447 626 4501 deles
661 4443 1023 4500 Ecclesiarum
1072 4447 1396 4512 tetrarchas,
1429 4447 1776 4503 Ctrsariensis
1809 4446 2047 4502 Ecclesia

2159 602 2522 655 defensionem
2573 604 2684 671 pari
2722 605 3000 672 prudentia
3037 603 3294 658 confecit.
3323 602 3555 659 Vocatus
3593 620 3717 674 per-

2155 697 2449 750 houoriﬁee
2474 697 2539 750 ab
2572 695 2803 750 Eusebio
2839 696 3158 750 Cmsariensi
3195 696 3260 748 ad
3291 695 3522 762 aliquem
3551 693 3715 763 spiri-

2154 786 2313 840 talem
2346 796 2692 852 conventum,
2733 786 2784 839 id
2813 795 2895 839 est
2938 786 3003 838 ad
3054 784 3284 852 aliquem
3319 785 3461 837 diem
3498 783 3716 849 festum,

2154 889 2364 946 gratum
2407 879 2668 942 animant,
2716 889 2900 948 utpar
2932 886 3070 940 erat,
3109 873 3530 945 signiﬁcavit(f)
3565 891 3578 936 ;
3622 876 3716 928 sed

2155 987 2259 1024 non
2290 972 2472 1025 omisit
2504 971 2844 1025 occasionem
2871 970 3039 1023 libere
3066 968 3451 1036 conquereudi,
3473 967 3613 1035 quod
3641 967 3717 1018 in-

2150 1059 2347 1128 juriam
2375 1060 2572 1114 Basilio
2613 1061 2828 1113 fecisset
2873 1059 3134 1113 Eusebius
3175 1067 3229 1111 et
3266 1058 3440 1110 adhuc
3487 1058 3713 1109 faceret.

2157 1151 2290 1204 Dum
2323 1150 2462 1203 enim
2501 1151 2601 1205 sibi
2629 1152 2888 1203 honorem
2927 1151 3105 1211 habet,
3144 1156 3451 1215 contempto
3475 1145 3675 1198 Basilio
3696 1184 3712 1209 ,

2153 1239 2294 1292 idem
2334 1254 2454 1293 eum
2483 1240 2684 1304 facere,
2720 1255 2782 1293 ac
2811 1240 2853 1292 si
2893 1241 3013 1308 quis
3045 1239 3202 1293 unius
3230 1238 3330 1290 viri
3363 1246 3521 1305 caput
3546 1235 3716 1289 altera

2153 1346 2315 1386 manu
2351 1330 2672 1397 demulceat,
2730 1331 2897 1384 altera
2947 1330 3144 1383 malam
3195 1329 3387 1391 feriat;
3434 1328 3714 1382 autetiam

2150 1421 2423 1477 convulsis
2459 1422 2645 1478 domus
2694 1421 3058 1477 fundamentis
3100 1424 3334 1489 parietes
3379 1423 3585 1492 pingat,
3623 1431 3711 1474 at-

2151 1532 2254 1587 que
2296 1525 2548 1570 externas
2587 1527 2763 1584 partes
2807 1525 3054 1571 exornet.
3101 1515 3390 1570 Pollicctur
3441 1528 3710 1570 summam

2150 1608 2264 1663 fore
2298 1611 2351 1664 in
2393 1624 2516 1664 eum
2548 1608 2731 1663 Basilii
2774 1608 3193 1668 observantiam,
3230 1607 3272 1659 si
3303 1623 3488 1677 aequus
3524 1608 3575 1661 in
3606 1606 3708 1660 Ba-

2149 1701 2326 1756 silium
2375 1715 2506 1755 esse
2555 1700 2718 1765 velit;
2762 1717 2820 1755 se
2873 1714 3086 1770 quoque
3137 1699 3318 1752 statim
3377 1709 3712 1764 secuturum,

2150 1794 2596 1861 quemadmodum
2630 1794 2829 1848 umbrze
2868 1809 3093 1863 corpora
3131 1802 3448 1861 sequuntur.

2224 1886 2481 1948 Quamvis
2521 1886 2940 1941 admonitionem
2981 1886 3197 1939 eximiis
3228 1883 3472 1937 laudibus
3505 1892 3712 1952 tempe-

2155 1985 2257 2041 ret,
2283 1992 2513 2047 eumque
2540 1979 2878 2034 sacerdotem
2915 1977 3144 2046 appellet
3172 1977 3433 2038 omnium,
3458 1989 3591 2041 quos
3622 1991 3719 2028 no-

2153 2069 2383 2134 verit,et
2413 2072 2519 2122 vita
2551 2079 2606 2125 et
2629 2083 2880 2126 sermone
2911 2068 3437 2137 prmstantissimum,
3465 2065 3604 2119 illius
3637 2075 3716 2118 ta-

2154 2175 2277 2214 men
2323 2160 2623 2214 libertatem
2660 2162 2764 2216 sibi
2811 2162 3127 2232 injuriosam
3172 2160 3342 2213 videri
3391 2156 3718 2226 signiﬁcavit

2153 2253 2432 2308 Eusebius.
2471 2249 2607 2304 Tum
2648 2252 2942 2321 Gregorius
2973 2252 3048 2322 (g)
3087 2251 3326 2306 declarat
3350 2263 3408 2303 se
3441 2264 3544 2304 non
3583 2263 3715 2302 con-

2155 2346 2453 2410 tumeliose,
2483 2345 2575 2399 sed
2613 2346 3013 2398 accommodate
3048 2347 3113 2398 ad
3143 2346 3284 2413 leges
3319 2343 3541 2413 spiritus
3585 2341 3719 2397 srri-

2152 2438 2322 2505 psisse
2359 2455 2370 2488 :
2403 2451 2614 2506 aequum
2643 2435 2786 2488 enim
2815 2448 2957 2498 esse,
2992 2443 3048 2486 ut
3078 2435 3176 2486 sibi
3210 2435 3493 2500 Eusebius,
3518 2449 3711 2504 quam-

2152 2529 2233 2581 vis
2259 2527 2425 2597 gradu
2469 2527 2713 2596 superior
2735 2525 2824 2590 sit,
2854 2523 3054 2591 justam
3093 2522 3396 2577 libertatem
3433 2525 3709 2579 concedat.

2151 2619 2440 2682 Cancrum,
2473 2621 2515 2673 si
2548 2635 2604 2674 se
2639 2619 2812 2674 instar
2846 2616 3030 2672 famuli
3066 2631 3186 2671 esse
3223 2616 3367 2679 velit,
3417 2618 3613 2684 quique
3651 2630 3718 2670 ne

2154 2712 2367 2765 ohtueri
2397 2711 2613 2779 quidem
2645 2711 2859 2774 debeat,
2889 2723 3174 2779 passurum
3201 2721 3258 2761 se
3286 2707 3422 2760 hanc
3447 2705 3716 2773 injuriam,

2155 2801 2247 2854 sed
2276 2799 2328 2852 id
2356 2801 2553 2868 pietate
2578 2799 2792 2854 Eusebii
2821 2815 3040 2870 prorsus
3063 2800 3336 2870 indignum
3368 2811 3506 2850 esse.
3545 2795 3720 2864 Signi-

2157 2891 2279 2944 ﬁcat
2303 2892 2356 2944 in
2382 2889 2482 2942 alia
2509 2891 2729 2958 epistola
2763 2891 2838 2958 (Ii)
2874 2891 3072 2943 nullam
3113 2904 3171 2943 se
3214 2889 3562 2943 offensionem
3604 2889 3720 2939 ani-

2155 3000 2244 3038 mo
2271 2983 2613 3052 suscepisse;
2671 2983 2787 3048 sed,
2841 2983 3051 3037 etiamsi
3109 2983 3456 3050 suscepisset,
3491 2981 3720 3036 libenter

2154 3079 2256 3131 hoc
2290 3085 2530 3146 tempore
2573 3076 2962 3144 depositurum,
3003 3088 3123 3127 cum
3153 3073 3329 3124 videat
3369 3070 3510 3127 feras
3537 3073 3590 3126 in
3617 3072 3721 3126 Ec-

2155 3170 2372 3223 clesiam
2415 3170 2702 3232 irruentes,
2749 3179 2803 3222 et
2839 3181 3119 3234 generose,
3153 3166 3494 3220 resistentem
3546 3165 3716 3219 Euse-

2155 3262 2322 3312 bium.
2366 3259 2548 3328 ltaque
2582 3271 2871 3313 venturum
2904 3275 2960 3312 se
2989 3257 3275 3327 promittit,
3313 3257 3356 3311 si
3385 3257 3453 3310 ita
3479 3257 3721 3310 videatur

2154 3350 2408 3416 Eusebio,
2455 3362 2514 3404 ut
2551 3367 2670 3403 eum
2702 3351 2841 3402 illius
2875 3349 3124 3416 precibus
3165 3365 3293 3402 suas
3331 3348 3640 3418 coniungat,
3666 3357 3722 3402 et

2153 3442 2312 3496 simul
2339 3451 2560 3511 pugnet,
2598 3455 2850 3508 euntque,
2892 3449 2952 3492 ut
2999 3442 3508 3507 prmstautissimum
3545 3439 3718 3494 athle-

2155 3544 2262 3588 tam
2289 3533 2437 3602 pucri
2464 3533 2793 3595 hortatores,
2820 3529 3204 3585 succlaiuando
3230 3532 3436 3584 incitet.

2222 3625 2337 3680 Non
2371 3627 2577 3694 ingrata
2619 3623 2719 3678 fuit
2748 3623 2977 3677 Eusebio
3011 3636 3174 3691 opera
3204 3621 3446 3690 Gregorii
3479 3620 3565 3692 li),
3605 3632 3718 3675 sta-

2156 3715 2361 3782 timque
2388 3718 2453 3767 ad
2478 3730 2599 3769 eum
2629 3731 2688 3769 se
2725 3715 2952 3769 contulit
2981 3713 3290 3784 Gregorius,
3323 3727 3554 3783 eumque
3587 3724 3723 3769 tcm-

2153 3822 2306 3876 pore,
2334 3816 2391 3861 ut
2424 3807 2626 3860 ferrum
2662 3809 2804 3876 igne,
2848 3810 3110 3863 mollitum
3154 3823 3273 3863 esse
3323 3808 3720 3874 animadvertit,

2152 3911 2206 3956 et
2260 3901 2326 3956 ad
2381 3900 2706 3954 reddendam
2756 3897 2956 3952 Basilio
3002 3900 3429 3954 benevolentiam
3498 3903 3719 3956 omnino

2151 3977 2524 4062 propendere.
2561 3989 2865 4056 Quinetiam
2906 3987 3229 4055 signiﬁcavit
3260 4004 3318 4042 se
3349 3991 3414 4042 ad
3464 3990 3718 4045 Basiliam

2151 4084 2396 4146 placandi
2445 4092 2496 4137 et
2565 4081 2856 4136 advocandi
2915 4096 3075 4136 causa
3143 4081 3497 4148 scripturum,
3555 4082 3717 4150 idque

2153 4175 2331 4240 multi,
2367 4177 2458 4242 qui
2487 4175 2703 4227 Eusebii
2748 4174 2988 4229 consiliis
3020 4173 3198 4228 intimi
3232 4184 3407 4239 erant,
3434 4173 3691 4227 conﬁrma
3713 4200 3725 4208 -

2152 4276 2300 4321 runt.
2355 4266 2546 4319 Statim
2591 4281 2718 4334 ergo
2758 4265 3051 4336 Gregorius
3097 4267 3356 4322 Basilium
3415 4267 3581 4321 totius
3639 4264 3718 4318 rei

2152 4359 2436 4413 certiorem
2471 4357 2618 4421 facit,
2643 4372 2875 4426 eumque
2908 4359 3175 4419 hortatur,
3215 4369 3271 4412 ut
3301 4361 3607 4430 episc0pum
3631 4372 3726 4410 oc-

2152 4459 2310 4520 cupet
2359 4462 2452 4503 aut
2501 4451 2838 4504 adveniendo
2892 4459 2983 4501 aut
3052 4451 3362 4518 scribendo,
3416 4451 3500 4504 vel
3549 4449 3724 4516 potius

478 4538 532 4591 in
571 4537 866 4592 maximum
895 4537 1191 4605 periculum
1227 4550 1466 4594 venerat.
1523 4538 1656 4592 Nam
1696 4539 1933 4593 strenuis
1958 4537 2046 4591 illa
2080 4553 2123 4605 ι)
2153 4544 2434 4597 scribendo
2479 4557 2541 4594 ac
2589 4542 2782 4597 deinde
2827 4543 3112 4597 veniendo.
3164 4544 3278 4598 Non
3333 4544 3479 4596 enim
3529 4540 3721 4597 honori

479 4629 697 4694 quidem
722 4626 855 4680 viris
883 4626 1208 4691 abundabat,
1243 4626 1333 4680 sed
1362 4635 1765 4696 propugnatore
1796 4625 2051 4679 destituta

477 4725 597 4770 erat
641 4731 705 4768 ac
747 4715 1035 4770 defensore
1074 4717 1343 4770 sermonis
1396 4726 1448 4769 et
1498 4716 1721 4784 spiritus
1784 4713 2049 4782 prmsidiis

477 4808 746 4861 instructo
778 4825 790 4859 :
833 4823 934 4861 nec
961 4807 1174 4870 Ariani,
1222 4808 1307 4873 qui
1349 4808 1459 4874 jam
1496 4808 1629 4859 alias
1663 4805 1938 4859 Ecclesias
1965 4806 2042 4857 vi-

477 4913 682 4970 cerant,
717 4903 852 4958 alias
876 4903 1283 4974 oppugnabant,
1322 4903 1457 4956 alias
1483 4901 1722 4956 victuros
1767 4914 1826 4953 se
1858 4913 2046 4968 spera-

477 4994 631 5056 bant,
655 4995 759 5048 ulla
795 5010 852 5048 re
884 4995 986 5048 alia
1039 4995 1210 5064 magis
1235 4993 1588 5062 erigebantur
1615 4995 1679 5046 ad
1721 5006 1870 5060 spem
1894 5007 2046 5045 ever-

478 5083 655 5137 tentia:
681 5085 958 5150 Caesareae,
1000 5098 1159 5154 quam
1200 5083 1387 5136 Basilii
1425 5098 1641 5139 secessu
1673 5092 1726 5136 et
1757 5082 1910 5135 ducis
1940 5082 2044 5135 im-

476 5176 694 5245 peritia.

550 5266 655 5324 Sed
690 5281 873 5320 eorum
933 5268 1095 5339 fregit
1134 5269 1355 5324 consilia
1409 5267 1700 5340 Gregorius
1748 5267 2044 5321 Nazianze-

477 5376 598 5425 nus,
634 5359 724 5429 qui
757 5374 878 5413 cum
903 5358 1446 5427 BasiliumCarsarea,
1478 5362 1625 5431 pacis
1663 5361 2044 5418 ccclesiaSticze

550 5548 624 5617 (π)
661 5547 813 5611 Naz.,
849 5564 900 5616 p.
937 5550 1056 5602 540.

548 5621 619 5687 (ιι)
652 5620 779 5672 nitu.
813 5635 862 5685 ρ.
891 5619 1014 5673 556.

553 5691 622 5750 (c)
651 5688 770 5741 ‘Lib.
803 5706 882 5752 tu,
915 5708 963 5742 c.
994 5690 1042 5741 9.

552 5761 628 5815 fdi
655 5758 768 5811 Lib.
801 5777 836 5818 t,
864 5776 910 5811 c.
949 5761 1034 5810 δέ).

556 5828 623 5897 (e)
652 5827 776 5880 Naz.
805 5845 883 5880 υτ.
919 5829 1007 5880 9.0.

2154 4635 2391 4688 futurum
2423 4633 2638 4699 Basilio,
2670 4636 2713 4689 si
2749 4635 2892 4703 prior
2931 4635 3215 4705 episc0pus
3253 4635 3483 4688 cessisse
3517 4635 3724 4690 videre-

2154 4736 2258 4777 tur.
2298 4724 2562 4780 Prrctcrea
2598 4726 2807 4792 tempus
2851 4728 3142 4794 postulare,
3182 4737 3237 4779 ut
3276 4740 3411 4793 quos
3460 4726 3719 4780 hactenus

2151 4815 2376 4872 sudores
2410 4834 2469 4871 ac
2503 4819 2714 4872 labores
2749 4820 3024 4883 sustinuit,
3065 4835 3401 4886 nequaquam
3436 4820 3554 4875 illos
3585 4831 3721 4874 tem-

2153 4911 2298 4979 poris
2341 4921 2542 4979 puncto
2586 4910 2843 4976 cﬁ‘undat,
2899 4913 2989 4966 sed
3035 4913 3208 4978 potius
3249 4913 3449 4966 auxilio
3475 4921 3723 4966 accurrat

2153 4999 2406 5054 Ecclesiae
2453 5001 2829 5054 hmreticorum
2890 5015 3154 5056 concursu
3211 5013 3435 5065 vexatae,
3495 5017 3718 5070 quorum

2156 5088 2246 5140 alii
2293 5089 2401 5155 jam
2452 5091 2675 5142 aderant
2710 5099 2760 5141 ct
2796 5091 2981 5142 turbas
3007 5090 3239 5157 ciebant,
3289 5094 3372 5144 alii
3413 5106 3532 5144 mox
3567 5105 3721 5147 erant

2154 5177 2387 5234 alfuturi.
2428 5179 2701 5233 l’romittit
2745 5196 2800 5234 se
2841 5181 3090 5234 comitem
3130 5183 3341 5236 itineris
3383 5183 3612 5238 libenter
3646 5185 3722 5237 fu-

2154 5281 2351 5338 turum,
2382 5274 2422 5325 si
2455 5273 2552 5323 hoc
2575 5286 2752 5339 opera:
2777 5272 3009 5340 pretium
3035 5274 3303 5328 existimet
3331 5273 3574 5328 Basilius.

2228 5362 2340 5417 Non
2375 5365 2558 5417 multis
2588 5379 2720 5431 opus
2761 5363 2944 5418 habuit
2966 5364 3303 5421 sermonibus
3335 5380 3589 5434 generosa
3618 5364 3718 5418 Ba-
