4006 6434
1609 393 1766 447 \‘lTA
1811 393 1868 449 S.
1911 394 2175 449 BASlLll.
3403 412 3489 451 xu

260 509 374 569 siiii-
394 509 576 565 anima
611 511 709 580 (τι),
745 509 835 564 sed
867 510 1047 563 statim
1082 524 1141 564 ac
1169 509 1484 578 Gregorium
1515 510 1646 565 vidit
1670 510 1830 581 legati
1860 515 1906 574 Α
1938 514 2067 566 titur
2112 526 2288 565 rerum
2330 526 2356 562 a
2386 510 2582 564 Basilio
2636 511 2946 580 presbytero
2980 518 3253 580 gestarum
3300 515 3489 582 series,

265 618 466 657 IlllanS
509 603 819 666 obeuntem,
860 618 981 655 cum
1035 617 1097 655 eo
1130 603 1364 655 accurrit
1399 601 1720 666 Caesaream,
1766 620 1828 659 ac

265 695 430 749 nullis
453 709 672 764 prorsus
697 695 981 747 simulzatis
1023 693 1264 762 reliquiis
1289 694 1340 746 in
1383 695 1558 750 animo
1589 696 1826 750 residen-

265 789 413 841 tibus
444 797 612 840 totum
644 801 701 839 se
741 787 805 838 ad
835 785 1195 838 defensionem
1230 783 1480 840 Ecclesia:
1508 787 1695 840 matris
1723 787 1826 840 itu-

263 879 467 945 pcndit.
513 878 703 930 Omnia
735 879 920 946 quippe
954 877 1108 933 simul
1149 888 1384 945 praestat,
1432 876 1601 946 inquit
1628 877 1829 946 Grego-

264 973 400 1032 rius,
443 971 749 1022 inimicitias
789 970 1019 1036 deponit,
1064 971 1343 1034 consultat,
1389 970 1550 1022 aciem
1590 970 1826 1036 instruit,

265 1060 527 1112 scandala
557 1069 602 1112 et
638 1058 970 1127 oﬂ'entlicula,
1000 1075 1115 1127 qua:
1155 1061 1207 1111 in
1235 1061 1400 1111 medio
1430 1070 1598 1122 erant,
1624 1061 1829 1113 submo-

264 1159 368 1213 νει,
395 1159 685 1217 cunctaque
701 1165 784 1210 ea,
812 1165 1030 1218 quorum
1063 1151 1257 1216 ﬁducia
1285 1151 1361 1201 illi
1389 1167 1478 1203 nos
1507 1151 1636 1203 bello
1665 1151 1828 1205 laces-

264 1243 453 1293 sendos
493 1250 819 1306 putaverant.
868 1241 1012 1294 Alios
1045 1243 1285 1304 assumit,
1323 1243 1452 1295 alios
1471 1246 1672 1306 retinet,
1700 1245 1829 1298 alios

266 1331 559 1398 prapulsat.
616 1330 744 1382 Aliis
795 1348 972 1385 murus
1030 1332 1212 1398 ﬁrmus
1255 1341 1299 1384 et
1341 1332 1532 1385 callum
1577 1335 1828 1403 efﬁcitur;

269 1421 390 1475 aliis
423 1422 622 1474 securis
654 1431 848 1484 petram
877 1423 1136 1487 scindens,
1166 1434 1252 1476 aut
1292 1424 1424 1492 ignis
1465 1426 1516 1475 in
1558 1426 1742 1491 spinis,
1775 1435 1829 1477 ut

268 1513 443 1566 divina
476 1511 751 1578 Scriptura
789 1514 1041 1583 loquitur,
1088 1516 1436 1568 sarmentitios
1493 1516 1723 1568 homines
1781 1525 1828 1568 et

272 1603 326 1652 in
361 1601 696 1654 'divinitatem
742 1603 1156 1666 contumeliosos,
1198 1604 1350 1665 facile
1391 1605 1681 1658 absumens.
1726 1603 1828 1658 De-

267 1692 442 1746 ciarat
466 1694 778 1761 Gregorius,
816 1697 858 1749 si
895 1697 1020 1765 quid
1048 1695 1318 1752 Barnabas
1354 1697 1515 1752 Paulo
1539 1697 1829 1753 decertanti

267 1785 482 1839 navavit
537 1788 640 1855 (sic
684 1788 825 1842 enim
874 1799 926 1842 et
961 1803 1018 1842 se
1067 1798 1119 1841 ct
1147 1789 1398 1844 Basilium
1455 1790 1745 1859 designat),
1779 1792 1828 1844 id

265 1874 433 1932 Paulo
472 1879 814 1934 tribuendum
846 1895 982 1943 esse,
1011 1881 1100 1948 qui
1131 1896 1252 1935 eum
1288 1883 1595 1937 certaminis
1626 1885 1828 1938 socium

267 1968 532 2023 adhibuit.
596 1968 824 2026 Rediere
868 1984 996 2039 ergo
1029 1985 1086 2024 re
1143 1973 1339 2026 infecta
1400 1973 1662 2040 haeretici,
1707 1984 1831 2029 tunc

265 2063 502 2132 primum
534 2065 740 2132 pudore
765 2061 948 2116 suffusi
976 2073 1029 2115 et
1059 2063 1202 2124 victi,
1236 2078 1334 2117 nec
1359 2063 1500 2118 aliud
1541 2066 1828 2135 quidquam

264 2170 328 2208 ex
365 2156 528 2209 tantis
561 2156 839 2210 conatibus
868 2164 1246 2225 perceperunt,
1279 2156 1381 2211 nisi
1406 2168 1461 2211 ut
1489 2159 1742 2212 invictum
1779 2159 1830 2212 in

265 2248 606 2302 defendenda
656 2247 938 2302 Trinitatis
1000 2249 1105 2304 lide
1153 2250 1529 2320 Cappadocum
1594 2251 1831 2305 animum

265 2341 660 2411 perspicerent.

336 2431 425 2485 γι.
462 2431 837 2488 Secessionem
862 2449 923 2487 ac
949 2435 1178 2488 reditum
1205 2435 1382 2488 Basilii
1414 2434 1569 2489 aliter
1597 2451 1659 2491 ac
1683 2435 1835 2492 Tille—

269 2524 520 2578 montius-
544 2535 598 2579 et
623 2525 711 2578 alii
746 2527 919 2580 critici
955 2527 1342 2580 distribuimus.
1378 2527 1510 2582 Nam
1543 2533 1834 2584 secessisse

265 2615 413 2670 illum
455 2633 597 2671 anno
631 2617 759 2684 565,
781 2618 1002 2671 rediisse
1045 2633 1186 2671 anno
1223 2619 1325 2673 566
1359 2622 1631 2675 existimat
1670 2619 1833 2675 Tille-

265 2709 525 2763 montius.
563 2708 811 2762 Reditum
841 2709 909 2761 ad
951 2723 1149 2762 annum
1184 2710 1287 2763 567
1316 2728 1435 2764 cum
1479 2711 1712 2767 Baronio
1749 2728 1834 2766 re-

261 2800 459 2869 jiciunt
513 2799 914 2853 continuatores
969 2799 1243 2866 Bollaudi,
1302 2800 1497 2870 Pagius
1537 2804 1600 2857 ad
1636 2819 1830 2857 annum

264 2888 390 2942 570.
422 2887 671 2943 Pluribus
720 2889 985 2942 rationum
1027 2892 1311 2944 momentis
1341 2893 1601 2956 adducor,
1627 2904 1683 2944 ut
1710 2908 1832 2947 eum

266 2997 410 3036 anno
447 2981 551 3036 ’564
581 2991 832 3046 exeunte,
866 2994 957 3036 aut
1003 2983 1218 3036 ineunte
1258 2982 1380 3048 363,
1418 2984 1718 3039 existimem
1745 3000 1831 3039 se-

267 3076 520 3135 cessisse,
565 3085 708 3124 anno
735 3083 911 3126 autem
940 3075 1043 3127 565
1084 3075 1325 3128 rediisse.
1375 3074 1446 3128 De
1473 3090 1690 3130 secessu
1722 3078 1831 3147 jam

1929 619 2084 672 quam
2121 603 2258 657 infra
2309 613 2566 658 texemus.
2613 602 2734 672 Ipse
2772 603 3061 669 Gregorius
3108 605 3238 659 nihil
3278 606 3331 660 in
3380 609 3492 678 pri-

1929 696 2153 750 mordiis
2196 695 2484 750 sacerdotii
2521 706 2708 749 narrat
2750 706 2947 765 prmter
2991 698 3318 752 simultatem
3366 715 3492 756 cum

1931 788 2180 842 Eusebio.
2207 787 2422 841 Initium
2457 802 2770 855 magnarum
2805 803 2984 842 rerum
3027 803 3055 841 a
3094 788 3266 843 reditu
3304 791 3489 853 sumit,

1927 880 2069 948 quod
2092 889 2406 947 argumento
2434 889 2516 934 est
2549 894 2647 933 nec
2684 880 2771 933 diu
2813 879 3050 933 abfuisse
3085 879 3360 944 Basilium,
3396 897 3493 935 nec

1929 971 2098 1024 multo
2146 980 2266 1039 post
2316 972 2710 1026 ordinationem
2769 973 3081 1026 secessisse.
3135 972 3190 1024 2ο
3243 973 3495 1027 Certissi-

1931 1077 2074 1114 mum
2134 1072 2505 1130 argumentum
2558 1064 2862 1132 suppeditat
2917 1063 3149 1118 Valentis
3197 1065 3246 1117 in
3303 1065 3492 1119 urbem

1930 1152 2228 1204 Cmsaream
2261 1153 2517 1206 adventus
2551 1168 2690 1206 anno
2710 1154 2833 1208 565.
2866 1154 2995 1207 Erat
3033 1156 3084 1208 in
3124 1156 3222 1209 bac
3268 1157 3402 1210 urbe
3443 1171 3496 1208 tv

1930 1239 2066 1294 Non.
2092 1240 2196 1295 Jul.
2229 1243 2415 1297 eodem
2445 1259 2605 1306 anno,
2637 1254 2694 1298 ut
2720 1246 3045 1314 perspicitur
3066 1262 3132 1300 ex
3163 1246 3277 1316 lege
3307 1248 3494 1316 quinta

1930 1333 1995 1385 de
2034 1334 2438 1400 susceptoribus
2471 1337 2593 1388 data
2621 1334 2894 1399 Cmsarem,
2946 1335 3078 1390 God.
3118 1337 3321 1393 Theod.
3362 1348 3490 1392 tom.

1931 1419 2019 1486 Ν,
2061 1439 2112 1490 p.
2143 1421 2264 1476 559.
2294 1422 2348 1475 lu
2371 1425 2556 1476 eadem
2582 1426 2711 1478 urbe
2740 1427 2981 1479 nuntium
3007 1429 3213 1498 accepit
3243 1427 3497 1483 defectio-

1930 1515 2014 1568 nis
2045 1513 2312 1584 Procopii.
2353 1515 2616 1569 Valentem
2653 1534 2683 1568 α
2711 1514 2953 1571 thsarea
2999 1518 3382 1589 Cappadocum,
3414 1521 3496 1575 itt-

1931 1607 2048 1674 quit
2081 1608 2400 1662 Ammianus
2427 1607 2518 1676 (c),
2553 1618 2602 1659 ul
2635 1611 2895 1672 vaporatis
2923 1609 3133 1664 a’stibus
3161 1600 3358 1666 Cilicia:
3378 1613 3493 1681 jam

1931 1699 2099 1752 lenitis
2140 1701 2207 1752 ad
2248 1701 2537 1762 Antiochia:
2585 1710 2904 1766 percurreret
2947 1703 3109 1766 sedes,
3169 1703 3496 1773 Sophronias

1933 1793 2109 1844 auertit
2139 1789 2426 1849 Calatiam.
2469 1792 2786 1846 defectionis
2821 1793 3058 1862 Procopii
3088 1797 3330 1850 nuntium
3370 1797 3500 1851 affe-

1934 1901 2076 1938 rens.
2118 1885 2248 1950 Quis
2273 1899 2400 1954 ergo
2435 1886 2642 1939 dubitet
2669 1885 2733 1937 ad
2768 1885 2910 1940 hunc
2947 1903 3146 1941 annum
3185 1887 3384 1942 referre
3411 1904 3496 1943 re-

1933 1976 2098 2029 ditum
2130 1976 2336 2039 llasilii,
2362 1977 2450 2044 qui
2483 1977 2785 2031 necessario
2810 1976 3126 2046 coniunctus
3152 1989 3233 2033 est
3261 1994 3379 2034 cum
3403 1979 3499 2034 ad-

1933 2076 2093 2118 ventu
2125 2064 2400 2118 Valentis?

1993 2157 2210 2211 Fatetur
2231 2156 2601 2211 Tillemoutius
2632 2154 2910 2210 Valentem
2949 2159 3160 2213 venisse
3187 2156 3487 2213 Caesaream

1934 2265 2074 2304 anno
2100 2248 2240 2316 565;
2274 2264 2444 2318 neque
2480 2249 2621 2303 enim
2648 2250 2697 2302 id
2733 2250 2918 2319 negari
2949 2252 3139 2317 possit.
3176 2251 3281 2306 Sed
3315 2253 3500 2306 venire

1934 2343 2128 2396 iterum
2162 2343 2402 2411 potuisse
2456 2341 2732 2396 contendit
2766 2357 2907 2394 anno
2948 2341 3072 2395 566.
3126 2342 3304 2396 Potuit
3367 2357 3499 2397 sane

1933 2433 2138 2493 venire,
2178 2433 2267 2486 sed
2308 2448 2430 2486 eum
2466 2433 2675 2486 venisse
2718 2432 2864 2488 nullo
2913 2448 3134 2498 prorsus
3181 2445 3498 2503 argumento

1933 2524 2195 2592 suspicari
2247 2540 2555 2594 possumus.
2608 2524 2716 2578 lmo
2743 2541 2850 2579 non
2892 2527 3123 2592 venisse,
3159 2527 3345 2582 saltem
3377 2543 3497 2582 cum

1935 2617 2305 2686 triumphante
2355 2617 2443 2671 illo
2494 2619 2868 2686 episcoporum
2912 2617 3287 2672 hmrcticorum
3333 2620 3503 2673 comi-

1935 2719 2069 2775 tatu,
2134 2719 2472 2778 perSpcctum
2531 2718 2586 2762 et
2637 2709 2974 2775 exploratum
3031 2709 3310 2764 habemus.
3364 2708 3498 2762 Nam

1933 2807 2079 2858 victo
2107 2818 2271 2873 prope
2300 2802 2572 2856 Nacoliam
2608 2801 2660 2853 in
2695 2801 2924 2869 Phrygia
2960 2809 3014 2852 et
3039 2800 3217 2854 occiso
3240 2799 3501 2869 Procopio

1933 2895 2018 2947 die
2046 2894 2113 2946 9.7
2138 2893 2285 2955 Maii,
2317 2907 2456 2945 anno
2492 2890 2616 2956 566,
2653 2901 2838 2960 postea
2876 2891 3121 2960 negotiis,
3161 2907 3280 2961 qua:
3332 2892 3502 2947 victo-

1935 2984 2068 3037 riam
2112 2983 2164 3036 in
2187 2982 2328 3038 bello
2355 2982 2503 3036 civili
2533 2983 2787 3051 subsequi
2823 2982 3018 3046 solent,
3045 2995 3341 3051 occupatus
3375 2985 3499 3050 fuit,

1934 3092 1998 3133 ac
2035 3093 2139 3133 non
2195 3091 2382 3145 parum
2443 3077 2698 3143 temporis
2743 3076 2794 3128 in
2847 3075 3080 3129 consciis
3124 3076 3504 3144 perquirendis

268 3180 462 3231 magna
502 3181 566 3218 ex
592 3176 744 3234 parte
775 3166 1011 3233 perfecta
1044 3181 1129 3218 res
1159 3181 1223 3219 ex
1256 3166 1338 3222 his
1367 3182 1484 3236 quae
1509 3168 1742 3225 diximus
1771 3171 1835 3226 de
1863 3193 1904 3250 ο
1940 3169 2246 3238 insumpsit.
2283 3168 2574 3236 Postquam
2631 3174 2812 3220 autem
2881 3166 2967 3220 his
3024 3167 3172 3222 curis
3222 3169 3504 3236 expeditus

267 3259 416 3312 illius
445 3259 804 3314 ordinatione.
835 3260 968 3314 Nam
993 3259 1037 3313 si
1073 3262 1357 3331 presbyter
1381 3271 1596 3317 creatus
1630 3270 1710 3317 est
1733 3279 1830 3317 an-

269 3365 338 3403 no
361 3349 488 3413 564,
545 3353 591 3405 si
622 3366 763 3406 anno
792 3353 977 3406 eodem
1018 3364 1268 3420 exeunte,
1318 3363 1410 3408 aut
1458 3355 1701 3423 sequenti
1751 3356 1829 3410 in-

266 3453 430 3497 eunte
478 3443 652 3497 adhuc
690 3444 947 3498 Caesareae
973 3447 1272 3501 sacerdotio
1309 3447 1742 3519 perfungebatur,
1775 3458 1832 3502 ut

266 3535 504 3589 vidimus
537 3551 599 3589 ex
634 3537 874 3598 epistolis
903 3538 974 3591 9.0
1015 3549 1068 3593 et
1099 3540 1192 3603 2|,
1221 3557 1326 3594 non
1372 3543 1542 3608 potuit
1575 3550 1698 3593 ante
1731 3539 1832 3594 hoc

269 3634 483 3691 tempus
525 3625 866 3680 imminentes
908 3629 1092 3681 turbas
1130 3629 1374 3696 prudenti
1421 3644 1636 3685 secessu
1670 3631 1832 3686 decli-

269 3729 422 3766 nare.
453 3715 629 3782 Atque
682 3717 730 3768 id
762 3717 974 3783 quidem
1011 3718 1236 3773 miriﬁce
1269 3720 1498 3788 quadrat
1546 3740 1665 3778 cum
1720 3726 1833 3795 ipso

271 3806 452 3859 Basilii
482 3807 812 3871 testimonio,
859 3808 946 3877 qui
974 3813 1262 3866 secundam
1305 3813 1447 3867 illam
1473 3816 1830 3870 secessionem

268 3912 337 3951 ne
382 3907 628 3952 numerat
667 3900 879 3969 quidem
911 3899 1008 3973 (ιι),
1055 3905 1224 3958 sedse
1253 3904 1424 3970 plures
1464 3921 1626 3958 annos
1664 3908 1831 3960 conti-

271 4005 402 4042 nuos
439 3991 490 4042 in
534 3990 688 4044 Ponti
731 3991 1020 4046 solitudine
1062 3994 1365 4048 traduxisse
1399 4002 1644 4050 testatur.
1687 3998 1832 4052 Adeo

270 4079 451 4134 brevis
491 4080 591 4134 fuit
633 4081 864 4135 secunda
898 4082 983 4135 illa
1028 4085 1279 4139 secessio.
1315 4084 1421 4139 Sed
1470 4085 1601 4140 nihil
1631 4087 1832 4157 signiti-

270 4169 483 4224 cantius
537 4172 780 4242 Gregorii
831 4173 1140 4230 testimonio
1189 4177 1280 4246 qui
1327 4177 1605 4245 conceptis
1657 4179 1834 4232 verbis

271 4273 502 4318 testatur
550 4277 797 4328 magnam
852 4263 1226 4319 hmrcticorum
1285 4274 1604 4334 potestatem
1646 4266 1827 4329 fuisse,

270 4371 394 4409 cum
420 4355 644 4408 Basilius
670 4355 955 4411 discessit:
987 4357 1128 4424 quod
1153 4360 1367 4426 quidem
1401 4359 1464 4410 de
1499 4357 1694 4413 .luliani
1729 4360 1830 4411 im-

271 4448 422 4514 perio
454 4447 556 4501 dici
586 4461 687 4499 non
722 4458 920 4514 potest,
967 4447 1132 4501 multo
1161 4451 1339 4503 minus
1381 4450 1441 4502 de
1471 4447 1703 4503 Joviani.
1744 4449 1834 4504 Sic

272 4548 450 4588 autem
498 4535 734 4604 loquitur
766 4535 1056 4607 Gregorius
1082 4539 1155 4609 (p.
1187 4537 1311 4609 557)
1352 4557 1364 4593 :
1398 4539 1527 4592 Οὐδὲ

270 4626 364 4678 τοῦ
400 4627 463 4677 τὸ
495 4628 760 4698 μάχεσθαι
790 4629 1073 4699 ἦδιασπᾷν
1101 4631 1161 4682 τὸ
1193 4629 1345 4699 σῶμα
1381 4631 1835 4702 τῆςΊ-Σκκλησὶας,

273 4719 365 4772 καὶ
389 4717 563 4781 ἄλλως
595 4718 1018 4789 πολεμουμένης,
1051 4722 1142 4772 7.1".
1169 4720 1329 4788 σφαλε
1341 4722 1444 4789 ρῶς
1472 4722 1836 4792 διακειμένης,

273 4811 379 4864 ὑπὸ
416 4809 516 4878 τῆς
550 4813 669 4864 τότε
698 4812 806 4864 τῶν
845 4811 1132 4881 αἱρετικῶν
1162 4812 1494 4877 δυναστείας.
1544 4811 1652 4865 Nec
1696 4815 1837 4868 illius

271 4913 384 4958 erat
426 4904 701 4967 dimicare,
743 4915 831 4956 aut
882 4902 1128 4956 Ecclesia:
1178 4922 1365 4971 corpus
1421 4906 1673 4969 lacerare,
1720 4923 1835 4974 qua:

273 4997 431 5048 etiam
457 4996 657 5064 alioqui
685 4993 747 5045 ab
784 4997 1062 5056 htereticis,
1094 4995 1180 5062 qui
1209 5007 1315 5049 tum
1358 4999 1641 5064 potentiam
1681 5005 1835 5062 atque

185 5111 191 5119 -
273 5088 550 5155 imperium
600 5086 911 5155 obtinebant,
970 5089 1388 5159 oppugnabatur,
1441 5107 1502 5141 ac
1552 5088 1837 5158 periculose

274 5179 460 5246 aﬂ'ecta
498 5189 632 5232 erat.

349 5267 456 5323 VII.
489 5271 642 5336 Quod
682 5281 889 5340 spectat
932 5274 999 5328 ad
1047 5273 1299 5336 reditum,
1339 5272 1607 5326 immerito
1651 5270 1704 5323 in
1739 5285 1835 5322 an-

274 5380 398 5417 num
431 5363 534 5418 566
573 5374 664 5418 aut
699 5367 800 5419 567
842 5365 1105 5420 dilTertur.
1139 5365 1300 5419 Multo
1335 5365 1616 5420 absurdius
1649 5364 1836 5432 rejicc-

275 5469 422 5510 retur
446 5459 514 5512 ad
542 5473 738 5513 annum
772 5461 894 5524 570;
925 5462 1228 5515 necessario
1257 5460 1600 5514 collocandus
1640 5458 1702 5510 ad
1737 5473 1832 5510 an-

277 5562 401 5602 num
431 5551 559 5605 565.
617 5551 752 5606 Nam
793 5557 842 5608 l°
882 5562 988 5607 tam
1023 5555 1230 5624 longam
1259 5554 1552 5611 absentiam
1593 5567 1698 5606 non
1736 5566 1829 5621 pa—

350 5754 426 5816 (u')
455 5753 609 5810 Nam.
638 5771 718 5809 or.
751 5763 837 5811 £0.

349 5821 418 5887 (ὁ)
444 5822 538 5890 Ep.
574 5826 690 5876 ':£!U.

1941 3261 2207 3314 convertit
2260 3274 2318 3315 se
2374 3260 2439 3312 ad
2497 3258 2816 3313 evertendas
2865 3257 3171 3322 Ecclesias,
3204 3267 3314 3313 tum
3374 3276 3506 3315 vero

1939 3349 2118 3402 multa:
2147 3348 2393 3402 civitates
2433 3348 2784 3416 peragranda:
2810 3347 3046 3415 fuerunt,
3074 3350 3228 3404 multi
3264 3351 3506 3420 episc0pi

1937 3439 2153 3492 Ariauis
2205 3437 2548 3506 subiiciendi,
2602 3450 2887 3507 antequam
2942 3439 3244 3493 Gzcsaream
3271 3441 3501 3496 veniret.

1939 3529 2029 3585 Sic
2055 3532 2197 3584 enim
2227 3531 2278 3584 in
2305 3532 2444 3585 hanc
2478 3533 2663 3585 urbem
2693 3531 2926 3593 advenit,
2953 3538 3011 3584 ut
3031 3529 3347 3599 jamdudum
3383 3535 3506 3589 nul-

1938 3624 2048 3678 lum
2076 3624 2218 3676 aliud
2263 3623 2464 3677 bellum
2507 3623 2761 3678 habuisse
2815 3624 3098 3690 videatur,
3149 3635 3343 3693 przeter
3377 3625 3508 3680 illud

1940 3715 2080 3786 quod
2145 3714 2401 3771 Ecclesiis
2458 3716 2743 3770 inferebat.
2793 3716 2959 3784 Atque
3022 3720 3117 3769 hoc
3165 3719 3372 3785 quidem
3419 3720 3507 3771 ille

1939 3810 2150 3874 animo,
2206 3807 2379 3876 inquit
2425 3806 2718 3873 Gregorius
2774 3805 2887 3877 (d),
2932 3818 2977 3860 et
3021 3823 3136 3860 cum
3166 3808 3263 3861 hac
3318 3809 3505 3878 impie-

1941 3910 2045 3954 tate
2092 3900 2365 3953 adversum
2398 3914 2499 3952 nos
2555 3900 2932 3965 expeditionem
2965 3900 3202 3966 suscipit.
3244 3897 3502 3967 Impetum

1939 4008 2140 4062 quoque
2171 4008 2274 4044 una
2298 4008 2414 4044 cum
2459 4008 2516 4045 eo
2549 3992 2678 4060 facit
2710 3993 2967 4044 exercitus
2999 3993 3112 4056 ipso
3165 3991 3374 4057 dignus,
3408 3991 3507 4044 im-

1939 4083 2084 4151 probi
2124 4083 2460 4136 ecclesiarum
2498 4083 2884 4150 gnbernatmes,
2930 4081 3054 4133 swvi
3107 4079 3250 4160 illius
3303 4082 3506 4148 imperii

1940 4175 2239 4228 tetrarchw.
2296 4174 2399 4238 Qui
2429 4191 2544 4226 cum
2585 4188 2647 4224 ea:
2673 4173 2902 4225 ecclesiis
2930 4174 3067 4225 alias
3103 4173 3218 4241 jam
3252 4183 3505 4238 tenerent,

1939 4268 2073 4321 alias
2140 4274 2518 4335 Oppugnarent,
2559 4262 2694 4317 alias
2747 4263 2807 4315 ob
2859 4265 3189 4332 imperatoris
3246 4281 3392 4333 Opem
3445 4284 3507 4320 ac

1940 4375 2176 4422 manum,
2204 4373 2320 4426 qua:
2350 4357 2545 4424 partim
2576 4355 2939 4419 adhibebatur,
2979 4357 3169 4420 partim
3226 4356 3507 4409 denuntia—

1943 4451 2112 4516 batur,
2145 4451 2196 4501 in
2225 4460 2531 4516 potestatem
2561 4459 2804 4500 venturas
2839 4455 3129 4514 sperarent,
3154 4445 3253 4499 huc
3282 4464 3505 4517 quoque,

1561 4541 1695 4610 πρὸς
1735 4541 1832 4592 αὑα
1870 4551 1910 4605 D
1943 4554 1994 4596 ut
2031 4552 2260 4594 nostram
2295 4543 2346 4594 in
2378 4542 2628 4593 ditionem
2681 4554 2829 4591 suam
2868 4540 3177 4609 redigerent,
3236 4554 3502 4594 uenerunt.

1937 4635 2105 4689 Nemo
2145 4644 2226 4687 est
2247 4648 2396 4696 sane,
2434 4634 2522 4700 qui
2550 4633 2631 4685 his
2686 4629 2921 4698 legendis
2950 4646 3052 4683 non
3089 4630 3504 4691 animadvertat.

1940 4726 2213 4780 Valentem
2241 4727 2555 4792 jamdudum
2587 4723 2652 4775 ab
2703 4723 2824 4776 aliis
2851 4723 2996 4775 curis
3027 4721 3254 4774 liberum
3281 4731 3336 4775 et
3365 4723 3507 4777 sola-

1939 4827 2074 4883 tum,
2101 4820 2212 4872 otio
2252 4834 2351 4872 suo
2388 4823 2453 4870 ad
2487 4815 2913 4885 persequendam
2950 4813 3244 4868 Ecclesiam
3276 4814 3502 4867 abusum

1934 4911 2102 4966 fuisse
2133 4930 2146 4977 ;
2186 4926 2247 4966 ac
2285 4912 2510 4980 proinde
2563 4925 2666 4962 non
2700 4908 2835 4960 satis
2865 4907 3197 4975 superfuisse
3246 4906 3504 4975 temporis

1943 5014 2001 5057 ut
2029 5003 2328 5057 Ctesarcam
2355 5001 2560 5054 veniret
2593 5014 2736 5050 anno
2761 4998 2886 5051 566.

2014 5092 2107 5146 llis
2138 5092 2273 5145 adde
2295 5092 2571 5144 Valentem
2604 5088 2865 5154 Procopio
2895 5089 2944 5142 iu
2969 5086 3200 5156 Phrygia
3233 5096 3506 5155 superato,

1942 5181 2390 5251 internarumque
2435 5180 2831 5236 dissensionum
2859 5173 3083 5232 materia
3112 5179 3417 5247 consopita,
3450 5187 3507 5229 ut

1941 5275 2015 5325 ait
2045 5273 2383 5337 Ammianus,
2410 5273 2640 5326 otiosum
2672 5285 2777 5324 non
2809 5270 2994 5324 fuisse.
3034 5269 3175 5325 Misit
3205 5271 3348 5323 enim
3413 5267 3505 5320 Vi-

1939 5375 2140 5419 ctorem
2178 5364 2770 5434 magistrumequitum
2825 5366 2911 5418 ad.
2945 5363 3150 5418 Gothos
3184 5405 3197 5428 ,
3226 5371 3280 5414 ut
3322 5375 3386 5415 ex
3427 5364 3505 5414 eis

1938 5458 2335 5522 sciscitaretur,
2367 5456 2717 5526 quamobrem
2746 5454 3010 5524 Procopio
3035 5453 3288 5506 auxilium
3323 5451 3505 5505 dedis-

1939 5557 2078 5603 scut.
2137 5547 2373 5603 Reverso
2407 5546 2620 5602 Victore
2655 5546 2840 5602 Valens
2865 5548 3012 5618 parvi
3041 5548 3233 5599 ducens
3281 5559 3503 5598 excusa-

2020 5757 2090 5821 (ε)
2121 5756 2236 5808 Lib.
2263 5770 2406 5817 xx",
2437 5770 2482 5809 c.
2517 5755 2547 5804 7

2013 5827 2086 5890 (Α)
2128 5827 2213 5877 Ur.
2241 5828 2327 5876 id.
