4006 6440
496 416 602 457 χιιι

1852 411 2380 474 PROLEGOMENA.

495 528 686 579 tionem
722 527 1077 592 vanissimam,
1116 530 1296 599 inquit
1338 532 1657 588 Ammianus
1686 576 1699 599 ,
1753 533 1848 588 lib.
1885 547 2058 594 um,
2091 536 2137 592 Α
2167 532 2238 584 tia
2269 542 2322 585 et
2350 529 2655 599 eloquentia
2680 539 2734 585 et
2757 530 2985 585 consilio
3016 537 3070 583 et
3100 527 3298 581 virtute
3332 528 3597 595 superari,
3624 540 3726 582 nec

495 634 545 669 ‹·.
576 617 629 680 5,
663 617 717 670 in
757 635 843 671 eos
873 620 1023 687 signa
1064 623 1372 687 commovit,
1407 635 1577 678 motus
1602 624 1927 680 adventantis
1942 628 2059 693 jam

492 709 763 776 pra-scias,
793 718 839 761 et
866 708 1171 774 pubescente
1195 728 1312 765 vere
1349 716 1567 782 (μιωεὶιο
1598 716 1654 767 in
1682 731 1841 768 unum
1867 718 2062 769 exerci-

495 810 571 859 tu,
624 815 781 865 prope
842 798 1104 868 Dapltnem
1146 805 1349 858 nomine
1376 807 1750 860 munimentum
1772 818 1846 861 est
1889 817 2061 861 castra

494 899 737 941 metatus.
787 888 963 953 Quare
1016 888 1256 946 Valentis
1296 893 1384 947 ille
1441 891 1741 948 Caesaream
1780 896 2058 958 adventus,

495 979 585 1042 qui
614 988 820 1033 tantum
852 982 1039 1036 babuit
1069 996 1412 1052 apparatum,
1443 989 1508 1040 ad
1541 1002 1740 1040 annuat
1789 985 1893 1041 365
1928 986 2062 1041 refe-

496 1070 716 1123 rendus.
756 1072 905 1127 Tunc
948 1076 1091 1128 enim
1124 1077 1174 1128 in
1206 1075 1415 1147 Syriam
1444 1079 1666 1133 tendens
1718 1078 1917 1132 lentius
1946 1093 2063 1146 pro-

501 1163 870 1229 grediebatur,
898 1175 954 1218 ut
986 1165 1184 1220 Cilicia:
1238 1168 1445 1223 calores
1480 1170 1724 1237 evitarei,
1772 1179 1907 1224 teste
1932 1169 2061 1223 Ant-

493 1264 699 1307 tntano.

566 1342 623 1395 5°
674 1341 896 1398 Etiamsi
941 1347 1163 1401 daretur
1216 1346 1567 1403 Tillemoutio
1607 1345 1892 1400 Valentem
1925 1362 2061 1399 anno

492 1432 597 1486 366
650 1434 840 1488 iterum
883 1439 1096 1492 venisse
1118 1437 1439 1505 Caesaream,
1474 1455 1580 1495 non
1620 1438 1821 1494 idcirco
1844 1453 2060 1493 causam

492 1522 781 1579 obtineret.
814 1525 971 1579 Modo
997 1528 1137 1581 enim
1167 1537 1406 1592 constet,
1446 1539 1506 1583 ut
1541 1527 1787 1596 proiecto
1821 1538 2056 1591 constat.

495 1613 772 1667 Valentem
823 1617 874 1669 in
935 1618 1074 1673 banc
1108 1620 1295 1672 urbem
1330 1634 1470 1673 anno
1508 1617 1611 1672 585
1648 1618 1885 1679 venisse,
1926 1616 2061 1672 refe-

495 1706 695 1758 rendus
748 1708 851 1760 erit
905 1710 970 1761 ad
1021 1712 1268 1764 eumdem
1322 1725 1520 1764 annum
1586 1712 1791 1764 reditus
1842 1709 2058 1773 Basilii,

495 1812 656 1864 quem
693 1799 982 1855 imminens
1008 1817 1036 1855 a
1070 1813 1411 1871 persecutore
1452 1803 1749 1872 periculum
1787 1804 1838 1857 in
1868 1802 2049 1857 solitu-

496 1888 622 1941 dine
662 1891 904 1945 residere
932 1907 1035 1946 non
1066 1894 1305 1948 sivisset.
1349 1893 1464 1949 Non
1504 1896 1646 1949 enim
1680 1894 1817 1947 lenis
1846 1894 2059 1962 quidem
2091 1870 2134 1925 Β

494 1978 652 2031 initio
692 1990 747 2033 et
776 1990 1088 2037 moderatus
1116 1984 1215 2037 fuit
1244 1984 1467 2046 Valens,
1498 1994 1557 2038 ut
1588 1986 1865 2038 existimat
1895 1982 2061 2036 Tille-

496 2070 757 2137 moutius,
784 2074 876 2126 sed
905 2074 1089 2127 eadem
1124 2090 1350 2141 prorsus
1382 2076 1525 2130 illius
1552 2077 1760 2145 imperii
1792 2089 1856 2129 ac
1880 2090 2061 2145 perse—

495 2164 729 2217 cntionis
772 2166 1064 2233 primordia
1106 2168 1343 2223 fuerunt.
1379 2169 1536 2224 Certa
1571 2181 1625 2223 et
1648 2168 1924 2237 explorata
1976 2183 2061 2222 res

496 2264 579 2308 est
606 2272 673 2310 ex
713 2261 1037 2316 testimoniis
1088 2263 1337 2333 Gregorii
1378 2263 1703 2317 Nazianzeni
1730 2262 1827 2333 (ο).
1890 2261 2063 2315 Perti-

496 2349 801 2403 tnescendze
822 2361 976 2405 erant
1011 2353 1387 2409 haereticorum
1423 2356 1645 2423 linguae,
1684 2368 1806 2409 cum
1835 2351 2062 2407 Basilius

497 2439 783 2508 presbyter
826 2442 1106 2496 ordinatus
1136 2454 1234 2498 est.
1266 2443 1401 2499 Cum
1433 2446 1582 2514 pacis
1626 2458 1789 2500 causa
1816 2443 1975 2497 rediit
2006 2445 2060 2496 in

496 2530 840 2585 solitudinem
872 2533 969 2603 (ὁ),
998 2537 1398 2603 oppugnabatur
1438 2536 1677 2590 Ecclesia
1699 2547 1748 2590 et
1779 2537 2064 2603 periculose

499 2618 689 2686 affecta
720 2631 832 2675 erat
868 2623 929 2676 ob
975 2626 1343 2679 Ita’rcticorum
1371 2627 1719 2680 dominatum.
1755 2626 1982 2679 Basilius
2011 2638 2065 2680 et

500 2708 591 2762 alii
625 2713 887 2783 episcopi,
922 2715 1011 2783 qui
1064 2718 1116 2769 in
1144 2716 1488 2771 Occidentem
1520 2732 1663 2770 anno
1691 2715 1796 2769 376
1834 2717 2067 2783 scripse-

494 2813 642 2866 runt,
669 2804 780 2873 jam
810 2808 1067 2862 tredecim
1095 2823 1261 2863 annos
1280 2808 2063 2878 persecutionisnumerabant,

494 2905 552 2943 ut
576 2905 723 2960 patet
769 2912 832 2949 ex
862 2898 947 2951 bis
978 2900 1157 2954 verbis
1195 2901 1428 2965 epistola:
1448 2899 1574 2966 5249.,
1612 2915 1665 2953 n.
1709 2898 1763 2961 2,
1806 2899 2065 2968 Τρισκαι-

492 2979 718 3037 δέκατον
752 2986 860 3057 γὰρ
893 2986 1011 3051 ἔτος
1048 2990 1215 3052 ἐστὶν,
1247 2992 1339 3056 ἀφ’
1373 2984 1432 3039 οἶ)
1454 2993 1481 3041 ὁ
1508 2989 1779 3058 αἱρετικὺς
1814 2990 1944 3058 ⁴ἡμῖν
1968 2988 2065 3041 πό-

495 3074 657 3144 λεμος
681 3077 975 3148 ἐπανέστη.
1015 3079 1258 3133 Decimus
1284 3080 1419 3131 enim
1457 3078 1644 3130 tertius
1690 3093 1859 3128 annus
1880 3088 1977 3142 est,
2003 3093 2066 3129 ea:

493 3185 595 3236 quo
626 3170 928 3222 litareticum
961 3172 1105 3223 nobis
1128 3170 1316 3223 bellum
1344 3179 1583 3223 exortum
1621 3178 1717 3222 est.

569 3260 932 3328 Tillemoutio,
963 3264 1054 3333 qui
1101 3265 1530 3332 persecutionem
1562 3262 1744 3317 dill'ert
1777 3275 1949 3329 usque
2000 3259 2064 3312 ad

497 3368 701 3406 anmnn
740 3354 865 3420 566,
922 3354 1099 3409 fucum
1138 3357 1267 3409 fecit
1316 3357 1607 3411 auctoritas
1644 3354 1987 3408 Theodoreti.
2019 3352 2067 3407 Is

495 3446 639 3497 extim
673 3456 857 3500 narrat
901 3444 1180 3501 Valentem
1227 3448 1377 3502 initio
1406 3448 1669 3502 catholice
1721 3448 2061 3508 sentientem,

498 3534 687 3587 uxoris
742 3536 1039 3588 Dominicze
1093 3548 1145 3590 et
1180 3537 1407 3590 Eudoxii
1450 3538 1658 3591 artibus
1714 3546 1823 3589 tum
1850 3536 2063 3588 demum

500 3627 773 3694 corrumpi
819 3626 1070 3693 ccepisse,
1113 3641 1233 3679 cum
1310 3641 1368 3680 se
1411 3627 1663 3695 baptismi
1706 3625 1953 3695 praesidio
1998 3624 2063 3675 ad

499 3714 701 3771 bellum
762 3716 1047 3773 Gothicum
1097 3718 1308 3772 munire
1348 3718 1534 3773 voluit.
1597 3715 1746 3771 Tunc
1807 3717 1947 3769 enim
2000 3716 2065 3769 ab

511 3810 775 3876 Eudoxio,
808 3825 835 3859 a
866 3824 971 3876 quo
1004 3811 1336 3874 initiabatur,
1360 3810 1677 3863 obstrictum
1717 3808 2066 3877 jurejurando

501 3901 693 3977 fuisse,
718 3915 990 3970 nunquam
1027 3916 1085 3955 se
1124 3904 1189 3955 ab
1233 3902 1431 3955 Ariana
1469 3900 1658 3953 lueresi
1702 3912 2063 3960 recessurum,

503 4002 559 4047 et
590 3994 873 4047 contraria.-
920 3992 1044 4047 ﬁdei
1097 3994 1336 4047 cultores
1383 3991 1632 4047 omnibus
1655 3990 1787 4045 locis
1810 3987 2065 4056 expulsu-

502 4103 646 4140 rum.
675 4086 855 4155 Longe
881 4088 1055 4156 potior
1081 4087 1251 4141 hacin
1282 4100 1339 4137 re
1366 4084 1657 4154 Gregorius
1680 4084 2023 4138 Tlteodoreto
2049 4100 2064 4145 ;

501 4197 599 4235 nec
628 4184 810 4235 dubito
833 4183 959 4251 quin
986 4180 1379 4241 Tillemoutius,
1408 4180 1452 4232 si
1478 4179 1544 4232 ad
1568 4178 1726 4246 primi
1757 4177 2065 4232 testimonia

500 4274 737 4327 attimum
780 4274 1123 4337 advertisset,
1148 4289 1333 4341 parum
1371 4271 1654 4326 tribuisset
1699 4268 2061 4331 Theodoreto,

501 4370 655 4437 cujus
690 4382 752 4420 ex
788 4368 1095 4421 narratione
1128 4382 1193 4421 ne
1221 4365 1352 4419 illud
1389 4366 1605 4434 quidem
1636 4360 1864 4416 cilicitur
1886 4398 1901 4424 ,
1924 4361 2065 4429 quod

500 4459 777 4513 contendit
836 4457 1231 4525 Tillemoutius,
1273 4457 1705 4528 persecutionem
1765 4454 1829 4508 ad
1863 4468 2065 4506 annum

497 4553 602 4607 566
640 4551 978 4606 referendam
1013 4566 1153 4614 esse,
1180 4551 1270 4605 sed
1297 4550 1477 4619 potius
1504 4538 1800 4601 ad'aunum
1834 4544 1955 4600 567.

1108 4642 1331 4697 CAPUT
1374 4640 1438 4694 X.

497 4730 539 4785 Ι.
573 4732 761 4785 Basilii
782 4731 1079 4786 arctissima
1106 4730 1404 4799 conjunctio
1439 4746 1556 4783 cum
1587 4728 1813 4783 Eusebio
1832 4729 2067 4797 episcopo

568 4802 901 4857 Cwsuriensi.
946 4800 1005 4853 ll.
1062 4799 1278 4855 Videtur
1334 4802 1387 4852 in
1421 4802 1739 4853 monasterio
1785 4800 1992 4859 vixisse,
2020 4811 2069 4851 et

567 4890 723 4925 unam
782 4874 1043 4939 praecipue
1110 4871 1404 4924 Ecclesium
1456 4872 1734 4937 regendam
1791 4870 2064 4932 accepisse.

564 4942 653 4993 ltl.
682 4942 870 4995 Basilii
905 4938 1195 4994 auctoritas
1220 4942 1312 4993 sub
1347 4939 1573 4992 Eusebio
1608 4941 1663 4991 itt
1707 4938 2068 4992 ecclesiasticis

566 5015 782 5078 negotiis
810 5016 877 5065 ad
904 5012 1219 5071 Cwsaream,
1240 5022 1291 5061 ut
1317 5010 1663 5075 metropolim,
1692 5007 2059 5074 spectantibus.

565 5079 656 5133 IV.
697 5082 947 5144 Quantam
983 5082 1277 5134 astiterint
1320 5080 1672 5133 ecclesiastica
1705 5079 1798 5131 illa
1834 5080 2057 5143 negotia.

565 5152 629 5206 V.
671 5150 801 5215 Qua'
834 5152 1019 5204 Basilii
1076 5163 1247 5217 partes
1277 5152 1329 5201 in
1371 5151 1434 5200 iis
1467 5164 1583 5217 qua?
1643 5161 1755 5217 post
1806 5150 2061 5217 synodum

567 5222 978 5286 Lampsacenam
1006 5234 1148 5289 gesta
1184 5232 1325 5273 sunt.
1364 5217 1448 5273 Vl.
1478 5216 1739 5271 Probatur
1774 5216 1908 5271 hanc
1934 5234 2058 5286 syn-

563 5295 721 5345 odum
747 5307 884 5344 anno
914 5291 1016 5345 564
1039 5293 1269 5343 habitam
1310 5292 1487 5358 fuisse.

566 5386 607 5437 l.
651 5384 944 5451 Reportata
1005 5398 1068 5436 ex
1114 5383 1306 5436 bzcresi
1371 5384 1603 5437 victoria
1659 5381 1914 5435 Basiliam
1944 5394 2065 5433 cum

495 5478 726 5531 Eusebio
754 5488 857 5530 tam
889 5488 1032 5533 arcte
1058 5478 1357 5545 conjunxit,
1394 5486 1450 5529 ut
1496 5491 1593 5528 nec
1625 5474 1875 5543 episcopo
1902 5473 2066 5527 mole-

496 5581 638 5624 stum
664 5580 807 5623 esset
839 5570 904 5623 ab
929 5585 1012 5631 eo,
1040 5583 1196 5635 quem
1232 5571 1493 5639 dignitate
1537 5567 1845 5638 superabat,
1888 5567 2064 5621 scien-

569 5775 639 5822 ’=~‘
674 5776 799 5828 ΝΜ.
838 5795 920 5843 ep.
966 5782 1053 5832 ll.

572 5842 646 5913 (lt)
678 5847 839 5912 Idem,
874 5842 953 5902 or.
997 5851 1085 5902 ‘20-

2170 623 2394 677 Basilius
2419 623 2538 677 ideo
2566 623 2871 692 episcopum
2893 623 3071 676 minus
3089 620 3290 676 coleret
3309 627 3363 671 et
3387 619 3721 683 observaret,

2164 712 2304 778 quod
2328 725 2392 765 eo
2423 719 2500 765 tot
2544 722 2688 765 esset
2732 712 2975 779 partibus
3001 712 3247 780 superior
3272 718 3322 761 et
3355 707 3719 777 prrstantior.

2165 801 2643 855 l’rmclarissimum
2672 800 2814 854 illum
2843 812 3163 855 concentum
3196 803 3273 855 sic
3299 799 3556 853 describit
3583 796 3722 853 Gre-

2163 893 2346 962 gorius
2399 892 2768 947 Nazianzenus
2802 892 2867 964 (c)
2903 911 2915 944 :
2975 892 3065 964 Τῷ
3114 892 3170 945 δέ
3204 910 3255 945 τι
3284 892 3532 961 δεύτερον
3564 890 3722 960 ἔργον

2165 987 2258 1038 καὶ
2314 987 2629 1058 σπούδασμα
2683 989 2885 1057 γίνεται
2930 987 3251 1059 θεραπεύειν
3295 987 3387 1039 τὸν
3441 987 3721 1058 πρόεδρον,

2164 1077 2311 1131 λύειν
2334 1081 2428 1147 τὴν
2466 1079 2717 1149 ὑποψίαν,
2752 1079 2957 1131 πείθειν
2987 1079 3194 1142 πάντας
3220 1078 3554 1149 ἀνθρώπους,
3582 1078 3657 1140 ὠς
3687 1077 3723 1130 ἃ

2167 1170 2267 1241 μέν
2312 1170 2593 1241 λελύπητο,
2628 1172 2790 1242 πεῖρά
2817 1187 2901 1233 τις
2946 1166 3012 1241 ἦν
3060 1168 3154 1222 τοῦ
3194 1168 3427 1239 πονηροῦ
3459 1168 3551 1221 καὶ
3578 1165 3721 1238 πάλη

2160 1264 2281 1325 ταῖς
2309 1264 2387 1323 είς
2410 1262 2469 1315 τὸ
2497 1263 2654 1317 καλὸν
2705 1263 2973 1333 ὁμονοίαις
3024 1261 3418 1330 βασκαίνοντοςο
3452 1259 3613 1322 αὐτὸς
3666 1258 3723 1311 δὲ

2164 1355 2277 1425 ᾔδει
2340 1356 2535 1424 νόμους
2585 1354 2889 1417 εὐπειθείας
2943 1354 3039 1406 καὶ
3077 1352 3448 1423 πνευματικῆς
3494 1350 3720 1415 τάξεως.

2161 1446 2261 1499 Διά
2303 1446 2456 1498 τοῦτο
2498 1446 2698 1517 παρῆν,
2751 1445 3020 1514 ὲσόξριξεν,
3074 1444 3365 1514 ὑπήκουεν,
3430 1442 3719 1495 ἐνουθέτει.

2161 1540 2346 1592 Πάντα
2414 1535 2481 1610 ἦν
2532 1540 2697 1609 αὐτῷ,
2733 1541 3030 1612 σύμϐουλος
3078 1540 3318 1607 ἀγαθὸς,
3368 1540 3735 1611 παραστάτης
3794 1596 3803 1601 _

2161 1630 2351 1696 δεξιὸς,
2384 1630 2489 1682 τῶν
2519 1628 2675 1681 θείων
2709 1630 3010 1703 ἐξηγητὴς,
3064 1631 3170 1682 τῶν
3234 1632 3526 1701 πρακτέων
3584 1630 3722 1684 καθ-

2162 1721 2592 1792 ηγητὴς.γήρως
2617 1720 2902 1792 βακτηρία,
2922 1721 3154 1784 πίστεως
3171 1720 3415 1792 ἔρεισμα,
3444 1721 3549 1772 τῶν
3576 1721 3724 1775 ἔνδον

2164 1814 2193 1864 ὁ
2224 1814 2559 1877 πιστότατος,
2588 1813 2696 1865 τῶν
2735 1814 2889 1875 ἐκτὸς
2912 1816 2939 1864 ὁ
2972 1816 3448 1884 πρακτικώτατος·
3478 1812 3557 1863 ἐνὶ
3577 1811 3722 1882 λόγῳ

2162 1907 2411 1970 τοσοῦτος
2439 1910 2517 1970 εἰς
2542 1907 2772 1969 εὔνοιαν,
2807 1908 2927 1969 ὅσος
2968 1911 3045 1969 είς
3071 1907 3274 1979 ἔχθραν
3300 1906 3360 1958 τὸ
3383 1905 3508 1975 πρὶν
3548 1905 3725 1974 ἐνομί-

2163 1997 2303 2062 ζετο.
2360 1997 2636 2050 Ἐντεῦθεν
2688 1996 2835 2067 αὐτῷ
2890 1998 3083 2065 περιῆν
3128 1999 3222 2050 καὶ
3266 1997 3325 2049 τὸ
3379 1996 3577 2065 κράτος
3622 1994 3724 2062 τῆς

2176 2089 2519 2159 Ἐκκλησίας,
2546 2092 2591 2141 εί
2641 2091 2731 2142 καὶ
2777 2090 2874 2159 τῆς
2935 2088 3198 2159 καθέδρας
3225 2083 3337 2157 εἶχε
3383 2087 3450 2140 τὰ
3475 2084 3719 2153 δεύτερα.

2163 2180 2272 2252 Τὴν
2314 2179 2421 2249 γὰρ
2451 2179 2659 2231 εὔνοιαν
2688 2181 2953 2250 εἰσφέρων
2984 2221 2997 2244 ,
3033 2179 3130 2251 τὴν
3166 2177 3410 2244 ἐξουσίαν
3460 2174 3725 2243 ἁντελάμ-

2163 2268 2288 2320 6ανε
2310 2285 2323 2297 ·
2358 2270 2451 2321 καὶ
2472 2263 2539 2338 ἦν
2563 2265 2845 2336 θαυμαστή
2874 2285 2955 2329 τις
2978 2270 3010 2337 ἡ
3052 2267 3335 2336 συμφωνία
3368 2266 3460 2319 καὶ
3483 2268 3516 2336 ἡ
3548 2261 3724 2334 πλοκὴ

2162 2360 2253 2412 τοῦ
2284 2358 2563 2423 δύνασθαι,
2596 2361 2623 2411 ὁ
2652 2358 2749 2429 μὲν
2770 2359 2859 2410 τὸν
2881 2359 3006 2409 λαδν
3035 2354 3189 2427 ἦγεν,
3225 2362 3253 2411 ὁ
3284 2358 3341 2410 δὲ
3385 2358 3475 2410 τὸν
3504 2358 3720 2424 ἄγοντα.

2163 2453 2269 2504 Καὶ
2320 2446 2429 2503 οἷον
2456 2451 2805 2520 λεοντοκόμος
2831 2466 2916 2511 τις
2941 2444 3029 2520 ἦν,
3074 2449 3239 2518 τέχνῃ
3281 2448 3614 2502 τιθασσεύων
3633 2446 3726 2499 τὸν

2162 2540 2566 2595 δυναστεύοντα.
2599 2541 2707 2593 Καὶ
2745 2539 2853 2611 γὰρ
2897 2538 3086 2601 ἐδεῖτο,
3112 2535 3305 2588 νεωστὶ
3338 2536 3434 2604 μὲν
3480 2538 3572 2588 ἐπὶ
3626 2535 3727 2606 τὴν

2165 2634 2431 2703 καθέδραν
2458 2632 2656 2695 τεθεὶς,
2681 2632 2760 2685 ἑτι
2778 2631 2833 2684 δέ
2859 2632 2956 2701 τῆς
2989 2629 3258 2700 κοσμικῆς
3280 2626 3410 2695 ὕλης
3439 2644 3492 2677 τι
3528 2627 3725 2690 πνέων,

2165 2726 2313 2778 οὓπω
2334 2727 2390 2777 δέ
2432 2725 2857 2794 κατηρτισμένος
2894 2725 2950 2775 ἐν
2974 2725 3083 2786 τοῖς
3129 2722 3219 2775 τοῦ
3248 2722 3571 2789 πνεύματος,
3601 2718 3729 2769 πολ-

2166 2818 2258 2871 λοῦ
2281 2818 2336 2869 δὲ
2360 2816 2452 2868 τοῦ
2479 2816 2744 2876 κλύδωνος
2768 2812 3104 2884 περιζέοντος
3131 2814 3223 2868 καὶ
3240 2812 3349 2865 τῶν
3371 2808 3730 2879 ἐπικειμένων

2165 2909 2262 2977 τῆς
2302 2905 2625 2976 Ἐκκλησίας
2678 2903 2908 2974 ἐχθρῶν,
2948 2902 3040 2954 τοῦ
3090 2902 3574 2974 χειραγωγοῦντος,
3634 2898 3729 2952 καὶ

2166 3000 2554 3072 ὑπερείδοντος.
2586 2996 2681 3048 Διὰ
2706 2994 2862 3047 τοῦτο
2904 2994 2997 3047 καὶ
3048 2994 3146 3064 τὴν
3176 2993 3488 3063 συμμαχίαν
3518 2991 3728 3061 ἠγάπα,

2165 3094 2259 3145 καὶ
2286 3090 2611 3161 κρατοῦντος
2643 3088 2873 3151 ἐκείνου,
2904 3089 3125 3158 κρατεῖν
3163 3086 3321 3148 αὐτὸς
3360 3084 3727 3154 ὑπελάμϐανε.

2094 3207 2135 3264 C
2171 3186 2477 3237 Proximum
2510 3192 2681 3234 autem
2720 3179 2919 3232 Basilio
2954 3179 3218 3249 negotium
3246 3193 3306 3230 ac
3357 3176 3584 3229 studium
3635 3178 3732 3226 hoc

2173 3275 2298 3342 fuit,
2330 3272 2617 3323 antistitem
2658 3272 2823 3322 colere
2858 3282 3011 3337 atque
3042 3269 3333 3332 observare,
3383 3266 3731 3329 suspicionem

2172 3365 2537 3432 exstinguere,
2600 3360 2909 3413 mortalibus
2956 3359 3193 3410 ontuibus
3254 3356 3562 3424 persuadere
3622 3370 3733 3408 mo-

2172 3457 2372 3512 lestiam
2410 3471 2547 3518 eam,
2588 3468 2745 3521 quam
2776 3457 3072 3517 acceperat,
3097 3450 3433 3502 tentationem
3451 3445 3732 3511 quamdam

2172 3562 2219 3603 et
2247 3550 2441 3602 lactant
2486 3546 2633 3615 pravi
2689 3546 2833 3597 illius
2865 3542 3068 3611 fuisse,
3124 3540 3353 3592 honesta:
3374 3553 3435 3588 ac
3478 3535 3734 3588 laudabili

2175 3641 2463 3692 concordia?
2489 3639 2770 3692 invidentis
2796 3652 2813 3688 :
2842 3646 3083 3689 ca'terum
3118 3648 3217 3684 non
3252 3630 3494 3700 ignarum
3524 3643 3576 3680 se
3603 3642 3732 3690 esse,

2173 3732 2297 3801 quid
2338 3732 2639 3782 obedientitc
2665 3730 2963 3796 ordinisque
2992 3724 3203 3779 ritualis
3225 3724 3360 3792 leges
3388 3720 3733 3791 postularent.

2172 3824 2248 3875 Ac
2272 3819 2487 3888 proinde
2509 3816 2707 3877 adesse,
2733 3818 2935 3875 docere,
2974 3818 3110 3867 dicto
3135 3814 3429 3866 audientem
3458 3827 3509 3863 se
3534 3809 3734 3879 pra'be-

2174 3930 2248 3975 re,
2281 3926 2509 3974 mouere,
2554 3909 2755 3979 quidvis
2798 3907 3019 3973 denique
3058 3905 3137 3956 illi
3180 3920 3308 3968 esse,
3354 3904 3576 3955 monitor
3614 3917 3737 3967 pro-

2174 4003 2289 4066 bus,
2328 4000 2613 4070 opitulator
2678 3996 3001 4058 commodus,
3049 3992 3342 4045 divinorum
3404 3989 3736 4043 oraculorum

2173 4106 2468 4158 enarrator,
2515 4108 2689 4144 rerum
2740 4091 3063 4158 agendarum
3098 4092 3551 4155 pra'monstrutor,
3590 4097 3738 4134 sene-

2174 4188 2329 4238 ctutis
2376 4184 2687 4245 subsidium,
2728 4182 2851 4249 ﬁdei
2887 4180 3283 4239 adminiculum,
3331 4177 3733 4230 domesticorum

2173 4275 2532 4344 ﬁdelissimus,
2561 4288 2888 4327 externorum
2909 4273 2976 4324 ad
3006 4288 3087 4323 res
3117 4269 3364 4336 regendas
3394 4267 3691 4335 aptissimus
3711 4282 3732 4320 :

2174 4378 2226 4419 ut
2252 4383 2354 4419 uno
2393 4370 2541 4418 verbo
2565 4366 2759 4426 dicam,
2792 4375 2966 4417 tantus
2995 4363 3061 4415 ad
3116 4360 3541 4421 benevolentiam,
3570 4372 3738 4425 quan-

2176 4471 2257 4512 tus
2280 4458 2421 4525 prius
2449 4461 2517 4511 ad
2546 4457 2873 4510 inimicitiam
2904 4471 3011 4508 esse
3035 4453 3337 4521 putabatur.
3376 4453 3462 4505 Ex
3500 4466 3601 4520 quo
3633 4451 3733 4504 hoc

2100 4565 2143 4619 ι)
2174 4551 2601 4617 consequebatur,
2649 4558 2706 4599 ut
2760 4548 2965 4600 etiamsi
3008 4546 3259 4599 cathedra
3312 4543 3532 4612 inferior
3581 4550 3734 4604 esset,

2175 4638 2426 4692 Ecclesia:
2453 4650 2622 4691 tamen
2654 4636 2927 4707 imperium
2955 4636 3229 4688 obtineret.
3265 4630 3473 4684 Etenim
3507 4644 3600 4699 pro
3649 4629 3739 4682 be-

2176 4729 2484 4792 nevolentia,
2516 4746 2674 4798 quam
2701 4729 2971 4796 afferebat,
2997 4726 3364 4781 auctoritatem
3409 4724 3683 4791 recipiebat
3715 4736 3735 4774 :

2173 4841 2234 4877 ac
2277 4826 2440 4877 mirus
2465 4824 2673 4891 quidem
2710 4832 2820 4874 erat
2846 4833 3120 4874 concentus
3157 4835 3421 4889 nexusque
3442 4815 3735 4886 potestatis.

2171 4916 2270 4970 Ille
2299 4918 2494 4985 plebem
2526 4916 2771 4976 ducebat,
2795 4915 2875 4967 ltic
2902 4916 3170 4967 ductorem
3207 4929 3225 4965 :
3268 4930 3329 4965 ac
3362 4911 3492 4965 velut
3525 4908 3739 4978 quidam

2170 5006 2373 5059 leonum
2418 5020 2633 5059 curator
2658 5013 2790 5065 erat,
2838 5020 2977 5061 cum.
3001 5004 3090 5071 qui
3144 5003 3489 5072 principatum
3515 4997 3737 5061 tenebat,

2170 5108 2279 5151 arte
2312 5096 2627 5151 dentulcens.
2657 5096 2876 5164 Quippe,
2903 5105 2958 5146 ut
2991 5110 3151 5157 nuper
3181 5094 3235 5146 in
3287 5090 3538 5144 cathedra
3579 5087 3739 5141 colla-

2172 5200 2337 5251 cutus,
2381 5206 2441 5241 ac
2495 5190 2772 5241 mundana'
2799 5188 3031 5240 materia:
3080 5186 3281 5254 aliquid
3309 5185 3479 5237 adhuc
3505 5183 3736 5249 spirans,

2175 5284 2503 5351 nondumque
2536 5283 2587 5333 in
2617 5282 2698 5333 Itis
2721 5298 2838 5349 quo:
2875 5280 3093 5349 spiritus
3130 5288 3309 5338 erant,
3340 5278 3649 5336 instructus,
3678 5287 3739 5323 ac

2176 5389 2424 5446 prazterea
2492 5376 2686 5445 ingenti
2755 5384 3054 5438 tempestate
3126 5370 3351 5438 undique
3424 5374 3681 5422 tesluante
3723 5409 3739 5429 ,

2179 5482 2329 5538 atque
2357 5468 2744 5521 imminentibus
2773 5466 3023 5519 Ecclesitc
3062 5466 3319 5527 hostibus,
3363 5478 3490 5529 opus
3524 5457 3742 5511 habebat

2177 5564 2404 5628 homine,
2433 5578 2463 5613 a
2492 5577 2593 5629 quo
2620 5560 2753 5614 velut
2783 5572 3021 5630 porrecta
3066 5576 3225 5612 manu
3256 5558 3529 5610 duceretur
3560 5564 3609 5608 et
3640 5551 3743 5616 (ul;

2248 5771 2316 5839 (cl
2352 5769 2443 5825 Or.
2474 5770 2560 5823 20.
