4006 6448
1608 362 1765 417 VITA
1806 362 1860 416 ὃ.
1903 360 2170 418 BASILII.

3343 385 3473 426 XLI”

236 493 458 544 νίκων,
498 485 571 537 Ac
599 493 870 554 propterea
919 483 1082 552 ipsius
1147 499 1291 554 Opem
1347 493 1497 551 atque
1547 484 1806 538 auxilium
1836 493 1880 546 Α
1911 480 2079 536 fuisse
2105 494 2419 551 cognoscas.
2452 480 2588 536 Hinc
2637 481 2848 552 plebem
2899 482 2998 538 sibi
3032 489 3373 544 commissam
3401 492 3481 545 sic

238 579 671 646 amplectebatur,
719 593 876 646 eoque
924 576 1229 632 dominante
1269 576 1494 644 seipsum
1538 578 1806 633 dominari

233 671 532 739 judicabat.

309 762 373 815 ll.
409 763 504 818 llis
529 763 708 816 verbis
731 760 817 813 διὰ
843 760 1000 815 τοῦτο
1025 763 1230 834 παρῆν,
1260 761 1452 816 idcirco
1475 765 1679 827 aderat,
1722 763 1806 812 in-

237 854 411 908 dicari
443 857 658 910 videtur
707 853 941 910 otliciosa
992 856 1235 923 quwdam
1287 855 1546 909 sedulitas
1596 852 1803 917 Basilii,

235 947 461 1002 domum
498 946 733 1014 episcopi
765 949 844 1002 sui
872 949 1087 1003 assidue
1115 946 1446 1014 ventitantis,
1483 963 1584 1000 non
1630 954 1808 999 tamen

244 1038 296 1090 in
325 1041 428 1093 hac
460 1038 620 1092 domo
647 1038 805 1093 simul
846 1055 966 1093 cum
999 1038 1250 1105 episcopo
1298 1039 1559 1108 degentis.
1597 1035 1808 1091 Revera

241 1130 481 1186 Basilius
529 1130 743 1186 videtur
785 1133 838 1184 in
890 1128 1217 1183 monasterio
1257 1131 1535 1199 presbyter
1584 1129 1805 1184 vixisse.

243 1222 302 1276 Id
337 1221 666 1288 perspicitur
685 1237 751 1274 ex
793 1219 1013 1288 Regalis
1057 1222 1370 1274 monasticis
1398 1222 1473 1287 (p.
1501 1218 1649 1288 245),
1674 1235 1808 1288 qua-

242 1328 362 1367 rum
382 1321 573 1366 auctor
596 1329 715 1366 cum
757 1311 1060 1365 sacerdotio
1103 1315 1460 1366 monasticam
1509 1311 1808 1364 institutum

239 1391 623 1471 coniungebat.
647 1400 724 1470 (a)
748 1400 876 1454 Cum
907 1403 1122 1470 quidam
1147 1402 1197 1455 in
1221 1418 1284 1456 eo
1313 1401 1450 1464 loco,
1477 1399 1566 1454 ubi
1589 1401 1812 1470 degebat

239 1492 497 1558 Basilius,
522 1493 870 1547 monasticam
903 1495 1068 1546 vitam
1115 1492 1364 1562 amplecti
1392 1493 1574 1561 vellet,
1624 1497 1811 1550 maluit

239 1601 366 1641 eum
413 1585 652 1643 Basilius
699 1587 912 1641 mittere
975 1585 1026 1638 in
1073 1586 1504 1652 monasterium,
1566 1589 1706 1656 quod
1759 1590 1810 1642 in

240 1681 418 1737 Ponto
444 1680 775 1734 instituerat.
804 1680 968 1735 Forte
1005 1682 1056 1735 in
1088 1698 1153 1736 eo
1192 1682 1310 1735 loco
1335 1680 1423 1733 ubi
1456 1682 1682 1750 degebat
1713 1684 1815 1735 Ba-

241 1775 418 1836 silius,
453 1789 557 1829 non
607 1776 820 1843 vigebat
854 1774 1175 1829 ccenobitica
1221 1773 1524 1843 disciplina,
1571 1775 1661 1828 sed
1702 1776 1812 1828 bini

1910 575 2198 642 alloquitur
2230 576 2281 629 in
2333 575 2550 629 homilia
2607 579 2671 631 de
2698 578 2841 632 fame
2877 588 2929 630 et
2951 579 3216 643 siccitate,
3249 598 3398 636 num.
3423 585 3474 649 i,

1910 682 2032 735 pag.
2084 667 2151 718 62
2192 687 2205 721 :
2241 667 2372 720 Filii
2417 668 2544 733 mei,
2589 686 2716 734 quos
2766 686 2858 739 per
2905 668 3240 740 Evangelium
3305 680 3478 742 genui.

1909 757 2046 810 Ilinc
2095 758 2256 810 etiam
2291 758 2376 810 illa
2423 757 2661 810 clausula
2720 761 2903 814 homil.
2941 760 2976 813 Ξ
3020 764 3072 815 in
3098 763 3333 817 flexaem
3368 783 3384 817 :
3414 766 3480 818 l-t

1909 849 2158 911 elucentis
2183 850 2238 902 in
2279 851 2551 918 splendore
2577 860 2877 905 sanctorum
2904 854 3061 908 veluti
3095 858 3194 922 sol,
3226 859 3294 911 ad
3317 876 3484 911 nteant

1910 939 2070 1006 ipsius
2107 940 2503 994 exsultationem
2538 942 2591 992 in
2627 942 2710 995 die
2738 941 2954 1011 Christi,
2979 948 3063 1000 cui
3102 950 3268 1015 gloria
3297 960 3346 1002 et
3385 951 3485 1002 im.-

1911 1031 2111 1096 periunt
2140 1031 2193 1083 in
2217 1033 2408 1087 swcula
2432 1034 2770 1088 swculorum.
2824 1037 3008 1092 Amen.
3044 1040 3304 1096 Videntur
3335 1043 3481 1096 enim

1913 1120 2099 1174 Basilii
2129 1124 2382 1189 homiliaa,
2415 1121 2706 1196 perpaucis
2734 1131 2974 1197 exceptis
2996 1172 3011 1195 ,
3052 1144 3176 1188 ante
3202 1133 3485 1202 episcopa-

1915 1223 2025 1266 tum
2055 1213 2432 1280 pronuutiatte.
2472 1216 2577 1272 Sed
2603 1217 2670 1270 de
2695 1218 2778 1270 his
2805 1219 2944 1274 alius
2981 1223 3084 1274 erit
3133 1223 3347 1278 dicendi
3407 1223 3485 1277 Io-

1913 1321 2030 1358 CIIS.

1983 1395 2070 1450 III.
2098 1397 2395 1452 Commissa
2427 1400 2623 1457 Basilio
2646 1405 2942 1459 auctoritas
2984 1423 3086 1459 non
3132 1407 3288 1461 unius
3314 1407 3486 1462 eccle-

1915 1491 2009 1546 sia:
2044 1505 2142 1544 nec
2182 1491 2341 1544 u'nius
2371 1492 2610 1546 civitatis
2669 1497 2864 1551 finibus
2923 1497 3342 1562 continebatur;
3390 1498 3484 1554 scd

1914 1600 2034 1640 cum
2063 1583 2415 1639 Caesariensis
2451 1586 2687 1640 Ecclesia
2720 1591 3066 1643 exarchicum
3091 1588 3179 1657 jus
3209 1591 3260 1642 in
3305 1589 3487 1658 plures

1913 1677 2220 1745 provincias
2259 1677 2501 1743 haberet,
2528 1689 2586 1731 ut
2616 1677 2753 1732 intra
2786 1681 3105 1747 videbimus,
3140 1682 3360 1736 minime
3389 1683 3489 1734 du-

1917 1766 2059 1822 bium
2095 1781 2176 1824 est
2198 1771 2326 1840 quin
2361 1769 2741 1838 Basilius,qui
2787 1782 2882 1824 etsi
2937 1776 3188 1827 cathedra
3238 1773 3486 1842 inferior,

240 1873 336 1918 aut
355 1867 493 1919 terni
519 1865 770 1919 vivebant
794 1875 1006 1920 ascetce.
1031 1868 1204 1932 Atque
1232 1865 1369 1920 hanc
1393 1865 1622 1933 conjicio
1648 1864 1815 1918 exsti-
1845 1869 1886 1921 B
1917 1857 2163 1912 Εεείεεὶω
2185 1863 2457 1928 imperium
2499 1861 2784 1924 obtinebat,
2834 1863 3092 1928 plurimas
3124 1875 3300 1933 partes
3325 1868 3489 1922 susti-

240 1955 377 2012 tisse
413 1973 657 2018 causam,
694 1971 794 2010 cur
848 1959 990 2013 hunc
1024 1957 1293 2012 hominem
1329 1958 1512 2010 mallet
1548 1957 1600 2010 in
1633 1957 1817 2012 Ponti-

243 2064 365 2102 cum
395 2049 782 2103 monasterium
815 2052 1049 2105 mittere.
1074 2051 1264 2105 Postea
1287 2050 1492 2117 insigne
1515 2050 1814 2105 coenobium

243 2136 513 2193 Caesareae
537 2141 806 2194 exstruxit
845 2140 1080 2194 Basilius
1110 2155 1252 2192 anno
1281 2138 1405 2191 579..
1452 2137 1554 2192 Sed
1589 2140 1677 2194 vix
1719 2142 1818 2195 du-

245 2230 420 2298 bium,
452 2230 580 2299 quin
610 2241 734 2285 ante
765 2232 1132 2298 episc0patum
1159 2229 1535 2284 cmuobiticam
1565 2232 1729 2285 vitam
1762 2233 1813 2284 in

241 2320 384 2375 hanc
434 2322 625 2375 urbem
681 2319 1061 2372 introduxerit.
1104 2317 1234 2372 Nam
1266 2319 1318 2373 in
1362 2320 1586 2389 epistola
1627 2319 1688 2372 81
1744 2320 1819 2372 in-

241 2416 411 2484 signis
437 2429 503 2466 ex
534 2411 685 2464 urbis
730 2409 1068 2483 presbyterio
1111 2415 1365 2467 sacerdos
1398 2414 1451 2466 in
1505 2412 1734 2465 ascetica
1764 2423 1818 2467 et

245 2501 549 2556 continenti
578 2502 684 2553 vita
722 2503 984 2556 hactenus
1018 2503 1234 2565 vixisse,
1275 2509 1329 2554 et
1359 2515 1422 2553 ex
1477 2500 1659 2556 labore
1705 2518 1818 2555 ma-

244 2610 411 2647 nuum
448 2594 552 2648 sibi
603 2609 724 2647 cum
761 2593 1024 2648 fratribus
1064 2592 1223 2649 si'mul
1258 2593 1579 2663 degentibus
1614 2596 1814 2650 victum

242 2687 446 2741 dicitur
502 2703 843 2757 comparare.
889 2685 1116 2740 Videtur
1152 2685 1275 2739 huic
1327 2686 1655 2742 monasterio
1679 2705 1816 2755 prur-

244 2775 412 2833 fuisse
453 2779 704 2832 Basilius.
737 2778 874 2832 llinc
925 2777 1066 2831 illius
1115 2779 1348 2831 studium
1380 2779 1814 2848 exeipiemlorum

246 2872 525 2934 hospitum
553 2871 740 2924 laudat
769 2869 1100 2938 Gregorius;
1135 2887 1242 2940 quo
1286 2872 1498 2940 quidem
1539 2871 1712 2928 ofﬁcio
1764 2876 1814 2928 in

244 2963 476 3031 privatis
511 2964 718 3017 :edibus
774 2976 830 3019 et
864 2979 1072 3019 summa
1108 2978 1288 3017 rerum
1325 2965 1560 3018 omnium
1613 2966 1814 3034 inopia,

246 3054 312 3107 ad
346 3069 510 3125 quam
546 3070 605 3109 se
637 3055 816 3109 libens
863 3055 1178 3126 redegerat,
1215 3054 1304 3108 vix
1338 3053 1579 3123 pcrfungi
1613 3057 1820 3125 potuis-

243 3158 345 3200 set.

314 3239 393 3292 Ex
423 3239 848 3296 Caesariensibus
877 3241 1120 3296 ecclesiis
1168 3258 1329 3295 unam
1373 3245 1641 3312 praecipue
1669 3241 1820 3296 Basi-

245 3332 316 3383 lio
355 3333 422 3385 ad
461 3333 759 3401 regendum
792 3335 1139 3387 commissam
1168 3332 1335 3386 fuisse
1369 3334 1723 3402 perspicimus
1755 3348 1820 3386 ex

250 3421 473 3475 homilia
504 3423 558 3474 in
619 3422 882 3491 psalmum
933 3439 1056 3478 cxrv
1118 3424 1191 3492 (p.
1230 3424 1371 3492 199).
1406 3424 1568 3490 Nam,
1604 3439 1722 3479 cum
1766 3425 1819 3478 in

245 3515 478 3580 quodam
542 3525 841 3584 martyrum
903 3516 1104 3585 templo
1132 3519 1355 3586 populus
1393 3536 1422 3572 a
1452 3521 1627 3575 med-ia
1664 3529 1822 3573 nocte

246 3621 419 3676 usque
443 3607 508 3660 ad
557 3608 837 3662 meridiem
875 3607 1130 3663 Basiliam
1180 3621 1502 3680 exspectans
1535 3611 1823 3679 perduras-

245 3709 349 3767 set,
400 3700 491 3752 ubi
531 3703 748 3754 advenit
774 3701 1026 3764 Basilius,
1049 3702 1147 3754 hac
1179 3717 1307 3754 usus
1338 3710 1417 3755 est
1453 3702 1821 3766 excusatione,

246 3805 342 3844 cur
370 3807 490 3845 sero
515 3795 769 3855 venisset,
799 3795 939 3860 quod
974 3794 1136 3847 aliam
1172 3794 1454 3848 ecclesiam
1502 3794 1706 3848 honore
1731 3811 1823 3863 pa-

254 3899 364 3935 rem
393 3883 809 3948 administrans,
857 3886 958 3939 diei
1007 3895 1217 3954 tempus
1252 3887 1302 3938 in
1347 3886 1559 3954 liturgia
1592 3886 1661 3939 ibi
1689 3887 1824 3940 cele-

248 3974 454 4028 hranda
506 3976 907 4044 insumpsisset.
968 3977 1113 4033 Illius
1185 3981 1346 4032 verba
1417 3979 1822 4047 perspicuitatis

250 4081 409 4120 causa
439 4065 692 4119 referam.
731 4067 882 4132 Quod
920 4071 964 4122 si
995 4080 1041 4122 et
1070 4071 1198 4123 mihi
1228 4071 1344 4138 ipsi,
1369 4071 1560 4135 inquit,
1601 4070 1822 4123 redden-

249 4161 317 4215 da
349 4164 486 4215 ratio
529 4178 624 4214 cur
673 4174 906 4215 moratus
952 4166 1074 4226 sim,
1105 4175 1151 4216 et
1192 4167 1373 4231 perdiu
1402 4183 1431 4216 a
1466 4165 1605 4217 vobis
1641 4165 1823 4232 abfue-

251 4253 368 4314 rim,
392 4254 446 4306 id
472 4270 645 4307 causa:
675 4255 915 4322 aﬂ'eram,
936 4256 1073 4323 quod
1107 4273 1222 4306 cum
1271 4256 1430 4308 aliam
1457 4257 1578 4308 huic
1628 4255 1823 4308 honore

248 4361 427 4412 parem
459 4348 731 4399 ecclesiam
749 4345 844 4398 Dei
876 4347 1235 4400 administrent
1259 4387 1273 4410 ,
1303 4364 1402 4400 non
1432 4363 1587 4415 parvo
1619 4364 1648 4400 a
1681 4348 1820 4400 vobis

249 4440 572 4510 disjunctam
600 4440 897 4501 intervallo,
928 4439 1025 4494 hoc
1050 4441 1154 4492 diei
1192 4452 1390 4507 tempus
1429 4443 1817 4507 insumpserim.

251 4531 516 4595 Quoniam
563 4534 724 4600 igitur
757 4535 897 4586 dedit
946 4531 1093 4585 nobis
1151 4533 1405 4586 Dominus
1452 4547 1498 4586 et
1548 4535 1817 4601 litui-aiam

249 4626 355 4678 illis
387 4625 695 4692 adimplere,
726 4644 814 4679 nec
858 4639 1041 4680 vestrm
1070 4626 1243 4678 deesse
1283 4627 1566 4687 charitati;
1619 4628 1818 4693 gratias

251 4731 450 4766 mecum
479 4717 617 4783 agite
654 4716 893 4784 largitori
931 4716 1180 4782 benefica,
1204 4716 1291 4781 qui
1329 4716 1461 4766 hanc
1491 4731 1645 4782 quant
1685 4715 1822 4767 ride-

252 4806 317 4858 tis
339 4810 570 4871 corporis
606 4807 770 4859 nostri
823 4808 1141 4861 debilitatem
1167 4807 1416 4861 invisibili
1449 4824 1542 4878 sua
1587 4807 1820 4872 potentia

251 4896 491 4949 deduxit.
522 4897 816 4964 Episcopus
852 4898 902 4949 in
931 4900 1105 4967 aliqua
1163 4898 1411 4952 dioecesis
1443 4913 1550 4952 sua:
1591 4897 1818 4951 ecclesia

253 4989 572 5042 concionem
628 4989 850 5052 habens,
903 5006 1236 5058 nequaquam
1301 4989 1541 5057 profecto
1605 4988 1818 5049 dixerit,

253 5081 412 5134 aliaat
461 5095 489 5132 a
533 5095 590 5132 se
644 5079 847 5133 honore
879 5097 1061 5148 parcnt
1118 5081 1480 5135 administrari
1513 5079 1817 5134 ecclesiam.

254 5174 378 5228 Ilaec
416 5173 514 5228 soli
543 5185 846 5240 congruunt
897 5175 1230 5242 presbytero.
1268 5173 1402 5226 Cum
1455 5187 1581 5240 ergo
1635 5171 1822 5224 afﬁxus

255 5274 396 5319 esset
426 5263 518 5316 uni
575 5265 814 5317 ecclesia:
847 5264 1283 5317 administranda:
1311 5265 1557 5324 Basilius,
1604 5263 1824 5315 minime

254 5360 471 5418 mirum,
491 5355 536 5409 si
558 5355 608 5406 in
638 5354 748 5420 ejus
782 5355 1036 5419 ltomiliis,
1065 5365 1255 5422 prmter
1279 5372 1419 5417 eam,
1446 5370 1562 5422 qua:
1585 5355 1820 5408 omnium

254 5447 422 5513 prima
486 5447 541 5501 in
618 5448 936 5515 principium
993 5446 1406 5502 Proverbiorum
1480 5446 1820 5514 pronuntiata

256 5549 353 5604 est,
393 5540 527 5594 nihil
563 5556 789 5610 prorsus
849 5541 1108 5605 occurrit,
1137 5555 1202 5596 ex
1250 5555 1353 5609 quo
1378 5537 1684 5607 episcopqu
1728 5539 1822 5590 ad-

329 5683 398 5747 ici
425 5680 517 5749 Ep.
553 5679 642 5734 ‘15.

1918 1951 2098 2003 nuerit
2147 1965 2329 2003 carum
2383 1968 2722 2022 rerum,qu:e
2781 1965 2906 2007 tunc.
2949 1956 3000 2007 in
3034 1955 3139 2009 ilis
3179 1959 3489 2026 regionibus

1919 2039 1984 2092 ad
2016 2039 2136 2094 fidei
2187 2043 2548 2096 defensionem
2584 2058 2637 2098 et
2673 2043 3022 2100 ccclesiarmn
3059 2048 3489 2116 pacificationem

1916 2142 2080 2202 gesta:
2137 2133 2374 2187 fuerunt.
2410 2134 2466 2188 Id
2515 2145 2693 2190 autem
2745 2139 3048 2207 colligimus
3077 2157 3182 2194 non
3222 2146 3393 2195 solum
3421 2157 3490 2197 ex

1918 2223 2164 2294 Gregorii
2195 2225 2531 2293 testimonio,
2560 2229 2651 2296 qui
2689 2237 2894 2282 tantam
2947 2229 3144 2283 Basilio
3196 2235 3490 2288 auctorita-

1918 2327 2022 2371 tem
2057 2321 2123 2371 ah
2146 2318 2378 2374 Eusebio
2408 2334 2720 2374 concessam
2761 2320 2925 2374 fuisse
2971 2331 3176 2386 narrat,
3208 2324 3300 2376 sed
3326 2323 3488 2380 etiam

1917 2422 1982 2460 ex
2019 2409 2259 2475 pluribus
2292 2411 2471 2466 Basilii
2528 2413 2794 2480 epistolis,
2845 2431 2978 2482 quas
3020 2417 3298 2485 presbyter
3347 2419 3490 2472 seri-

1915 2500 2042 2567 psit.
2080 2501 2344 2555 Discimus
2379 2518 2442 2555 ex
2466 2507 2624 2571 epist.
2650 2506 2738 2568 28,
2779 2525 2829 2558 η.
2863 2508 2915 2569 5,
2942 2506 3244 2562 Musonium
3281 2511 3492 2578 cpisco-

1918 2605 2042 2658 pum
2075 2591 2564 2648 Ncoczesarienscm
2591 2609 2714 2649 cum
2745 2596 2940 2651 Basilio
2967 2599 3030 2652 ad
3073 2615 3256 2668 pacem
3299 2600 3490 2656 Eccle-
3559 2654 3563 2658 .

1919 2684 2120 2736 siarnm
2176 2700 2503 2740 concurrere
2558 2700 2776 2758 propter
2845 2693 3105 2760 quasdam
3171 2694 3491 2764 anticipatas

1917 2777 2198 2846 opiniones
2227 2779 2458 2834 noluisse
2484 2822 2498 2846 ,
2528 2783 2620 2836 sed
2671 2793 2848 2836 tamen
2889 2784 3142 2840 Basiliam
3180 2787 3318 2841 idem
3349 2804 3492 2841 sem-

1917 2883 2012 2937 per
2045 2885 2163 2923 cum
2201 2871 2316 2939 ipso
2363 2874 2651 2938 sentiendi,
2692 2875 2941 2944 illiusque
2995 2876 3061 2930 ad
3103 2878 3489 2947 oppugnandos

1920 2961 2198 3016 haereticos
2230 2967 2524 3018 advocandi
2577 2966 2779 3022 nullum
2846 2979 3057 3041 tempus
3107 2971 3486 3027 intermisisse.

1919 3051 2142 3106 Videtur
2194 3056 2525 3110 Athanasius
2574 3060 2894 3127 Ancyranus
2944 3079 3062 3116 cum
3109 3062 3308 3119 Basilio
3357 3079 3492 3118 con-

1917 3141 2159 3210 iunctior
2187 3144 2355 3200 fuisse
2385 3147 2436 3201 in
2479 3148 2581 3204 hoc
2616 3150 2842 3206 consilio
2886 3154 3342 3223 pacificandarum
3389 3154 3492 3207 Ec-

1923 3236 2230 3294 clesiarum.
2271 3240 2401 3294 Nam
2436 3257 2556 3297 cum
2603 3245 2646 3298 is
2686 3245 2877 3299 eodem
2936 3256 3175 3314 tempore
3205 3262 3267 3300 ac
3312 3245 3492 3300 Musa-

1919 3327 2040 3381 nius
2077 3339 2302 3383 mortem
2342 3332 2584 3395 obiissct,
2615 3334 2693 3385 sic
2723 3335 3051 3388 desiderium
3091 3351 3246 3390 suum
3286 3337 3492 3405 signiti-

1919 3429 2006 3474 cat
2045 3419 2272 3474 Basilius
2297 3421 2370 3490 (ὁ)
2394 3441 2406 3474 :
2437 3423 2657 3476 Cuinam
2686 3425 2924 3494 deinceps
2950 3427 3284 3480 ecclesiarum
3308 3443 3492 3479 curam

1921 3510 2205 3576 deferemus
2230 3513 2253 3564 ?
2279 3513 2444 3573 Quem
2469 3514 2812 3581 adjungemus
2850 3517 3201 3569 molestiarum
3238 3518 3434 3571 socium
3465 3517 3493 3568 Ρ

1924 3600 2087 3664 Quem
2113 3602 2313 3656 la’titia:
2332 3606 2641 3674 participem
2659 3609 2684 3660 ?
2708 3608 2958 3676 Deplorat
2993 3610 3044 3662 in
3070 3610 3295 3678 epistula
3325 3610 3394 3664 50
3418 3612 3484 3663 ad

1922 3690 2210 3746 Eusebium
2243 3693 2676 3750 Samosatensem
2722 3700 2926 3752 tristem
2961 3698 3326 3754 Ecclesiarum
3376 3712 3490 3754 sta-

1925 3797 2054 3840 tum.
2086 3785 2253 3854 Luget
2307 3788 2357 3840 in
2395 3803 2477 3856 ep.
2505 3789 2571 3843 5-1
2595 3793 2659 3842 ad
2698 3791 2965 3853 eumdem,
2994 3791 3266 3859 delapsam
3301 3793 3352 3845 iu
3387 3793 3490 3846 lucc

1922 3876 2213 3931 reticorum
2251 3893 2439 3932 manus
2482 3878 2803 3933 Tarsensem
2869 3879 3194 3945 Ecclesiam’,
3228 3883 3349 3937 dum
3379 3885 3494 3950 epi-

1922 3971 2068 4037 sc0pi
2108 3980 2387 4024 morantur
2411 3986 2472 4024 ac
2529 3971 2849 4035 deliberant,
2893 3987 3058 4043 seque
3086 3984 3270 4030 mutuo
3324 3977 3493 4048 respi-

1923 4073 2089 4116 Ctttttt.
2592 4114 2595 4118 .

1995 4151 2082 4206 IV.
2112 4152 2367 4218 Quaenam
2415 4164 2590 4207 autem
2629 4154 2715 4207 illa
2757 4157 3061 4211 exstiterint
3109 4159 3480 4213 ecclesiastica

1924 4246 2167 4315 negotia,
2203 4245 2255 4298 in
2291 4247 2486 4312 quibus
2525 4248 2778 4317 gerendis
2821 4249 2981 4304 studii
3013 4265 3076 4304 ac
3108 4249 3493 4306 sollicitudinis

1923 4337 2105 4393 Basilii
2136 4339 2279 4392 bona.
2301 4354 2423 4407 pars
2451 4342 2704 4405 accessit,
2734 4342 2921 4410 paucis
2952 4343 3347 4410 exponendum.
3373 4341 3492 4396 .lam

1926 4433 2165 4486 diximus
2194 4433 2459 4502 plurimos
2486 4435 2536 4486 in
2572 4433 2796 4489 Oriente
2827 4434 3159 4488 orthodoxos
3186 4436 3493 4502 episcopos,

1928 4524 2018 4577 ubi
2052 4524 2302 4576 viderunt
2334 4527 2565 4578 Arianos
2593 4527 2643 4578 in
2680 4534 2919 4591 apertam
2955 4526 3283 4592 impietatem
3309 4543 3492 4580 erum-

1931 4630 2078 4681 pere,
2113 4615 2178 4668 ab
2209 4630 2393 4668 eorum
2446 4617 2851 4680 communione,
2901 4630 3060 4684 quam
3110 4617 3370 4671 hactenus
3424 4618 3494 4672 ob

1932 4693 2156 4760 hzeresis
2176 4708 2393 4776 perfidae
2428 4709 2917 4762 dissimulationem
2952 4723 3056 4762 non
3091 4710 3359 4779 fugerant,
3395 4725 3491 4780 pe-

1930 4801 2428 4856 nituS'recessisse.
2468 4802 2530 4855 Ili
2564 4803 2702 4870 apud
2741 4800 2799 4854 S.
2833 4801 3192 4869 Epiphaniam
3235 4815 3499 4855 vocantur

1931 4891 2276 4958 Semiariani,
2310 4897 2450 4962 apud
2487 4895 2763 4948 Socratem
2796 4903 2851 4946 et
2910 4893 3265 4948 Sozomenum
3319 4893 3496 4947 Mace-

1929 4985 2173 5049 doniaai,
2212 4987 2410 5054 iniquis
2460 5001 2682 5044 prorsus
2733 4985 3055 5039 nominibus.
3104 4985 3304 5040 Bellum
3343 4986 3493 5039 Arias

1928 5079 2014 5132 nis
2042 5080 2367 5133 acerrimum
2407 5079 2720 5132 indixerunt
2753 5094 2892 5133 anno
2928 5079 3052 5144 558,
3096 5094 3157 5130 ac
3184 5087 3293 5131 tum
3326 5079 3494 5147 gratia

1926 5180 1981 5224 et
2020 5172 2343 5224 auctoritate
2400 5171 2540 5240 apud
2596 5171 2967 5227 Constantium
3027 5171 3349 5225 ﬂoruerunt.
3391 5170 3494 5225 Se-I

1930 5262 2114 5314 Ariani
2147 5277 2289 5314 anno
2322 5262 2426 5316 560
2463 5274 2698 5318 retracto
2740 5269 2807 5320 ad
2849 5265 3272 5333 seimperatoris
3317 5264 3498 5317 animo

1937 5367 2123 5420 poenas
2152 5357 2219 5406 ab
2247 5354 2326 5407 cis
2364 5356 2695 5423 repetierunt
2723 5357 2961 5410 defensa:
2987 5355 3250 5419 Veritatis,
3283 5371 3345 5407 ac
3375 5355 3498 5422 plu-

1932 5444 2100 5497 rimos
2143 5445 2456 5512 deposuere.
2511 5445 2741 5502 Bcdiere
2771 5449 3016 5516 plerique
3048 5448 3145 5499 sub
3180 5444 3411 5505 Juliano.
3445 5450 3500 5498 et

1931 5551 2186 5604 magnum
2231 5537 2355 5591 ﬁdei
2400 5539 2634 5594 studium
2671 5540 3030 5595 declararunt.
3057 5537 3191 5592 Cum
3236 5534 3502 5605 ejusmodi

2005 5675 2073 5745 (b)
2108 5674 2204 5744 Ep.
2229 5675 2317 5732 29.
