  <div class='ocr_page' id='page_1' title='image "/cluster/home/n/w/nwhite01/storage/ocr_20150623/29/ien.35556001660547/057.png"; bbox 0 0 4006 6452; ppageno 0'>
   <div class='ocr_carea' id='block_1_1' title="bbox 1606 397 2163 453">
    <p class='ocr_par' dir='ltr' id='par_1_1' title="bbox 1606 397 2163 453">
     <span class='ocr_line' id='line_1_1' title="bbox 1606 397 2163 453; baseline 0 0"><span class='ocrx_word' id='word_1_1' title='bbox 1606 397 1765 453; x_wconf 77' lang='lat' dir='ltr'><strong>V&#39;lTA</strong></span> <span class='ocrx_word' id='word_1_2' title='bbox 1808 397 1862 452; x_wconf 85' lang='lat' dir='ltr'><strong>S.</strong></span> <span class='ocrx_word' id='word_1_3' title='bbox 1900 398 2163 453; x_wconf 76' lang='lat' dir='ltr'><strong>BASlLll.</strong></span> 
     </span>
    </p>
   </div>
   <div class='ocr_carea' id='block_1_2' title="bbox 3363 416 3464 455">
    <p class='ocr_par' dir='ltr' id='par_1_2' title="bbox 3363 416 3464 455">
     <span class='ocr_line' id='line_1_2' title="bbox 3363 416 3464 455; baseline -0.03 0"><span class='ocrx_word' id='word_1_4' title='bbox 3363 416 3464 455; x_wconf 71' lang='grc' dir='ltr'><strong>ην</strong></span> 
     </span>
    </p>
   </div>
   <div class='ocr_carea' id='block_1_3' title="bbox 233 510 3462 588">
    <p class='ocr_par' dir='ltr' id='par_1_3' title="bbox 233 510 3462 588">
     <span class='ocr_line' id='line_1_3' title="bbox 233 510 3462 588; baseline -0.003 -13"><span class='ocrx_word' id='word_1_5' title='bbox 233 526 351 580; x_wconf 77' lang='lat' dir='ltr'><strong>novi</strong></span> <span class='ocrx_word' id='word_1_6' title='bbox 374 532 418 574; x_wconf 86' lang='lat' dir='ltr'><strong>et</strong></span> <span class='ocrx_word' id='word_1_7' title='bbox 444 516 751 586; x_wconf 81' lang='lat' dir='ltr'><strong>ipse,iuquit</strong></span> <span class='ocrx_word' id='word_1_8' title='bbox 774 514 983 588; x_wconf 81' lang='lat' dir='ltr'><strong>(a),pro</strong></span> <span class='ocrx_word' id='word_1_9' title='bbox 1005 515 1249 569; x_wconf 81' lang='lat' dir='ltr'><strong>mediocri</strong></span> <span class='ocrx_word' id='word_1_10' title='bbox 1267 532 1378 569; x_wconf 80' lang='lat' dir='ltr'><strong>mea</strong></span> <span class='ocrx_word' id='word_1_11' title='bbox 1406 532 1572 569; x_wconf 85' lang='lat' dir='ltr'><strong>rerum</strong></span> <span class='ocrx_word' id='word_1_12' title='bbox 1592 515 1798 579; x_wconf 85' lang='lat' dir='ltr'><strong>notitia,</strong></span> <span class='ocrx_word' id='word_1_13' title='bbox 1828 522 1874 577; x_wconf 85' lang='grc' dir='ltr'><strong>Α</strong></span> <span class='ocrx_word' id='word_1_14' title='bbox 1983 515 2131 581; x_wconf 85' lang='lat' dir='ltr'><strong>Quod</strong></span> <span class='ocrx_word' id='word_1_15' title='bbox 2161 516 2236 568; x_wconf 92' lang='lat' dir='ltr'><strong>ait</strong></span> <span class='ocrx_word' id='word_1_16' title='bbox 2270 514 2501 569; x_wconf 82' lang='lat' dir='ltr'><strong>Basilius</strong></span> <span class='ocrx_word' id='word_1_17' title='bbox 2533 516 2612 587; x_wconf 73' lang='lat' dir='ltr'><strong>(rt)</strong></span> <span class='ocrx_word' id='word_1_18' title='bbox 2642 511 2981 568; x_wconf 84' lang='lat' dir='ltr'><strong>Eustathium</strong></span> <span class='ocrx_word' id='word_1_19' title='bbox 3024 510 3188 564; x_wconf 71' lang='lat' dir='ltr'><strong>Rutula</strong></span> <span class='ocrx_word' id='word_1_20' title='bbox 3222 514 3462 567; x_wconf 77' lang='lat' dir='ltr'><strong>attulisse</strong></span> 
     </span>
    </p>
   </div>
   <div class='ocr_carea' id='block_1_4' title="bbox 232 610 1797 677">
    <p class='ocr_par' dir='ltr' id='par_1_4' title="bbox 232 610 1797 677">
     <span class='ocr_line' id='line_1_4' title="bbox 232 610 1797 677; baseline -0.007 -5"><span class='ocrx_word' id='word_1_21' title='bbox 232 633 393 672; x_wconf 81' lang='lat' dir='ltr'><strong>unam</strong></span> <span class='ocrx_word' id='word_1_22' title='bbox 424 630 532 666; x_wconf 84' lang='lat' dir='ltr'><strong>esse</strong></span> <span class='ocrx_word' id='word_1_23' title='bbox 556 610 801 667; x_wconf 84' lang='lat' dir='ltr'><strong>Ecclesiis</strong></span> <span class='ocrx_word' id='word_1_24' title='bbox 830 612 1022 665; x_wconf 86' lang='lat' dir='ltr'><strong>nostris</strong></span> <span class='ocrx_word' id='word_1_25' title='bbox 1053 614 1239 667; x_wconf 74' lang='lat' dir='ltr'><strong>auxilii</strong></span> <span class='ocrx_word' id='word_1_26' title='bbox 1264 613 1419 677; x_wconf 86' lang='lat' dir='ltr'><strong>viam,</strong></span> <span class='ocrx_word' id='word_1_27' title='bbox 1451 614 1496 666; x_wconf 86' lang='lat' dir='ltr'><strong>si</strong></span> <span class='ocrx_word' id='word_1_28' title='bbox 1532 612 1797 667; x_wconf 84' lang='lat' dir='ltr'><strong>nobiscum</strong></span> 
     </span>
    </p>
   </div>
   <div class='ocr_carea' id='block_1_5' title="bbox 230 704 1196 772">
    <p class='ocr_par' dir='ltr' id='par_1_5' title="bbox 230 704 1196 772">
     <span class='ocr_line' id='line_1_5' title="bbox 230 704 1196 772; baseline -0.005 -11"><span class='ocrx_word' id='word_1_29' title='bbox 230 709 529 770; x_wconf 76' lang='lat' dir='ltr'><strong>conspircnt</strong></span> <span class='ocrx_word' id='word_1_30' title='bbox 556 704 917 761; x_wconf 82' lang='lat' dir='ltr'><strong>Occidentales</strong></span> <span class='ocrx_word' id='word_1_31' title='bbox 952 704 1196 772; x_wconf 84' lang='lat' dir='ltr'><strong>episcopi.</strong></span> 
     </span>
    </p>
   </div>
   <div class='ocr_carea' id='block_1_6' title="bbox 302 796 1795 861">
    <p class='ocr_par' dir='ltr' id='par_1_6' title="bbox 302 796 1795 861">
     <span class='ocr_line' id='line_1_6' title="bbox 302 796 1795 861; baseline -0.005 -9"><span class='ocrx_word' id='word_1_32' title='bbox 302 796 568 852; x_wconf 72' lang='lat' dir='ltr'><strong>Videntur</strong></span> <span class='ocrx_word' id='word_1_33' title='bbox 602 808 711 850; x_wconf 85' lang='lat' dir='ltr'><strong>tres</strong></span> <span class='ocrx_word' id='word_1_34' title='bbox 756 796 911 861; x_wconf 82' lang='lat' dir='ltr'><strong>legati</strong></span> <span class='ocrx_word' id='word_1_35' title='bbox 952 797 1048 851; x_wconf 88' lang='lat' dir='ltr'><strong>sub</strong></span> <span class='ocrx_word' id='word_1_36' title='bbox 1080 806 1321 851; x_wconf 78' lang='lat' dir='ltr'><strong>extrema</strong></span> <span class='ocrx_word' id='word_1_37' title='bbox 1373 796 1615 849; x_wconf 78' lang='lat' dir='ltr'><strong>autumni</strong></span> <span class='ocrx_word' id='word_1_38' title='bbox 1660 803 1795 846; x_wconf 88' lang='lat' dir='ltr'><strong>tem-</strong></span> 
     </span>
    </p>
   </div>
   <div class='ocr_carea' id='block_1_7' title="bbox 235 883 1796 955">
    <p class='ocr_par' dir='ltr' id='par_1_7' title="bbox 235 883 1796 955">
     <span class='ocr_line' id='line_1_7' title="bbox 235 883 1796 955; baseline -0.001 -17"><span class='ocrx_word' id='word_1_39' title='bbox 235 904 367 955; x_wconf 87' lang='lat' dir='ltr'><strong>pora</strong></span> <span class='ocrx_word' id='word_1_40' title='bbox 399 905 540 942; x_wconf 91' lang='lat' dir='ltr'><strong>anno</strong></span> <span class='ocrx_word' id='word_1_41' title='bbox 595 887 699 941; x_wconf 78' lang='lat'><strong>565</strong></span> <span class='ocrx_word' id='word_1_42' title='bbox 743 888 969 954; x_wconf 84' lang='lat' dir='ltr'><strong>profecti</strong></span> <span class='ocrx_word' id='word_1_43' title='bbox 1012 904 1154 942; x_wconf 88' lang='lat' dir='ltr'><strong>esse.</strong></span> <span class='ocrx_word' id='word_1_44' title='bbox 1206 883 1339 937; x_wconf 85' lang='lat' dir='ltr'><strong>Nam</strong></span> <span class='ocrx_word' id='word_1_45' title='bbox 1386 901 1504 939; x_wconf 90' lang='lat' dir='ltr'><strong>cum</strong></span> <span class='ocrx_word' id='word_1_46' title='bbox 1552 884 1796 939; x_wconf 81' lang='lat' dir='ltr'><strong>Liberius</strong></span> 
     </span>
    </p>
   </div>
   <div class='ocr_carea' id='block_1_8' title="bbox 233 976 1793 1049">
    <p class='ocr_par' dir='ltr' id='par_1_8' title="bbox 233 976 1793 1049">
     <span class='ocr_line' id='line_1_8' title="bbox 233 976 1793 1049; baseline -0.006 -17"><span class='ocrx_word' id='word_1_47' title='bbox 233 981 432 1036; x_wconf 63' lang='lat' dir='ltr'><strong>abierit</strong></span> <span class='ocrx_word' id='word_1_48' title='bbox 464 996 605 1035; x_wconf 85' lang='lat' dir='ltr'><strong>anno</strong></span> <span class='ocrx_word' id='word_1_49' title='bbox 636 978 760 1041; x_wconf 83' lang='lat'><strong>566,</strong></span> <span class='ocrx_word' id='word_1_50' title='bbox 786 996 1016 1049; x_wconf 88' lang='lat' dir='ltr'><strong>cumque</strong></span> <span class='ocrx_word' id='word_1_51' title='bbox 1050 977 1211 1046; x_wconf 90' lang='lat' dir='ltr'><strong>legati</strong></span> <span class='ocrx_word' id='word_1_52' title='bbox 1259 993 1361 1031; x_wconf 90' lang='lat' dir='ltr'><strong>non</strong></span> <span class='ocrx_word' id='word_1_53' title='bbox 1408 980 1579 1033; x_wconf 91' lang='lat' dir='ltr'><strong>solum</strong></span> <span class='ocrx_word' id='word_1_54' title='bbox 1611 976 1679 1027; x_wconf 89' lang='lat' dir='ltr'><strong>ab</strong></span> <span class='ocrx_word' id='word_1_55' title='bbox 1707 989 1793 1039; x_wconf 84' lang='lat' dir='ltr'><strong>eo,</strong></span> 
     </span>
    </p>
   </div>
   <div class='ocr_carea' id='block_1_9' title="bbox 234 1067 1795 1141">
    <p class='ocr_par' dir='ltr' id='par_1_9' title="bbox 234 1067 1795 1141">
     <span class='ocr_line' id='line_1_9' title="bbox 234 1067 1795 1141; baseline -0.004 -15"><span class='ocrx_word' id='word_1_56' title='bbox 234 1076 329 1127; x_wconf 90' lang='lat' dir='ltr'><strong>sed</strong></span> <span class='ocrx_word' id='word_1_57' title='bbox 355 1076 521 1128; x_wconf 88' lang='lat' dir='ltr'><strong>etiam</strong></span> <span class='ocrx_word' id='word_1_58' title='bbox 550 1071 618 1124; x_wconf 91' lang='lat' dir='ltr'><strong>ab</strong></span> <span class='ocrx_word' id='word_1_59' title='bbox 658 1073 922 1141; x_wconf 85' lang='lat' dir='ltr'><strong>episcopis</strong></span> <span class='ocrx_word' id='word_1_60' title='bbox 951 1071 1139 1132; x_wconf 69' lang='lat' dir='ltr'><strong>ltaliie,</strong></span> <span class='ocrx_word' id='word_1_61' title='bbox 1170 1068 1385 1135; x_wconf 63' lang='lat' dir='ltr'><strong>Africa),</strong></span> <span class='ocrx_word' id='word_1_62' title='bbox 1412 1070 1595 1123; x_wconf 77' lang='lat' dir='ltr'><strong>Galliae</strong></span> <span class='ocrx_word' id='word_1_63' title='bbox 1626 1076 1681 1119; x_wconf 90' lang='lat' dir='ltr'><strong>et</strong></span> <span class='ocrx_word' id='word_1_64' title='bbox 1712 1067 1795 1120; x_wconf 77' lang='lat' dir='ltr'><strong>Si-</strong></span> 
     </span>
    </p>
   </div>
   <div class='ocr_carea' id='block_1_10' title="bbox 237 1158 1793 1221">
    <p class='ocr_par' dir='ltr' id='par_1_10' title="bbox 237 1158 1793 1221">
     <span class='ocr_line' id='line_1_10' title="bbox 237 1158 1793 1221; baseline -0.006 -1"><span class='ocrx_word' id='word_1_65' title='bbox 237 1168 376 1221; x_wconf 76' lang='lat' dir='ltr'><strong>cilia:</strong></span> <span class='ocrx_word' id='word_1_66' title='bbox 428 1165 639 1217; x_wconf 74' lang='lat' dir='ltr'><strong>litteras</strong></span> <span class='ocrx_word' id='word_1_67' title='bbox 669 1161 949 1217; x_wconf 71' lang='lat' dir='ltr'><strong>attulerint</strong></span> <span class='ocrx_word' id='word_1_68' title='bbox 976 1161 1130 1213; x_wconf 88' lang='lat' dir='ltr'><strong>initio</strong></span> <span class='ocrx_word' id='word_1_69' title='bbox 1174 1162 1314 1215; x_wconf 90' lang='lat' dir='ltr'><strong>veris</strong></span> <span class='ocrx_word' id='word_1_70' title='bbox 1358 1161 1484 1213; x_wconf 88' lang='lat' dir='ltr'><strong>anni</strong></span> <span class='ocrx_word' id='word_1_71' title='bbox 1525 1158 1651 1221; x_wconf 81' lang='lat'><strong>567,</strong></span> <span class='ocrx_word' id='word_1_72' title='bbox 1691 1174 1793 1210; x_wconf 86' lang='lat' dir='ltr'><strong>noti</strong></span> 
     </span>
    </p>
   </div>
   <div class='ocr_carea' id='block_1_11' title="bbox 238 1250 1796 1321">
    <p class='ocr_par' dir='ltr' id='par_1_11' title="bbox 238 1250 1796 1321">
     <span class='ocr_line' id='line_1_11' title="bbox 238 1250 1796 1321; baseline -0.008 -10"><span class='ocrx_word' id='word_1_73' title='bbox 238 1258 374 1311; x_wconf 82' lang='lat' dir='ltr'><strong>satis</strong></span> <span class='ocrx_word' id='word_1_74' title='bbox 404 1253 725 1309; x_wconf 83' lang='lat' dir='ltr'><strong>habuissent</strong></span> <span class='ocrx_word' id='word_1_75' title='bbox 767 1251 926 1321; x_wconf 83' lang='lat' dir='ltr'><strong>spatii</strong></span> <span class='ocrx_word' id='word_1_76' title='bbox 955 1253 1021 1305; x_wconf 88' lang='lat' dir='ltr'><strong>ad</strong></span> <span class='ocrx_word' id='word_1_77' title='bbox 1055 1260 1133 1304; x_wconf 90' lang='lat' dir='ltr'><strong>tot</strong></span> <span class='ocrx_word' id='word_1_78' title='bbox 1181 1266 1243 1305; x_wconf 91' lang='lat' dir='ltr'><strong>ac</strong></span> <span class='ocrx_word' id='word_1_79' title='bbox 1274 1261 1451 1305; x_wconf 86' lang='lat' dir='ltr'><strong>tantas</strong></span> <span class='ocrx_word' id='word_1_80' title='bbox 1497 1263 1583 1301; x_wconf 88' lang='lat' dir='ltr'><strong>res</strong></span> <span class='ocrx_word' id='word_1_81' title='bbox 1629 1250 1796 1300; x_wconf 85' lang='lat' dir='ltr'><strong>couti-</strong></span> 
     </span>
    </p>
   </div>
   <div class='ocr_carea' id='block_1_12' title="bbox 237 1340 1793 1411">
    <p class='ocr_par' dir='ltr' id='par_1_12' title="bbox 237 1340 1793 1411">
     <span class='ocr_line' id='line_1_12' title="bbox 237 1340 1793 1411; baseline -0.005 -10"><span class='ocrx_word' id='word_1_82' title='bbox 237 1346 482 1411; x_wconf 85' lang='lat' dir='ltr'><strong>eiemlas,</strong></span> <span class='ocrx_word' id='word_1_83' title='bbox 517 1347 561 1399; x_wconf 90' lang='lat' dir='ltr'><strong>si</strong></span> <span class='ocrx_word' id='word_1_84' title='bbox 594 1346 768 1401; x_wconf 89' lang='lat' dir='ltr'><strong>serius</strong></span> <span class='ocrx_word' id='word_1_85' title='bbox 796 1340 1020 1411; x_wconf 90' lang='lat' dir='ltr'><strong>profecti</strong></span> <span class='ocrx_word' id='word_1_86' title='bbox 1051 1341 1297 1397; x_wconf 82' lang='lat' dir='ltr'><strong>fuissent.</strong></span> <span class='ocrx_word' id='word_1_87' title='bbox 1339 1340 1620 1393; x_wconf 83' lang='lat' dir='ltr'><strong>Probabile</strong></span> <span class='ocrx_word' id='word_1_88' title='bbox 1651 1340 1793 1393; x_wconf 89' lang='lat' dir='ltr'><strong>enim</strong></span> 
     </span>
    </p>
   </div>
   <div class='ocr_carea' id='block_1_13' title="bbox 236 1431 1790 1502">
    <p class='ocr_par' dir='ltr' id='par_1_13' title="bbox 236 1431 1790 1502">
     <span class='ocr_line' id='line_1_13' title="bbox 236 1431 1790 1502; baseline -0.003 -11"><span class='ocrx_word' id='word_1_89' title='bbox 236 1446 314 1491; x_wconf 90' lang='lat' dir='ltr'><strong>est</strong></span> <span class='ocrx_word' id='word_1_90' title='bbox 346 1435 467 1491; x_wconf 91' lang='lat' dir='ltr'><strong>illos</strong></span> <span class='ocrx_word' id='word_1_91' title='bbox 522 1438 621 1491; x_wconf 85' lang='lat' dir='ltr'><strong>has</strong></span> <span class='ocrx_word' id='word_1_92' title='bbox 670 1434 940 1502; x_wconf 72' lang='lat' dir='ltr'><strong>regiones,</strong></span> <span class='ocrx_word' id='word_1_93' title='bbox 973 1444 1030 1488; x_wconf 92' lang='lat' dir='ltr'><strong>ut</strong></span> <span class='ocrx_word' id='word_1_94' title='bbox 1063 1434 1339 1488; x_wconf 78' lang='lat' dir='ltr'><strong>existimat</strong></span> <span class='ocrx_word' id='word_1_95' title='bbox 1399 1431 1790 1496; x_wconf 86' lang='lat' dir='ltr'><strong>Tillemontius,</strong></span> 
     </span>
    </p>
   </div>
   <div class='ocr_carea' id='block_1_14' title="bbox 238 1522 1795 1594">
    <p class='ocr_par' dir='ltr' id='par_1_14' title="bbox 238 1522 1795 1594">
     <span class='ocr_line' id='line_1_14' title="bbox 238 1522 1795 1594; baseline -0.002 -14"><span class='ocrx_word' id='word_1_96' title='bbox 238 1539 330 1581; x_wconf 90' lang='lat' dir='ltr'><strong>aut</strong></span> <span class='ocrx_word' id='word_1_97' title='bbox 374 1528 537 1583; x_wconf 87' lang='lat' dir='ltr'><strong>simul</strong></span> <span class='ocrx_word' id='word_1_98' title='bbox 570 1539 914 1594; x_wconf 77' lang='lat' dir='ltr'><strong>peragrasse,</strong></span> <span class='ocrx_word' id='word_1_99' title='bbox 942 1533 1035 1577; x_wconf 91' lang='lat' dir='ltr'><strong>aut</strong></span> <span class='ocrx_word' id='word_1_100' title='bbox 1071 1524 1258 1580; x_wconf 91' lang='lat' dir='ltr'><strong>saltem</strong></span> <span class='ocrx_word' id='word_1_101' title='bbox 1288 1523 1522 1576; x_wconf 79' lang='lat' dir='ltr'><strong>laborem</strong></span> <span class='ocrx_word' id='word_1_102' title='bbox 1562 1522 1700 1576; x_wconf 90' lang='lat' dir='ltr'><strong>inter</strong></span> <span class='ocrx_word' id='word_1_103' title='bbox 1737 1537 1795 1577; x_wconf 86' lang='lat' dir='ltr'><strong>se</strong></span> 
     </span>
    </p>
   </div>
   <div class='ocr_carea' id='block_1_15' title="bbox 235 1623 624 1689">
    <p class='ocr_par' dir='ltr' id='par_1_15' title="bbox 235 1623 624 1689">
     <span class='ocr_line' id='line_1_15' title="bbox 235 1623 624 1689; baseline -0.01 -15"><span class='ocrx_word' id='word_1_104' title='bbox 235 1623 461 1689; x_wconf 90' lang='lat' dir='ltr'><strong>partitos</strong></span> <span class='ocrx_word' id='word_1_105' title='bbox 487 1632 624 1672; x_wconf 83' lang='lat' dir='ltr'><strong>esse.</strong></span> 
     </span>
    </p>
   </div>
   <div class='ocr_carea' id='block_1_16' title="bbox 311 1706 1791 1779">
    <p class='ocr_par' dir='ltr' id='par_1_16' title="bbox 311 1706 1791 1779">
     <span class='ocr_line' id='line_1_16' title="bbox 311 1706 1791 1779; baseline -0.007 -12"><span class='ocrx_word' id='word_1_106' title='bbox 311 1714 429 1767; x_wconf 78' lang='lat' dir='ltr'><strong>Dixi</strong></span> <span class='ocrx_word' id='word_1_107' title='bbox 488 1713 693 1779; x_wconf 88' lang='lat' dir='ltr'><strong>legatos</strong></span> <span class='ocrx_word' id='word_1_108' title='bbox 726 1709 955 1763; x_wconf 86' lang='lat' dir='ltr'><strong>rediisse</strong></span> <span class='ocrx_word' id='word_1_109' title='bbox 984 1723 1147 1762; x_wconf 88' lang='lat' dir='ltr'><strong>verno</strong></span> <span class='ocrx_word' id='word_1_110' title='bbox 1203 1718 1440 1776; x_wconf 87' lang='lat' dir='ltr'><strong>tempore</strong></span> <span class='ocrx_word' id='word_1_111' title='bbox 1488 1708 1613 1759; x_wconf 90' lang='lat' dir='ltr'><strong>anui</strong></span> <span class='ocrx_word' id='word_1_112' title='bbox 1668 1706 1791 1769; x_wconf 84' lang='grc'>567,</span> 
     </span>
    </p>
   </div>
   <div class='ocr_carea' id='block_1_17' title="bbox 236 1799 1789 1873">
    <p class='ocr_par' dir='ltr' id='par_1_17' title="bbox 236 1799 1789 1873">
     <span class='ocr_line' id='line_1_17' title="bbox 236 1799 1789 1873; baseline -0.003 -17"><span class='ocrx_word' id='word_1_113' title='bbox 236 1806 356 1873; x_wconf 83' lang='lat' dir='ltr'><strong>quia</strong></span> <span class='ocrx_word' id='word_1_114' title='bbox 395 1802 683 1855; x_wconf 87' lang='lat' dir='ltr'><strong>redeuntes</strong></span> <span class='ocrx_word' id='word_1_115' title='bbox 740 1800 937 1854; x_wconf 88' lang='lat' dir='ltr'><strong>Liberii</strong></span> <span class='ocrx_word' id='word_1_116' title='bbox 993 1800 1201 1853; x_wconf 90' lang='lat' dir='ltr'><strong>litteras</strong></span> <span class='ocrx_word' id='word_1_117' title='bbox 1257 1799 1489 1852; x_wconf 90' lang='lat' dir='ltr'><strong>concilio</strong></span> <span class='ocrx_word' id='word_1_118' title='bbox 1522 1799 1789 1870; x_wconf 80' lang='lat' dir='ltr'><strong>Tyanensi</strong></span> 
     </span>
    </p>
   </div>
   <div class='ocr_carea' id='block_1_18' title="bbox 235 1891 1790 1959">
    <p class='ocr_par' dir='ltr' id='par_1_18' title="bbox 235 1891 1790 1959">
     <span class='ocr_line' id='line_1_18' title="bbox 235 1891 1790 1959; baseline -0.003 -12"><span class='ocrx_word' id='word_1_119' title='bbox 235 1894 566 1959; x_wconf 89' lang='lat' dir='ltr'><strong>obtulerunt,</strong></span> <span class='ocrx_word' id='word_1_120' title='bbox 600 1895 687 1949; x_wconf 91' lang='lat' dir='ltr'><strong>cui</strong></span> <span class='ocrx_word' id='word_1_121' title='bbox 718 1892 859 1945; x_wconf 88' lang='lat' dir='ltr'><strong>aliud</strong></span> <span class='ocrx_word' id='word_1_122' title='bbox 893 1901 1103 1959; x_wconf 88' lang='lat' dir='ltr'><strong>tempus</strong></span> <span class='ocrx_word' id='word_1_123' title='bbox 1131 1891 1389 1959; x_wconf 80' lang='lat' dir='ltr'><strong>assignari</strong></span> <span class='ocrx_word' id='word_1_124' title='bbox 1440 1908 1545 1945; x_wconf 90' lang='lat' dir='ltr'><strong>non</strong></span> <span class='ocrx_word' id='word_1_125' title='bbox 1593 1901 1790 1958; x_wconf 86' lang='lat' dir='ltr'><strong>potest.</strong></span> 
     </span>
    </p>
   </div>
   <div class='ocr_carea' id='block_1_19' title="bbox 235 1984 1792 2055">
    <p class='ocr_par' dir='ltr' id='par_1_19' title="bbox 235 1984 1792 2055">
     <span class='ocr_line' id='line_1_19' title="bbox 235 1984 1792 2055; baseline -0.003 -17"><span class='ocrx_word' id='word_1_126' title='bbox 235 1986 289 2038; x_wconf 94' lang='lat' dir='ltr'><strong>ln</strong></span> <span class='ocrx_word' id='word_1_127' title='bbox 326 1987 425 2041; x_wconf 89' lang='lat' dir='ltr'><strong>hac</strong></span> <span class='ocrx_word' id='word_1_128' title='bbox 455 1990 598 2040; x_wconf 89' lang='lat' dir='ltr'><strong>enim</strong></span> <span class='ocrx_word' id='word_1_129' title='bbox 632 1986 837 2055; x_wconf 85' lang='lat' dir='ltr'><strong>synodo</strong></span> <span class='ocrx_word' id='word_1_130' title='bbox 880 1994 1137 2039; x_wconf 90' lang='lat' dir='ltr'><strong>statutum</strong></span> <span class='ocrx_word' id='word_1_131' title='bbox 1165 1985 1261 2055; x_wconf 85' lang='lat' dir='ltr'><strong>(b),</strong></span> <span class='ocrx_word' id='word_1_132' title='bbox 1298 1995 1356 2039; x_wconf 93' lang='lat' dir='ltr'><strong>ut</strong></span> <span class='ocrx_word' id='word_1_133' title='bbox 1394 1984 1633 2051; x_wconf 84' lang='lat' dir='ltr'><strong>episcopi</strong></span> <span class='ocrx_word' id='word_1_134' title='bbox 1670 1994 1792 2035; x_wconf 91' lang='lat' dir='ltr'><strong>ante</strong></span> 
     </span>
    </p>
   </div>
   <div class='ocr_carea' id='block_1_20' title="bbox 232 2068 1791 2139">
    <p class='ocr_par' dir='ltr' id='par_1_20' title="bbox 232 2068 1791 2139">
     <span class='ocr_line' id='line_1_20' title="bbox 232 2068 1791 2139; baseline -0.004 -12"><span class='ocrx_word' id='word_1_135' title='bbox 232 2076 427 2129; x_wconf 70' lang='lat' dir='ltr'><strong>exitum</strong></span> <span class='ocrx_word' id='word_1_136' title='bbox 477 2078 627 2139; x_wconf 58' lang='lat' dir='ltr'><strong>veris,</strong></span> <span class='ocrx_word' id='word_1_137' title='bbox 667 2075 716 2127; x_wconf 91' lang='lat' dir='ltr'><strong>id</strong></span> <span class='ocrx_word' id='word_1_138' title='bbox 768 2081 850 2129; x_wconf 87' lang='lat' dir='ltr'><strong>est</strong></span> <span class='ocrx_word' id='word_1_139' title='bbox 896 2086 1022 2128; x_wconf 85' lang='lat' dir='ltr'><strong>ante</strong></span> <span class='ocrx_word' id='word_1_140' title='bbox 1053 2075 1259 2128; x_wconf 79' lang='lat' dir='ltr'><strong>:estatis</strong></span> <span class='ocrx_word' id='word_1_141' title='bbox 1307 2071 1516 2123; x_wconf 87' lang='lat' dir='ltr'><strong>calores</strong></span> <span class='ocrx_word' id='word_1_142' title='bbox 1559 2068 1791 2123; x_wconf 89' lang='lat' dir='ltr'><strong>Tarsum</strong></span> 
     </span>
    </p>
   </div>
   <div class='ocr_carea' id='block_1_21' title="bbox 235 2160 1793 2220">
    <p class='ocr_par' dir='ltr' id='par_1_21' title="bbox 235 2160 1793 2220">
     <span class='ocr_line' id='line_1_21' title="bbox 235 2160 1793 2220; baseline -0.003 -3"><span class='ocrx_word' id='word_1_143' title='bbox 235 2165 435 2218; x_wconf 68' lang='lat' dir='ltr'><strong>(lilii-ire</strong></span> <span class='ocrx_word' id='word_1_144' title='bbox 467 2167 845 2220; x_wconf 89' lang='lat' dir='ltr'><strong>convenirent.</strong></span> <span class='ocrx_word' id='word_1_145' title='bbox 885 2166 997 2220; x_wconf 84' lang='lat' dir='ltr'><strong>lloc</strong></span> <span class='ocrx_word' id='word_1_146' title='bbox 1049 2171 1226 2215; x_wconf 89' lang='lat' dir='ltr'><strong>autem</strong></span> <span class='ocrx_word' id='word_1_147' title='bbox 1283 2177 1424 2214; x_wconf 90' lang='lat' dir='ltr'><strong>anno</strong></span> <span class='ocrx_word' id='word_1_148' title='bbox 1461 2160 1565 2213; x_wconf 74' lang='lat'><strong>367</strong></span> <span class='ocrx_word' id='word_1_149' title='bbox 1619 2161 1793 2214; x_wconf 90' lang='lat' dir='ltr'><strong>couti-</strong></span> 
     </span>
    </p>
   </div>
   <div class='ocr_carea' id='block_1_22' title="bbox 234 2252 1790 2325">
    <p class='ocr_par' dir='ltr' id='par_1_22' title="bbox 234 2252 1790 2325">
     <span class='ocr_line' id='line_1_22' title="bbox 234 2252 1790 2325; baseline -0.002 -19"><span class='ocrx_word' id='word_1_150' title='bbox 234 2256 375 2323; x_wconf 87' lang='lat' dir='ltr'><strong>gisse</strong></span> <span class='ocrx_word' id='word_1_151' title='bbox 414 2266 585 2323; x_wconf 88' lang='lat' dir='ltr'><strong>patet,</strong></span> <span class='ocrx_word' id='word_1_152' title='bbox 631 2258 758 2325; x_wconf 90' lang='lat' dir='ltr'><strong>quia</strong></span> <span class='ocrx_word' id='word_1_153' title='bbox 824 2254 1100 2324; x_wconf 73' lang='lat' dir='ltr'><strong>probabile</strong></span> <span class='ocrx_word' id='word_1_154' title='bbox 1145 2267 1249 2305; x_wconf 89' lang='lat' dir='ltr'><strong>non</strong></span> <span class='ocrx_word' id='word_1_155' title='bbox 1284 2262 1368 2305; x_wconf 88' lang='lat' dir='ltr'><strong>est</strong></span> <span class='ocrx_word' id='word_1_156' title='bbox 1413 2252 1617 2321; x_wconf 79' lang='lat' dir='ltr'><strong>legatos</strong></span> <span class='ocrx_word' id='word_1_157' title='bbox 1670 2259 1790 2319; x_wconf 91' lang='lat' dir='ltr'><strong>post</strong></span> 
     </span>
    </p>
   </div>
   <div class='ocr_carea' id='block_1_23' title="bbox 234 2343 1790 2414">
    <p class='ocr_par' dir='ltr' id='par_1_23' title="bbox 234 2343 1790 2414">
     <span class='ocr_line' id='line_1_23' title="bbox 234 2343 1790 2414; baseline -0.003 -16"><span class='ocrx_word' id='word_1_158' title='bbox 234 2348 440 2400; x_wconf 90' lang='lat' dir='ltr'><strong>obitum</strong></span> <span class='ocrx_word' id='word_1_159' title='bbox 485 2346 715 2409; x_wconf 89' lang='lat' dir='ltr'><strong>Liberii,</strong></span> <span class='ocrx_word' id='word_1_160' title='bbox 758 2347 849 2414; x_wconf 90' lang='lat' dir='ltr'><strong>qui</strong></span> <span class='ocrx_word' id='word_1_161' title='bbox 896 2359 1078 2398; x_wconf 89' lang='lat' dir='ltr'><strong>mense</strong></span> <span class='ocrx_word' id='word_1_162' title='bbox 1128 2344 1429 2414; x_wconf 84' lang='lat' dir='ltr'><strong>Septembri</strong></span> <span class='ocrx_word' id='word_1_163' title='bbox 1483 2360 1626 2396; x_wconf 87' lang='lat' dir='ltr'><strong>anno</strong></span> <span class='ocrx_word' id='word_1_164' title='bbox 1679 2343 1790 2396; x_wconf 80' lang='lat'><strong>566</strong></span> 
     </span>
    </p>
   </div>
   <div class='ocr_carea' id='block_1_24' title="bbox 236 2437 1788 2502">
    <p class='ocr_par' dir='ltr' id='par_1_24' title="bbox 236 2437 1788 2502">
     <span class='ocr_line' id='line_1_24' title="bbox 236 2437 1788 2502; baseline -0.004 -9"><span class='ocrx_word' id='word_1_165' title='bbox 236 2454 482 2494; x_wconf 92' lang='lat' dir='ltr'><strong>mortuus</strong></span> <span class='ocrx_word' id='word_1_166' title='bbox 516 2451 622 2500; x_wconf 72' lang='lat' dir='ltr'><strong>est,</strong></span> <span class='ocrx_word' id='word_1_167' title='bbox 658 2449 764 2489; x_wconf 85' lang='lat' dir='ltr'><strong>tam</strong></span> <span class='ocrx_word' id='word_1_168' title='bbox 814 2438 902 2491; x_wconf 91' lang='lat' dir='ltr'><strong>diu</strong></span> <span class='ocrx_word' id='word_1_169' title='bbox 951 2450 1187 2493; x_wconf 87' lang='lat' dir='ltr'><strong>moratos</strong></span> <span class='ocrx_word' id='word_1_170' title='bbox 1226 2452 1367 2502; x_wconf 87' lang='lat' dir='ltr'><strong>esse,</strong></span> <span class='ocrx_word' id='word_1_171' title='bbox 1408 2446 1465 2489; x_wconf 85' lang='lat' dir='ltr'><strong>ut</strong></span> <span class='ocrx_word' id='word_1_172' title='bbox 1507 2452 1612 2488; x_wconf 89' lang='lat' dir='ltr'><strong>non</strong></span> <span class='ocrx_word' id='word_1_173' title='bbox 1645 2437 1788 2488; x_wconf 85' lang='lat' dir='ltr'><strong>redi—</strong></span> 
     </span>
    </p>
   </div>
   <div class='ocr_carea' id='block_1_25' title="bbox 239 2526 817 2583">
    <p class='ocr_par' dir='ltr' id='par_1_25' title="bbox 239 2526 817 2583">
     <span class='ocr_line' id='line_1_25' title="bbox 239 2526 817 2583; baseline -0.009 0"><span class='ocrx_word' id='word_1_174' title='bbox 239 2541 355 2583; x_wconf 84' lang='lat' dir='ltr'><strong>rent</strong></span> <span class='ocrx_word' id='word_1_175' title='bbox 386 2529 487 2581; x_wconf 88' lang='lat' dir='ltr'><strong>nisi</strong></span> <span class='ocrx_word' id='word_1_176' title='bbox 527 2543 667 2580; x_wconf 90' lang='lat' dir='ltr'><strong>anno</strong></span> <span class='ocrx_word' id='word_1_177' title='bbox 694 2526 817 2580; x_wconf 82' lang='lat'><strong>568.</strong></span> 
     </span>
    </p>
   </div>
   <div class='ocr_carea' id='block_1_26' title="bbox 304 2615 1791 2678">
    <p class='ocr_par' dir='ltr' id='par_1_26' title="bbox 304 2615 1791 2678">
     <span class='ocr_line' id='line_1_26' title="bbox 304 2615 1791 2678; baseline -0.003 -6"><span class='ocrx_word' id='word_1_178' title='bbox 304 2618 523 2672; x_wconf 64' lang='lat' dir='ltr'><strong>Praefuit</strong></span> <span class='ocrx_word' id='word_1_179' title='bbox 554 2618 678 2672; x_wconf 88' lang='lat' dir='ltr'><strong>huic</strong></span> <span class='ocrx_word' id='word_1_180' title='bbox 724 2620 949 2674; x_wconf 85' lang='lat' dir='ltr'><strong>concilio</strong></span> <span class='ocrx_word' id='word_1_181' title='bbox 990 2617 1255 2674; x_wconf 83' lang='lat' dir='ltr'><strong>Eusebius</strong></span> <span class='ocrx_word' id='word_1_182' title='bbox 1293 2615 1662 2678; x_wconf 68' lang='lat' dir='ltr'><strong>Cresariensis,</strong></span> <span class='ocrx_word' id='word_1_183' title='bbox 1693 2629 1791 2667; x_wconf 91' lang='lat' dir='ltr'><strong>nec</strong></span> 
     </span>
    </p>
   </div>
   <div class='ocr_carea' id='block_1_27' title="bbox 231 2708 1791 2779">
    <p class='ocr_par' dir='ltr' id='par_1_27' title="bbox 231 2708 1791 2779">
     <span class='ocr_line' id='line_1_27' title="bbox 231 2708 1791 2779; baseline -0.004 -13"><span class='ocrx_word' id='word_1_184' title='bbox 231 2712 450 2766; x_wconf 89' lang='lat' dir='ltr'><strong>dubium</strong></span> <span class='ocrx_word' id='word_1_185' title='bbox 489 2722 573 2765; x_wconf 90' lang='lat' dir='ltr'><strong>est</strong></span> <span class='ocrx_word' id='word_1_186' title='bbox 606 2713 733 2779; x_wconf 88' lang='lat' dir='ltr'><strong>quin</strong></span> <span class='ocrx_word' id='word_1_187' title='bbox 755 2727 877 2765; x_wconf 91' lang='lat' dir='ltr'><strong>eum</strong></span> <span class='ocrx_word' id='word_1_188' title='bbox 907 2719 1125 2764; x_wconf 88' lang='lat' dir='ltr'><strong>secutus</strong></span> <span class='ocrx_word' id='word_1_189' title='bbox 1150 2709 1219 2762; x_wconf 90' lang='lat' dir='ltr'><strong>sit</strong></span> <span class='ocrx_word' id='word_1_190' title='bbox 1263 2708 1513 2779; x_wconf 81' lang='lat' dir='ltr'><strong>Basilius,</strong></span> <span class='ocrx_word' id='word_1_191' title='bbox 1545 2722 1637 2763; x_wconf 87' lang='lat' dir='ltr'><strong>aut</strong></span> <span class='ocrx_word' id='word_1_192' title='bbox 1680 2710 1791 2761; x_wconf 84' lang='lat' dir='ltr'><strong>sal-</strong></span> 
     </span>
    </p>
   </div>
   <div class='ocr_carea' id='block_1_28' title="bbox 234 2799 1792 2867">
    <p class='ocr_par' dir='ltr' id='par_1_28' title="bbox 234 2799 1792 2867">
     <span class='ocr_line' id='line_1_28' title="bbox 234 2799 1792 2867; baseline -0.004 -11"><span class='ocrx_word' id='word_1_193' title='bbox 234 2816 362 2866; x_wconf 90' lang='lat' dir='ltr'><strong>tem,</strong></span> <span class='ocrx_word' id='word_1_194' title='bbox 396 2815 454 2857; x_wconf 94' lang='lat' dir='ltr'><strong>ut</strong></span> <span class='ocrx_word' id='word_1_195' title='bbox 487 2804 540 2857; x_wconf 93' lang='lat' dir='ltr'><strong>in</strong></span> <span class='ocrx_word' id='word_1_196' title='bbox 574 2804 693 2857; x_wconf 89' lang='lat' dir='ltr'><strong>aliis</strong></span> <span class='ocrx_word' id='word_1_197' title='bbox 719 2805 901 2863; x_wconf 86' lang='lat' dir='ltr'><strong>rebus,</strong></span> <span class='ocrx_word' id='word_1_198' title='bbox 936 2801 1005 2853; x_wconf 85' lang='lat' dir='ltr'><strong>ita</strong></span> <span class='ocrx_word' id='word_1_199' title='bbox 1045 2803 1096 2853; x_wconf 89' lang='lat' dir='ltr'><strong>in</strong></span> <span class='ocrx_word' id='word_1_200' title='bbox 1135 2802 1236 2853; x_wconf 91' lang='lat' dir='ltr'><strong>hoc</strong></span> <span class='ocrx_word' id='word_1_201' title='bbox 1267 2800 1509 2867; x_wconf 88' lang='lat' dir='ltr'><strong>cogendo</strong></span> <span class='ocrx_word' id='word_1_202' title='bbox 1561 2799 1792 2851; x_wconf 85' lang='lat' dir='ltr'><strong>concilio</strong></span> 
     </span>
    </p>
   </div>
   <div class='ocr_carea' id='block_1_29' title="bbox 231 2892 1795 2963">
    <p class='ocr_par' dir='ltr' id='par_1_29' title="bbox 231 2892 1795 2963">
     <span class='ocr_line' id='line_1_29' title="bbox 231 2892 1795 2963; baseline -0.003 -15"><span class='ocrx_word' id='word_1_203' title='bbox 231 2897 344 2948; x_wconf 87' lang='lat' dir='ltr'><strong>suis</strong></span> <span class='ocrx_word' id='word_1_204' title='bbox 385 2912 510 2949; x_wconf 91' lang='lat' dir='ltr'><strong>eum</strong></span> <span class='ocrx_word' id='word_1_205' title='bbox 557 2895 803 2950; x_wconf 74' lang='lat' dir='ltr'><strong>consiliis</strong></span> <span class='ocrx_word' id='word_1_206' title='bbox 866 2893 1089 2963; x_wconf 87' lang='lat' dir='ltr'><strong>juverit.</strong></span> <span class='ocrx_word' id='word_1_207' title='bbox 1161 2892 1377 2961; x_wconf 81' lang='lat' dir='ltr'><strong>Synodo</strong></span> <span class='ocrx_word' id='word_1_208' title='bbox 1436 2892 1795 2945; x_wconf 87' lang='lat' dir='ltr'><strong>interfuerunt</strong></span> 
     </span>
    </p>
   </div>
   <div class='ocr_carea' id='block_1_30' title="bbox 230 2981 1792 3055">
    <p class='ocr_par' dir='ltr' id='par_1_30' title="bbox 230 2981 1792 3055">
     <span class='ocr_line' id='line_1_30' title="bbox 230 2981 1792 3055; baseline -0.003 -16"><span class='ocrx_word' id='word_1_209' title='bbox 230 2987 563 3039; x_wconf 79' lang='lat' dir='ltr'><strong>Athanasius</strong></span> <span class='ocrx_word' id='word_1_210' title='bbox 626 2986 888 3055; x_wconf 77' lang='lat' dir='ltr'><strong>Ancyrze,</strong></span> <span class='ocrx_word' id='word_1_211' title='bbox 960 2984 1214 3053; x_wconf 81' lang='lat' dir='ltr'><strong>Pelagius</strong></span> <span class='ocrx_word' id='word_1_212' title='bbox 1270 2983 1587 3045; x_wconf 70' lang='lat' dir='ltr'><strong>Laodicea),</strong></span> <span class='ocrx_word' id='word_1_213' title='bbox 1647 2981 1792 3036; x_wconf 86' lang='lat' dir='ltr'><strong>Zeno</strong></span> 
     </span>
    </p>
   </div>
   <div class='ocr_carea' id='block_1_31' title="bbox 230 3072 1792 3146">
    <p class='ocr_par' dir='ltr' id='par_1_31' title="bbox 230 3072 1792 3146">
     <span class='ocr_line' id='line_1_31' title="bbox 230 3072 1792 3146; baseline -0.006 -14"><span class='ocrx_word' id='word_1_214' title='bbox 230 3077 381 3146; x_wconf 82' lang='lat' dir='ltr'><strong>Tyri,</strong></span> <span class='ocrx_word' id='word_1_215' title='bbox 422 3076 624 3130; x_wconf 83' lang='lat' dir='ltr'><strong>Paulus</strong></span> <span class='ocrx_word' id='word_1_216' title='bbox 650 3077 876 3141; x_wconf 66' lang='lat' dir='ltr'><strong>Einesat,</strong></span> <span class='ocrx_word' id='word_1_217' title='bbox 926 3076 1139 3131; x_wconf 86' lang='lat' dir='ltr'><strong>Otreius</strong></span> <span class='ocrx_word' id='word_1_218' title='bbox 1186 3074 1457 3138; x_wconf 71' lang='lat' dir='ltr'><strong>Melitium,</strong></span> <span class='ocrx_word' id='word_1_219' title='bbox 1500 3072 1792 3141; x_wconf 71' lang='lat' dir='ltr'><strong>Gregorius</strong></span> 
     </span>
    </p>
   </div>
   <div class='ocr_carea' id='block_1_32' title="bbox 1899 604 3463 679">
    <p class='ocr_par' dir='ltr' id='par_1_32' title="bbox 1899 604 3463 679">
     <span class='ocr_line' id='line_1_32' title="bbox 1899 604 3463 679; baseline -0.004 -14"><span class='ocrx_word' id='word_1_220' title='bbox 1899 612 2129 674; x_wconf 84' lang='lat' dir='ltr'><strong>litteras,</strong></span> <span class='ocrx_word' id='word_1_221' title='bbox 2166 626 2289 679; x_wconf 78' lang='lat' dir='ltr'><strong>qua:</strong></span> <span class='ocrx_word' id='word_1_222' title='bbox 2320 623 2441 662; x_wconf 89' lang='lat' dir='ltr'><strong>cum</strong></span> <span class='ocrx_word' id='word_1_223' title='bbox 2481 609 2531 661; x_wconf 89' lang='lat' dir='ltr'><strong>iu</strong></span> <span class='ocrx_word' id='word_1_224' title='bbox 2565 609 2933 677; x_wconf 69' lang='lat' dir='ltr'><strong>episcopatum</strong></span> <span class='ocrx_word' id='word_1_225' title='bbox 2978 604 3351 665; x_wconf 87' lang='lat' dir='ltr'><strong>restituebant,</strong></span> <span class='ocrx_word' id='word_1_226' title='bbox 3412 606 3463 659; x_wconf 87' lang='lat' dir='ltr'><strong>id</strong></span> 
     </span>
    </p>
   </div>
   <div class='ocr_carea' id='block_1_33' title="bbox 1900 693 3465 765">
    <p class='ocr_par' dir='ltr' id='par_1_33' title="bbox 1900 693 3465 765">
     <span class='ocr_line' id='line_1_33' title="bbox 1900 693 3465 765; baseline -0.005 -8"><span class='ocrx_word' id='word_1_227' title='bbox 1900 705 1964 757; x_wconf 92' lang='lat' dir='ltr'><strong>de</strong></span> <span class='ocrx_word' id='word_1_228' title='bbox 1990 702 2178 756; x_wconf 87' lang='lat' dir='ltr'><strong>litteris</strong></span> <span class='ocrx_word' id='word_1_229' title='bbox 2202 700 2399 755; x_wconf 90' lang='lat' dir='ltr'><strong>Liberii</strong></span> <span class='ocrx_word' id='word_1_230' title='bbox 2430 700 2629 752; x_wconf 87' lang='lat' dir='ltr'><strong>dictmn</strong></span> <span class='ocrx_word' id='word_1_231' title='bbox 2664 701 2893 759; x_wconf 72' lang='lat' dir='ltr'><strong>videtur.</strong></span> <span class='ocrx_word' id='word_1_232' title='bbox 2921 699 2972 750; x_wconf 90' lang='lat' dir='ltr'><strong>in</strong></span> <span class='ocrx_word' id='word_1_233' title='bbox 2999 696 3193 765; x_wconf 83' lang='lat' dir='ltr'><strong>quibus</strong></span> <span class='ocrx_word' id='word_1_234' title='bbox 3221 693 3465 749; x_wconf 86' lang='lat' dir='ltr'><strong>Liberius</strong></span> 
     </span>
    </p>
   </div>
   <div class='ocr_carea' id='block_1_34' title="bbox 1898 788 3464 861">
    <p class='ocr_par' dir='ltr' id='par_1_34' title="bbox 1898 788 3464 861">
     <span class='ocr_line' id='line_1_34' title="bbox 1898 788 3464 861; baseline -0.008 -12"><span class='ocrx_word' id='word_1_235' title='bbox 1898 794 2178 849; x_wconf 84' lang='lat' dir='ltr'><strong>Eustatbio</strong></span> <span class='ocrx_word' id='word_1_236' title='bbox 2214 805 2267 848; x_wconf 88' lang='lat' dir='ltr'><strong>et</strong></span> <span class='ocrx_word' id='word_1_237' title='bbox 2290 792 2502 845; x_wconf 89' lang='lat' dir='ltr'><strong>duobus</strong></span> <span class='ocrx_word' id='word_1_238' title='bbox 2543 791 2661 844; x_wconf 88' lang='lat' dir='ltr'><strong>aliis</strong></span> <span class='ocrx_word' id='word_1_239' title='bbox 2686 792 2873 861; x_wconf 84' lang='lat' dir='ltr'><strong>legatis</strong></span> <span class='ocrx_word' id='word_1_240' title='bbox 2908 790 3165 843; x_wconf 84' lang='lat' dir='ltr'><strong>honorem</strong></span> <span class='ocrx_word' id='word_1_241' title='bbox 3192 788 3371 846; x_wconf 88' lang='lat' dir='ltr'><strong>habet,</strong></span> <span class='ocrx_word' id='word_1_242' title='bbox 3410 797 3464 837; x_wconf 92' lang='lat' dir='ltr'><strong>ut</strong></span> 
     </span>
    </p>
   </div>
   <div class='ocr_carea' id='block_1_35' title="bbox 1896 882 3466 951">
    <p class='ocr_par' dir='ltr' id='par_1_35' title="bbox 1896 882 3466 951">
     <span class='ocr_line' id='line_1_35' title="bbox 1896 882 3466 951; baseline -0.007 -11"><span class='ocrx_word' id='word_1_243' title='bbox 1896 884 2116 951; x_wconf 82' lang='lat' dir='ltr'><strong>collegis</strong></span> <span class='ocrx_word' id='word_1_244' title='bbox 2142 885 2253 938; x_wconf 87' lang='lat' dir='ltr'><strong>suis</strong></span> <span class='ocrx_word' id='word_1_245' title='bbox 2280 899 2341 939; x_wconf 89' lang='lat' dir='ltr'><strong>ac</strong></span> <span class='ocrx_word' id='word_1_246' title='bbox 2380 883 2633 951; x_wconf 85' lang='lat' dir='ltr'><strong>legitimis</strong></span> <span class='ocrx_word' id='word_1_247' title='bbox 2663 882 2930 950; x_wconf 87' lang='lat' dir='ltr'><strong>episcopis</strong></span> <span class='ocrx_word' id='word_1_248' title='bbox 2956 897 2970 946; x_wconf 89' lang='lat'><strong>;</strong></span> <span class='ocrx_word' id='word_1_249' title='bbox 3002 894 3100 933; x_wconf 88' lang='lat' dir='ltr'><strong>nec</strong></span> <span class='ocrx_word' id='word_1_250' title='bbox 3137 894 3359 934; x_wconf 87' lang='lat' dir='ltr'><strong>necesse</strong></span> <span class='ocrx_word' id='word_1_251' title='bbox 3381 888 3466 932; x_wconf 90' lang='lat' dir='ltr'><strong>est</strong></span> 
     </span>
    </p>
   </div>
   <div class='ocr_carea' id='block_1_36' title="bbox 1896 971 3462 1031">
    <p class='ocr_par' dir='ltr' id='par_1_36' title="bbox 1896 971 3462 1031">
     <span class='ocr_line' id='line_1_36' title="bbox 1896 971 3462 1031; baseline -0.007 0"><span class='ocrx_word' id='word_1_252' title='bbox 1896 992 2017 1031; x_wconf 88' lang='lat' dir='ltr'><strong>cum</strong></span> <span class='ocrx_word' id='word_1_253' title='bbox 2052 973 2279 1029; x_wconf 70' lang='lat' dir='ltr'><strong>Barouio</strong></span> <span class='ocrx_word' id='word_1_254' title='bbox 2332 975 2465 1029; x_wconf 79' lang='lat' dir='ltr'><strong>alias</strong></span> <span class='ocrx_word' id='word_1_255' title='bbox 2507 972 2719 1026; x_wconf 88' lang='lat' dir='ltr'><strong>litteras</strong></span> <span class='ocrx_word' id='word_1_256' title='bbox 2760 971 3117 1027; x_wconf 86' lang='lat' dir='ltr'><strong>comminisci.</strong></span> <span class='ocrx_word' id='word_1_257' title='bbox 3180 972 3270 1026; x_wconf 74' lang='lat' dir='ltr'><strong>Sic</strong></span> <span class='ocrx_word' id='word_1_258' title='bbox 3318 971 3462 1025; x_wconf 87' lang='lat' dir='ltr'><strong>enim</strong></span> 
     </span>
    </p>
   </div>
   <div class='ocr_carea' id='block_1_37' title="bbox 1898 1064 3465 1133">
    <p class='ocr_par' dir='ltr' id='par_1_37' title="bbox 1898 1064 3465 1133">
     <span class='ocr_line' id='line_1_37' title="bbox 1898 1064 3465 1133; baseline -0.005 -12"><span class='ocrx_word' id='word_1_259' title='bbox 1898 1066 2131 1121; x_wconf 81' lang='lat' dir='ltr'><strong>Basilius</strong></span> <span class='ocrx_word' id='word_1_260' title='bbox 2168 1066 2364 1121; x_wconf 84' lang='lat' dir='ltr'><strong>litteris</strong></span> <span class='ocrx_word' id='word_1_261' title='bbox 2419 1067 2635 1120; x_wconf 88' lang='lat' dir='ltr'><strong>Damasi</strong></span> <span class='ocrx_word' id='word_1_262' title='bbox 2686 1066 3055 1133; x_wconf 74' lang='lat' dir='ltr'><strong>episcopatum</strong></span> <span class='ocrx_word' id='word_1_263' title='bbox 3111 1064 3465 1116; x_wconf 77' lang='lat' dir='ltr'><strong>Aulim-liena:</strong></span> 
     </span>
    </p>
   </div>
   <div class='ocr_carea' id='block_1_38' title="bbox 1897 1152 3466 1225">
    <p class='ocr_par' dir='ltr' id='par_1_38' title="bbox 1897 1152 3466 1225">
     <span class='ocr_line' id='line_1_38' title="bbox 1897 1152 3466 1225; baseline -0.006 -12"><span class='ocrx_word' id='word_1_264' title='bbox 1897 1157 2151 1213; x_wconf 70' lang='lat' dir='ltr'><strong>Ecclesia:</strong></span> <span class='ocrx_word' id='word_1_265' title='bbox 2188 1156 2413 1213; x_wconf 91' lang='lat' dir='ltr'><strong>Paulino</strong></span> <span class='ocrx_word' id='word_1_266' title='bbox 2446 1158 2671 1211; x_wconf 90' lang='lat' dir='ltr'><strong>attribui</strong></span> <span class='ocrx_word' id='word_1_267' title='bbox 2708 1157 2840 1210; x_wconf 80' lang='lat' dir='ltr'><strong>dicit</strong></span> <span class='ocrx_word' id='word_1_268' title='bbox 2869 1154 2965 1225; x_wconf 86' lang='lat' dir='ltr'><strong>(c).</strong></span> <span class='ocrx_word' id='word_1_269' title='bbox 3004 1158 3126 1224; x_wconf 88' lang='lat' dir='ltr'><strong>quia</strong></span> <span class='ocrx_word' id='word_1_270' title='bbox 3168 1156 3234 1207; x_wconf 90' lang='lat' dir='ltr'><strong>ad</strong></span> <span class='ocrx_word' id='word_1_271' title='bbox 3287 1152 3466 1205; x_wconf 87' lang='lat' dir='ltr'><strong>Pauli-</strong></span> 
     </span>
    </p>
   </div>
   <div class='ocr_carea' id='block_1_39' title="bbox 1897 1245 3451 1318">
    <p class='ocr_par' dir='ltr' id='par_1_39' title="bbox 1897 1245 3451 1318">
     <span class='ocr_line' id='line_1_39' title="bbox 1897 1245 3451 1318; baseline -0.006 -14"><span class='ocrx_word' id='word_1_272' title='bbox 1897 1266 2023 1305; x_wconf 88' lang='lat' dir='ltr'><strong>num</strong></span> <span class='ocrx_word' id='word_1_273' title='bbox 2052 1249 2339 1313; x_wconf 88' lang='lat' dir='ltr'><strong>Damasus,</strong></span> <span class='ocrx_word' id='word_1_274' title='bbox 2373 1260 2431 1304; x_wconf 93' lang='lat' dir='ltr'><strong>ut</strong></span> <span class='ocrx_word' id='word_1_275' title='bbox 2460 1250 2525 1303; x_wconf 89' lang='lat' dir='ltr'><strong>ad</strong></span> <span class='ocrx_word' id='word_1_276' title='bbox 2568 1248 2868 1318; x_wconf 89' lang='lat' dir='ltr'><strong>legitimum</strong></span> <span class='ocrx_word' id='word_1_277' title='bbox 2910 1247 3219 1315; x_wconf 87' lang='lat' dir='ltr'><strong>episc0pum</strong></span> <span class='ocrx_word' id='word_1_278' title='bbox 3254 1245 3451 1297; x_wconf 73' lang='lat' dir='ltr'><strong>scribe-</strong></span> 
     </span>
    </p>
   </div>
   <div class='ocr_carea' id='block_1_40' title="bbox 1896 1336 3464 1405">
    <p class='ocr_par' dir='ltr' id='par_1_40' title="bbox 1896 1336 3464 1405">
     <span class='ocr_line' id='line_1_40' title="bbox 1896 1336 3464 1405; baseline -0.008 -7"><span class='ocrx_word' id='word_1_279' title='bbox 1896 1345 2006 1398; x_wconf 88' lang='lat' dir='ltr'><strong>bat.</strong></span> <span class='ocrx_word' id='word_1_280' title='bbox 2053 1342 2205 1396; x_wconf 85' lang='lat' dir='ltr'><strong>Unde</strong></span> <span class='ocrx_word' id='word_1_281' title='bbox 2230 1343 2391 1394; x_wconf 89' lang='lat' dir='ltr'><strong>etiam</strong></span> <span class='ocrx_word' id='word_1_282' title='bbox 2420 1342 2620 1396; x_wconf 66' lang='lat' dir='ltr'><strong>eaedem</strong></span> <span class='ocrx_word' id='word_1_283' title='bbox 2664 1339 2859 1393; x_wconf 77' lang='lat' dir='ltr'><strong>littera:</strong></span> <span class='ocrx_word' id='word_1_284' title='bbox 2897 1348 3157 1392; x_wconf 77' lang='lat' dir='ltr'><strong>vocantur</strong></span> <span class='ocrx_word' id='word_1_285' title='bbox 3188 1336 3464 1405; x_wconf 79' lang='lat' dir='ltr'><strong>cujusdam</strong></span> 
     </span>
    </p>
   </div>
   <div class='ocr_carea' id='block_1_41' title="bbox 1893 1429 3467 1504">
    <p class='ocr_par' dir='ltr' id='par_1_41' title="bbox 1893 1429 3467 1504">
     <span class='ocr_line' id='line_1_41' title="bbox 1893 1429 3467 1504; baseline -0.005 -17"><span class='ocrx_word' id='word_1_286' title='bbox 1893 1434 2219 1504; x_wconf 78' lang='lat' dir='ltr'><strong>principatus</strong></span> <span class='ocrx_word' id='word_1_287' title='bbox 2249 1445 2442 1486; x_wconf 82' lang='lat' dir='ltr'><strong>tessera</strong></span> <span class='ocrx_word' id='word_1_288' title='bbox 2473 1434 2575 1502; x_wconf 57' lang='lat' dir='ltr'><strong>if).</strong></span> <span class='ocrx_word' id='word_1_289' title='bbox 2621 1432 2925 1499; x_wconf 85' lang='lat' dir='ltr'><strong>Quinetiam</strong></span> <span class='ocrx_word' id='word_1_290' title='bbox 2954 1445 3073 1483; x_wconf 89' lang='lat' dir='ltr'><strong>cum</strong></span> <span class='ocrx_word' id='word_1_291' title='bbox 3099 1440 3286 1482; x_wconf 86' lang='lat' dir='ltr'><strong>sancto</strong></span> <span class='ocrx_word' id='word_1_292' title='bbox 3307 1429 3467 1481; x_wconf 84' lang='lat' dir='ltr'><strong>Atha-</strong></span> 
     </span>
    </p>
   </div>
   <div class='ocr_carea' id='block_1_42' title="bbox 1894 1520 3465 1595">
    <p class='ocr_par' dir='ltr' id='par_1_42' title="bbox 1894 1520 3465 1595">
     <span class='ocr_line' id='line_1_42' title="bbox 1894 1520 3465 1595; baseline -0.006 -15"><span class='ocrx_word' id='word_1_293' title='bbox 1894 1526 2047 1581; x_wconf 91' lang='lat' dir='ltr'><strong>uasio</strong></span> <span class='ocrx_word' id='word_1_294' title='bbox 2083 1542 2247 1595; x_wconf 88' lang='lat' dir='ltr'><strong>agens</strong></span> <span class='ocrx_word' id='word_1_295' title='bbox 2276 1527 2343 1579; x_wconf 89' lang='lat' dir='ltr'><strong>de</strong></span> <span class='ocrx_word' id='word_1_296' title='bbox 2370 1526 2717 1578; x_wconf 84' lang='lat' dir='ltr'><strong>restituendis</strong></span> <span class='ocrx_word' id='word_1_297' title='bbox 2746 1525 2803 1579; x_wconf 88' lang='lat' dir='ltr'><strong>S.</strong></span> <span class='ocrx_word' id='word_1_298' title='bbox 2841 1522 3059 1575; x_wconf 80' lang='lat' dir='ltr'><strong>Meletio</strong></span> <span class='ocrx_word' id='word_1_299' title='bbox 3095 1520 3304 1581; x_wconf 88' lang='lat' dir='ltr'><strong>ovibus,</strong></span> <span class='ocrx_word' id='word_1_300' title='bbox 3330 1535 3465 1587; x_wconf 87' lang='lat' dir='ltr'><strong>quas</strong></span> 
     </span>
    </p>
   </div>
   <div class='ocr_carea' id='block_1_43' title="bbox 1893 1604 3463 1683">
    <p class='ocr_par' dir='ltr' id='par_1_43' title="bbox 1893 1604 3463 1683">
     <span class='ocr_line' id='line_1_43' title="bbox 1893 1604 3463 1683; baseline -0.006 -13"><span class='ocrx_word' id='word_1_301' title='bbox 1893 1616 2151 1670; x_wconf 81' lang='lat' dir='ltr'><strong>Paulinus</strong></span> <span class='ocrx_word' id='word_1_302' title='bbox 2190 1616 2547 1675; x_wconf 60' lang='lat' dir='ltr'><strong>abstraxerat,</strong></span> <span class='ocrx_word' id='word_1_303' title='bbox 2583 1615 2722 1667; x_wconf 88' lang='lat' dir='ltr'><strong>idetn</strong></span> <span class='ocrx_word' id='word_1_304' title='bbox 2769 1615 2843 1667; x_wconf 90' lang='lat' dir='ltr'><strong>ait</strong></span> <span class='ocrx_word' id='word_1_305' title='bbox 2896 1613 2969 1683; x_wconf 73' lang='grc' dir='ltr'><strong>(θ)</strong></span> <span class='ocrx_word' id='word_1_306' title='bbox 3008 1611 3268 1679; x_wconf 81' lang='lat' dir='ltr'><strong>placuisse</strong></span> <span class='ocrx_word' id='word_1_307' title='bbox 3302 1604 3463 1663; x_wconf 83' lang='lat' dir='ltr'><strong>Occi-</strong></span> 
     </span>
    </p>
   </div>
   <div class='ocr_carea' id='block_1_44' title="bbox 1894 1702 3464 1773">
    <p class='ocr_par' dir='ltr' id='par_1_44' title="bbox 1894 1702 3464 1773">
     <span class='ocr_line' id='line_1_44' title="bbox 1894 1702 3464 1773; baseline -0.005 -12"><span class='ocrx_word' id='word_1_308' title='bbox 1894 1709 2220 1769; x_wconf 82' lang='lat' dir='ltr'><strong>dentalibus,</strong></span> <span class='ocrx_word' id='word_1_309' title='bbox 2255 1716 2309 1758; x_wconf 86' lang='lat' dir='ltr'><strong>ut</strong></span> <span class='ocrx_word' id='word_1_310' title='bbox 2361 1707 2551 1758; x_wconf 77' lang='lat' dir='ltr'><strong>littera:</strong></span> <span class='ocrx_word' id='word_1_311' title='bbox 2579 1721 2671 1773; x_wconf 83' lang='lat' dir='ltr'><strong>per</strong></span> <span class='ocrx_word' id='word_1_312' title='bbox 2710 1706 2913 1757; x_wconf 85' lang='lat' dir='ltr'><strong>beatum</strong></span> <span class='ocrx_word' id='word_1_313' title='bbox 2960 1702 3233 1758; x_wconf 80' lang='lat' dir='ltr'><strong>Silvanum</strong></span> <span class='ocrx_word' id='word_1_314' title='bbox 3284 1702 3464 1753; x_wconf 79' lang='lat' dir='ltr'><strong>allata:</strong></span> 
     </span>
    </p>
   </div>
   <div class='ocr_carea' id='block_1_45' title="bbox 1898 1794 3465 1855">
    <p class='ocr_par' dir='ltr' id='par_1_45' title="bbox 1898 1794 3465 1855">
     <span class='ocr_line' id='line_1_45' title="bbox 1898 1794 3465 1855; baseline -0.004 -4"><span class='ocrx_word' id='word_1_315' title='bbox 1898 1811 2174 1855; x_wconf 82' lang='lat' dir='ltr'><strong>testantur.</strong></span> <span class='ocrx_word' id='word_1_316' title='bbox 2207 1800 2404 1854; x_wconf 81' lang='lat' dir='ltr'><strong>Mclctii</strong></span> <span class='ocrx_word' id='word_1_317' title='bbox 2430 1811 2607 1851; x_wconf 88' lang='lat' dir='ltr'><strong>autem</strong></span> <span class='ocrx_word' id='word_1_318' title='bbox 2640 1797 2885 1851; x_wconf 79' lang='lat' dir='ltr'><strong>Liberius</strong></span> <span class='ocrx_word' id='word_1_319' title='bbox 2926 1814 3028 1849; x_wconf 89' lang='lat' dir='ltr'><strong>non</strong></span> <span class='ocrx_word' id='word_1_320' title='bbox 3066 1794 3225 1848; x_wconf 86' lang='lat' dir='ltr'><strong>aliter</strong></span> <span class='ocrx_word' id='word_1_321' title='bbox 3251 1794 3465 1845; x_wconf 86' lang='lat' dir='ltr'><strong>videtur</strong></span> 
     </span>
    </p>
   </div>
   <div class='ocr_carea' id='block_1_46' title="bbox 1897 1884 3464 1961">
    <p class='ocr_par' dir='ltr' id='par_1_46' title="bbox 1897 1884 3464 1961">
     <span class='ocr_line' id='line_1_46' title="bbox 1897 1884 3464 1961; baseline -0.005 -16"><span class='ocrx_word' id='word_1_322' title='bbox 1897 1893 2263 1961; x_wconf 86' lang='lat' dir='ltr'><strong>episcopatqu</strong></span> <span class='ocrx_word' id='word_1_323' title='bbox 2314 1891 2691 1953; x_wconf 84' lang='lat' dir='ltr'><strong>conﬁrmasse,</strong></span> <span class='ocrx_word' id='word_1_324' title='bbox 2749 1904 2906 1956; x_wconf 87' lang='lat' dir='ltr'><strong>quam</strong></span> <span class='ocrx_word' id='word_1_325' title='bbox 2951 1889 3095 1940; x_wconf 91' lang='lat' dir='ltr'><strong>illum</strong></span> <span class='ocrx_word' id='word_1_326' title='bbox 3138 1888 3279 1939; x_wconf 89' lang='lat' dir='ltr'><strong>inter</strong></span> <span class='ocrx_word' id='word_1_327' title='bbox 3328 1884 3464 1938; x_wconf 89' lang='lat' dir='ltr'><strong>alios</strong></span> 
     </span>
    </p>
   </div>
   <div class='ocr_carea' id='block_1_47' title="bbox 1893 1977 3463 2051">
    <p class='ocr_par' dir='ltr' id='par_1_47' title="bbox 1893 1977 3463 2051">
     <span class='ocr_line' id='line_1_47' title="bbox 1893 1977 3463 2051; baseline -0.006 -14"><span class='ocrx_word' id='word_1_328' title='bbox 1893 1983 2173 2051; x_wconf 87' lang='lat' dir='ltr'><strong>episcopos</strong></span> <span class='ocrx_word' id='word_1_329' title='bbox 2203 1984 2503 2037; x_wconf 88' lang='lat' dir='ltr'><strong>salutando.</strong></span> <span class='ocrx_word' id='word_1_330' title='bbox 2548 1980 2655 2036; x_wconf 88' lang='lat' dir='ltr'><strong>Sed</strong></span> <span class='ocrx_word' id='word_1_331' title='bbox 2711 1982 2753 2033; x_wconf 93' lang='lat' dir='ltr'><strong>si</strong></span> <span class='ocrx_word' id='word_1_332' title='bbox 2804 1981 2917 2032; x_wconf 70' lang='lat' dir='ltr'><strong>hinc</strong></span> <span class='ocrx_word' id='word_1_333' title='bbox 2939 1978 3243 2031; x_wconf 88' lang='lat' dir='ltr'><strong>admittitur</strong></span> <span class='ocrx_word' id='word_1_334' title='bbox 3273 1977 3463 2043; x_wconf 88' lang='lat' dir='ltr'><strong>conje—</strong></span> 
     </span>
    </p>
   </div>
   <div class='ocr_carea' id='block_1_48' title="bbox 1892 2068 3462 2143">
    <p class='ocr_par' dir='ltr' id='par_1_48' title="bbox 1892 2068 3462 2143">
     <span class='ocr_line' id='line_1_48' title="bbox 1892 2068 3462 2143; baseline -0.008 -15"><span class='ocrx_word' id='word_1_335' title='bbox 1892 2086 2041 2128; x_wconf 87' lang='lat' dir='ltr'><strong>ctura</strong></span> <span class='ocrx_word' id='word_1_336' title='bbox 2062 2090 2157 2143; x_wconf 89' lang='lat' dir='ltr'><strong>pro</strong></span> <span class='ocrx_word' id='word_1_337' title='bbox 2179 2075 2472 2139; x_wconf 88' lang='lat' dir='ltr'><strong>Eustathio,</strong></span> <span class='ocrx_word' id='word_1_338' title='bbox 2503 2077 2590 2143; x_wconf 89' lang='lat' dir='ltr'><strong>qui</strong></span> <span class='ocrx_word' id='word_1_339' title='bbox 2623 2072 3054 2140; x_wconf 88' lang='lat' dir='ltr'><strong>interepiscopos</strong></span> <span class='ocrx_word' id='word_1_340' title='bbox 3084 2070 3287 2138; x_wconf 89' lang='lat' dir='ltr'><strong>primus</strong></span> <span class='ocrx_word' id='word_1_341' title='bbox 3318 2085 3346 2119; x_wconf 90' lang='lat' dir='ltr'><strong>a</strong></span> <span class='ocrx_word' id='word_1_342' title='bbox 3373 2068 3462 2119; x_wconf 88' lang='lat' dir='ltr'><strong>Li-</strong></span> 
     </span>
    </p>
   </div>
   <div class='ocr_carea' id='block_1_49' title="bbox 1894 2161 3464 2234">
    <p class='ocr_par' dir='ltr' id='par_1_49' title="bbox 1894 2161 3464 2234">
     <span class='ocr_line' id='line_1_49' title="bbox 1894 2161 3464 2234; baseline -0.006 -13"><span class='ocrx_word' id='word_1_343' title='bbox 1894 2166 2042 2222; x_wconf 89' lang='lat' dir='ltr'><strong>berio</strong></span> <span class='ocrx_word' id='word_1_344' title='bbox 2066 2167 2397 2229; x_wconf 91' lang='lat' dir='ltr'><strong>nominatur,</strong></span> <span class='ocrx_word' id='word_1_345' title='bbox 2434 2167 2714 2234; x_wconf 82' lang='lat' dir='ltr'><strong>legemlqu</strong></span> <span class='ocrx_word' id='word_1_346' title='bbox 2746 2167 2851 2221; x_wconf 85' lang='lat' dir='ltr'><strong>erit</strong></span> <span class='ocrx_word' id='word_1_347' title='bbox 2897 2162 3131 2223; x_wconf 79' lang='lat' dir='ltr'><strong>Meletio,</strong></span> <span class='ocrx_word' id='word_1_348' title='bbox 3162 2177 3260 2215; x_wconf 90' lang='lat' dir='ltr'><strong>nec</strong></span> <span class='ocrx_word' id='word_1_349' title='bbox 3286 2161 3464 2230; x_wconf 85' lang='lat' dir='ltr'><strong>Cyril-</strong></span> 
     </span>
    </p>
   </div>
   <div class='ocr_carea' id='block_1_50' title="bbox 1896 2254 3457 2328">
    <p class='ocr_par' dir='ltr' id='par_1_50' title="bbox 1896 2254 3457 2328">
     <span class='ocr_line' id='line_1_50' title="bbox 1896 2254 3457 2328; baseline -0.006 -17"><span class='ocrx_word' id='word_1_350' title='bbox 1896 2258 2003 2323; x_wconf 91' lang='lat' dir='ltr'><strong>lus,</strong></span> <span class='ocrx_word' id='word_1_351' title='bbox 2052 2258 2144 2328; x_wconf 87' lang='lat' dir='ltr'><strong>qui</strong></span> <span class='ocrx_word' id='word_1_352' title='bbox 2196 2258 2430 2311; x_wconf 85' lang='lat' dir='ltr'><strong>secumlo</strong></span> <span class='ocrx_word' id='word_1_353' title='bbox 2481 2258 2598 2310; x_wconf 84' lang='lat' dir='ltr'><strong>loco</strong></span> <span class='ocrx_word' id='word_1_354' title='bbox 2628 2259 2917 2318; x_wconf 88' lang='lat' dir='ltr'><strong>salutatur,</strong></span> <span class='ocrx_word' id='word_1_355' title='bbox 2949 2257 3086 2309; x_wconf 91' lang='lat' dir='ltr'><strong>alius</strong></span> <span class='ocrx_word' id='word_1_356' title='bbox 3134 2254 3240 2308; x_wconf 90' lang='lat' dir='ltr'><strong>erit</strong></span> <span class='ocrx_word' id='word_1_357' title='bbox 3293 2268 3457 2318; x_wconf 89' lang='lat' dir='ltr'><strong>quam</strong></span> 
     </span>
    </p>
   </div>
   <div class='ocr_carea' id='block_1_51' title="bbox 1897 2344 3462 2420">
    <p class='ocr_par' dir='ltr' id='par_1_51' title="bbox 1897 2344 3462 2420">
     <span class='ocr_line' id='line_1_51' title="bbox 1897 2344 3462 2420; baseline -0.005 -17"><span class='ocrx_word' id='word_1_358' title='bbox 1897 2350 2437 2420; x_wconf 83' lang='lat' dir='ltr'><strong>Hierosolymitauus,</strong></span> <span class='ocrx_word' id='word_1_359' title='bbox 2465 2350 2553 2417; x_wconf 86' lang='lat' dir='ltr'><strong>qui</strong></span> <span class='ocrx_word' id='word_1_360' title='bbox 2586 2363 2705 2401; x_wconf 94' lang='lat' dir='ltr'><strong>cum</strong></span> <span class='ocrx_word' id='word_1_361' title='bbox 2731 2348 2788 2399; x_wconf 71' lang='grc' dir='ltr'>ὃ.</span> <span class='ocrx_word' id='word_1_362' title='bbox 2820 2346 3039 2401; x_wconf 80' lang='lat' dir='ltr'><strong>Mcletio</strong></span> <span class='ocrx_word' id='word_1_363' title='bbox 3075 2344 3462 2412; x_wconf 75' lang='lat' dir='ltr'><strong>coniunctissi-</strong></span> 
     </span>
    </p>
   </div>
   <div class='ocr_carea' id='block_1_52' title="bbox 1894 2438 3462 2504">
    <p class='ocr_par' dir='ltr' id='par_1_52' title="bbox 1894 2438 3462 2504">
     <span class='ocr_line' id='line_1_52' title="bbox 1894 2438 3462 2504; baseline -0.005 -7"><span class='ocrx_word' id='word_1_364' title='bbox 1894 2461 2011 2497; x_wconf 91' lang='lat' dir='ltr'><strong>mus</strong></span> <span class='ocrx_word' id='word_1_365' title='bbox 2057 2443 2177 2498; x_wconf 79' lang='lat' dir='ltr'><strong>l&#39;uit.</strong></span> <span class='ocrx_word' id='word_1_366' title='bbox 2206 2442 2337 2495; x_wconf 93' lang='lat' dir='ltr'><strong>lllud</strong></span> <span class='ocrx_word' id='word_1_367' title='bbox 2393 2452 2573 2494; x_wconf 90' lang='lat' dir='ltr'><strong>tamen</strong></span> <span class='ocrx_word' id='word_1_368' title='bbox 2637 2441 2879 2494; x_wconf 86' lang='lat' dir='ltr'><strong>occurrit</strong></span> <span class='ocrx_word' id='word_1_369' title='bbox 2928 2438 3277 2498; x_wconf 87' lang='lat' dir='ltr'><strong>incommodi,</strong></span> <span class='ocrx_word' id='word_1_370' title='bbox 3316 2438 3462 2504; x_wconf 90' lang='lat' dir='ltr'><strong>quod</strong></span> 
     </span>
    </p>
   </div>
   <div class='ocr_carea' id='block_1_53' title="bbox 1892 2528 3463 2601">
    <p class='ocr_par' dir='ltr' id='par_1_53' title="bbox 1892 2528 3463 2601">
     <span class='ocr_line' id='line_1_53' title="bbox 1892 2528 3463 2601; baseline -0.003 -17"><span class='ocrx_word' id='word_1_371' title='bbox 1892 2534 2151 2600; x_wconf 82' lang='lat' dir='ltr'><strong>episcopi,</strong></span> <span class='ocrx_word' id='word_1_372' title='bbox 2190 2548 2327 2601; x_wconf 88' lang='lat' dir='ltr'><strong>quos</strong></span> <span class='ocrx_word' id='word_1_373' title='bbox 2371 2533 2664 2601; x_wconf 83' lang='lat' dir='ltr'><strong>alloquitur</strong></span> <span class='ocrx_word' id='word_1_374' title='bbox 2709 2532 2982 2593; x_wconf 89' lang='lat' dir='ltr'><strong>Liberius,</strong></span> <span class='ocrx_word' id='word_1_375' title='bbox 3019 2528 3463 2596; x_wconf 87' lang='lat' dir='ltr'><strong>subscripserant</strong></span> 
     </span>
    </p>
   </div>
   <div class='ocr_carea' id='block_1_54' title="bbox 1894 2612 3464 2687">
    <p class='ocr_par' dir='ltr' id='par_1_54' title="bbox 1894 2612 3464 2687">
     <span class='ocr_line' id='line_1_54' title="bbox 1894 2612 3464 2687; baseline -0.004 -10"><span class='ocrx_word' id='word_1_376' title='bbox 1894 2622 2135 2677; x_wconf 73' lang='lat' dir='ltr'><strong>formula:</strong></span> <span class='ocrx_word' id='word_1_377' title='bbox 2204 2622 2838 2687; x_wconf 68' lang='lat' dir='ltr'><strong>Constantinopolitanat.</strong></span> <span class='ocrx_word' id='word_1_378' title='bbox 2921 2612 3225 2687; x_wconf 61' lang='lat' dir='ltr'><strong>Perjuriis;</strong></span> <span class='ocrx_word' id='word_1_379' title='bbox 3287 2619 3464 2685; x_wconf 88' lang='lat' dir='ltr'><strong>inquit</strong></span> 
     </span>
    </p>
   </div>
   <div class='ocr_carea' id='block_1_55' title="bbox 1894 2709 3461 2787">
    <p class='ocr_par' dir='ltr' id='par_1_55' title="bbox 1894 2709 3461 2787">
     <span class='ocr_line' id='line_1_55' title="bbox 1894 2709 3461 2787; baseline -0.004 -20"><span class='ocrx_word' id='word_1_380' title='bbox 1894 2718 1970 2787; x_wconf 83' lang='grc' dir='ltr'>(ιι.</span> <span class='ocrx_word' id='word_1_381' title='bbox 2001 2715 2076 2783; x_wconf 87' lang='grc'><strong>5),</strong></span> <span class='ocrx_word' id='word_1_382' title='bbox 2105 2715 2156 2766; x_wconf 90' lang='lat' dir='ltr'><strong>in</strong></span> <span class='ocrx_word' id='word_1_383' title='bbox 2176 2714 2412 2781; x_wconf 80' lang='lat' dir='ltr'><strong>fraudem</strong></span> <span class='ocrx_word' id='word_1_384' title='bbox 2439 2714 2659 2775; x_wconf 82' lang='lat' dir='ltr'><strong>inducti,</strong></span> <span class='ocrx_word' id='word_1_385' title='bbox 2685 2712 3088 2778; x_wconf 83' lang='lat' dir='ltr'><strong>subscripsistis.</strong></span> <span class='ocrx_word' id='word_1_386' title='bbox 3124 2709 3277 2765; x_wconf 86' lang='lat' dir='ltr'><strong>Unde</strong></span> <span class='ocrx_word' id='word_1_387' title='bbox 3301 2709 3461 2762; x_wconf 87' lang='lat' dir='ltr'><strong>etiam</strong></span> 
     </span>
    </p>
   </div>
   <div class='ocr_carea' id='block_1_56' title="bbox 1894 2801 3463 2873">
    <p class='ocr_par' dir='ltr' id='par_1_56' title="bbox 1894 2801 3463 2873">
     <span class='ocr_line' id='line_1_56' title="bbox 1894 2801 3463 2873; baseline -0.005 -13"><span class='ocrx_word' id='word_1_388' title='bbox 1894 2807 2121 2860; x_wconf 87' lang='lat' dir='ltr'><strong>reditum</strong></span> <span class='ocrx_word' id='word_1_389' title='bbox 2159 2806 2261 2857; x_wconf 87' lang='lat' dir='ltr'><strong>illis</strong></span> <span class='ocrx_word' id='word_1_390' title='bbox 2290 2805 2353 2857; x_wconf 88' lang='lat' dir='ltr'><strong>ad</strong></span> <span class='ocrx_word' id='word_1_391' title='bbox 2374 2805 2641 2859; x_wconf 88' lang='lat' dir='ltr'><strong>saniorem</strong></span> <span class='ocrx_word' id='word_1_392' title='bbox 2678 2815 2917 2858; x_wconf 86' lang='lat' dir='ltr'><strong>mentem</strong></span> <span class='ocrx_word' id='word_1_393' title='bbox 2940 2802 3263 2873; x_wconf 86' lang='lat' dir='ltr'><strong>gratulatur.</strong></span> <span class='ocrx_word' id='word_1_394' title='bbox 3292 2801 3463 2855; x_wconf 87' lang='lat' dir='ltr'><strong>Porro</strong></span> 
     </span>
    </p>
   </div>
   <div class='ocr_carea' id='block_1_57' title="bbox 1892 2896 3465 2963">
    <p class='ocr_par' dir='ltr' id='par_1_57' title="bbox 1892 2896 3465 2963">
     <span class='ocr_line' id='line_1_57' title="bbox 1892 2896 3465 2963; baseline -0.004 -14"><span class='ocrx_word' id='word_1_395' title='bbox 1892 2911 1990 2951; x_wconf 89' lang='lat' dir='ltr'><strong>nec</strong></span> <span class='ocrx_word' id='word_1_396' title='bbox 2015 2896 2325 2950; x_wconf 81' lang='lat' dir='ltr'><strong>S.Meletius</strong></span> <span class='ocrx_word' id='word_1_397' title='bbox 2347 2897 2554 2949; x_wconf 87' lang='lat' dir='ltr'><strong>videtur</strong></span> <span class='ocrx_word' id='word_1_398' title='bbox 2580 2910 2809 2963; x_wconf 88' lang='lat' dir='ltr'><strong>unquam</strong></span> <span class='ocrx_word' id='word_1_399' title='bbox 2831 2896 2966 2948; x_wconf 81' lang='lat' dir='ltr'><strong>lmnc</strong></span> <span class='ocrx_word' id='word_1_400' title='bbox 2994 2896 3201 2958; x_wconf 83' lang='lat' dir='ltr'><strong>culpam</strong></span> <span class='ocrx_word' id='word_1_401' title='bbox 3230 2908 3465 2945; x_wconf 86' lang='lat' dir='ltr'><strong>commc-</strong></span> 
     </span>
    </p>
   </div>
   <div class='ocr_carea' id='block_1_58' title="bbox 1892 2984 3465 3056">
    <p class='ocr_par' dir='ltr' id='par_1_58' title="bbox 1892 2984 3465 3056">
     <span class='ocr_line' id='line_1_58' title="bbox 1892 2984 3465 3056; baseline -0.003 -13"><span class='ocrx_word' id='word_1_402' title='bbox 1892 2990 2068 3043; x_wconf 86' lang='lat' dir='ltr'><strong>ruisse</strong></span> <span class='ocrx_word' id='word_1_403' title='bbox 2101 3006 2198 3043; x_wconf 84' lang='lat' dir='ltr'><strong>nec</strong></span> <span class='ocrx_word' id='word_1_404' title='bbox 2245 2990 2302 3041; x_wconf 90' lang='lat' dir='ltr'><strong>S.</strong></span> <span class='ocrx_word' id='word_1_405' title='bbox 2353 2989 2613 3056; x_wconf 84' lang='lat' dir='ltr'><strong>Cyrillus.</strong></span> <span class='ocrx_word' id='word_1_406' title='bbox 2664 2989 2771 3041; x_wconf 85' lang='lat' dir='ltr'><strong>Sed</strong></span> <span class='ocrx_word' id='word_1_407' title='bbox 2807 2989 2920 3039; x_wconf 78' lang='lat' dir='ltr'><strong>lucc</strong></span> <span class='ocrx_word' id='word_1_408' title='bbox 2971 2985 3257 3039; x_wconf 78' lang='lat' dir='ltr'><strong>dillicultas</strong></span> <span class='ocrx_word' id='word_1_409' title='bbox 3309 2984 3465 3038; x_wconf 81' lang='lat' dir='ltr'><strong>facile</strong></span> 
     </span>
    </p>
   </div>
   <div class='ocr_carea' id='block_1_59' title="bbox 1892 3078 3461 3146">
    <p class='ocr_par' dir='ltr' id='par_1_59' title="bbox 1892 3078 3461 3146">
     <span class='ocr_line' id='line_1_59' title="bbox 1892 3078 3461 3146; baseline -0.002 -14"><span class='ocrx_word' id='word_1_410' title='bbox 1892 3082 2141 3133; x_wconf 82' lang='lat' dir='ltr'><strong>solvitur.</strong></span> <span class='ocrx_word' id='word_1_411' title='bbox 2195 3080 2310 3133; x_wconf 79' lang='lat' dir='ltr'><strong>Non</strong></span> <span class='ocrx_word' id='word_1_412' title='bbox 2370 3080 2513 3132; x_wconf 89' lang='lat' dir='ltr'><strong>enim</strong></span> <span class='ocrx_word' id='word_1_413' title='bbox 2558 3080 2855 3146; x_wconf 87' lang='lat' dir='ltr'><strong>putandum</strong></span> <span class='ocrx_word' id='word_1_414' title='bbox 2896 3092 2981 3130; x_wconf 69' lang='grc' dir='ltr'><strong>εει</strong></span> <span class='ocrx_word' id='word_1_415' title='bbox 3011 3079 3149 3130; x_wconf 91' lang='lat' dir='ltr'><strong>inter</strong></span> <span class='ocrx_word' id='word_1_416' title='bbox 3182 3078 3461 3146; x_wconf 82' lang='lat' dir='ltr'><strong>episcopos</strong></span> 
     </span>
    </p>
   </div>
   <div class='ocr_carea' id='block_1_60' title="bbox 229 3152 1792 3251">
    <p class='ocr_par' dir='ltr' id='par_1_60' title="bbox 229 3164 1784 3237">
     <span class='ocr_line' id='line_1_60' title="bbox 229 3164 1784 3237; baseline -0.008 -13"><span class='ocrx_word' id='word_1_417' title='bbox 229 3169 483 3224; x_wconf 76' lang='lat' dir='ltr'><strong>Nazianzi</strong></span> <span class='ocrx_word' id='word_1_418' title='bbox 520 3176 574 3223; x_wconf 91' lang='lat' dir='ltr'><strong>et</strong></span> <span class='ocrx_word' id='word_1_419' title='bbox 598 3169 687 3221; x_wconf 91' lang='lat' dir='ltr'><strong>alii</strong></span> <span class='ocrx_word' id='word_1_420' title='bbox 710 3169 1034 3237; x_wconf 89' lang='lat' dir='ltr'><strong>complures,</strong></span> <span class='ocrx_word' id='word_1_421' title='bbox 1070 3168 1159 3231; x_wconf 85' lang='lat' dir='ltr'><strong>qui</strong></span> <span class='ocrx_word' id='word_1_422' title='bbox 1201 3167 1297 3221; x_wconf 92' lang='lat' dir='ltr'><strong>sub</strong></span> <span class='ocrx_word' id='word_1_423' title='bbox 1322 3165 1545 3219; x_wconf 82' lang='lat' dir='ltr'><strong>Joviano</strong></span> <span class='ocrx_word' id='word_1_424' title='bbox 1566 3164 1784 3216; x_wconf 84' lang='lat' dir='ltr'><strong>consob-</strong></span> 
     </span>
    </p>
   </div>
   <div class='ocr_carea' id='block_1_61' title="bbox 1895 3152 3463 3251">
    <p class='ocr_par' dir='ltr' id='par_1_61' title="bbox 1895 3152 3463 3241">
     <span class='ocr_line' id='line_1_61' title="bbox 1895 3152 3463 3241; baseline -0.007 -15"><span class='ocrx_word' id='word_1_425' title='bbox 1895 3172 1961 3226; x_wconf 80' lang='grc'>59</span> <span class='ocrx_word' id='word_1_426' title='bbox 2002 3188 2137 3241; x_wconf 85' lang='lat' dir='ltr'><strong>quos</strong></span> <span class='ocrx_word' id='word_1_427' title='bbox 2169 3180 2413 3226; x_wconf 83' lang='lat' dir='ltr'><strong>recenset</strong></span> <span class='ocrx_word' id='word_1_428' title='bbox 2464 3152 2737 3231; x_wconf 64' lang='lat' dir='ltr'><strong>Liberius,</strong></span> <span class='ocrx_word' id='word_1_429' title='bbox 2773 3169 2977 3223; x_wconf 87' lang='lat' dir='ltr'><strong>nullum</strong></span> <span class='ocrx_word' id='word_1_430' title='bbox 3030 3169 3194 3223; x_wconf 85' lang='lat' dir='ltr'><strong>fuisse</strong></span> <span class='ocrx_word' id='word_1_431' title='bbox 3243 3168 3310 3222; x_wconf 86' lang='lat' dir='ltr'><strong>ab</strong></span> <span class='ocrx_word' id='word_1_432' title='bbox 3360 3169 3463 3220; x_wconf 77' lang='lat' dir='ltr'><strong>hoe.</strong></span> 
     </span>
    </p>
   </div>
   <div class='ocr_carea' id='block_1_62' title="bbox 233 3254 1788 3315">
    <p class='ocr_par' dir='ltr' id='par_1_62' title="bbox 233 3254 1788 3315">
     <span class='ocr_line' id='line_1_62' title="bbox 233 3254 1788 3315; baseline -0.008 0"><span class='ocrx_word' id='word_1_433' title='bbox 233 3261 487 3315; x_wconf 86' lang='lat' dir='ltr'><strong>stantiale</strong></span> <span class='ocrx_word' id='word_1_434' title='bbox 515 3261 853 3315; x_wconf 88' lang='lat' dir='ltr'><strong>retinendum</strong></span> <span class='ocrx_word' id='word_1_435' title='bbox 904 3261 953 3311; x_wconf 93' lang='lat' dir='ltr'><strong>in</strong></span> <span class='ocrx_word' id='word_1_436' title='bbox 980 3259 1211 3312; x_wconf 89' lang='lat' dir='ltr'><strong>concilio</strong></span> <span class='ocrx_word' id='word_1_437' title='bbox 1241 3257 1575 3311; x_wconf 83' lang='lat' dir='ltr'><strong>Antiocheno</strong></span> <span class='ocrx_word' id='word_1_438' title='bbox 1602 3254 1788 3308; x_wconf 87' lang='lat' dir='ltr'><strong>decre-</strong></span> 
     </span>
    </p>
   </div>
   <div class='ocr_carea' id='block_1_63' title="bbox 230 3344 1793 3412">
    <p class='ocr_par' dir='ltr' id='par_1_63' title="bbox 230 3344 1793 3412">
     <span class='ocr_line' id='line_1_63' title="bbox 230 3344 1793 3412; baseline -0.007 -6"><span class='ocrx_word' id='word_1_439' title='bbox 230 3365 444 3408; x_wconf 85' lang='lat' dir='ltr'><strong>verant.</strong></span> <span class='ocrx_word' id='word_1_440' title='bbox 478 3354 609 3407; x_wconf 90' lang='lat' dir='ltr'><strong>Cum</strong></span> <span class='ocrx_word' id='word_1_441' title='bbox 642 3354 793 3405; x_wconf 77' lang='lat' dir='ltr'><strong>lecta:</strong></span> <span class='ocrx_word' id='word_1_442' title='bbox 827 3351 1055 3403; x_wconf 83' lang='lat' dir='ltr'><strong>fuissent</strong></span> <span class='ocrx_word' id='word_1_443' title='bbox 1095 3349 1293 3403; x_wconf 89' lang='lat' dir='ltr'><strong>Liberii</strong></span> <span class='ocrx_word' id='word_1_444' title='bbox 1322 3358 1375 3401; x_wconf 89' lang='lat' dir='ltr'><strong>et</strong></span> <span class='ocrx_word' id='word_1_445' title='bbox 1408 3347 1632 3398; x_wconf 89' lang='lat' dir='ltr'><strong>aliorum</strong></span> <span class='ocrx_word' id='word_1_446' title='bbox 1681 3344 1793 3412; x_wconf 88' lang='lat' dir='ltr'><strong>epi-</strong></span> 
     </span>
    </p>
   </div>
   <div class='ocr_carea' id='block_1_64' title="bbox 229 3437 1790 3514">
    <p class='ocr_par' dir='ltr' id='par_1_64' title="bbox 229 3437 1790 3514">
     <span class='ocr_line' id='line_1_64' title="bbox 229 3437 1790 3514; baseline -0.008 -15"><span class='ocrx_word' id='word_1_447' title='bbox 229 3461 520 3514; x_wconf 89' lang='lat' dir='ltr'><strong>scoporum</strong></span> <span class='ocrx_word' id='word_1_448' title='bbox 564 3445 782 3506; x_wconf 65' lang='lat' dir='ltr'><strong>litterm,</strong></span> <span class='ocrx_word' id='word_1_449' title='bbox 823 3457 1033 3497; x_wconf 91' lang='lat' dir='ltr'><strong>summo</strong></span> <span class='ocrx_word' id='word_1_450' title='bbox 1061 3458 1249 3496; x_wconf 90' lang='lat' dir='ltr'><strong>omnes</strong></span> <span class='ocrx_word' id='word_1_451' title='bbox 1305 3439 1502 3507; x_wconf 79' lang='lat' dir='ltr'><strong>gaudio</strong></span> <span class='ocrx_word' id='word_1_452' title='bbox 1550 3437 1790 3490; x_wconf 79' lang='lat' dir='ltr'><strong>exsulta-</strong></span> 
     </span>
    </p>
   </div>
   <div class='ocr_carea' id='block_1_65' title="bbox 228 3530 1790 3599">
    <p class='ocr_par' dir='ltr' id='par_1_65' title="bbox 228 3530 1790 3599">
     <span class='ocr_line' id='line_1_65' title="bbox 228 3530 1790 3599; baseline -0.006 -10"><span class='ocrx_word' id='word_1_453' title='bbox 228 3547 374 3599; x_wconf 82' lang='lat' dir='ltr'><strong>runt,</strong></span> <span class='ocrx_word' id='word_1_454' title='bbox 408 3552 472 3589; x_wconf 91' lang='lat' dir='ltr'><strong>ac</strong></span> <span class='ocrx_word' id='word_1_455' title='bbox 509 3536 705 3589; x_wconf 58' lang='lat' dir='ltr'><strong>latitia:</strong></span> <span class='ocrx_word' id='word_1_456' title='bbox 761 3550 869 3588; x_wconf 74' lang='lat' dir='ltr'><strong>suae</strong></span> <span class='ocrx_word' id='word_1_457' title='bbox 916 3534 1186 3588; x_wconf 82' lang='lat' dir='ltr'><strong>Ecclesias</strong></span> <span class='ocrx_word' id='word_1_458' title='bbox 1234 3530 1473 3588; x_wconf 81' lang='lat' dir='ltr'><strong>Orientis</strong></span> <span class='ocrx_word' id='word_1_459' title='bbox 1529 3530 1790 3584; x_wconf 71' lang='lat' dir='ltr'><strong>certiores</strong></span> 
     </span>
    </p>
   </div>
   <div class='ocr_carea' id='block_1_66' title="bbox 230 3621 1791 3691">
    <p class='ocr_par' dir='ltr' id='par_1_66' title="bbox 230 3621 1791 3691">
     <span class='ocr_line' id='line_1_66' title="bbox 230 3621 1791 3691; baseline -0.007 -14"><span class='ocrx_word' id='word_1_460' title='bbox 230 3625 431 3691; x_wconf 83' lang='lat' dir='ltr'><strong>fecere,</strong></span> <span class='ocrx_word' id='word_1_461' title='bbox 464 3626 669 3678; x_wconf 90' lang='lat' dir='ltr'><strong>indicto</strong></span> <span class='ocrx_word' id='word_1_462' title='bbox 721 3625 773 3676; x_wconf 92' lang='lat' dir='ltr'><strong>in</strong></span> <span class='ocrx_word' id='word_1_463' title='bbox 828 3624 1012 3679; x_wconf 90' lang='lat' dir='ltr'><strong>urbem</strong></span> <span class='ocrx_word' id='word_1_464' title='bbox 1044 3622 1365 3677; x_wconf 84' lang='lat' dir='ltr'><strong>Tarsensem</strong></span> <span class='ocrx_word' id='word_1_465' title='bbox 1415 3632 1540 3675; x_wconf 88' lang='lat' dir='ltr'><strong>ante</strong></span> <span class='ocrx_word' id='word_1_466' title='bbox 1587 3621 1791 3672; x_wconf 82' lang='lat' dir='ltr'><strong>exitum</strong></span> 
     </span>
    </p>
   </div>
   <div class='ocr_carea' id='block_1_67' title="bbox 228 3709 1791 3783">
    <p class='ocr_par' dir='ltr' id='par_1_67' title="bbox 228 3709 1791 3783">
     <span class='ocr_line' id='line_1_67' title="bbox 228 3709 1791 3783; baseline -0.004 -17"><span class='ocrx_word' id='word_1_467' title='bbox 228 3716 371 3770; x_wconf 74' lang='lat' dir='ltr'><strong>reris</strong></span> <span class='ocrx_word' id='word_1_468' title='bbox 403 3714 657 3780; x_wconf 88' lang='lat' dir='ltr'><strong>concilio,</strong></span> <span class='ocrx_word' id='word_1_469' title='bbox 684 3724 740 3766; x_wconf 91' lang='lat' dir='ltr'><strong>ut</strong></span> <span class='ocrx_word' id='word_1_470' title='bbox 764 3728 865 3783; x_wconf 76' lang='lat' dir='ltr'><strong>pax</strong></span> <span class='ocrx_word' id='word_1_471' title='bbox 895 3715 1133 3767; x_wconf 89' lang='lat' dir='ltr'><strong>ontuium</strong></span> <span class='ocrx_word' id='word_1_472' title='bbox 1165 3725 1429 3765; x_wconf 88' lang='lat' dir='ltr'><strong>consensu</strong></span> <span class='ocrx_word' id='word_1_473' title='bbox 1459 3709 1791 3763; x_wconf 68' lang='lat' dir='ltr'><strong>firmaretur.</strong></span> 
     </span>
    </p>
   </div>
   <div class='ocr_carea' id='block_1_68' title="bbox 230 3800 1790 3876">
    <p class='ocr_par' dir='ltr' id='par_1_68' title="bbox 230 3800 1790 3876">
     <span class='ocr_line' id='line_1_68' title="bbox 230 3800 1790 3876; baseline -0.003 -15"><span class='ocrx_word' id='word_1_474' title='bbox 230 3808 337 3861; x_wconf 85' lang='lat' dir='ltr'><strong>Sed</strong></span> <span class='ocrx_word' id='word_1_475' title='bbox 368 3808 510 3861; x_wconf 87' lang='lat' dir='ltr'><strong>banc</strong></span> <span class='ocrx_word' id='word_1_476' title='bbox 532 3808 793 3876; x_wconf 84' lang='lat' dir='ltr'><strong>synodum</strong></span> <span class='ocrx_word' id='word_1_477' title='bbox 822 3806 1007 3859; x_wconf 85' lang='lat' dir='ltr'><strong>haberi</strong></span> <span class='ocrx_word' id='word_1_478' title='bbox 1034 3804 1199 3857; x_wconf 89' lang='lat' dir='ltr'><strong>vetuit</strong></span> <span class='ocrx_word' id='word_1_479' title='bbox 1223 3800 1444 3865; x_wconf 80' lang='lat' dir='ltr'><strong>Valens,</strong></span> <span class='ocrx_word' id='word_1_480' title='bbox 1470 3817 1532 3856; x_wconf 90' lang='lat' dir='ltr'><strong>ac</strong></span> <span class='ocrx_word' id='word_1_481' title='bbox 1562 3812 1790 3872; x_wconf 67' lang='lat' dir='ltr'><strong>printer-</strong></span> 
     </span>
    </p>
   </div>
   <div class='ocr_carea' id='block_1_69' title="bbox 227 3895 1793 3963">
    <p class='ocr_par' dir='ltr' id='par_1_69' title="bbox 227 3895 1793 3963">
     <span class='ocr_line' id='line_1_69' title="bbox 227 3895 1793 3963; baseline -0.003 -12"><span class='ocrx_word' id='word_1_482' title='bbox 227 3914 290 3951; x_wconf 86' lang='lat' dir='ltr'><strong>ea</strong></span> <span class='ocrx_word' id='word_1_483' title='bbox 344 3912 466 3950; x_wconf 89' lang='lat' dir='ltr'><strong>cum</strong></span> <span class='ocrx_word' id='word_1_484' title='bbox 521 3898 740 3963; x_wconf 73' lang='lat' dir='ltr'><strong>jatnjatn</strong></span> <span class='ocrx_word' id='word_1_485' title='bbox 780 3895 1145 3963; x_wconf 85' lang='lat' dir='ltr'><strong>congreganda</strong></span> <span class='ocrx_word' id='word_1_486' title='bbox 1182 3902 1345 3959; x_wconf 82' lang='lat' dir='ltr'><strong>esset,</strong></span> <span class='ocrx_word' id='word_1_487' title='bbox 1388 3896 1603 3963; x_wconf 85' lang='lat' dir='ltr'><strong>triginta</strong></span> <span class='ocrx_word' id='word_1_488' title='bbox 1657 3909 1793 3963; x_wconf 87' lang='lat' dir='ltr'><strong>qua-</strong></span> 
     </span>
    </p>
   </div>
   <div class='ocr_carea' id='block_1_70' title="bbox 234 3981 1795 4051">
    <p class='ocr_par' dir='ltr' id='par_1_70' title="bbox 234 3981 1795 4051">
     <span class='ocr_line' id='line_1_70' title="bbox 234 3981 1795 4051; baseline 0.001 -16"><span class='ocrx_word' id='word_1_489' title='bbox 234 3995 359 4036; x_wconf 91' lang='lat' dir='ltr'><strong>tuor</strong></span> <span class='ocrx_word' id='word_1_490' title='bbox 391 3981 535 4034; x_wconf 73' lang='lat' dir='ltr'><strong>Asia:</strong></span> <span class='ocrx_word' id='word_1_491' title='bbox 564 3981 803 4051; x_wconf 87' lang='lat' dir='ltr'><strong>episcopi</strong></span> <span class='ocrx_word' id='word_1_492' title='bbox 834 3982 883 4034; x_wconf 93' lang='lat' dir='ltr'><strong>in</strong></span> <span class='ocrx_word' id='word_1_493' title='bbox 909 3982 1068 4033; x_wconf 73' lang='lat' dir='ltr'><strong>(lar-ia</strong></span> <span class='ocrx_word' id='word_1_494' title='bbox 1093 3983 1410 4051; x_wconf 87' lang='lat' dir='ltr'><strong>congregati</strong></span> <span class='ocrx_word' id='word_1_495' title='bbox 1447 3984 1795 4039; x_wconf 86' lang='lat' dir='ltr'><strong>consubstan—</strong></span> 
     </span>
    </p>
   </div>
   <div class='ocr_carea' id='block_1_71' title="bbox 230 4073 1794 4143">
    <p class='ocr_par' dir='ltr' id='par_1_71' title="bbox 230 4073 1794 4143">
     <span class='ocr_line' id='line_1_71' title="bbox 230 4073 1794 4143; baseline 0.002 -17"><span class='ocrx_word' id='word_1_496' title='bbox 230 4073 357 4127; x_wconf 88' lang='lat' dir='ltr'><strong>tiale</strong></span> <span class='ocrx_word' id='word_1_497' title='bbox 412 4073 738 4142; x_wconf 85' lang='lat' dir='ltr'><strong>rejecerunt,</strong></span> <span class='ocrx_word' id='word_1_498' title='bbox 792 4090 855 4128; x_wconf 88' lang='lat' dir='ltr'><strong>ac</strong></span> <span class='ocrx_word' id='word_1_499' title='bbox 893 4074 1203 4139; x_wconf 84' lang='lat' dir='ltr'><strong>formulam,</strong></span> <span class='ocrx_word' id='word_1_500' title='bbox 1258 4090 1376 4143; x_wconf 74' lang='lat' dir='ltr'><strong>qua:</strong></span> <span class='ocrx_word' id='word_1_501' title='bbox 1413 4076 1713 4130; x_wconf 71' lang='lat' dir='ltr'><strong>Antiochia:</strong></span> <span class='ocrx_word' id='word_1_502' title='bbox 1741 4084 1794 4131; x_wconf 87' lang='lat' dir='ltr'><strong>et</strong></span> 
     </span>
    </p>
   </div>
   <div class='ocr_carea' id='block_1_72' title="bbox 229 4165 1791 4236">
    <p class='ocr_par' dir='ltr' id='par_1_72' title="bbox 229 4165 1791 4236">
     <span class='ocr_line' id='line_1_72' title="bbox 229 4165 1791 4236; baseline 0.003 -17"><span class='ocrx_word' id='word_1_503' title='bbox 229 4165 497 4221; x_wconf 77' lang='lat' dir='ltr'><strong>Seleucia:</strong></span> <span class='ocrx_word' id='word_1_504' title='bbox 524 4169 860 4236; x_wconf 85' lang='lat' dir='ltr'><strong>promulgata</strong></span> <span class='ocrx_word' id='word_1_505' title='bbox 904 4168 1103 4233; x_wconf 88' lang='lat' dir='ltr'><strong>fuerat,</strong></span> <span class='ocrx_word' id='word_1_506' title='bbox 1140 4180 1313 4222; x_wconf 89' lang='lat' dir='ltr'><strong>ratam</strong></span> <span class='ocrx_word' id='word_1_507' title='bbox 1342 4185 1463 4224; x_wconf 89' lang='lat' dir='ltr'><strong>esse</strong></span> <span class='ocrx_word' id='word_1_508' title='bbox 1488 4170 1791 4224; x_wconf 88' lang='lat' dir='ltr'><strong>voluerunt.</strong></span> 
     </span>
    </p>
   </div>
   <div class='ocr_carea' id='block_1_73' title="bbox 229 4257 1794 4329">
    <p class='ocr_par' dir='ltr' id='par_1_73' title="bbox 229 4257 1794 4329">
     <span class='ocr_line' id='line_1_73' title="bbox 229 4257 1794 4329; baseline 0.003 -18"><span class='ocrx_word' id='word_1_509' title='bbox 229 4257 339 4313; x_wconf 80' lang='lat' dir='ltr'><strong>llos</strong></span> <span class='ocrx_word' id='word_1_510' title='bbox 363 4259 649 4328; x_wconf 89' lang='lat' dir='ltr'><strong>episc0pos</strong></span> <span class='ocrx_word' id='word_1_511' title='bbox 682 4258 749 4312; x_wconf 92' lang='lat' dir='ltr'><strong>ab</strong></span> <span class='ocrx_word' id='word_1_512' title='bbox 789 4260 1162 4329; x_wconf 85' lang='lat' dir='ltr'><strong>amplectende</strong></span> <span class='ocrx_word' id='word_1_513' title='bbox 1191 4263 1640 4315; x_wconf 87' lang='lat' dir='ltr'><strong>consubstantiali</strong></span> <span class='ocrx_word' id='word_1_514' title='bbox 1689 4279 1794 4317; x_wconf 89' lang='lat' dir='ltr'><strong>non</strong></span> 
     </span>
    </p>
   </div>
   <div class='ocr_carea' id='block_1_74' title="bbox 232 4351 1794 4423">
    <p class='ocr_par' dir='ltr' id='par_1_74' title="bbox 232 4351 1794 4423">
     <span class='ocr_line' id='line_1_74' title="bbox 232 4351 1794 4423; baseline 0.003 -18"><span class='ocrx_word' id='word_1_515' title='bbox 232 4351 521 4420; x_wconf 83' lang='lat' dir='ltr'><strong>scrupulus</strong></span> <span class='ocrx_word' id='word_1_516' title='bbox 546 4352 765 4419; x_wconf 90' lang='lat' dir='ltr'><strong>quidam</strong></span> <span class='ocrx_word' id='word_1_517' title='bbox 798 4352 1084 4417; x_wconf 89' lang='lat' dir='ltr'><strong>deterruit,</strong></span> <span class='ocrx_word' id='word_1_518' title='bbox 1106 4354 1200 4406; x_wconf 89' lang='lat' dir='ltr'><strong>sed</strong></span> <span class='ocrx_word' id='word_1_519' title='bbox 1227 4354 1507 4407; x_wconf 81' lang='lat' dir='ltr'><strong>sententia:</strong></span> <span class='ocrx_word' id='word_1_520' title='bbox 1538 4355 1794 4423; x_wconf 86' lang='lat' dir='ltr'><strong>pravitas,</strong></span> 
     </span>
    </p>
   </div>
   <div class='ocr_carea' id='block_1_75' title="bbox 228 4442 1796 4512">
    <p class='ocr_par' dir='ltr' id='par_1_75' title="bbox 228 4442 1796 4512">
     <span class='ocr_line' id='line_1_75' title="bbox 228 4442 1796 4512; baseline 0.003 -18"><span class='ocrx_word' id='word_1_521' title='bbox 228 4458 352 4511; x_wconf 67' lang='lat' dir='ltr'><strong>quae</strong></span> <span class='ocrx_word' id='word_1_522' title='bbox 385 4452 534 4495; x_wconf 84' lang='lat' dir='ltr'><strong>tanta</strong></span> <span class='ocrx_word' id='word_1_523' title='bbox 577 4444 673 4496; x_wconf 87' lang='lat' dir='ltr'><strong>luit</strong></span> <span class='ocrx_word' id='word_1_524' title='bbox 706 4443 758 4495; x_wconf 89' lang='lat' dir='ltr'><strong>in</strong></span> <span class='ocrx_word' id='word_1_525' title='bbox 789 4443 874 4497; x_wconf 87' lang='lat' dir='ltr'><strong>his</strong></span> <span class='ocrx_word' id='word_1_526' title='bbox 920 4442 1244 4512; x_wconf 81' lang='lat' dir='ltr'><strong>regionibus,</strong></span> <span class='ocrx_word' id='word_1_527' title='bbox 1281 4455 1338 4497; x_wconf 91' lang='lat' dir='ltr'><strong>ut</strong></span> <span class='ocrx_word' id='word_1_528' title='bbox 1387 4445 1611 4508; x_wconf 84' lang='lat' dir='ltr'><strong>miretur</strong></span> <span class='ocrx_word' id='word_1_529' title='bbox 1644 4444 1796 4499; x_wconf 67' lang='lat' dir='ltr'><strong>Basi«</strong></span> 
     </span>
    </p>
   </div>
   <div class='ocr_carea' id='block_1_76' title="bbox 1898 3260 3463 3333">
    <p class='ocr_par' dir='ltr' id='par_1_76' title="bbox 1898 3260 3463 3333">
     <span class='ocr_line' id='line_1_76' title="bbox 1898 3260 3463 3333; baseline -0.003 -16"><span class='ocrx_word' id='word_1_530' title='bbox 1898 3280 2049 3319; x_wconf 74' lang='lat' dir='ltr'><strong>utnvo</strong></span> <span class='ocrx_word' id='word_1_531' title='bbox 2088 3267 2377 3333; x_wconf 89' lang='lat' dir='ltr'><strong>integrum.</strong></span> <span class='ocrx_word' id='word_1_532' title='bbox 2416 3262 2665 3331; x_wconf 79' lang='lat' dir='ltr'><strong>Plerique</strong></span> <span class='ocrx_word' id='word_1_533' title='bbox 2716 3264 2817 3317; x_wconf 89' lang='lat' dir='ltr'><strong>hoc</strong></span> <span class='ocrx_word' id='word_1_534' title='bbox 2850 3264 3234 3316; x_wconf 85' lang='lat' dir='ltr'><strong>commiserant</strong></span> <span class='ocrx_word' id='word_1_535' title='bbox 3266 3279 3279 3315; x_wconf 85' lang='lat'><strong>:</strong></span> <span class='ocrx_word' id='word_1_536' title='bbox 3318 3260 3463 3325; x_wconf 88' lang='lat' dir='ltr'><strong>quod</strong></span> 
     </span>
    </p>
   </div>
   <div class='ocr_carea' id='block_1_77' title="bbox 1894 3349 3461 3421">
    <p class='ocr_par' dir='ltr' id='par_1_77' title="bbox 1894 3349 3461 3421">
     <span class='ocr_line' id='line_1_77' title="bbox 1894 3349 3461 3421; baseline -0.005 -12"><span class='ocrx_word' id='word_1_537' title='bbox 1894 3357 2030 3409; x_wconf 88' lang='lat' dir='ltr'><strong>satis</strong></span> <span class='ocrx_word' id='word_1_538' title='bbox 2062 3354 2159 3409; x_wconf 83' lang='lat' dir='ltr'><strong>fuit</strong></span> <span class='ocrx_word' id='word_1_539' title='bbox 2192 3367 2245 3409; x_wconf 88' lang='lat' dir='ltr'><strong>ut</strong></span> <span class='ocrx_word' id='word_1_540' title='bbox 2281 3371 2374 3410; x_wconf 87' lang='lat' dir='ltr'><strong>eos</strong></span> <span class='ocrx_word' id='word_1_541' title='bbox 2418 3355 2666 3409; x_wconf 85' lang='lat' dir='ltr'><strong>Liberius</strong></span> <span class='ocrx_word' id='word_1_542' title='bbox 2697 3356 2775 3407; x_wconf 87' lang='lat' dir='ltr'><strong>sic</strong></span> <span class='ocrx_word' id='word_1_543' title='bbox 2806 3355 3192 3421; x_wconf 67' lang='lat' dir='ltr'><strong>alloqui-retur.</strong></span> <span class='ocrx_word' id='word_1_544' title='bbox 3246 3349 3461 3416; x_wconf 84' lang='lat' dir='ltr'><strong>Alioqui</strong></span> 
     </span>
    </p>
   </div>
   <div class='ocr_carea' id='block_1_78' title="bbox 1896 3443 3461 3514">
    <p class='ocr_par' dir='ltr' id='par_1_78' title="bbox 1896 3443 3461 3514">
     <span class='ocr_line' id='line_1_78' title="bbox 1896 3443 3461 3514; baseline -0.006 -16"><span class='ocrx_word' id='word_1_545' title='bbox 1896 3464 1961 3498; x_wconf 90' lang='lat' dir='ltr'><strong>ne</strong></span> <span class='ocrx_word' id='word_1_546' title='bbox 1990 3463 2128 3501; x_wconf 92' lang='lat' dir='ltr'><strong>unus</strong></span> <span class='ocrx_word' id='word_1_547' title='bbox 2163 3448 2380 3514; x_wconf 76' lang='lat' dir='ltr'><strong>quidem</strong></span> <span class='ocrx_word' id='word_1_548' title='bbox 2408 3446 2459 3497; x_wconf 91' lang='lat' dir='ltr'><strong>iu</strong></span> <span class='ocrx_word' id='word_1_549' title='bbox 2498 3455 2613 3496; x_wconf 92' lang='lat' dir='ltr'><strong>toto</strong></span> <span class='ocrx_word' id='word_1_550' title='bbox 2637 3444 2856 3497; x_wconf 87' lang='lat' dir='ltr'><strong>Oriente</strong></span> <span class='ocrx_word' id='word_1_551' title='bbox 2888 3443 3063 3511; x_wconf 77' lang='lat' dir='ltr'><strong>excipi</strong></span> <span class='ocrx_word' id='word_1_552' title='bbox 3108 3452 3311 3509; x_wconf 85' lang='lat' dir='ltr'><strong>posset,</strong></span> <span class='ocrx_word' id='word_1_553' title='bbox 3338 3454 3461 3491; x_wconf 86' lang='lat' dir='ltr'><strong>cum</strong></span> 
     </span>
    </p>
   </div>
   <div class='ocr_carea' id='block_1_79' title="bbox 1894 3533 3462 3605">
    <p class='ocr_par' dir='ltr' id='par_1_79' title="bbox 1894 3533 3462 3605">
     <span class='ocr_line' id='line_1_79' title="bbox 1894 3533 3462 3605; baseline -0.003 -16"><span class='ocrx_word' id='word_1_554' title='bbox 1894 3538 2093 3591; x_wconf 78' lang='lat' dir='ltr'><strong>Liberii</strong></span> <span class='ocrx_word' id='word_1_555' title='bbox 2124 3537 2351 3605; x_wconf 81' lang='lat' dir='ltr'><strong>cpistola</strong></span> <span class='ocrx_word' id='word_1_556' title='bbox 2403 3539 2672 3591; x_wconf 86' lang='lat' dir='ltr'><strong>universis</strong></span> <span class='ocrx_word' id='word_1_557' title='bbox 2697 3538 2934 3592; x_wconf 87' lang='lat' dir='ltr'><strong>Orientis</strong></span> <span class='ocrx_word' id='word_1_558' title='bbox 2980 3534 3249 3603; x_wconf 86' lang='lat' dir='ltr'><strong>cpisc0pis</strong></span> <span class='ocrx_word' id='word_1_559' title='bbox 3279 3533 3462 3586; x_wconf 87' lang='lat' dir='ltr'><strong>ortho-</strong></span> 
     </span>
    </p>
   </div>
   <div class='ocr_carea' id='block_1_80' title="bbox 1896 3627 2477 3693">
    <p class='ocr_par' dir='ltr' id='par_1_80' title="bbox 1896 3627 2477 3693">
     <span class='ocr_line' id='line_1_80' title="bbox 1896 3627 2477 3693; baseline 0.002 -12"><span class='ocrx_word' id='word_1_560' title='bbox 1896 3628 2054 3681; x_wconf 76' lang='lat' dir='ltr'><strong>doxis</strong></span> <span class='ocrx_word' id='word_1_561' title='bbox 2097 3628 2355 3693; x_wconf 87' lang='lat' dir='ltr'><strong>inscripta</strong></span> <span class='ocrx_word' id='word_1_562' title='bbox 2386 3627 2477 3683; x_wconf 86' lang='lat' dir='ltr'><strong>sit.</strong></span> 
     </span>
    </p>
   </div>
   <div class='ocr_carea' id='block_1_81' title="bbox 1974 3710 3464 3785">
    <p class='ocr_par' dir='ltr' id='par_1_81' title="bbox 1974 3710 3464 3785">
     <span class='ocr_line' id='line_1_81' title="bbox 1974 3710 3464 3785; baseline -0.005 -18"><span class='ocrx_word' id='word_1_563' title='bbox 1974 3713 2196 3768; x_wconf 82' lang='lat' dir='ltr'><strong>Litteris</strong></span> <span class='ocrx_word' id='word_1_564' title='bbox 2223 3713 2425 3768; x_wconf 90' lang='lat' dir='ltr'><strong>Liberii</strong></span> <span class='ocrx_word' id='word_1_565' title='bbox 2457 3716 2706 3785; x_wconf 78' lang='lat' dir='ltr'><strong>adjuncta</strong></span> <span class='ocrx_word' id='word_1_566' title='bbox 2755 3724 2873 3768; x_wconf 91' lang='lat' dir='ltr'><strong>erat</strong></span> <span class='ocrx_word' id='word_1_567' title='bbox 2911 3716 3041 3768; x_wconf 83' lang='lat' dir='ltr'><strong>fides</strong></span> <span class='ocrx_word' id='word_1_568' title='bbox 3089 3712 3175 3767; x_wconf 91' lang='lat' dir='ltr'><strong>cui</strong></span> <span class='ocrx_word' id='word_1_569' title='bbox 3224 3710 3464 3764; x_wconf 89' lang='lat' dir='ltr'><strong>subscri-</strong></span> 
     </span>
    </p>
   </div>
   <div class='ocr_carea' id='block_1_82' title="bbox 1895 3801 3464 3876">
    <p class='ocr_par' dir='ltr' id='par_1_82' title="bbox 1895 3801 3464 3876">
     <span class='ocr_line' id='line_1_82' title="bbox 1895 3801 3464 3876; baseline -0.003 -18"><span class='ocrx_word' id='word_1_570' title='bbox 1895 3806 1999 3874; x_wconf 91' lang='lat' dir='ltr'><strong>psit</strong></span> <span class='ocrx_word' id='word_1_571' title='bbox 2046 3806 2375 3859; x_wconf 84' lang='lat' dir='ltr'><strong>Eustathius.</strong></span> <span class='ocrx_word' id='word_1_572' title='bbox 2412 3806 2466 3860; x_wconf 91' lang='lat' dir='ltr'><strong>ld</strong></span> <span class='ocrx_word' id='word_1_573' title='bbox 2506 3809 2616 3876; x_wconf 86' lang='lat' dir='ltr'><strong>ipse</strong></span> <span class='ocrx_word' id='word_1_574' title='bbox 2656 3807 2898 3861; x_wconf 85' lang='lat' dir='ltr'><strong>Liberius</strong></span> <span class='ocrx_word' id='word_1_575' title='bbox 2936 3808 3014 3873; x_wconf 85' lang='grc' dir='ltr'><strong>(η.</strong></span> <span class='ocrx_word' id='word_1_576' title='bbox 3046 3806 3096 3874; x_wconf 83' lang='grc' dir='ltr'><strong>Ι)</strong></span> <span class='ocrx_word' id='word_1_577' title='bbox 3142 3812 3195 3854; x_wconf 90' lang='lat' dir='ltr'><strong>et</strong></span> <span class='ocrx_word' id='word_1_578' title='bbox 3222 3801 3464 3869; x_wconf 82' lang='lat' dir='ltr'><strong>pluribus</strong></span> 
     </span>
    </p>
   </div>
   <div class='ocr_carea' id='block_1_83' title="bbox 1896 3888 3456 3967">
    <p class='ocr_par' dir='ltr' id='par_1_83' title="bbox 1896 3888 3456 3967">
     <span class='ocr_line' id='line_1_83' title="bbox 1896 3888 3456 3967; baseline -0.004 -19"><span class='ocrx_word' id='word_1_579' title='bbox 1896 3896 2026 3949; x_wconf 85' lang='lat' dir='ltr'><strong>locis</strong></span> <span class='ocrx_word' id='word_1_580' title='bbox 2077 3894 2306 3950; x_wconf 84' lang='lat' dir='ltr'><strong>Basilius</strong></span> <span class='ocrx_word' id='word_1_581' title='bbox 2335 3897 2410 3967; x_wconf 79' lang='lat' dir='ltr'><strong>(lt)</strong></span> <span class='ocrx_word' id='word_1_582' title='bbox 2445 3906 2728 3951; x_wconf 89' lang='lat' dir='ltr'><strong>testantur.</strong></span> <span class='ocrx_word' id='word_1_583' title='bbox 2772 3898 2926 3962; x_wconf 90' lang='lat' dir='ltr'><strong>Quod</strong></span> <span class='ocrx_word' id='word_1_584' title='bbox 2974 3902 3150 3945; x_wconf 85' lang='lat' dir='ltr'><strong>autem</strong></span> <span class='ocrx_word' id='word_1_585' title='bbox 3200 3888 3456 3953; x_wconf 81' lang='lat' dir='ltr'><strong>Basilius,</strong></span> 
     </span>
    </p>
   </div>
   <div class='ocr_carea' id='block_1_84' title="bbox 1897 3983 3460 4055">
    <p class='ocr_par' dir='ltr' id='par_1_84' title="bbox 1897 3983 3460 4055">
     <span class='ocr_line' id='line_1_84' title="bbox 1897 3983 3460 4055; baseline -0.003 -16"><span class='ocrx_word' id='word_1_586' title='bbox 1897 4000 1991 4039; x_wconf 90' lang='lat' dir='ltr'><strong>seu</strong></span> <span class='ocrx_word' id='word_1_587' title='bbox 2030 3986 2211 4055; x_wconf 90' lang='lat' dir='ltr'><strong>potius</strong></span> <span class='ocrx_word' id='word_1_588' title='bbox 2238 3986 2545 4043; x_wconf 87' lang='lat' dir='ltr'><strong>Orientales</strong></span> <span class='ocrx_word' id='word_1_589' title='bbox 2577 3990 2656 4043; x_wconf 89' lang='lat' dir='ltr'><strong>sic</strong></span> <span class='ocrx_word' id='word_1_590' title='bbox 2688 3990 2751 4041; x_wconf 88' lang='lat' dir='ltr'><strong>de</strong></span> <span class='ocrx_word' id='word_1_591' title='bbox 2787 3984 3073 4039; x_wconf 86' lang='lat' dir='ltr'><strong>Eustatbio</strong></span> <span class='ocrx_word' id='word_1_592' title='bbox 3108 3983 3398 4050; x_wconf 86' lang='lat' dir='ltr'><strong>loquuntur</strong></span> <span class='ocrx_word' id='word_1_593' title='bbox 3442 3998 3460 4035; x_wconf 92' lang='lat'>:</span> 
     </span>
    </p>
   </div>
   <div class='ocr_carea' id='block_1_85' title="bbox 1898 4072 3464 4149">
    <p class='ocr_par' dir='ltr' id='par_1_85' title="bbox 1898 4072 3464 4149">
     <span class='ocr_line' id='line_1_85' title="bbox 1898 4072 3464 4149; baseline -0.005 -16"><span class='ocrx_word' id='word_1_594' title='bbox 1898 4080 2155 4144; x_wconf 79' lang='lat' dir='ltr'><strong>Quaznam</strong></span> <span class='ocrx_word' id='word_1_595' title='bbox 2203 4090 2378 4134; x_wconf 88' lang='lat' dir='ltr'><strong>autem</strong></span> <span class='ocrx_word' id='word_1_596' title='bbox 2411 4082 2457 4134; x_wconf 87' lang='lat' dir='ltr'><strong>ei</strong></span> <span class='ocrx_word' id='word_1_597' title='bbox 2505 4083 2777 4149; x_wconf 84' lang='lat' dir='ltr'><strong>proposita</strong></span> <span class='ocrx_word' id='word_1_598' title='bbox 2827 4077 3022 4144; x_wconf 79' lang='lat' dir='ltr'><strong>fuerint</strong></span> <span class='ocrx_word' id='word_1_599' title='bbox 3075 4094 3105 4127; x_wconf 91' lang='lat' dir='ltr'><strong>a</strong></span> <span class='ocrx_word' id='word_1_600' title='bbox 3162 4072 3464 4125; x_wconf 77' lang='lat' dir='ltr'><strong>beatissimo</strong></span> 
     </span>
    </p>
   </div>
   <div class='ocr_carea' id='block_1_86' title="bbox 1893 4166 3463 4241">
    <p class='ocr_par' dir='ltr' id='par_1_86' title="bbox 1893 4166 3463 4241">
     <span class='ocr_line' id='line_1_86' title="bbox 1893 4166 3463 4241; baseline -0.006 -18"><span class='ocrx_word' id='word_1_601' title='bbox 1893 4175 2133 4241; x_wconf 83' lang='lat' dir='ltr'><strong>episcopo</strong></span> <span class='ocrx_word' id='word_1_602' title='bbox 2168 4174 2401 4237; x_wconf 86' lang='lat' dir='ltr'><strong>Liberio,</strong></span> <span class='ocrx_word' id='word_1_603' title='bbox 2450 4185 2495 4225; x_wconf 89' lang='lat' dir='ltr'><strong>et</strong></span> <span class='ocrx_word' id='word_1_604' title='bbox 2522 4172 2831 4240; x_wconf 85' lang='lat' dir='ltr'><strong>quibusnam</strong></span> <span class='ocrx_word' id='word_1_605' title='bbox 2862 4186 3105 4223; x_wconf 84' lang='lat' dir='ltr'><strong>assensus</strong></span> <span class='ocrx_word' id='word_1_606' title='bbox 3136 4169 3200 4219; x_wconf 84' lang='lat' dir='ltr'><strong>sit</strong></span> <span class='ocrx_word' id='word_1_607' title='bbox 3245 4166 3463 4233; x_wconf 82' lang='lat' dir='ltr'><strong>ignara-</strong></span> 
     </span>
    </p>
   </div>
   <div class='ocr_carea' id='block_1_87' title="bbox 1896 4255 3463 4334">
    <p class='ocr_par' dir='ltr' id='par_1_87' title="bbox 1896 4255 3463 4334">
     <span class='ocr_line' id='line_1_87' title="bbox 1896 4255 3463 4334; baseline -0.008 -18"><span class='ocrx_word' id='word_1_608' title='bbox 1896 4282 2032 4329; x_wconf 86' lang='lat' dir='ltr'><strong>mns,</strong></span> <span class='ocrx_word' id='word_1_609' title='bbox 2069 4267 2169 4317; x_wconf 77' lang='lat' dir='ltr'><strong>nisi</strong></span> <span class='ocrx_word' id='word_1_610' title='bbox 2195 4267 2331 4334; x_wconf 84' lang='lat' dir='ltr'><strong>quod</strong></span> <span class='ocrx_word' id='word_1_611' title='bbox 2348 4266 2618 4331; x_wconf 80' lang='lat' dir='ltr'><strong>epistolam</strong></span> <span class='ocrx_word' id='word_1_612' title='bbox 2643 4263 2815 4315; x_wconf 87' lang='lat' dir='ltr'><strong>attulit</strong></span> <span class='ocrx_word' id='word_1_613' title='bbox 2838 4279 2954 4331; x_wconf 80' lang='lat' dir='ltr'><strong>quw</strong></span> <span class='ocrx_word' id='word_1_614' title='bbox 2980 4278 3098 4313; x_wconf 82' lang='lat' dir='ltr'><strong>euut</strong></span> <span class='ocrx_word' id='word_1_615' title='bbox 3131 4255 3463 4317; x_wconf 84' lang='lat' dir='ltr'><strong>restituebat,</strong></span> 
     </span>
    </p>
   </div>
   <div class='ocr_carea' id='block_1_88' title="bbox 1897 4349 3460 4426">
    <p class='ocr_par' dir='ltr' id='par_1_88' title="bbox 1897 4349 3460 4426">
     <span class='ocr_line' id='line_1_88' title="bbox 1897 4349 3460 4426; baseline -0.006 -17"><span class='ocrx_word' id='word_1_616' title='bbox 1897 4374 2058 4426; x_wconf 87' lang='lat' dir='ltr'><strong>eaque</strong></span> <span class='ocrx_word' id='word_1_617' title='bbox 2080 4369 2284 4411; x_wconf 85' lang='lat' dir='ltr'><strong>ostensa</strong></span> <span class='ocrx_word' id='word_1_618' title='bbox 2314 4359 2533 4410; x_wconf 86' lang='lat' dir='ltr'><strong>concilio</strong></span> <span class='ocrx_word' id='word_1_619' title='bbox 2559 4356 2811 4426; x_wconf 79' lang='lat' dir='ltr'><strong>Tyanensi</strong></span> <span class='ocrx_word' id='word_1_620' title='bbox 2839 4358 2891 4407; x_wconf 89' lang='lat' dir='ltr'><strong>in</strong></span> <span class='ocrx_word' id='word_1_621' title='bbox 2920 4369 3072 4407; x_wconf 83' lang='lat' dir='ltr'><strong>suum</strong></span> <span class='ocrx_word' id='word_1_622' title='bbox 3116 4350 3285 4403; x_wconf 80' lang='lat' dir='ltr'><strong>locant</strong></span> <span class='ocrx_word' id='word_1_623' title='bbox 3315 4349 3460 4401; x_wconf 82' lang='lat' dir='ltr'><strong>resti-</strong></span> 
     </span>
    </p>
   </div>
   <div class='ocr_carea' id='block_1_89' title="bbox 1897 4442 3463 4517">
    <p class='ocr_par' dir='ltr' id='par_1_89' title="bbox 1897 4442 3463 4517">
     <span class='ocr_line' id='line_1_89' title="bbox 1897 4442 3463 4517; baseline -0.007 -15"><span class='ocrx_word' id='word_1_624' title='bbox 1897 4461 2041 4504; x_wconf 86' lang='lat' dir='ltr'><strong>tutus</strong></span> <span class='ocrx_word' id='word_1_625' title='bbox 2068 4463 2175 4514; x_wconf 84' lang='lat' dir='ltr'><strong>est;</strong></span> <span class='ocrx_word' id='word_1_626' title='bbox 2208 4450 2331 4502; x_wconf 86' lang='lat' dir='ltr'><strong>inde</strong></span> <span class='ocrx_word' id='word_1_627' title='bbox 2361 4448 2536 4517; x_wconf 88' lang='lat' dir='ltr'><strong>colligi</strong></span> <span class='ocrx_word' id='word_1_628' title='bbox 2574 4464 2673 4500; x_wconf 89' lang='lat' dir='ltr'><strong>non</strong></span> <span class='ocrx_word' id='word_1_629' title='bbox 2713 4447 2871 4501; x_wconf 82' lang='lat' dir='ltr'><strong>debet</strong></span> <span class='ocrx_word' id='word_1_630' title='bbox 2905 4443 3159 4496; x_wconf 81' lang='lat' dir='ltr'><strong>Basiliam</strong></span> <span class='ocrx_word' id='word_1_631' title='bbox 3183 4442 3463 4509; x_wconf 79' lang='lat' dir='ltr'><strong>ignorasse</strong></span> 
     </span>
    </p>
   </div>
   <div class='ocr_carea' id='block_1_90' title="bbox 228 4530 1792 4610">
    <p class='ocr_par' dir='ltr' id='par_1_90' title="bbox 228 4530 1792 4601">
     <span class='ocr_line' id='line_1_90' title="bbox 228 4530 1792 4601; baseline 0.001 -16"><span class='ocrx_word' id='word_1_632' title='bbox 228 4532 333 4586; x_wconf 90' lang='lat' dir='ltr'><strong>lius</strong></span> <span class='ocrx_word' id='word_1_633' title='bbox 367 4530 440 4601; x_wconf 89' lang='lat' dir='ltr'><strong>(c)</strong></span> <span class='ocrx_word' id='word_1_634' title='bbox 461 4546 603 4586; x_wconf 85' lang='lat' dir='ltr'><strong>anno</strong></span> <span class='ocrx_word' id='word_1_635' title='bbox 638 4531 743 4585; x_wconf 76' lang='grc'><strong>575</strong></span> <span class='ocrx_word' id='word_1_636' title='bbox 772 4541 1025 4597; x_wconf 82' lang='lat' dir='ltr'><strong>exeunte,</strong></span> <span class='ocrx_word' id='word_1_637' title='bbox 1058 4537 1101 4585; x_wconf 81' lang='lat' dir='ltr'><strong>si</strong></span> <span class='ocrx_word' id='word_1_638' title='bbox 1130 4533 1217 4601; x_wconf 85' lang='lat' dir='ltr'><strong>qui</strong></span> <span class='ocrx_word' id='word_1_639' title='bbox 1266 4535 1473 4587; x_wconf 85' lang='lat' dir='ltr'><strong>omnino</strong></span> <span class='ocrx_word' id='word_1_640' title='bbox 1508 4536 1561 4587; x_wconf 88' lang='lat' dir='ltr'><strong>in</strong></span> <span class='ocrx_word' id='word_1_641' title='bbox 1600 4537 1792 4587; x_wconf 84' lang='lat' dir='ltr'><strong>Asiane</strong></span> 
     </span>
    </p>
   </div>
   <div class='ocr_carea' id='block_1_91' title="bbox 1895 4530 3460 4610">
    <p class='ocr_par' dir='ltr' id='par_1_91' title="bbox 1902 4532 3460 4610">
     <span class='ocr_line' id='line_1_91' title="bbox 1902 4532 3460 4610; baseline -0.009 -16"><span class='ocrx_word' id='word_1_642' title='bbox 1902 4542 1953 4594; x_wconf 91' lang='lat' dir='ltr'><strong>id</strong></span> <span class='ocrx_word' id='word_1_643' title='bbox 1980 4543 2118 4610; x_wconf 88' lang='lat' dir='ltr'><strong>quod</strong></span> <span class='ocrx_word' id='word_1_644' title='bbox 2146 4542 2387 4609; x_wconf 87' lang='lat' dir='ltr'><strong>pluribus</strong></span> <span class='ocrx_word' id='word_1_645' title='bbox 2423 4541 2552 4593; x_wconf 88' lang='lat' dir='ltr'><strong>locis</strong></span> <span class='ocrx_word' id='word_1_646' title='bbox 2584 4541 2653 4609; x_wconf 78' lang='grc' dir='ltr'><strong>(ἰ)</strong></span> <span class='ocrx_word' id='word_1_647' title='bbox 2688 4539 2985 4605; x_wconf 70' lang='lat' dir='ltr'><strong>exprobrat</strong></span> <span class='ocrx_word' id='word_1_648' title='bbox 3008 4532 3307 4594; x_wconf 82' lang='lat' dir='ltr'><strong>Eustathio,</strong></span> <span class='ocrx_word' id='word_1_649' title='bbox 3334 4545 3460 4583; x_wconf 90' lang='lat' dir='ltr'><strong>eum</strong></span> 
     </span>
    </p>
   </div>
   <div class='ocr_carea' id='block_1_92' title="bbox 228 4626 1797 4691">
    <p class='ocr_par' dir='ltr' id='par_1_92' title="bbox 228 4626 1797 4691">
     <span class='ocr_line' id='line_1_92' title="bbox 228 4626 1797 4691; baseline 0.003 -12"><span class='ocrx_word' id='word_1_650' title='bbox 228 4637 401 4679; x_wconf 83' lang='lat' dir='ltr'><strong>tractu</strong></span> <span class='ocrx_word' id='word_1_651' title='bbox 426 4634 575 4678; x_wconf 77' lang='lat' dir='ltr'><strong>extra</strong></span> <span class='ocrx_word' id='word_1_652' title='bbox 605 4626 771 4678; x_wconf 84' lang='lat' dir='ltr'><strong>labent</strong></span> <span class='ocrx_word' id='word_1_653' title='bbox 798 4626 1163 4678; x_wconf 54' lang='lat' dir='ltr'><strong>hereticorum</strong></span> <span class='ocrx_word' id='word_1_654' title='bbox 1194 4626 1319 4681; x_wconf 83' lang='lat' dir='ltr'><strong>sint.</strong></span> <span class='ocrx_word' id='word_1_655' title='bbox 1348 4626 1588 4691; x_wconf 90' lang='lat' dir='ltr'><strong>Quantus</strong></span> <span class='ocrx_word' id='word_1_656' title='bbox 1615 4627 1797 4683; x_wconf 86' lang='lat' dir='ltr'><strong>Basilii</strong></span> 
     </span>
    </p>
   </div>
   <div class='ocr_carea' id='block_1_93' title="bbox 236 4718 1793 4784">
    <p class='ocr_par' dir='ltr' id='par_1_93' title="bbox 236 4718 1793 4784">
     <span class='ocr_line' id='line_1_93' title="bbox 236 4718 1793 4784; baseline 0.001 -13"><span class='ocrx_word' id='word_1_657' title='bbox 236 4719 392 4773; x_wconf 86' lang='lat' dir='ltr'><strong>dolor</strong></span> <span class='ocrx_word' id='word_1_658' title='bbox 438 4718 714 4771; x_wconf 73' lang='lat' dir='ltr'><strong>exstiterit</strong></span> <span class='ocrx_word' id='word_1_659' title='bbox 744 4718 963 4784; x_wconf 86' lang='lat' dir='ltr'><strong>eptimis</strong></span> <span class='ocrx_word' id='word_1_660' title='bbox 995 4718 1235 4771; x_wconf 87' lang='lat' dir='ltr'><strong>consiliis</strong></span> <span class='ocrx_word' id='word_1_661' title='bbox 1258 4720 1405 4773; x_wconf 67' lang='lat' dir='ltr'><strong>esitu</strong></span> <span class='ocrx_word' id='word_1_662' title='bbox 1458 4722 1793 4783; x_wconf 85' lang='lat' dir='ltr'><strong>carentibus,</strong></span> 
     </span>
    </p>
   </div>
   <div class='ocr_carea' id='block_1_94' title="bbox 230 4808 1798 4880">
    <p class='ocr_par' dir='ltr' id='par_1_94' title="bbox 230 4808 1798 4880">
     <span class='ocr_line' id='line_1_94' title="bbox 230 4808 1798 4880; baseline 0.003 -19"><span class='ocrx_word' id='word_1_663' title='bbox 230 4809 405 4864; x_wconf 84' lang='lat' dir='ltr'><strong>facilis</strong></span> <span class='ocrx_word' id='word_1_664' title='bbox 438 4808 750 4876; x_wconf 84' lang='lat' dir='ltr'><strong>conjectura</strong></span> <span class='ocrx_word' id='word_1_665' title='bbox 782 4820 885 4863; x_wconf 89' lang='lat' dir='ltr'><strong>est.</strong></span> <span class='ocrx_word' id='word_1_666' title='bbox 915 4810 1050 4875; x_wconf 84' lang='lat' dir='ltr'><strong>Quid</strong></span> <span class='ocrx_word' id='word_1_667' title='bbox 1086 4811 1341 4878; x_wconf 87' lang='lat' dir='ltr'><strong>deinceps</strong></span> <span class='ocrx_word' id='word_1_668' title='bbox 1394 4827 1560 4880; x_wconf 89' lang='lat' dir='ltr'><strong>usque</strong></span> <span class='ocrx_word' id='word_1_669' title='bbox 1592 4814 1658 4864; x_wconf 89' lang='lat' dir='ltr'><strong>ad</strong></span> <span class='ocrx_word' id='word_1_670' title='bbox 1684 4815 1798 4880; x_wconf 88' lang='lat' dir='ltr'><strong>epi-</strong></span> 
     </span>
    </p>
   </div>
   <div class='ocr_carea' id='block_1_95' title="bbox 232 4900 1795 4969">
    <p class='ocr_par' dir='ltr' id='par_1_95' title="bbox 232 4900 1795 4969">
     <span class='ocr_line' id='line_1_95' title="bbox 232 4900 1795 4969; baseline -0.001 -15"><span class='ocrx_word' id='word_1_671' title='bbox 232 4910 512 4969; x_wconf 83' lang='lat' dir='ltr'><strong>scepatum</strong></span> <span class='ocrx_word' id='word_1_672' title='bbox 547 4900 615 4954; x_wconf 88' lang='lat' dir='ltr'><strong>ad</strong></span> <span class='ocrx_word' id='word_1_673' title='bbox 640 4900 1066 4969; x_wconf 73' lang='lat' dir='ltr'><strong>paciﬁcationem</strong></span> <span class='ocrx_word' id='word_1_674' title='bbox 1091 4901 1458 4956; x_wconf 87' lang='lat' dir='ltr'><strong>Ecclesiarum</strong></span> <span class='ocrx_word' id='word_1_675' title='bbox 1491 4904 1795 4968; x_wconf 53' lang='lat' dir='ltr'><strong>tranaverit,</strong></span> 
     </span>
    </p>
   </div>
   <div class='ocr_carea' id='block_1_96' title="bbox 232 4991 1794 5061">
    <p class='ocr_par' dir='ltr' id='par_1_96' title="bbox 232 4991 1794 5061">
     <span class='ocr_line' id='line_1_96' title="bbox 232 4991 1794 5061; baseline 0.001 -18"><span class='ocrx_word' id='word_1_676' title='bbox 232 4991 388 5061; x_wconf 87' lang='lat' dir='ltr'><strong>plane</strong></span> <span class='ocrx_word' id='word_1_677' title='bbox 412 4994 711 5046; x_wconf 89' lang='lat' dir='ltr'><strong>nescimus.</strong></span> <span class='ocrx_word' id='word_1_678' title='bbox 736 4993 805 5043; x_wconf 88' lang='lat' dir='ltr'><strong>At</strong></span> <span class='ocrx_word' id='word_1_679' title='bbox 833 5006 952 5045; x_wconf 90' lang='lat' dir='ltr'><strong>eum</strong></span> <span class='ocrx_word' id='word_1_680' title='bbox 977 4995 1042 5047; x_wconf 89' lang='lat' dir='ltr'><strong>de</strong></span> <span class='ocrx_word' id='word_1_681' title='bbox 1072 4995 1185 5048; x_wconf 89' lang='lat' dir='ltr'><strong>suis</strong></span> <span class='ocrx_word' id='word_1_682' title='bbox 1230 4993 1508 5047; x_wconf 88' lang='lat' dir='ltr'><strong>laboribus</strong></span> <span class='ocrx_word' id='word_1_683' title='bbox 1534 4993 1669 5045; x_wconf 90' lang='lat' dir='ltr'><strong>nihil</strong></span> <span class='ocrx_word' id='word_1_684' title='bbox 1707 5007 1794 5046; x_wconf 56' lang='lat' dir='ltr'><strong>re-</strong></span> 
     </span>
    </p>
   </div>
   <div class='ocr_carea' id='block_1_97' title="bbox 234 5086 1795 5155">
    <p class='ocr_par' dir='ltr' id='par_1_97' title="bbox 234 5086 1795 5155">
     <span class='ocr_line' id='line_1_97' title="bbox 234 5086 1795 5155; baseline 0.001 -18"><span class='ocrx_word' id='word_1_685' title='bbox 234 5086 448 5139; x_wconf 85' lang='lat' dir='ltr'><strong>misisse</strong></span> <span class='ocrx_word' id='word_1_686' title='bbox 488 5086 845 5154; x_wconf 79' lang='lat' dir='ltr'><strong>perspicimus</strong></span> <span class='ocrx_word' id='word_1_687' title='bbox 876 5100 940 5137; x_wconf 70' lang='lat' dir='ltr'><strong>et</strong></span> <span class='ocrx_word' id='word_1_688' title='bbox 974 5086 1057 5140; x_wconf 89' lang='lat' dir='ltr'><strong>his</strong></span> <span class='ocrx_word' id='word_1_689' title='bbox 1083 5101 1205 5155; x_wconf 61' lang='lat' dir='ltr'><strong>quas</strong></span> <span class='ocrx_word' id='word_1_690' title='bbox 1231 5100 1389 5155; x_wconf 90' lang='lat' dir='ltr'><strong>supra</strong></span> <span class='ocrx_word' id='word_1_691' title='bbox 1423 5086 1491 5140; x_wconf 90' lang='lat' dir='ltr'><strong>ab</strong></span> <span class='ocrx_word' id='word_1_692' title='bbox 1523 5086 1612 5139; x_wconf 88' lang='lat' dir='ltr'><strong>illo</strong></span> <span class='ocrx_word' id='word_1_693' title='bbox 1653 5086 1795 5138; x_wconf 80' lang='lat' dir='ltr'><strong>dicta</strong></span> 
     </span>
    </p>
   </div>
   <div class='ocr_carea' id='block_1_98' title="bbox 234 5177 1793 5249">
    <p class='ocr_par' dir='ltr' id='par_1_98' title="bbox 234 5177 1793 5249">
     <span class='ocr_line' id='line_1_98' title="bbox 234 5177 1793 5249; baseline 0.001 -22"><span class='ocrx_word' id='word_1_694' title='bbox 234 5177 537 5240; x_wconf 87' lang='lat' dir='ltr'><strong>retulimus,</strong></span> <span class='ocrx_word' id='word_1_695' title='bbox 566 5192 689 5230; x_wconf 90' lang='lat' dir='ltr'><strong>cum</strong></span> <span class='ocrx_word' id='word_1_696' title='bbox 717 5177 998 5232; x_wconf 87' lang='lat' dir='ltr'><strong>Athanasii</strong></span> <span class='ocrx_word' id='word_1_697' title='bbox 1026 5178 1297 5249; x_wconf 78' lang='lat' dir='ltr'><strong>Aucyrani</strong></span> <span class='ocrx_word' id='word_1_698' title='bbox 1340 5185 1513 5233; x_wconf 88' lang='lat' dir='ltr'><strong>morte</strong></span> <span class='ocrx_word' id='word_1_699' title='bbox 1541 5193 1793 5247; x_wconf 84' lang='lat' dir='ltr'><strong>maguum</strong></span> 
     </span>
    </p>
   </div>
   <div class='ocr_carea' id='block_1_99' title="bbox 233 5268 865 5331">
    <p class='ocr_par' dir='ltr' id='par_1_99' title="bbox 233 5268 865 5331">
     <span class='ocr_line' id='line_1_99' title="bbox 233 5268 865 5331; baseline 0.003 -13"><span class='ocrx_word' id='word_1_700' title='bbox 233 5268 541 5331; x_wconf 75' lang='lat' dir='ltr'><strong>praesidium</strong></span> <span class='ocrx_word' id='word_1_701' title='bbox 575 5268 865 5322; x_wconf 83' lang='lat' dir='ltr'><strong>amisisset.</strong></span> 
     </span>
    </p>
   </div>
   <div class='ocr_carea' id='block_1_100' title="bbox 300 5536 630 5603">
    <p class='ocr_par' dir='ltr' id='par_1_100' title="bbox 300 5536 630 5603">
     <span class='ocr_line' id='line_1_100' title="bbox 300 5536 630 5603; baseline 0.012 -16"><span class='ocrx_word' id='word_1_702' title='bbox 300 5536 378 5601; x_wconf 75' lang='grc' dir='ltr'><strong>(τι)</strong></span> <span class='ocrx_word' id='word_1_703' title='bbox 415 5537 514 5603; x_wconf 85' lang='lat' dir='ltr'><strong>Ep.</strong></span> <span class='ocrx_word' id='word_1_704' title='bbox 541 5536 630 5591; x_wconf 83' lang='lat'><strong>66.</strong></span> 
     </span>
    </p>
   </div>
   <div class='ocr_carea' id='block_1_101' title="bbox 326 5606 1091 5676">
    <p class='ocr_par' dir='ltr' id='par_1_101' title="bbox 326 5606 1091 5676">
     <span class='ocr_line' id='line_1_101' title="bbox 326 5606 1091 5676; baseline 0.003 -19"><span class='ocrx_word' id='word_1_705' title='bbox 326 5606 376 5674; x_wconf 72' lang='grc' dir='ltr'><strong>ὁ)</strong></span> <span class='ocrx_word' id='word_1_706' title='bbox 416 5608 657 5663; x_wconf 85' lang='lat' dir='ltr'><strong>Sozom..</strong></span> <span class='ocrx_word' id='word_1_707' title='bbox 694 5606 784 5662; x_wconf 82' lang='lat' dir='ltr'><strong>lib.</strong></span> <span class='ocrx_word' id='word_1_708' title='bbox 819 5624 894 5676; x_wconf 66' lang='grc' dir='ltr'><strong>τι,</strong></span> <span class='ocrx_word' id='word_1_709' title='bbox 923 5626 969 5666; x_wconf 83' lang='lat' dir='ltr'><strong>c.</strong></span> <span class='ocrx_word' id='word_1_710' title='bbox 1010 5610 1091 5665; x_wconf 73' lang='lat'><strong>12.</strong></span> 
     </span>
    </p>
   </div>
   <div class='ocr_carea' id='block_1_102' title="bbox 324 5676 673 5743">
    <p class='ocr_par' dir='ltr' id='par_1_102' title="bbox 324 5676 673 5743">
     <span class='ocr_line' id='line_1_102' title="bbox 324 5676 673 5743; baseline 0.006 -15"><span class='ocrx_word' id='word_1_711' title='bbox 324 5686 370 5742; x_wconf 88' lang='lat' dir='ltr'><strong>c)</strong></span> <span class='ocrx_word' id='word_1_712' title='bbox 420 5676 519 5743; x_wconf 81' lang='lat' dir='ltr'><strong>Ep.</strong></span> <span class='ocrx_word' id='word_1_713' title='bbox 548 5676 673 5730; x_wconf 69' lang='lat' dir='ltr'><strong>9J8.</strong></span> 
     </span>
    </p>
   </div>
   <div class='ocr_carea' id='block_1_103' title="bbox 328 5745 846 5815">
    <p class='ocr_par' dir='ltr' id='par_1_103' title="bbox 328 5745 846 5815">
     <span class='ocr_line' id='line_1_103' title="bbox 328 5745 846 5815; baseline 0.01 -18"><span class='ocrx_word' id='word_1_714' title='bbox 328 5748 381 5815; x_wconf 82' lang='grc' dir='ltr'><strong>ά)</strong></span> <span class='ocrx_word' id='word_1_715' title='bbox 420 5746 515 5815; x_wconf 67' lang='lat' dir='ltr'><strong>Ep.</strong></span> <span class='ocrx_word' id='word_1_716' title='bbox 550 5745 677 5805; x_wconf 67' lang='lat'><strong>263.</strong></span> <span class='ocrx_word' id='word_1_717' title='bbox 713 5764 764 5799; x_wconf 85' lang='lat' dir='ltr'><strong>tt.</strong></span> <span class='ocrx_word' id='word_1_718' title='bbox 793 5748 846 5802; x_wconf 89' lang='grc'><strong>5.</strong></span> 
     </span>
    </p>
   </div>
   <div class='ocr_carea' id='block_1_104' title="bbox 302 5814 834 5885">
    <p class='ocr_par' dir='ltr' id='par_1_104' title="bbox 302 5814 834 5885">
     <span class='ocr_line' id='line_1_104' title="bbox 302 5814 834 5885; baseline 0.011 -20"><span class='ocrx_word' id='word_1_719' title='bbox 302 5814 371 5885; x_wconf 72' lang='grc' dir='ltr'><strong>(ρ)</strong></span> <span class='ocrx_word' id='word_1_720' title='bbox 418 5814 511 5885; x_wconf 80' lang='lat' dir='ltr'><strong>Ep.</strong></span> <span class='ocrx_word' id='word_1_721' title='bbox 538 5815 662 5880; x_wconf 75' lang='lat' dir='ltr'><strong>stt,</strong></span> <span class='ocrx_word' id='word_1_722' title='bbox 693 5835 744 5870; x_wconf 88' lang='grc' dir='ltr'>ιι.</span> <span class='ocrx_word' id='word_1_723' title='bbox 782 5820 834 5871; x_wconf 68' lang='lat'><strong>2.</strong></span> 
     </span>
    </p>
   </div>
   <div class='ocr_carea' id='block_1_105' title="bbox 1898 4622 3462 4697">
    <p class='ocr_par' dir='ltr' id='par_1_105' title="bbox 1898 4622 3462 4697">
     <span class='ocr_line' id='line_1_105' title="bbox 1898 4622 3462 4697; baseline -0.008 -13"><span class='ocrx_word' id='word_1_724' title='bbox 1898 4630 2081 4685; x_wconf 70' lang='lat' dir='ltr'><strong>Ronan</strong></span> <span class='ocrx_word' id='word_1_725' title='bbox 2106 4631 2228 4686; x_wconf 83' lang='lat' dir='ltr'><strong>ﬁdei</strong></span> <span class='ocrx_word' id='word_1_726' title='bbox 2257 4631 2483 4686; x_wconf 69' lang='lat' dir='ltr'><strong>Nicceua:</strong></span> <span class='ocrx_word' id='word_1_727' title='bbox 2508 4630 2899 4697; x_wconf 86' lang='lat' dir='ltr'><strong>subscripsisse</strong></span> <span class='ocrx_word' id='word_1_728' title='bbox 2938 4647 2948 4680; x_wconf 93' lang='lat'>:</span> <span class='ocrx_word' id='word_1_729' title='bbox 2981 4642 3101 4680; x_wconf 90' lang='lat' dir='ltr'><strong>nam</strong></span> <span class='ocrx_word' id='word_1_730' title='bbox 3130 4627 3227 4678; x_wconf 91' lang='lat' dir='ltr'><strong>hoc</strong></span> <span class='ocrx_word' id='word_1_731' title='bbox 3257 4624 3372 4691; x_wconf 88' lang='lat' dir='ltr'><strong>ipso</strong></span> <span class='ocrx_word' id='word_1_732' title='bbox 3407 4622 3462 4672; x_wconf 87' lang='lat' dir='ltr'><strong>in</strong></span> 
     </span>
    </p>
   </div>
   <div class='ocr_carea' id='block_1_106' title="bbox 1899 4720 3461 4791">
    <p class='ocr_par' dir='ltr' id='par_1_106' title="bbox 1899 4720 3461 4791">
     <span class='ocr_line' id='line_1_106' title="bbox 1899 4720 3461 4791; baseline -0.007 -17"><span class='ocrx_word' id='word_1_733' title='bbox 1899 4724 2017 4777; x_wconf 86' lang='lat' dir='ltr'><strong>loco</strong></span> <span class='ocrx_word' id='word_1_734' title='bbox 2054 4722 2270 4775; x_wconf 80' lang='lat' dir='ltr'><strong>aiteuut</strong></span> <span class='ocrx_word' id='word_1_735' title='bbox 2312 4723 2623 4791; x_wconf 87' lang='lat' dir='ltr'><strong>depOpulari</strong></span> <span class='ocrx_word' id='word_1_736' title='bbox 2659 4722 2815 4772; x_wconf 76' lang='lat' dir='ltr'><strong>fidem</strong></span> <span class='ocrx_word' id='word_1_737' title='bbox 2864 4720 2933 4773; x_wconf 89' lang='lat' dir='ltr'><strong>ob</strong></span> <span class='ocrx_word' id='word_1_738' title='bbox 2980 4734 3136 4786; x_wconf 87' lang='lat' dir='ltr'><strong>quam</strong></span> <span class='ocrx_word' id='word_1_739' title='bbox 3174 4722 3461 4779; x_wconf 83' lang='lat' dir='ltr'><strong>susceptus</strong></span> 
     </span>
    </p>
   </div>
   <div class='ocr_carea' id='block_1_107' title="bbox 1897 4805 3462 4871">
    <p class='ocr_par' dir='ltr' id='par_1_107' title="bbox 1897 4805 3462 4871">
     <span class='ocr_line' id='line_1_107' title="bbox 1897 4805 3462 4871; baseline -0.008 -5"><span class='ocrx_word' id='word_1_740' title='bbox 1897 4823 1997 4867; x_wconf 90' lang='lat' dir='ltr'><strong>est.</strong></span> <span class='ocrx_word' id='word_1_741' title='bbox 2030 4813 2135 4867; x_wconf 88' lang='lat' dir='ltr'><strong>Sed</strong></span> <span class='ocrx_word' id='word_1_742' title='bbox 2168 4829 2287 4867; x_wconf 89' lang='lat' dir='ltr'><strong>cum</strong></span> <span class='ocrx_word' id='word_1_743' title='bbox 2323 4814 2485 4867; x_wconf 91' lang='lat' dir='ltr'><strong>multa</strong></span> <span class='ocrx_word' id='word_1_744' title='bbox 2520 4814 2621 4865; x_wconf 89' lang='lat' dir='ltr'><strong>alia</strong></span> <span class='ocrx_word' id='word_1_745' title='bbox 2667 4814 2809 4866; x_wconf 89' lang='lat' dir='ltr'><strong>inter</strong></span> <span class='ocrx_word' id='word_1_746' title='bbox 2839 4811 3107 4864; x_wconf 85' lang='lat' dir='ltr'><strong>Liberium</strong></span> <span class='ocrx_word' id='word_1_747' title='bbox 3160 4817 3213 4859; x_wconf 92' lang='lat' dir='ltr'><strong>ct</strong></span> <span class='ocrx_word' id='word_1_748' title='bbox 3259 4805 3462 4871; x_wconf 79' lang='lat' dir='ltr'><strong>legatos</strong></span> 
     </span>
    </p>
   </div>
   <div class='ocr_carea' id='block_1_108' title="bbox 1900 4894 3463 4971">
    <p class='ocr_par' dir='ltr' id='par_1_108' title="bbox 1900 4894 3463 4971">
     <span class='ocr_line' id='line_1_108' title="bbox 1900 4894 3463 4971; baseline -0.009 -12"><span class='ocrx_word' id='word_1_749' title='bbox 1900 4905 2330 4960; x_wconf 83' lang='lat' dir='ltr'><strong>intercessissent</strong></span> <span class='ocrx_word' id='word_1_750' title='bbox 2360 4909 2476 4971; x_wconf 91' lang='lat' dir='ltr'><strong>(eos</strong></span> <span class='ocrx_word' id='word_1_751' title='bbox 2503 4906 2647 4958; x_wconf 77' lang='lat' dir='ltr'><strong>enim</strong></span> <span class='ocrx_word' id='word_1_752' title='bbox 2702 4920 2807 4957; x_wconf 90' lang='lat' dir='ltr'><strong>non</strong></span> <span class='ocrx_word' id='word_1_753' title='bbox 2847 4903 3001 4957; x_wconf 88' lang='lat' dir='ltr'><strong>facile</strong></span> <span class='ocrx_word' id='word_1_754' title='bbox 3047 4900 3268 4953; x_wconf 83' lang='lat' dir='ltr'><strong>admisit</strong></span> <span class='ocrx_word' id='word_1_755' title='bbox 3298 4894 3463 4947; x_wconf 81' lang='lat' dir='ltr'><strong>Libe-</strong></span> 
     </span>
    </p>
   </div>
   <div class='ocr_carea' id='block_1_109' title="bbox 1896 4984 3461 5066">
    <p class='ocr_par' dir='ltr' id='par_1_109' title="bbox 1896 4984 3461 5066">
     <span class='ocr_line' id='line_1_109' title="bbox 1896 4984 3461 5066; baseline -0.008 -16"><span class='ocrx_word' id='word_1_756' title='bbox 1896 4999 2029 5061; x_wconf 84' lang='lat' dir='ltr'><strong>rius,</strong></span> <span class='ocrx_word' id='word_1_757' title='bbox 2054 5005 2187 5050; x_wconf 89' lang='lat' dir='ltr'><strong>teste</strong></span> <span class='ocrx_word' id='word_1_758' title='bbox 2211 4996 2434 5051; x_wconf 88' lang='lat' dir='ltr'><strong>Socrate</strong></span> <span class='ocrx_word' id='word_1_759' title='bbox 2462 4994 2592 5066; x_wconf 52' lang='grc'><strong>[1]),</strong></span> <span class='ocrx_word' id='word_1_760' title='bbox 2615 5010 2719 5048; x_wconf 91' lang='lat' dir='ltr'><strong>non</strong></span> <span class='ocrx_word' id='word_1_761' title='bbox 2746 4995 2891 5063; x_wconf 80' lang='lat' dir='ltr'><strong>parvi</strong></span> <span class='ocrx_word' id='word_1_762' title='bbox 2926 4994 3185 5045; x_wconf 87' lang='lat' dir='ltr'><strong>intererat</strong></span> <span class='ocrx_word' id='word_1_763' title='bbox 3212 4984 3461 5039; x_wconf 78' lang='lat' dir='ltr'><strong>Ecclesiis</strong></span> 
     </span>
    </p>
   </div>
   <div class='ocr_carea' id='block_1_110' title="bbox 1896 5085 3458 5156">
    <p class='ocr_par' dir='ltr' id='par_1_110' title="bbox 1896 5085 3458 5156">
     <span class='ocr_line' id='line_1_110' title="bbox 1896 5085 3458 5156; baseline -0.007 -18"><span class='ocrx_word' id='word_1_764' title='bbox 1896 5088 2188 5155; x_wconf 78' lang='lat' dir='ltr'><strong>signiﬁcari</strong></span> <span class='ocrx_word' id='word_1_765' title='bbox 2218 5088 2535 5156; x_wconf 80' lang='lat' dir='ltr'><strong>quibusnam</strong></span> <span class='ocrx_word' id='word_1_766' title='bbox 2595 5085 2975 5138; x_wconf 85' lang='lat' dir='ltr'><strong>conditionibus</strong></span> <span class='ocrx_word' id='word_1_767' title='bbox 3012 5088 3285 5146; x_wconf 83' lang='lat' dir='ltr'><strong>susceptus</strong></span> <span class='ocrx_word' id='word_1_768' title='bbox 3328 5085 3458 5129; x_wconf 81' lang='lat' dir='ltr'><strong>esset</strong></span> 
     </span>
    </p>
   </div>
   <div class='ocr_carea' id='block_1_111' title="bbox 1898 5171 3457 5245">
    <p class='ocr_par' dir='ltr' id='par_1_111' title="bbox 1898 5171 3457 5245">
     <span class='ocr_line' id='line_1_111' title="bbox 1898 5171 3457 5245; baseline -0.008 -14"><span class='ocrx_word' id='word_1_769' title='bbox 1898 5178 2230 5233; x_wconf 81' lang='lat' dir='ltr'><strong>Eustathius.</strong></span> <span class='ocrx_word' id='word_1_770' title='bbox 2302 5178 2532 5245; x_wconf 71' lang='lat' dir='ltr'><strong>(loujieit</strong></span> <span class='ocrx_word' id='word_1_771' title='bbox 2609 5178 2853 5231; x_wconf 88' lang='lat' dir='ltr'><strong>eruditus</strong></span> <span class='ocrx_word' id='word_1_772' title='bbox 2920 5176 3097 5229; x_wconf 90' lang='lat' dir='ltr'><strong>editor</strong></span> <span class='ocrx_word' id='word_1_773' title='bbox 3154 5171 3457 5223; x_wconf 83' lang='lat' dir='ltr'><strong>litterarum</strong></span> 
     </span>
    </p>
   </div>
   <div class='ocr_carea' id='block_1_112' title="bbox 1896 5261 3458 5335">
    <p class='ocr_par' dir='ltr' id='par_1_112' title="bbox 1896 5261 3458 5335">
     <span class='ocr_line' id='line_1_112' title="bbox 1896 5261 3458 5335; baseline -0.008 -11"><span class='ocrx_word' id='word_1_774' title='bbox 1896 5270 2217 5325; x_wconf 82' lang='lat' dir='ltr'><strong>Pontificum</strong></span> <span class='ocrx_word' id='word_1_775' title='bbox 2268 5272 2649 5335; x_wconf 76' lang='lat' dir='ltr'><strong>Romanorum,</strong></span> <span class='ocrx_word' id='word_1_776' title='bbox 2688 5270 2963 5333; x_wconf 82' lang='lat' dir='ltr'><strong>Basiliam,</strong></span> <span class='ocrx_word' id='word_1_777' title='bbox 2999 5283 3121 5321; x_wconf 88' lang='lat' dir='ltr'><strong>cum</strong></span> <span class='ocrx_word' id='word_1_778' title='bbox 3170 5261 3458 5334; x_wconf 78' lang='lat' dir='ltr'><strong>epistolam</strong></span> 
     </span>
    </p>
   </div>
   <div class='ocr_carea' id='block_1_113' title="bbox 1969 5542 2288 5610">
    <p class='ocr_par' dir='ltr' id='par_1_113' title="bbox 1969 5542 2288 5610">
     <span class='ocr_line' id='line_1_113' title="bbox 1969 5542 2288 5610; baseline 0 -15"><span class='ocrx_word' id='word_1_779' title='bbox 1969 5542 2035 5610; x_wconf 72' lang='lat' dir='ltr'><strong>to</strong></span> <span class='ocrx_word' id='word_1_780' title='bbox 2063 5543 2158 5608; x_wconf 80' lang='lat' dir='ltr'><strong>Ep.</strong></span> <span class='ocrx_word' id='word_1_781' title='bbox 2186 5542 2288 5595; x_wconf 71' lang='lat' dir='ltr'><strong>2l6</strong></span> 
     </span>
    </p>
   </div>
   <div class='ocr_carea' id='block_1_114' title="bbox 1964 5612 2271 5681">
    <p class='ocr_par' dir='ltr' id='par_1_114' title="bbox 1964 5612 2271 5681">
     <span class='ocr_line' id='line_1_114' title="bbox 1964 5612 2271 5681; baseline -0.01 -16"><span class='ocrx_word' id='word_1_782' title='bbox 1964 5617 2033 5681; x_wconf 59' lang='grc' dir='ltr'>(ιι,</span> <span class='ocrx_word' id='word_1_783' title='bbox 2064 5612 2155 5679; x_wconf 80' lang='lat' dir='ltr'><strong>Ep.</strong></span> <span class='ocrx_word' id='word_1_784' title='bbox 2187 5614 2271 5664; x_wconf 82' lang='grc'><strong>67.</strong></span> 
     </span>
    </p>
   </div>
   <div class='ocr_carea' id='block_1_115' title="bbox 1964 5682 2818 5752">
    <p class='ocr_par' dir='ltr' id='par_1_115' title="bbox 1964 5682 2818 5752">
     <span class='ocr_line' id='line_1_115' title="bbox 1964 5682 2818 5752; baseline 0.004 -18"><span class='ocrx_word' id='word_1_785' title='bbox 1964 5687 2038 5752; x_wconf 76' lang='lat' dir='ltr'><strong>(lt)</strong></span> <span class='ocrx_word' id='word_1_786' title='bbox 2066 5683 2161 5745; x_wconf 78' lang='lat' dir='ltr'><strong>Ep.</strong></span> <span class='ocrx_word' id='word_1_787' title='bbox 2189 5683 2314 5747; x_wconf 64' lang='lat' dir='ltr'><strong>“2-H,</strong></span> <span class='ocrx_word' id='word_1_788' title='bbox 2350 5698 2402 5734; x_wconf 86' lang='lat' dir='ltr'><strong>tt.</strong></span> <span class='ocrx_word' id='word_1_789' title='bbox 2430 5683 2481 5745; x_wconf 78' lang='lat'><strong>5.</strong></span> <span class='ocrx_word' id='word_1_790' title='bbox 2529 5682 2654 5749; x_wconf 62' lang='lat'><strong>“365,</strong></span> <span class='ocrx_word' id='word_1_791' title='bbox 2683 5698 2733 5735; x_wconf 82' lang='lat' dir='ltr'><strong>tt.</strong></span> <span class='ocrx_word' id='word_1_792' title='bbox 2767 5683 2818 5738; x_wconf 80' lang='grc'><strong>5.</strong></span> 
     </span>
    </p>
   </div>
   <div class='ocr_carea' id='block_1_116' title="bbox 1964 5753 2195 5815">
    <p class='ocr_par' dir='ltr' id='par_1_116' title="bbox 1964 5753 2195 5815">
     <span class='ocr_line' id='line_1_116' title="bbox 1964 5753 2195 5815; baseline 0.017 -13"><span class='ocrx_word' id='word_1_793' title='bbox 1964 5756 2025 5815; x_wconf 83' lang='lat' dir='ltr'><strong>(i)</strong></span> <span class='ocrx_word' id='word_1_794' title='bbox 2061 5753 2195 5806; x_wconf 82' lang='lat' dir='ltr'><strong>ibid.</strong></span> 
     </span>
    </p>
   </div>
   <div class='ocr_carea' id='block_1_117' title="bbox 1963 5821 2485 5892">
    <p class='ocr_par' dir='ltr' id='par_1_117' title="bbox 1963 5821 2485 5892">
     <span class='ocr_line' id='line_1_117' title="bbox 1963 5821 2485 5892; baseline -0.011 -15"><span class='ocrx_word' id='word_1_795' title='bbox 1963 5823 2027 5892; x_wconf 83' lang='lat' dir='ltr'><strong>(j)</strong></span> <span class='ocrx_word' id='word_1_796' title='bbox 2064 5822 2175 5877; x_wconf 87' lang='lat' dir='ltr'><strong>Lib.</strong></span> <span class='ocrx_word' id='word_1_797' title='bbox 2212 5837 2285 5889; x_wconf 89' lang='lat' dir='ltr'><strong>tv,</strong></span> <span class='ocrx_word' id='word_1_798' title='bbox 2317 5838 2365 5876; x_wconf 92' lang='lat' dir='ltr'><strong>c.</strong></span> <span class='ocrx_word' id='word_1_799' title='bbox 2404 5821 2485 5874; x_wconf 67' lang='lat' dir='ltr'><strong>l2.</strong></span> 
     </span>
    </p>
   </div>
  </div>
