4006 6434
492 414 619 454 XLVI

1871 385 2394 448 PROLEGOMENA.

493 512 604 570 563
637 515 921 580 scriberet,
959 523 1108 583 gesta
1141 513 1330 585 synodi
1365 511 1666 582 Tyaneusis
1725 523 1793 566 ex
1850 508 2062 563 incerto
2091 511 2138 564 Α
2166 503 2323 574 legati
2358 501 2717 566 mitterentur,
2745 499 2990 570 pluribus
3023 500 3158 556 locis
3201 501 3379 558 habita
3423 512 3549 560 sunt
3588 517 3722 558 con-

495 617 705 661 tantum
730 620 947 658 rumore
969 608 1184 677 cognita
1217 603 1492 667 habuisse,
1519 617 1640 674 quae
1669 610 1854 670 postea
1897 612 2060 654 accu-

495 700 672 753 ratius
734 697 1008 766 cognovit,
1054 697 1335 758 epistolam
1380 695 1488 749 2M
1538 693 1797 750 scribens.
1852 688 2062 744 Inutilis

495 803 719 860 prorsus
755 789 868 843 lizrc
896 791 1229 860 conjectura,
1261 803 1385 842 cum
1416 786 1638 856 cpistola
1660 782 1766 838 265
1799 783 2064 853 posterior

497 883 587 940 sit,
630 890 691 933 ut
723 879 968 934 omittam
1002 879 1454 932 verisimillimum
1488 892 1625 937 esse,
1648 873 1902 928 Basiliam
1940 886 2063 926 cum

498 971 755 1040 episcopo
781 987 880 1027 suo
915 973 978 1026 ad
1007 972 1273 1042 synodum
1305 973 1640 1042 Tyancnscm
1672 968 1906 1021 venisse.

577 1063 664 1116 Vl.
708 1062 952 1134 Magnam
985 1079 1114 1119 sane
1149 1065 1345 1118 Basilio
1379 1062 1586 1116 laudem
1621 1059 1856 1114 detrahit
1885 1055 2066 1125 Opinio

498 1152 863 1220 Tillemontii,
909 1158 998 1223 qui
1033 1157 1158 1210 dum
1210 1172 1330 1210 cum
1379 1155 1429 1206 in
1479 1151 1784 1207 solitudinis
1833 1149 2066 1202 latebras

499 1246 648 1300 abdit
675 1251 742 1301 ab
775 1262 913 1300 anno
950 1247 1053 1300 565
1096 1259 1262 1313 usque
1289 1243 1355 1297 ad
1388 1242 1514 1306 566,
1545 1245 1746 1294 nullam
1774 1241 1820 1293 ei
1853 1249 2064 1305 partem

499 1336 585 1390 bis
614 1338 666 1388 in
702 1339 860 1391 rebus
892 1336 1162 1404 relinquit.
1218 1334 1323 1388 Sed
1369 1333 1493 1403 quia
1543 1332 1887 1386 doctissimus
1932 1329 2068 1385 scri-

498 1437 646 1494 ptor,
687 1443 786 1482 cur
827 1427 1006 1480 Basilii
1039 1427 1268 1481 reditum
1315 1425 1525 1494 longius
1559 1423 1788 1484 differat,
1829 1421 1933 1477 hoc
1974 1436 2068 1490 po-

505 1519 770 1572 tissimum
819 1519 1010 1571 nititur
1058 1525 1392 1586 argumento,
1438 1517 1580 1585 quod
1629 1514 1864 1585 synodus
1910 1512 2069 1567 Lam-

501 1623 734 1676 psaccna
781 1625 922 1664 anno
956 1608 1062 1662 565
1092 1607 1273 1661 habita
1309 1606 1468 1661 fuerit
1501 1607 1601 1676 (τι),
1635 1607 1938 1674 persecutio
1969 1617 2068 1654 au-

504 1709 610 1750 tem
640 1699 707 1753 ad
751 1715 947 1754 annum
979 1707 1293 1767 sequentem
1325 1701 1624 1769 pertineat,
1655 1694 2067 1750 examinandum

503 1789 662 1844 nobis
723 1803 807 1844 est
861 1804 1097 1859 quonam
1147 1806 1287 1845 anno
1331 1791 1446 1861 haec
1487 1789 1724 1858 synodus
1762 1784 2067 1840 collocanda

503 1874 594 1929 sit.

574 1967 994 2036 Lampsacenam
1017 1971 1274 2040 synodum
1299 1969 1373 2040 (b)
1393 1970 1458 2022 ab
1475 1982 1614 2021 anno
1632 1967 1737 2022 564
1761 1967 1934 2024 divelli
1965 1985 2066 2023 non

509 2058 696 2111 sinunt
721 2059 1166 2114 circumstantizn.
1198 2059 1438 2114 Licentia
1469 2060 1694 2128 cogendi
1724 2060 1935 2114 concilii
1964 2073 2069 2110 non

507 2164 537 2201 a
573 2148 795 2204 Valente
839 2153 1061 2220 petitur,
1106 2153 1200 2206 scd
1245 2169 1272 2204 a
1305 2150 1704 2219 Valentiniano,
1742 2151 1833 2219 qui
1887 2149 2071 2203 relicta

506 2242 996 2314 ConstantinOpOli.
1026 2244 1252 2300 Romam
1281 2249 1634 2307 contendens,
1664 2246 1768 2296 iter
1793 2257 1888 2310 per
1909 2243 2074 2296 Thra-

506 2338 645 2390 ciam
690 2337 942 2393 facicli‘at.
989 2338 1288 2409 Responsio
1338 2337 1676 2402 imperatoris
1719 2335 1941 2388 minime
1985 2350 2074 2388 re-

508 2428 650 2482 dolet
681 2428 952 2498 ingenium
985 2431 1246 2485 Valentis.
1276 2430 1365 2483 Sic
1394 2430 1536 2481 enim
1579 2426 1857 2494 respondit
1885 2443 1898 2478 :
1940 2424 2076 2477 dli/ti

507 2521 716 2585 quidem
751 2522 806 2572 in
839 2520 1090 2573 laicorum
1123 2521 1304 2573 ordine
1331 2521 1614 2574 constituto
1645 2519 1725 2588 fas
1747 2535 1848 2570 non
1877 2517 2077 2571 est.ltu-

500 2607 738 2676 jusmodi
771 2612 981 2680 negotia
1017 2614 1276 2666 curiosius
1318 2615 1586 2677 scrutari;
1624 2614 1919 2666 sacerdotes
1961 2627 2076 2665 vero

506 2702 694 2770 quibus
728 2703 783 2755 id
811 2719 951 2756 cura:
978 2714 1076 2770 est,
1108 2707 1324 2758 seorsim
1355 2705 1643 2773 ubicunque
1676 2706 1933 2758 voluerint
1963 2720 2081 2756 con-

508 2789 735 2842 veniant.
785 2789 964 2858 Legati
1011 2807 1040 2843 a
1076 2792 1306 2844 concilio
1343 2794 1491 2846 missi
1550 2792 1828 2846 Valentem
1879 2796 2079 2846 adeunt

513 2876 805 2944 Heraclete,
855 2894 884 2934 e
937 2878 1164 2934 Thracia
1214 2889 1325 2934 tum
1386 2891 1774 2936 revertentem.
1829 2882 2074 2936 Fratrem

511 2970 657 3023 enim
688 2969 945 3026 Sirmium
999 2987 1169 3041 usque
1212 2972 1498 3027 comitatus
1535 2971 1731 3027 fuerat.
1780 2971 1904 3025 llazc
1946 2987 2073 3042 pro-

512 3059 654 3112 fecto
695 3075 820 3114 eum
861 3077 1002 3116 anno
1048 3062 1151 3116 564
1193 3064 1415 3119 omnino
1461 3065 1751 3119 cohaerent.
1803 3063 1928 3118 Plus
1977 3063 2077 3118 tri-

513 3147 784 3202 buendum
817 3151 899 3206 his
939 3153 1367 3207 circumstantiis
1408 3169 1529 3224 quae
1572 3165 1863 3208 narrantur
1906 3169 1935 3206 a
1980 3156 2078 3209 So-

2163 595 2284 651 cilia
2323 593 2413 665 (c),
2445 601 2503 646 ut
2538 596 2776 667 Smyrna:
2807 595 2859 646 in
2903 596 3050 662 Asia,
3091 603 3248 664 atque
3285 596 3446 649 etiam
3483 598 3534 651 in
3581 597 3722 654 Pisi-

2165 689 2272 754 dia,
2310 687 2533 751 lsauria,
2567 686 2875 756 Pamphylia
2911 701 2964 741 et
3005 688 3185 759 Lycia.
3224 685 3315 742 His
3352 697 3527 742 autem
3557 691 3721 744 rebus

2163 778 2599 848 percommodum
2650 789 2858 846 tempus
2890 777 3010 843 fuit,
3044 781 3240 834 bellum
3276 779 3540 844 Procopii,
3575 783 3716 851 quod

2164 873 2232 924 ab
2267 877 2452 924 aestate
2485 870 2610 922 anui
2651 869 2756 924 565
2787 884 2954 938 usque
2981 871 3044 922 ad
3079 885 3316 924 mensem
3351 868 3547 923 Maium
3597 875 3724 928 anni

2165 960 2292 1026 566,
2321 959 2592 1015 Valentem
2629 960 2877 1014 detinuit.
2930 960 2996 1012 At
3039 959 3128 1028 qui
3172 963 3432 1028 synodum
3464 958 3726 1027 Lampsa-

2165 1066 2350 1105 cenatn
2393 1051 2457 1104 ad
2497 1065 2694 1103 annum
2725 1051 2829 1105 565
2860 1050 3117 1114 referunt,
3165 1050 3313 1112 varia
3361 1053 3449 1106 illa
3493 1051 3724 1107 concilia

2166 1153 2220 1197 et
2248 1145 2562 1214 legationem
2609 1159 2750 1196 anno
2780 1143 3022 1212 sequenti
3064 1136 3168 1196 566
3209 1140 3472 1197 collocare
3519 1155 3724 1210 coeun-

2171 1242 2294 1286 tur:
2333 1250 2436 1303 quo
2474 1244 2711 1302 tempore
2739 1233 3012 1290 Valentem
3058 1233 3196 1288 bello
3223 1230 3368 1286 civili
3402 1233 3716 1287 defunctum

2165 1323 2336 1380 latere
2370 1324 2728 1379 dillieillimum
2775 1337 2910 1380 erat.
2941 1324 3242 1390 Quinetiam
3287 1323 3356 1378 ita
3392 1337 3509 1379 sese
3544 1327 3595 1380 in
3631 1339 3724 1379 ar-

2167 1427 2312 1470 ctutn
2337 1415 2647 1484 conjiciunt,
2671 1425 2728 1468 ut
2751 1417 2934 1483 pedem
2960 1415 3158 1470 referre
3179 1431 3283 1470 non
3311 1414 3535 1484 possint.
3589 1415 3724 1470 Nam

2167 1524 2288 1563 cum
2327 1509 2614 1578 Procopius
2655 1509 2825 1562 victus
2855 1523 2959 1560 non
3008 1505 3167 1560 fuerit
3214 1509 3314 1562 nisi
3361 1519 3543 1560 mense
3587 1505 3732 1562 Maio

2169 1599 2294 1652 anni
2328 1598 2431 1653 366
2470 1613 2696 1667 cumque
2753 1596 2998 1651 Liberius
3033 1610 3165 1666 papa
3199 1611 3382 1652 mense
3411 1594 3722 1664 Septembri

2169 1689 2408 1760 ejusdem
2435 1689 2559 1744 anni
2597 1689 2814 1752 obierit,
2850 1688 3116 1756 quomodo
3147 1688 3287 1740 intra
3322 1687 3450 1741 illud
3497 1695 3724 1754 tempus,

2170 1783 2310 1853 quod
2341 1797 2370 1834 a
2403 1796 2586 1835 mense
2618 1782 2755 1837 Maio
2783 1782 2849 1835 ad
2881 1780 3250 1850 Septembrem
3294 1777 3518 1843 cilloxit,
3551 1786 3631 1831 tot
3663 1790 3730 1829 ac

2102 1875 2144 1933 Β
2175 1881 2337 1926 tanta:
2367 1886 2456 1925 res
2484 1873 2733 1926 concludi
2764 1878 2988 1942 possint,
3019 1870 3375 1940 negotiorum,
3404 1883 3524 1937 qua:
3549 1880 3731 1937 super-

2171 1979 2292 2019 esse
2317 1962 2490 2018 solent
2514 1971 2634 2032 post
2659 1961 2855 2016 bellum
2887 1960 3063 2025 civile,
3092 1957 3509 2020 administratio,
3539 1955 3733 2011 deinde

2171 2059 2472 2126 persecutio
2499 2058 2552 2111 in
2595 2054 2758 2109 variis
2791 2053 3102 2123 provinciis,
3129 2066 3261 2119 quas
3293 2050 3593 2120 peragravit
3621 2047 3729 2103 Va—

2171 2147 2310 2210 lens,
2350 2148 2721 2216 episc0porum
2756 2143 2918 2197 varia:
2947 2142 3086 2196 inter
3123 2156 3182 2195 se
3221 2140 3635 2194 deliberationes
3664 2152 3732 2192 ac

2170 2241 2320 2294 varia
2358 2241 2607 2306 concilia,
2638 2240 2931 2309 legatorum
2966 2237 3192 2305 denique
3220 2233 3479 2298 delectus,
3505 2249 3726 2286 eorum-

2174 2344 2278 2398 que
2317 2329 2370 2382 in
2417 2329 2603 2381 urbem
2637 2329 2862 2382 Romam
2896 2328 3172 2390 adventus,
3223 2323 3312 2378 ubi
3354 2337 3476 2376 cum
3517 2320 3734 2374 Liberio

2175 2420 2241 2473 de
2268 2418 2428 2473 rebus
2455 2418 2689 2470 Orientis
2716 2428 2966 2486 egerunt,
3012 2418 3166 2487 eique
3221 2414 3484 2470 dederunt
3525 2410 3737 2466 litteras

2176 2519 2229 2566 et
2261 2511 2328 2565 ab
2355 2525 2420 2564 eo
2447 2516 2792 2580 acceperunt.

2784 2598 3009 2656 CAPUT
3050 2600 3139 2654 XI.

2176 2699 2217 2755 1.
2255 2699 2525 2766 Quomodo
2565 2696 2850 2766 presbyteri
2889 2709 3118 2766 imunere
3175 2694 3246 2766 in_
3281 2694 3398 2766 ipsa
3448 2693 3576 2766 urbe
3624 2707 3741 2766 prg-

2248 2762 2457 2894 {itnctus
2505 2762 2753 2822 Basilius.
2787 2766 2843 2818 Il.
2878 2765 2956 2818 De
2988 2765 3130 2818 illius
3168 2763 3396 2826 epistolis
3439 2764 3508 2816 Ἡ.
3551 2773 3596 2814 et
3643 2762 3737 2814 i3.

2276 2841 2333 2892 ll.
2364 2840 2604 2893 Charitas
2636 2837 2821 2890 Basilii
2850 2837 2984 2894 fante
3016 2843 3300 2894 grassante.
3337 2831 3421 2886 IV.
3447 2833 3560 2885 Duo
3587 2848 3646 2883 ea
3677 2833 3737 2882 de

2276 2841 2333 2892 ll.
2364 2840 2604 2893 Charitas
2636 2837 2821 2890 Basilii
2849 2837 2984 2903 fame
3016 2843 3300 2901 grassante.
3337 2831 3421 2886 IV.
3447 2833 3741 2903 Duo_ea_de

2249 2925 2303 2962 re
2330 2911 2620 2960 testimonia
2653 2898 2887 2969 Gregorii
2913 2898 3132 2972 Nys—seni
3159 2904 3505 2961 explicantur.
3539 2898 3604 2954 V.
3628 2898 3740 2953 Fu-

2247 2994 2352 3031 mes
2383 2988 2488 3029 toto
2515 2993 2650 3029 anno
2676 2976 2777 3029 568
2804 2975 3120 3041 perduravit.

2248 3067 2290 3122 l.
2332 3067 2436 3122 Sed
2478 3081 2617 3119 nunc
2655 3065 2976 3118 redeundum
3029 3062 3180 3116 nobis
3212 3071 3295 3117 est
3328 3063 3742 3124 Cresarcam,.et

2181 3161 2306 3232 quid
2339 3159 2412 3214 ibi
2447 3156 2728 3227 presbyter
2759 3154 2985 3224 gesserit
3013 3153 3263 3214 Basilius,
3297 3159 3552 3206 narrante
3595 3152 3741 3206 Grc-

511 3249 763 3301 zomeno,
784 3251 942 3305 quam
965 3239 1102 3293 notis
1130 3241 1527 3304 consularibus,
1553 3257 1685 3309 quas
1703 3242 1952 3296 Socrates
1973 3260 2078 3297 nott
2109 3224 2150 3281 ο
2183 3224 2356 3323 ξέοι-ΞΟ,
2389 3224 2736 3306 aii—diendum.
2771 3245 2859 3302 Sic
2894 3247 3054 3315 igitur
3085 3246 3256 3315 pergit
3286 3243 3590 3312 Tlteologus
3621 3240 3738 3314 (d):

513 3340 581 3381 ex
621 3326 772 3381 Actis
802 3327 1014 3382 concilii
1041 3328 1394 3398 Lampsaceni
1444 3330 1605 3394 eruit,
1652 3332 1767 3392 sed,
1827 3340 1884 3383 ut
1937 3347 2081 3398 saepe

515 3419 670 3483 alias,
719 3434 785 3473 ex
827 3421 1059 3489 propriis
1113 3422 1455 3488 conjecturis.
1507 3419 1621 3475 lloc
1669 3422 1782 3490 ipso
1825 3422 1972 3474 enim
2026 3424 2078 3476 in

516 3509 634 3562 loco
684 3511 882 3564 bellum
935 3514 1194 3569 adversus
1241 3515 1562 3582 Procopium
1614 3532 1756 3572 anno
1806 3517 2079 3587 sequenti,

515 3599 777 3656 Gratiano
822 3613 876 3656 et
925 3606 1251 3676 Dagalmpho
1301 3611 1650 3674 consulibus,
1695 3610 1746 3663 id
1795 3621 1876 3665 est
1940 3626 2083 3667 anno

518 3691 647 3756 566,
681 3694 794 3763 geri
827 3697 1053 3764 cmpisse
1094 3710 1296 3752 narrat.
1325 3701 1380 3752 In
1406 3716 1513 3769 quo
1542 3704 1758 3770 quidem
1805 3705 2082 3758 nobiscum

519 3783 669 3850 facit,
704 3801 765 3840 ac
805 3786 1134 3844 Ti!lemontii
1180 3791 1503 3845 sententiam
1545 3795 1759 3857 evertit,
1807 3797 1932 3855 dum
1975 3798 2086 3850 bel-

516 3879 626 3932 lum
659 3880 817 3935 civile
851 3897 992 3935 anno
1033 3893 1150 3951 post
1187 3883 1447 3942 synodum
1474 3882 1895 3952 Latnpsacenatn
1924 3900 2084 3939 exor~

518 3979 630 4024 tum
673 3983 795 4024 esse
841 3983 1044 4025 narrat.
1093 3975 1223 4026 Dum
1281 3987 1458 4028 autem
1509 3975 1649 4029 idem
1703 3975 1897 4029 bellum
1944 3977 2085 4031 Gra-

520 4061 668 4118 tiano
707 4073 762 4117 et
811 4062 1132 4132 Dagalaipbo
1182 4068 1512 4134 consulibus,
1556 4069 1607 4121 id
1658 4081 1742 4122 est
1791 4084 1935 4123 anno
1982 4069 2086 4124 566

521 4154 638 4219 geri
684 4156 913 4224 ccepissc
969 4159 1134 4218 dicit.
1179 4168 1286 4213 tota
1333 4169 1480 4214 errat
1532 4161 1654 4223 via,
1705 4177 1802 4216 nec
1852 4163 1958 4230 jam
2002 4163 2085 4226 ei,

521 4240 650 4296 dum
725 4248 986 4316 synodum
1062 4247 1480 4319 Lampsacenam
1549 4252 1760 4307 duobus
1834 4254 2090 4323 Augustis

519 4335 758 4401 primqu
817 4340 1129 4396 consulibus
1182 4344 1417 4397 habitam
1473 4343 1675 4410 refert,
1729 4356 1872 4399 tanta
1930 4348 2089 4400 attri-

523 4424 734 4478 buenda
785 4439 868 4482 est.
934 4431 1257 4497 auctoritas,
1309 4443 1572 4502 quautam
1629 4437 1874 4492 attribuit
1924 4435 2092 4491 Tille-

522 4529 776 4574 ιηοιιιιυε.

595 4609 752 4664 Aliud
803 4612 958 4667 nobis
989 4623 1364 4681 argumentum
1406 4619 1717 4687 suppeditat
1767 4622 2090 4688 persecutio,

524 4717 646 4771 quae
685 4720 807 4759 cum
839 4723 980 4761 anno
1009 4707 1114 4761 565
1151 4719 1396 4769 grassata
1425 4710 1516 4775 sit,
1560 4720 1619 4764 ut
1666 4727 1827 4780 supra
1871 4715 2095 4768 demon-

527 4805 777 4863 stratum,
810 4811 863 4854 et
891 4803 1175 4856 concilium
1207 4801 1630 4869 Lampsacenum
1677 4807 1966 4860 subsecuta
1999 4807 2092 4872 sit,

530 4899 588 4941 ut
629 4904 815 4946 oinnes
847 4891 1106 4958 fatentur,
1139 4897 1445 4951 certissimo
1480 4907 1794 4965 argumento
1835 4907 1920 4952 est
1952 4897 2093 4952 hanc

527 4971 786 5050 synodum
815 4999 955 5038 anno
985 4986 1090 5040 564
1125 4989 1362 5042 habitam
1399 4989 1579 5043 fuisse.

601 5073 716 5142 Ipsa
745 5076 973 5146 denique
999 5079 1166 5133 series
1189 5088 1243 5132 et
1261 5082 1514 5149 junctura
1539 5094 1722 5133 earum
1749 5095 1948 5146 rermn,
1973 5095 2092 5149 quae

524 5183 554 5220 a
595 5168 798 5238 synodo
839 5168 1205 5239 Latnpsaccna
1237 5188 1407 5241 usque
1441 5175 1506 5228 ad
1542 5176 1877 5247 Tyaneusem
1927 5173 2096 5225 inter-

530 5269 834 5327 Cesserunt,
877 5263 1102 5316 mirilice
1143 5264 1372 5331 quadrat
1412 5269 1463 5320 in
1509 5284 1572 5322 ea
1619 5281 1777 5336 quam
1821 5264 2098 5332 sequimur

533 5353 792 5404 sententia
816 5369 830 5416 ;
861 5341 917 5405 at
948 5354 1000 5406 in
1027 5354 1278 5424 opinione
1303 5355 1623 5412 Tillemontii
1651 5358 1862 5427 penitus
1891 5358 2098 5410 discou-

536 5442 697 5493 venit.
732 5441 1054 5510 Legatorum
1094 5448 1146 5500 in
1193 5447 1541 5502 Occidentem
1576 5450 1956 5502 mittendorum
2005 5463 2098 5500 nc-

533 5534 841 5588 cessitatem
869 5537 1049 5590 attulit
1075 5539 1466 5606 persecutionis
1500 5540 1773 5594 violentia:
1808 5548 2094 5607 antequam

609 5739 682 5826 (4,ιέ
728 5737 883 5792 Tum.
913 5737 1141 5826 Vinum.
1174 5739 1230 5791 8l
1251 5743 1378 5826 Ἀεὶ,
1409 5745 1459 5797 in
1489 5746 1733 5797 Ariunos.

613 5808 684 5880 (b)
726 5815 940 5866 5tt10ttl.
967 5809 1056 5862 lib.
1087 5824 1155 5875 \‘t,
1191 5829 1236 5865 υ.
1272 5813 1321 5865 7.

2120 4573 2170 4630 D

2183 3347 2293 3416 Τῆς
2333 3346 2424 3397 καὶ
2468 3343 2594 3415 περὶ
2640 3341 2738 3413 τὴν
2785 3338 3102 3410 Ἐκκλησίαν
3149 3335 3243 3389 τοῦ
3287 3334 3479 3406 ἀνδρὸς
3516 3334 3750 3405 κηδεμο-

2181 3437 2300 3497 νίας
2337 3433 2833 3505 καὶῆπροστασίας,
2876 3430 3046 3484 πολλὰ
3083 3429 3180 3500 μὲν
3224 3429 3318 3482 καὶ
3364 3428 3497 3480 ἄλλα
3545 3427 3750 3498 γνωρί-

2184 3544 2385 3598 σματα,
2420 3526 2701 3595 inpendet
2730 3525 2864 3595 πρὸς
2893 3524 3155 3595 ἄρχοντας
3183 3523 3308 3585 τούς
3341 3539 3400 3574 τε
3435 3520 3627 3583 ἄλλους
3655 3520 3752 3574 καὶ

2184 3624 2308 3686 τοὺς
2352 3618 2754 3679 δυνατωτάτους
2807 3617 2905 3685 τῆς
2955 3615 3191 3676 πόλεως’
3236 3615 3503 3681 διαφορῶν
3569 3612 3754 3671 λύσεις

2185 3717 2284 3769 οὐκ
2331 3710 2752 3781 ἀπιστούμεναι,
2790 3706 2901 3761 ἀλλ’
2938 3707 3041 3759 ὑπὸ
3077 3707 3176 3776 τῆς
3205 3705 3410 3757 ἐκείνου
3442 3703 3624 3772 φωνῆς
3644 3719 3756 3774 ":9-

2187 3805 2471 3876 πούμεναι,
2519 3803 2670 3873 νόμῳ
2722 3799 2796 3871 τῷ
2841 3797 3023 3868 τρόπῳ
3069 3794 3364 3867 χρώμεναι,
3422 3793 3752 3865 προστασίαι

2186 3896 2292 3950 τῶν
2344 3895 2629 3963 δεομένων,
2681 3895 2734 3945 αἱ
2780 3893 2874 3962 μὲν
2923 3890 3136 3951 πλείους
3197 3888 3594 3957 πνευματικαὶ,
3647 3886 3754 3940 οὐκ

2185 3988 2359 4056 ὀλίγαι
2401 3987 2456 4038 δὲ
2489 3988 2580 4037 καὶ
2625 3983 2962 4052 σωματικαί·
3015 3981 3105 4032 καὶ
3147 3980 3254 4050 γὰρ
3303 3980 3395 4033 καὶ
3427 3979 3583 4032 τθῦτο
3619 3979 3753 4031 πολ-

2186 4079 2338 4138 λάκις
2364 4079 2441 4138 εἰς
2469 4075 2642 4144 ψυχὴν
2672 4074 2824 4142 φέρει
2857 4072 2924 4124 δι’
2948 4072 3156 4132 εὐνοίας
3188 4071 3538 4142 ὀουῖιούμενον
3557 4087 3571 4101 ⁶
3603 4087 3756 4124 πτωρ

2187 4170 2502 4241 χοτροφίαι,
2539 4165 2862 4234 ξενοδοχίαι,
2911 4161 3334 4232 παρθενοκομίαι
3360 4202 3374 4220 ,
3445 4161 3755 4230 νομοθεσίας,

2193 4255 2468 4326 μθναστῶν
2491 4253 2751 4323 ἕγγραςιοί
2771 4269 2828 4305 τε
2855 4252 2949 4304 καὶ
2969 4251 3202 4322 ἄγραφοι
3219 4267 3232 4279 ο
3260 4250 3428 4319 εὐχῶν
3448 4251 3714 4316 διατάξεις
3735 4292 3750 4311 ,

2190 4349 2474 4419 εὐκοσμίαι
2511 4346 2602 4399 τοῦ
2655 4345 2912 4415 βήματος,
2958 4342 3026 4395 τὰ
3083 4342 3216 4395 ἄλλα
3255 4338 3335 4404 οἷς
3377 4342 3440 4394 ἂν
3487 4345 3513 4393 ὁ
3539 4341 3752 4413 ἀληθῶς

2192 4441 2472 4510 ἄνθρωπος
2499 4438 2590 4490 τοῦ
2621 4436 2753 4489 Θεοῦ
2784 4438 2875 4490 καὶ
2913 4436 3050 4507 μετᾶ
3076 4435 3208 4488 Θεῡῦ
3242 4435 3594 4504 τεταγμένος,
3624 4435 3754 4488 λαὸν

2195 4531 2538 4600 ὠφελήσειεν.
2570 4528 2691 4580 Jam
2725 4544 2836 4581 vero
2883 4527 3046 4594 ipsius
3098 4543 3219 4595 erga
3277 4523 3568 4579 Ecclesium
3614 4540 3755 4577 cura:

2200 4638 2260 4673 at:
2321 4619 2550 4684 pra'sidii
2611 4633 2905 4686 quanquam
2957 4613 3119 4667 multa
3179 4631 3376 4683 quoque
3412 4616 3517 4667 aiia
3557 4614 3758 4666 indicia

2200 4722 2348 4776 sunt,
2394 4710 2603 4762 libertas
2640 4709 2710 4760 ad
2762 4708 3038 4771 prarsides,
3081 4721 3196 4757 eum
3228 4705 3381 4767 alios,
3423 4717 3528 4757 tun:
3571 4713 3755 4771 poten-

2198 4805 2423 4856 tissimos
2463 4815 2691 4868 quosque
2750 4799 2993 4862 civitatis,
3041 4797 3508 4850 controversiarum
3559 4796 3754 4847 direm-

2199 4895 2402 4962 ptiones
2449 4904 2772 4959 nequaquam
2808 4899 3077 4954 suspeette,
3106 4888 3194 4940 sed
3237 4886 3298 4937 ab
3347 4886 3457 4948 eius
3489 4899 3608 4936 voce
3648 4885 3762 4953 for-

2197 4998 2353 5039 mata:
2383 5001 2442 5036 ac
2488 4985 2806 5046 constitutae,
2834 4981 3085 5048 modoque
3121 4990 3364 5041 tanquam
3398 4977 3504 5044 lege
3533 4983 3757 5034 utentes.

2199 5076 2452 5146 egentium
2490 5075 2800 5142 patrocinia,
2847 5072 2998 5138 plura
3051 5069 3254 5138 quidem
3289 5068 3620 5133 spiritantia,
3668 5068 3758 5118 sed

2203 5181 2374 5223 tamen
2421 5180 2675 5236 corporea
2711 5181 2812 5217 non
2840 5179 3007 5228 pauca
3043 5165 3182 5230 (nam
3208 5158 3262 5210 ir!
3297 5175 3494 5227 quoque
3522 5173 3758 5224 stupean-

2204 5277 2341 5313 mero
2373 5260 2439 5312 ad
2468 5259 2693 5310 animum
2721 5254 2904 5316 tendit,
2941 5269 3030 5320 per
3066 5248 3462 5304 benevolentiam
3493 5247 3756 5316 subigens,

2203 5369 2264 5404 ac
2306 5351 2438 5404 velut
2493 5350 2546 5401 in
2596 5347 2890 5400 servitutem
2936 5342 3188 5407 trahens),
3219 5354 3502 5406 pauperum
3535 5337 3758 5389 alenda-

2205 5460 2340 5503 rum,
2369 5444 2623 5507 hospitum
2660 5437 3096 5503 excipiendorum,
3125 5433 3376 5501 virginum
3406 5430 3759 5482 curandarnm

2205 5537 2467 5595 studium,
2523 5531 2928 5584 monasticarum
2971 5526 3140 5594 legum
3179 5522 3528 5577 institutiones
3569 5522 3760 5588 partim

2281 5737 2350 5801 (ι’)
2393 5735 2597 5797 Socrat.
2631 5733 2720 5785 lilt.
2754 5747 2830 5800 Ill,
2864 5746 2911 5785 c.
2940 5729 3023 5782 5‘2.

2277 5807 2354 5878 (ά)
2395 5804 2484 5860 υτ.
2512 5802 2599 5871 ~20,
2627 5803 2746 5858 sto.
