4006 6448
1647 383 1806 439 VITA
1846 383 1904 438 S.
1939 379 2201 436 BASlLll.

3359 403 3503 441 XLVII

269 511 481 579 scripto,
519 509 709 578 pertint
753 523 872 561 voce
916 507 1148 571 traditte,
1198 523 1406 575 precum
1445 507 1836 576 descriptiones,
1868 514 1913 568 Α
1940 505 2038 573 ptis
2087 502 2339 556 mandata
2384 511 2529 565 sunt,
2577 499 2779 571 colligit
2835 501 3208 556 Tillemontius
3267 505 3504 556 nonduin

267 603 497 656 sacrarii
549 601 963 664 concinnitates,
1014 617 1075 653 ea
1117 601 1333 668 denique
1391 603 1604 667 omnia,
1635 602 1835 669 'quibus

267 695 530 762 quispiam
578 710 693 746 vere
734 693 824 746 Dei
872 692 1023 746 homo
1086 709 1147 744 ac
1197 692 1306 746 Deo
1355 694 1652 763 adjunctus,
1700 692 1836 760 plebi

267 787 513 850 prodesse
539 795 712 852 queat.

341 875 455 927 Duo
503 875 810 927 indicantur
840 874 938 927 hoc
982 875 1101 928 loco
1142 875 1326 928 Basilii
1379 877 1600 946 insignia
1647 894 1832 948 opera,

267 963 482 1032 Regula:
519 967 820 1018 monasticaz
857 981 920 1017 ac
965 963 1227 1035 Liturgia.
1282 967 1487 1038 Regula:
1519 972 1833 1036 prolixiores

267 1063 392 1106 ante
446 1054 841 1108 ordinationem
903 1056 1117 1123 scriptae
1153 1058 1413 1110 'videntur
1459 1076 1473 1112 :
1513 1060 1646 1114 nihil
1687 1065 1831 1117 enim

271 1145 474 1197 habent
519 1160 586 1198 ex
634 1159 738 1212 quo
772 1143 1026 1196 Basilium
1078 1155 1201 1198 tunc
1240 1148 1608 1216 presbyterum
1662 1151 1829 1206 fuisse

260 1234 504 1302 judices;
559 1237 635 1288 ait
679 1236 769 1303 (p.
821 1234 958 1303 59.7)
1024 1246 1224 1288 tantum
1283 1238 1382 1291 sibi
1436 1255 1652 1295 necesse
1713 1257 1834 1298 esse

259 1326 676 1394 iustiﬁcationes
707 1328 794 1379 Dei
826 1329 1150 1380 annuntiare
1177 1347 1188 1381 :
1216 1330 1356 1393 quod
1385 1332 1601 1399 quidem
1633 1345 1832 1390 ascette

264 1415 553 1484 discipulos
586 1417 882 1469 instituenti
919 1419 1193 1470 convenit.
1223 1418 1340 1472 Non
1367 1436 1495 1490 ergo
1524 1423 1668 1476 aliud
1698 1439 1834 1493 Opus

262 1507 462 1560 indicat
494 1503 783 1574 Gregorius
807 1507 901 1576 (tt),
928 1521 1048 1559 cum
1085 1507 1310 1575 scriptas
1335 1523 1364 1561 a
1393 1525 1453 1562 se
1480 1522 1534 1564 et
1561 1527 1589 1563 a
1620 1511 1815 1565 Basilio

261 1598 544 1650 monastici
577 1598 804 1651 instituti
847 1599 988 1667 leges
1016 1614 1424 1656 commemorat.
1458 1604 1526 1657 At
1559 1604 1610 1656 in
1646 1619 1827 1669 prow-

260 1688 370 1739 mio
451 1687 776 1756 Regularum
842 1689 1131 1743 breviorum
1220 1693 1502 1746 manifeste
1568 1695 1833 1749 indicatur

259 1780 644 1839 sacerdotium,
671 1798 790 1834 enm
817 1783 926 1835 ait:
953 1781 1178 1838 Necesse
1203 1794 1278 1838 est
1304 1801 1393 1837 nos
1417 1787 1620 1854 quidem
1647 1788 1828 1856 quibus

1940 603 2065 647 tunc
2110 607 2236 646 suas
2270 592 2443 661 ipsum
2492 591 2743 645 Basilium
2795 592 3006 661 regulas
3053 593 3358 662 scripsisse.
3399 594 3502 646 Do-

1937 684 2161 738 ctissimi
2194 685 2292 736 viri
2343 683 2704 752 conjecturam
2747 697 2854 735 non
2891 684 3087 738 invitus
3121 699 3336 751 sequar.
3394 684 3499 739 Sed

1939 776 2064 828 mihi
2111 776 2328 845 probari
2363 792 2467 828 non
2501 784 2692 843 potest,
2725 775 2866 841 quod
2898 775 3037 829 idem
3073 776 3368 841 existimat,
3403 777 3504 829 Ba-

1935 868 2142 930 siliam,
2190 883 2308 920 cum
2360 867 2690 920 monasterio
2725 868 2950 921 Pontico
3000 869 3211 921 abesset
3259 869 3324 921 ad
3365 879 3501 921 tem-

1935 975 2053 1028 pus,
2085 960 2199 1012 haec
2229 960 2541 1025 scripsisse;
2575 973 2803 1026 emnque
2830 973 2986 1027 quem
3034 960 3088 1012 in
3132 960 3234 1014 hac
3275 961 3499 1028 epistola

1933 1049 2296 1110 commendat,
2331 1050 2549 1115 petiisse
2579 1053 2645 1102 ab
2681 1065 2763 1115 eo,
2794 1060 2850 1102 ut
2881 1051 2995 1104 sine
3034 1066 3182 1104 mora
3233 1053 3498 1105 monasti-

1925 1158 2053 1197 cam
2092 1142 2326 1194 habitum
2360 1141 2461 1193 sibi
2503 1143 2822 1195 concederet
2853 1141 2904 1194 in
2937 1157 2999 1195 eo
3030 1142 3169 1206 loco,
3229 1144 3318 1196 ubi
3369 1154 3496 1197 tunc

1934 1233 2374 1302 peregrinabatur
2404 1233 2656 1289 Basilius.
2696 1232 3046 1287 Monasticum
3078 1236 3219 1288 enim
3249 1236 3398 1288 habit
3449 1255 3496 1289 In

1934 1324 2199 1387 designari
2245 1323 2612 1377 Tillemontius
2643 1334 2796 1392 putat
2829 1325 2912 1379 his
2954 1327 3176 1379 verbis:
3207 1325 3316 1394 Ego
3357 1328 3499 1379 enim

1931 1414 2081 1467 illum
2118 1417 2200 1467 Itic
2237 1416 2432 1467 amoris
2471 1431 2593 1483 erga
2628 1415 2793 1468 Deum
2829 1433 3078 1471 coronam
3110 1419 3343 1482 accipere
3388 1431 3501 1471 stu-

1934 1505 2138 1558 dentem
2171 1506 2376 1558 distuli.

2005 1594 2202 1649 Verum
2246 1600 2446 1653 amoris
2483 1612 2606 1667 erga
2641 1597 2805 1651 Deum
2841 1611 3072 1662 corona,
3116 1613 3218 1652 non
3261 1608 3345 1653 est
3382 1615 3501 1653 mo-

1933 1690 2171 1742 nasticus
2213 1688 2447 1751 habitus,
2480 1692 2570 1742 sed
2613 1704 2820 1744 merces
2848 1707 2876 1742 a
2927 1688 3034 1742 Deo
3083 1699 3270 1743 sancte
3311 1693 3496 1743 viven-

1937 1780 2077 1834 tibus
2109 1781 2392 1847 promissa.
2421 1778 2586 1833 Nemo
2619 1781 2942 1833 induebatur
2987 1781 3282 1834 monastica
3327 1789 3496 1841 veste.

258 1873 512 1924 creditum
545 1885 620 1925 est
651 1891 836 1926 munus
872 1876 1108 1940 docendi,
1141 1883 1353 1943 paratos
1381 1893 1488 1928 esse
1518 1879 1658 1931 onmi
1703 1889 1817 1932 tem-

1937 1882 2028 1925 aut
2083 1872 2135 1926 in
2193 1872 2479 1926 interiores
2539 1871 2846 1925 monasterii
2918 1872 3060 1926 mdes
3113 1873 3502 1928 admittebatur

254 1980 378 2029 pore
404 1975 455 2017 et
489 1977 756 2032 promptos
783 1967 849 2018 ad
884 1968 1212 2019 instruendus
1242 1969 1685 2038 perficiendasque
1717 1972 1832 2022 ani-

255 2069 391 2114 mas,
421 2064 466 2104 et
500 2053 651 2106 modo
676 2054 879 2122 publice
902 2070 1076 2106 coram
1111 2065 1217 2106 tota
1247 2053 1485 2109 Ecclesia
1526 2059 1826 2120 contestari,

253 2145 408 2196 modo
436 2145 686 2204 privatim
740 2147 1030 2211 permittere
1062 2147 1340 2216 unicuique
1381 2139 1583 2209 eorum,
1626 2150 1714 2216 qui
1753 2149 1828 2200 “ad

253 2255 347 2291 nos
402 2238 752 2300 accesserint,
800 2247 855 2288 ut
903 2254 996 2290 suo
1046 2239 1304 2292 arbitratu
1365 2255 1456 2292 nos
1507 2243 1829 2310 interrogare

251 2332 474 2395 possint,
505 2338 610 2381 etc.
645 2329 719 2382 De
754 2328 992 2396 Liturgia
1026 2331 1149 2384 alibi
1181 2346 1422 2400 agemus.

321 2420 384 2476 ll.
446 2422 688 2476 Nondum
711 2421 940 2491 Regulus
964 2425 1249 2490 scripserat
1276 2421 1520 2489 Basilius,
1569 2425 1661 2479 sed
1695 2425 1828 2478 scri-

250 2513 415 2566 bendi
493 2512 604 2579 jam
683 2513 964 2570 consilium
1033 2521 1280 2580 ceperat,
1356 2528 1478 2568 cum
1542 2515 1823 2582 epistolam

253 2606 567 2659 vicesimam
601 2605 889 2658 secundam
930 2605 1203 2670 exaravit,
1254 2620 1373 2674 qua:
1424 2613 1505 2660 est
1546 2605 1621 2658 De
1651 2606 1822 2674 perfe-

250 2699 421 2748 ctione
463 2697 580 2749 oitte
612 2694 930 2748 monasticre.
961 2693 1018 2749 ln
1051 2695 1164 2764 ipso
1211 2697 1356 2750 enim
1397 2699 1620 2751 exordio
1655 2708 1822 2753 testa-

251 2800 357 2852 tur,
383 2804 506 2842 cum
539 2788 700 2840 multa
729 2787 858 2849 sint,
887 2803 1005 2855 qua:
1032 2803 1061 2841 ιι
1093 2789 1377 2857 Scriptura
1405 2788 1816 2857 prtecipiuntur,

248 2893 308 2932 se
340 2883 406 2933 de
441 2879 525 2932 his
554 2878 789 2941 interim,
814 2879 879 2930 de
910 2880 1107 2946 quibus
1134 2886 1402 2930 commota
1450 2879 1673 2946 quatstio
1707 2877 1820 2933 fue-

250 2977 354 3032 rat,
386 2967 602 3021 brevem
635 2966 1054 3020 admonitionem
1087 2966 1482 3034 subjecturum,
1510 2985 1612 3022 non
1654 2983 1819 3038 appo-

247 3063 366 3117 sitis
401 3062 695 3128 Scriptura:
749 3060 1092 3124 testimoniis,
1144 3062 1240 3115 sed
1285 3062 1477 3117 lectori
1532 3065 1595 3117 ad
1647 3079 1816 3134 agno—

245 3149 504 3203 scendum
555 3151 774 3203 relictis.
817 3150 986 3202 Nemo
1024 3158 1105 3204 est
1147 3167 1278 3205 sane
1310 3154 1426 3222 qui,
1469 3153 1512 3207 si
1550 3153 1816 3221 ejusmodi

1931 1973 2055 2016 ante
2086 1961 2492 2031 professionem,
2531 1971 2582 2015 ut
2618 1971 2764 2028 patet
2807 1977 2872 2013 ex
2913 1963 3183 2032 Interrog.
3210 1978 3245 2015 χ
3294 1963 3503 2032 Ιοιιείοο

1929 2069 2047 2107 rum
2103 2053 2228 2124 Reg.
2269 2055 2386 2123 Ipsa
2430 2055 2588 2108 etiam
2625 2054 2887 2121 professio
2919 2057 2968 2108 in
3003 2070 3067 2109 eo
3115 2057 3218 2109 sita
3264 2066 3402 2120 erat,
3441 2067 3504 2109 ut

1929 2146 2163 2199 novitius
2195 2147 2432 2214 probatis
2482 2145 2717 2215 legitimo
2777 2156 3017 2214 tempore
3062 2147 3495 2216 periclitatisquc

1936 2239 2209 2301 moribus,
2257 2238 2483 2292 fratrum
2531 2253 2755 2292 numero
2793 2238 3171 2294 ascriberetur.
3221 2239 3500 2304 Quomodo

1927 2343 2054 2399 ergo
2075 2345 2104 2382 a
2138 2329 2329 2383 Basilio
2364 2340 2669 2382 transeunte
2693 2329 2742 2382 id
2771 2329 2987 2395 petitum
3019 2330 3225 2392 fuisset,
3269 2332 3409 2397 quod
3438 2331 3492 2382 in

1927 2418 2042 2485 ipso
2065 2418 2388 2471 monasterio
2415 2427 2613 2471 tantam
2640 2419 2941 2472 cautionem
2977 2427 3031 2472 et
3059 2418 3496 2473 deliberationem

1924 2509 2261 2576 postulabat?
2280 2508 2326 2562 Is
2343 2524 2490 2578 ergo,
2510 2524 2663 2577 quem
2683 2509 3021 2572 commendat
3037 2507 3500 2573 Basilins,volebat

1925 2614 2044 2655 sese
2101 2602 2154 2654 in
2208 2603 2531 2656 monasterio
2585 2601 2904 2654 Caesariensi
2970 2616 3063 2669 per
3120 2610 3282 2654 totam
3333 2603 3497 2656 vitam

1926 2694 2035 2749 Deo
2079 2709 2425 2758 consecrare,
2475 2695 2658 2763 ibique
2700 2697 2897 2749 amoris
2948 2709 3072 2763 erga
3125 2697 3288 2749 Deum
3336 2711 3497 2749 coro-

1923 2802 2044 2838 nam
2091 2787 2353 2852 accipere.
2402 2783 2582 2851 Neque
2630 2783 2754 2836 illud
2803 2785 2964 2837 etiam
3001 2782 3213 2839 diliicile
3266 2786 3481 2854 perspi-

1922 2877 2084 2939 citur,
2136 2875 2427 2937 Basiliam,
2469 2873 2567 2926 etsi
2600 2889 2787 2927 curam
2840 2876 3192 2940 monasterii,
3239 2877 3379 2944 quod
3433 2879 3485 2930 in

1919 2965 2089 3022 I’outo
2123 2966 2454 3027 fundaverat,
2488 2980 2590 3018 non
2622 2967 2840 3019 omnino
2874 2967 3202 3034 abjecisset;
3241 2978 3366 3021 tunc
3415 2980 3496 3021 ta-

1921 3070 2042 3110 men
2075 3071 2178 3110 non
2215 3055 2451 3110 abfuisse
2476 3056 2541 3107 ad
2572 3066 2800 3122 tempus,
2827 3057 2918 3108 sed
2953 3070 3174 3123 prorsus
3202 3058 3482 3110 astrictum

1920 3145 2085 3200 fuisse
2124 3147 2453 3216 presbyterio
2498 3147 2755 3201 Ecclesia:
2800 3146 3176 3204 Caesariensis.
3209 3150 3492 3205 Statuerat

243 3241 528 3294 exordium
563 3239 706 3310 legat
752 3243 1031 3304 attentius,
1065 3257 1168 3296 non
1208 3243 1363 3296 facile
1400 3245 1689 3313 perspiciat
1723 3245 1814 3298 Ba-
1847 3223 1890 3280 (ἶ
1921 3241 2062 3293 enim
2095 3239 2146 3291 in
2188 3238 2312 3292 illud
2351 3239 2732 3291 monasterimn
2780 3240 3049 3306 proficisci
3073 3279 3086 3302 ,
3132 3255 3236 3294 non
3277 3250 3333 3293 ut
3372 3241 3489 3311 ipse

242 3332 444 3396 silium,
487 3347 608 3385 curn
653 3347 903 3400 magnum
943 3332 1154 3401 aliquod
1200 3334 1264 3386 de
1311 3334 1576 3387 institutis
1623 3351 1815 3389 mona-

243 3423 397 3476 sticis
440 3439 572 3491 opus
617 3425 988 3486 meditaretur,
1043 3424 1094 3476 in
1147 3439 1254 3491 quo
1286 3427 1600 3493 opponenda
1657 3436 1813 3478 crant

243 3511 538 3581 Scriptura:
573 3513 910 3576 testimonia,
956 3513 1070 3567 haec
1106 3513 1322 3566 interim
1380 3516 1614 3568 breviter
1676 3530 1814 3581 prte-

243 3613 396 3668 cepta
449 3607 756 3658 tradidisse.
796 3606 945 3660 Unde
977 3608 1115 3657 hanc
1162 3605 1441 3673 epistolam
1489 3622 1593 3660 non
1647 3609 1813 3664 multo

241 3703 364 3762 post
391 3693 570 3746 Basilii
605 3697 831 3746 reditum
865 3693 1226 3748 collocandum
1260 3695 1530 3748 existimo.

311 3785 468 3840 Circa
526 3786 665 3840 idem
727 3796 933 3855 tempus
979 3797 1033 3840 et
1096 3798 1221 3842 ante
1280 3788 1513 3856 scriptas
1576 3790 1811 3859 regulas,

240 3879 324 3933 vel
352 3890 522 3946 certe,
575 3895 697 3934 cum
729 3879 990 3934 Caesarea:
1026 3881 1325 3948 presbyteri
1374 3895 1594 3934 munere
1627 3879 1814 3948 fatige-

239 3981 389 4027 retur
420 3971 675 4033 Basilius,
720 3971 1028 4025 collocanda
1073 3972 1296 4038 epistola
1335 3974 1585 4027 vicesima
1630 3976 1809 4040 tertia,

239 4079 358 4132 quae
397 4064 575 4116 minus
603 4072 855 4115 accurate
879 4061 1222 4128 inscribitur,
1253 4061 1694 4116 Commendatitia
1738 4067 1806 4120 ad

239 4156 575 4217 utortacltttm,
623 4169 742 4208 cum
781 4153 956 4220 potius
1008 4154 1127 4227 toti.
1156 4156 1485 4210 monasterio
1535 4157 1809 4212 debuisset

238 4246 478 4302 inscribi.
523 4249 764 4301 Accessit
794 4247 1007 4316 quidam
1052 4247 1117 4299 ad
1152 4247 1410 4302 Basilium
1457 4251 1631 4304 seaculi
1663 4251 1813 4305 vani.

239 4352 400 4395 tatem
435 4351 812 4402 contemnens,
836 4355 898 4392 ac
927 4339 1067 4392 viam
1112 4341 1175 4391 ad
1220 4339 1433 4394 Domini
1472 4343 1808 4395 mansionem

235 4432 584 4485 deducentem
640 4430 842 4498 ingredi
898 4432 1140 4497 cupiens.
1187 4430 1363 4497 Atque
1409 4434 1453 4486 is
1497 4433 1712 4500 quidem
1755 4434 1807 4486 in

235 4523 350 4590 ipso
380 4523 521 4587 loco,
555 4520 641 4573 ubi
680 4533 803 4574 tunc
830 4532 948 4574 erat
978 4523 1224 4588 Basilius,
1257 4526 1609 4578 monasticam
1643 4525 1805 4578 vitam

235 4614 482 4682 amplecti
531 4612 781 4677 volebat;
831 4614 922 4665 sed
973 4628 1092 4666 eum
1132 4614 1358 4668 Basilius
1413 4615 1713 4677 dill‘crebat,
1747 4617 1801 4670 in

231 4705 514 4762 Ponticum
570 4706 954 4759 monasterium
1018 4706 1286 4762 deducere
1356 4707 1591 4773 malens,
1644 4709 1803 4776 eique

232 4799 339 4852 illic
393 4799 711 4864 magistrum
761 4797 993 4865 aliquem
1027 4795 1268 4863 pietatis,
1315 4813 1471 4866 quem
1531 4801 1642 4868 ipse
1691 4800 1799 4854 ele-

231 4895 414 4958 gisset,
461 4892 753 4958 praelirere.
784 4896 850 4942 At
879 4888 1107 4943 Basilius
1142 4893 1371 4959 negotiis
1401 4896 1652 4945 detentus
1679 4909 1798 4946 cum

231 4983 280 5034 in
329 4984 559 5037 Pontum
612 4981 877 5049 proficisci
928 4997 1030 5034 non
1081 4990 1279 5049 posset,
1334 4984 1480 5038 misit
1529 4985 1798 5037 hominem

228 5091 351 5128 cum
391 5077 612 5140 litteris,
641 5090 704 5126 ac
739 5075 1015 5127 monachis
1050 5075 1324 5141 prmisepit,
1356 5085 1409 5125 ut
1441 5091 1562 5128 eum
1597 5076 1697 5127 rite
1742 5085 1796 5127 et

230 5165 462 5233 legitime
517 5168 839 5232 probarent,
876 5174 931 5217 et
975 5164 1115 5233 quod
1163 5164 1277 5233 ipse
1326 5180 1445 5219 cum
1492 5165 1570 5218 eis
1621 5166 1797 5220 facere

230 5259 493 5317 voluerat,
523 5257 572 5308 id
604 5258 720 5311 sine
749 5272 808 5310 se
840 5256 1181 5325 perlicerent.

302 5350 375 5402 Ex
430 5348 514 5401 his
563 5349 799 5415 epistolas
848 5345 1358 5410 vcrbis,E/ementis
1395 5349 1663 5402 imbuatur
1713 5367 1794 5402 se-

231 5445 452 5493 cundum
489 5457 551 5492 ea
589 5457 704 5509 qute
747 5459 778 5493 tt
820 5440 1068 5494 Pati-ibus
1109 5441 1304 5496 sanctis
1348 5449 1546 5495 statuta
1578 5454 1622 5497 et
1666 5442 1798 5497 scri—

300 5668 372 5732 (η)
420 5667 544 5719 Naz.
575 5685 658 5737 cp.
689 5669 740 5722 9.

296 5739 364 5804 (tr)
407 5737 498 5790 0r.
527 5739 612 5790 220.

299 5811 363 5881 (ι’)
406 5811 483 5864 ait
516 5823 603 5860 an.
634 5808 756 5861 56?.

1918 3331 2172 3384 novitium
2209 3330 2352 3381 illum
2387 3340 2616 3398 regeret,
2657 3331 2750 3382 sed
2783 3340 2840 3383 ut
2889 3332 2938 3385 ei
2980 3333 3258 3386 ductorem
3289 3345 3342 3387 et
3385 3351 3496 3388 ma-

1917 3421 2146 3490 gistrum
2192 3421 2407 3488 pictatis
2454 3421 2770 3490 praeficeret.
2813 3423 3118 3487 Quinetiam
3153 3439 3275 3477 cum
3309 3441 3367 3479 se
3397 3441 3495 3481 oc-

1915 3514 2288 3581 cupationibus
2318 3516 2427 3567 suis
2460 3515 2669 3579 eripere
2703 3529 2808 3566 non
2845 3515 3123 3581 potuisset,
3168 3533 3343 3586 neque
3373 3520 3482 3573 eri-

1915 3618 2041 3671 pere
2073 3619 2227 3670 posse
2266 3613 2507 3670 speraret
2538 3618 2632 3670 per
2680 3612 2848 3656 totum
2879 3604 3010 3658 illud
3047 3615 3281 3675 tempus,
3335 3610 3479 3676 quod

1917 3696 1969 3746 in
2005 3694 2280 3763 probando
2313 3696 2518 3750 novitio
2566 3696 2938 3746 insumendum
2984 3707 3123 3761 erat,
3160 3700 3398 3765 prtecipit
3436 3708 3494 3752 ttt

1914 3803 1972 3841 se
2002 3801 2104 3841 non
2127 3799 2440 3858 exspectato
2468 3788 2725 3841 orobetur
2749 3799 2804 3840 et.
2836 3787 3064 3843 fratrum
3112 3792 3286 3845 ordini
3323 3793 3492 3846 ascri-

1914 3880 2090 3934 batur.

1986 3970 2072 4024 lll.
2115 3968 2258 4024 Inter
2290 3970 2486 4024 exinnia
2531 3972 2710 4025 Basilii
2760 3971 3060 4042 presbyteri
3109 3971 3366 4039 praeclare
3411 3974 3492 4026 fac

1915 4073 2022 4126 cta,
2067 4063 2294 4131 palmam
2330 4063 2420 4115 dat.
2460 4063 2753 4133 Gregorius
2799 4064 3175 4117 Nazianzenus
3217 4065 3489 4128 charitati,

1913 4172 2072 4224 quam
2123 4156 2171 4207 in
2211 4154 2351 4208 fame
2387 4156 2460 4227 (ὑ)
2501 4160 2737 4212 οιιιιιὶυιιι
2790 4168 2911 4224 post
2962 4158 3237 4211 hominum
3283 4173 3488 4211 tnetno-

1913 4248 2048 4300 riam
2114 4248 2452 4301 atrOcissima
2509 4248 2832 4316 designavit.
2883 4249 3219 4304 Cala::.itatis
3270 4265 3486 4303 causam

1911 4337 2104 4391 frustra
2143 4341 2333 4407 repetit
2381 4339 2642 4392 Baronius
2677 4340 2747 4407 (c)
2799 4356 2861 4394 ex
2914 4343 3176 4408 grandine
3227 4342 3487 4393 inusitatae

1912 4428 2307 4497 magnitudinis,
2333 4446 2492 4498 quam
2528 4431 2696 4485 instar
2733 4434 2964 4501 lapidum
2996 4432 3246 4486 Socrates
3273 4434 3356 4502 (tl)
3390 4448 3481 4486 ce-

1911 4520 2104 4575 cidisse
2155 4533 2337 4574 narrat
2403 4523 2861 4583 Constantinopoli
2932 4539 3072 4577 anno
3141 4524 3281 4592 537,
3329 4535 3484 4579 sexto

1908 4611 2090 4668 Nonas
2133 4612 2281 4667 Julii.
2334 4615 2473 4669 Idem
2512 4620 2694 4669 mulus
2747 4616 2879 4669 locis
2934 4619 3196 4671 accidisse
3254 4625 3483 4670 testatur

1910 4703 2239 4760 Sozomeuus
2271 4708 2341 4779 (ε)
2373 4725 2384 4760 :
2415 4709 2506 4761 sed
2538 4708 2733 4761 famem
2766 4709 2888 4762 inde
2923 4718 3265 4762 Consecutam
3298 4719 3485 4764 neuter

1908 4797 2184 4851 indicavit.
2213 4799 2392 4868 Longe
2426 4800 2838 4866 probabiliorem
2867 4816 3084 4854 causam
3117 4800 3271 4854 nobis
3299 4802 3474 4868 aperit

1909 4887 2156 4952 Basilius,
2186 4891 2276 4957 qui
2308 4890 2358 4942 in
2395 4890 2618 4944 llomilia
2653 4894 2702 4943 in
2738 4893 2932 4945 famem
2965 4901 3018 4943 et
3055 4890 3353 4944 siccitatem
3395 4894 3475 4946 sic

1909 4980 2141 5049 loquitur
2167 5001 2217 5034 ιι.
2241 4982 2294 5045 ‘3,
2315 4998 2367 5052 p.
2395 4984 2461 5036 05
2492 5003 2501 5035 :
2541 4984 2720 5036 Hiems
2740 4985 2947 5035 soi'itum
2966 4982 3230 5033 [tumorem
3250 4984 3479 5036 siccitttti

1906 5075 2186 5126 admistum
2225 5090 2326 5126 non
2368 5075 2570 5140 habuit,
2596 5078 2964 5128 sed/tumorem
2989 5076 3476 5143 omncmglucieas-

1903 5167 2085 5220 trittin
2135 5167 2533 5237 exsiccavitque,
2567 5181 2612 5222 et
2642 5169 2852 5221 onmino
2885 5169 3079 5219 nit-ium
3132 5169 3476 5235 imbriumth

1901 5274 2081 5326 expers
2119 5267 2422 5324 permansit.
2464 5260 2559 5314 Ver
2592 5277 2772 5313 rursus
2820 5259 3041 5312 alterum
3094 5263 3300 5329 quidem
3351 5276 3475 5328 pro-

1902 5353 2177 5416 prietatem
2228 5370 2443 5404 suarum
2491 5366 2688 5420 partem
2743 5354 3000 5416 ostendit,
3052 5355 3280 5406 calorem
3331 5354 3473 5415 dico,

1902 5444 2135 5495 humoris
2185 5458 2358 5496 autent
2405 5458 2661 5515 particeps
2717 5462 2816 5498 non
2867 5444 2980 5502 fuit.
3026 5443 3214 5500 zEstus
3268 5459 3384 5498 vero
3424 5453 3473 5498 et

1975 5667 2052 5734 tu)
2089 5665 2205 5719 Lib.
2232 5682 2301 5724 ιν,
2337 5680 2383 5718 c.
2419 5665 2498 5719 ιι.

1975 5739 2042 5808 (ε)
2085 5737 2199 5792 Lib.
2232 5752 2303 5801 γι,
2337 5754 2384 5790 c.
2414 5736 2498 5789 l0.
