4006 6430
518 400 613 438 XL‘
629 400 688 439 ΙΙΙ

1863 387 2393 444 PROLEGOMENA.

515 508 685 575 frigus
713 507 922 559 insolito
949 507 1101 558 modo
1131 507 1378 560 terminos
1410 507 1696 560 creationis
1736 516 2085 577 transgressa,
2117 513 2163 568 Α
2191 508 2397 561 abluere
2431 509 2640 563 minime
2675 527 2826 577 grave
2860 513 3106 577 ducebat,
3141 514 3481 567 ministerium
3515 516 3752 582 imitans,

515 610 565 652 et
597 599 920 651 incommode
953 601 1021 652 ad
1056 601 1334 668 perniciem
1370 613 1603 654 nostram
1641 603 2019 671 conspirantia,
2051 621 2085 657 a

513 695 655 747 rictu
685 705 732 747 et
761 711 791 746 a
817 695 924 747 vita
952 695 1199 746 mortales
1233 693 1472 763 abigunt.
1511 693 1682 766 Supra
1719 697 1795 750 sic
1827 696 2087 751 describit

515 787 689 855 ipsam
741 787 1040 841 siccitatem
1091 797 1142 839 et
1203 785 1398 842 famem
1454 802 1517 840 ex
1571 803 1633 842 ea
1687 798 2083 843 consecutam:

514 878 748 944 Citium,
789 878 994 947 inquit,
1039 879 1289 942 videmus,
1333 879 1559 946 fratres,
1591 882 1814 942 durum,
1854 880 2084 941 nudum,

511 972 627 1025 sine
656 972 901 1036 nubibus,
947 972 1145 1024 tristem
1179 971 1315 1022 hanc
1351 971 1679 1024 serenitatem
1711 986 1916 1033 creans,
1963 985 2088 1021 sua-

513 1078 611 1129 que
643 1062 870 1128 puritate
901 1061 1126 1131 aﬂligens
1155 1075 1246 1112 nos
1273 1073 1292 1110 :
1323 1075 1479 1112 auam
1511 1069 1682 1112 tamen
1727 1069 1882 1111 antea
1940 1059 2088 1112 valde

515 1152 872 1218 cupiebantus,
923 1168 1038 1204 cum
1091 1152 1182 1202 diu
1231 1151 1450 1203 nubibus
1493 1150 1775 1204 obductum
1826 1149 2089 1201 induceret

517 1245 664 1297 nobis
699 1244 968 1305 tenebras,
1007 1254 1052 1295 et
1101 1243 1206 1296 sole
1255 1243 1498 1311 privaret.
1545 1242 1706 1295 Terra
1749 1251 1922 1294 autem
1973 1257 2089 1307 pcr-

509 1353 670 1409 quam
701 1338 877 1402 arida,
907 1335 1197 1402 injucunda
1228 1343 1302 1387 est
1337 1343 1573 1403 aspectu,
1615 1342 1782 1402 segete
1812 1331 2004 1384 sterilis
2035 1341 2084 1384 et

515 1428 819 1498 infecunda,
855 1427 1019 1480 scissa
1057 1425 1284 1478 hiatibus
1310 1437 1356 1478 et
1392 1425 1653 1486 disrupta,
1682 1432 1728 1475 et
1755 1423 1808 1474 in
1849 1422 1967 1474 imis
2007 1423 2090 1474 sui

515 1521 754 1592 partibus
799 1517 1054 1588 fulgentes
1099 1517 1225 1569 solis
1274 1517 1454 1568 radios
1487 1514 1767 1579 excipiens.
1801 1511 1996 1567 Fontes
2041 1522 2090 1564 et

515 1613 712 1680 capiosi
739 1621 785 1664 et
815 1626 1062 1679 perennes
1099 1611 1396 1676 defecerunt
1439 1623 1552 1672 nos,
1586 1606 1870 1674 ingentium
1901 1605 2079 1672 [lumi-

519 1721 646 1756 num
668 1703 946 1769 absumpta
970 1712 1087 1754 sunt
1119 1702 1341 1769 ﬂuenta,
1373 1699 1521 1765 pueri
1552 1699 1756 1750 minimi
1783 1713 1842 1749 ea
1874 1695 2088 1764 pedibus

515 1804 804 1863 permeant,
839 1804 992 1862 atque
1034 1802 1235 1844 onusta:
1277 1791 1516 1844 mulieres
1565 1791 1859 1859 trajiciunt.
1907 1788 2092 1857 Defuit

2189 599 2443 668 simulque
2486 616 2796 668 puerorum,
2834 606 2937 656 sive
2988 621 3350 658 conservorum
3391 623 3635 670 suorum,
3682 609 3754 660 ad

2189 706 2301 744 eam
2343 707 2447 744 rem
2480 709 2634 757 opera
2667 705 2831 753 utens.
2867 711 3152 762 pauperum
3201 714 3417 765 corpora
3457 709 3502 750 et
3543 701 3748 752 animas

2189 781 2434 848 curabat,
2485 784 2730 837 honorem
2783 801 2960 853 nempe
3003 802 3119 840 cum
3163 790 3450 841 necessario
3502 789 3753 843 alimento

2190 883 2514 936 conuertens,
2544 883 2698 943 atque
2743 877 2974 942 ipsorum
3016 880 3364 931 calamitatem
3400 882 3639 949 utrinque
3675 880 3754 934 ie-

2191 963 2360 1015 uiens.
2427 962 2522 1016 llis
2581 964 2808 1018 addebat
2860 969 3030 1034 majus
3095 968 3446 1034 beneficium,
3503 980 3556 1024 ct
3606 972 3754 1038 ipsos

2189 1053 2353 1105 etiam
2409 1054 2617 1110 animos
2677 1057 2912 1111 caelestis
2963 1060 3219 1114 doctrina:
3275 1058 3470 1128 pabulo
3538 1061 3752 1114 nutric-

2191 1140 2302 1197 but.

2263 1236 2349 1294 ιν.
2393 1238 2515 1292 llzcc
2556 1238 2943 1292 continuantur
2985 1254 3010 1292 a
3050 1240 3309 1309 Gregorio
3343 1241 3604 1311 Nysseno,
3658 1242 3751 1310 qui

2193 1331 2244 1383 in
2277 1330 2415 1384 libro
2445 1346 2462 1383 ι
2503 1333 2555 1382 in
2590 1331 2908 1384 Eunomium
2943 1330 3017 1400 (b)
3057 1340 3280 1385 testatur
3309 1333 3558 1386 Basilium
3588 1335 3756 1401 patri-

2193 1419 2431 1472 monium
2458 1430 2512 1473 ct
2543 1429 2665 1475 ante
2693 1421 3057 1474 sacerdotiqu
3089 1420 3382 1477 liberaliter
3411 1425 3462 1477 in
3493 1437 3755 1492 pauperes

2190 1510 2440 1568 effudisse
2480 1529 2493 1566 :
2542 1521 2596 1565 et
2646 1514 2910 1581 praecipue
2961 1513 3014 1566 in
3065 1528 3288 1567 annona:
3335 1506 3582 1580 caritate,
3632 1530 3756 1569 cum

2192 1614 2456 1674 praeesset
2490 1605 2761 1667 Ecclesia;
2797 1607 2972 1660 adhuc
3007 1607 3058 1659 in
3097 1607 3535 1676 presbyterorum
3566 1607 3760 1662 ordine

2193 1696 2506 1749 tuinistrans
2538 1710 2553 1746 :
2597 1711 2694 1750 nec
2725 1707 2907 1762 postea
2941 1711 3150 1760 eorum,
3182 1712 3302 1764 qua:
3335 1697 3536 1766 reliqua
3576 1708 3755 1764 erant,

2196 1799 2414 1853 parcum
2464 1785 2671 1839 fuisse:
2707 1786 2815 1857 Τὴν
2867 1786 3126 1858 πατρῷαν
3160 1786 3349 1838 οὐσίαν
3381 1788 3474 1839 καὶ
3515 1789 3619 1856 πρὸ
3657 1789 3760 1858 τῆς

516 1886 674 1938 etiam
711 1884 974 1951 plerisque
1004 1897 1239 1937 nostrum
1287 1891 1460 1950 potus,
1496 1899 1556 1934 ac
1589 1883 1639 1934 in
1669 1883 1889 1950 penuria
1915 1898 2088 1934 rerum

2196 1876 2516 1947 ἱερωσύνης,
2545 1878 2776 1946 ἀφειδῶς
2809 1879 3094 1942 ἀναλώσας
3131 1881 3242 1940 τοῖς
3275 1877 3491 1946 πένητι,
3522 1881 3614 1931 καὶ
3650 1881 3758 1949 μά-

517 1978 585 2031 ad
637 1978 794 2032 vitam
843 1978 1255 2031 necessariarum
1311 1990 1604 2028 versamur.
1657 1973 1916 2026 Israelita:
1974 1974 2088 2025 novi

517 2087 704 2124 novum
745 2069 978 2140 .lloysem
1028 2079 1074 2122 et
1130 2071 1325 2138 uirgam
1393 2065 1719 2119 mirabilium
1780 2065 2086 2133 effectricem

517 2165 850 2232 conquirunt,
894 2172 944 2213 ttt
988 2169 1150 2229 petrtr
1183 2175 1364 2211 rursus
1395 2173 1656 2226 percussa:
1690 2157 1992 2209 necessitati
2028 2173 2089 2208 ac

514 2257 749 2325 penuria:
817 2254 1040 2308 sitientis
1095 2252 1272 2320 populi
1318 2252 1643 2312 medeantur,
1698 2260 1744 2301 et
1808 2247 2087 2300 insolentes

513 2349 756 2416 qutcdam
799 2348 981 2408 nubes,
1027 2345 1160 2397 roris
1204 2345 1260 2395 in
1305 2359 1522 2406 morem,
1558 2345 1819 2393 insuetum
1868 2339 2089 2392 alimenv

517 2449 626 2490 tum
662 2453 852 2490 manna
895 2435 1190 2488 hominibus
1231 2435 1525 2486 demittant.
1568 2431 1854 2485 Vereamur
1886 2447 1946 2483 ne
1987 2430 2090 2497 fin-

515 2546 631 2582 mus
659 2529 874 2596 posteris
908 2544 1093 2581 novum
1121 2526 1275 2595 [antis
1305 2536 1350 2578 et
1397 2525 1606 2578 mulctte
1632 2523 1943 2592 exemplum.
1973 2523 2088 2574 l'idi

517 2635 671 2688 agros
711 2627 760 2672 et
797 2621 1041 2674 lacrumis
1075 2617 1250 2669 multis
1283 2615 1607 2668 sterilitatem
1657 2631 1837 2666 eorum
1875 2615 2084 2680 tle/levi,

516 2725 730 2779 sumque
756 2709 1094 2772 lamentatus,
1122 2707 1260 2775 quod
1293 2705 1467 2758 nullus
1498 2705 1552 2756 in
1585 2720 1674 2757 nos
1704 2703 1866 2754 imber
1892 2705 2088 2769 e/fusus

517 2811 612 2855 est.
641 2801 852 2854 Semina
878 2810 1118 2868 quaedam
1149 2797 1377 2868 germine
1411 2804 1631 2851 necdum
1663 2795 1852 2847 emisso
1881 2809 2085 2856 aruere,

518 2891 646 2942 talia
681 2889 1038 2957 permanentia
1081 2891 1213 2942 inter
1247 2889 1444 2958 glebas,
1485 2887 1665 2959 qualia
1707 2894 1946 2938 aratrunt
1995 2885 2086 2939 ob-

516 2989 759 3034 texerat:
791 2980 898 3033 alia
947 2979 1223 3044 paululum
1253 2981 1602 3046 prominentia
1623 3020 1637 3044 ,
1681 2990 1794 3044 post
1829 2981 2089 3048 germina—

515 3072 709 3123 tionem
740 3070 1109 3122 miserabiliter
1134 3080 1263 3122 cestu
1291 3074 1340 3120 et
1367 3067 1553 3119 ardore
1583 3069 1816 3134 arefacta
1849 3079 1990 3132 sunt,
2016 3071 2088 3120 sic

2193 1965 2350 2020 λιστα
2380 1971 2436 2020 ὲν
2479 1969 2554 2038 τῷ
2584 1971 2681 2040 τῆς
2718 1971 2978 2033 σιτοδείας
3012 1969 3188 2042 καιρῷ
3219 1970 3339 2023 καθ’
3375 1969 3433 2021 ὃν
3471 1970 3758 2024 ἐπεστάτει

2190 2060 2291 2130 τῆς
2337 2060 2676 2130 Ἐκκλησίας,
2708 2062 2784 2114 ἔτι
2818 2065 2874 2116 ἐν
2902 2062 2976 2132 τῷ
3011 2063 3193 2133 κλήρῳ
3221 2063 3328 2116 τῶν
3375 2061 3761 2132 πρετϐυτέρων

2192 2145 2488 2216 ἱερατεύων
2517 2147 2610 2198 καὶ
2644 2150 2778 2217 μετᾶ
2805 2149 2996 2214 ταῦτα,
3026 2153 3158 2220 μηδὲ
3188 2152 3293 2204 τῶν
3327 2149 3762 2220 ὑπολειῳοέντων

2192 2240 2536 2308 φεισάμενος.
2571 2236 2713 2292 ldetu
2741 2240 2792 2291 in
2826 2252 2962 2293 orat.
3006 2244 3056 2292 in
3085 2242 3247 2294 Basil.
3281 2246 3348 2312 (ε)
3381 2243 3457 2296 sic
3487 2243 3759 2312 loquitur:

2191 2330 2364 2399 Λιμοῦ
2410 2331 2518 2401 γάρ
2570 2346 2697 2382 ποτε
2743 2329 2978 2398 χαλεποῦ
3025 2335 3453 2397 καταπονοῦντος
3503 2336 3672 2405 αὑτήν
3700 2353 3762 2386 τε

2190 2423 2288 2491 τὴν
2351 2423 2501 2474 πόλιν
2565 2423 2622 2473 ἐν
2760 2420 3111 2489 διαιτώμενος
3167 2423 3447 2491 ἐτ’ᾇγχανε,
3504 2427 3596 2478 καὶ
3652 2427 3760 2478 πεῖ-

2193 2531 2291 2567 σαν
2336 2516 2433 2584 τὴν
2480 2514 2842 2568 ὑποτελοῦςαν
2883 2517 2949 2584 τῇ
2997 2514 3145 2566 πόλει
3192 2514 3393 2583 χώραν,
3429 2517 3526 2579 τὰς
3565 2519 3760 2572 ἑαυτοῦ

2192 2605 2411 2674 κτήσεις
2452 2605 2804 2674 ἀποδόμενος,
2855 2606 2948 2657 καὶ
2992 2607 3071 2668 εἰς
3116 2604 3322 2675 τροφὰς
3362 2605 3648 2674 διαμείψας
3693 2609 3763 2660 τὰ

2193 2698 2470 2764 χρήματα.
2514 2699 2601 2748 ὅτε
2647 2699 2868 2749 σπάνιον
2906 2693 2971 2764 ἦν
3012 2698 3104 2750 καὶ
3134 2698 3260 2760 τοὺς
3304 2696 3507 2766 σφὸδρα
3551 2713 3761 2766 παρεσ-

2193 2787 2557 2855 κευασμένους
2583 2789 2858 2857 τράπεζαν
2884 2791 3091 2852 ἑαυτοῖς
3115 2789 3586 2861 παραστήςαςοαι,
3612 2789 3766 2860 διήρ-

2193 2896 2350 2931 κεσεν
2383 2880 2586 2942 ἐκεῖνος
2618 2882 2674 2932 ἐν
2707 2881 2868 2932 παντὶ
2908 2880 2984 2949 τῷ
3018 2893 3192 2952 χρονῳ
3221 2882 3313 2934 τοῦ
3353 2881 3508 2953 λιμοῦ
3545 2882 3765 2952 τρέςων

2191 2971 2316 3034 τούς
2359 2989 2417 3025 τε
2469 2971 2808 3042 πανταχόθεν
2865 2973 3212 3043 συρῤἐοντας,
3257 2977 3351 3028 καὶ
3396 2977 3490 3045 τὴν
3543 2975 3763 3028 νεολέαν

2194 3067 2392 3129 παντὸς
2419 3066 2511 3119 τοῦ
2538 3067 2710 3138 δήμου
2741 3068 2838 3137 τῆς
2871 3068 3095 3130 πόλεως,
3126 3069 3200 3130 ὡς
3230 3071 3321 3122 καὶ
3348 3074 3459 3133 τοῖς
3483 3071 3591 3123 τῶν
3634 3073 3766 3123 ἰου-

517 3172 574 3214 ut
612 3163 772 3230 possit
812 3177 946 3214 nunc
983 3159 1175 3230 aliquis
1221 3157 1584 3213 convenienter
1629 3158 1762 3210 hanc
1817 3155 2087 3225 Evangelii

2195 3157 2355 3211 δαίων
2385 3160 2571 3212 παισὶν
2606 3162 2669 3212 ἐκ
2703 3160 2794 3213 τοῦ
2830 3161 2943 3212 ἴσου
2979 3161 3290 3232 προτιθέναι
3328 3163 3425 3232 τῆς
3453 3162 3763 3234 φιλανθρω-

514 3269 691 3306 vocem
723 3254 994 3312 invertere,
1021 3266 1082 3302 ac
1112 3251 1280 3303 dicere
1315 3263 1333 3300 :
1368 3266 1386 3298 ‹
1423 3247 1663 3315 Operarii
1692 3247 1896 3316 quidem
1922 3248 2091 3313 multi,

518 3345 609 3397 sed
658 3345 837 3396 messis
871 3359 931 3395 ne
966 3357 1131 3409 pauca
1171 3343 1400 3405 quidem.
1440 3360 1456 3387 ι
1503 3340 1762 3410 Agricola:
1816 3350 1986 3392 autem
2039 3343 2093 3392 in

517 3437 658 3505 agris
709 3437 1034 3501 desidentes,
1078 3442 1126 3487 et
1162 3435 1401 3485 manibus
1455 3449 1624 3500 genua
1675 3431 1930 3498 complexi
1982 3432 2092 3500 (qui

518 3545 644 3582 sane
686 3528 970 3596 lugentium
1001 3527 1210 3578 habitus
1245 3525 1362 3592 est),
1404 3523 1582 3576 inanes
1624 3537 1744 3574 suos
1775 3522 1973 3596 labores
2003 3526 2094 3577 de-

519 3617 752 3686 plorant,
788 3618 1120 3683 respicientes
1168 3617 1234 3666 atl
1271 3616 1494 3682 infantes
1541 3628 1750 3677 pueros,
1784 3593 1845 3662 ac
1899 3611 2095 3665 lamen-

519 3718 710 3776 tantes,
738 3717 787 3762 et
826 3708 993 3762 oculis
1043 3708 1096 3761 in
1144 3723 1332 3761 uxores
1377 3707 1593 3758 intentis
1639 3707 1848 3773 ﬂentes,
1889 3705 2095 3758 contin-

521 3811 690 3871 gentes
724 3802 890 3854 siccas
924 3802 1133 3869 [rugam
1166 3800 1351 3852 herbas
1383 3807 1428 3850 et
1459 3804 1862 3860 contrectantes,
1889 3796 2096 3850 edentes

518 3911 734 3966 magnos
766 3896 996 3964 ejulatas
1044 3895 1256 3963 perinde
1305 3904 1457 3963 atque
1498 3900 1671 3957 patres
1711 3891 1838 3956 ﬁliis
1879 3891 1987 3943 suis
2043 3895 2096 3945 in

523 3989 694 4042 wtatis
731 3988 860 4056 ﬂore
901 3987 1096 4040 orbati.

591 4079 791 4134 Malum
822 4080 1231 4148 ingravescebat
1261 4081 1376 4149 ipso
1404 4083 1758 4152 Cappadocia:
1790 4086 1921 4150 situ,
1961 4103 2082 4156 qua:

522 4189 643 4229 cum
694 4182 902 4228 remota
941 4174 1010 4226 sit
1058 4189 1085 4225 a
1137 4173 1301 4236 mari,
1359 4189 1455 4228 uec
1504 4190 1566 4228 ea
1621 4177 1820 4244 quibus
1863 4178 2100 4232 abundat

522 4273 832 4334 asportare,
873 4280 970 4316 nec
999 4279 1118 4332 quze
1159 4267 1350 4319 desunt
1395 4265 1552 4319 facile
1601 4267 1858 4323 invehere
1890 4279 2094 4337 potest;

522 4357 615 4410 sed
651 4355 781 4409 nihil
816 4355 867 4408 in
903 4356 983 4408 his
1020 4354 1173 4407 malis
1205 4357 1494 4422 crudelius,
1525 4374 1686 4428 quam
1717 4361 1941 4413 divitum
1972 4376 2098 4414 ava-

525 4448 684 4510 ritia,
725 4448 815 4517 qui
868 4448 1027 4500 veluti
1083 4463 1288 4514 ungues
1321 4450 1539 4516 quidam
1581 4453 1630 4505 in
1679 4459 1867 4521 patriae
1918 4455 2098 4508 ulcere

2197 3249 2326 3308 πίας
2355 3250 2554 3318 ταύτης
2603 3252 2698 3322 τὴν
2735 3253 3049 3321 μετουσίαν.
3099 3253 3230 3307 Cum
3263 3255 3428 3322 fames
3474 3257 3765 3324 aliquando

2194 3343 2367 3410 gravis
2401 3344 2641 3411 afﬂigeret
2682 3361 2796 3396 cum
2820 3348 2987 3412 ipsam
3015 3347 3274 3396 civitatem
3308 3349 3360 3396 in
3394 3361 3495 3413 qua
3528 3349 3766 3414 degebat,

2196 3447 2304 3489 tum
2336 3435 2595 3502 subjectos
2628 3436 2828 3487 civitati
2872 3450 3028 3503 agros
3063 3451 3255 3495 omnes,
3292 3436 3531 3501 proprias
3557 3452 3763 3501 posses-

2194 3529 2362 3581 siones
2400 3528 2645 3590 vendens,
2693 3536 2741 3578 et
2785 3525 3050 3578 alimentis
3092 3525 3373 3592 pecuniam
3406 3534 3764 3589 commutatis,

2197 3630 2304 3670 tum
2336 3635 2455 3672 cum
2485 3635 2664 3670 rarum
2694 3626 2845 3681 esset,
2876 3626 2933 3670 ut
2975 3615 3158 3684 quibus
3189 3631 3272 3668 res
3303 3618 3426 3668 bene
3453 3616 3601 3667 lauta
3630 3627 3766 3679 erat,

2197 3721 2427 3756 mensam
2469 3708 2565 3759 sibi
2607 3717 2944 3774 opponerent,
2991 3722 3095 3759 non
3140 3707 3291 3758 desiit
3329 3705 3417 3758 ille
3464 3716 3570 3758 toto
3608 3708 3768 3768 {amis

2198 3800 2425 3859 tempore
2443 3794 2581 3847 alere
2601 3807 2648 3847 et
2671 3811 2755 3848 eos
2780 3797 2866 3863 qui
2897 3797 3123 3861 undique
3143 3797 3499 3864 ron/luebant,
3529 3807 3577 3850 et
3603 3797 3764 3849 totius

2195 3885 2369 3955 populi
2393 3885 2620 3937 civitatis
2653 3887 2994 3953 iuventutem,
3019 3892 3096 3938 ita
3135 3898 3190 3938 ut
3219 3901 3264 3938 et
3291 3889 3600 3940 Judtcorum
3623 3889 3767 3956 ﬁlios

2199 3993 2346 4039 traua
2376 3987 2524 4045 parte
2549 3976 2705 4046 hujus
2736 3977 3080 4030 humanitatis
3107 3977 3410 4045 impertiret.

2269 4071 2326 4124 In
2360 4081 2587 4140 utroque
2622 4070 2850 4142 Nysscui
2879 4072 3285 4139 interpretando
3315 4070 3620 4123 testimonio
3661 4085 3768 4124 non

2197 4163 2614 4217 accuratissime
2667 4175 2914 4216 versatur
2962 4164 3354 4217 Tillemoutius.
3410 4161 3570 4216 Putat
3619 4162 3767 4216 enim

2199 4251 2476 4317 Basilium,
2515 4269 2635 4306 cum
2683 4253 2840 4306 initio
2871 4268 3114 4308 secessus
3145 4253 3397 4306 n0unulla
3431 4254 3532 4307 sibi
3566 4268 3633 4306 ex
3663 4267 3763 4320 pa-

2201 4345 2368 4398 ternis
2397 4343 2611 4413 prmdiis
2637 4355 2984 4408 reservasset,
3009 4362 3071 4397 ea
3100 4348 3150 4396 iu
3179 4359 3443 4412 pauperes
3470 4344 3768 4399 liberaliter

2199 4433 2452 4489 eﬂudisse
2499 4435 2551 4486 in
2603 4450 2808 4488 summa
2856 4451 3079 4488 animum
3134 4435 3382 4487 caritate.
3441 4435 3510 4488 At
3563 4433 3612 4486 id
3658 4448 3766 4488 non

525 4553 646 4595 esse
693 4541 882 4596 solent,
931 4554 994 4592 ac
1050 4547 1349 4607 temporum
1401 4540 1741 4598 dillicullates
1777 4546 2089 4607 observare,

2199 4528 2327 4580 dicit
2371 4527 2666 4597 Nysscuus,
2715 4527 2972 4580 Basilium
3026 4535 3331 4580 reservatus
3363 4526 3463 4581 sibi
3507 4526 3574 4577 ab
3614 4525 3769 4581 initio

525 4640 586 4681 ut
615 4642 680 4680 ex
712 4624 938 4696 publicis
967 4628 1219 4678 aerumnis
1262 4642 1390 4697 epes
1435 4645 1562 4684 suas
1601 4644 1848 4698 augeant.
1879 4634 1945 4686 At
1992 4635 2093 4687 Ba-

527 4719 701 4778 silius,
749 4733 870 4770 cuiu
928 4717 1169 4770 oratione
1221 4735 1316 4772 sua
1367 4730 1419 4774 et
1476 4723 1852 4778 cohortatione
1910 4743 2091 4779 eorum

525 4808 826 4878 aperuisset
876 4807 1105 4869 horrea.
1161 4810 1236 4864 sic
1288 4814 1634 4881 pauperibus.
1705 4825 1840 4869 teste
1893 4817 2093 4886 Grego—

527 4904 608 4957 rio
632 4903 727 4973 (α),
758 4902 1004 4954 subvenit
1033 4919 1047 4955 :
1075 4900 1204 4953 Cum
1230 4919 1334 4967 eos,
1367 4922 1493 4973 quos
1521 4908 1683 4974 fames
1713 4908 2094 4976 vulneraret-ut,

526 4995 577 5048 in
629 5009 786 5046 unum
833 4995 1098 5060 coegisset,
1135 4997 1407 5049 nonnullos
1462 4999 1616 5050 etiam
1667 5003 1913 5064 spiritum
1961 5015 2095 5070 a'gre

525 5082 803 5144 trahentes,
834 5083 988 5142 viros,
1031 5083 1276 5148 feminas,
1309 5103 1513 5150 pueros,
1549 5105 1713 5156 senes,
1751 5092 2092 5145 miserabilem

525 5190 729 5228 omnent
761 5182 982 5234 (etatem,
1015 5176 1186 5224 omnia
1218 5175 1448 5226 ciborum
1477 5195 1685 5243 genera,
1715 5180 1902 5249 quibus
1932 5183 2094 5249 fames

524 5266 711 5328 depelli
775 5263 936 5324 solet,
991 5279 1307 5329 corrogatis,
1363 5277 1514 5334 atque
1568 5270 1700 5321 ollas
1742 5272 2092 5339 leguminum,

524 5356 750 5423 salsique
786 5357 1030 5408 nostratis
1063 5356 1261 5408 obsonii
1299 5371 1346 5409 et
1390 5359 1458 5410 ad
1503 5359 1772 5415 levandam
1809 5382 2093 5432 pauper-np:

526 5448 718 5512 famem
779 5449 1157 5500 accommodati
1211 5449 1388 5515 plenas
1437 5470 1762 5520 proponens,
1808 5474 1867 5508 ac
1913 5457 2028 5507 dein
2052 5470 2096 5510 xc

528 5535 754 5602 Christi,
801 5539 890 5605 qui
941 5538 1100 5590 linteo
1148 5538 1457 5604 praecinctus
1509 5545 1883 5614 discipulorum
1945 5552 2096 5611 pedes

602 5747 676 5799 UE
720 5748 1075 5804 Nut.ur.30.

600 5818 672 5867 ibi
724 5819 865 5872 [nun
896 5820 1032 5891 “,lL
1069 5825 1191 5877 5J7.

2202 4632 2447 4671 secessus
2492 4618 2856 4684 possessiones
2890 4617 3209 4672 vendidisse.
3249 4617 3420 4686 Supra
3456 4616 3768 4670 observavi-

2204 4726 2321 4764 mus
2357 4709 2490 4764 nihil
2531 4724 2649 4762 cum
2697 4711 2797 4763 sibi
2843 4710 3102 4777 reliquum
3159 4725 3378 4778 prorsus
3408 4708 3617 4770 fecisse,
3669 4711 3765 4764 sed

2204 4802 2392 4855 matris
2421 4813 2608 4867 morte,
2635 4817 2751 4872 quae
2780 4801 2827 4852 in
2856 4803 2968 4868 ipsa
2996 4816 3220 4854 annuum
3263 4801 3490 4853 caritate
3517 4801 3764 4869 contigit,

2203 4894 2459 4947 nonnulla
2489 4895 2553 4946 ad
2583 4911 2704 4948 cum
2739 4895 2874 4945 bona
2918 4884 3160 4954 rediisse,
3191 4908 3308 4968 quae
3352 4901 3478 4944 tunc
3514 4908 3764 4962 percont-

2202 4988 2358 5039 tnode
2394 4986 2446 5038 in
2480 5000 2607 5038 usus
2637 4999 2927 5054 pauperum
2955 4994 3254 5038 cesserunt.
3283 4983 3416 5036 Cum
3453 4996 3630 5035 autem
3663 4998 3765 5038 usu

2200 5079 2429 5141 eveniat,
2461 5087 2517 5130 ut
2543 5093 2732 5144 magum
2759 5077 3042 5130 increditas
3082 5092 3184 5130 non
3217 5077 3399 5130 statim
3433 5085 3543 5128 tota
3581 5077 3761 5142 porci--

2200 5173 2394 5232 piatur,
2431 5170 2554 5222 inde
2590 5169 2789 5222 factum
2819 5179 2922 5234 est,
2950 5179 3006 5221 ut
3037 5180 3156 5236 post
3205 5171 3370 5237 ipsam
3402 5165 3598 5220 famem
3631 5185 3764 5220 nun-

2202 5265 2342 5316 nulla
2372 5264 2566 5314 Basilio
2593 5271 2953 5330 superessent,
2989 5261 3038 5312 in
3072 5262 3266 5329 quibus
3295 5259 3599 5327 erogandis,
3631 5267 3763 5312 teste

2201 5358 2468 5426 bisseno,
2511 5357 2828 5408 charilatem
2871 5371 3021 5408 suam
3061 5355 3382 5408 declararet.

2271 5451 2426 5503 Aliud
2453 5458 2532 5500 cst
2560 5449 2741 5515 inquo
2767 5448 3105 5501 'l‘illcmontiu
3129 5448 3375 5500 assentiri
3403 5465 3504 5502 nua
3524 5464 3758 5518 possunt.

2203 5544 2342 5596 Duas
2404 5541 2569 5590 iantes
2623 5538 2922 5606 distinguit,
2972 5539 3218 5608 quantivis
3269 5555 3371 5592 una
3427 5555 3649 5608 prorsus
3696 5541 3764 5593 ab

2279 5764 2345 5825 ("i
2390 5757 2536 5810 Tum.
2574 5755 2654 5820 Ill,
2684 5773 2732 5824 p.
2768 5751 2883 5804 i‘Jl.
