4006 6460
1572 369 1725 424 V'lTA
1769 368 1825 422 S.
1870 367 2131 425 BASlLll.

3349 391 3469 434 εἴ..ῖί

233 497 464 553 utroque
491 485 750 554 Gregorio
779 485 1134 538 describatur.
1172 483 1363 537 incidit
1391 483 1438 536 ci
1475 484 1586 538 luce
1609 484 1792 552 Opittin
1825 489 1866 542 Α
1900 484 2068 550 prima
2097 484 2196 561 (tl),
2229 498 2346 554 qua:
2381 486 2627 540 veniente
2658 487 2834 541 hieme
2862 488 3063 558 scripta
3089 499 3188 551 est,
3221 492 3285 545 de
3326 492 3470 546 fante

229 593 292 629 ex
327 576 413 629 his
446 577 626 630 verbis
665 575 915 646 Nysseni,
950 574 1079 628 Cum
1112 575 1275 643 [antes
1307 574 1590 643 aliquando
1619 575 1793 642 gravis

227 666 472 736 affligeret
507 682 622 718 cum
658 670 823 733 ipsam
868 665 1128 717 civitatem
1169 665 1224 716 in
1267 679 1371 732 qua
1418 662 1652 732 degebat,
1685 670 1794 713 tum

226 757 490 826 subjectos
518 758 718 810 civitati
744 773 899 826 agros
924 772 1121 820 omnes,
1149 762 1254 809 etc.
1283 753 1412 808 Inde
1437 753 1638 822 colligit
1660 751 1796 822 Nys—

226 864 440 912 senum,
498 864 659 918 quem
709 849 969 903 Caesareae
1014 849 1246 902 locutum
1289 857 1461 917 putat,
1513 862 1616 900 non
1656 848 1795 902 hanc

226 940 504 994 civitatem
539 941 625 994 his
646 941 849 1004 verbis,
879 942 971 995 sed
997 941 1156 994 aliam
1189 955 1411 1009 prorsus
1439 939 1788 1010 designasse;

226 1046 288 1084 ac
336 1033 563 1101 proinde
606 1032 876 1102 duplicem
927 1032 1358 1102 distinguendam
1393 1047 1510 1087 esse
1569 1033 1788 1100 famem,

225 1137 455 1189 quarum
494 1123 666 1177 altera
714 1124 971 1178 Caesareae
1009 1139 1074 1178 ex
1117 1124 1480 1190 Nazianzeno,
1533 1125 1699 1179 altera
1738 1126 1788 1179 in

224 1214 327 1267 alia
369 1217 607 1281 civitate,
639 1215 774 1270 forte
819 1216 1050 1271 lborensi
1086 1216 1138 1271 in
1174 1217 1362 1283 Ponto,
1393 1219 1652 1287 praeclare
1705 1218 1787 1272 fa-

226 1300 328 1359 ctis
367 1304 550 1360 Basilii
581 1307 860 1360 materiam
891 1307 1056 1361 dedit.

296 1396 400 1452 Sed
429 1400 581 1468 longe
605 1400 771 1454 satius
796 1411 878 1454 est
905 1402 1222 1456 concludere
1249 1414 1312 1454 ex
1342 1402 1424 1457 his
1453 1403 1627 1458 verbis
1655 1401 1784 1474 Nys-

223 1491 359 1555 seni,
395 1490 653 1542 civitatem
682 1491 735 1543 in
759 1507 860 1560 qua
889 1491 1125 1561 degebat,
1153 1491 1291 1543 hanc
1322 1491 1625 1545 orationem
1667 1491 1783 1546 Ca:-

221 1593 388 1633 sareze
428 1578 664 1631 habitam
697 1595 801 1634 nou
837 1579 1021 1644 fuisse,
1063 1593 1221 1647 quam
1275 1594 1387 1633 rem
1437 1580 1780 1634 manifestam

219 1680 274 1724 et
295 1669 627 1736 exploratam
650 1672 701 1725 in
721 1671 936 1725 dubium
959 1684 1232 1724 revocare.
1259 1669 1373 1724 Una
1399 1673 1539 1725 enim
1565 1670 1782 1724 omnino

220 1760 388 1815 fames
437 1762 504 1815 ab
547 1773 776 1832 utroque
821 1763 1085 1830 Gregorio
1137 1774 1486 1817 memoratur.
1541 1764 1780 1827 Uterque

1904 578 1980 628 sic
2026 576 2263 646 loquitur
2311 578 2557 642 Basilius,
2602 588 2658 632 ut
2704 579 2771 633 de
2809 581 3116 635 calamitate
3153 583 3466 652 jamdudum

1903 666 2131 734 incmpta
2179 682 2241 722 ac
2281 668 2505 723 fortasse
2551 669 2695 722 brevi
2745 669 2980 723 desitura
3017 691 3028 724 :
3090 673 3142 724 in
3191 673 3360 726 altera
3392 673 3467 743 (c)

1903 757 2002 823 sub
2033 756 2190 809 linem
2222 758 2415 812 hiemis
2440 759 2636 828 scripta
2672 761 2884 814 nuntiat
2913 777 2971 816 se
2996 764 3462 831 occupationibus,

1901 862 2037 916 quas
2068 848 2358 902 exhibebat
2384 850 2570 914 fames,
2599 850 2772 904 adhuc
2801 853 3028 908 detineri
3055 871 3067 905 :
3097 853 3146 907 in
3181 855 3338 907 tertia
3366 855 3461 925 (ί),

1900 954 2018 1008 qua:
2043 939 2276 1007 depulsis
2303 943 2557 996 erunibus
2584 942 2775 996 hiemis
2816 942 3172 998 incommodis
3201 945 3321 998 data
3358 955 3464 1010 est,

1901 1032 2134 1084 nondum
2183 1030 2378 1084 famem
2409 1033 2634 1088 desiisse
2659 1033 2915 1088 declarat.
2958 1035 3190 1091 Necesse
3223 1050 3304 1090 εει
3333 1051 3466 1105 ergo

1898 1137 2062 1174 unum
2106 1121 2295 1175 saltem
2338 1138 2538 1176 annuat
2585 1124 2638 1177 in
2682 1124 2766 1178 his
2800 1125 3054 1178 aerumnis
3089 1135 3460 1194 consumptum

1896 1227 2037 1268 esse.
2073 1214 2188 1268 Dixi
2219 1229 2381 1268 unum
2408 1214 2633 1279 saltem;
2671 1231 2794 1269 nam
2825 1232 2946 1270 cum
2976 1215 3169 1270 hiemis
3196 1218 3464 1273 acerbitas

1896 1313 1950 1358 et
1976 1306 2119 1360 veris
2153 1305 2370 1359 siccitas
2396 1307 2499 1359 hoc
2542 1306 2742 1358 malum
2776 1309 3089 1373 attulerint,
3120 1324 3222 1362 non
3262 1309 3466 1376 impro—

1897 1398 2075 1452 habile
2104 1408 2207 1463 est,
2241 1399 2422 1452 statim
2450 1405 2610 1467 atque
2649 1411 2774 1468 spes
2803 1399 3002 1454 futura:
3037 1401 3227 1455 messis
3259 1400 3460 1469 ablata,

1893 1489 2092 1543 famem
2124 1501 2368 1544 exortam
2398 1505 2538 1546 esse.

1963 1580 2162 1636 Narrat
2191 1583 2328 1636 hanc
2369 1583 2567 1635 famem
2602 1581 2894 1651 Gregorius
2934 1579 3309 1636 Nazianzenus
3339 1591 3461 1651 post

1891 1670 2071 1725 Basilii
2103 1687 2224 1725 cum
2252 1673 2486 1727 Eusebio
2512 1673 3002 1727 reconciliationem
3031 1681 3083 1724 et
3108 1682 3232 1726 ante
3259 1674 3461 1743 episco-

1890 1771 2094 1833 patum.
2142 1764 2246 1819 Sed
2283 1781 2391 1834 quo
2441 1766 2780 1834 potissimum
2826 1779 2968 1818 anno
3005 1765 3284 1829 acciderit,
3317 1767 3458 1821 haud

219 1853 386 1916 illam,
417 1862 477 1906 ut
503 1853 659 1923 longe
685 1854 1076 1907 atrocissimam
1115 1854 1392 1908 describit.
1438 1853 1635 1908 Nititur
1671 1854 1780 1908 Til-
1813 1846 1854 1900 B
1892 1853 1963 1906 ita
1997 1851 2156 1906 facile
2199 1862 2282 1907 est
2319 1854 2634 1923 dijudicare.
2689 1855 2846 1909 Nullo
2891 1865 3205 1924 argumento
3256 1857 3450 1910 nititur

217 1942 505 1999 lemoatius
552 1945 636 1999 his
669 1943 847 1997 verbis
892 1944 1048 2013 (pag.
1092 1945 1232 2014 495)
1268 1964 1280 1998 :
1321 1942 1504 1998 Servat
1533 1945 1782 2014 populum

221 2034 427 2106 Moyses
458 2055 488 2089 a
515 2047 738 2105 tyranno
768 2034 1061 2089 liberatum.
1097 2034 1260 2088 Paria
1282 2038 1344 2090 de
1367 2046 1544 2090 nostro
1571 2037 1784 2107 legisla-

218 2137 325 2179 tore
369 2136 595 2180 testatur
647 2125 731 2178 hic
790 2126 1032 2194 papulas,
1083 2142 1234 2194 quem
1284 2143 1375 2195 per
1429 2131 1782 2182 sacerdotium

214 2219 361 2271 duxit
395 2219 464 2270 ad
504 2215 599 2268 Dei
645 2217 1060 2282 promissionem.
1099 2216 1203 2270 Sed
1232 2231 1552 2286 quocunque
1583 2219 1632 2271 in
1665 2219 1782 2273 loco

217 2308 378 2361 fuerit
417 2306 718 2374 Nyssenus,
767 2308 960 2377 potuit,
1005 2308 1198 2377 populo
1239 2310 1608 2372 monstrando,
1663 2309 1776 2377 ple-

215 2401 334 2451 hem
367 2411 396 2449 a
429 2396 630 2450 Basilio
657 2399 1012 2466 gubernatam
1064 2398 1367 2466 designare.
1420 2397 1780 2462 Quemadmo-

213 2486 337 2539 dum
396 2484 594 2538 ibidem
647 2486 770 2538 dum
825 2486 900 2538 ait
945 2486 1198 2538 Basilium
1249 2484 1476 2536 urbanos
1524 2484 1780 2538 tumultus

207 2586 253 2631 et
283 2577 588 2630 materiales
617 2577 709 2631 Itos
755 2581 1006 2629 tumultus
1040 2578 1263 2642 fugisse,
1307 2590 1530 2631 necesse
1563 2594 1668 2632 nou
1699 2590 1780 2634 est

209 2678 268 2722 ut
293 2668 558 2723 Cazsarea:
581 2669 766 2722 fuerit.
798 2667 966 2720 Porro
998 2667 1050 2719 in
1079 2668 1179 2720 hac
1202 2668 1449 2723 oratione
1480 2670 1609 2724 nihil
1634 2671 1776 2725 aliud

209 2763 473 2822 occurrit,
498 2777 558 2815 cs
591 2774 696 2829 quo
717 2759 860 2811 illam
889 2757 1150 2812 Czesarea:
1184 2759 1426 2814 habitam
1455 2762 1769 2832 suspiceris,

209 2853 460 2918 quamvis
501 2852 667 2903 multa
716 2847 978 2915 ejusmodi
1013 2863 1300 2904 occurrere
1345 2851 1680 2913 debuissent,
1729 2857 1774 2906 si

208 2943 574 2996 Caesarienses
602 2939 864 2996 allocutus
908 2941 1102 2998 fuisset
1139 2942 1429 3010 Nyssenus.
1470 2945 1772 3008 Quinetiam

206 3051 330 3087 cum
359 3036 438 3088 ait
468 3048 525 3086 sc
555 3033 782 3102 patriam
808 3033 989 3089 Basilii
1022 3048 1445 3088 commemorare
1479 3033 1638 3096 nolle,
1667 3049 1772 3086 non

207 3125 422 3178 videtur
452 3124 504 3176 in
535 3125 635 3178 hac
661 3125 772 3195 ipsa
807 3127 979 3195 patria
1007 3125 1172 3193 loqui.
1200 3125 1328 3177 Vide
1357 3123 1495 3177 infra
1527 3139 1649 3193 cap.
1680 3125 1770 3189 25,

201 3233 258 3269 υ.
299 3216 352 3268 6.

276 3305 557 3359 Summam
601 3305 1080 3362 animadvertimus
1126 3307 1579 3364 necessitudinem
1632 3311 1772 3364 inter

199 3399 502 3453 orationem
533 3400 715 3454 Basilii
754 3401 819 3454 de
851 3399 992 3455 fame
1023 3410 1077 3455 et
1115 3402 1360 3455 siccitate
1387 3411 1440 3456 et
1465 3416 1529 3456 ea
1555 3417 1674 3472 quae
1703 3404 1771 3457 ab

199 3500 430 3561 utroque
472 3491 732 3561 Gregorio
763 3501 1072 3546 narrantur.
1102 3492 1206 3547 Sed
1237 3501 1413 3546 tamen
1449 3493 1501 3546 in
1537 3495 1638 3546 hac
1667 3495 1766 3545 ho-

200 3584 350 3636 milia
401 3584 615 3638 videtur
655 3584 756 3638 sibi
799 3582 1173 3638 Tillemontjus
1216 3591 1370 3635 notas
1424 3583 1770 3652 episcopatus

197 3675 530 3741 perspicere.
556 3676 682 3742 Quia
705 3674 938 3728 Basilius
955 3676 1034 3727 sic
1056 3674 1328 3727 auditores
1354 3675 1638 3743 compellat
1655 3675 1766 3747 (a):

196 3763 328 3816 Filii
379 3765 502 3826 mei,
549 3779 677 3831 quos
724 3779 814 3830 per
839 3763 1181 3832 Evangelium
1228 3765 1406 3833 genui,
1457 3782 1586 3836 quos
1632 3767 1768 3821 velut

195 3852 380 3922 fasciis
419 3867 511 3920 per
561 3867 814 3906 manuum
864 3852 1270 3907 benedictionem
1309 3855 1523 3910 involvi.
1565 3855 1632 3908 Et
1680 3855 1766 3909 in-

198 3944 277 3997 ira
309 3943 389 4013 (bl
417 3961 430 3997 :
465 3943 632 3998 Pauci
661 3961 859 3999 mecum
891 3956 1195 4014 precantur.
1228 3943 1333 4000 Sed
1372 3947 1498 4015 quid
1547 3947 1769 4016 impedit

196 4039 487 4100 quominus
525 4039 636 4090 haec
679 4039 960 4106 presbyter
993 4037 1188 4091 dixerit
1217 4037 1469 4100 Basilius,
1505 4039 1595 4105 qui
1630 4039 1768 4090 inter

197 4132 563 4184 Caesarienses
590 4130 848 4183 ecclesias
883 4144 1043 4181 unam
1071 4129 1338 4197 praecipue
1360 4129 1764 4196 gubernandum

195 4223 524 4288 acceperat?
572 4222 646 4276 Ita
699 4219 950 4288 congruit
1003 4219 1117 4273 hzec
1170 4219 1390 4274 homilia
1442 4234 1562 4273 cum
1605 4219 1764 4275 famis

197 4325 442 4382 tempore
471 4327 499 4364 a
527 4313 805 4382 Grcgoriis
835 4322 1088 4377 narratze,
1120 4321 1179 4366 ut
1220 4311 1596 4366 Tillemoutius
1645 4311 1765 4365 nul-

197 4407 302 4460 lum
336 4405 384 4459 ei
439 4413 650 4472 tempus
679 4407 923 4460 invenire
963 4405 1155 4475 possit,
1199 4420 1266 4458 ne
1308 4419 1508 4458 annum
1549 4403 1763 4472 quidem

193 4495 319 4561 576,
353 4509 461 4564 quo
483 4494 640 4547 aliam
669 4493 866 4550 famem
895 4497 1184 4564 contigisse
1217 4498 1527 4562 existimat;
1565 4496 1760 4549 frustra
1796 4523 1839 4577 ι)

192 4585 336 4636 enim
370 4581 671 4638 referretur
701 4583 766 4635 ad
796 4583 921 4636 illud
947 4583 1206 4639 siccitatis
1241 4594 1471 4651 tempus,
1517 4601 1625 4652 quo
1660 4586 1761 4638 Ba-

191 4674 366 4734 silius,
397 4684 534 4729 teste
573 4671 811 4742 Nysseuo
842 4675 936 4742 (c),
964 4677 1190 4729 imbrem
1221 4678 1473 4742 precibus
1503 4678 1760 4747 impetra-

190 4767 285 4818 vit.
317 4765 471 4841 Tunc
516 4769 658 4822 etiim
699 4766 841 4820 nulla
869 4782 964 4835 spe
990 4768 1205 4837 frugum
1241 4781 1550 4837 apparente,
1574 4786 1762 4840 preces

190 4856 373 4912 Basilii
401 4858 776 4924 obtinuerunt,
808 4868 867 4912 ut
898 4859 1093 4912 malum
1132 4861 1268 4914 ultra
1302 4861 1475 4914 minas
1505 4879 1611 4918 non
1639 4878 1762 4932 pro-

191 4952 525 5018 grederetur.
568 4954 640 5002 At
684 4951 734 5003 in
761 4950 980 5005 humilia
1012 4951 1076 5005 de
1111 4953 1252 5007 fante
1277 4963 1332 5006 et
1368 4952 1615 5008 siccitate
1661 4970 1754 5008 ca-

191 5041 404 5096 lamitas
432 5039 619 5093 eadem
650 5041 995 5103 describitur,
1026 5055 1088 5094 ac
1122 5044 1264 5103 apud
1293 5053 1579 5101 utrumque
1615 5042 1754 5098 Gre-

193 5131 426 5199 gorium.

261 5223 323 5276 V.
369 5223 506 5277 Toto
552 5238 693 5276 anno
745 5225 1110 5278 calamitatem
1153 5230 1505 5290 perdurasse,
1556 5226 1607 5279 id
1653 5236 1755 5291 est,

191 5312 256 5365 ab
300 5324 492 5366 testate
535 5329 704 5383 usque
749 5319 813 5368 ad
846 5319 971 5370 anui
1014 5316 1290 5384 sequentis
1321 5325 1586 5382 testatcm,
1633 5332 1758 5385 per-

192 5407 444 5474 SplCltllllS
505 5420 570 5458 es
629 5408 798 5461 tribus
838 5407 1022 5464 Basilii
1086 5406 1348 5477 epistolis,
1404 5422 1630 5478 quarum
1693 5409 1750 5463 in

258 5586 332 5650 (al
379 5585 436 5638 Ν.
479 5587 525 5644 ι,
563 5602 614 5650 p.
646 5589 733 5640 6-2..

257 5660 329 5719 (ll)
373 5656 430 5707 Ν.
469 5658 522 5716 5,
565 5673 615 5720 ι).
650 5664 735 5708 ω.

260 5733 325 5788 (ι’)
367 5729 462 5779 Or.
492 5730 544 5778 in
575 5727 741 5780 Uusil.

259 5801 330 5860 (Α)
375 5798 468 5854 lit).
502 5795 590 5847 27.

1801 3176 1843 3234 C

1885 1943 2164 2010 Baronius,
2203 1959 2299 1998 cur
2321 1958 2438 1997 eam
2476 1945 2541 1998 ad
2570 1958 2770 1997 annum
2806 1946 2908 1999 567
2941 1947 3164 2012 referat,
3194 1948 3296 2002 nisi
3330 1949 3454 2002 inu-

1885 2035 2042 2088 sitata
2091 2034 2178 2087 illa
2221 2044 2274 2089 et
2317 2035 2586 2103 lapidibus
2612 2037 2773 2090 simili
2818 2037 3100 2106 grandine,
3152 2054 3273 2106 qua:
3313 2039 3457 2095 Con-

1885 2125 2232 2193 stantinopoli
2283 2135 2339 2180 et
2377 2125 2496 2179 aliis
2552 2125 2603 2178 iu
2651 2126 2782 2181 locis
2832 2127 3018 2181 eodem
3069 2142 3212 2180 anno
3256 2130 3457 2182 cecidit

1885 2231 2067 2269 mense
2094 2215 2234 2269 Julio
2270 2217 2509 2270 ineunte.
2560 2220 2630 2273 At
2676 2218 2867 2282 fames,
2906 2232 3025 2286 quae
3051 2217 3452 2286 Cappadociam

1882 2305 2086 2371 alllixit,
2134 2320 2200 2358 ex
2230 2306 2431 2373 frigore
2473 2315 2527 2362 et
2555 2307 2802 2362 siccitate
2841 2309 3128 2375 repetenda
3159 2317 3265 2373 est,
3300 2319 3358 2362 ut
3386 2324 3453 2364 ex

1883 2394 2202 2448 testimoniis
2268 2411 2430 2464 supra
2487 2397 2664 2451 allatis
2727 2398 2960 2466 perspici
3034 2410 3230 2466 potest.
3284 2400 3456 2454 Multo

1881 2486 2055 2553 aptius
2090 2486 2374 2541 calamitas
2403 2489 2636 2542 refertur
2674 2490 2738 2542 ad
2765 2504 2964 2542 annum
2993 2489 3115 2544 568.
3155 2490 3270 2543 Non
3303 2493 3452 2545 enim

1881 2576 2132 2630 convenit
2177 2591 2350 2631 annus
2399 2576 2523 2637 566,
2572 2579 2697 2647 quia
2727 2579 3055 2632 Athanasius
3094 2578 3446 2647 Ancyranus,

1879 2667 1968 2733 qui
1998 2668 2209 2736 vigente
2237 2670 2436 2722 dudum
2472 2668 2612 2722 fame
2641 2681 2883 2722 mortuus
2910 2679 3011 2731 est,
3045 2670 3277 2723 concilio
3305 2667 3450 2738 Tya-

1879 2758 2031 2810 uensi
2067 2757 2310 2811 interfuit
2350 2775 2492 2812 anno
2523 2760 2647 2812 567.
2683 2759 2986 2825 Quinetiam
3009 2762 3109 2813 hoc
3133 2761 3450 2824 concilium,

1878 2851 1963 2902 cui
1998 2851 2210 2918 prmfuit
2248 2852 2515 2906 Eusebius
2545 2853 2918 2917 Ctesarieusis,
2960 2852 3298 2906 iuter’famis
3329 2870 3447 2908 mo-

1877 2940 2060 2993 lestias
2091 2955 2231 2993 anno
2275 2941 2373 2994 567
2419 2942 2501 2994 vix
2551 2943 2666 3009 cogi
2700 2943 2979 3010 potuisset.
3013 2941 3280 2997 Praaterea
3320 2942 3448 2996 Etu-

1877 3029 2031 3083 melia
2082 3041 2361 3100 grassante
2405 3031 2546 3085 fame
2592 3049 2657 3088 ac
2701 3034 2860 3101 paulo
2903 3043 3027 3088 ante
3077 3033 3445 3103 episcopatum

1876 3119 2080 3187 Basilii,
2114 3131 2250 3176 teste
2280 3121 2522 3192 Nysseuo
2552 3122 2648 3190 (θ),
2685 3133 2893 3175 mortua
2932 3133 3034 3176 est.
3065 3123 3242 3188 Quare
3272 3123 3440 3177 fames

1881 3212 1947 3265 ab
1977 3212 2320 3266 ordinatione
2349 3213 2406 3267 S.
2441 3211 2623 3264 Basilii
2670 3226 2776 3264 non
2827 3217 3052 3267 multum
3095 3215 3442 3270 removenda.

1878 3299 2064 3370 Neque
2088 3301 2248 3354 etiam
2295 3302 2469 3355 serius
2499 3316 2641 3356 anno
2672 3301 2774 3354 568
2809 3302 2976 3356 fames
3027 3305 3270 3373 contigit.
3312 3305 3444 3359 Nam

1879 3391 2104 3443 Basilius
2132 3392 2461 3458 gravissimis
2487 3391 2634 3444 curis
2663 3393 2877 3445 tandem
2917 3393 3196 3461 expeditus
3242 3395 3299 3451 S.
3335 3397 3447 3450 Eu-

1876 3481 2081 3534 schium
2111 3481 2545 3536 Samosalensem
2571 3481 2770 3536 invisit.
2798 3483 2866 3536 At
2888 3483 2939 3537 id
2961 3485 3009 3537 ei
3036 3486 3302 3554 integrum
3335 3503 3440 3542 nou

1876 3575 2089 3637 fuisset,
2129 3575 2172 3628 si
2218 3575 2390 3630 fames
2427 3591 2566 3629 anno
2595 3574 2697 3628 569
2729 3585 2915 3629 exorta
2948 3588 3092 3630 esset
3144 3576 3260 3630 Non
3295 3579 3441 3632 enim

1877 3666 2145 3728 desiisset,
2176 3666 2275 3720 nisi
2307 3667 2406 3720 Sub
2436 3673 2676 3719 mstatem
2701 3666 2826 3718 anni
2855 3666 2962 3718 570
2999 3666 3157 3732 paulo
3180 3677 3302 3719 ante
3339 3682 3433 3720 or-

1875 3759 2204 3812 dinationem
2236 3758 2438 3812 Basilii.
2468 3759 2584 3825 Quo
2610 3767 2848 3827 tempore
2871 3771 2994 3810 eum
3033 3757 3314 3813 Samosata
3346 3774 3446 3829 pc-

1876 3850 2024 3904 tiisse
2051 3865 2208 3904 nemo
2231 3865 2452 3920 prorsus
2488 3851 2875 3919 suspicabitur.

2469 3964 2696 4021 CAPUT
2731 3964 2845 4019 XII.

1873 4067 1912 4121 l.
1957 4067 2190 4120 Basilius
2220 4067 2466 4138 ijsario
2495 4071 2800 4138 gratulatur
2847 4069 2982 4121 inter
3029 4068 3226 4123 Nictva:
3259 4070 3443 4124 ruinas

1942 4147 2172 4192 servato.
2209 4137 2435 4192 Eusebio
2469 4137 2647 4208 scribit
2682 4140 2953 4206 epistolam
2979 4138 3067 4192 27.
3095 4139 3155 4192 ll.
3192 4139 3439 4208 Episcopi

1945 4210 2027 4278 sui
2052 4220 2216 4262 morte
2247 4210 2463 4278 aﬂlictos
2504 4207 2958 4263 Neocrrsarienses
2994 4207 3314 4278 consolatur.
3354 4209 3440 4264 ΙΙΙ.

1949 4277 2079 4330 Item
2106 4277 2414 4347 Ancyranos
2444 4281 2504 4330 ob
2550 4280 2830 4331 Athanasii
2872 4291 3110 4331 mortem.
3142 4277 3344 4332 Ibidem
3376 4282 3440 4332 de

1941 4349 2177 4415 epistolis
2203 4349 2273 4401 :24
2305 4358 2352 4400 et
2381 4348 2469 4400 9.3.
2618 4348 2884 4400 Probatur
2913 4348 3188 4418 utriusque
3215 4349 3443 4417 episcopi

1939 4430 1984 4470 et
2020 4419 2289 4471 Emmelia:
2321 4419 2501 4470 matris
2539 4416 2726 4470 Basilii
2761 4429 2974 4470 mortem
3008 4420 3076 4470 ad
3103 4416 3300 4469 annum
3336 4419 3441 4471 568

1941 4500 2238 4552 exeuntem,
2272 4498 2365 4540 aut
2405 4487 2507 4539 569
2538 4488 2799 4540 ineuntem
2836 4492 3113 4551 pertinere.
3147 4487 3214 4556 νζ
3243 4483 3434 4556 Grego-

1943 4558 2020 4609 rio
2051 4557 2280 4610 molestis
2310 4558 2529 4624 negotiis
2560 4558 2828 4624 implicata
2858 4572 3001 4623 apem
3038 4559 3138 4619 fert
3180 4555 3437 4613 Basilius.

1942 4627 2027 4680 Vl.
2070 4625 2341 4679 Samosata
2368 4629 2494 4689 petit
2533 4627 2763 4679 Basilius
2797 4642 2932 4677 anno
2968 4624 3091 4677 569.
3145 4624 3268 4678 Post
3298 4629 3441 4680 redi-

1941 4709 2050 4748 tum
2082 4696 2260 4748 scribit
2307 4693 2528 4749 Eusebio
2569 4699 2630 4749 de
2683 4709 2843 4748 morte
2894 4694 3096 4747 Silvani
3144 4695 3439 4750 Tarsensis.

1955 4770 1982 4818 \
2002 4766 2060 4817 Il.
2102 4766 2234 4816 Ante
2262 4769 2610 4830 epierpatttm
2645 4765 2878 4826 cpiston
2904 4765 3070 4818 55-57
3097 4767 3437 4820 collocanda’.

1945 4836 2073 4888 Vlll.
2111 4834 2181 4885 De
2205 4835 2321 4888 aliis
2350 4838 2533 4902 primre
2563 4834 2747 4886 classis
2780 4836 3037 4902 epistolis.

1937 4948 1974 5002 1.
2010 4948 2143 5001 Cum
2191 4947 2424 5000 Nicmam
2461 4947 2539 5014 (li)
2591 4955 2746 5000 terrm
2784 4957 2960 5001 tnotns
2993 4947 3148 5013 longe
3183 4955 3303 5008 post
3343 4947 3442 5002 lto-

1867 5040 2068 5092 minum
2100 5042 2410 5098 memoriam
2441 5040 2706 5092 Itiaximus
2734 5048 3016 5094 evertisset
3044 5039 3129 5090 die
3154 5041 3436 5094 undecima

1865 5131 2111 5185 Octobris
2155 5146 2296 5184 anno
2339 5129 2440 5184 568
2465 5172 2478 5195 ,
2518 5131 2806 5192 Caesarius,
2840 5130 3082 5200 Gregorii
3123 5131 3307 5198 frater,
3344 5133 3434 5201 qui

1866 5224 1919 5274 in
1953 5222 2200 5293 Bithynia
2237 5224 2554 5290 prmpositus
2600 5234 2713 5275 erat
2753 5223 3145 5285 thesaurorum,
3192 5223 3335 5276 solus
3369 5240 3436 5278 ex

1868 5314 2171 5386 insignibus
2214 5315 2369 5378 viris,
2423 5326 2516 5366 :utt
2552 5326 2698 5368 certe
2743 5330 2862 5368 cum
2909 5314 3195 5366 admodum
3245 5329 3437 5382 pauens

1865 5405 2148 5460 incolumis
2185 5407 2376 5469 erasit,
2417 5407 2577 5474 idque
2617 5407 2776 5461 modo
2819 5405 3047 5475 quodam
3095 5405 3436 5474 incredibili,

1936 5585 2008 5652 (ρ)
2051 5586 2146 5654 Ep.
2177 5587 2266 5640 50.

1929 5658 2011 5723 (Γ)
2053 5660 2144 5719 l°lp.
2182 5658 2240 5722 Ill
2259 5694 2273 5708 .

1930 5728 1999 5790 (ῃ)
2055 5726 2151 5777 Vit.
2186 5728 2349 5778 Macr.
2386 5743 2435 5792 lt.
2477 5728 2587 5788 l-S7.

1931 5796 2004 5864 (1ο)
2048 5796 2172 5847 Naz.
2207 5805 2344 5848 orat.
2392 5796 2464 5847 lli.
