4006 6446
543 387 579 436 ι
1877 372 2406 429 PBOLEGOMENA.

547 499 728 560 utpote
774 489 906 560 ipsis
942 489 1112 543 ruinis
1147 495 1436 556 protectus.
1497 486 1746 550 Basilius,
1788 488 1878 555 qui
1931 489 2110 541 Cresa-
2142 495 2184 550 Α
2216 499 2360 542 motu
2394 503 2580 544 eversa
2629 491 2773 558 est),
2809 493 2901 544 sed
2933 501 3106 546 tamen
3141 506 3320 549 monet
3363 506 3419 549 ut
3451 500 3619 554 dolori
3653 520 3774 558 mo-

545 586 682 635 rium
715 583 950 641 amabat,
980 595 1208 649 eumque
1233 594 1386 648 aequo
1421 581 1604 632 animo
1639 579 1858 632 consilia
1893 595 1988 631 sua
2025 595 2112 632 ae-

541 675 723 742 cipcre
778 673 1002 735 sciebat,
1053 687 1158 725 non
1214 671 1557 739 pratermisit
1612 671 1664 722 in
1718 680 1822 722 tam
1875 671 2113 724 mirabili

543 771 737 815 evenltt
767 766 1102 815 occasionem
1127 760 1430 830 gratulandi
1463 771 1516 812 et
1541 759 1880 823 adhortandi,
1909 769 1966 811 ut
1991 773 2112 826 quin

547 856 718 922 ipsum
754 852 938 920 pr:.cul
972 853 1133 906 dubio
1165 852 1445 904 snbierant
1480 851 1840 918 cogitationes
1879 849 2105 918 periculi

540 952 799 1012 tempore,
846 959 939 997 cas
987 958 1198 1010 semper
1246 944 1522 995 retineret.
1570 941 1783 1009 Scripta
1833 955 1959 1006 ergo
1995 941 2109 996 hazc

540 1036 766 1104 epistola
796 1035 888 1092 9.6.
918 1049 1059 1087 anno
1083 1033 1207 1095 568,
1240 1033 1400 1101 paulo
1430 1043 1549 1100 post
1575 1049 1820 1086 eversam
1850 1033 2104 1088 Nicaeam.

609 1126 918 1197 Aigrotat-it
954 1125 1181 1178 Basilius
1215 1127 1315 1177 hoc
1339 1139 1480 1178 anno
1509 1141 1608 1176 non
1643 1125 1808 1178 semel
1833 1125 1940 1192 (ai;
1967 1125 2109 1193 quod

540 1221 765 1273 minime
801 1222 1022 1282 mirum,
1062 1220 1359 1270 accedente
1396 1221 1462 1272 ad
1497 1218 1638 1270 illius
1669 1219 1920 1271 comitem
1960 1218 2110 1270 iniir-

538 1315 783 1364 mitatem
818 1311 1184 1364 sollicitudine
1217 1320 1270 1364 et
1303 1325 1456 1374 cura,
1493 1325 1656 1379 quam
1692 1310 1741 1361 in
1779 1309 2108 1377 pauperibus

537 1403 884 1457 sublevandis
918 1403 1280 1470 impendebat.
1318 1400 1593 1454 Statuerat
1631 1400 1860 1454 invisere
1901 1402 1960 1454 S.
1998 1401 2108 1453 Eu.

537 1493 745 1546 sebium
790 1492 1266 1554 Samosatensem;
1300 1491 1391 1543 sed
1439 1490 1521 1542 bis
1558 1489 1764 1541 duabus
1813 1487 1973 1541 rebus
2017 1491 2109 1543 de-

539 1593 721 1636 tentus
756 1590 860 1645 est,
907 1582 1129 1645 morbis,
1172 1592 1226 1634 et
1257 1578 1728 1646 occupationibus,
1765 1593 1903 1647 quas
1935 1579 1983 1633 ei
2026 1578 2108 1631 ia-

537 1689 654 1727 mes
683 1672 964 1727 aﬁ‘erebat.
998 1673 1288 1742 Postquam
1318 1671 1484 1739 carpit
1522 1685 1801 1738 emergere
1831 1685 1893 1722 ex
1925 1669 2110 1724 morbo

539 1775 592 1818 et
627 1766 770 1817 vires
809 1764 1157 1832 recolligere,
1205 1761 1515 1831 supervenit
1563 1761 1704 1815 aliud
1758 1761 2107 1830 impedimen-

2217 581 2342 632 dum
2383 581 2674 649 imponant,
2729 596 2792 635 ac
2833 598 2995 638 canes
3043 585 3124 639 vel
3174 588 3350 655 potius
3386 604 3574 658 graves
3617 596 3776 664 lupos

2216 671 2453 738 abigant,
2485 672 2648 740 digno
2677 684 2894 741 pastore
2927 675 3188 744 eligendo,
3223 680 3313 748 qui
3351 696 3378 732 a
3414 697 3608 751 magno
3638 685 3778 739 Gre—

2216 763 2387 828 gorio,
2415 770 2471 815 et
2501 762 2621 815 aliis
2657 764 2798 816 illius
2837 779 3007 831 usque
3054 768 3116 818 ad
3151 769 3448 823 Musonium
3486 787 3770 828 successo-

2215 853 2362 908 ribus
2396 870 2502 908 non
2536 856 2840 925 degeneret.
2885 855 3196 910 Obtestatnr
3231 876 3324 914 eos
3358 870 3416 913 ut
3455 862 3774 917 electionem

2212 945 2450 1015 episcopi
2481 962 2634 1000 suum
2671 947 2896 1015 quisque
2925 950 3197 1017 prolirium
3223 966 3340 1005 esse
3375 956 3646 1022 negotium
3677 957 3778 1008 dn-

2212 1047 2317 1093 cat.
2344 1038 2630 1092 Denuntiat
2649 1054 2728 1103 se,
2755 1050 2909 1107 prout
2935 1052 3205 1110 pastorem
3227 1043 3444 1112 eligent,
3470 1045 3548 1098 vel
3574 1047 3777 1099 arctius

2211 1132 2555 1200 conjunctum
2597 1148 2719 1186 cum
2771 1133 2874 1185 illis
2915 1134 2998 1186 vel
3047 1135 3259 1202 penitus
3305 1136 3627 1199 disjunctum
3680 1139 3773 1190 iri.

2215 1223 2439 1278 Videtur
2473 1223 2708 1278 Basilius
2745 1225 3010 1290 timuisse,
3047 1226 3096 1278 id
3130 1227 3270 1293 quod
3310 1229 3508 1290 evenit,
3556 1245 3622 1284 ne
3653 1231 3780 1298 quis

2210 1326 2265 1370 et
2293 1315 2394 1368 sibi
2427 1324 2480 1368 et
2510 1317 2724 1369 veritati
2767 1331 2869 1369 non
2907 1317 3111 1369 amicus
3142 1319 3194 1370 in
3232 1320 3368 1372 hanc
3410 1319 3591 1373 sedem
3641 1337 3775 1375 eve-

2211 1409 2452 1463 heretur.
2503 1408 2804 1464 Musonium
2841 1423 2945 1462 non
2981 1409 3211 1477 appellat
3239 1409 3471 1463 Basilius
3499 1422 3774 1466 mortuum

2210 1503 2559 1570 episcopum;
2609 1502 2702 1555 sed
2748 1502 2851 1555 hoc
2905 1500 2953 1553 ei
3008 1515 3196 1552 nomen
3249 1502 3415 1556 fuisse
3465 1502 3662 1556 scimus
3706 1518 3778 1556 er.

2209 1596 2366 1662 epist.
2402 1593 2529 1654 210.
2559 1610 2612 1646 η.
2641 1593 2728 1656 39,
2776 1595 2957 1661 inqua
2992 1591 3222 1645 Basilius
3253 1594 3600 1662 gravissimos
3621 1609 3775 1647 erro-

2209 1699 2298 1738 res
2337 1685 2634 1752 exprobrat
2665 1685 2916 1754 episcopo
2949 1682 3392 1748 Neocazsariensi,
3433 1685 3526 1740 sed
3580 1699 3773 1739 sanam

2212 1777 2511 1830 doctrinam
2547 1777 2598 1829 in
2633 1779 2732 1831 hac
2767 1778 3005 1834 Ecclesia
3042 1789 3210 1845 usque
3242 1776 3307 1829 ad
3335 1775 3549 1831 beatum
3595 1777 3776 1833 Muso-

537 1869 650 1911 tum
675 1897 689 1919 ,
726 1857 936 1919 hiems,
974 1857 1136 1910 solito
1170 1856 1256 1907 illa
1293 1854 1508 1924 quidem
1549 1853 1763 1916 mitior,
1807 1855 1901 1908 sed
1933 1864 2107 1908 tamen
2141 1847 2182 1901 Β
2212 1865 2358 1917 nium
2392 1868 2590 1918 fatetur
2619 1866 2870 1935 ινξευῖεεθ,

537 1946 735 2001 Basilio
763 1948 835 2000 ita
878 1948 1188 2006 vehemens,
1223 1953 1279 1998 ut
1314 1960 1416 1997 non
1453 1945 1611 1996 modo
1666 1944 1769 1997 iter
1797 1944 2106 2013 suscipere.

535 2040 629 2092 sed
665 2054 732 2091 ne
762 2055 826 2090 ex
863 2037 1110 2091 cubiculo
1137 2038 1354 2107 quidem
1396 2037 1712 2104 prospicere
1751 2046 1956 2102 posset.
1996 2038 2104 2090 Sed

537 2144 715 2184 tamen
751 2140 898 2183 tanto
935 2133 1074 2183 ictus
1108 2139 1226 2182 erat
1261 2129 1473 2181 Eusebii
1503 2127 1792 2192 desiderio,
1832 2137 1888 2180 ut
1922 2128 1971 2181 ei
2001 2145 2108 2182 non

532 2223 743 2276 dubitet
779 2222 1041 2288 polliceri,
1077 2221 1118 2273 si
1152 2229 1206 2273 et
1240 2229 1527 2286 tempestas
1558 2217 1706 2272 sinat
1747 2228 1799 2270 et
1833 2219 1956 2272 vitae
1992 2221 2109 2273 dies

533 2313 829 2380 supersint,
863 2323 917 2365 et
955 2313 1055 2366 iter
1086 2327 1187 2366 non
1226 2312 1477 2365 obstruat
1523 2311 1713 2374 fames,
1757 2323 1816 2364 se
1863 2311 1972 2362 cito
2005 2308 2107 2362 Sa-

534 2414 738 2459 mosata
770 2412 1076 2468 venturum,
1103 2415 1160 2456 ut
1181 2403 1390 2473 magnis
1416 2402 1634 2458 Eusebii
1671 2402 1955 2473 sapientiae
1984 2403 2103 2455 the-

534 2497 710 2551 sauris
739 2497 998 2551 exsatiari
1032 2498 1221 2565 possit.

603 2589 666 2644 ll.
707 2590 850 2643 Intra
870 2589 997 2644 illud
1025 2589 1281 2657 spatium,
1305 2589 1448 2656 quod
1475 2589 1541 2642 ab
1565 2590 1665 2643 hac.
1685 2587 1915 2658 epistola
1939 2601 2107 2656 usque

535 2679 601 2731 ad
637 2679 970 2732 tricesimam
1003 2678 1153 2730 initio
1183 2677 1326 2728 veris
1356 2677 1530 2729 eidem
1567 2678 1800 2730 Eusebio
1839 2677 2100 2744 scriptam

533 2768 761 2832 efﬂuxit,
807 2768 992 2821 obiere
1041 2766 1148 2820 duo
1180 2766 1417 2834 episc0pi
1470 2782 1589 2818 cum
1635 2766 1834 2819 Basilio
1871 2767 2107 2818 amicitia

533 2861 828 2929 conjuncti,
861 2858 1142 2912 Musonius
1181 2857 1636 2911 Neocsesariensis
1676 2867 1731 2911 et
1773 2858 2108 2910 Athanasius

531 2954 875 3021 Ancyranus.
914 2965 974 3004 ac
1005 2951 1119 3018 ipsa
1153 2950 1317 3004 etiam
1355 2949 1539 3002 Basilii
1575 2959 1748 3002 mater
1787 2949 2068 3003 Ennoelia.

606 3043 680 3111 (b)
715 3043 845 3093 Erat
878 3041 1150 3095 Musonius
1181 3044 1264 3095 vir
1306 3045 1452 3095 omni
1499 3045 1764 3098 virtutum
1817 3045 1974 3099 laude
2013 3061 2107 3100 cu-

533 3133 819 3186 mulatus:
864 3131 1069 3200 primus
1109 3131 1154 3182 ei
1201 3131 1348 3186 locus
1393 3135 1446 3185 in
1490 3136 1850 3188 comentibus
1895 3137 2106 3203 episco-

536 3234 728 3292 porum
769 3237 873 3275 non
908 3224 1082 3274 aetatis
1111 3221 1254 3288 jure,
1293 3226 1384 3276 sed
1425 3225 1641 3276 virtutis
1674 3227 1870 3278 merito
1909 3225 2101 3278 deferri

533 3314 762 3370 solebat.
795 3311 1099 3366 Novitalem
1134 3313 1183 3364 in
1217 3312 1406 3380 primis
1450 3314 1662 3376 oderat,
1707 3328 1770 3366 ac
1805 3314 2102 3367 Ecclesium

535 3422 686 3461 suam
720 3407 786 3458 ad
816 3405 1052 3472 antiqua:
1086 3404 1338 3458 Ecclesiae
1371 3404 1654 3475 imaginem
1696 3405 1936 3472 regebat,
1975 3405 2104 3458 nihil

535 3499 601 3553 d‘e
637 3513 733 3552 suo
761 3496 1064 3566 proferens.
1113 3497 1263 3550 Unde
1291 3499 1512 3560 factum,
1546 3508 1602 3550 ut
1635 3497 2104 3552 Neoewsarienses

536 3593 674 3645 inter
715 3592 1069 3660 gravissimas
1119 3589 1332 3642 illorum
1368 3599 1666 3657 temporum
1707 3593 1968 3654 procellas
2003 3594 2103 3647 soli

534 3684 617 3736 vel
665 3694 812 3736 certe
857 3698 978 3736 cum
1022 3683 1307 3735 admodum
1359 3683 1546 3750 paucis
1594 3681 1961 3749 quiescerent,
2011 3698 2108 3734 nec

537 3781 661 3835 ullis
715 3782 1094 3835 hmreticorum
1150 3781 1324 3836 ventis
1390 3779 1769 3848 perﬁarentur.
1829 3779 2106 3835 Musonius

534 3890 656 3926 cum
686 3873 889 3926 Basilio
918 3876 983 3926 ad
1024 3873 1452 3941 paciﬁcationem
1481 3873 1848 3925 Ecclesiaruin
1879 3886 2109 3925 cencnr-

537 3980 657 4020 rere
697 3965 964 4028 noluerat,
1000 3976 1216 4033 propter
1247 3966 1569 4034 auticipatas
1595 3964 1876 4031 quasdam,
1912 3974 1970 4018 ut
1995 3966 2108 4033 ipse

531 4058 826 4114 fatebatur.
864 4057 1173 4126 opiniones.
1212 4055 1373 4109 Forte
1414 4057 1464 4109 ei
1502 4055 1815 4108 Eustathius
1849 4056 2102 4110 Sebaste-

537 4164 638 4203 nus
683 4159 737 4202 et
781 4150 868 4201 alii
911 4148 1175 4215 ejusmodi
1231 4147 1478 4201 homines
1529 4146 1910 4214 displicebant,
1969 4160 2105 4215 quos

535 4239 768 4292 Basilius
797 4253 981 4292 secum
1013 4242 1330 4304 conjunctos
1363 4238 1618 4300 habebat,
1662 4247 1862 4290 etcum
1895 4237 2106 4289 cancris

532 4331 808 4399 CpiSCOpiS
838 4329 1168 4399 conjungere
1201 4331 1519 4383 conabatur.
1552 4329 1655 4381 Sed
1687 4337 1863 4380 tamen
1898 4340 2104 4377 summa

534 4431 655 4477 crat
701 4423 841 4474 inter
890 4431 1181 4489 utrumque
1232 4421 1295 4472 de
1341 4419 1443 4473 ﬁde
1492 4418 1798 4483 consensio,
1847 4415 2101 4482 illiusque

2279 1954 2367 2008 lll.
2392 1958 2547 2010 Circa
2571 1957 2708 2010 idem
2736 1967 2943 2020 tempus
2961 1967 3206 2011 mortuus
3222 1965 3304 2010 est
3323 1957 3649 2014 Athanasius
3663 1961 3777 2014 An-

2212 2061 2350 2116 cyrze
2373 2049 2680 2116 episcopus,
2708 2051 2797 2118 qui
2826 2052 2892 2104 ab
2918 2051 3113 2106 Acacio
3165 2057 3235 2122 (c)
3272 2053 3323 2104 in
3368 2049 3503 2104 hanc
3548 2055 3725 2106 sedem
3757 2096 3772 2118 ,

2211 2139 2366 2204 pulso
2391 2139 2607 2202 Basilio,
2645 2151 2862 2196 evectus
2892 2151 2976 2196 est
3026 2157 3169 2196 anno
3194 2144 3319 2198 560.
3347 2141 3549 2210 Duplex
3598 2143 3777 2199 inerat

2213 2229 2337 2284 huic
2384 2229 2708 2284 ordiuationi
2744 2234 2974 2298 macula,
3027 2244 3082 2288 et
3132 2236 3272 2304 quod
3322 2246 3543 2288 auctore
3575 2235 3776 2300 insigni

2211 2321 2413 2375 Ariano
2444 2320 2588 2375 facta
2646 2332 2822 2385 esset,
2871 2329 3100 2393 etquod
3169 2326 3399 2381 Basilius
3456 2329 3777 2395 Ancyranus

2212 2431 2308 2482 per
2330 2417 2438 2468 vim
2470 2424 2524 2469 et
2553 2415 2957 2484 impressionem
2987 2419 3053 2469 ab
3085 2419 3354 2473 hrereticis
3391 2419 3666 2486 depositus
3689 2433 3778 2471 es-

2210 2518 2312 2560 set.
2344 2507 2523 2573 Quare
2564 2523 2671 2564 non
2720 2508 2914 2560 mirum
2951 2517 3032 2560 est
3079 2523 3303 2574 magnas
3333 2511 3385 2561 in
3437 2511 3777 2564 ordinatione

2209 2599 2490 2651 Athanasii
2527 2598 2830 2652 discordias
2855 2596 3154 2652 exstitisse.
3186 2597 3290 2651 Sed
3339 2609 3512 2653 tamen
3550 2616 3777 2669 magnus

2210 2686 2310 2741 fuit
2339 2691 2582 2743 veritatis
2620 2691 2874 2744 defensor
2906 2689 3254 2743 Athanasius.
3298 2688 3550 2742 Testatur
3581 2692 3779 2761 Grego-

2212 2781 2322 2833 rius
2339 2782 2608 2850 Nysscnns
2633 2783 2708 2853 (ά)
2735 2783 2864 2837 nihil
2883 2784 2928 2836 ei
2953 2783 3179 2836 veritate
3203 2781 3470 2848 antiquius
3492 2781 3674 2836 fuisse.
3693 2784 3778 2836 ln-

2214 2872 2395 2924 terl'uit
2425 2872 2491 2943 (c)
2520 2875 2726 2942 synodo
2747 2876 3088 2928 Antiochenze
3109 2889 3250 2928 anno
3276 2874 3380 2927 565
3407 2873 3493 2925 ubi
3523 2872 3652 2927 ﬁdes
3683 2873 3781 2930 Ni-

2211 2980 2354 3019 crrna
2401 2978 2672 3034 suscepta,
2715 2978 2769 3021 et
2817 2970 3084 3038 Tyaneusi
3127 2984 3268 3021 anno
3303 2967 3427 3030 567,
3453 2966 3540 3020 ubi
3571 2967 3777 3032 pariter

2211 3055 2671 3110 consubstantiale
2721 3056 2997 3109 decretum
3049 3067 3152 3110 est~
3214 3057 3421 3110 Laudat
3445 3054 3669 3109 Basilius
3701 3058 3773 3124 (ί)

2207 3165 2399 3216 magna
2433 3149 2575 3201 illius
2628 3157 2676 3201 et
2729 3149 2946 3202 celebria
2991 3165 3086 3215 pro
3129 3159 3271 3202 recta
3322 3150 3426 3217 [ide
3463 3149 3772 3202 certamina.

2213 3238 2339 3288 Eum
2358 3239 2721 3305 existimabat,
2743 3239 2900 3294 veluti
2923 3241 3318 3294 ﬁrmamentum
3339 3250 3497 3296 recta:
3529 3241 3651 3296 ﬁdei
3673 3240 3774 3310 (9).

2208 3341 2350 3378 vcrze
2388 3343 2448 3378 ac
2477 3331 2672 3380 veteris
2711 3331 3015 3385 dilectionis
3048 3347 3229 3386 semen
3251 3372 3265 3394 ,
3300 3333 3351 3385 in
3385 3333 3636 3386 solatium
3669 3333 3776 3388 Ec-

2208 3415 2389 3468 clesiis
2411 3418 2634 3469 servari.
2671 3417 2742 3470 0s
2773 3419 2887 3483 ejus
2921 3421 3004 3486 (Ιι)
3034 3421 3176 3484 jnsta
3207 3423 3415 3474 dicendi
3444 3422 3697 3478 libertate
3723 3433 3781 3478 et

2208 3507 2399 3576 gratim
2449 3507 2628 3559 verbis
2677 3507 2746 3558 ad
2797 3509 3019 3560 fratrum
3048 3510 3457 3562 aadiliCationem
3509 3514 3776 3571 scatebat.

2207 3599 2502 3654 Ecclesium
2542 3614 2691 3651 suam
2727 3600 2805 3652 sic
2833 3599 2990 3662 rexit,
3043 3609 3103 3652 ut
3151 3614 3338 3654 omnes
3367 3601 3418 3654 in
3453 3617 3614 3654 unam
3645 3619 3781 3658 con-

2207 3697 2511 3746 sensionem
2539 3703 2591 3746 et
2615 3702 2923 3747 accuratam
2954 3694 3388 3748 communionem
3435 3695 3657 3750 vinculo
3681 3711 3780 3764 pa-

2207 3783 2285 3837 cis
2314 3784 2682 3850 conjungeret.

2278 3873 2562 3928 Probabile
2583 3887 2664 3928 est
2693 3876 2850 3943 hujus
2872 3878 3152 3932 Athanasii
3180 3888 3385 3949 patrem
3407 3878 3574 3936 fuisse
3599 3881 3775 3935 Alba-

2209 3966 2439 4030 nasimn,
2470 3965 2537 4018 ad
2581 3981 2737 4032 quem
2779 3969 2978 4034 scripta
3011 3979 3092 4020 est
3118 3969 3302 4023 Basilii
3332 3971 3553 4040 epistola
3586 3971 3679 4026 24.
3712 3973 3771 4026 In

2207 4058 2458 4110 omnibus
2488 4056 2766 4108 codicibus
2798 4067 2949 4126 pater
2968 4057 3250 4110 Athanasii
3288 4059 3521 4126 episcopi
3550 4060 3772 4126 dicitur,

2207 4163 2308 4201 nec
2344 4148 2506 4200 alium
2539 4148 2796 4201 habemus
2825 4149 2909 4202 cui
2947 4148 2996 4202 id
3036 4147 3346 4213 conveniat,
3372 4158 3569 4215 praeter
3594 4150 3778 4220 Ancy-

2208 4254 2420 4292 ranum.
2454 4239 2586 4293 Erat
2621 4241 2712 4293 ille
2742 4242 2825 4293 vir
2855 4257 3060 4310 magna:
3083 4241 3419 4302 eruditionis,
3452 4241 3688 4308 gentium
3722 4256 3780 4294 et

2209 4328 2422 4379 urbium
2449 4331 2808 4396 gubernacula
2841 4340 3108 4395 tenuerat,
3153 4342 3208 4384 et
3233 4347 3481 4401 magnam
3520 4331 3776 4400 progeni-

2209 4428 2386 4470 torum
2415 4418 2668 4470 virtutem
2706 4419 3082 4474 aunulabatur.
3121 4421 3252 4474 Cum
3293 4434 3470 4475 autem
3515 4422 3776 4475 audiisset

534 4513 794 4566 auxilium
823 4511 1052 4565 Basilius
1075 4509 1421 4580 implorabat,
1449 4511 1662 4580 quoties
1685 4525 1802 4562 cum
1832 4507 2103 4562 hatreticis
2135 4537 2178 4594 ο
2211 4509 2439 4563 Basilius
2475 4509 2618 4563 hunc
2641 4511 2994 4565 Athanasium
3025 4514 3076 4565 in
3121 4511 3318 4567 liberos
3349 4528 3469 4567 eum
3516 4529 3619 4567 non
3654 4527 3776 4568 esse

533 4608 846 4659 certandum
877 4614 1041 4659 esset.
1073 4602 1187 4657 Non
1221 4606 1467 4670 pervenit
1505 4604 1570 4656 ad
1605 4612 1904 4656 extremam
1938 4615 2098 4655 sene-

533 4709 733 4753 ctutcm
769 4695 1065 4760 Musonius,
1111 4697 1202 4751 sed
1247 4707 1426 4748 tamen
1473 4695 1562 4748 diu
1611 4693 1906 4747 Eeelesiam
1958 4692 2100 4744 Neo-

532 4792 906 4845 eaasarienscm
933 4791 1090 4842 rexit.
1118 4788 1248 4843 Cum
1283 4799 1458 4842 autem
1482 4785 1646 4839 sciret
1675 4784 1908 4838 Basilius
1935 4798 2102 4849 quan-

533 4895 644 4938 tum
676 4883 878 4936 doloris
908 4881 1048 4934 illius
1082 4894 1251 4934 morte
1279 4882 1575 4934 traxissent
1601 4876 2094 4941 Neoca‘sarieuses,

532 4978 760 5031 'ftbenter
798 4989 891 5028 eos
927 4973 1222 5029 invisisset.
1260 4983 1368 5025 tum
1402 4983 1457 5024 ut
1489 4969 1740 5023 Musonio
1773 4968 1931 5021 simul
1971 4983 2092 5023 cum

531 5068 612 5119 eis
650 5066 792 5133 justa
837 5065 1190 5134 persolveret,
1226 5072 1337 5115 tum
1366 5073 1422 5115 ut
1453 5075 1740 5117 mrerorem
1769 5059 2095 5128 partiretur:

532 5159 628 5212 sed
672 5172 791 5209 eum
832 5174 952 5211 eum
1002 5157 1166 5210 multa
1201 5155 1584 5220 detinuissent,
1625 5170 1721 5224 per
1756 5153 1964 5206 litteras
2007 5169 2100 5207 eos

531 5249 800 5302 consolari
848 5250 1099 5302 instituit.
1143 5255 1219 5302 Ac
1268 5246 1368 5300 viri
1415 5247 1630 5316 quidem
1675 5246 1878 5301 obitum
1931 5245 2101 5314 majus

534 5342 786 5391 damnum
818 5339 1013 5391 fatetur
1054 5338 1249 5391 inferre
1284 5338 1517 5401 civitati,
1549 5351 1709 5404 quam
1739 5335 2097 5399 calamitates,

533 5445 665 5497 quas
703 5441 859 5484 antea
893 5432 1068 5486 fuerat
1111 5442 1332 5499 experta
1388 5431 1555 5485 {anno
1595 5430 1762 5486 enim.
1802 5426 1908 5484 544
1944 5437 2099 5481 terra:

604 5611 682 5680 (ο)
715 5611 808 5670 ΕΟ.
852 5611 938 5664 50.

603 5684 678 5748 (b)
716 5681 808 5745 Ep.
839 5686 932 5734 ‘23.

601 5755 674 5818 (ε)
709 5752 922 5805 Sozam.
949 5755 1037 5807 lib.
1078 5768 1148 5816 IV,
1185 5769 1233 5808 c.
1261 5752 1347 5809 25.

605 5825 682 5887 (Δ)
721 5819 813 5885 Ep.
844 5821 932 5870 ἑξ).

2207 4617 2365 4671 quem
2399 4603 2632 4669 deceret,
2671 4619 2790 4656 cum
2824 4605 3120 4672 praesertim
3145 4607 3387 4673 paternis
3409 4605 3546 4659 votis
3571 4604 3770 4672 dignis.

2209 4697 2331 4751 simi
2359 4707 2574 4764 essent,
2602 4699 2770 4754 libere
2812 4714 2933 4751 eum
2962 4699 3260 4756 admonuit.
3295 4700 3576 4754 Molestum
3602 4700 3654 4753 id
3683 4718 3776 4756 ac-

2209 4789 2343 4842 cidit
2369 4789 2688 4854 Athanasio,
2717 4791 2807 4857 qni
2835 4804 2953 4844 sese
2983 4793 3119 4859 apud
3153 4792 3404 4846 Basilium
3433 4792 3775 4860 purgavit,et

2211 4879 2422 4946 iniquos
2447 4897 2688 4934 rumores
2721 4897 2750 4933 a
2791 4881 3075 4935 Timotheo
3105 4883 3491 4950 chorepiscopo
3525 4884 3590 4936 ad
3618 4884 3770 4935 Basi-

2208 4968 2336 5022 lium
2373 4971 2606 5039 perlatos
2636 4981 2962 5040 conquestus
2993 4983 3094 5026 est.
3121 4974 3423 5039 Respondet
3448 4975 3494 5028 ei
3522 4974 3771 5039 Basilius,

2208 5077 2440 5130 eumque
2466 5064 2748 5131 probatum
2789 5071 2843 5112 et
2874 5073 3156 5132 purgatum
3194 5061 3294 5115 sibi
3329 5077 3450 5117 esse
3482 5062 3722 5116 declarat
3753 5100 3770 5126 ,

2207 5155 2299 5208 sed
2347 5167 2527 5208 tamen
2580 5154 2848 5220 hortatur,
2885 5165 2942 5205 ut
2993 5153 3191 5206 nullam
3240 5154 3524 5209 calumniis
3577 5165 3767 5206 ansam

2204 5249 2462 5315 praebeat.
2496 5246 2716 5301 Fatetur
2740 5261 2794 5299 se
2819 5247 3018 5316 aliquid
3053 5246 3304 5310 audiisse,
3335 5256 3389 5299 at
3419 5258 3767 5314 nequaquam

2207 5354 2234 5389 a
2289 5337 2574 5391 Timotheo
2625 5337 3031 5406 chorepiscopo.
3079 5334 3246 5404 Hujus
3275 5333 3517 5404 epistolae
3561 5346 3772 5401 tempus

2205 5435 2354 5480 certo
2376 5433 2614 5480 statuere
2644 5439 2746 5478 non
2777 5440 2990 5494 possum
3019 5441 3033 5477 :
3066 5427 3158 5479 sed
3181 5425 3492 5487 collocanda
3518 5425 3620 5479 fuit
3644 5431 3770 5480 ante

2280 5613 2348 5676 (ρ)
2383 5611 2597 5663 Sozom.
2631 5609 2720 5663 lib.
2766 5626 2837 5677 Vl,
2870 5626 2916 5665 c.
2963 5611 3047 5664 12.

2278 5684 2354 5747 (fl
2391 5681 2486 5744 Ep.
2515 5682 2605 5742 25,
2642 5698 2692 5732 ιι.
2721 5682 2775 5734 ‘2.

2275 5753 2348 5814 (ρ)
2391 5749 2518 5802 Ibid.
2554 5768 2606 5802 ll.
2639 5752 2684 5802 1.
2717 5773 2723 5780 ·

2288 5818 2486 5883 (Ιι)Ἐρ.
2521 5819 2607 5872 29.
