4006 6444
1566 355 1726 411 VlTA
1769 355 1825 409 s.
1868 340 2132 412 BASlLll.
3405 367 3458 411 ιι

215 479 499 550 epistolam
532 480 621 540 “.9,
661 478 713 530 in
764 489 868 545 qua
900 491 1046 533 mors
1079 472 1355 529 Athanasii
1407 471 1640 544 episcttpi
1701 474 1785 525 lu-
1820 480 1862 536 Α
1893 475 2082 529 tiorcm
2133 471 2260 525 facit
2318 471 2606 526 Eusebium
2637 471 2690 523 in
2728 471 2912 525 eadem
2954 471 3199 543 epistola.
3246 472 3455 542 Scripta

215 585 393 643 getur.
420 571 668 624 Nondum
701 569 1072 640 presbyterum
1108 565 1273 620 fuisse
1302 565 1555 619 Basiliam
1587 565 1783 631 conjici

211 671 398 734 posset
432 658 624 711 ex-his
666 659 840 714 verbis
871 678 885 712 :
915 658 1026 711 Nec
1052 656 1262 710 maiesle
1293 655 1451 723 feras,
1495 658 1540 709 si
1581 656 1706 726 quid
1754 672 1786 707 a

211 753 365 806 nobis
391 750 694 804 docentium
723 767 866 804 more
891 749 1116 800 dicetur.
1150 748 1254 801 Sed
1288 746 1418 799 levis
1459 746 1569 801 haec
1599 744 1776 814 conje-

212 855 391 894 etura.

283 933 486 990 Basilio
535 944 720 989 nostro
772 933 1148 987 molestissima
1199 946 1316 984 esse
1367 924 1552 986 debuit
1599 928 1782 983 Basilii

213 1027 486 1098 Ancyrani
520 1031 586 1080 ab
614 1026 891 1079 Anommis
918 1024 1072 1093 ejecti
1123 1024 1408 1092 depositio,
1436 1040 1532 1078 nec
1563 1023 1785 1090 proinde

213 1117 430 1184 placere
456 1119 736 1172 Athanasii
771 1119 1062 1173 ordinatio.
1105 1117 1210 1170 Sed
1260 1125 1434 1171 tamen
1480 1116 1777 1170 arctissiina

212 1210 428 1264 videtur
453 1211 501 1262 ei
529 1210 900 1265 intercessisse
927 1224 1045 1264 cum
1066 1209 1168 1260 hoc
1189 1206 1488 1263 Athanasio
1519 1207 1778 1271 amicitia,

211 1315 318 1368 quo
348 1300 550 1352 amisso
581 1302 846 1354 neminem
878 1298 980 1353 sibi
1001 1297 1350 1352 existimabat
1377 1299 1453 1368 (α)
1477 1311 1776 1365 superesse,

211 1392 296 1443 cui
326 1388 692 1443 Ecclesiarum
720 1405 902 1442 curam
937 1389 1194 1451 deferret,
1226 1391 1496 1443 neminem
1531 1403 1692 1456 quem
1729 1398 1783 1441 et

211 1478 578 1533 molestiarum
619 1491 673 1536 et
719 1481 917 1533 laetitia:
951 1480 1155 1532 socium
1190 1481 1432 1533 haberet.
1472 1479 1666 1531 Incidit
1691 1493 1782 1532 eo-

211 1586 330 1623 rum
360 1573 615 1626 amicitia:
644 1570 938 1625 difﬁcultas
961 1571 1224 1639 quaedam,
1255 1585 1374 1640 qua:
1400 1571 1611 1636 longius
1649 1587 1776 1640 pro-

207 1664 490 1730 cessisset,
524 1665 568 1717 si
616 1678 721 1715 non
752 1675 958 1716 summa
1003 1662 1194 1718 fuisset
1237 1666 1286 1715 in
1328 1662 1528 1716 Basilio
1559 1662 1778 1720 lenitas.

209 1755 433 1811 Plurimi
482 1758 697 1827 Ancyra
731 1756 1034 1812 Ctesaream
1087 1758 1366 1812 venientes
1418 1754 1493 1826 (ὁ)
1547 1772 1653 1812 ιιιιο
1682 1775 1776 1813 ore

209 1846 405 1898 Basilio
439 1847 752 1900 nuntiarunt
778 1847 1136 1900 Athanasium
1164 1849 1212 1898 ei
1238 1860 1560 1901 succensere
1589 1864 1649 1902 ac
1679 1851 1779 1902 mi—
1811 1825 1850 1877 Β

209 1953 302 1990 nas
330 1939 493 1990 etiam
521 1937 728 2005 aliquas
746 1939 1033 1992 intentare.
1057 1937 1224 1992 Nemo
1250 1947 1365 1990 erat
1395 1953 1458 1993 ex
1481 1937 1778 1994 Cassarien-

207 2028 354 2082 sibus
404 2030 677 2100 Ancyram
735 2030 1238 2098 proficiscentibus,
1277 2030 1430 2099 cujus
1477 2046 1636 2083 aures
1673 2032 1773 2084 hoc

203 2121 489 2175 Athanasii
522 2134 770 2174 sermone
807 2134 910 2182 non
948 2121 1488 2181 circumsonuissent,
1509 2119 1716 2174 scilicet
1746 2102 1775 2175 έι

205 2213 404 2266 Basilio
431 2228 597 2265 noxas
621 2213 876 2278 quasdam
905 2215 1062 2267 scribi
1103 2225 1148 2267 et
1189 2214 1451 2280 componi.
1488 2212 1582 2268 llis
1630 2213 1774 2269 enim

203 2305 384 2358 verbis
414 2319 571 2357 usum
611 2319 730 2358 esse
752 2305 1071 2359 asserebant
1105 2305 1484 2368 Athanasium,
1521 2307 1609 2375 qui
1652 2306 1775 2361 toti-

203 2398 324 2451 dem
354 2397 538 2452 verbis
572 2397 714 2452 illius
736 2398 876 2450 dicta
905 2397 1235 2450 rel'erebant.
1266 2394 1486 2460 Basilio,
1512 2399 1601 2466 qui
1628 2396 1771 2466 jam-

200 2492 405 2544 dudum
441 2492 801 2543 humanarum
830 2503 1008 2541 rerum
1036 2488 1461 2543 imbecillitatem
1485 2505 1775 2557 perspexe-

197 2590 310 2644 rat,
351 2580 490 2634 nihil
528 2582 958 2647 inexspecmtum
988 2589 1140 2642 erat;
1173 2578 1266 2632 sed
1296 2590 1469 2633 tamen
1490 2582 1775 2634 vehemen-

199 2681 290 2726 ter
325 2673 559 2725 miratus
593 2681 698 2736 est,
730 2685 792 2725 ac
825 2670 997 2725 instar
1025 2671 1250 2724 monstri
1276 2685 1398 2726 esse
1438 2673 1606 2736 duxit,
1627 2674 1772 2742 quod

198 2774 349 2816 tanta
375 2763 477 2818 sibi
509 2764 703 2834 injuria
731 2765 798 2818 ab
831 2763 1053 2818 homine
1080 2772 1131 2816 et
1161 2765 1404 2817 veritatis
1442 2773 1496 2817 et
1525 2767 1768 2820 charita-

197 2856 269 2911 tis
318 2857 732 2910 scrvantissimo
763 2856 934 2908 ﬁeret.
985 2852 1215 2905 Causam
1257 2854 1496 2920 reperire
1530 2869 1632 2906 non
1663 2870 1763 2923 po-

195 2959 360 3011 terat,
394 2964 496 3001 cur
534 2949 613 3000 sui
659 2949 840 3000 odium
871 2946 1103 3013 cepisset
1155 2944 1511 2998 Athanasium
1543 2964 1555 2999 :
1594 2947 1771 3014 suspi-

194 3042 428 3094 cabatur
451 3038 684 3107 aliquem
713 3053 780 3092 ex
806 3037 1081 3091 bmreticis
1115 3037 1313 3104 scripta
1338 3053 1430 3090 sua
1458 3039 1558 3093 sub
1582 3039 1768 3094 Basilii

1888 577 1968 621 est
2003 569 2117 621 hazc
2176 564 2400 631 epistola
2447 565 2682 618 nondum
2718 564 2898 632 elapsa
2949 566 3142 630 hieme,
3181 576 3238 619 ut
3271 581 3335 618 ex
3373 570 3455 620 his

1888 662 2067 712 verbis
2108 656 2339 726 perspici
2388 659 2559 722 pbtcsr
2595 674 2607 709 :
2659 655 2720 709 Si
2754 672 2928 708 onmes
2964 658 3142 710 ordine
3175 656 3454 712 scriberem

1887 767 2095 810 eruistis,
2137 747 2322 816 quibus
2356 748 2410 797 in
2452 749 2588 799 hunc
2623 765 2783 818 usque
2827 749 2959 798 diem
3005 759 3238 801 detentus
3268 764 3455 802 sum...

1886 841 2090 894 morbos
2125 844 2333 909 quidem
2365 840 2498 892 alios
2531 841 2648 893 aliis
2691 842 3044 900 succedentes,
3071 843 3253 894 hiemis
3289 842 3457 895 mole-

1886 935 2062 993 stiam,
2095 935 2416 1001 urg-oliorum
2464 934 2860 986 conlitttiifutem
2896 934 3078 986 omitto
3126 934 3316 993 dicere,
3348 943 3453 985 etc.

1887 1024 2062 1088 Quare,
2099 1040 2283 1078 errore
2328 1041 2431 1078 non
2481 1032 2672 1076 carent
2704 1025 3085 1079 ecclesiasticze
3132 1025 3361 1084 tabulte,
3401 1025 3450 1075 in

1886 1118 2077 1185 quibus
2101 1132 2244 1170 mors
2283 1117 2337 1171 S.
2370 1117 2976 1186 Eltlllleiizt‘pnlllltll‘tile
3000 1118 3274 1171 tricesimo
3310 1115 3452 1170 Maii.

1889 1211 2180 1262 linumerat
2215 1212 2355 1262 enim
2381 1210 2857 1263 Basiliushiomcm
2885 1209 3022 1262 inter
3046 1211 3453 1277 impedimenta,

1885 1301 2078 1369 quibus
2109 1302 2366 1355 hactenus
2394 1305 2640 1356 detentus
2672 1302 2868 1353 fuerat.
2905 1299 2978 1350 Eo
3013 1300 3343 1367 probabilius
3369 1308 3453 1354 est

1885 1398 2023 1448 hanc
2049 1394 2327 1461 epistolam
2364 1409 2466 1447 non
2492 1397 2747 1463 scriptam
2772 1407 2890 1446 esse
2912 1409 3094 1446 menso
3112 1395 3289 1460 Junio,
3309 1392 3455 1464 quod

1883 1491 2043 1540 aliam
2076 1488 2306 1542 Basilius
2344 1497 2530 1556 postea
2559 1490 2623 1541 ad
2649 1489 2899 1541 eumdem
2932 1485 3220 1540 Eusebium
3247 1490 3455 1558 episto-

1885 1579 1989 1631 lam
2038 1579 2319 1645 scripserit
2356 1579 2461 1646 (ἀ),
2493 1590 2780 1646 antequam
2817 1578 2987 1630 fames
3027 1578 3296 1630 desiisset.
3328 1576 3454 1632 Sola

1881 1671 2026 1725 enim
2057 1671 2200 1725 fame
2224 1673 2589 1735 detinebatur,
2627 1672 2915 1736 quominus
2960 1671 3314 1724 comitaretur
3344 1669 3451 1741 lly-

1882 1765 2106 1832 patiuru,
2134 1763 2598 1830 consanguineum
2636 1777 2814 1824 suum,
2853 1763 3042 1814 morbo
3074 1763 3303 1828 quodam
3335 1761 3453 1815 lan-

1885 1858 2174 1922 gtteutemi,
2206 1855 2256 1907 in
2286 1869 2392 1923 quo
2423 1852 2661 1905 curando
2691 1863 3326 1904 COIISttetutnsuccessum
3346 1868 3450 1906 non

1886 1944 2189 1997 habuerunt
2229 1945 2324 1996 viri
2367 1941 2525 1996 donis
2568 1941 2908 1994 curationum
2965 1941 3239 1994 instructi.
3275 1941 3454 2006 Quare

1881 2034 2106 2088 Basilius
2132 2037 2194 2086 ad
2234 2036 2365 2088 alios
2405 2032 2824 2101 confugiendum
2855 2041 3021 2096 ratus,
3049 2032 3336 2085 Eusebium
3366 2047 3452 2086 ro-

1881 2133 1994 2193 gat,
2024 2133 2080 2174 ut
2113 2122 2548 2191 religiosissimos
2575 2125 2802 2178 fratrum
2837 2121 3187 2184 (monasterii
3222 2123 3452 2192 alicujus

1881 2227 2094 2268 ascetas
2123 2215 2335 2267 videtur
2364 2213 2678 2283 designare)
2712 2215 2776 2268 ad
2813 2229 2871 2266 se
2915 2223 3184 2277 accersat,
3227 2214 3316 2282 qui
3351 2215 3451 2268 sub

1880 2309 2048 2376 ipsius
2072 2309 2244 2364 oculis
2278 2308 2514 2379 Hypatio
2545 2309 2895 2371 medeantur;
2931 2309 3011 2362 vel
3035 2308 3223 2362 saltem
3253 2309 3322 2364 ad
3357 2323 3451 2364 eos

1878 2399 2168 2470 Hypatium
2208 2404 2385 2455 mittat
2415 2399 2612 2454 litteris
2636 2399 2748 2452 Suis
2785 2399 3072 2451 munitum.

1953 2494 2038 2546 ιγ.
2066 2492 2216 2547 Nunc
2251 2494 2627 2561 exponendum
2671 2490 2828 2544 nobis
2859 2499 2962 2552 cst,
2999 2489 3196 2556 quibus
3230 2489 3448 2544 adducti

1877 2591 2181 2649 rationibus
2209 2588 2274 2639 ad
2311 2602 2507 2638 annum
2541 2586 2644 2640 368
2676 2595 2729 2638 et
2776 2584 2880 2639 569
2921 2584 3020 2637 hos
3043 2591 3268 2636 eventus
3309 2580 3453 2637 refe-

1877 2699 2082 2746 ramus,
2121 2681 2317 2750 quibus
2338 2677 2714 2730 Tillemontius
2750 2685 2801 2728 et
2843 2676 3088 2744 plerique
3127 2675 3216 2727 alii
3243 2690 3446 2727 annum

1886 2777 1992 2830 575
2031 2775 2330 2841 assignant,
2371 2769 2567 2838 Pagius
2603 2782 2751 2830 vero,
2787 2768 2875 2834 qui
2919 2767 3148 2819 aliorum
3205 2780 3448 2819 errorem

1875 2868 1978 2923 alio
2000 2865 2248 2936 graviore
2270 2864 2542 2924 emendat,
2580 2876 2776 2913 annum
2805 2857 2930 2914 570.
2963 2858 3022 2910 10
3046 2857 3258 2910 Nullum
3291 2872 3450 2926 pror-

1873 2977 1964 3017 sus
1992 2959 2228 3015 occurrit
2268 2960 2319 3010 in
2355 2965 2466 3009 toto
2504 2954 2817 3022 episcopatu
2865 2951 3052 3005 Basilii
3102 2960 3348 3018 tempus,
3387 2950 3441 3005 in

1873 3069 1978 3122 quo
2001 3050 2264 3120 ejusmodi
2285 3058 2512 3102 eventus
2535 3045 2786 3114 conjungi
2808 3045 3034 3112 possint,
3052 3053 3111 3096 ut
3135 3045 3184 3096 in
3210 3043 3293 3096 his
3309 3058 3448 3113 quas

192 3131 418 3186 nomine
441 3132 773 3184 venditasse.
813 3129 1000 3199 Itaque
1031 3129 1302 3199 peramice
1340 3145 1462 3184 cum
1501 3145 1567 3184 eo
1599 3147 1768 3201 expo-
1795 3165 1835 3223 α
1870 3140 2244 3196 recensuimus
2286 3136 2530 3204 epistolis
2573 3134 3013 3203 conjunguntur:
3058 3149 3247 3200 nempe
3294 3148 3445 3188 more

192 3223 378 3287 stulat,
422 3223 566 3292 quod
601 3238 708 3277 non
740 3223 1038 3290 scripserit,
1075 3232 1168 3275 aut
1201 3223 1393 3277 saltem
1437 3238 1544 3278 non
1579 3240 1636 3280 se
1665 3242 1756 3281 ac-

191 3316 499 3381 cersiverit,
528 3324 620 3367 aut
644 3331 738 3381 per
769 3315 932 3368 fidum
977 3315 1210 3383 aliquem
1257 3318 1489 3369 amicum
1525 3318 1764 3373 dolorem

191 3407 608 3477 significaverit.
649 3407 820 3472 [legat
858 3417 936 3469 ut,
982 3407 1025 3458 si
1066 3419 1123 3457 se
1158 3406 1225 3457 ab
1252 3407 1354 3460 hac
1403 3409 1766 3464 sollicitudine

191 3501 428 3554 liberare
471 3499 615 3562 velit,
647 3499 844 3567 quibus
868 3499 932 3552 de
950 3499 1128 3552 causis
1147 3498 1211 3550 ad
1242 3498 1377 3551 hanc
1406 3497 1760 3555 offensionem

190 3594 457 3646 adductus
494 3592 584 3655 sit,
626 3600 810 3660 aperte
849 3589 1104 3643 declaret.

262 3683 479 3752 Scripta
502 3693 581 3736 est
610 3686 722 3736 htcc
757 3682 980 3749 cpistola
1005 3682 1075 3735 25
1107 3697 1209 3736 non
1259 3683 1446 3738 multis
1471 3695 1594 3738 ante
1627 3701 1758 3739 mor-

190 3785 294 3830 tem
331 3775 618 3829 Athanasii
653 3775 828 3829 annis.
851 3773 968 3829 Jani
1001 3775 1145 3828 enim
1180 3775 1413 3830 Basilius
1452 3776 1682 3832 veritate
1712 3786 1767 3830 et

188 3869 406 3936 scriptis
450 3876 503 3920 et
545 3866 702 3920 factis
747 3865 1088 3919 defendenda
1143 3881 1394 3935 magnum
1427 3866 1532 3918 sibi
1567 3881 1760 3920 nomen

187 3968 513 4030 pepererat;
562 3974 625 4012 ac
663 3967 961 4025 temporum
994 3956 1255 4009 molestiis
1289 3958 1359 4008 ita
1403 3958 1641 4011 animum
1678 3974 1762 4013 as-

189 4052 514 4112 suefecerat,
545 4060 601 4102 ut
633 4049 828 4103 nullius
852 4048 966 4116 jam
993 4049 1225 4102 hominis
1253 4064 1382 4118 erga
1409 4065 1468 4103 se
1504 4052 1760 4104 immuta~

187 4152 260 4200 tio
294 4149 667 4212 inexspectata
694 4143 794 4211 ipsi
825 4143 1123 4196 videretur.
1161 4142 1251 4196 Sic
1299 4151 1482 4195 autem
1513 4143 1757 4196 Athana-

187 4237 250 4290 sii
281 4247 512 4290 mortem
553 4232 709 4287 deﬂet
749 4234 799 4286 in
835 4235 995 4302 epist.
1031 4233 1099 4286 29
1123 4275 1138 4297 ,
1183 4234 1263 4288 sic
1307 4235 1582 4286 desiderat
1613 4248 1763 4286 sum-

187 4347 332 4383 mum
365 4330 512 4381 illum
562 4329 757 4392 virum,
796 4342 954 4395 quem
1010 4327 1320 4380 columnam
1352 4335 1405 4380 et
1443 4325 1756 4378 firmamen-

187 4430 296 4475 tum
329 4420 439 4474 Ecc
464 4421 590 4473 esite
618 4427 804 4482 vocat;
841 4429 1155 4486 tantamque
1201 4417 1342 4470 illius
1379 4428 1550 4471 morte
1574 4416 1755 4484 jactu-

1876 3229 2104 3284 Musonii
2133 3239 2184 3280 et
2215 3225 2492 3279 Athanasii
2521 3224 2792 3294 Ancyrani
2825 3239 2887 3276 ac
2920 3233 3119 3278 sancta:
3149 3223 3442 3288 Ennnelim,

1876 3320 2125 3373 diuturna
2165 3316 2339 3369 fames
2373 3314 2633 3367 Basilium
2671 3329 2737 3366 ex
2769 3314 3040 3367 continuis
3067 3314 3438 3381 occupationi-

1874 3415 1972 3470 bus
1999 3411 2265 3481 respirare
2291 3425 2392 3463 non
2423 3409 2629 3470 sitiens,
2655 3406 2936 3460 consilium
2969 3407 3131 3459 eundi
3154 3408 3439 3458 Samosata

1873 3522 1972 3576 per
2020 3506 2288 3574 integrum
2326 3517 2548 3562 annum,
2588 3499 2640 3552 id
2676 3507 2778 3560 est,
2811 3512 2905 3564 per
2954 3499 3089 3550 duas
3129 3507 3348 3550 atstates
3382 3510 3447 3550 ac

1875 3608 2034 3645 unam
2070 3592 2302 3643 hiemem
2349 3588 2450 3639 hac
2502 3585 2646 3637 fame
2681 3583 3101 3651 interpellatum.
3137 3582 3220 3635 Nil
3264 3582 3444 3636 verbis

1872 3697 2007 3750 opus
2039 3688 2141 3744 est,
2175 3687 2232 3730 ut
2287 3678 2398 3731 hinc
2433 3691 2575 3730 anno
2603 3674 2708 3728 570
2750 3689 2854 3728 non
2893 3675 3140 3728 evenisse
3177 3678 3396 3740 probem
3425 3711 3445 3739 ,

1873 3787 1980 3841 quo
2014 3771 2267 3825 Basilium
2313 3783 2504 3823 recens
2537 3770 2840 3823 ordinatum
2877 3781 2983 3820 non
3013 3765 3182 3819 fames
3210 3780 3444 3834 occupa—

1871 3865 1982 3929 bat,
2019 3864 2110 3918 sed
2146 3862 2355 3932 negotia
2387 3864 2452 3914 ab
2485 3861 2757 3930 episcopis
2790 3861 2958 3927 ipsius
2981 3858 3234 3912 electioni
3272 3858 3444 3910 inter-

1870 3958 2181 4012 cedentibus
2223 3956 2460 4009 exhibita
2500 3955 2848 4015 detinebant,
2901 3965 3000 4004 nec
3036 3950 3320 4003 Samosata
3349 3962 3443 4003 co—

1870 4051 2070 4118 gitabat
2091 4048 2176 4118 (e),
2202 4049 2292 4100 sed
2319 4045 2605 4099 Eusebium
2646 4043 2927 4103 invitabat,
2963 4049 3017 4093 ut
3044 4040 3285 4105 sequenti
3315 4054 3440 4092 vere

1869 4140 2164 4195 Ecclesiam
2204 4138 2591 4192 Ccsariensem
2626 4135 2909 4188 reviseret.
2948 4131 3063 4198 Ipse
3108 4130 3302 4198 Pagius
3333 4145 3438 4183 non

1869 4232 2117 4300 elegisset
2151 4231 2293 4282 hunc
2327 4243 2549 4291 annum,
2591 4226 2694 4280 nisi
2731 4224 3122 4278 ordinationem
3159 4221 3438 4289 reiecisset

1872 4325 1920 4377 in
1947 4339 2145 4376 annum
2163 4323 2285 4376 57L
2311 4319 2520 4373 Nullum
2544 4319 2700 4372 famis
2721 4316 3000 4382 vestigium
3026 4329 3168 4368 anno
3197 4313 3297 4366 571
3341 4310 3436 4381 (f).

1868 4417 2122 4471 Basilium
2155 4416 2220 4470 ab
2253 4422 2512 4467 autumno
2545 4426 2711 4480 usque
2751 4411 2815 4463 ad
2843 4411 3044 4477 primos
3067 4420 3279 4460 menses
3310 4405 3436 4459 anni

187 4528 300 4567 ram
340 4511 536 4565 fecisse
582 4525 640 4564 se
678 4508 979 4579 significat,
1020 4517 1079 4562 ut
1129 4508 1284 4562 facile
1316 4517 1496 4578 pateat
1525 4523 1755 4561 nascen-
1792 4533 1833 4586 ι)
1868 4511 2167 4578 sequentis,
2197 4509 2459 4560 adventus
2493 4504 2841 4565 Arianorum,
2879 4499 3216 4566 exspectatio
3246 4495 3436 4549 Valen-

188 4616 291 4658 tem
329 4605 473 4656 iuter
530 4617 622 4656 eos
673 4599 1061 4654 dissensionem
1120 4603 1229 4653 cito
1285 4602 1525 4655 sedatam
1570 4599 1755 4654 fuisse.

187 4695 447 4748 Hortatur
481 4693 819 4762 Ancyranos,
863 4706 920 4745 ut
951 4691 1243 4760 diligenter
1273 4702 1501 4746 caveant
1546 4707 1612 4746 ne
1635 4707 1758 4745 rur-

187 4802 276 4840 sus
311 4787 436 4839 lites
473 4793 526 4838 et
560 4785 838 4837 discordi-.2
870 4783 920 4836 in
949 4784 1072 4835 novi
1103 4783 1340 4851 episcopi
1365 4783 1634 4837 electione
1659 4798 1757 4836 na-

186 4887 428 4931 scantur.
462 4877 534 4930 De
564 4875 790 4928 Musonii
831 4885 882 4928 et
914 4875 1200 4927 Athanasii
1247 4876 1651 4928 successoribus
1679 4875 1758 4929 sic

187 4969 424 5038 loquitur
469 4967 718 5030 Basilius,
751 4974 810 5019 ut
844 4967 976 5021 nihil
1013 4968 1140 5020 boni
1189 4966 1256 5020 ab
1291 4967 1370 5020 eis
1409 4977 1756 5035 exspectasse

187 5062 447 5114 tideatur.
481 5059 844 5123 Neocmarea,
872 5060 1043 5128 inquit
1064 5060 1156 5131 (c),
1185 5069 1230 5111 et
1251 5058 1458 5127 Ancyra
1489 5059 1612 5112 vim:
1637 5067 1757 5112 sunt

186 5154 370 5205 habere
400 5167 723 5205 successores
759 5165 937 5204 eorum
967 5152 1057 5221 qui
1090 5151 1363 5214 obierunt,
1394 5161 1440 5203 et
1475 5153 1575 5202 huc
1597 5165 1758 5217 usque

186 5245 577 5310 conquiescunt.

252 5334 406 5389 Circa
447 5335 586 5388 idem
618 5344 826 5404 tempus
871 5350 935 5388 ac
968 5333 1242 5388 Musonius
1293 5343 1345 5388 et
1379 5333 1711 5386 Athanasius
1738 5374 1752 5398 ,

185 5428 313 5482 obiit
342 5426 401 5481 S.
431 5425 693 5480 Einmelia
729 5436 897 5482 mater
929 5427 1130 5493 Basilii,
1151 5428 1214 5483 de
1232 5426 1386 5495 cujus
1421 5435 1598 5480 morte
1634 5439 1756 5479 cer-

252 5605 328 5672 (al
366 5605 463 5674 Ep.
491 5606 581 5661 ‘23.

253 5679 324 5754 ψ)
352 5678 451 5754 Ep.
611 5694 665 5733 tt.
698 5679 750 5732 2.

250 5747 319 5814 (ε)
352 5747 448 5814 Ep.
482 5747 575 5800 50.

251 5820 323 5889 (dli
354 5818 452 5887 Ep.
476 5816 566 5871 51.

1874 4605 1938 4656 tis
1971 4617 2033 4656 ac
2065 4599 2258 4653 deinde
2286 4599 2397 4668 ipsa
2417 4596 2722 4665 persecutio
2754 4596 2832 4648 sic
2856 4592 3225 4653 detinuerunt,
3250 4600 3308 4643 ut
3333 4591 3435 4645 iter

1870 4694 2250 4747 Samosatcnse
2277 4691 2327 4742 in
2363 4697 2594 4742 mentem
2637 4687 2820 4740 venire
2849 4698 2952 4737 non
2985 4682 3244 4751 potuerit.
3276 4681 3434 4735 Anno

1865 4785 1991 4848 579.,
2025 4783 2206 4837 statim
2253 4791 2372 4850 post
2406 4779 2607 4832 Pascha
2641 4779 2747 4831 iter
2781 4776 2857 4845 (g)
2910 4773 3124 4843 aliquod
3156 4773 3430 4842 suscepit,

1869 4890 2056 4928 mense
2112 4873 2253 4924 Maio
2285 4871 2427 4924 aliud
2457 4869 2534 4940 th)
2568 4869 2854 4923 meditatus
2898 4875 3004 4928 est,
3035 4865 3175 4932 quod
3217 4865 3282 4917 ad
3313 4866 3430 4918 exi-

1867 4978 1976 5021 tum
2011 4983 2112 5020 non
2150 4965 2417 5035 perduxit.
2453 4965 2557 5018 Sed
2608 4975 2795 5033 postea
2831 4961 3142 5014 Armeniam
3173 4974 3432 5029 peragra-

1864 5059 1959 5122 vit,
1997 5071 2059 5109 ac
2088 5057 2300 5109 tandem
2333 5055 2718 5109 suavissimum
2753 5052 2856 5104 mel
2887 5049 3138 5105 Ecclesia:
3170 5050 3431 5104 Samosa-

1863 5149 2028 5203 tensis
2062 5147 2384 5218 degustat-it.
2417 5145 2563 5199 Nihil
2601 5157 2730 5211 ergo
2757 5157 2823 5197 ex
2853 5143 2936 5196 his
2971 5157 3090 5212 qua:
3110 5140 3427 5209 quaerimus.

1860 5240 2162 5309 suppeditat
2220 5254 2394 5292 annus
2448 5237 2574 5291 572.
2632 5235 2889 5303 Superest
2944 5247 3120 5287 anuus
3175 5230 3302 5298 575,
3337 5234 3425 5300 qui

1860 5332 2094 5384 maxime
2125 5316 2332 5383 arridet
2362 5328 2722 5382 Tillemontio.
2755 5325 2889 5380 Nam
2920 5339 3062 5377 anno
3101 5309 3206 5376 574
3264 5332 3318 5378 et
3347 5339 3423 5377 sc-

1857 5423 2152 5492 quentibus
2184 5419 2472 5474 exsulabat
2514 5417 2795 5474 Eusebius.
2842 5413 3169 5482 Beperimus
3205 5410 3422 5480 quidem

1933 5597 2001 5664 (ρ)
2035 5597 2130 5663 Ep.
2167 5595 2254 5649 48.

1931 5670 2009 5737 (ί)
2048 5669 2140 5735 np.
2178 5666 2376 5737 63,71.

1934 5740 2006 5806 (9)
2051 5738 2144 5803 Ερο
2179 5736 2269 5791 95-

1931 5809 2008 5878 (h)
2044 5809 2139 5878 Ep.
2165 5807 2251 5861 98.
