4006 6442
564 399 635 440 l.tt
1897 367 2427 423 l’liOLl-lGOllENi.

571 495 675 548 hoc
706 505 848 545 anno
884 486 1141 543 Basiliam
1168 485 1432 541 iuviscndi
1479 483 1694 537 Eusebii
1731 482 2011 552 promissis
2037 479 2133 534 ob-
2162 484 2205 538 Λ
2237 488 2406 530 morte
2434 475 2655 528 alliictos
2703 471 2898 524 litteris
2947 474 3290 528 amicissimis
3329 472 3636 528 consolatus
3661 477 3796 535 fuis-

567 585 842 638 strietum.
879 581 945 634 At
975 596 1073 634 cur
1111 580 1375 648 promissa
1419 593 1523 630 non
1563 575 1881 646 perfecerit,
1928 574 2133 643 gravis-

565 675 760 730 simum
797 674 1036 726 morbum
1062 683 1278 724 cstal
1301 672 1350 721 in
1375 669 1616 736 pluribus
1634 667 1874 738 epistolis
1896 667 1994 736 (α),
2019 680 2136 718 nus-

565 779 726 835 Quam
756 763 974 817 famem.
1004 764 1059 816 ln
1078 764 1301 832 epistola
1329 761 1448 826 145,
1475 764 1940 831 apprOpinquante
1963 762 2134 812 hieme

567 859 793 926 scripta,
837 853 958 910 cuni
989 872 1140 926 spem
1189 870 1402 906 onmem
1441 854 1729 922 abiecisset
1757 850 2005 904 visitandi
2040 849 2134 902 Eu-

567 949 725 1012 sebii,
761 948 962 1001 morbis
994 946 1305 1000 debilitatus
1327 984 1341 1008 ,
1383 946 1553 1013 ipsum
1579 945 1642 997 ad
1671 957 1725 996 se
1756 941 1965 994 invitat.
1997 939 2133 992 Mor-

568 1041 694 1093 bum
726 1047 778 1090 et
806 1037 1036 1091 hiemem
1063 1045 1320 1088 causatur
1349 1037 1399 1086 in
1443 1033 1668 1099 cpistola
1705 1030 1770 1082 ad
1817 1030 2128 1098 Evagrium,

567 1146 668 1182 cur
722 1130 774 1182 in
822 1128 1132 1181 Armeniam
1171 1125 1436 1197 proficisci
1465 1143 1566 1178 non
1597 1124 1784 1194 possit.
1819 1123 1934 1178 Uno
1967 1122 2130 1174 verbo

569 1221 776 1274 nullum
813 1235 1035 1289 prorsus
1075 1221 1178 1275 hoc
1211 1233 1350 1273 anno
1389 1219 1644 1271 indicium
1689 1215 1846 1269 famis
1879 1223 1969 1266 aut
1994 1213 2130 1266 inci-

567 1313 768 1379 pientis
797 1322 888 1363 aut
921 1310 1236 1365 desinentis.
1277 1307 1447 1361 Nemo
1509 1309 1702 1358 famem
1737 1320 1878 1358 anno
1901 1303 2006 1358 575
2039 1305 2133 1356 de-

565 1404 725 1460 siisse
769 1404 983 1459 dixerit.
1041 1404 1149 1456 llac
1185 1403 1327 1454 enim
1369 1402 1550 1455 sedata
1608 1397 1905 1451 Eusebium
1945 1396 2132 1450 invisit

566 1496 822 1560 Basilius,
858 1497 996 1566 quod
1022 1494 1238 1562 quidem
1287 1507 1427 1546 anno
1459 1491 1562 1543 575
1595 1489 1853 1557 perficere
1897 1503 2000 1542 non
2035 1503 2132 1556 p0-

568 1589 688 1642 tuit.
727 1589 922 1642 Eadem
948 1601 1112 1639 causa
1152 1585 1308 1636 famis
1351 1583 1559 1634 initium
1592 1581 1657 1633 ait
1684 1595 1881 1632 annum
1907 1579 2014 1633 575
2043 1595 2130 1634 re-

568 1679 712 1734 ferre
736 1694 837 1731 non
864 1679 991 1732 sinit
1019 1697 1030 1730 :
1069 1677 1332 1744 siquidem
1364 1674 1450 1727 illa
1483 1689 1626 1726 anno
1651 1675 1898 1742 sequenti
1924 1674 2130 1727 solutus

567 1773 800 1826 Basilius
832 1771 1112 1826 Samusata
1160 1770 1335 1838 petiit.
1388 1771 1457 1822 At
1508 1784 1650 1823 anno
1699 1769 1804 1823 574
1853 1771 2131 1823 exsulabat

566 1861 852 1916 Eusebius.
878 1862 1149 1914 Immerito
1176 1876 1303 1928 ergo
1329 1859 1707 1914 Tillemontius
1744 1870 1972 1912 mortem
2019 1858 2133 1912 Mn-
2166 1837 2204 1890 Β

567 1952 734 2015 sonii,
775 1951 1055 2003 Athanasii
1090 1959 1145 2001 et
1189 1948 1246 2000 S.
1284 1946 1560 2000 Emmelite
1608 1961 1749 2000 anno
1779 1944 1884 1997 575
1914 1946 2132 1998 exeunti

570 2040 783 2107 alligere
811 2047 1052 2092 conatur.

635 2134 694 2185 2°
725 2130 994 2184 Habemus
1024 2130 1387 2183 certissimum
1419 2128 1664 2196 Gregorii
1715 2125 1953 2197 Nysseni
1980 2126 2133 2181 testi-

568 2223 830 2282 monium,
861 2222 948 2288 qui
976 2230 1258 2289 postquam
1293 2229 1520 2270 mortem
1558 2226 1613 2271 et
1645 2219 1979 2286 sepulturam
2029 2231 2137 2270 ma-

567 2314 666 2367 tris
700 2313 960 2377 narravit,
985 2315 1164 2366 statim
1188 2311 1264 2364 sic
1286 2310 1460 2380 pergit
1493 2310 1566 2379 (b)
1597 2327 1612 2363 :
1657 2311 1745 2364 Ἑν
1771 2311 1944 2382 τούτῳ
1975 2313 2002 2364 ὁ
2035 2327 2132 2362 m-

565 2406 660 2468 λὺς
685 2407 741 2456 ἐν
775 2406 948 2473 ἁγίοις
977 2404 1249 2465 Βασίλειος
1274 2403 1373 2471 ti};
1403 2405 1643 2474 μεγάλης
1660 2403 1980 2471 Καισαρέων
2009 2401 2133 2452 Ἑκ-

567 2498 795 2568 adquia;
824 2497 1100 2566 ἀνεδείχθη
1125 2499 1430 2566 προστάτης
1458 2515 1470 2526 ·
1503 2497 1561 2558 ὃς
1592 2497 1680 2546 ἐπὶ
1707 2495 1792 2546 τὸν
1823 2493 2019 2562 κλῆρον
2037 2493 2134 2560 τῆς

565 2595 626 2646 ἐν
651 2590 729 2660 τῷ
765 2591 1166 2660 πρεσϐυτερεὶῳ
1226 2589 1541 2659 ἱερωσύνης,
1577 2588 1667 2640 τὸν
1702 2585 1927 2653 ἁδελψὺν
1964 2584 2086 2652 ἄγει
2117 2599 2129 2612 °

565 2684 684 2745 ταῖς
715 2683 1002 2751 μυστικαῖς
1047 2681 1236 2734 ἑαυτοῦ
1283 2681 1616 2752 ἱερουργίαις
1648 2677 1960 2751 ἁφιερώσας
1983 2693 1995 2704 ·
2041 2677 2135 2729 κά).

567 2775 625 2826 ἐν
669 2771 842 2844 τούτῳ
907 2771 1066 2826 πάλιν
1110 2774 1292 2835 αὐτοῖς
1329 2774 1420 2826 ἐπὶ
1471 2773 1532 2824 τὸ
1587 2772 1908 2841 σεμνότερόν
1946 2787 2004 2822 τε
2043 2770 2136 2822 καὶ

566 2863 865 2934 ἂγιώτερον
909 2866 1104 2935 προῄει
1142 2868 1170 2917 ὁ
1211 2865 1353 2933 βίος,
1394 2868 1458 2933 τῇ
1499 2864 1764 2934 ἱερωσύνῃ
1798 2864 1896 2932 τῆς
1927 2862 2137 2930 φιλοσο-

565 2954 696 3022 φίας
728 2953 1148 3022 ἐπαυξηοεὶσης.
1191 2953 1320 3004 Tum
1356 2954 1575 3021 insignis
1609 2955 1744 3004 inter
1769 2965 1978 3005 sanctos
2025 2953 2134 3006 Ba-

570 3048 719 3101 silius
747 3063 948 3117 magna:
971 3044 1376 3101 Cwsariensium
1423 3043 1669 3097 Ecclesia:
1701 3043 1998 3097 declaratus
2025 3060 2122 3097 an-

570 3140 741 3203 tistes,
771 3140 860 3206 qui
910 3140 962 3191 in
1010 3139 1208 3191 clerum
1253 3137 1528 3190 sacerdotii
1562 3138 1976 3207 presbyterorum
2017 3139 2129 3205 fra-
2161 3176 2203 3234 Ο

570 3238 702 3279 trem
755 3226 955 3290 evehit,
998 3228 1105 3280 suis
1150 3243 1264 3280 eum
1308 3229 1540 3297 mysticis
1578 3231 1919 3282 sacramentis
1953 3244 2135 3282 conse-

569 3331 763 3378 ctans;
799 3324 1009 3385 tumque
1051 3319 1157 3370 illis
1197 3321 1267 3370 ad
1303 3322 1553 3386 majorem
1601 3313 1907 3389 gravitatcm
1943 3330 1990 3374 ct
2017 3338 2138 3374 san-

569 3409 802 3460 ctitatem
863 3407 968 3461 vita
1028 3409 1408 3476 progreditur,
1468 3420 1691 3476 augente
1750 3411 2138 3478 philosophiam

569 3499 881 3554 sacerdotio.
903 3496 1139 3553 Nimium
1164 3499 1307 3554 clara
1323 3509 1376 3552 et
1392 3500 1672 3568 perspicua
1693 3499 1935 3568 Gregorii
1954 3503 2136 3564 verba,

571 3606 734 3660 quam
767 3592 985 3645 uteludi
1018 3593 1259 3660 possint;
1293 3593 1460 3648 multo
1495 3594 1676 3647 minus
1706 3592 1810 3646 dici
1847 3592 2014 3660 possit
2047 3609 2138 3647 er-

575 3699 696 3736 rare
747 3684 798 3736 in
858 3693 962 3736 tam
1016 3685 1316 3753 insignibus
1372 3689 1532 3741 rebus
1591 3685 1904 3742 domesucis
1971 3701 2132 3740 enar-

573 3773 704 3824 t'and
713 3773 773 3826 is.

642 3862 700 3916 5⁸
732 3861 800 3916 Ut
833 3862 934 3917 hos
971 3873 1197 3917 eventus
1225 3878 1368 3918 anno
1403 3864 1508 3918 568
1549 3877 1781 3922 exeunte
1802 3879 1896 3923 aut
1927 3871 2148 3925 ineunte

571 3950 678 4006 569
711 3952 1072 4022 assignemus,
1114 3967 1292 4006 rerum
1339 3953 1595 4023 deinceps
1623 3955 2023 4008 narrandarum
2055 3971 2144 4009 se-

573 4044 685 4098 ries
711 4044 932 4098 omnino
967 4042 1217 4112 postulat.
1253 4042 1411 4099 Modo
1463 4047 1811 4114 probabimus
1850 4048 2136 4117 epistolam

572 4135 644 4188 54
669 4136 734 4190 ad
776 4135 1090 4200 Eusebium,
1115 4136 1199 4190 cui
1237 4151 1445 4191 summa
1496 4148 1580 4192 est
1605 4151 1728 4191 cum
1777 4140 2144 4208 superioribus

576 4226 943 4290 necessitudo,
988 4238 1116 4281 ante
1161 4229 1525 4298 episc0patum
1575 4230 1833 4294 scriptam
1876 4246 2018 4287 esse.
2067 4231 2142 4286 De

577 4314 883 4368 Athanasio
911 4317 1205 4385 Ancyrano
1229 4329 1285 4372 et
1320 4319 1564 4374 Musonio
1597 4320 1729 4374 nihil
1769 4321 2022 4392 deinceps
2049 4337 2138 4377 oc-

577 4417 782 4462 curret.
811 4405 1008 4460 Neuter
1032 4409 1336 4465 subscribet
1371 4411 1564 4467 litteris
1591 4415 1642 4468 in
1683 4412 2031 4470 Occidentem
2061 4414 2132 4484 (c)

2236 572 2350 623 set?
2385 567 2478 619 llis
2508 568 2641 620 adde
2683 564 2734 616 in
2763 564 3017 629 opinione
3059 562 3384 620 Tillemontii
3416 566 3670 634 explicari
3708 570 3796 623 vix

2237 674 2415 727 posse,
2460 657 2729 724 quomodo
2773 657 3024 718 Basilius,
3059 655 3150 722 qui
3198 671 3255 708 se
3305 658 3458 711 initio
3487 657 3797 713 monasticzr

2237 745 2608 814 professionis,
2641 755 2698 799 ut
2730 760 2891 812 supra
2927 746 3178 811 vidimus,
3215 749 3467 801 omnibus
3497 750 3657 803 rebus
3693 763 3799 801 nu-

2235 842 2476 899 daverat,
2509 841 2710 907 quique
2742 839 2840 892 hoc
2871 838 3174 892 institutum
3199 837 3649 906 amplectentibus
3675 841 3800 896 nul-

2238 927 2343 981 lius
2377 928 2598 981 omnino
2633 926 2926 981 retinenda:
2958 931 3032 980 rei
3066 931 3337 982 licentiam
3385 935 3652 996 concedit,
3703 947 3805 989 suo

2237 1027 2419 1069 tamen
2456 1016 2785 1082 patrimonio
2814 1030 3075 1085 pauperes
3104 1020 3386 1086 presbyter
3405 1017 3626 1086 juverit.
3649 1026 3719 1076 At
3746 1024 3803 1078 id

2235 1108 2381 1160 nullo
2409 1105 2621 1175 negotio
2646 1109 2925 1161 solvimus.
2947 1105 3190 1160 Nondum
3210 1112 3443 1164 desierat
3468 1111 3656 1172 fames,
3677 1129 3801 1168 eum

2236 1201 2424 1254 matris
2457 1208 2630 1252 morte
2665 1201 2730 1253 ad
2771 1217 2892 1255 eum
2923 1202 3062 1256 bona
3108 1201 3406 1269 redierunt,
3449 1219 3568 1275 qua:
3613 1207 3800 1260 statim

2237 1302 2458 1360 urgente
2483 1292 2623 1344 fame
2653 1292 2702 1344 in
2736 1307 3002 1361 pauperes
3033 1291 3242 1348 effudit.

2303 1383 2534 1439 Necesse
2557 1384 2656 1437 fuit
2686 1383 2737 1435 in
2773 1386 2854 1439 his
2887 1387 3180 1455 probandis
3213 1385 3518 1452 immorari,
3544 1391 3668 1461 quia
3688 1405 3801 1443 ma-

2230 1477 2363 1530 ximi
2388 1486 2512 1532 sunt
2540 1478 2791 1530 momenti
2820 1476 2884 1529 ad
2907 1479 3150 1532 ordinem
3190 1493 3366 1531 rerum
3396 1477 3580 1535 Basilii
3611 1492 3794 1553 gesta-

2233 1585 2373 1625 rum.
2404 1571 2508 1623 Sed
2539 1569 2727 1639 objicit
2767 1569 3143 1624 Tillemontius
3176 1569 3256 1641 (Ῑ)
3301 1570 3555 1626 Basilium
3587 1575 3639 1628 in
3679 1575 3800 1644 cpio

2233 1661 2367 1715 stola
2396 1662 2483 1728 50,
2505 1665 2584 1717 sic
2616 1664 2680 1718 de
2710 1663 3044 1730 negotiorum
3075 1675 3298 1716 suorum
3336 1663 3718 1732 perpetuitate,
3742 1676 3801 1720 et

2235 1756 2300 1808 de
2324 1755 2536 1809 insidiis
2568 1757 2668 1809 sibi
2697 1755 2919 1808 structis
2956 1753 3123 1822 loqui,
3157 1764 3211 1809 et
3261 1771 3382 1810 cum
3427 1756 3659 1811 Eusebio
3683 1761 3800 1826 epi-

2236 1863 2400 1916 scopo
2423 1859 2473 1902 et
2502 1849 2800 1902 Athanasio
2835 1845 3125 1916 Ancyrano
3156 1847 3233 1901 sic
3266 1863 3448 1917 agere,
3490 1860 3547 1904 ut
3573 1850 3796 1906 dubium

2236 1955 2354 1994 esse
2391 1955 2494 1993 nou
2527 1942 2715 2008 possit,
2745 1941 2872 2008 quin
2905 1949 3032 1994 tunc
3051 1940 3335 2010 episcopus
3364 1942 3544 1998 fuerit.
3578 1943 3802 2000 Videtur

2237 2034 2397 2086 etiam
2425 2031 2526 2085 sibi
2554 2032 2886 2086 certis-simas
2922 2043 3075 2087 notas
3099 2034 3442 2103 episcopatus
3463 2039 3795 2106 perspicere,

2234 2142 2356 2180 cum
2391 2126 2465 2180 ait
2485 2123 2710 2179 Basilius
2731 2124 2804 2195 (g)
2826 2140 3007 2179 secum
3032 2125 3327 2180 Musonium
3359 2127 3424 2181 ad
3439 2127 3802 2186 Ecclesiarum

2235 2219 2666 2286 pacificationem
2707 2232 2810 2272 non
2859 2219 3205 2272 concurrisse
3236 2258 3250 2280 ,
3305 2221 3398 2274 sed
3449 2231 3625 2277 tamen
3677 2237 3802 2277 eum

2236 2323 2449 2376 semper
2478 2324 2506 2360 a
2532 2325 2590 2364 se
2622 2311 2688 2363 ad
2724 2308 3109 2380 oppugnandos
3157 2306 3440 2364 haereticos
3479 2312 3802 2366 advocatum

2236 2399 2402 2453 fuisse
2437 2416 2451 2453 :
2488 2400 2570 2453 vel
2593 2416 2712 2455 cum
2752 2402 2882 2456 dicit
2930 2411 3149 2455 mortuo
3192 2399 3489 2453 Athanasio
3523 2419 3534 2454 :
3576 2400 3802 2456 Cuinam

2235 2495 2474 2562 deinceps
2519 2492 2876 2547 Ecclesiarum
2912 2511 3097 2547 curam
3133 2494 3468 2563 deteremus?

2309 2585 2413 2640 Sed
2457 2584 2748 2638 l'faeilem
2789 2596 2843 2638 et
2887 2587 3186 2654 expeditam
3229 2585 3631 2654 responsionem
3677 2599 3810 2652 sup-

2237 2680 2497 2748 peditaut,
2535 2694 2656 2732 cum
2712 2678 2823 2746 ipsa
2878 2678 3228 2732 Caesariensis
3260 2679 3523 2744 Ecclesia,
3575 2678 3805 2747 qutejus

2237 2772 2579 2826 cxarchicum
2608 2769 2858 2834 habebat,
2890 2778 2999 2821 tum
3024 2769 3206 2821 Basilii
3234 2772 3285 2822 in
3309 2771 3408 2823 hac
3437 2770 3675 2826 Ecclesia
3705 2787 3806 2824 au-

2239 2866 2484 2930 ctoritas,
2520 2878 2676 2930 quem
2705 2861 3000 2929 Gregorius
3034 2859 3404 2918 Nazianzenus
3435 2862 3512 2932 (Ii)
3547 2871 3798 2927 testatur,

2237 2957 2336 3009 etsi
2363 2955 2619 3009 cathedra
2666 2956 3000 3018 inferiorem,
3046 2956 3298 3010 Ecclesia:
3341 2957 3626 3025 imperium
3663 2956 3806 3009 obti-

2238 3042 2437 3094 nuisse.
2473 3041 2565 3094 llis
2598 3043 2734 3096 adde
2768 3049 3004 3097 maxima
3040 3045 3264 3112 ingenii,
3297 3045 3579 3111 doctrinm,
3603 3055 3658 3098 et
3693 3043 3806 3097 vir-

2238 3131 2367 3185 tutis
2392 3142 2730 3196 ornamenta,
2756 3134 2953 3200 quibus
2979 3135 3214 3202 episcopi
3241 3145 3445 3188 tantum
3473 3134 3804 3197 tribuebant,

2242 3233 2298 3276 ut
2323 3239 2443 3276 eum
2481 3223 2652 3274 adhuc
2684 3222 2938 3277 lectorem
2971 3223 3489 3291 Constantinopolim
3516 3224 3581 3277 ad
3605 3224 3806 3278 verita-

2245 3315 2311 3367 tis
2340 3312 2703 3369 defensiouem
2746 3313 3166 3378 accersiverint,
3203 3323 3258 3366 et
3294 3330 3413 3367 cum
3439 3328 3502 3368 eo
3533 3314 3597 3369 de
3623 3317 3802 3370 maxi-

2244 3407 2346 3457 mis
2409 3406 2567 3459 rebus
2627 3404 2979 3474 Lampsacum
3045 3403 3338 3473 profecturi
3409 3405 3802 3463 deliberarent.

2242 3498 2378 3560 QuiJ
2404 3501 2594 3550 mirum
2631 3499 2674 3552 si
2717 3500 2995 3568 presbyter
3022 3500 3214 3562 factus,
3240 3515 3360 3553 cum
3384 3499 3644 3570 plurimas
3675 3516 3810 3571 par-

2245 3598 2322 3641 tes
2352 3591 2594 3655 regenda:
2626 3591 2877 3644 Ecclesiae
2927 3591 3273 3645 Caesariensis
3299 3593 3636 3657 sustineret,
3697 3608 3810 3646 non

2243 3677 2492 3731 minimas
2515 3679 2678 3731 etiam
2707 3681 2757 3732 in
2797 3682 2884 3742 iis,
2918 3697 3036 3749 qua:
3069 3682 3136 3736 ad
3181 3683 3530 3738 eXarchicum
3554 3684 3645 3753 jus
3681 3699 3810 3751 pcr-

2245 3770 2510 3833 tiucbant,
2536 3769 2850 3823 sustinuerit
2879 3773 2900 3822 ἲ

2313 3860 2370 3914 2ο
2397 3859 2526 3914 Illud
2550 3875 2858 3914 asseverare
2886 3875 3192 3928 possumus,
3228 3861 3358 3914 nihil
3385 3861 3469 3916 his
3495 3861 3690 3916 litteris
3721 3862 3811 3915 in-

2243 3965 2383 4014 esse,
2407 3953 2550 4022 quod
2585 3953 2941 4021 episcopalem
2970 3955 3346 4008 auctoritatem
3380 3954 3689 4008 necessario
3713 3954 3810 4007 de-

2244 4043 2440 4109 signet.
2471 4044 2658 4097 Nonne
2685 4047 2826 4098 enim
2861 4044 3145 4114 presbyter
3176 4054 3232 4097 et
3264 4045 3536 4113 perpetuis
3579 4045 3812 4113 negotiis

2244 4134 2470 4187 detineri
2492 4134 2688 4201 potuit,
2717 4144 2770 4186 ct
2791 4134 3002 4186 insidiis
3027 4136 3364 4188 inimicorum
3386 4135 3604 4204 appeti?
3635 4136 3816 4200 Quan-

2243 4240 2403 4295 quam
2439 4225 2648 4294 negotia
2679 4226 2764 4278 illa
2805 4242 2908 4279 non
2936 4226 3171 4288 aliunde,
3207 4241 3365 4293 quam
3395 4242 3460 4280 ex
3485 4225 3640 4281 fame
3673 4237 3802 4282 tunc

2243 4328 2524 4387 grassante
2563 4319 2897 4382 oriebantur,
2939 4319 2990 4371 id
3035 4318 3176 4385 quod
3212 4319 3389 4370 minus
3422 4318 3807 4372 animadvertit

2243 4409 2664 4464 Tillemontius:
2708 4410 2918 4464 insidiae
2951 4425 3055 4462 non
3107 4410 3278 4474 magis
3322 4409 3601 4472 Basilium,
3645 4424 3808 4477 quam

581 4495 760 4549 missis
786 4511 928 4550 anno
957 4495 1079 4550 572.
1110 4498 1413 4563 Quinetiam
1440 4501 1508 4554 ab
1536 4503 1759 4556 Atarbio
1807 4502 1885 4572 (ά)
1926 4519 2142 4558 succes-
2176 4516 2218 4572 ι)
2249 4500 2418 4568 ipsam
2444 4500 2832 4554 Gmsaricusem
2857 4500 3152 4553 Ecclesiam
3181 4500 3429 4554 videntur
3453 4502 3692 4570 petiisse.
3719 4501 3814 4553 Sc-

578 4601 701 4641 sore
733 4587 963 4642 Musonii
991 4591 1338 4659 gravissimas
1377 4593 1656 4648 molestias
1694 4596 1894 4650 Basilio
1933 4598 2144 4651 exhibi-

579 4687 662 4728 tas
700 4676 1007 4731 videbimus
1061 4694 1167 4732 non
1199 4681 1366 4734 multo
1418 4691 1541 4750 post
1593 4684 1802 4738 Pascha
1848 4686 1975 4740 anni
2018 4686 2142 4741 575.

578 4766 780 4821 Eodem
829 4770 957 4820 atini
991 4769 1099 4823 575
1145 4781 1384 4840 tempore
1425 4775 1503 4828 sic
1539 4777 1828 4845 compellat
1862 4777 2144 4832 Neoeasa-

577 4862 787 4912 rienses
819 4857 890 4929 (ε)
929 4877 942 4913 :
984 4859 1158 4914 Multo
1181 4872 1405 4924 tempore
1437 4867 1572 4918 inter
1600 4884 1690 4920 nos
1730 4868 1994 4934 siluimus,
2024 4869 2142 4932 [ra-

578 4958 703 4999 tres.
736 4947 999 5012 Queritur
1024 4949 1222 5004 ibidem
1257 4955 1394 5020 quod
1426 4969 1611 5008 eorum
1665 4956 1944 5010 iracundia
1977 4966 2142 5013 totam

581 5040 819 5095 hominis
847 5051 1060 5095 aetatem
1096 5045 1372 5110 perduret.
1407 5041 1540 5099 Num
1578 5047 1656 5101 sic
1702 5048 1918 5103 locutus
1975 5061 2142 5115 esset,

581 5132 625 5184 si
659 5147 796 5184 anno
819 5132 923 5186 575
953 5144 1184 5187 exeunte
1215 5145 1309 5189 aut
1346 5137 1562 5194 ineunte
1605 5139 1730 5206 5H,
1765 5141 2000 5194 nondum
2027 5142 2145 5196 ullae

581 5224 912 5278 exstitissent
931 5226 1038 5280 odii
1063 5227 1510 5299 significationes,
1535 5245 1732 5300 eosque
1759 5242 1884 5287 tunc
1905 5233 2144 5304 episcopi

654 5482 730 5549 (α)
757 5483 850 5549 Ep.
882 5485 999 5546 rso,
1034 5487 1153 5549 158,
1185 5487 1302 5542 ιιι.

655 5552 726 5624 (ὑ)
766 5552 873 5624 l’it.
902 5554 1068 5607 Macr.
1105 5575 1154 5624 p.
1196 5561 1306 5610 187.

658 5623 726 5689 rc)
763 5623 856 5689 I‘Ip.
883 5625 970 5675 9‘2.

659 5693 732 5756 (tl)
766 5693 862 5759 Ep.
895 5694 1012 5748 126.

662 5767 730 5827 (ε)
763 5761 855 5830 Ep.
879 5765 1003 5831 illi,
1043 5784 1094 5822 ιι.
1130 5771 1176 5825 l.

2247 4592 2423 4646 cernit
2452 4607 2508 4645 se
2535 4593 2602 4645 ab
2629 4593 2894 4660 episcopis
2920 4592 3170 4655 Basilius,
3199 4608 3323 4646 eum
3355 4593 3430 4645 ait
3462 4594 3512 4647 in
3547 4593 3703 4663 epist.
3742 4591 3811 4645 ad

2251 4681 2537 4735 Eusebium
2577 4685 2613 4749 (ι
2638 4685 2679 4747 ),
2715 4683 2943 4735 dumcos
2971 4681 3320 4745 cunctamini,
3356 4693 3462 4736 etc.
3499 4683 3555 4736 ln
3586 4681 3810 4746 epistola

2249 4773 2314 4825 ad
2355 4772 2710 4825 Athanasium
2764 4773 2838 4841 (j)
2888 4774 3017 4826 nihil
3073 4789 3203 4826 sane
3243 4773 3630 4837 animadverto,
3669 4774 3812 4839 quod

2250 4865 2504 4918 Basiliam
2543 4865 2748 4918 honore
2791 4880 2972 4932 parem
3017 4866 3315 4919 Athanasio
3370 4864 3537 4918 fuisse
3589 4864 3811 4919 iudicet.

2250 4957 2361 5012 luto
2388 4958 2633 5026 queritur
2663 4959 2890 5026 quod,se
2929 4957 3263 5013 Athanasius
3297 4973 3401 5012 non
3439 4957 3810 5018 accersiverit,

2252 5062 2310 5103 ut
2333 5051 2533 5104 doloris
2568 5065 2760 5103 causas
2788 5050 3053 5102 iudicaret
3081 5064 3095 5101 :
3127 5057 3269 5118 quod
3321 5048 3567 5118 profecw
3592 5049 3808 5117 episco-

2251 5159 2349 5212 pus
2375 5142 2722 5197 Gmsariensis
2755 5159 2858 5196 non
2895 5143 3120 5198 dixisset
3171 5145 3480 5212 Ancyrano,
3516 5157 3636 5195 cum
3677 5156 3814 5211 prte-

2252 5235 2438 5288 sertim
2467 5234 2705 5288 Ecclesia
2740 5234 3088 5291 Ctesat'iensis
3127 5235 3249 5304 jura
3285 5233 3573 5289 exarchica
3608 5233 3661 5286 in
3701 5231 3803 5286 Ga-

2323 5496 2388 5564 (ί)
2422 5496 2538 5549 Not.
2569 5498 2636 5549 65
2664 5501 2714 5550 in
2740 5498 2900 5553 Besil.

2327 5569 2400 5632 lg)
2433 5566 2528 5630 Ep.
2555 5569 2644 5630 28,
2676 5587 2726 5623 ιι.
2763 5570 2814 5623 2.

2327 5639 2403 5706 (It)
2433 5637 2525 5706 0r.
2554 5637 2642 5689 (ΞΟ.

2327 5707 2389 5772 (ἱ)
2437 5705 2531 5772 Ep.
2561 5708 2652 5759 9.0.

2326 5775 2393 5844 ω
2435 5775 2528 5842 εν.
2556 5777 2643 5828 es.
