4006 6452
1612 376 1771 434 VITA
1811 378 1866 431 S.
1905 374 2162 431 BASlLll.

3408 393 3499 431 LIII

272 500 458 558 latiam
495 498 832 557 extenderet.
864 497 1019 553 Ridet
1067 497 1281 565 quidem
1332 495 1615 549 Athanasii
1667 498 1839 550 minas
1870 501 1912 555 Λ
1944 509 2063 547 cres
2090 493 2301 546 habenti
2340 494 2430 563 (ρ),
2490 504 2540 548 et
2576 492 2965 564 epist-apalibus
3005 492 3148 547 curis
3192 489 3502 557 jamdudum

273 595 524 649 Basilius.
550 588 653 643 Sed
677 604 803 642 num
830 604 1050 643 necesse
1083 587 1180 638 fuit
1207 601 1328 641 eum
1353 586 1659 653 epismpum
1694 599 1836 649 esse,

272 697 329 737 ut
357 700 412 737 se
450 681 624 733 minas
674 680 850 735 ridere
877 682 1103 740 diceret,
1149 694 1246 732 nec
1283 681 1418 729 adeo
1442 692 1664 741 puerum
1694 690 1838 738 esse,

273 787 327 825 ut
352 776 469 826 haec
521 772 771 825 terricula
826 770 1113 824 formidet?
1149 769 1331 838 Neque
1371 768 1533 819 etiam
1560 769 1839 836 episcopa-

273 868 373 915 lem
401 864 773 917 auctoritatem
798 861 897 914 sibi
925 861 1205 927 arrogabat
1235 861 1333 927 (α),
1358 873 1476 911 cum
1503 862 1713 912 nomine
1730 856 1841 923 cpi-

272 955 420 1019 scopi
456 956 562 1019 sui,
592 956 682 1025 qui
724 955 838 1021 ipso
864 935 1167 1005 dominante
1199 950 1462 1003 dominari
1513 952 1612 1004 sibi
1639 950 1841 1004 videba-

272 1054 376 1104 tur,
404 1044 609 1100 vicinos
644 1044 926 1110 episcopos
960 1045 1024 1095 ad
1065 1042 1435 1096 defensionem
1470 1044 1714 1097 veritatis
1748 1041 1839 1093 ad-

272 1147 512 1200 vocaret,
548 1138 720 1201 iisque
754 1150 935 1188 curam
978 1134 1338 1187 Ecclesiarnm
1369 1132 1621 1188 deferret.

341 1228 405 1281 V.
439 1227 705 1283 Czcsarius
734 1225 974 1297 Gregorii
1005 1225 1324 1277 Nazianzcni
1352 1223 1538 1289 frater,
1568 1238 1707 1277 anno
1738 1223 1838 1277 568

271 1336 302 1374 e
335 1321 527 1373 Nicaea:
567 1319 736 1374 ruinis
768 1318 1083 1373 mirabiliter
1128 1328 1388 1380 servatus,
1444 1319 1534 1371 Dei
1580 1316 1840 1370 beneficio

271 1412 336 1463 ad
385 1410 581 1463 animae
614 1412 838 1465 salutem
874 1411 973 1471 uti,
1010 1418 1060 1461 et
1100 1424 1126 1460 a
1157 1410 1464 1477 reipublicae
1500 1409 1842 1463 administra-

273 1498 418 1549 tione
472 1500 725 1553 recedere
757 1506 1017 1550 statuerat
1048 1496 1142 1567 (b).
1187 1499 1289 1552 Sed
1326 1497 1580 1568 praeclaro
1621 1498 1843 1551 consilio

273 1603 417 1641 tnors
447 1589 659 1644 obstitit
697 1588 853 1655 paulo
892 1595 1009 1655 post
1053 1592 1453 1659 superveniens.
1494 1590 1680 1642 Mortui
1724 1606 1843 1660 pre-

274 1681 558 1735 tiosissima
587 1695 810 1749 quaeque
838 1693 891 1737 et
911 1685 1050 1737 servi
1077 1694 1128 1737 et
1150 1683 1235 1736 alii
1263 1682 1505 1736 homines
1536 1682 1704 1737 servis
1737 1698 1839 1737 n0n

274 1773 521 1825 meliores
554 1771 841 1839 diripuere,
880 1788 940 1826 ac
974 1774 1292 1840 paucissima
1333 1770 1639 1841 parentibus
1670 1790 1842 1831 reser-

272 1872 483 1926 varnnt,
514 1877 634 1930 qum
660 1866 838 1917 statim
870 1865 1187 1933 pauperibus
1209 1864 1486 1919 distributa
1515 1877 1656 1921 sunt.
1706 1868 1837 1921 Cum

270 1954 413 2003 enim
465 1952 702 2007 moriens
747 1955 967 2007 dixisset
1001 1952 1262 2008 Caesarius
1340 1954 1459 2009 Mea
1512 1960 1684 2009 omnia
1726 1958 1839 2009 volo

270 2054 377 2096 me
405 2059 695 2113 pauperum
719 2086 733 2109 ,
765 2046 930 2099 frater
954 2044 1093 2101 illius
1122 2046 1428 2117 Gregorius,
1460 2050 1525 2101 ad
1566 2065 1723 2117 quem
1762 2058 1842 2102 to-

272 2144 322 2187 ta
348 2136 541 2189 domus
562 2135 862 2189 sollicitudo
888 2137 1108 2203 redibat,
1132 2141 1275 2208 pium
1301 2142 1608 2192 mandatum
1632 2155 1839 2195 summa

271 2226 529 2295 religione
581 2227 827 2294 perfecit.
865 2228 969 2284 Sed
1006 2232 1164 2284 simul
1206 2230 1451 2298 prodiere
1491 2233 1837 2287 commentitii

269 2316 488 2383 quidam
524 2312 839 2383 creditores,
869 2324 955 2388 qui
983 2321 1259 2387 pecuniam
1293 2334 1322 2372 a
1358 2334 1415 2374 se
1440 2319 1726 2374 Cresarium
1751 2338 1839 2375 ac-

268 2406 478 2476 cepisse
525 2409 781 2463 dicerent.
822 2408 916 2463 His
949 2410 1125 2461 statim
1169 2409 1549 2462 numerabatur
1586 2412 1838 2479 quidquid

268 2500 543 2567 petebant,
593 2502 826 2567 quandiu
873 2500 974 2553 fuit
1024 2500 1165 2552 unde
1212 2497 1643 2565 absolverentur;
1704 2506 1843 2557 unde

270 2590 558 2643 nonnullos
586 2590 898 2657 pcenitebat,
935 2592 1074 2660 quod
1110 2589 1227 2659 plus
1260 2607 1365 2646 non
1405 2596 1703 2663 petiissent.
1736 2594 1841 2649 Sed

268 2700 392 2740 cum
424 2686 659 2753 quotidie
688 2686 946 2755 ejusmodi
986 2691 1349 2759 sycophantae,
1385 2691 1498 2745 sive
1532 2692 1843 2759 improbita-

269 2784 344 2837 te,
366 2776 481 2829 sive
506 2784 801 2846 temporum
829 2780 1041 2834 miseria
1071 2792 1312 2847 cogente,
1334 2792 1596 2848 peterent,
1627 2795 1844 2837 necesse

268 2861 370 2918 fuit
397 2879 609 2933 negare.
640 2866 925 2935 Repulsam
957 2868 1094 2935 passi
1132 2868 1251 2921 lites
1278 2869 1588 2936 intulerunt,
1613 2885 1678 2925 ae
1702 2869 1843 2926 Gre-

269 2957 483 3024 gorium
512 2957 563 3009 in
595 2958 859 3011 maximas
881 2973 1146 3013 :erumnas
1173 2960 1535 3027 conjecerunt.

336 3043 592 3108 Basilius,
623 3046 712 3114 qui
754 3060 839 3100 res
876 3047 1130 3102 adversas
1164 3048 1406 3120 Gregorii
1443 3067 1566 3105 suas
1594 3055 1840 3123 proprias

268 3151 390 3191 esse
412 3136 661 3202 ducebat,
676 3140 1011 3193 commendat
1038 3138 1175 3193 illius
1196 3155 1408 3194 causam
1430 3139 1729 3210 Sophronio
1752 3160 1843 3198 ur-

272 3230 351 3285 bis
364 3229 977 3300 Constantinopolitana:
993 3230 1261 3301 przefecto.
1280 3231 1620 3288 Demonstrat
1642 3243 1691 3288 et
1716 3250 1773 3289 se
1790 3246 1843 3289 et

272 3322 591 3391 Gregorium
617 3322 668 3374 in
691 3320 949 3387 ejusmodi
974 3323 1197 3389 negotiis
1220 3324 1457 3389 hospites
1472 3338 1590 3378 esse
1622 3336 1674 3379 et
1699 3340 1843 3394 pere-

269 3410 487 3477 grinos;
514 3409 861 3477 quamobrem
882 3407 1167 3475 Sophronii
1193 3408 1483 3475 prudentia!
1502 3414 1841 3465 statuendum

270 3497 547 3566 relinquit,
604 3497 742 3566 quod
773 3498 1030 3565 optimum
1069 3496 1209 3551 factu
1242 3499 1335 3562 sit,
1378 3508 1435 3552 ut
1465 3500 1547 3554 his
1588 3500 1843 3557 molestiis

269 3591 584 3645 liberentur.
624 3589 886 3644 Catterum
945 3598 1097 3659 regat
1137 3597 1195 3642 ut
1245 3605 1307 3644 ea
1359 3591 1425 3643 de
1473 3606 1528 3645 re
1574 3602 1696 3661 agat
1722 3608 1839 3647 cum

268 3684 465 3738 comite
484 3684 874 3745 thesaurorum,
894 3696 957 3735 ac
981 3680 1221 3751 Gregorii
1252 3683 1430 3739 verbis
1460 3683 1695 3737 declarat
1720 3699 1839 3737 eum

267 3786 514 3845 paratum
560 3790 684 3831 esse
729 3775 985 3843 quidquid
1024 3775 1089 3828 de
1127 3774 1281 3828 bonis
1318 3773 1531 3827 Cmsarii
1580 3774 1839 3841 reliquum

266 3878 371 3931 est,
443 3870 636 3923 aerario
698 3868 911 3931 cedere,
978 3866 1136 3920 modo
1193 3878 1449 3933 patronus
1512 3863 1685 3917 mrarii
1758 3878 1841 3917 re-

267 3960 529 4029 spondeat
588 3960 652 4012 iis
710 3960 799 4027 qui
822 3958 1184 4022 adoriuntur,
1241 3965 1295 4011 et
1350 3957 1691 4026 probationes
1756 3972 1841 4011 re-

264 4051 469 4121 quirat.

336 4144 395 4198 ln
429 4144 673 4199 eamdem
722 4144 922 4215 scripta
959 4144 1280 4200 sententiam
1322 4141 1541 4213 epistola
1582 4155 1835 4209 sequens,

266 4249 427 4304 quam
496 4235 673 4289 minus
738 4236 1015 4289 commode
1078 4234 1448 4289 Tillemontius
1510 4242 1565 4286 et
1612 4231 1699 4284 alii
1754 4246 1838 4285 re-

264 4322 446 4376 ferunt
489 4322 554 4376 ad
589 4322 799 4393 negotia
840 4321 1096 4392 Gregorio
1140 4323 1379 4387 stseno
1423 4321 1659 4375 exhibita
1699 4333 1839 4373 anno

265 4415 391 4470 575.
438 4416 559 4485 Agit
598 4418 740 4471 enim
785 4418 850 4473 de
890 4418 1078 4472 iisdem
1120 4432 1340 4485 prorsus
1388 4418 1542 4469 rebus
1593 4430 1654 4468 ac
1707 4430 1839 4482 prte-

265 4510 485 4563 cedens.

335 4599 392 4651 ln
424 4610 653 4667 utraque
682 4597 904 4667 epistola
950 4596 1237 4667 Gregorius
1276 4607 1494 4651 vocatur
1534 4598 1834 4666 episcopus,

266 4702 441 4758 neque
476 4686 653 4741 hacin
686 4702 743 4741 re
779 4688 1089 4755 discrepant
1129 4688 1475 4754 manuscripti
1519 4689 1731 4741 codices
1770 4690 1836 4742 ab

261 4780 441 4832 editis.
488 4778 594 4832 Sed
633 4777 731 4832 has
776 4794 932 4832 voces
979 4777 1200 4846 margini
1240 4779 1505 4845 appositas
1549 4778 1733 4842 fuisse,
1779 4789 1838 4833 ut

264 4869 520 4939 Theologi
556 4880 709 4939 pater
754 4870 1143 4939 designaretur,
1175 4885 1237 4922 ac
1277 4871 1397 4924 inde
1443 4871 1494 4923 in
1528 4881 1833 4925 contextum

268 4962 574 5030 irrepsisse.
597 4960 781 5013 multis
813 4962 1074 5015 rationum
1109 4964 1391 5016 momentis
1421 4962 1691 5029 probatur.
1719 4962 1831 5016 Non

262 5052 404 5105 enim
452 5052 517 5104 de
547 5050 806 5123 Gregorio
844 5054 1093 5121 episc0p0
1133 5055 1307 5124 agitur
1354 5054 1403 5106 in
1444 5054 1525 5106 his
1572 5054 1831 5120 epistoiis,

262 5142 353 5195 sed
397 5144 464 5196 de
510 5142 626 5208 ejus
674 5142 802 5203 lilio,
824 5144 913 5211 qui
950 5145 1181 5196 nondum
1228 5144 1507 5213 episcopus
1541 5153 1674 5195 erat.
1708 5147 1759 5197 ιο
1787 5146 1831 5197 ls

262 5248 417 5301 quem
469 5235 806 5287 connuendat
844 5234 1089 5297 Basilius,
1120 5251 1319 5303 pauper
1349 5246 1485 5298 erat,
1512 5236 1831 5303 jamdudum

264 5325 423 5376 vitam
460 5323 699 5390 quietam
734 5340 890 5393 agere
913 5334 1193 5388 statuerat,
1229 5336 1406 5378 vetere
1440 5341 1557 5378 cum
1584 5324 1824 5394 Sophro-

260 5413 348 5469 nio
384 5424 440 5467 et
468 5413 706 5481 Aburgio
735 5414 967 5469 amicitia
988 5415 1303 5483 conjunctus
1334 5425 1469 5469 erat.
1500 5415 1621 5469 Haec
1652 5424 1827 5469 autem

258 5506 483 5559 minime
516 5514 820 5574 congruunt
858 5503 1117 5577 Gregorio
1155 5508 1292 5576 patri
1335 5521 1463 5576 opes
1501 5522 1602 5561 non
1635 5508 1832 5562 medio—

326 5659 404 5727 (a)
446 5657 576 5727 βίη.
605 5672 685 5721 ep.
716 5655 808 5711 25.

326 5726 400 5797 (b)
443 5726 574 5780 Naz.
602 5742 682 5779 or.
714 5728 798 5778 lt).

543 5821 817 5883 Ριτιιοι..
848 5822 965 5882 Gn.
1001 5820 1239 5881 XXIX.

1875 1832 1914 1885 Β

1941 584 2184 637 distrirto
2211 596 2261 638 et
2289 586 2355 638 ab
2383 594 2538 640 aetate
2567 585 2852 655 Sophronii
2882 593 2931 635 ct
2960 586 3171 655 Aburgii
3208 587 3505 640 remotissi-

1942 693 2050 731 mo.
2093 675 2157 727 At
2183 677 2450 745 quadrant
2480 680 2676 745 Optime
2709 677 3001 745 Thcologo,
3032 680 3117 743 qui
3150 678 3399 732 omnibus
3425 694 3507 730 re-

1943 767 2038 816 bus
2078 778 2194 816 sese
2224 765 2514 817 nudaverat
2548 776 2600 817 et
2643 767 2989 819 monasticam
3027 766 3184 820 vitam
3220 766 3507 836 proﬁteba-

1943 869 2049 918 tur,
2069 866 2119 908 ct
2145 856 2431 924 Sephronii
2464 872 2524 910 ac
2549 856 2999 927 Aburgiimqualis
3025 866 3156 909 erat.
3188 859 3241 911 2°
3273 859 3505 913 Theolo-

1941 963 2039 1018 gus
2068 962 2187 1000 cum
2211 947 2370 1001 tetius
2402 956 2638 1015 paternae
2661 948 2846 1003 domus
2870 965 3073 1013 curam,
3108 958 3215 1001 tum
3244 950 3292 1001 in
3319 953 3508 1019 primis

1942 1037 2099 1106 hujus
2131 1037 2485 1092 molestissimi
2525 1039 2718 1107 negotii
2753 1042 2952 1108 pondus
2976 1040 3250 1103 sustinuit,
3299 1050 3355 1092 ut
3385 1057 3505 1109 pcr-

1942 1131 2073 1196 spici
2104 1138 2275 1197 potest
2299 1145 2362 1181 ex
2388 1128 2503 1195 ejus
2528 1130 2765 1182 carmine.
2798 1130 2861 1183 de
2894 1134 3047 1186 rebus
3080 1132 3209 1186 suis.
3246 1131 3380 1184 lliuc
3402 1142 3509 1186 sta-

1944 1221 2037 1273 tim
2100 1228 2261 1289 atque
2322 1221 2489 1273 audiit
2563 1218 2744 1275 fratris
2804 1223 2939 1274 bona
3016 1224 3194 1291 diripi,
3275 1223 3509 1292 patroci-

1945 1311 2088 1363 nium
2146 1310 2432 1381 Sopbronii
2478 1310 2796 1380 imploravit,
2840 1314 2995 1381 eique
3035 1314 3248 1382 scripsit
3307 1315 3508 1384 episto-

1944 1404 2049 1456 lam
2079 1407 2163 1457 18.

2018 1495 2112 1549 Vix
2149 1508 2320 1552 autem
2351 1496 2567 1551 dubium
2614 1506 2733 1547 esse
2775 1496 2941 1560 possit
2986 1497 3113 1563 quin
3155 1496 3235 1549 ba:
3273 1500 3508 1565 cpistola:

1945 1595 2069 1639 ante
2098 1588 2461 1654 episcopatum
2490 1586 2667 1639 Basilii
2704 1585 2917 1651 scripta:
2949 1586 3071 1640 sint.
3102 1588 3325 1657 Scripta:
3365 1595 3505 1645 enim

1944 1686 2068 1730 sunt
2101 1692 2203 1730 non
2240 1678 2406 1730 multo
2438 1686 2556 1744 post
2584 1686 2807 1729 mortem
2834 1676 3076 1739 Caesar“,
3116 1680 3204 1746 qui
3239 1695 3377 1734 anno
3406 1682 3509 1736 508

1945 1780 2174 1825 exeunte
2235 1780 2327 1823 aut
2371 1770 2475 1822 569
2514 1768 2726 1821 ineunte
2767 1768 2931 1832 obiit;
2986 1769 3249 1838 siquidem
3280 1773 3509 1839 spatium

1946 1877 2046 1914 non
2077 1861 2258 1915 habuit
2283 1876 2341 1916 ea
2367 1859 2700 1931 perficiendi,
2738 1873 2858 1927 qua:
2892 1866 3127 1933 tempore
3148 1861 3370 1930 periculi
3401 1872 3512 1917 sta—

1945 1958 2141 2006 tuerat.
2174 1951 2281 2005 Nec
2315 1966 2443 2005 sane
2468 1946 2756 2005 verisimile
2786 1958 2867 2005 est
2909 1951 3307 2007 eomntentitios
3334 1954 3510 2008 credi-

1948 2048 2112 2105 tores,
2144 2043 2232 2109 qui
2260 2042 2551 2094 hislitteris
2579 2043 2855 2095 materiam
2884 2042 3166 2108 dederunt,
3196 2044 3283 2097 diu
3311 2044 3512 2099 aliusos

1942 2132 2163 2195 sedisse,
2215 2146 2275 2185 ac
2320 2148 2421 2186 non
2474 2134 2655 2185 statim
2705 2131 3040 2187 occasionem
3100 2136 3411 2207 arripuisse.
3454 2138 3508 2192 lu

1942 2225 2177 2277 Carmine
2219 2222 2459 2294 Gregorii
2521 2224 2584 2277 de
2629 2223 2785 2277 rebus
2822 2224 2951 2287 suis,
2979 2226 3117 2292 quod
3162 2238 3281 2281 ante
3310 2245 3505 2282 annum

1942 2316 2045 2368 572
2070 2317 2315 2370 collocari
2354 2318 2529 2383 debet,
2559 2315 2684 2386 quia
2725 2316 2865 2369 nulla
2898 2317 2966 2370 ibi
3009 2320 3209 2373 mentio
3240 2333 3509 2373 aerumna-

1942 2420 2058 2458 rum
2082 2406 2484 2473 Sasimensium,
2534 2425 2636 2462 non
2670 2418 2845 2462 tamen
2885 2409 3050 2461 multo
3086 2420 3231 2475 ante,
3261 2412 3381 2480 quia
3418 2428 3509 2467 ca-

1945 2512 2040 2550 nos
2063 2506 2114 2550 et
2142 2510 2300 2566 rugas
2326 2513 2703 2554 commemorat
2728 2518 2741 2565 ;
2772 2501 2823 2554 in
2851 2500 2971 2563 hoc,
3003 2500 3242 2568 inquam,
3272 2505 3511 2556 carmine

1945 2590 2240 2654 molestias,
2277 2603 2393 2659 quae
2436 2590 2616 2643 fratris
2659 2600 2881 2645 mortem
2924 2602 3118 2647 secutae
3156 2604 3301 2659 sunt,
3347 2596 3512 2649 inter-

1944 2681 2067 2736 dum
2124 2690 2179 2733 ut
2226 2681 2523 2749 pratteritas
2568 2679 2742 2744 deflet,
2796 2680 3063 2735 interdum
3105 2692 3163 2735 ιιι
3195 2696 3507 2751 prresentes.

1945 2770 2051 2825 Sed
2086 2772 2187 2825 hoc
2222 2769 2360 2824 forte
2390 2771 2727 2825 tribuendum
2765 2772 3019 2825 carminis
3059 2771 3310 2839 licentia;
3350 2785 3513 2844 atque

1943 2862 2151 2916 etiamsi
2197 2863 2429 2917 nomlum
2481 2876 2621 2918 anno
2651 2862 2748 2917 571
2801 2861 3083 2916 defunctus
3138 2863 3220 2917 his
3262 2867 3514 2921 zerumnis

1946 2952 2133 3008 fuisset
2173 2957 2495 3023 Gregorius;
2542 2968 2645 3007 non
2696 2952 2896 3007 idcirco
2956 2950 3191 3022 epistolae
3224 2953 3403 3011 Basilii
3441 2958 3511 3011 ad

1944 3045 2047 3099 hoc
2092 3053 2299 3113 tempus
2336 3042 2643 3099 differenda:
2686 3055 2896 3098 essent'
2958 3032 3071 3098 sed.
3100 3046 3369 3114 negotium
3420 3048 3511 3101 diu

1945 3140 2272 3201 protractum
2318 3133 2484 3185 videri
2520 3133 2758 3187 deberet.

2022 3224 2109 3278 Vl.
2144 3223 2358 3278 Solutus
2397 3225 2607 3279 tandem
2641 3224 2977 3295 gravissimis
3009 3225 3153 3280 curis
3186 3223 3413 3284 Basilius
3447 3230 3514 3283 ad

1952 3315 2284 3384 conplexum
2335 3315 2549 3370 Eusebii
2591 3315 2981 3371 Samosatensls
3024 3319 3346 3386 properavit.
3394 3318 3514 3374 Jam

1950 3423 2067 3465 sese
2096 3410 2196 3463 hoc
2236 3408 2499 3477 promisso
2526 3408 2887 3463 obstrinxerat
2924 3410 3193 3477 praeterito
3234 3424 3419 3477 anno;
3454 3426 3517 3465 ac

1950 3516 2127 3557 moras
2168 3501 2382 3570 quidem
2412 3502 2578 3555 fames
2620 3509 2673 3555 et
2702 3500 2875 3555 morbi
2916 3508 2968 3553 et
2992 3499 3164 3555 hiems
3196 3501 3513 3565 attulerunt.

1948 3594 2039 3645 sed
2075 3605 2409 3659 nequaquam
2455 3591 2733 3645 consilium
2772 3589 3124 3660 infregerunt,
3177 3601 3233 3643 ut
3283 3595 3516 3661 perspici

1948 3690 2121 3749 potest
2162 3696 2225 3735 ex
2260 3680 2624 3748 superioribus
2657 3680 2914 3748 epistolis.
2941 3679 3118 3745 Quare
3155 3695 3259 3735 non
3295 3681 3515 3737 dubium

1947 3782 2029 3828 est
2054 3775 2181 3844 quin
2203 3774 2343 3843 quod
2372 3784 2475 3827 tam
2508 3785 2877 3828 asseveranter
2913 3776 3250 3843 promiserat,
3297 3784 3513 3845 tamque

1947 3866 2190 3921 sitienter
2229 3868 2632 3935 concupiverat,
2669 3866 2720 3921 id
2758 3882 2898 3921 anno
2940 3867 3044 3921 569
3095 3880 3378 3923 exsecutus
3422 3872 3510 3922 sit.

1946 3955 2209 4009 Przeterea
2235 3972 2297 4011 ex
2332 3958 2485 4027 epist.
2514 3957 2602 4019 54,
2628 3972 2745 4025 quae
2770 3969 2893 4011 ante
2920 3960 3284 4026 episcopatum
3318 3960 3511 4029 scripta

1946 4055 2046 4111 est,
2073 4046 2323 4101 Basilium
2349 4049 2400 4101 in
2436 4048 2648 4100 Eusebii
2674 4062 3016 4115 congressum
3050 4048 3263 4104 venisse
3318 4065 3515 4117 cogno-

1946 4139 2164 4194 scimus.
2186 4139 2445 4193 Precatnr
2473 4138 2615 4191 enim
2645 4137 2834 4201 Deum,
2860 4148 2916 4191 ut
2944 4140 3041 4193 sibi
3062 4141 3307 4208 dignetur
3327 4143 3512 4196 iterum

1944 4231 2215 4298 perutilem
2247 4229 2454 4282 Eusebii
2489 4245 2819 4298 congressum
2852 4233 3151 4285 concedere.
3191 4231 3325 4287 Hinc
3348 4234 3508 4287 etiam

1948 4322 1997 4373 in
2031 4335 2116 4387 ep.
2156 4320 2279 4383 157,
2327 4334 2445 4387 qua:
2490 4321 2687 4387 scripta
2726 4328 2807 4373 est
2839 4335 2977 4375 anno
3002 4322 3105 4375 575
3150 4333 3396 4386 exeunte,
3435 4326 3513 4377 sic

1946 4414 2230 4469 Eusebium
2284 4412 2575 4481 alloquitur
2606 4430 2618 4464 :
2651 4412 2819 4477 Quam
2854 4414 3063 4467 moleste
3092 4415 3272 4467 tulisse
3311 4432 3389 4467 me
3416 4432 3514 4484 pu-

1872 4533 1913 4587 υ
1949 4516 2047 4569 tas,
2079 4506 2216 4574 quod
2251 4515 2339 4557 tuo
2374 4520 2649 4572 congressu
2681 4506 2942 4573 praeterita
2985 4515 3164 4559 (estate
3213 4508 3468 4560 caruerim
3490 4511 3515 4563 .9

1945 4598 2101 4667 Atqui
2129 4614 2189 4650 ne
2223 4596 2342 4651 aliis
2368 4597 2573 4665 quidem
2603 4598 2752 4651 annis
2774 4613 3080 4665 congressus
3121 4596 3243 4651 talis
3291 4600 3507 4665 exstitit,

1945 4688 2069 4741 mihi
2108 4698 2159 4739 ut
2189 4690 2478 4740 satietatem
2503 4688 2733 4754 a/ferret.
2782 4686 3074 4741 Eusebium
3118 4702 3245 4757 ergo
3283 4690 3510 4745 Basilius

1943 4797 2045 4834 non
2079 4780 2245 4833 semel
2278 4780 2486 4844 invisit;
2514 4780 2605 4833 sed
2632 4795 2754 4833 eum
2789 4778 2953 4833 semel
2990 4788 3191 4833 tantum
3224 4781 3274 4833 in
3302 4783 3511 4851 episco-

1943 4882 2065 4939 patu
2118 4872 2215 4925 hoc
2266 4871 2367 4925 iter
2404 4871 2722 4939 susceperit.
2784 4884 2974 4937 nempe
3023 4885 3161 4925 anno
3205 4872 3329 4935 572,
3367 4872 3512 4926 aliud

1943 4965 2113 5031 primo
2149 4964 2321 5017 itineri
2358 4972 2563 5029 lempus
2595 4961 2971 5031 assignandum
3003 4972 3088 5016 est
3134 4972 3256 5016 ante
3302 4964 3511 5032 episco-

1939 5067 2145 5124 patum.

2007 5148 2294 5213 Postquam
2341 5144 2498 5199 rediit
2546 5143 2774 5198 Basilius
2818 5144 2866 5197 in
2898 5141 3312 5211 Cappadociam,
3372 5156 3511 5197 nova

1936 5236 2214 5289 calamitas
2246 5233 2502 5287 Ecclesiis
2543 5233 2867 5301 supervenit,
2900 5247 2967 5286 ex
3010 5247 3119 5301 qua
3163 5229 3421 5299 majorem
3455 5233 3508 5285 in

1935 5326 2149 5379 modum
2178 5324 2456 5392 ingemuit.
2488 5323 2670 5376 Ariani
2704 5323 2843 5377 enim
2870 5321 3161 5376 Ecclesiam
3188 5320 3508 5376 Tarsensem

1937 5423 2342 5484 occupaverunt
2371 5413 2470 5485 (ά),
2504 5429 2608 5469 uno
2634 5428 2697 5470 ex
2730 5415 2841 5469 suis
2884 5414 2935 5467 in
2959 5414 3099 5467 hanc
3132 5413 3309 5467 sedem
3336 5413 3507 5480 impo-

1937 5508 2041 5561 sito
2068 5516 2188 5574 post
2213 5515 2437 5559 mortem
2470 5504 2692 5574 Silvani,
2715 5508 2805 5575 qui
2834 5515 2959 5560 ante
2992 5506 3091 5560 iter
3121 5503 3301 5559 Basilii
3326 5503 3511 5564 Samo.

2016 5658 2085 5721 (ε)
2128 5657 2253 5710 Naz.
2294 5674 2377 5727 ep.
2421 5660 2505 5712 l7.

2017 5731 2091 5799 (ιι)
2132 5730 2225 5797 Ep.
2253 5730 2335 5782 54.
