4006 6472
518 405 608 449 ελν

1853 389 2383 447 PROLEGOMENA.

514 523 754 575 satense,
798 509 879 562 vel
909 524 1011 562 non
1049 510 1212 563 multo
1260 515 1380 577 post
1415 508 1623 563 videtur
1651 508 1868 563 obiisse.
1922 511 2087 565 Suum
2121 520 2162 574 Α
2196 510 2423 565 Basilius
2455 511 2549 580 (ὁ),
2575 525 2778 565 cumse
2819 512 3054 579 parentis
3093 511 3209 567 loco
3244 517 3591 572 constitutum
3627 517 3759 571 dicit

516 616 644 673 ergo
674 600 909 657 dolorem
948 598 1168 654 Basilius
1199 596 1427 652 Eusebio
1450 598 1737 667 significat,
1776 600 1918 667 quod
1954 599 2084 651 civi-

515 703 600 751 tas
628 705 771 749 tanta
799 702 1012 763 tamque
1037 701 1335 761 opportune
1359 691 1483 756 sita,
1511 701 1568 744 ut
1600 691 1837 755 Isauros,
1868 690 2079 748 Cilices.

515 786 863 854 Cappadoces
893 795 945 839 et
978 782 1137 850 Syros
1165 796 1258 849 per
1281 780 1510 849 seipsam
1532 781 1898 848 conjungeret,
1926 782 2081 833 unius

515 888 607 932 aut
641 878 866 934 duorum
901 874 1175 931 hominum
1206 874 1511 927 temeritate
1536 874 1586 926 in
1614 873 1906 942 perniciem
1941 872 2080 926 nullo

514 972 733 1041 negotio
772 971 1007 1038 conjecta
1040 974 1204 1030 esset,
1248 967 1372 1019 dum
1409 965 1643 1035 episcopi
1670 966 1916 1020 catholici
1950 979 2080 1017 cun-

512 1072 729 1116 ctantur
785 1077 847 1114 ac
888 1057 1206 1119 deliberant,
1244 1064 1297 1109 ct
1333 1070 1452 1110 sese
1497 1054 1723 1108 invicem
1763 1053 2075 1122 respiciunt.

512 1152 733 1209 Fatetur
783 1161 953 1203 tamen
1010 1148 1204 1201 nullam
1248 1148 1363 1215 ejus
1420 1146 1496 1199 rei
1543 1147 1752 1212 culpam
1790 1142 2074 1197 Eusebium

511 1248 799 1303 sustinere,
832 1258 929 1297 nec
956 1241 1245 1309 quidquam
1278 1241 1344 1293 ab
1373 1254 1436 1293 eo
1463 1239 1906 1306 praetermissum,
1934 1240 2074 1304 quod

511 1340 578 1392 ad
602 1336 852 1389 Ecclesiae
890 1334 1176 1388 utilitatem
1197 1332 1510 1402 pertineret.

582 1424 695 1479 Non
723 1435 898 1479 tamen
937 1425 1116 1479 evenit
1150 1422 1286 1491 quod
1328 1422 1598 1475 metuebat
1633 1418 1977 1488 Basilitts(u\,
2010 1433 2074 1470 ne

512 1518 712 1586 periret
756 1517 990 1571 Ecclesia
1044 1513 1344 1570 Tarsensis.
1400 1511 1624 1566 Videtur
1655 1513 1795 1565 enim
1841 1512 2070 1564 maxima

508 1623 637 1678 pars
664 1607 1097 1677 presbyterorum
1132 1616 1316 1656 Curam
1361 1601 1614 1657 Ecclesiae
1658 1603 1979 1671 suscepisse,
2020 1610 2069 1653 c:

510 1714 606 1769 pro
635 1697 737 1750 fide
773 1694 1030 1749 catholica
1062 1703 1278 1747 strenue
1303 1693 1604 1747 dimicasse.
1644 1692 1775 1745 Cum
1824 1693 1900 1745 eis
1924 1691 2072 1743 Basi-

507 1790 611 1843 lius
639 1785 825 1841 eadem
850 1784 1081 1839 amicitia
1115 1799 1168 1838 ct
1195 1783 1568 1837 communione
1606 1780 1921 1848 conjunctus
1951 1780 2068 1843 fuit,

2192 608 2407 669 propter
2430 601 2742 669 dignitatem
2776 602 2918 656 illam
2947 604 2996 656 in
3025 617 3127 671 qua
3157 619 3184 656 a
3212 606 3438 664 Domino
3463 608 3757 666 collocatus

2189 702 2320 746 erat.
2370 690 2472 743 Sed
2517 708 2613 745 cur
2650 691 2956 761 episcopum
3002 695 3148 747 illum
3198 692 3362 751 fuisse
3416 715 3517 753 non
3550 709 3754 770 putem,

2190 801 2308 838 cum
2342 792 2448 835 trcs
2477 782 2594 837 illas
2617 784 2875 839 scriberet
2900 786 3174 851 epistolas,
3204 786 3407 840 detinet
3433 806 3516 843 me
3548 807 3754 845 summa

2190 876 2275 927 illa
2311 884 2616 943 paupertas,
2657 878 2707 930 in
2743 890 2844 944 qua
2884 881 3086 931 versari
3118 895 3174 933 se
3216 879 3365 941 dicit,
3416 895 3514 935 nec
3561 885 3753 951 praedia

2188 968 2289 1020 ulla
2323 968 2705 1035 possidentem,
2753 983 2857 1023 .nec
2908 970 3198 1037 quidquam
3238 974 3508 1042 proprium
3555 976 3757 1031 haben-

2189 1068 2312 1110 tem.
2345 1057 2459 1111 Etsi
2493 1058 2632 1111 enim
2681 1060 2730 1111 in
2768 1060 2881 1128 ipso
2912 1062 3074 1113 etiam
3128 1063 3438 1131 episcopatu
3473 1067 3754 1131 pauperri-

2187 1164 2302 1202 mus
2333 1146 2430 1201 fuit
2459 1148 2695 1201 omnium
2733 1149 2887 1215 hujus
2923 1149 3100 1202 mundi
3134 1148 3395 1207 bonorum
3420 1197 3433 1218 ,
3492 1162 3617 1206 tunc
3657 1165 3746 1206 ta-

2186 1253 2303 1289 men
2339 1239 2506 1305 magis
2534 1241 2711 1290 animo
2734 1249 2786 1291 et
2820 1239 3135 1293 liberalitate
3174 1240 3223 1290 in
3256 1255 3515 1310 pauperes
3544 1254 3749 1309 pauper

2184 1330 2299 1395 fuit,
2332 1348 2491 1401 quam
2538 1334 2676 1401 quod
2709 1334 2847 1387 nulla
2888 1337 3104 1404 praedia,
3148 1335 3320 1389 nullos
3351 1340 3553 1393 reditus
3586 1338 3747 1391 babe-

2185 1432 2283 1476 rct.
2314 1423 2569 1476 Videntur
2592 1424 2732 1476 enim
2757 1425 2996 1478 ccclesim
3017 1426 3361 1480 Ctesarieusis
3382 1430 3516 1482 satis
3539 1427 3749 1498 amplaa,

2181 1525 2239 1565 ut
2268 1513 2370 1567 illis
2428 1509 2778 1583 temporibus,
2829 1530 2956 1583 epes
3006 1515 3168 1573 fuisse
3227 1536 3241 1574 :
3293 1517 3447 1585 Cujus
3482 1522 3555 1573 rei
3590 1530 3753 1574 testes

2180 1614 2303 1658 sunt
2333 1605 2542 1658 Taurici
2570 1606 2768 1660 reditus
2791 1606 2883 1673 (ε),
2904 1606 2989 1675 qui
3009 1606 3130 1659 dum
3156 1623 3216 1662 ex
3256 1609 3374 1664 loco
3404 1618 3509 1661 tam
3547 1625 3752 1667 remoto

2178 1696 2480 1750 Cmsaream
2533 1695 2824 1758 ferrentur,
2878 1694 3167 1762 spectantis
3215 1698 3453 1753 Autbimi
3496 1695 3747 1767 Tyaneu-

2179 1786 2252 1840 sis
2279 1786 2461 1842 oculos
2496 1787 2773 1840 laedebaitt.
2822 1784 2999 1840 Basilii
3055 1795 3173 1840 erat
3230 1804 3358 1857 ager
3414 1789 3501 1845 ille
3544 1790 3647 1859 (ά),
3693 1788 3747 1841 in

505 1893 663 1946 quam
724 1893 845 1931 cum
910 1877 1126 1931 Silvano
1193 1876 1472 1937 habuerat,
1543 1883 1601 1926 ut
1660 1883 1921 1929 testantur
1981 1874 2067 1927 lit-
2105 1884 2326 1946 Bquem
2358 1876 2616 1943 plurimos
2659 1876 2940 1943 episcopos
2988 1891 3128 1930 anno
3158 1875 3263 1930 3³15
3316 1880 3653 1941 convocavit,
3691 1887 3747 1930 ut

504 1978 634 2027 tera:
664 1969 768 2031 115
802 1978 855 2023 et
892 1968 1009 2022 1M.
1039 1968 1105 2021 At
1133 1981 1253 2020 cum
1284 1966 1532 2034 episcopo
1560 1967 1759 2020 Ariauo
1790 1950 2069 2019 neckBasi-

503 2061 608 2116 lius
679 2076 778 2115 nec
841 2060 1138 2128 presbyteri
1212 2057 1505 2111 Tarsenses
1571 2056 2064 2117 communicabant,

504 2160 562 2206 ut
612 2150 1037 2213 observabimus,
1100 2164 1222 2201 cum
1278 2149 1341 2203 de
1402 2149 1589 2202 iisdem
1648 2147 1888 2215 epistolis
1940 2163 2069 2201 ace-

502 2262 641 2301 ntus.

570 2339 782 2407 Scripta
821 2349 996 2393 autem
1037 2339 1152 2395 haec
1196 2338 1260 2393 ad
1306 2338 1594 2395 Eusebium
1645 2337 1872 2409 epistola
1928 2351 2068 2390 anno

498 2429 602 2485 569
628 2440 859 2485 exeunte
889 2442 979 2485 aut
1012 2433 1224 2485 ineunte
1247 2431 1369 2493 570,
1400 2432 1658 2498 siquidem
1692 2437 1810 2497 post
1834 2430 1932 2481 iter
1965 2426 2065 2479 Sa-

497 2531 805 2577 tnosateuse
849 2522 1047 2590 scripta
1101 2528 1199 2581 est,
1259 2520 1400 2587 quod
1443 2533 1582 2570 anno
1625 2517 1729 2571 569
1783 2517 1923 2570 circa
1972 2531 2063 2568 au-

498 2621 743 2666 tumnum
775 2613 1007 2680 suscepit
1030 2610 1278 2666 Basilius.
1322 2610 1698 2681 Presbyterum
1737 2608 1882 2662 illam
1912 2606 2063 2663 Basi-

494 2704 623 2755 lium
676 2703 959 2767 scripsisse
1013 2713 1234 2757 monent
1286 2702 1498 2756 codices
1566 2715 1695 2755 mss.
1749 2701 2064 2769 quibuscum

493 2795 694 2864 optime
724 2795 994 2849 consentit
1024 2795 1171 2860 illud,
1203 2794 1325 2846 dum
1374 2810 1460 2846 vos
1487 2793 1830 2853 cunctamini,
1868 2792 2064 2845 delibe-

492 2883 723 2952 ratisque
750 2894 796 2936 et
826 2898 915 2935 vos
948 2892 1128 2934 mutuo
1156 2883 1429 2948 respicitia.
1466 2880 1563 2933 His
1594 2880 1734 2933 enim
1773 2868 1949 2933 verbis
1980 2895 2058 2933 se-

493 2976 667 3031 cernit
717 2990 775 3030 se
823 2974 1050 3028 Basilius
1092 2973 1160 3027 ab
1218 2974 1504 3042 episcopis.
1553 2971 1682 3039 Quae
1740 2971 1807 3025 de
1859 2971 2058 3025 Siliaai

492 3078 666 3122 morte
710 3067 963 3130 diximus,
1016 3064 1299 3120 confirmat
1343 3064 1575 3135 epistola
1614 3062 1679 3117 67
1717 3064 1782 3118 ad
1820 3064 2059 3123 Athana-

490 3158 655 3221 sium,
693 3158 889 3228 scripta
935 3172 1074 3212 anno
1108 3158 1231 3212 571.
1265 3158 1414 3211 Hunc
1448 3159 1588 3211 enim
1628 3157 1841 3211 beatum
1882 3154 2061 3226 appel-

2174 1970 2325 2023 tirma
2353 1976 2492 2021 esset
2525 1968 2764 2020 omnium
2808 1966 2874 2021 de
2901 1966 3005 2021 fide
3049 1966 3311 2021 Eustatbii
3343 1969 3647 2022 consensio.
3682 1967 3739 2022 Si

2171 2062 2291 2131 quis
2314 2057 3017 2126 consideretamplissimum
3037 2057 3318 2113 :ndificium
3342 2058 3409 2127 (e)
3433 2059 3571 2126 quod
3595 2060 3748 2115 Basi-

2170 2157 2270 2209 lius
2294 2170 2432 2208 anno
2453 2153 2556 2207 572
2575 2167 2855 2221 aggressus
2879 2160 2981 2214 est,
3008 2152 3050 2204 si
3079 2165 3323 2220 Sumptus
3349 2167 3487 2223 quos
3510 2151 3747 2207 faciebat

2172 2247 2223 2299 in
2274 2248 2561 2299 inritandis
2607 2242 3033 2312 et.~cxcipiendis
3088 2244 3349 2311 episcopis
3376 2245 3639 2313 (mittebat
3672 2243 3745 2317 [ί]

2167 2341 2311 2391 enim
2355 2339 2445 2406 qui
2482 2338 2591 2405 jam
2623 2338 2875 2392 invitatos
2907 2336 3098 2389 iterum
3138 2334 3493 2388 admonerent
3529 2346 3583 2389 et
3614 2351 3739 2404 per-

2167 2430 2463 2485 honorifice
2499 2430 2875 2499 deducerent),
2921 2430 3067 2483 illum
3099 2427 3337 2499 profecto
3379 2426 3629 2480 fatebitur
3678 2442 3743 2481 eo

2166 2522 2496 2591 paupertatis
2540 2522 2817 2575 redactum
2852 2538 2953 2576 non
2986 2522 3169 2585 fuisse,
3232 2530 3289 2574 ut
3324 2519 3458 2573 nihil
3504 2518 3744 2587 posside-

2167 2620 2267 2678 ret,
2334 2610 2424 2665 sed
2465 2610 2752 2664 cbarorum
2820 2620 2873 2664 et
2926 2612 3349 2679 propinquorum
3392 2609 3740 2664 facultatibus

2168 2711 2580 2757 sustentaretur.
2634 2699 2809 2767 Quare
2848 2710 2956 2753 tres
2994 2699 3111 2752 illas
3150 2700 3429 2768 epistolas,
3472 2715 3589 2767 quae
3623 2708 3743 2753 tan-

2168 2804 2273 2847 tam
2306 2794 2484 2847 Basilii
2508 2799 2871 2862 paupertatem
2896 2799 3183 2855 testantur,
3208 2801 3329 2847 aute
3359 2792 3725 2860 episcopatum

2169 2902 2399 2941 necesse
2425 2886 2526 2940 fuit
2559 2887 2844 2941 collocare.
2873 2884 2988 2955 ipse
3034 2884 3262 2939 Basilius
3303 2886 3588 2938 discrimen
3638 2883 3739 2935 ali‘

2162 2978 2303 3046 quod
2333 2979 2576 3044 agnoscit
2612 2978 2751 3033 inter
2773 2993 2889 3032 eam
2921 2987 3311 3045 paupertatem,
3345 2987 3503 3040 quam
3532 2970 3742 3038 episco-

2165 3084 2265 3137 pus
2306 3069 2485 3120 auimo
2518 3070 2803 3130 retinebat,
2835 3079 2886 3121 et
2915 3083 3055 3131 eam,
3092 3081 3251 3134 quam
3286 3072 3408 3117 ante
3442 3063 3565 3116 illud
3600 3071 3739 3114 tem-

2164 3175 2262 3230 pus
2294 3157 2568 3229 professus
2597 3157 2792 3211 fuerat.
2824 3158 2914 3210 Ait
2942 3158 3084 3210 enim
3126 3170 3230 3208 non
3262 3154 3473 3223 illepide
3502 3153 3555 3205 iu
3579 3154 3739 3221 epist.

491 3247 830 3311 latBasilius,
858 3248 946 3316 qui
978 3250 1116 3303 hunc
1158 3249 1367 3302 titulum
1407 3263 1509 3302 non
1538 3248 1672 3303 solet
1702 3248 1804 3301 nisi
1833 3247 2058 3301 mortuis
2087 3217 2131 3279 δ
2165 3217 2266 3305 186
2296 3217 2379 3303 ἰιι]
2436 3249 2775 3315 Antipatrum
2817 3248 3121 3316 prmsidem,
3179 3246 3268 3315 qui
3315 3217 3538 3300 crambe
3586 3217 3742 3299 aceto

492 3340 721 3395 deferre.

562 3449 669 3503 Yll.
695 3450 832 3502 Ante
863 3447 1228 3516 episc0patum
1270 3444 1613 3501 collocandus
1643 3446 1767 3499 duxi
1812 3455 1920 3500 tres
1968 3462 2055 3499 sec-

491 3553 719 3613 quentes
755 3540 1028 3610 epistolas,
1064 3554 1183 3608 quae
1231 3538 1581 3609 inscriptione
1614 3549 1819 3594 carent.
1875 3537 2055 3592 Prima

486 3634 697 3704 potenti
748 3632 961 3686 cuidam
1010 3634 1204 3696 amico,
1248 3631 1383 3685 forte
1406 3631 1683 3696 ceusitori,
1728 3630 1925 3698 scripta
1951 3639 2053 3692 est,

489 3725 705 3792 cuijam
741 3724 939 3775 multos
977 3722 1450 3775 commendaverat
1482 3722 1737 3788 Basilius,
1786 3724 1879 3775 sed
1920 3736 2059 3775 nunc

488 3813 555 3867 de
594 3811 814 3867 meliore
844 3826 969 3865 neta
999 3812 1338 3866 commendat
1366 3812 1414 3866 ei
1452 3812 1661 3865 Leontii
1692 3814 1933 3877 domum,
1967 3827 2056 3865 r0-

490 3913 690 3975 gatque
746 3914 805 3958 ut
856 3904 1080 3959 Leontio
1144 3903 1389 3956 eamdem
1456 3902 1842 3956 humanitatem
1905 3904 2060 3956 exhi-

490 3996 663 4059 beat,
734 4012 893 4065 quam
956 3997 1057 4050 sibi
1113 3996 1436 4059 exhiberet,
1479 3994 1521 4049 si
1590 4009 1694 4064 qua
1749 3994 2055 4063 possitcret

490 4088 716 4157 praedia,
742 4102 839 4143 nec
867 4087 958 4141 Dei
990 4088 1251 4142 beneficio
1279 4087 1331 4140 in
1360 4101 1568 4142 suuuna
1596 4096 1910 4156 paupertate
1933 4100 2055 4138 ver-

490 4190 724 4235 saretur.

555 4293 615 4349 In
656 4293 861 4348 duabus
906 4292 1250 4361 sequentibus
1272 4294 1512 4360 epistolis
1544 4304 1695 4364 rugat
1728 4291 1955 4347 Basilius
1995 4302 2054 4346 ut

489 4386 695 4450 domui,
733 4386 785 4440 in
813 4400 915 4455 qua
954 4385 1187 4439 nutritus
1217 4383 1413 4451 fuerat,
1439 4387 1689 4453 antiquus
1716 4400 1911 4438 census
1940 4400 2053 4439 ser-

491 4487 663 4542 vetur,
710 4492 808 4532 nec
844 4479 892 4531 ei
933 4491 1066 4531 nova
1107 4476 1505 4544 permquatione
1540 4475 1720 4529 orieris
1760 4476 2047 4544 quidquam

2163 3342 2372 3396 condita
2402 3350 2622 3396 sanatus
2659 3341 2853 3405 fuerat,
2892 3340 2991 3393 sibi
3022 3337 3292 3393 crambem
3322 3347 3478 3392 antea
3505 3338 3732 3390 invisam

2162 3430 2346 3493 fuisse,
2377 3443 2484 3484 tum
2512 3431 2579 3485 ob
2607 3431 2973 3500 proverbium,
3006 3439 3117 3483 tum
3144 3430 3271 3499 quia
3306 3430 3557 3483 comitem
3602 3441 3737 3497 pau-

2159 3530 2419 3587 pertatem
2473 3524 2523 3574 in
2577 3522 2893 3575 memoriam
2938 3524 3256 3587 revocabat;
3294 3537 3433 3576 nunc
3466 3534 3595 3574 vero
3634 3518 3738 3571 mi-

2162 3626 2275 3662 rmn
2309 3611 2358 3664 iu
2391 3614 2601 3662 modum
2640 3617 2872 3679 placere,
2914 3624 3193 3682 postquam
3242 3614 3453 3680 praesidi
3487 3610 3741 3665 valetudi-

2161 3716 2281 3755 nem
2314 3701 2567 3754 restituit.
3034 3716 3035 3719 ‘

2242 3812 2364 3867 Vlil.
2399 3813 2686 3882 Epistulam
2713 3808 2782 3867 38
2832 3811 3359 3881 Initio-episcopatus
3396 3811 3455 3871 S.
3486 3812 3737 3883 Gregorii

2161 3892 2407 3976 NysSeni,
2464 3905 2515 3958 id
2547 3914 2629 3959 est
2661 3919 2801 3963 anno
2829 3902 2955 3967 572,
3004 3903 3258 3972 scriptam
3304 3904 3520 3974 coniicit
3571 3904 3740 3959 Tille-

2162 3998 2415 4050 montius.
2443 3997 2567 4059 Sed,
2599 3997 2721 4063 quia
2747 3994 2974 4049 Basilius
3000 3994 3051 4049 in
3078 3996 3179 4049 hac
3210 3996 3431 4064 cpistola
3453 4012 3572 4051 cum
3596 3996 3736 4051 Gre-

2156 4088 2307 4155 gorio
2345 4098 2682 4155 nequaquam
2718 4088 2950 4150 disserit,
3002 4096 3058 4139 ut
3108 4104 3206 4155 par
3240 4098 3501 4142 eratcum
3531 4089 3735 4159 collega

2156 4180 2439 4242 disserere,
2485 4177 2575 4232 sed
2607 4191 2725 4229 eum
2756 4178 2929 4246 potius
2958 4186 3015 4230 ut
3046 4187 3288 4247 tyrouem
3317 4179 3593 4244 theologias
3624 4180 3735 4234 ele-

2159 4271 2356 4325 mentio
2394 4270 2587 4327 imbuit
2626 4271 2723 4338 (ait
2754 4270 2896 4323 enim
2931 4284 2988 4323 se
3026 4270 3166 4323 hunc
3199 4270 3245 4323 ei
3284 4272 3730 4324 connncntarium

2158 4362 2475 4425 confecisse,
2510 4376 2575 4414 ne
2605 4360 2951 4438 liypOstasim,
2986 4370 3043 4412 ut
3072 4360 3220 4413 multi
3258 4360 3367 4423 alii,
3394 4377 3513 4415 cum
3545 4379 3727 4417 essen-

2162 4455 2229 4507 tia
2259 4450 2650 4520 confunderet);
2682 4453 2901 4505 credere
2945 4452 3124 4504 malim
3158 4449 3477 4520 Gregorium
3527 4456 3667 4508 banc
3698 4471 3729 4508 a

489 4567 736 4621 “damur.
759 4568 931 4637 Atque
964 4568 1013 4621 id
1047 4542 1193 4636 νοέω
1224 4542 1326 4620 ηδη
1357 4566 1524 4619 solum
1552 4542 1803 4619 υοτοιιιέί
1831 4542 2050 4637 wish?
2080 4544 2123 4599 D
2154 4544 2320 4599 fratre
2352 4542 2816 4612 pertractationem
2848 4543 3141 4612 accepisse,
3173 4559 3293 4595 cum
3327 4544 3511 4599 relicta
3550 4546 3730 4598 rheto-

488 4661 612 4725 teri,
647 4658 959 4713 collactanei
1008 4661 1110 4725 sui,
1160 4661 1251 4713 sed
1288 4660 1450 4713 etiam
1502 4674 1598 4713 sua
1650 4659 1816 4727 ipsius
1863 4674 2045 4712 causa.

483 4749 641 4815 Nam,
677 4767 799 4806 cum
836 4754 969 4807 nihil
1009 4754 1279 4822 proprium
1322 4752 1565 4817 haberet,
1615 4752 1708 4805 sed
1758 4752 2048 4805 cbarorum

482 4852 537 4898 et
571 4847 990 4915 propinquorum
1026 4845 1186 4900 rebus
1226 4853 1639 4910 sustentaretur,
1694 4844 1949 4899 alimenta
2003 4843 2051 4897 ei

484 4950 549 4990 ex
577 4937 677 4991 bac
710 4936 870 4990 domo
899 4937 1297 5005 praebebantur,
1352 4952 1515 5006 opera
1558 4936 1707 4992 illius
1732 4936 2051 5007 presbyteri,

482 5028 569 5083 cui
616 5038 786 5082 mater
816 5028 997 5083 Basilii
1041 5029 1327 5083 maximam
1358 5037 1564 5098 partem
1592 5028 1935 5083 servitiorum
1980 5028 2046 5078 ad

482 5121 729 5175 eamdem
768 5125 982 5175 domum
1032 5122 1435 5192 pertinentium,
1486 5121 1718 5191 quandiu
1768 5120 2049 5190 presbyter

482 5210 575 5266 ille
625 5212 847 5278 viveret,
899 5214 1149 5268 utendam
1188 5212 1505 5277 tradiderat,
1543 5226 1605 5267 ea
1645 5210 1949 5267 conditione
1989 5218 2045 5263 ut

481 5299 681 5355 Basilio
709 5302 962 5358 alimenta
990 5305 1344 5360 ministraret.
1807 5331 1835 5357 ο

556 5392 646 5445 \‘el
692 5393 987 5463 presbyteri
1036 5391 1121 5448 vel
1170 5393 1405 5464 episcopi
1449 5394 1761 5461 dignitatem
1799 5392 2045 5462 designat

555 5664 630 5728 (ᾳ)
668 5659 764 5728 Ep.
792 5662 911 5715 114.

555 5729 630 5797 (b)
671 5729 765 5796 Ep.
798 5730 888 5783 s7.

555 5798 628 5868 (ι)
660 5798 788 5852 Nuz.
815 5815 891 5855 or.
917 5799 1007 5854 20.

2153 4636 2275 4689 ricae
2310 4634 2563 4688 cathedra
2595 4643 2764 4686 totum
2798 4648 2854 4687 se
2888 4636 3057 4688 sacris
3086 4645 3140 4687 et
3172 4635 3550 4691 ecclesiasticis
3591 4639 3730 4691 seri-

2153 4725 2396 4795 ptoribus
2422 4724 2730 4778 evolvendis
2763 4725 2925 4778 dedit.
2956 4724 3087 4777 Illud
3115 4725 3275 4779 etiam
3307 4729 3529 4795 probare
3556 4728 3729 4794 possit

2153 4817 2291 4870 hanc
2313 4816 2769 4871 elucubratiouem
2803 4814 2984 4868 Basilii
3026 4817 3335 4886 episcopatu
3364 4816 3725 4883 antiquiorem

2152 4924 2294 4973 esse,
2321 4910 2461 4977 quod
2494 4909 2623 4962 nihil
2650 4910 2809 4962 habet
2835 4909 2899 4961 de
2919 4907 3269 4963 celeberrima
3297 4908 3381 4962 illa
3406 4908 3723 4976 qumStioue,

2155 5017 2271 5069 qure
2302 5002 2453 5055 initio
2482 5002 2819 5072 episcopatus
2842 4998 3027 5054 Basilii
3053 5000 3117 5055 de
3139 4999 3337 5069 Spiritu
3361 5010 3545 5054 sancto
3567 5014 3723 5054 exor-

2155 5102 2207 5146 ta
2234 5103 2335 5147 est.

2226 5206 2301 5259 De
2327 5204 2567 5274 epistolis
2592 5202 2784 5257 Juliani
2813 5204 2879 5255 ad
2911 5201 3161 5256 Basiliam
3181 5209 3230 5256 et
3262 5200 3443 5256 Basilii
3465 5202 3533 5255 ad
3556 5198 3725 5254 Julia-

2154 5316 2279 5353 num
2332 5298 2443 5368 jam
2498 5297 2655 5351 locuti
2694 5310 2898 5349 sumus.
2941 5294 3089 5362 Quod
3136 5303 3342 5363 spectat
3380 5293 3448 5349 ad
3487 5292 3722 5362 quinque

2154 5390 2286 5444 alias
2310 5387 2561 5457 epistolas
2590 5402 2706 5455 quae
2744 5400 3058 5455 sequuntur,
3097 5393 3220 5440 sunt
3254 5386 3356 5439 illa:
3382 5384 3594 5455 quidem
3630 5382 3717 5436 di-

2225 5657 2299 5723 (ά)
2338 5654 2432 5721 Ep.
2464 5653 2588 5717 ait,
2624 5670 2673 5706 η.
2699 5658 2753 5705 2.

2224 5728 2289 5794 (ρ)
2328 5726 2421 5790 up.
2449 5724 2533 5794 at.

2224 5791 2296 5863 (ι’)
2340 5794 2431 5863 Bp.
2464 5791 2589 5857 ait,
2628 5810 2680 5845 η.
2713 5791 2749 5844 2
