4006 6458
1609 403 1765 459 VITA
1808 406 1843 457 S

1954 399 2169 456 ASILII.
3435 409 3502 451 ιν

274 551 391 609 gnat
417 531 611 588 Basilio
653 546 715 585 ac
747 529 1155 601 praeclarissima
1195 526 1425 582 instituti
1460 526 1672 580 ascetici
1707 538 1843 592 prie-
1868 530 1914 584 Α
1948 519 2014 572 ad
2050 519 2354 580 Dominum,
2381 532 2476 585 pro
2511 531 2620 585 quo
2645 515 2856 570 fortiter
2884 522 2937 570 et
2973 521 3191 570 strenue
3236 514 3287 566 in
3318 526 3473 582 perse

273 637 427 695 cepta
485 624 779 679 continent.
840 621 1015 689 Ipsum
1054 622 1212 675 etiam
1247 631 1454 689 tempus
1482 620 1680 688 optime
1717 632 1848 669 con-

274 718 440 787 gruit.
474 718 518 769 si
554 717 876 782 conjecturae
909 714 1231 770 Tillemontii
1277 714 1618 781 recipiantur.
1652 710 1727 762 Ex
1762 709 1846 763 his

274 810 419 863 enim
447 808 623 863 verbis
658 804 899 874 epistola:
927 805 996 859 46
1025 809 1097 873 (p.
1132 803 1252 871 I56)
1286 823 1299 856 :
1339 805 1403 855 At
1444 803 1655 870 spiritus
1692 802 1844 863 aerii,

274 902 362 968 qui
396 916 533 953 nunc
570 899 624 951 in
655 898 780 965 ﬁliis
814 898 1155 949 contttmacite
1188 903 1453 961 operatur,
1476 894 1660 962 exigua
1714 908 1847 945 aura

278 992 431 1042 modo
454 1001 711 1055 stucepta,
730 988 1000 1055 abnegusti
1033 988 1142 1039 Itwc
1163 986 1359 1045 omnia.
1394 985 1606 1052 conjicit
1626 985 1846 1052 impium

279 1080 473 1135 Juliani
500 1095 723 1147 regnum
757 1080 1041 1147 designari.
1090 1079 1220 1131 Illud
1249 1090 1420 1132 autem
1462 1077 1699 1146 epistolas
1728 1077 1797 1129 45
1831 1094 1846 1131 :

281 1168 453 1223 Nosce
490 1169 749 1237 quomodo
785 1167 898 1235 jam
928 1168 1232 1219 Jnttmorum
1261 1176 1307 1220 et
1351 1166 1617 1235 gentilium
1656 1165 1753 1233 ﬁlii
1780 1165 1848 1217 ad

279 1262 375 1314 Dei
401 1261 600 1313 cnlttmt
623 1259 1031 1326 compelluntur,
1059 1259 1240 1312 referri
1274 1272 1429 1326 posse
1449 1258 1589 1311 idem
1621 1258 1851 1326 Scriptor

278 1354 556 1406 existimat
598 1352 662 1403 ad
710 1350 991 1417 imperium
1030 1349 1264 1411 Joviani;
1306 1351 1502 1418 quippe
1546 1364 1666 1401 cum
1708 1363 1851 1402 mors

276 1443 473 1501 Iuliani
517 1452 570 1497 et
596 1453 779 1496 exorta
808 1443 945 1497 inter
974 1452 1197 1496 COIIalus
1236 1441 1642 1493 instaurationis
1665 1438 1850 1507 templi

278 1534 538 1589 miracula
566 1532 945 1587 conversiones
979 1530 1239 1598 ejusmodi
1281 1545 1621 1585 commovere
1665 1542 1851 1599 potue-

280 1629 405 1683 rint.
438 1625 757 1679 Jatndudum
794 1624 928 1692 apud
956 1620 1172 1675 Graecos
1207 1621 1447 1675 nonnulli
1484 1621 1580 1674 ltas
1597 1621 1852 1689 epistolas

279 1720 475 1773 Basilio
516 1718 908 1785 abjttdiearunt.
963 1714 1162 1777 Prima,
1191 1729 1310 1782 quae
1346 1725 1427 1767 est
1453 1713 1520 1766 ad
1549 1712 1848 1774 Chilonem,

277 1811 334 1864 S.
362 1809 479 1864 Nilo
520 1825 548 1861 a
590 1806 857 1861 nonnullis
899 1806 1254 1868 tribuebatur,
1310 1817 1364 1858 ut
1396 1805 1617 1875 legimus
1658 1805 1707 1856 in
1745 1819 1852 1857 uno

1951 609 2260 664 cutionibus
2314 609 2725 670 decertaverat,
2785 608 2945 662 annis
2996 607 3338 676 episcopatus
3396 604 3507 659 fere

1948 712 2072 755 octo
2107 700 2338 765 exactis,
2371 701 2640 768 profectus
2672 707 2773 752 est.
2811 699 2978 753 Nemo
3017 712 3145 752 sane
3184 706 3331 751 tanta
3381 696 3509 751 sede

1948 794 2163 861 dignior
2187 802 2305 846 erat
2343 791 2565 858 Basilio,
2603 791 2870 845 neminem
2919 791 3160 843 latebant
3184 789 3380 843 eximia
3413 791 3507 842 do-

1948 886 2135 939 ctrinae
2161 893 2215 939 et
2255 883 2562 937 sanctitatis
2596 890 2910 937 ornamenta
2943 897 2957 945 ;
2987 891 3224 950 spectata
3256 881 3509 935 omnibus

1949 986 2102 1030 erant
2132 990 2342 1029 summa
2378 975 2442 1027 de
2468 973 2709 1027 Ecclesia
2747 971 3069 1025 Caesariensi
3114 972 3331 1031 merita,
3358 968 3507 1037 cujus

1951 1067 2391 1121 administrandae
2441 1070 2551 1131 jam
2614 1066 2874 1135 plurimas
2930 1074 3105 1133 partes
3139 1064 3208 1118 ab
3259 1064 3509 1135 episcopo

1950 1157 2270 1211 commissas
2316 1156 2666 1209 sustinuerat.
2715 1154 2817 1207 Sed
2860 1163 3039 1207 tamen
3074 1156 3364 1223 quominus
3408 1156 3508 1210 hoc

1953 1252 2131 1301 lumen
2166 1246 2381 1300 excelso
2429 1247 2545 1299 loco
2597 1244 2976 1310 collocaretur,
3022 1245 3249 1313 plurima
3288 1247 3512 1301 obstite-

1954 1350 2104 1403 runt,
2159 1353 2276 1408 quae
2328 1337 2620 1407 Gregorius
2673 1337 2931 1391 Nazianzi
2967 1338 3248 1407 episcopus
3297 1354 3511 1395 summa

1953 1430 2235 1498 prudentia
2267 1437 2321 1482 et
2353 1427 2518 1480 animi
2568 1425 2887 1481 fortitudine
2939 1428 3185 1483 removit.
3215 1428 3330 1496 Ipse
3360 1428 3514 1483 Basi--

1953 1522 2056 1575 lius
2108 1536 2174 1576 ne
2210 1520 2491 1589 suSpieans
2538 1517 2753 1587 quidem
2803 1519 2989 1572 oculos
3015 1519 3069 1572 in
3117 1534 3177 1574 se
3207 1521 3508 1590 conjectum

1954 1612 2041 1675 iri,
2095 1612 2327 1665 amicum
2386 1626 2540 1665 suunt
2596 1608 2913 1677 Gregorium
2968 1611 3277 1674 accersivit,
3332 1614 3511 1669 verbis

1954 1702 2192 1770 quidem,
2217 1712 2274 1753 ut
2296 1702 2345 1755 ei
2387 1715 2524 1770 pene
2566 1701 2806 1754 moriens
2832 1711 3131 1753 extremum
3160 1702 3279 1756 vale
3308 1704 3511 1761 dicere;

1956 1794 2189 1863 (videtur
2219 1793 2362 1845 enim
2404 1802 2533 1845 tunc
2568 1802 2828 1847 consueto
2853 1792 2993 1847 illius
3023 1803 3075 1847 et
3100 1794 3282 1849 comiti
3322 1798 3510 1852 morbo

275 1916 339 1952 cx
368 1899 647 1953 codicibus
679 1896 858 1966 regiis.
888 1895 946 1950 Si
970 1913 1072 1950 una
1110 1896 1306 1950 s.t\tito
1344 1894 1611 1958 tribuitur,
1643 1905 1850 1948 οωιειω
1886 1863 1923 1917 ⁸³
1955 1885 2155 1955 aliquid
2199 1882 2321 1937 novi
2362 1882 2561 1935 doloris
2605 1883 2947 1951 accessisse),
2997 1900 3053 1936 re
3094 1895 3273 1940 autem
3311 1903 3433 1942 vera
3457 1902 3512 1941 ut

275 1990 438 2043 etiam
493 1990 819 2052 tribuendte;
855 1998 981 2042 sunt
1008 1989 1150 2041 enim
1203 2000 1387 2039 omnes
1431 1984 1667 2052 ejusdem
1712 1986 1851 2038 inter

277 2094 335 2133 se
365 2079 512 2149 styli.
542 2076 659 2130 Jam
694 2078 930 2131 nonnulli
983 2077 1035 2130 itt
1071 2077 1154 2129 Itis
1195 2076 1385 2129 litteris
1426 2076 1623 2144 stylutn
1672 2076 1847 2129 Basilii

276 2172 691 2234 desiderarunt;
754 2170 848 2222 sed
910 2170 976 2221 ad
1049 2168 1188 2221 hanc
1239 2165 1515 2222 dubitandi
1584 2169 1845 2223 rationem

276 2262 406 2316 iliud
436 2261 597 2316 etiam
645 2261 870 2325 accedit,
905 2260 1047 2325 quod
1085 2260 1276 2329 legitur
1304 2261 1356 2314 in
1387 2262 1541 2330 epist.
1576 2261 1663 2323 43,
1716 2278 1849 2314 κατ-

282 2355 515 2426 έδραμες
532 2354 623 2405 ἐπὶ
642 2352 709 2404 τὰ
744 2352 1109 2423 Ἰεροσόλυμα,
1144 2351 1271 2404 ἔνθα
1304 2370 1386 2406 σοι
1410 2353 1504 2405 καὶ
1536 2353 1695 2417 αὐτὸς
1726 2370 1851 2405 συν-

272 2445 564 2515 διατρίϐων
611 2442 941 2517 ἐμακάριζον
974 2445 1081 2499 τῶν
1108 2444 1411 2515 ἀθλητικῶν
1445 2445 1639 2499 πόνων.
1672 2444 1851 2499 Petiin

273 2535 633 2605 Jerosolyma,
668 2538 752 2589 ubi
779 2546 827 2589 et
861 2538 970 2604 ipse
1001 2546 1165 2589 tecnm
1193 2547 1563 2602 commoratus,
1599 2536 1659 2588 ob
1683 2537 1850 2590 athle—

277 2627 408 2678 tiros
436 2638 482 2678 te
510 2627 713 2679 labores
747 2628 946 2679 beatum
970 2626 1342 2695 prtedicabam.
1408 2625 1501 2678 Ilis
1527 2625 1702 2679 verbis
1732 2626 1849 2677 diu-

278 2728 436 2772 tttrna
466 2718 851 2788 Hierosolymis
900 2718 1250 2770 commoratio
1304 2714 1591 2780 iudicatur,
1624 2729 1741 2784 quae
1796 2715 1850 2769 in

278 2809 532 2862 Basilium
557 2826 660 2863 non
702 2810 970 2864 convenit.
1003 2807 1133 2860 Item
1163 2806 1319 2860 facile
1339 2807 1572 2875 explicat
1592 2820 1642 2860 et
1672 2808 1855 2862 conci-

275 2899 765 2964 IiatCombeflsius,
790 2899 877 2967 qui
909 2898 1162 2952 Basilium
1193 2897 1577 2969 Hierosolymis
1610 2901 1851 2969 baptiza-

279 3002 392 3046 tum
425 3001 595 3060 putat,
646 3000 705 3043 ut
752 2990 803 3042 in
849 2987 1084 3044 fabulosa
1136 2989 1278 3043 illius
1306 2989 1413 3044 vita
1456 2989 1669 3058 legitur,
1732 3005 1852 3057 quae

274 3080 637 3148 Ampliilocbii
668 3080 868 3133 nomini
905 3078 1178 3148 supposita
1201 3076 1318 3131 fuit.

1952 1976 2195 2046 Gregorii
2222 1976 2444 2029 consilio
2485 1984 2537 2029 et
2561 1989 2723 2044 opera
2758 1976 2808 2026 in
2839 1976 3075 2043 episcopi
3106 1976 3371 2033 electione
3396 1990 3510 2033 utc-

1954 2080 2120 2123 retur.
2167 2067 2451 2123 Perculsus
2518 2068 2621 2121 ltoc
2666 2068 2855 2121 nuntio
2896 2065 3189 2135 Gregorius
3242 2068 3513 2141 lacrymas

1952 2162 2110 2225 fudit,
2144 2175 2308 2229 seque
2353 2162 2419 2213 ad
2471 2158 2573 2212 iter
2605 2158 2943 2223 accingebat,
2972 2174 3093 2211 cum
3122 2162 3402 2229 episcopos
3434 2165 3499 2216 ad

1953 2259 2139 2311 urbem
2171 2253 2344 2310 sensit
2370 2264 2714 2307 concurrere.
2741 2250 2876 2303 Tum
2926 2266 3053 2304 vero
3092 2252 3271 2306 Basilii
3317 2256 3499 2308 consi-

1953 2349 2080 2401 liuut
2111 2346 2397 2408 intellexit,
2433 2358 2500 2398 ac
2538 2343 2801 2412 proficisci
2847 2341 3134 2411 abnegans,
3165 2357 3285 2397 cum
3316 2346 3511 2400 Basilio

1954 2440 2192 2509 pluribus
2225 2436 2532 2490 nominibus
2569 2434 2809 2502 jurgavit
2842 2452 2855 2487 ε
2887 2434 2959 2504 (b)
2988 2434 3220 2503 primum
3272 2437 3508 2504 quidem,

1953 2536 2094 2601 quod
2125 2546 2231 2584 non
2272 2528 2490 2582 vidisset
2522 2541 2580 2580 se
2619 2526 2895 2580 hominum
2933 2541 3211 2583 sermones
3241 2544 3304 2583 ac
3333 2532 3507 2584 ambi-

1956 2638 2039 2677 tus
2070 2623 2460 2692 suspicionem,
2483 2618 2660 2672 amico
2694 2617 2760 2671 ad
2795 2617 3055 2684 ejusmodi
3091 2627 3300 2688 tempus
3322 2637 3503 2675 accer-

1953 2719 2079 2781 sito,
2114 2732 2217 2769 non
2262 2717 2624 2776 evitaturum;
2660 2711 2851 2765 deinde
2887 2713 3029 2779 quod
3069 2726 3188 2764 cum
3218 2728 3275 2765 se
3312 2716 3423 2781 ipse
3453 2718 3504 2768 in

1954 2808 2235 2863 electionis
2268 2806 2553 2860 tumultum
2588 2806 2929 2874 interponere
2981 2818 3086 2857 non
3138 2805 3379 2871 auderet,
3418 2821 3513 2876 per

1952 2901 2287 2970 Gregorium,
2324 2914 2555 2966 quocum
2600 2905 2717 2951 erat
2768 2908 2874 2950 tam
2916 2908 3065 2951 arcta
3111 2900 3348 2954 amicitia
3384 2915 3513 2955 con-

1944 2991 2187 3057 junctus,
2216 3003 2277 3043 ea
2313 2989 2568 3042 decenter
2598 2987 2683 3058 agi
2729 2999 2886 3056 posse
2928 2987 3199 3051 crederet,
3232 3004 3349 3056 quia
3393 2991 3508 3058 ipse

1953 3098 2048 3151 per
2082 3096 2140 3137 se
2178 3081 2378 3151 egisset
2413 3081 2667 3134 indecore
2693 3096 2706 3132 :
2734 3080 2966 3148 denique
3001 3080 3141 3147 quod
3175 3080 3293 3150 pios
3339 3082 3509 3133 homi-

348 3171 554 3226 IIat-um
590 3169 827 3239 quinque
877 3169 1225 3236 epistolarnnt
1268 3165 1440 3234 prima
1494 3164 1559 3218 ad
1611 3166 1845 3220 anacho-

1960 3192 2055 3232 nes
2086 3175 2206 3244 plus
2237 3187 2391 3242 posse
2423 3175 2474 3226 in
2510 3171 2771 3241 ejusmodi
2815 3171 3169 3227 electionibns
3211 3174 3518 3227 existimas-

279 3272 451 3319 retam
491 3262 782 3330 quemdam
836 3261 889 3311 itt
941 3256 1248 3321 I’ata-stina,
1284 3254 1568 3311 Cltilonem
1598 3258 1836 3327 nomine,

280 3357 483 3425 scripta
510 3365 613 3420 est,
647 3352 737 3420 qui
775 3365 834 3404 se
879 3350 950 3401 ita
986 3349 1038 3401 in
1071 3347 1419 3402 solitudinem
1452 3350 1755 3412 abdiderat.
1790 3362 1848 3405 ut

284 3460 353 3499 ne
388 3445 561 3498 sacris
589 3442 805 3509 quidem
839 3440 1197 3494 conventibus
1230 3439 1538 3493 interesset.
1570 3440 1684 3494 Iloc
1710 3457 1848 3510 prte-

280 3539 443 3604 cipue
495 3533 647 3586 illum
692 3533 883 3586 edocet
925 3542 1115 3584 auctor
1153 3530 1418 3599 epistol-.e,
1452 3532 1725 3599 quomodo
1765 3530 1845 3584 fa-

280 3628 503 3685 stidiunt
545 3624 852 3679 solitudinis
890 3623 1201 3684 vitandum,
1254 3632 1342 3687 et,
1379 3622 1422 3675 si
1454 3636 1572 3689 qua:
1621 3622 1849 3675 subeant

281 3718 645 3788 cegitationes
696 3716 797 3767 sub
853 3713 1030 3780 specie
1079 3712 1313 3764 obeundi
1364 3725 1547 3766 sacras
1592 3726 1844 3783 synaxes,

278 3808 551 3877 quomodo
593 3801 914 3871 repellendae
951 3801 1082 3854 sint.
1119 3799 1379 3870 Sequitur
1408 3801 1728 3856 brevissima
1780 3805 1847 3857 ad

273 3901 520 3970 juniores
561 3894 875 3949 admonitio.
904 3892 1075 3962 Epist.
1109 3893 1178 3947 44
1233 3893 1431 3963 scripta
1484 3904 1566 3948 est
1603 3896 1668 3947 ad
1720 3910 1838 3949 mo-

279 3990 515 4045 nacbum
559 3988 867 4057 quemdam,
905 3987 995 4056 qui
1028 4002 1095 4039 ex
1125 4001 1335 4040 summo
1369 3986 1590 4055 pietatis
1634 3985 1844 4040 fervore

285 4082 339 4137 in
376 4096 571 4150 magna
621 4078 849 4134 crimina
899 4077 1078 4144 lapsus
1130 4076 1327 4139 fuerat,
1383 4083 1439 4127 et
1488 4076 1840 4140 pecuniarum

281 4184 469 4239 raptor
500 4179 771 4223 evaserat.
806 4166 1053 4233 Sequens
1084 4164 1149 4217 ad
1183 4163 1344 4215 alium
1378 4163 1722 4226 monachum,
1755 4164 1846 4234 qui

277 4262 476 4331 amplis
521 4259 715 4326 Opibus
780 4258 983 4312 relictis
1024 4257 1126 4310 lioc
1188 4254 1496 4309 institutum
1567 4256 1846 4325 amplexus

282 4356 479 4415 luerat,
514 4349 607 4403 sed
652 4361 838 4417 postea
878 4346 1206 4401 adulterium
1240 4344 1596 4399 commiserat
1621 4356 1677 4399 et
1707 4360 1843 4399 non-

281 4447 455 4499 nullos
488 4441 815 4497 horrendum
846 4441 1121 4509 quidpiam
1146 4441 1336 4506 jurare
1372 4446 1643 4505 coegerat.
1681 4439 1845 4491 Sinti-

1952 3277 2053 3333 set,
2089 3282 2249 3336 quam
2286 3274 2534 3335 potentes
2582 3273 2636 3318 et
2685 3264 2823 3331 apud
2864 3263 3049 3331 vulgus
3098 3264 3379 3332 gratiosos.
3420 3265 3514 3319 llis

1951 3362 2015 3412 de
2039 3359 2215 3412 causis
2241 3355 2533 3424 Gregorius
2559 3370 2679 3408 cum
2727 3354 2841 3423 ipse
2871 3354 3139 3421 proticisci
3172 3354 3361 3418 noluit,
3402 3366 3516 3409 tum

1952 3449 2151 3501 Basilio
2184 3458 2373 3501 auctor
2408 3454 2512 3511 est,
2543 3455 2600 3499 ut
2641 3446 2887 3515 prudenti
2928 3461 3142 3500 secessu
3177 3446 3436 3501 tumultus
3464 3460 3519 3503 ιιι

1952 3556 2142 3611 pravas
2180 3542 2515 3612 suspiciones
2548 3541 2739 3609 fugiat.
2774 3539 3077 3592 Verisimile
3120 3550 3204 3593 est
3251 3541 3506 3596 Basilimn

1952 3636 2106 3691 amici
2140 3635 2366 3689 consilio
2404 3635 2672 3704 paruisse,
2700 3648 2762 3687 ac
2796 3633 3034 3687 latebras
3068 3633 3349 3702 quiesiisse
3385 3634 3509 3688 dttm

1949 3729 2142 3782 electio
2176 3736 2543 3798 perageretur.
2569 3725 2672 3781 Sed
2709 3725 2980 3779 immerito
3005 3724 3270 3781 Baronius
3297 3728 3365 3796 (ε)
3391 3740 3511 3793 post

1949 3822 2118 3875 Etiam
2151 3821 2464 3875 Cretensem
2497 3820 2562 3872 ad
2599 3817 2855 3872 Basilium
2906 3816 3075 3872 refert
3118 3818 3365 3890 Gregorii
3412 3819 3517 3873 Nu-

1950 3910 2197 3965 zianzeni
2252 3910 2413 3963 verba
2467 3908 2544 3979 (ά)
2608 3908 2673 3963 de
2736 3916 3015 3977 pastorum
3062 3910 3513 3979 prmstantissimu

1949 4005 2107 4060 ovilis
2139 4018 2325 4058 curam
2360 4003 2533 4055 adlmc
2565 4002 2927 4065 detrectante,
2964 4015 3027 4056 ac
3052 4001 3211 4071 paulo
3245 4012 3365 4070 post
3393 4017 3514 4055 sus-

1949 4108 2193 4166 cepturo.
2236 4094 2498 4163 Loquitur
2531 4094 2673 4147 enim
2722 4092 2809 4145 liic
2869 4092 2932 4145 de
2982 4089 3340 4147 Nazianzenis
3399 4109 3515 4147 mo‘

1952 4188 2164 4250 nacltis,
2190 4187 2328 4239 inter
2358 4201 2495 4254 quos
2522 4201 2679 4238 unum
2715 4183 2983 4253 praecipue
3014 4184 3215 4242 laudat.

2028 4278 2248 4335 \idetur
2281 4279 2512 4334 Basilius
2557 4278 2717 4345 paulo
2773 4286 3063 4346 antequam
3111 4276 3328 4332 Eusebii
3371 4277 3511 4334 oculi

1956 4372 2358 4435 clauderentur,
2419 4370 2486 4422 ad
2527 4367 2846 4438 Gregorium
2886 4367 3191 4437 scripsisse,
3235 4368 3319 4424 vel
3368 4380 3513 4423 certe

1952 4476 2238 4531 antequam
2286 4460 2479 4515 mortis
2523 4461 2739 4515 nuntius
2792 4460 3125 4515 Nazianzum
3182 4460 3507 4514 deferretur.

279 4536 344 4589 “5
390 4543 476 4589 e“
515 4529 814 4621 ³¹δ¹¹¹¹ἷθ¹¹¹ί
868 4531 1098 4621 ῗνί⁵¹⁰¹ί¹
1149 4530 1239 4595 ⁴⁶ν
1272 4537 1326 4583 ει
1377 4530 1442 4583 ad
1476 4527 1845 4621 Ι¹φ¹¹ξ¹⁶ῗ¹¹ιί³¹¹¹
1880 4540 1923 4595 D
1953 4527 2437 4621 Nam—Gregorius,
2477 4567 2601 4607 cum
2646 4567 2704 4606 se
2754 4552 2820 4603 ad
2859 4550 2960 4604 iter
2987 4553 3297 4620 accingeret
3331 4551 3512 4606 Basilii

280 4627 533 4681 hortatur
574 4618 841 4687 virginem
887 4614 1115 4682 lapsam,
1149 4630 1269 4685 quin
1312 4630 1434 4669 cum
1477 4613 1847 4684 virginitatem

278 4713 555 4776 violasset,
588 4720 713 4763 voto
741 4724 797 4762 se
828 4705 1148 4759 obstrictum
1184 4708 1436 4775 negabat,
1461 4705 1708 4774 quamvis
1735 4704 1847 4757 vir-

277 4808 555 4879 ginitatem
590 4819 774 4860 coram
802 4801 911 4856 Deo
940 4809 995 4855 et
1029 4800 1236 4869 angelis
1269 4810 1323 4854 et
1361 4798 1674 4852 hominibus
1715 4810 1840 4866 pro-

281 4902 421 4959 fessa
447 4908 620 4956 esset.

850 5002 1075 5063 CAPUT
1118 5000 1254 5055 XIII.

279 5102 321 5157 I.
352 5101 565 5157 Mortuo
607 5097 833 5155 Eusebio
865 5099 1039 5150 minus
1073 5104 1221 5148 caute
1248 5091 1482 5146 Basilius
1526 5105 1844 5157 successor"

348 5155 588 5227 eiectioni
618 5169 869 5239 providet.
896 5168 958 5220 II.
992 5166 1110 5236 Ipse
1152 5164 1383 5239 Basilius
1412 5155 1845 5239 itii-iusqueGre-

349 5226 485 5311 gorii
512 5251 559 5293 et
596 5226 802 5311 Eusebii
833 5226 1161 5311 Samosateni
1185 5250 1341 5300 opera
1374 5226 1607 5311 eligitur.
1629 5230 1719 5282 Ill.
1744 5226 1845 5311 in-

350 5300 615 5366 t'ercedunt
652 5310 827 5376 plures
856 5309 1079 5373 episcopi
1106 5316 1151 5359 et
1178 5316 1297 5356 ante
1320 5305 1697 5376 ordinationem
1728 5300 1845 5351 dis-

349 5385 558 5436 cedunt.
586 5373 671 5433 ιγ’.
711 5378 826 5443 Quo
852 5393 987 5429 anno
1008 5380 1118 5429 lucc
1143 5383 1353 5444 peracta
1377 5373 1662 5426 ordinatio.

350 5498 387 5553 l.
423 5497 685 5553 Eusebius
739 5492 1092 5548 Czesariensis
1141 5490 1428 5559 episcopus
1483 5487 1720 5539 animam
1791 5484 1841 5536 in

282 5584 459 5639 Basilii
496 5582 745 5636 manibus
788 5594 931 5632 anno
968 5576 1175 5644 370((1)
1221 5576 1416 5629 leniter
1456 5572 1754 5633 exhalavit,
1789 5579 1841 5622 et

350 5743 425 5807 (α)
453 5740 584 5807 Nat.
614 5754 743 5807 pag.
770 5738 875 5807 510
898 5745 950 5789 ct
982 5734 1106 5787 542.

354 5744 401 5807 (a
453 5743 584 5793 Nat.
614 5754 737 5804 pag.
770 5743 803 5787 3

354 5743 425 5881 (0;
450 5806 580 5861 Nat.
610 5822 695 5873 ep.
721 5805 811 5856 2|.

1954 4644 2215 4701 invisendi
2242 4655 2426 4710 causa,
2462 4646 2630 4699 sensit
2662 4643 2947 4713 episcopos
2975 4645 3040 4698 ad
3071 4646 3257 4699 urbem
3281 4659 3513 4699 concur-

1956 4754 2094 4801 rere,
2133 4751 2297 4808 seque
2333 4738 2597 4793 intellexit
2629 4751 2658 4791 a
2703 4738 2902 4793 Basilio
2950 4753 3057 4793 non
3094 4747 3201 4791 tam
3236 4740 3301 4792 ad
3336 4740 3507 4792 morbi

1953 4831 2225 4894 solatium,
2263 4845 2423 4900 quam
2481 4828 2548 4882 ad
2592 4844 2811 4899 operam
2856 4830 2906 4881 in
2962 4828 3200 4898 episcopi
3253 4829 3515 4883 electione

1954 4922 2270 4978 tradendam
2306 4922 2470 4976 allici.
2512 4921 2774 4994 Cognovit
2812 4935 2939 4989 ergo
2978 4935 3042 4975 ex
3093 4921 3196 4976 hoc
3237 4921 3514 4990 epiSCOpO-I

1951 5029 2070 5071 rum
2116 5028 2378 5069 concursu
2421 5024 2691 5069 mortuum
2741 5026 2860 5067 esse
2915 5010 3202 5066 Eusebium
3230 5027 3244 5063 :
3275 5024 3378 5068 nec
3418 5014 3512 5066 du-

1951 5108 2092 5163 bium
2133 5117 2217 5162 est
2259 5108 2413 5177 quin,
2450 5107 2495 5160 si
2539 5107 2743 5160 certior
2777 5103 2840 5158 de
2868 5104 2969 5157 bac
3004 5112 3175 5157 morte
3204 5100 3381 5157 factus
3408 5112 3511 5156 an-

1952 5210 2032 5253 tea
2080 5198 2289 5265 fuisset,
2336 5198 2521 5252 statim
2552 5206 2606 5250 et
2650 5196 2831 5250 Basilii
2877 5195 3163 5250 consilium
3213 5204 3269 5250 et
3313 5209 3509 5250 conse-

1950 5292 2165 5359 quentia
2196 5306 2262 5345 ex
2295 5292 2395 5346 lioc
2424 5290 2654 5345 consilio
2684 5289 3022 5343 incommoda
3051 5288 3293 5342 vidisset.

2020 5382 2135 5438 Non
2177 5386 2401 5439 deerunt
2436 5384 2664 5437 fortasse
2706 5381 2797 5448 qui
2850 5380 3112 5432 mirentur
3146 5379 3228 5432 vel
3272 5378 3503 5431 libenter

1952 5490 2055 5529 non
2089 5475 2312 5528 credant
2343 5474 2621 5541 episcopos
2650 5469 2998 5538 Cappadociae
3038 5468 3218 5520 statim
3249 5474 3366 5532 post
3398 5464 3505 5517 Eu-

1954 5568 2084 5620 sebii
2109 5575 2360 5627 mortem,
2389 5572 2675 5617 anteanam
2706 5559 2901 5614 litteris
2930 5558 3056 5611 cleri
3087 5557 3497 5616 advocarentur,

2012 5724 2082 5788 (ε)
2108 5722 2205 5771 An.
2239 5720 2360 5771 sco.

2014 5794 2088 5859 ψ)
2119 5788 2191 5842 Or
2252 5789 2330 5839 I2.
