4006 6482
484 427 567 468 Lt’t
1815 413 2346 468 PROLEGOMENA.

485 536 782 589 Caesaream
821 531 1121 585 advolasse.
1143 530 1248 584 Sed
1287 540 1463 586 tamen
1499 533 1635 586 nihil
1668 533 1917 589 videntur
1942 537 2042 591 hac
2073 543 2112 597 Α
2147 538 2307 590 Deum
2349 543 2614 605 precetur,
2657 535 2811 603 eique
2865 535 3081 602 quinam
3149 533 3320 601 magis
3363 533 3539 589 idonei
3587 535 3716 600 sint,

483 630 535 682 in
569 643 626 680 re
666 633 857 695 praeter
899 639 1101 678 morem
1143 624 1493 694 Cappadocia:
1544 626 1760 681 fecisse.
1797 627 1936 682 idem
1968 629 2043 681 fe-

484 726 674 771 cemnt
707 731 848 770 anno
886 715 1012 780 575,
1051 728 1172 767 cum
1209 714 1378 768 falsus
1430 717 1494 769 de
1537 715 1717 770 Basilii
1751 728 1919 771 morte
1955 735 2044 771 ru-

486 823 603 861 mor
633 807 823 859 allatus
868 815 1034 868 esset,
1063 815 1121 856 ut
1153 805 1514 873 perspicimus
1555 821 1621 860 ex
1659 809 1882 876 epistola
1918 810 2039 874 Hi,

487 910 539 945 n.
570 893 624 946 2.
663 892 832 945 Nemo
862 906 992 946 sane
1033 892 1232 946 dixerit
1263 903 1391 948 tunc
1425 909 1517 949 eos
1554 895 1752 953 litteris
1777 897 1902 952 cieri
1936 915 2045 954 vo—

483 996 633 1039 catos
667 985 854 1040 fuisse.

549 1078 658 1132 Cur
685 1078 822 1131 idem
857 1087 1070 1131 mortuo
1086 1078 1317 1132 Eusebio
1346 1081 1564 1134 credam
1601 1081 1876 1146 evenisse,
1901 1097 2042 1151 prm-

484 1179 566 1224 ter
601 1170 963 1224 testimonium
990 1169 1237 1240 Gregorii
1264 1170 1611 1237 Nazianzeni,
1642 1188 1749 1241 quo
1772 1173 1882 1242 jam
1915 1190 2044 1229 usus

483 1277 623 1325 sum,
659 1260 798 1315 aliud
843 1262 1070 1314 rationis
1115 1273 1440 1316 momentum
1477 1266 1820 1334 suppeditant
1851 1263 2043 1319 littera:

482 1353 726 1424 Gregorii
778 1352 1010 1421 episcopi
1055 1353 1120 1405 ad
1169 1353 1382 1408 eosdem
1436 1356 1740 1423 episcopos.
1779 1355 1843 1409 lli
1901 1357 2041 1410 enim

485 1444 803 1514 Gregorium
839 1444 1138 1498 Caesaream
1178 1446 1506 1499 advocarunt
1539 1446 1637 1516 (α),
1664 1447 1755 1500 sed
1789 1458 1890 1500 tam
1922 1464 2041 1517 per-

483 1537 772 1599 functorie,
813 1544 872 1588 ut
916 1550 1014 1588 nec
1052 1535 1239 1589 adesse
1273 1536 1418 1589 illum
1473 1547 1723 1606 oportere
1767 1539 2040 1606 signiﬁca-

482 1635 621 1686 rent,
658 1641 754 1678 nec.
793 1641 896 1693 qua
933 1627 996 1679 de
1036 1641 1112 1691 re,
1159 1637 1250 1680 aut
1305 1642 1415 1696 quo
1457 1636 1720 1695 tempore.
1766 1628 2041 1683 Permole-

481 1729 620 1772 stum
666 1719 715 1770 id
767 1718 865 1770 fuit
907 1718 1107 1785 optimo
1150 1719 1311 1771 seni:
1356 1728 1408 1770 at
1453 1718 1696 1786 profecto
1756 1720 2039 1774 molestum

479 1825 598 1864 esse
647 1825 754 1862 non
808 1809 1103 1874 debuisset,
1129 1808 1171 1860 si
1215 1807 1325 1874 jam
1383 1809 1766 1875 illum,itidem
1820 1820 1876 1865 ut
1910 1812 2044 1864 alios

480 1902 783 1970 episcopos.
833 1900 897 1952 de
940 1914 1087 1952 more
1137 1898 1315 1954 clerus
1363 1900 1667 1954 invitasset.
1715 1902 1865 1956 Tunc
1897 1904 2040 1956 enim
2076 1885 2118 1939 Β

484 2004 704 2044 necesse
741 2005 843 2044 non
898 1989 1107 2051 fuisset,
1139 1999 1196 2041 ut
1226 1989 1355 2043 cieri
1397 1989 1590 2043 litteris
1622 1991 1815 2043 addita:
1837 1992 2043 2059 episco-

481 2094 668 2150 porum
707 2081 897 2134 litterae
925 2078 1132 2147 singula
1165 2085 1419 2131 accurate
1451 2089 1933 2147 persequerentur.

549 2172 608 2226 ll.
633 2171 764 2226 Cum
818 2170 1137 2241 praevideret
1196 2171 1536 2225 venerandus
1580 2186 1768 2234 senex,
1809 2171 1860 2224 id
1894 2170 2038 2239 quod

483 2279 580 2317 nsu
612 2263 811 2327 evenit,
849 2263 995 2334 varia
1035 2262 1310 2316 hominum
1339 2261 1511 2315 Studia
1553 2262 1605 2315 in
1654 2263 1899 2332 eligendo
1931 2261 2041 2329 epi-

483 2369 644 2424 scopo
670 2354 870 2419 futura,
903 2354 1143 2407 declarat
1171 2353 1246 2423 (ιι)
1275 2353 1542 2420 episcopis
1569 2355 1834 2407 neminem
1864 2368 1921 2407 se
1949 2353 2043 2405 ha-

481 2449 629 2512 bere,
674 2460 828 2516 quem
887 2445 1090 2499 Basilio
1141 2443 1398 2513 praeferre
1452 2446 1647 2513 possit,
1680 2446 1797 2499 viro
1836 2457 1890 2500 et
1921 2446 2041 2500 vita:

476 2539 766 2592 sanctitate
796 2547 846 2591 et
875 2536 1135 2590 doctrinae
1166 2534 1473 2605 praestantia
1515 2535 1670 2605 longe
1717 2550 1877 2606 super
1907 2535 2041 2589 alios

476 2644 665 2683 omnes
704 2629 958 2682 eminenti
991 2645 1004 2679 :
1037 2643 1134 2681 nec
1186 2627 1329 2680 illius
1385 2627 1632 2695 corporis
1697 2628 2038 2681 debilitatem

478 2725 692 2774 obstare
747 2721 971 2784 debere;
1029 2735 1149 2773 cum
1232 2719 1519 2786 episcopus
1577 2727 1874 2785 qutcratur,
1928 2733 2038 2772 non

475 2813 704 2873 athleta,
737 2825 798 2865 ac
841 2819 1100 2878 praeterea
1152 2809 1245 2862 Dei
1289 2808 1459 2861 virtus
1516 2808 1569 2860 in
1601 2807 1864 2875 ejusmodi
1901 2806 2044 2860 inﬁr-

475 2904 665 2956 mitate
692 2901 920 2955 eluceat.
950 2899 1226 2954 Promittit
1252 2913 1310 2953 se
1342 2898 1673 2962 adfuturum,
1709 2899 1752 2951 si
1791 2899 1890 2952 hoc
1926 2898 2039 2950 suf-

477 2992 707 3062 fragium
737 2991 1020 3057 recipiant,
1055 3007 1118 3044 ac
1151 3006 1368 3058 operam
1409 2992 1487 3045 eis
1510 2991 1760 3044 daturum
1801 2989 1881 3044 vel
1930 2993 2040 3058 spi-

478 3085 587 3138 ritu
622 3083 706 3136 vel
737 3096 965 3151 corpore
1001 3096 1013 3131 :
1045 3082 1127 3134 sin
1180 3093 1358 3134 autem
1415 3082 1580 3134 certis
1637 3082 2037 3134 conditionibus

480 3179 563 3230 via
596 3173 926 3243 capessenda
963 3172 1054 3236 sit,
1097 3186 1161 3224 ac
1209 3169 1472 3224 factiones
1503 3180 1689 3222 contra
1727 3174 2033 3236 aequitatem

473 3265 807 3329 conllentur,
851 3263 1158 3331 gavisurum
1204 3277 1262 3315 se
1295 3261 1435 3329 quod
1478 3259 1644 3312 fuerit
1676 3268 2037 3327 contemptus.

545 3355 849 3410 Honorilice
888 3355 1149 3409 invitatus
1175 3353 1242 3406 ab
1281 3352 1518 3407 Ecclesia
1546 3350 1865 3406 Cacsarieusi
1914 3349 2041 3405 Gre-

474 3447 658 3519 gorius
707 3445 777 3516 (c)
812 3445 1148 3500 demonstrat
1203 3443 1665 3508 Caesariensibus,
1719 3446 1904 3512 quanti
1969 3445 2042 3499 sit

475 3542 732 3596 momenti
761 3540 950 3593 electio
972 3539 1229 3607 episcopi,
1258 3551 1379 3590 cum
1409 3535 1459 3588 in
1484 3535 1732 3587 omnibus
1765 3535 2039 3603 Ecclesiis,

475 3645 584 3688 tum
632 3633 866 3686 maxime
918 3631 970 3683 in
1021 3627 1337 3684 Caesariensi
1400 3627 1625 3681 aliarum
1675 3625 2039 3681 Ecclesiarum

472 3737 666 3781 matre.
705 3725 983 3779 Summum
1013 3721 1282 3792 significat
1311 3721 1557 3775 veniendi
1602 3721 1664 3773 ad
1690 3736 1784 3775 eos
1822 3719 2038 3773 deside-

472 3819 636 3879 rium,
673 3817 714 3870 si
743 3831 839 3885 per
872 3816 1115 3869 morbum
1145 3823 1199 3868 et
1232 3814 1438 3868 senium
1472 3812 1669 3877 liceat;
1707 3812 1796 3866 sed
1827 3813 2042 3865 interim

472 3909 718 3965 declarat
750 3923 811 3962 ex
839 3909 972 3961 viris
998 3908 1301 3976 principatu
1329 3908 1524 3978 dignis,
1557 3922 1692 3977 quos
1716 3908 1767 3960 in
1798 3905 2041 3960 Ecclesia

473 4001 787 4059 Caesariensi
844 4000 1024 4070 plures
1075 4014 1197 4053 esse
1254 4014 1358 4052 non
1423 4000 1713 4062 inficiatur,
1773 3999 2038 4052 nominem

474 4091 673 4148 Basilio
704 4092 942 4161 prmferri
973 4092 1206 4152 debere;
1236 4103 1466 4157 eumque
1514 4103 1695 4142 coram
1745 4088 1853 4142 Deo
1906 4097 2042 4140 teste

477 4193 748 4239 asseverat
774 4192 826 4237 et
857 4183 976 4234 vita:
1005 4193 1056 4233 et
1090 4183 1349 4236 doctrina:
1394 4183 1686 4236 sanctitate
1720 4179 1801 4233 vel
1843 4179 2038 4241 solum,

474 4275 554 4327 vel
578 4275 814 4328 omnium
849 4273 1083 4328 maxime
1115 4285 1295 4343 aptum
1337 4274 1597 4342 esse,.qui
1628 4273 1924 4328 Ecclesiam
1960 4271 2042 4322 his

474 4366 869 4421 moleSIissimis
895 4366 1223 4434 temporibus
1246 4366 1526 4434 gubernet.
1557 4367 1730 4433 Atque
1765 4367 1876 4418 inec
1903 4363 2042 4416 scri-

473 4462 552 4514 bit
577 4462 721 4515 clero
757 4467 813 4513 et
843 4459 1142 4522 monachis,
1170 4469 1224 4511 ct
1255 4458 1527 4512 honoratis
1554 4473 1616 4511 ac
1648 4457 1809 4511 curiae
1836 4439 1902 4509 et
1922 4455 2042 4509 uni-

2140 629 2487 697 judicandnm
2539 629 2823 697 relinquat.
2860 627 2972 682 Non
3020 627 3175 682 modo
3214 628 3316 682 sibi
3346 628 3556 683 videtur
3581 629 3719 684 Gre-

2145 721 2324 788 gorius
2371 720 2468 772 hac
2502 719 2615 786 lege
2652 733 2750 771 non
2804 719 3089 786 obstringi,
3127 718 3218 772 sed
3259 717 3421 772 etiam
3464 717 3716 772 Ecclesia:

2145 811 2459 866 Catsariensi
2491 827 2554 865 ac
2582 810 2847 880 episcopis
2878 812 3069 863 minari
3119 826 3220 864 non
3257 809 3488 873 dubitat,
3517 824 3576 863 se
3609 826 3713 862 non

2145 901 2474 966 adfuturum,
2510 916 2610 954 nec
2641 903 2952 970 participem
2977 916 3162 954 eorum
3189 899 3398 954 consilii
3437 898 3708 961 futurum,

2145 993 2188 1046 si
2219 1007 2310 1044 sua
2348 1007 2454 1047 non
2487 991 2665 1044 vincat
2711 992 2998 1055 sententia,
3030 992 3073 1046 si
3109 1005 3267 1060 quem
3302 990 3464 1044 alium
3510 989 3708 1043 Basilio

2145 1084 2452 1153 prteferant.
2501 1085 2637 1140 Huic
2685 1092 2862 1138 autem
2915 1084 3102 1153 agendi
3158 1083 3353 1136 rationi
3404 1098 3509 1136 non
3555 1083 3713 1135 modo

2144 1175 2299 1228 venia
2343 1174 2582 1240 debetur,
2626 1175 2718 1230 sed
2764 1175 2922 1228 ctiam
2973 1176 3085 1228 laus
3133 1173 3386 1236 maxima,
3411 1174 3568 1242 eique
3599 1172 3713 1240 pal-

2145 1283 2288 1321 mam
2336 1267 2426 1319 dat
2472 1267 2762 1337 Gregorius
2813 1266 2952 1320 illius
2993 1267 3068 1334 (ά)
3113 1267 3254 1321 inter
3306 1274 3498 1319 caetera
3543 1264 3711 1333 patris

2146 1359 2404 1427 praclare
2439 1359 2595 1413 facta.
2632 1359 2764 1412 Nam
2802 1374 2919 1412 cum
2965 1359 3201 1411 omnium
3231 1359 3295 1413 de
3321 1356 3505 1411 Basilii
3537 1358 3709 1410 virtu-

2147 1451 2496 1519 tibusjudicia
2527 1452 2922 1516 consentirent,
2958 1464 3021 1502 ac
3063 1448 3178 1502 luce
3205 1449 3408 1504 clarius
3443 1459 3589 1503 esset
3619 1464 3714 1502 ne-

2146 1547 2343 1598 minem
2384 1544 2546 1597 alium
2579 1543 2694 1596 sine
2736 1558 2948 1597 summo
2996 1541 3170 1611 legum
3213 1541 3710 1596 ecclesiasticarum

2145 1642 2454 1703 contemptu
2497 1631 2619 1701 eligi
2661 1646 2851 1700 posse;
2901 1630 3197 1699 Gregorius
3250 1643 3314 1682 eo
3361 1638 3465 1682 tam
3510 1628 3712 1682 acriter

2145 1725 2476 1782 defendendo
2524 1739 2622 1779 nec
2661 1722 2782 1791 jura
2823 1737 2921 1777 nec
2967 1723 3268 1778 libertatem
3330 1720 3707 1788 suffragiorum

2151 1819 2470 1881 attentabat,
2498 1818 2591 1872 sed
2628 1814 2806 1884 potius
2840 1832 2870 1870 a
2896 1815 3223 1870 factionibus
3271 1822 3324 1868 et
3371 1813 3710 1882 praeposteris

2150 1911 2340 1964 studiis
2433 1910 2498 1963 ad
2580 1907 2964 1966 ecclesiaStica:
3036 1906 3284 1960 utilitatis
3333 1903 3710 1984 cogitationem

2149 2001 2385 2054 omnium
2411 2004 2617 2057 animos
2646 2001 2950 2057 revocabat.

2220 2091 2328 2144 Has
2358 2094 2520 2160 patris
2554 2093 2764 2147 litteras
2800 2093 2998 2146 indicat
3029 2089 3319 2156 Gregorius
3339 2091 3432 2157 κε’),
3452 2101 3572 2140 cum
3600 2085 3707 2140 ait:

2148 2183 2374 2236 Litteras
2405 2182 2679 2242 scribebat,
2704 2183 2964 2245 monebat,
2992 2181 3236 2250 papulum
3269 2179 3604 2243 conciliabat,
3629 2195 3712 2231 sa-

2148 2277 2398 2338 cerdotes,
2425 2290 2541 2326 cum
2568 2273 2722 2335 alios,
2765 2284 2871 2323 tum
2904 2289 2988 2324 eos
3031 2273 3116 2339 qui
3155 2271 3342 2323 altaris
3385 2279 3529 2334 sunt,
3571 2270 3715 2322 obte-

2147 2368 2405 2430 stabatur,
2443 2363 2766 2428 decernebat,
2798 2361 3071 2413 ordinabat
3112 2363 3268 2414 etiam
3317 2359 3523 2426 absens,
3564 2359 3712 2414 cani-

2148 2459 2233 2510 tiei
2268 2472 2376 2510 sua:
2409 2457 2505 2508 hoc
2540 2455 2739 2518 dabat,
2767 2463 2822 2505 ut
2859 2454 2996 2519 apud
3035 2452 3256 2515 alienos,
3290 2463 3538 2521 tanquam
3573 2450 3713 2518 apud

2148 2566 2268 2603 suos
2307 2547 2628 2602 auctoritate
2686 2553 2934 2598 uteretur.
2982 2542 3187 2608 Quibus
3219 2556 3282 2595 ex
3319 2544 3495 2598 verbis
3534 2542 3709 2611 eolligi

2148 2639 2319 2708 possit
2360 2651 2464 2690 non
2506 2636 2640 2689 duas
2683 2643 2887 2687 tantum
2935 2647 2963 2685 a
3007 2640 3195 2686 sancto
3227 2645 3376 2690 sene,
3406 2633 3497 2684 scd
3530 2632 3712 2698 plures

2149 2729 2282 2782 alias
2316 2727 2569 2780 Ecclesia:
2594 2723 2910 2780 Caesariensi
2938 2722 3170 2789 scriptas
3201 2719 3387 2774 fuisse.
3421 2721 3715 2774 Videbatur

2150 2821 2287 2873 hanc
2319 2820 2386 2870 ab
2419 2833 2483 2871 eo
2533 2817 2945 2870 sollicitudinem
2987 2829 3214 2885 poscere
3257 2811 3417 2879 hujus
3459 2810 3714 2866 Ecclesia:

2147 2919 2336 2963 status.
2370 2906 2501 2961 Erat
2526 2908 2665 2961 enim
2695 2921 2887 2975 magna
2917 2908 3222 2959 animorum
3251 2901 3535 2957 dissensio.
3563 2899 3715 2955 Basi-

2147 3004 2273 3057 lium
2305 3001 2554 3056 onmibus
2576 2998 2928 3069 prazferebant
2950 2997 3298 3051 selectissima
3343 3004 3395 3049 et
3423 2993 3713 3063 purissima

2146 3111 2267 3164 pars
2295 3093 2495 3163 pepuli,
2520 3093 2800 3145 universus
2819 3090 2996 3144 clerus
3013 3098 3066 3142 et
3097 3098 3290 3142 ascetaa
3320 3103 3332 3139 :
3367 3085 3460 3140 sed
3509 3083 3714 3138 invide-

2144 3187 2273 3239 bant
2310 3195 2365 3238 et
2393 3181 2769 3255 oppugnabant
2813 3181 3176 3249 magistratus,
3209 3191 3272 3231 ac
3306 3176 3501 3230 intima.-
3535 3173 3706 3243 plebis

2144 3271 2488 3340 perditissimi
2517 3270 2714 3338 quique
2743 3285 2859 3323 cum
2887 3266 3286 3337 magistratibus
3318 3265 3608 3334 conjuncti,
3637 3271 3713 3327 et,

2146 3362 2285 3430 quod
2337 3359 2571 3414 inimicis
2617 3358 2887 3425 religionis
2925 3356 3142 3423 iocandi
3191 3357 3476 3408 materiam
3522 3355 3710 3418 dabat,

2147 3454 2243 3522 ipsi
2285 3450 2446 3505 etiam
2479 3449 2734 3519 episcopi.

2213 3542 2346 3596 Erat
2392 3555 2524 3596 sane
2563 3541 2932 3603 metuendum,
2977 3550 3042 3590 ne
3070 3534 3276 3598 Ariani,
3312 3536 3402 3602 qui
3439 3550 3581 3590 anno
3607 3535 3714 3590 565

2147 3633 2398 3688 Ecclesia:
2429 3631 2746 3688 Ctesariensi
2792 3628 3016 3683 insidias
3049 3632 3382 3690 struxerant,
3423 3625 3716 3679 dissensio-

2147 3725 2304 3778 nibus
2333 3725 2666 3779 iaborantem
2714 3730 3036 3790 occuparent
3084 3728 3138 3774 et
3166 3723 3497 3772 everterent.
3533 3713 3714 3779 Quare

2144 3814 2436 3884 Gregorius
2474 3830 2594 3868 cum
2634 3817 2868 3868 nonduin
2912 3814 3099 3866 adesse
3121 3819 3323 3879 posset,
3368 3823 3430 3861 ac
3467 3807 3717 3873 praesidio

2145 3925 2251 3964 non
2278 3906 2538 3961 mediocri
2570 3914 2778 3972 tempus
2796 3916 2954 3968 egere
2981 3902 3303 3969 intelligeret
3329 3902 3397 3970 (ι’)
3421 3941 3435 3964 ,
3456 3906 3711 3968 magnum

2145 4016 2210 4056 ex
2247 3999 2469 4054 Oriente
2496 3995 2674 4049 iumen
2702 3995 2950 4057 accersit,
2983 3992 3040 4047 S.
3075 3991 3365 4046 Eusebium
3396 3994 3704 4046 Samosate-

2148 4107 2295 4157 num,
2341 4090 2523 4146 missis
2563 4104 2656 4156 per
2689 4086 3025 4140 Eustathium
3074 4085 3362 4138 diaconum
3412 4083 3625 4145 litteris,
3657 4084 3709 4136 in

2146 4182 2344 4250 quibus
2381 4182 2712 4234 demonstrat
2741 4187 2946 4246 quanto
2968 4185 3212 4231 versetur
3241 4174 3293 4228 in
3329 4172 3569 4242 periculo
3600 4170 3716 4224 Cae-

2146 4272 2402 4328 sariensis
2432 4271 2694 4333 Ecclesia,
2729 4280 2986 4338 mgatque
3027 4276 3084 4320 ut
3112 4267 3253 4321 illius
3282 4267 3463 4320 veniat
3488 4263 3711 4326 auxilio,

2145 4379 2207 4417 ac
2245 4363 2539 4417 exantlatis
2586 4377 2681 4428 pro
2725 4360 2967 4413 Ecclesia
3032 4358 3310 4411 laboribus
3359 4358 3505 4411 hunc
3549 4356 3713 4409 etiam

2145 4457 2380 4525 adjiciat.
2417 4453 2683 4506 Caeterum
2715 4452 2910 4505 habere
2948 4465 3005 4503 se
3034 4464 3143 4518 prae
3177 4451 3348 4504 oculis
3386 4450 3582 4510 virum,
3609 4445 3711 4513 ipsi

473 4565 642 4604 versa:
681 4551 844 4619 plebi.
879 4550 934 4604 Si
961 4550 1061 4604 sibi
1090 4548 1476 4614 assentiantur,
1507 4559 1667 4618 atque
1707 4551 1819 4603 haec
1854 4547 2040 4602 vicerit
2075 4556 2115 4610 1)
2149 4548 2379 4601 Eusebio
2418 4559 2519 4598 non
2564 4547 2801 4612 ignotum
2825 4584 2840 4609 ,
2875 4559 3024 4611 quem
3051 4544 3096 4596 si
3129 4544 3357 4596 obtinere
3415 4556 3710 4606 possumus,

472 4641 762 4704 sententia,
795 4641 1076 4711 pollicetur
1121 4655 1178 4694 se
1223 4639 1533 4694 adfuturum
1580 4642 1794 4709 spiritu,
1821 4641 2042 4709 jamque

472 4734 526 4786 in
564 4741 902 4784 antecessum
949 4745 1141 4784 manus
1196 4731 1514 4799 imponere:
1551 4732 1631 4784 sin
1685 4731 1829 4784 aliud
1877 4731 2037 4800 quid-

469 4826 612 4892 piam
653 4823 759 4877 illis
801 4821 1031 4890 placeat,
1077 4837 1139 4876 ac
1181 4822 1426 4876 sodalitia
1471 4832 1526 4876 et
1570 4823 1922 4890 cognationes
1959 4821 2038 4873 vi-

473 4925 653 4984 geant,
687 4922 781 4969 aut
839 4917 1140 4982 promiscua
1211 4915 1362 4966 turba
1416 4928 1603 4981 parum
1665 4913 1766 4965 ioci
1832 4913 2038 4980 legibus

469 5007 848 5062 ecclesiasticis
881 5006 1166 5074 relinquat,
1211 5004 1522 5072 participem
1581 5019 1637 5058 se
1679 5016 1862 5055 eorum
1907 5018 2036 5055 con-

472 5099 577 5154 silii
609 5112 712 5151 non
743 5097 1000 5151 futurum.

539 5190 656 5243 Non
724 5189 928 5256 putavit
981 5186 1274 5256 Gregorius
1328 5187 1723 5240 observandum
1770 5200 1888 5238 esse
1933 5185 2036 5237 hoc

470 5281 606 5341 loco,
637 5280 780 5347 quod
812 5276 1042 5330 Basilius
1074 5277 1256 5330 utilius
1303 5291 1365 5330 ac
1406 5277 1575 5330 satius
1625 5290 1743 5328 esse
1788 5277 1941 5328 docet
1979 5276 2032 5327 in

469 5371 628 5439 epist.
658 5368 784 5433 290,
819 5377 877 5421 ut
916 5369 1057 5423 dicto
1096 5368 1403 5422 testimonio
1437 5367 1617 5420 studia
1649 5366 1904 5428 vitentur,
1937 5378 2036 5418 nec

469 5463 753 5530 quisquam
791 5460 1102 5526 contendat,
1149 5469 1206 5514 ut
1250 5473 1344 5513 sua
1393 5459 1572 5514 vincat
1617 5460 1906 5524 sententia,
1944 5461 2036 5515 sed

538 5614 612 5682 (α)
643 5615 768 5668 Naz.
797 5631 881 5682 ep.
915 5615 1001 5670 23.

540 5683 609 5754 (bl
647 5684 775 5751 una.
832 5694 835 5696 ·

539 5758 608 5815 (t‘)
646 5754 735 5818 Ep.
770 5755 857 5807 ‘2‘).

543 5826 618 5889 (di
649 5826 742 5877 Ur.
772 5826 855 5879 i9.

2143 4638 2348 4706 inquit,
2399 4636 2504 4688 scio
2551 4636 2898 4704 acquisituros
2937 4651 3028 4687 nos
3075 4650 3316 4701 magnam
3368 4634 3508 4698 apud
3548 4632 3713 4685 Deum

2140 4731 2422 4797 ﬁduciam,
2479 4737 2632 4798 atque
2678 4731 2734 4780 in
2794 4729 3073 4796 populum,
3129 4726 3217 4793 qui
3267 4740 3358 4776 nos
3404 4725 3710 4778 advocavit.

2140 4821 2444 4886 beneﬁcium
2479 4822 2769 4875 maximum
2811 4819 3114 4871 collaturus.
3146 4817 3406 4870 llortatur
3448 4827 3507 4868 ut
3537 4817 3712 4884 ruptis

2139 4913 2386 4965 onn'iibus
2420 4913 2584 4966 moris
2621 4913 2962 4964 incommoda
2996 4911 3187 4964 hiemis
3206 4916 3530 4962 antevertat.
3559 4907 3710 4960 lianc

2141 5002 2444 5066 epistolam,
2496 5018 2614 5072 qua
2665 5003 2802 5055 inter
2870 5001 3169 5056 Basilianas
3215 5000 3499 5068 reperitur,
3553 5011 3712 5050 nemo

2136 5093 2244 5160 jam
2282 5093 2394 5148 fere
2422 5104 2525 5161 est,
2557 5093 2649 5164 qui
2689 5092 2949 5164 Gregorio
2980 5093 3362 5147 restituendam
3397 5105 3499 5142 non
3542 5087 3713 5140 fatea-

2143 5194 2248 5238 lttr.

2214 5279 2463 5332 Accurrit
2497 5288 2716 5332 sanctus
2749 5289 2951 5347 martyr
2981 5279 3032 5330 in
3078 5277 3508 5346 Cappadociam;
3549 5276 3710 5342 idque

2143 5381 2293 5422 certo
2323 5370 2523 5424 scimus
2559 5386 2623 5423 ex
2666 5371 2894 5441 epistola
2925 5369 2993 5423 48
3023 5369 3230 5434 Basilii,
3273 5377 3326 5422 et
3356 5384 3422 5423 ex
3469 5369 3710 5422 testimo-

2147 5461 2235 5511 nio
2265 5457 2509 5529 Gregorii
2545 5460 2643 5530 (g),
2683 5462 2771 5531 qui
2807 5460 3067 5532 Spiritum
3110 5469 3353 5514 sanctum
3396 5459 3462 5514 ab
3507 5459 3708 5516 exteris

2222 5612 2290 5681 (e)
2328 5614 2462 5668 Ibid.

2226 5685 2290 5755 (Ῑ)
2321 5684 2478 5737 Β.ιδὶ1.
2508 5700 2591 5755 ep.
2630 5687 2715 5741 47.

2223 5753 2295 5824 (g)
2329 5755 2420 5810 0r.
2454 5756 2540 5812 ‘20.
