4006 6462
1647 367 1813 424 VITA
1853 364 1910 418 S.
1955 363 2036 418 BA
2047 362 2216 418 SILII.

3451 372 3558 412 LVII

303 499 622 571 regioiiibus
649 494 796 550 viros
821 494 1023 565 pietate
1054 492 1233 549 claros
1265 503 1320 551 et
1343 493 1460 549 zelo
1482 491 1774 564 ﬂagrantes
1812 489 1878 544 ad
1908 491 1954 547 Α
1989 489 2280 549 conflasse,
2328 486 2422 539 sed
2475 491 2586 552 1am
2633 493 2793 540 antea
2846 482 3134 538 conflatum
3182 479 3555 536 conﬁrmasse.

298 592 611 664 ungendum
641 588 894 646 Basilium
921 589 1190 644 excitasse
1223 597 1472 644 testatur.
1506 585 1622 644 Non
1656 588 1875 644 dubium

289 697 376 742 est
402 683 534 753 quin
569 684 703 738 tanti
735 683 857 738 ﬁdei
891 681 1193 738 defensoris
1232 682 1517 753 praesentia
1549 683 1722 737 lucem
1756 680 1874 735 red-

293 776 492 830 diderit
521 775 776 832 Ecclesiae
802 774 1146 842 Caesariensi,
1175 786 1231 831 et
1274 774 1474 829 multos
1509 790 1574 829 ex
1613 777 1785 840 curia,
1816 790 1877 829 ac

294 868 437 921 forte
471 868 635 922 etiam
668 882 734 921 ex
767 866 897 934 ipsis
937 867 1203 936 episcopis
1247 867 1312 920 ad
1347 869 1616 921 saniorem
1651 877 1875 922 senten-

293 957 425 1012 tiam
469 959 773 1016 adduxerit.
817 957 949 1012 Nam
993 971 1220 1015 testatur
1271 959 1564 1030 Gregorius
1591 961 1667 1033 (a)
1702 961 1875 1030 Spiri-

294 1058 408 1102 tum
448 1061 697 1107 sanctum
741 1050 953 1105 abunde
982 1054 1196 1107 vicisse.
1227 1049 1333 1106 Sed
1365 1061 1543 1111 tamen
1579 1056 1722 1109 illius
1759 1068 1869 1108 mo-

291 1139 421 1196 nitis
477 1149 532 1196 et
590 1139 892 1198 hortatibus
944 1142 1124 1213 plures
1189 1142 1422 1214 episcopi
1479 1161 1582 1200 non
1625 1147 1874 1203 videntur

298 1234 557 1286 cessisse.
599 1229 734 1287 Nam
786 1250 906 1290 cum
942 1250 1128 1289 eorum
1163 1251 1408 1302 numero,
1439 1239 1870 1308 qui'episcopum

294 1324 682 1390 proclamaturi
737 1334 914 1388 erant,
978 1341 1116 1378 unus
1176 1327 1390 1382 deesset
1446 1330 1511 1382 ad
1548 1331 1868 1385 canonicam

287 1407 607 1464 eiectionem
632 1452 648 1478 ,
681 1411 938 1465 Nazianzi
980 1415 1263 1482 episcopus
1300 1418 1373 1488 (ti)
1424 1434 1529 1471 non
1576 1420 1748 1473 solum
1781 1438 1866 1475 se-

288 1509 522 1567 nectute,
546 1505 638 1558 sed
665 1503 826 1556 etiam
853 1503 1039 1559 morbo
1064 1506 1285 1573 fractus,
1313 1511 1657 1578 animamque
1678 1525 1865 1582 agens,

291 1585 397 1640 iter
429 1591 647 1660 aggredi
698 1604 804 1643 non
839 1591 1125 1663 dubitavit,
1158 1608 1219 1651 ut
1265 1598 1474 1652 calculo
1517 1614 1615 1654 suo
1643 1601 1865 1658 electio-

289 1694 410 1733 nem
463 1685 702 1750 juvaret.
740 1682 956 1756 Colligit
1011 1686 1387 1744 Tillemontius
1437 1704 1498 1744 ex
1561 1692 1644 1748 his
1686 1697 1866 1752 verbis

285 1773 531 1842 Gregorii
564 1780 871 1832 necessaria
896 1779 1061 1834 fuisse
1091 1783 1156 1835 ad
1187 1783 1512 1839 canonicam
1537 1787 1859 1844 electionem

1989 581 2106 636 Non
2140 595 2270 651 ergo
2315 576 2673 633 interfuerant
2698 575 3047 639 ordinationi,
3082 591 3181 632 nec
3215 574 3413 630 Basilio
3444 591 3526 630 ma

1985 688 2086 727 nus
2126 673 2517 743 imposuerant,
2556 683 2654 722 nec
2715 687 2836 724 cum
2888 683 2954 724 eo
3002 669 3551 724 communicaverant.

1984 764 2203 816 Pondus
2231 763 2381 817 addit
2434 760 2563 814 huic
2599 763 2879 815 sententia:
2910 774 3099 816 eorum
3133 758 3377 814 Cmsarea
3428 769 3555 812 ante

1980 854 2269 908 Eusebium
2319 852 2602 908 discessio.
2633 850 2744 906 Cur
2799 854 2940 905 enim
2993 851 3274 914 Eusebius,
3304 852 3387 905 cui
3445 849 3557 906 lon-

1980 963 2104 1019 gum
2143 948 2247 1000 itcr
2276 947 2644 1017 peragendum
2685 953 2821 1008 erat,
2853 947 3029 1000 aerius
3051 954 3230 999 tamen
3275 957 3434 1010 quam
3461 941 3550 997 isti

1978 1039 2250 1101 discessit,
2297 1040 2394 1092 nisi
2457 1040 2583 1109 quia
2649 1053 2771 1092 sese
2826 1047 3208 1106 proruperunt,
3259 1035 3439 1089 statim
3488 1052 3553 1088 ac

1976 1134 2148 1186 victos
2172 1147 2228 1185 se
2255 1147 2375 1184 esse
2403 1132 2693 1186 viderunt?
2728 1130 2856 1184 Illud
2885 1130 3048 1183 etiam
3075 1139 3396 1202 argumento
3443 1138 3550 1192 est,

1979 1223 2183 1290 insigne
2225 1220 2426 1290 aliquid
2476 1221 2572 1274 hos
2623 1222 2908 1289 episcopos
2958 1218 3172 1283 fecisse,
3199 1222 3341 1290 quod
3394 1220 3553 1289 hujus

1976 1316 2333 1370 dissensionis
2376 1326 2500 1368 totae
2535 1316 2784 1371 civitates
2816 1328 2869 1369 et
2901 1314 3085 1385 populi
3115 1318 3404 1386 participes
3432 1313 3550 1371 fue—

1977 1418 2119 1470 runt,
2151 1407 2373 1480 ejusque
2408 1405 2548 1458 fama
2587 1407 2651 1459 ad
2687 1419 2921 1462 remotas
2949 1407 3255 1477 provincias
3285 1408 3548 1476 pervenit,

1974 1513 2027 1552 nt.
2061 1510 2242 1568 postea
2284 1499 2610 1570 videbimus.
2647 1497 2758 1550 Non
2791 1515 2923 1568 opus
2953 1509 3038 1554 est
3090 1499 3274 1553 verbis
3303 1500 3550 1556 refellere

1972 1591 2187 1645 Baconii
2249 1589 2317 1660 (e)
2391 1590 2750 1651 sententiam,
2817 1592 2906 1656 qui
2963 1581 3150 1645 Basilii
3209 1588 3549 1646 adversarios

1969 1686 2138 1741 fuisse
2162 1685 2461 1745 existimat,
2496 1699 2599 1735 non
2636 1697 2730 1734 eos
2779 1697 2918 1750 quos
2961 1683 3195 1736 diximus
3241 1683 3544 1752 episcopos,

1967 1783 2058 1830 sed
2099 1777 2385 1848 prmsidem
2422 1775 2792 1845 Cappadoeiu',
2842 1783 2890 1827 et
2938 1773 3071 1826 alios
3114 1776 3234 1828 huic
3281 1775 3546 1842 proximos

285 1865 507 1934 majoris
548 1870 716 1935 partis
745 1871 1117 1940 episcoporum
1151 1872 1428 1946 suffragia.
1460 1878 1613 1945 Quod
1640 1882 1859 1949 quidem
1894 1873 1936 1927 Β
1969 1868 2226 1923 (Jazsarea:
2277 1877 2508 1938 agentes,
2563 1875 2611 1919 et
2670 1867 2931 1920 civitatem
2961 1866 3216 1934 susdcque
3250 1867 3544 1929 miscentes,

279 1971 347 2010 eo
379 1955 689 2026 diligentius
732 1961 1058 2015 servandum
1109 1974 1230 2018 erat
1262 1966 1316 2021 in
1355 1969 1616 2027 electione
1651 1971 1856 2036 Basilii,

281 2046 427 2113 quod
461 2063 566 2102 non
595 2051 765 2104 solum
812 2050 993 2119 plures
1020 2053 1257 2126 episcopi
1294 2059 1727 2125 intercedebant,
1763 2063 1856 2117 sed

278 2140 446 2194 etiam
500 2143 784 2210 adjunctos
840 2160 1021 2200 secum
1081 2150 1352 2205 habebant
1404 2156 1752 2224 magistratus
1803 2169 1859 2213 ct

275 2232 680 2301 perditissimos
709 2251 951 2307 quosque
981 2241 1146 2295 cives.

348 2323 738 2383 Proficiscentc
772 2341 925 2400 patre
969 2333 1188 2401 scripsit
1231 2334 1525 2406 Gregorius
1567 2341 1636 2413 (c)
1679 2347 1746 2398 ad
1795 2347 1852 2400 S.

273 2415 600 2484 Eusebium,
635 2419 789 2485 cujus
841 2423 1015 2478 zelum
1061 2427 1117 2479 e't
1167 2429 1392 2486 sudores
1441 2433 1621 2487 laudat
1650 2446 1702 2489 et
1732 2453 1856 2506 gra-

276 2519 386 2561 tam
443 2509 552 2563 Deo
604 2511 946 2576 libertatem;
988 2516 1147 2587 eique
1181 2533 1458 2591 acceptum
1493 2524 1658 2581 refert
1714 2531 1856 2597 quod

275 2601 449 2666 patr-is
495 2613 745 2658 senectus
794 2620 1050 2665 renovata
1105 2612 1268 2667 fuerit
1306 2633 1318 2668 :
1351 2617 1489 2670 unde
1523 2619 1685 2673 etiam
1740 2637 1852 2674 rem

273 2703 341 2743 ex
407 2695 674 2749 sententia
734 2714 1109 2758 successuram
1173 2712 1640 2773 speratzveniam
1697 2715 1851 2780 petit,

273 2784 418 2851 quod
449 2801 554 2841 non
588 2803 839 2846 accurrat
875 2796 940 2848 ad
991 2796 1107 2861 ejus
1147 2798 1487 2865 complexum
1526 2802 1720 2871 linguis
1752 2806 1852 2860 im-

273 2877 568 2943 proborum
598 2885 829 2948 cedens;
866 2888 959 2939 sed
989 2888 1145 2952 paulo
1175 2900 1294 2957 post
1324 2904 1610 2949 venturum
1640 2911 1696 2951 se
1725 2909 1851 2966 pro-

273 2968 464 3034 mittit,
517 2975 660 3040 quod
720 2985 901 3031 tamen
935 2979 1228 3047 perfecisse
1278 3001 1380 3038 non
1431 2989 1664 3044 videtur.
1713 2992 1852 3047 Vicit

272 3060 491 3114 abunde
539 3061 775 3131 Spiritus
823 3078 1040 3125 Sanctus
1085 3088 1179 3142 per
1207 3073 1492 3131 Eusebiurn
1547 3088 1601 3131 et
1646 3080 1852 3149 Grego-

273 3153 436 3217 rium,
467 3155 559 3222 qui
593 3170 716 3210 cum
752 3158 1020 3226 vehiculo,
1056 3171 1310 3234 tanquam
1349 3177 1592 3225 mortuus
1623 3171 1848 3239 feretro,

1971 1971 2023 2012 ut
2051 1961 2104 2012 in
2141 1963 2368 2028 gratiam
2398 1957 2584 2011 Ariani
2617 1957 2952 2026 imperatoris
2975 1956 3111 2010 alius
3141 1967 3411 2011 crearetur
3437 1958 3546 2025 epi-

1965 2068 2172 2106 sconus.

2042 2144 2127 2200 IV.
2156 2145 2272 2212 Quo
2301 2144 2532 2200 Basilius
2563 2159 2705 2199 anno
2735 2144 3017 2198 ordinatus
3072 2141 3254 2205 fuerit,
3292 2157 3396 2195 non
3434 2157 3542 2196 una

1963 2252 2044 2295 est
2101 2241 2412 2296 criticorum
2470 2241 2789 2294 sententia:
2838 2235 3101 2290 Baronius
3140 2248 3194 2290 et
3250 2234 3545 2291 Bollandus

1969 2349 2110 2387 anno
2140 2332 2245 2387 569
2277 2331 2587 2387 ordinatum
2624 2329 2788 2384 fuisse
2823 2330 3191 2394 contendunt;
3230 2345 3371 2382 anno
3411 2328 3540 2393 370,

1966 2426 2220 2480 Petavius
2246 2438 2300 2481 et
2346 2425 2747 2480 Tillemontius.
2797 2421 2940 2476 Nihil
2975 2436 3157 2476 moror
3187 2418 3414 2491 Ppgium
3449 2423 3542 2489 qui

1965 2515 2359 2570 ordinationem
2413 2514 2593 2569 diﬂ‘ert
2641 2529 2813 2585 usque
2868 2514 2933 2566 ad
2993 2526 3192 2564 annum
3244 2509 3379 2577 571;
3430 2509 3544 2564 hmo

1968 2610 2113 2664 enim
2168 2607 2352 2676 Opinio
2395 2619 2545 2661 stare
2593 2623 2697 2660 non
2742 2616 2935 2675 potest.
2987 2605 3063 2659 Ex
3108 2603 3316 2660 duabus
3361 2613 3541 2658 autem

1967 2702 2092 2757 aliis
2127 2701 2416 2757 sententiis
2451 2702 2606 2766 longe
2634 2699 2810 2768 potior
2834 2700 3047 2753 videtur
3074 2713 3137 2753 ea
3164 2713 3324 2768 quam
3347 2695 3540 2751 defen-

1960 2797 2037 2850 dit
2071 2795 2470 2849 Tillemontius.

2037 2888 2090 2940 1ο
2147 2886 2352 2941 Pendet
2397 2888 2756 2942 ordinationis
2805 2901 2978 2939 annus
3024 2899 3090 2939 ex
3139 2885 3331 2938 mortis
3373 2899 3536 2938 anno.

1967 2978 2196 3032 Constat
2247 2981 2390 3032 enim
2445 2980 2702 3034 Basilium
2765 2978 3044 3048 praefuisse
3100 2976 3168 3048 (ί)
3204 2985 3329 3031 octo
3368 2989 3539 3030 annos

1967 3070 2219 3124 Ecclesiae
2249 3069 2565 3124 Caesariensi
2631 3081 2684 3124 et
2721 3072 2792 3140 (g)
2845 3086 3043 3125 nonum
3095 3070 3377 3138 incepisse.
3418 3065 3539 3121 Non

1968 3165 2146 3215 minus
2210 3174 2418 3215 certum
2476 3172 2530 3215 et
2585 3162 2923 3230 exploratum
2981 3171 3063 3216 est
3117 3160 3257 3230 quod
3308 3168 3540 3213 testatur

272 3245 561 3314 impositus
602 3249 813 3314 fuisset,
859 3269 924 3307 ex
965 3254 1150 3311 labore
1195 3259 1338 3314 vires
1378 3263 1580 3329 traxit;
1619 3274 1673 3319 et
1729 3281 1849 3320 eum
1882 3233 1924 3289 Ο
1961 3255 2254 3325 Gregorius
2311 3253 2585 3325 NYSSCHUS
2639 3255 2737 3324 (ll),
2783 3271 2973 3309 "Ovem
3031 3266 3123 3308 θυι
3178 3254 3363 3308 decem
3418 3263 3539 3323 Ροει

273 3353 388 3390 rein
427 3340 641 3409 egregie
699 3343 1159 3413 administrasset,
1193 3364 1256 3404 ac
1307 3351 1642 3418 dimicasset,
1702 3355 1851 3412 Basi-

273 3428 522 3498 liumque
583 3431 632 3484 in
698 3433 894 3488 throno
928 3436 1265 3505 collocasset,
1322 3441 1512 3500 firmus
1563 3461 1625 3499 ac
1668 3449 1854 3505 valens

272 3517 495 3572 domum
535 3522 712 3585 rediit,
742 3524 928 3579 oculos
974 3541 1190 3583 erectos
1240 3531 1446 3589 habens
1501 3551 1529 3589 a
1596 3552 1850 3593 manuum

280 3610 628 3678 impositione
675 3623 729 3667 et
777 3617 1050 3683 unctione,
1087 3631 1249 3691 atque
1275 3624 1435 3678 etiam
1481 3628 1547 3682 ab
1585 3628 1727 3684 illius
1758 3632 1850 3700 qui

271 3700 579 3766 angebatur
606 3705 782 3774 capite
816 3709 1121 3766 roboratus.

323 3781 428 3844 'lll.
472 3793 781 3850 lnvitlorum
842 3798 1026 3854 Basilii
1077 3804 1272 3858 mirum
1327 3807 1380 3860 in
1433 3808 1649 3863 modum
1701 3809 1853 3866 furor

268 3885 501 3947 ert-arsit,
536 3887 624 3938 ubi
661 3898 888 3944 conatus
919 3907 1045 3946 suos
1101 3895 1152 3947 in
1211 3907 1429 3951 ventum
1466 3899 1665 3956 ell‘usos
1708 3904 1852 3958 vide-

271 3982 443 4027 runt:
482 3974 782 4046 plagarum,
812 3996 948 4050 quas
993 3984 1096 4038 sibi
1140 3988 1242 4041 hac
1284 3988 1549 4046 electione
1591 3993 1848 4049 videban-

269 4077 361 4118 tur
389 4067 689 4136 accepisse,
722 4074 1072 4141 ignominiam
1097 4076 1238 4134 ferre
1263 4096 1366 4134 non
1397 4092 1708 4150 potuerunt.
1741 4087 1844 4141 lta-

268 4173 375 4225 que
423 4174 529 4212 non
562 4159 736 4214 solum
769 4166 1030 4220 conviciis
1081 4171 1400 4237 Gregorium
1435 4177 1743 4244 episcopum
1783 4192 1837 4234 et

268 4253 573 4308 maledictis
601 4269 933 4311 vexaverunt
954 4299 968 4321 ,
1005 4261 1099 4313 sed
1132 4261 1294 4315 etiam
1325 4265 1650 4321 ordinationi
1686 4271 1851 4323 inter-

267 4356 410 4403 esse,
455 4354 661 4398 etcum
705 4344 904 4400 Basilio
951 4352 1357 4406 communicare
1409 4355 1717 4412 noluerunt.
1777 4359 1850 4414 De

265 4433 429 4486 factis
473 4435 612 4501 patri
659 4437 918 4491 conviciis
965 4454 1070 4491 non
1111 4443 1549 4512 siletUregorius
1578 4445 1677 4518 (ιι),
1722 4451 1850 4504 alte-

1967 3347 2150 3401 Basilii
2180 3357 2404 3400 mortem
2440 3348 2736 3412 mensibus,
2784 3347 3075 3401 concilium
3105 3346 3410 3399 Antiochirc
3444 3346 3541 3398 ba-

1959 3441 2128 3494 bitnm
2178 3441 2363 3502 fuisse,
2406 3442 2594 3493 sedata
2640 3439 3038 3506 persecutione.
3071 3436 3248 3504 Quare
3279 3453 3402 3491 cum
3435 3435 3538 3491 Ba-

1963 3534 2119 3586 silius
2166 3532 2360 3584 obierit
2399 3530 2652 3583 Calendis
2682 3527 2947 3594 Januarii,
2993 3530 3043 3583 id
3077 3529 3222 3598 quod
3256 3543 3284 3581 a
3323 3528 3539 3581 nemine

1964 3630 2209 3690 negatur,
2241 3634 2302 3671 ac
2331 3619 2482 3686 proin
2509 3619 2555 3671 3c
2575 3619 2676 3672 hoc
2703 3619 3016 3681 concilium,
3053 3618 3195 3686 quod
3221 3632 3412 3671 novem
3442 3626 3539 3669 aut

1959 3711 2141 3764 decem
2171 3711 2445 3764 mensibus
2478 3723 2595 3778 post
2619 3713 2736 3778 ejus
2771 3722 2996 3765 mortem
3025 3709 3264 3764 habitum
3295 3719 3398 3774 est,
3427 3726 3535 3763 non

1959 3805 2197 3874 potuerit
2247 3805 2348 3858 nisi
2401 3803 2702 3874 Septembri
2755 3813 2847 3857 aut
2896 3801 3117 3858 Octobri
3174 3802 3534 3858 mense-cele-

1956 3897 2134 3958 brari;
2178 3907 2234 3951 ut
2267 3898 2334 3952 de
2367 3898 2620 3961 concilio,
2668 3898 2741 3951 ita
2780 3897 2844 3951 de
2887 3895 3069 3950 Basilii
3105 3895 3454 3950 ordinatione
3479 3903 3535 3949 et

1956 3999 2128 4042 morte
2157 3998 2476 4045 statuemus.
2501 3988 2557 4042 Si
2582 3989 2871 4045 concilium
2908 3989 3210 4041 referamus
3235 3988 3299 4043 ad
3329 4003 3530 4041 annum

1960 4081 2087 4148 578,
2119 4083 2277 4151 paulo
2317 4091 2434 4148 post
2467 4089 2696 4135 mortem
2730 4078 2973 4134 Valentis
3003 4081 3092 4149 qui
3132 4080 3218 4134 die
3244 4081 3277 4135 9
3303 4077 3532 4150 Augusti

1955 4175 2153 4242 periit;
2189 4189 2336 4227 mors
2367 4171 2553 4227 Basilii
2594 4173 2657 4226 ad
2689 4173 2815 4226 anni
2848 4171 2954 4227 5'78
2983 4172 3219 4239 initium,
3254 4172 3532 4227 ordinatio

1958 4268 2025 4319 ad
2067 4283 2268 4320 annum
2321 4264 2427 4320 369
2463 4265 2766 4320 referenda.
2826 4264 2882 4319 Si
2926 4266 3216 4320 concilium
3255 4263 3536 4319 diﬂ‘eratur

1960 4361 2025 4414 ad
2060 4375 2259 4413 annum
2290 4359 2415 4424 579,
2452 4360 2718 4414 ordinatio
2772 4370 2826 4413 ct
2874 4374 3024 4412 mors
3077 4356 3263 4410 Basilii
3325 4356 3529 4426 pariter

1956 4467 2064 4507 uno
2096 4467 2237 4506 anno
2264 4453 2438 4506 serius
2466 4451 2813 4505 collocandae.
2846 4450 2997 4516 Quod
3023 4457 3227 4518 spectat
3248 4450 3313 4502 ad
3349 4447 3534 4502 conci-

268 4541 388 4579 rum
423 4527 846 4628 autemiaciuus
879 4535 1405 4628 prmter‘niittitLSed
1435 4539 1558 4593 illud
1604 4557 1708 4595 non
1745 4545 1842 4597 ob-
1880 4573 1922 4628 υ
1959 4544 2123 4609 lium,
2171 4560 2388 4613 egregie
2441 4546 2632 4614 probat
2676 4544 3052 4597 Tilleniontius
3097 4544 3378 4612 episcopos
3428 4539 3531 4595 146

265 4634 424 4673 scure
448 4619 802 4688 perspicimus
841 4639 906 4676 ex
941 4639 1026 4693 ep.
1056 4623 1125 4677 48
1167 4629 1230 4680 ad
1266 4626 1554 4685 Eusebium
1593 4632 1845 4689 Samosa-

270 4721 453 4766 tenum
487 4712 577 4765 ubi
631 4712 862 4767 Basilius
887 4715 964 4770 sic
996 4717 1228 4787 loquitur
1261 4739 1273 4772 :
1311 4721 1498 4776 Nostri
1537 4737 1710 4778 autent
1757 4746 1843 4796 spe

266 4814 314 4855 et
346 4805 738 4871 exspectatione
786 4825 886 4861 non
935 4813 1178 4864 exstitere
1227 4815 1485 4869 meliores.
1530 4818 1694 4883 Nam,
1726 4838 1843 4873 cum

267 4898 448 4947 statim
477 4907 590 4964 post
630 4915 890 4966 egressum
923 4911 1067 4954 tuum
1115 4905 1463 4972 advenissent,
1510 4911 1678 4963 multa
1730 4914 1844 4980 qui-

268 4987 384 5035 dem
440 4986 613 5037 tristia
658 4989 852 5052 dixere,
903 4991 1066 5044 multa
1107 4995 1264 5047 etiam
1311 4997 1500 5064 fecere,
1541 5019 1599 5052 ac
1631 5004 1842 5055 tandem

268 5076 643 5139 discesserunt,
678 5079 888 5141 ﬁrmato
934 5085 1078 5138 nobis
1113 5089 1412 5142 schismate.
1451 5089 1527 5143 Ex
1555 5091 1845 5161 postremis

271 5170 567 5222 testimonii
599 5172 777 5227 verbis
816 5175 1119 5245 colligimus
1151 5179 1452 5249 episcopos,
1498 5183 1624 5237 dum
1666 5178 1843 5238 Caesa-

268 5276 422 5314 ream
464 5271 586 5329 post
617 5278 892 5330 egressum
923 5266 1138 5323 Eusebii
1169 5272 1411 5336 veniunt,
1442 5275 1664 5330 minime
1700 5293 1846 5329 com-

269 5354 580 5408 municasse
622 5371 743 5409 cum
774 5356 1007 5427 Basilio;
1049 5373 1286 5417 uectum
1332 5367 1564 5434 primum
1610 5369 1843 5423 scliisma

345 5535 423 5602 (a)
451 5533 582 5588 Naz.
613 5551 693 5588 or.
723 5536 813 5590 20.

338 5611 412 5682 (ο)
442 5605 573 5682 l‘iaz.
607 5621 689 5658 or.
717 5607 804 5682 Ψ,
831 5607 921 5662 20.

337 5674 409 5743 ('c)
439 5674 572 5729 Naz.
609 5691 696 5740 ep.
723 5680 814 5731 29.

336 5751 416 5819 (ά)
442 5747 536 5819 Or.
570 5746 657 5799 i9.

339 5816 411 5890 (a)
450 5817 529 5870 Ad
561 5833 647 5871 an.
679 5816 803 5874 570.

1954 4639 2202 4709 (totidem
2245 4637 2386 4691 enim
2449 4638 2572 4691 huic
2624 4638 2859 4693 coocilio
2917 4637 3225 4690 interfuisse
3277 4645 3422 4704 patet
3460 4649 3530 4690 ex

1954 4727 2274 4784 collectione
2315 4726 2602 4797 Holstcnii)
2635 4743 2740 4782 non
2770 4729 3006 4794 potuisse
3043 4728 3177 4778 intra
3211 4727 3344 4781 duos
3377 4741 3530 4780 men-

1955 4834 2044 4873 ses
2095 4834 2169 4872 ex
2220 4820 2384 4871 variis
2431 4819 2640 4873 exsiliis
2675 4817 3021 4871 Antiochiam
3055 4815 3370 4879 convenire,
3400 4830 3527 4868 cum

1961 4914 2265 4984 prtesertim
2296 4930 2504 4968 summa
2531 4922 2679 4966 esset
2709 4929 2886 4965 rerum
2925 4912 2975 4963 in
3029 4912 3270 4976 Oriente,
3321 4909 3528 4964 tristis-

1957 5007 2091 5059 sima
2110 5007 2264 5060 clade
2289 5017 2534 5073 accepta,
2561 5007 2915 5073 perturbatio.
2951 5004 3216 5058 Praeterea
3249 5007 3300 5057 in
3335 5004 3526 5056 eadem

1955 5097 2272 5152 collectione
2322 5099 2386 5168 (ἰ)
2441 5095 2703 5151 habemus
2759 5098 3045 5151 nonnullas
3096 5095 3526 5165 subscriptiones

1956 5190 2362 5258 episcoporum,
2422 5190 2565 5242 inter
2621 5205 2757 5257 quas
2817 5189 3011 5259 legitur
3063 5202 3259 5242 nomen
3315 5186 3522 5257 Eulogii

1957 5281 2237 5336 Edesseni.
2277 5282 2346 5332 At
2393 5281 2437 5335 is
2469 5281 2640 5335 adhuc
2667 5282 2950 5350 presbyter
2977 5281 3265 5333 Antinoum
3318 5281 3497 5351 relega

1967 5380 2049 5422 tus
2080 5369 2180 5422 sub
2221 5367 2461 5435 Valente,
2495 5371 2660 5425 rediit
2683 5370 2940 5427 Edessam
2975 5384 3106 5440 pace
3133 5371 3362 5434 reddita,
3388 5380 3525 5426 teste

2013 5548 2095 5616 (Γ)
2121 5547 2251 5601 Naz.
2285 5563 2452 5603 Carm.
2477 5550 2564 5604 65.

2017 5624 2089 5687 (g)
2128 5618 2282 5688 Nyss.
2330 5619 2427 5675 Vit.
2457 5619 2628 5676 Macr.

2017 5693 2092 5758 (Ιι)
2133 5690 2263 5742 una.

2017 5769 2078 5830 υ)
2110 5759 2259 5813 Ἰὀιιι.
2294 5761 2331 5826 l,
2370 5777 2488 5831 pag.
2519 5763 2633 5817 ιῖϐ.
