4006 6436
456 399 583 445 ινιιι

1782 378 2309 437 PROLEGOMENA.

459 502 798 558 'l'beodoreto
826 502 929 573 (α),
955 510 1009 558 et
1030 500 1195 556 Barse
1220 509 1432 555 mortuo
1460 499 1755 555 Ecclesium
1788 499 2017 555 Edesse-
2047 500 2093 556 Δ
2125 492 2399 559 interfuit;
2442 508 2564 548 nam
2611 492 2901 564 Gregorius
2934 493 3305 549 Nazianzenus
3340 493 3403 565 (ι)
3436 492 3678 547 morbum

461 610 583 648 nam
618 596 873 664 suscepit,
927 611 991 649 ac
1030 594 1308 649 ordinatus
1338 608 1365 646 a
1395 593 1451 647 S.
1496 593 1722 649 Eusebio
1760 590 2011 647 Samosa-

461 684 595 737 ιεηεὶ
643 683 807 738 fuisse
848 684 1139 738 ferebatur.
1187 682 1281 738 His
1313 684 1446 737 adde
1472 685 1700 738 reditum
1742 681 2016 737 confesso-

461 783 636 821 ruma
674 769 945 838 plerisque
991 770 1265 826 historicis
1314 770 1574 827 Gratiano
1617 782 1894 840 acceptum
1930 787 2015 827 re-

462 855 612 910 ferri.
640 857 985 914 Bevoeatosa
1024 857 1243 913 Valente
1276 860 1464 913 dicunt
1488 860 1711 912 Rufinus
1741 868 1795 911 et
1830 856 2016 911 lliero-

460 962 673 1016 nymns.
706 948 833 1014 Sed,
865 951 907 1004 si
938 950 989 1002 id
1024 952 1287 1004 concessit
1320 949 1537 1017 Valens,
1570 948 1849 1019 perpaucis
1892 959 2017 1003 ante

462 1038 690 1091 mortem
718 1041 992 1095 mensibus
1030 1041 1319 1106 concessit,
1356 1057 1453 1097 nec
1476 1040 1696 1111 proinde
1728 1039 1859 1093 satis
1893 1056 2018 1109 spa—

462 1128 518 1181 tii
547 1130 667 1194 fuit,
697 1142 752 1184 ut
772 1131 1055 1184 concilium
1086 1145 1151 1185 ex
1184 1139 1261 1183 tot
1292 1130 1427 1185 locis
1457 1146 1560 1183 uno
1588 1137 1678 1182 aut
1706 1130 1874 1184 altero
1900 1140 2020 1201 post

460 1220 628 1286 ipsius
655 1228 878 1273 mortem
915 1234 1093 1273 mense
1122 1230 1423 1288 cogeretur.

533 1312 590 1364 2°
622 1310 796 1365 Multa:
826 1326 912 1364 res
953 1321 1116 1380 gesta:
1150 1311 1356 1375 Basilii,
1393 1321 1617 1380 quarum
1648 1312 1841 1366 seriem
1869 1312 2017 1365 dein-

462 1419 585 1469 ceps
639 1410 925 1468 texenms,
982 1404 1225 1473 inprimis
1278 1404 1580 1472 persecutio
1613 1442 1627 1467 ,
1681 1419 1838 1473 quant
1880 1418 2017 1455 anno

459 1496 555 1548 57l
599 1497 779 1549 ct572
807 1498 1088 1563 sustinuit,
1138 1497 1512 1552 necessitatem
1547 1498 1775 1552 atterunt
1802 1497 2018 1551 ordina—

460 1588 620 1643 tionis
647 1589 697 1642 in
721 1604 919 1642 annum
952 1589 1055 1641 570
1076 1587 1431 1646 conferenda‘.
1459 1589 1698 1643 Nondum
1722 1590 1861 1641 enim
1888 1590 2019 1640 duos

460 1678 805 1746 episcopatus
832 1693 1003 1731 annos
1029 1689 1340 1734 emeruerat
1383 1681 1639 1741 Basilius,
1672 1694 1791 1731 cum
1821 1676 2019 1732 Valens

460 1770 760 1822 Caesaream
786 1770 953 1825 venit.
989 1768 1121 1823 Nam
1174 1771 1440 1839 insumpta
1485 1770 1824 1839 episcopatus
1866 1770 2015 1823 initia

2126 600 2278 639 somn
2333 595 2576 650 excusat,
2627 600 2723 639 cur
2771 602 2871 639 una
2908 602 3030 642 cum
3088 600 3152 638 eo
3186 586 3327 652 justa
3376 586 3681 656 persolvere

2130 676 2326 731 Basilio
2379 693 2482 732 non
2539 678 2726 749 possit.
2776 676 2972 732 Sedata
3026 691 3156 747 ergo
3188 686 3306 728 erat
3358 677 3681 745 persecutio,

2130 772 2327 839 alioqui
2364 786 2466 825 nou
2502 787 2661 827 ausus
2683 779 2830 825 esset
2857 769 3152 841 Gregorius
3174 767 3446 839 Nyssenus
3476 781 3683 835 magna

2130 864 2332 920 civitati
2364 863 2565 916 vultum
2590 878 2745 919 suum
2774 862 3096 927 ostendere;
3131 879 3193 917 ac
3221 858 3443 932 proinde
3470 859 3682 915 Valenti

2122 953 2383 1024 superfuit
2402 953 2651 1010 Basilius.

2204 1047 2377 1101 Sumit
2405 1046 2565 1099 etiam
2594 1042 2977 1099 Tillemontius
3024 1042 3323 1113 argumenti
3371 1040 3508 1101 loco,
3540 1040 3681 1104 quod

2125 1138 2199 1190 ait
2251 1136 2538 1206 Gregorius
2578 1134 2651 1203 (g)
2714 1151 2772 1189 se
2815 1133 3330 1197 Constantinopolim
3384 1126 3681 1199 profectum

2126 1243 2264 1292 esse,
2292 1244 2395 1280 non
2420 1238 2606 1293 pra'ter
2645 1225 2796 1291 {ortis
2824 1227 2963 1277 illius
2996 1222 3225 1275 veritatis
3258 1218 3681 1290 propugnatoris,

2122 1320 2309 1389 quique
2340 1319 2469 1369 nihil
2527 1332 2751 1384 unquam
2806 1317 2951 1369 aliud
2992 1314 3090 1367 nisi
3130 1313 3271 1381 piam
3301 1322 3350 1364 et
3395 1312 3683 1365 salutarem

2125 1414 2239 1465 orbi
2262 1412 2501 1463 universo
2526 1410 2819 1462 doctrinam
2854 1408 3089 1477 spiravit,
3139 1405 3452 1459 voluntatem
3493 1400 3684 1456 animi-

2124 1521 2222 1572 que
2267 1504 2599 1556 sententiam.
2630 1500 2883 1566 Quamvis
2934 1502 3037 1553 huc
3084 1500 3306 1551 accedat
3337 1492 3683 1561 Theophanis

2124 1593 2420 1646 auctoritas
2442 1631 2455 1655 ,
2490 1608 2682 1645 vereor
2717 1598 2893 1641 tamen
2924 1590 3132 1641 utsatis
3170 1590 3379 1641 ﬁrmum
3418 1585 3489 1637 sit
3522 1598 3684 1651 argu-

2126 1695 2395 1751 mentum,
2418 1688 2642 1755 quodex
2674 1682 2915 1750 Gregorii
2950 1680 3128 1733 verbis
3149 1680 3364 1732 deducit
3388 1675 3682 1730 Tillemon-

2129 1780 2252 1831 tius.
2301 1775 2422 1828 Non
2454 1777 2594 1828 enim
2632 1788 2689 1827 se
2720 1771 2897 1824 Basilii
2928 1768 3149 1823 consilio
3186 1768 3283 1821 hac
3319 1770 3371 1820 in
3426 1781 3481 1820 re
3534 1778 3686 1817 usum

462 1862 514 1913 in
556 1862 938 1932 recolligeudis
988 1867 1369 1933 episcoporum
1396 1863 1748 1931 Cappadocia:
1785 1863 2018 1919 animis:
2056 1856 2094 1909 Β
2126 1883 2243 1925 esse
2294 1867 2424 1920 dicit
2478 1865 2812 1932 Gregorius,
2864 1861 2957 1915 sed
3005 1861 3371 1928 conjecturam
3430 1857 3558 1911 facit
3620 1868 3684 1907 ex

464 1953 603 2021 quod
632 1953 722 2007 ubi
746 1969 808 2007 ex
837 1954 1096 2007 sententia
1133 1952 1389 2016 confecit,
1426 1954 1604 2008 statim
1632 1968 1916 2021 aggressus
1943 1960 2024 2007 est

465 2042 531 2094 ad
560 2043 985 2108 pacificationem
1024 2042 1411 2107 Ecclesiarum,
1460 2054 1513 2097 et
1550 2052 1658 2096 tum
1688 2059 1811 2097 cum
1846 2044 2024 2095 mitte-

464 2138 546 2182 ret
585 2130 911 2186 Dorotheum
944 2133 995 2186 in
1032 2134 1404 2197 Occidentem,
1432 2136 1827 2203 persecutionis
1853 2144 2026 2189 terror

461 2220 822 2274 denuntiatum

532 2311 642 2366 Nec
697 2314 813 2370 leve
869 2327 1249 2387 argumentum
1306 2316 1652 2370 Tillemontio
1716 2313 2026 2384 suppeditat

463 2403 739 2457 ordinatio
779 2406 1077 2475 Demophili
1105 2404 1709 2471 Coustantinopolitani,
1733 2418 1892 2470 quam
1921 2401 2024 2455 Ba-

463 2497 613 2550 silius
659 2498 710 2550 iu
756 2499 977 2566 epistola
1032 2499 1106 2567 (ὁ)
1159 2497 1344 2566 paucis
1391 2495 1663 2548 mensibus
1720 2504 1840 2563 post
1872 2508 2025 2547 suam

463 2588 633 2657 ipsius
659 2590 1051 2643 ordinationem
1079 2590 1277 2659 scripta
1308 2588 1518 2642 nuntiat
1551 2586 1805 2653 Eusebio,
1842 2586 1888 2641 si
1924 2585 2027 2639 mi-

466 2699 565 2737 nus
596 2693 652 2737 ut
680 2685 1134 2751 recentissimam,
1159 2685 1377 2747 saltem,
1410 2692 1468 2737 ut
1493 2684 1729 2736 nomlum
1760 2680 2027 2750 cognitam

467 2776 518 2827 in
570 2775 932 2845 Cappadocia,
975 2792 1094 2830 cmn
1160 2776 1427 2831 Eusebius
1465 2776 1516 2827 in
1574 2776 1785 2845 Syriam
1852 2773 2028 2827 rediit.

465 2866 641 2933 Quare
674 2868 957 2934 utriusque
984 2868 1367 2927 ordinationis,
1415 2866 1599 2918 Basilii
1633 2875 1685 2917 et
1711 2864 2027 2929 Demophili,

468 2958 607 3011 idem
656 2957 768 3012 fere
803 2967 1011 3027 tempus
1040 2958 1255 3011 videtur
1296 2956 1482 3011 fuisse.
1524 2954 1692 3007 Porro
1732 2952 2028 3021 Demophili

466 3049 864 3101 ordinationem
902 3048 1177 3118 pertinere
1223 3049 1287 3099 ad
1320 3064 1518 3100 anumn
1543 3045 1670 3108 570,
1708 3044 1829 3097 inde
1864 3051 2029 3109 patet,

466 3140 608 3204 quod
645 3138 921 3192 Eudoxius
966 3139 1082 3207 ejus
1135 3140 1387 3193 decessor
1418 3136 1512 3207 (ο),
1560 3137 1650 3206 qtti
1683 3137 1819 3189 hanc
1849 3134 2029 3189 sedem

470 3228 741 3280 invaserat
759 3242 899 3280 anno
918 3228 1039 3290 560,
1068 3228 1315 3280 undecim
1339 3228 1491 3279 annis
1523 3226 1849 3294 impietatem
1875 3240 2026 3279 suam

473 3317 742 3383 exercuit,
794 3331 854 3370 ac
889 3314 1268 3368 Valentiniano
1318 3317 1534 3367 tertimu
1566 3324 1619 3368 et
1664 3315 1890 3369 Valente
1925 3324 2033 3367 ter-

470 3410 600 3463 tium
636 3408 945 3462 consulibus
968 3408 1120 3461 obiit.

541 3500 637 3555 llis
669 3503 939 3554 rationum
976 3499 1262 3553 momentis
1302 3496 1553 3549 nonnulla
1615 3496 1714 3547 alia
1747 3496 1892 3548 addit
1920 3494 2033 3548 Til-

473 3594 779 3648 lemontius.
820 3593 1017 3648 Narrat
1046 3592 1409 3661 Hieronymus
1464 3590 1514 3640 in
1546 3588 1685 3641 libro
1716 3587 1789 3639 De
1816 3587 2038 3653 scripto—

472 3687 613 3737 ribus
645 3683 1009 3737 ecclesiasticis
1043 3682 1296 3733 Basilium
1330 3680 1529 3733 obiisse
1569 3681 1669 3733 sub
1721 3677 1983 3732 Gratiano
2024 3696 2034 3729 :

473 3776 615 3845 quod
653 3774 869 3843 quidem
903 3772 1125 3838 intelligi
1162 3788 1263 3823 non
1300 3782 1497 3838 potest,
1525 3770 1625 3821 nisi
1664 3770 1727 3822 dc
1760 3770 2039 3837 ititerjecto

475 3866 615 3919 inter
686 3863 924 3917 Valentis
980 3874 1208 3916 mortem
1262 3871 1315 3913 et
1377 3858 1665 3913 Theodosii
1724 3860 2038 3914 electionem

475 3966 731 4023 tempore.

548 4046 715 4115 Objici
765 4056 950 4118 posset
997 4046 1137 4116 quod
1182 4044 1256 4100 ait
1296 4045 1346 4097 in
1378 4042 1565 4099 eodem
1614 4042 1748 4098 libro
1784 4040 2042 4111 llierony-

479 4158 597 4194 mus
630 4152 876 4195 sanctum
921 4141 1149 4207 Ephrem
1189 4139 1289 4194 sub
1337 4137 1558 4191 Valente
1600 4146 1868 4191 mortuum
1899 4150 2038 4189 esse.

478 4233 629 4296 Nam,
662 4247 783 4285 cum
807 4239 983 4284 exstet
1028 4230 1202 4283 sancti
1231 4230 1467 4297 Ephrem
1493 4229 1669 4282 oratio
1694 4228 1759 4282 de
1802 4226 2046 4280 laudibus

479 4324 686 4390 Basilii,
713 4325 880 4393 ipsius
907 4325 1068 4377 etiam
1099 4321 1286 4375 Basilii
1345 4335 1488 4373 mors
1529 4320 1631 4372 sub
1665 4317 1852 4371 eodem
1884 4318 2048 4384 impe-

481 4428 658 4471 ratore
694 4433 755 4470 ac
791 4418 1015 4483 proinde
1054 4418 1123 4468 ad
1163 4414 1373 4468 initium
1422 4411 1546 4463 anni
1582 4409 1684 4462 378
1723 4419 1867 4462 esset
1908 4409 2047 4461 refe-

2127 1976 2338 2015 summo
2370 1959 2515 2013 illius
2541 1958 2820 2010 catholicae
2854 1954 3111 2007 doctrinae
3135 1966 3340 2011 amore,
3377 1967 3472 2003 cur
3500 1952 3550 2003 ei
3585 1962 3689 2001 non

2126 2051 2500 2119 displicuerint
2542 2050 2775 2114 suscepti
2829 2047 2893 2098 ad
2932 2046 3262 2098 liberandam
3304 2040 3688 2095 Constantino-

2128 2144 2289 2211 polim
2326 2143 2555 2196 labores.

2198 2231 2458 2299 Opinatus
2483 2240 2563 2285 est
2588 2228 2848 2283 Baronius
2882 2226 3138 2279 Basilium
3168 2224 3255 2278 die
3285 2222 3348 2275 Η
3373 2222 3513 2275 Junii
3541 2221 3693 2276 ordi-

2131 2335 2314 2377 natum
2362 2323 2547 2387 fuisse,
2589 2330 2645 2378 et
2692 2338 2813 2377 cum
2862 2321 3001 2374 inter
3043 2318 3185 2372 illius
3213 2316 3610 2370 ordinationem
3638 2322 3695 2367 et

2130 2415 2343 2471 Eusebii
2386 2414 2689 2468 decessoris
2741 2424 2970 2467 mortem
3016 2411 3219 2482 aliquid
3253 2407 3518 2464 efﬂuxerit
3556 2415 3691 2459 tem~

2130 2510 2298 2578 poris,
2336 2516 2562 2561 mortem
2597 2506 2810 2559 Eusebii
2842 2506 3016 2572 reiicit
3057 2506 3107 2558 in
3154 2518 3350 2556 annum
3381 2498 3694 2569 prmcedeit-

2131 2610 2258 2656 tem.
2285 2601 2413 2663 Sed,
2443 2600 2485 2653 si
2515 2598 2735 2651 obiisset
2764 2598 3029 2650 Eusebius
3059 2610 3200 2648 anno
3236 2591 3579 2661 praecedenti,
3606 2590 3691 2639 vix

2132 2693 2306 2746 serius
2361 2690 2663 2759 Septembri
2740 2690 2999 2750 obiisset;
3069 2687 3333 2752 siquidem
3401 2680 3695 2750 Gregorius

2131 2781 2505 2836 Nazianzenus
2533 2780 2819 2835 Eusebium
2871 2778 3311 2831 Samosatensem
3348 2774 3583 2826 invitans
3630 2772 3695 2821 ad

2131 2872 2473 2933 eleCtionem,
2510 2873 2755 2926 hortatur
2811 2880 2871 2924 ut
2922 2868 3115 2924 hiemis
3164 2864 3499 2919 incommoda
3543 2873 3698 2915 ante-

2138 2971 2333 3015 vertat.
2392 2961 2461 3015 At
2522 2964 2742 3015 nimium
2810 2971 2951 3016 essm
3015 2958 3357 3012 intervallum
3429 2970 3458 3009 a
3514 2968 3697 3008 mense

2137 3052 2439 3121 Septembri
2469 3068 2637 3120 ttsque
2678 3053 2741 3104 ad
2774 3054 2909 3105 diem
2945 3052 3008 3104 Η
3050 3050 3215 3103 Junii.
3260 3048 3457 3102 Eadem
3492 3046 3699 3098 ratione

2138 3143 2399 3212 probatur
2452 3141 2847 3194 ordinationem
2898 3140 2985 3192 die
3046 3140 3106 3193 l4
3153 3139 3297 3193 Junii
3336 3139 3531 3190 factam
3593 3150 3697 3186 non

2138 3232 2323 3286 fuisse.
2358 3232 2635 3298 Quomodo
2678 3230 2821 3283 enim
2858 3245 2964 3283 Uno
2993 3231 3183 3283 Saltem
3220 3241 3402 3281 mense
3434 3235 3556 3277 ante
3596 3224 3699 3277 hoc

2140 3334 2351 3390 tempus
2403 3323 2594 3377 hiemis
2648 3323 2986 3376 iucmumoda
3036 3320 3313 3375 metuisset
3361 3311 3703 3383 Gregorius?

2137 3416 2396 3478 Quamvis
2425 3427 2604 3467 autent
2640 3414 2694 3468 in
2734 3413 3129 3483 Martyrologiis
3164 3408 3391 3462 Usuardi
3426 3416 3479 3459 et
3502 3406 3701 3460 Adonis

2137 3506 2258 3559 dies
2292 3505 2464 3559 festus
2493 3506 2679 3560 Basilii
2712 3509 2776 3559 ad
2808 3505 2951 3560 Junii
2983 3504 3251 3556 decimum
3281 3509 3526 3569 quartum
3562 3500 3701 3553 diem

2141 3607 2406 3663 ponatur;
2438 3611 2544 3648 non
2578 3605 2757 3648 tamen
2790 3612 2910 3646 eum
2932 3595 3039 3647 duo
3071 3594 3143 3645 illi
3171 3593 3463 3661 scriptores
3492 3590 3593 3644 hac
3620 3590 3706 3642 die

2140 3685 2447 3739 ordinatum
2497 3685 2704 3749 dicunt,
2742 3684 3003 3752 longeque
3054 3682 3383 3750 probabilius
3428 3689 3512 3732 est
3567 3680 3707 3731 hunc

2143 3780 2281 3832 diem
2335 3776 2552 3840 festum,
2603 3775 2692 3843 qui
2728 3774 2981 3829 Calendis
3026 3771 3263 3825 Januarii
3307 3770 3570 3824 celebrari
3602 3784 3704 3821 nou

2145 3879 2376 3937 poterat,
2398 3869 2603 3922 idcirco
2629 3868 2679 3920 in
2732 3866 2949 3921 Junium
2982 3880 3214 3919 mensem
3243 3864 3497 3931 t'ejectum
3523 3860 3705 3913 fuisse.

2148 3961 2331 4025 Quare
2375 3959 2544 4015 multo
2596 3960 2933 4013 commodius
2964 3958 3250 4011 Eusebium
3289 3956 3433 4009 circa
3469 3967 3706 4006 mensem

2146 4050 2359 4107 Juuimn
2424 4052 2627 4105 abiisse
2686 4052 2959 4103 existimat
2998 4048 3392 4112 Tillemontius,
3448 4046 3701 4099 Basilinm

2146 4153 2324 4196 autem
2384 4156 2569 4195 mense
2621 4140 2927 4207 Septembri
2960 4140 3267 4192 ordinatum
3306 4139 3489 4191 fuisse.
3537 4139 3709 4202 Atque

2154 4234 2293 4289 haud
2328 4234 2438 4286 scio
2474 4248 2539 4285 an
2572 4231 2734 4285 etiam
2761 4232 2938 4298 aptius
2957 4228 3235 4282 differatur
3267 4244 3437 4296 usque
3469 4228 3533 4282 ad
3562 4243 3712 4279 men-

2150 4343 2263 4382 sem
2332 4326 2617 4381 Octobrem
2682 4324 2975 4381 ordinatio,
3026 4322 3090 4373 ad
3127 4337 3285 4387 quam
3333 4321 3568 4373 invitatis
3602 4318 3711 4371 Eu—

2154 4417 2361 4470 sebium
2406 4414 2699 4484 Gregorius
2763 4411 3076 4471 metuebat,
3125 4427 3191 4464 ne
3241 4412 3315 4463 illi
3373 4408 3709 4471 incommoda

481 4510 667 4564 renda.
703 4508 806 4561 Sed
838 4509 889 4561 itt
927 4509 1028 4561 hac
1053 4508 1297 4559 oratione
1340 4513 1485 4555 tanta
1517 4510 1599 4555 est
1634 4500 1692 4553 S.
1724 4499 1953 4567 Ephrem
1983 4500 2030 4552 dt

2154 4509 2345 4561 hiemis
2377 4506 2866 4568 subeundaessent,
2900 4503 2999 4556 nisi
3032 4513 3238 4556 mature
3264 4502 3711 4571 proficisceretur.

482 4604 708 4657 Valente
736 4601 985 4670 loquendi
1024 4600 1269 4660 libertas,
1320 4608 1376 4647 ut
1408 4611 1531 4647 eutn
1562 4592 1686 4646 huic
1717 4590 2048 4659 superfuisse

483 4688 796 4763 imperatori
833 4695 1024 4747 merito
1056 4693 1328 4747 existimet
1361 4687 1761 4742 Tillemontius.
1793 4683 2049 4739 Testatur

484 4788 856 4843 Theodoretus
917 4786 997 4857 (ά)
1039 4785 1373 4838 Arintlnenm
1433 4777 1743 4833 interfuisse
1796 4778 1881 4830 his
1930 4792 2049 4845 qua:

485 4879 1053 4950 Trajantisliberrime
1089 4876 1221 4929 dixit
1254 4873 1482 4935 Valenti,
1520 4887 1642 4925 cum
1694 4872 1738 4922 is
1782 4870 2049 4923 Constan-

484 4972 704 5042 tinopoli
761 4980 1073 5023 versaretur
1121 4983 1261 5020 anno
1290 4967 1413 5019 37s.
1450 4964 1599 5017 Tunc
1628 4977 1757 5030 ergo
1811 4965 2044 5015 nondum

485 5063 693 5116 obierat
741 5060 971 5114 Basilius
1021 5057 1112 5130 (e),
1162 5060 1253 5126 qui
1288 5058 1482 5110 mortui
1514 5056 1773 5110 Aritrthaai
1830 5072 2047 5109 uxorem

485 5154 681 5210 litteris
710 5154 819 5207 suis
854 5152 1163 5206 consolatus
1198 5160 1298 5203 est.

559 5247 615 5299 lu
651 5246 968 5313 Gregorium
995 5244 1291 5314 Nyssenum
1332 5246 1600 5311 praecipue
1629 5245 1831 5297 exarsit
1871 5256 2051 5309 perse—

487 5341 654 5403 cutio,
687 5339 779 5406 qui
818 5338 1118 5390 emanibus
1136 5334 1364 5387 militum
1397 5334 1633 5402 elapsus,
1672 5334 1909 5385 latebras
1934 5348 2055 5399 per-

489 5432 641 5501 sequi
676 5440 899 5484 coactus
952 5439 1055 5483 est.
1106 5430 1248 5483 Idem
1301 5438 1479 5480 tamen
1538 5428 1813 5495 exsequiis
1873 5424 2051 5479 Basilii

560 5608 636 5669 la)
672 5606 809 5659 Hist.
845 5606 933 5656 lib.
964 5620 1036 5667 tv,
1064 5619 1111 5655 c.
1150 5603 1234 5657 18.

562 5678 635 5743 tb)
677 5679 773 5743 Ep.
808 5676 894 5727 (38.

564 5736 640 5815 (ε)
684 5736 893 5799 Socrat.
926 5744 1016 5796 lib.
1051 5758 1120 5807 tv,
1156 5758 1205 5796 c.
1250 5740 1353 5806 ii;
1401 5741 1618 5796 Sozom.
1658 5739 1751 5796 lib.
1787 5753 1859 5806 ιιι,
1894 5751 1943 5792 c.
1976 5736 2059 5789 l5.

563 5817 643 5891 (ά)
679 5816 793 5873 Lib.
826 5829 897 5879 tv,
929 5829 977 5867 c.
1002 5814 1091 5867 50.

2151 4600 2308 4652 Aliud
2362 4614 2538 4652 causa:
2568 4612 2686 4651 esse
2714 4613 2816 4649 nou
2855 4606 2983 4663 puto
3030 4610 3126 4647 cur
3161 4591 3453 4661 Gregorius
3481 4592 3713 4646 Nazian-

2152 4706 2321 4747 zenus
2350 4702 2472 4743 octo
2497 4698 2702 4741 tantum
2733 4703 2905 4741 annos
2938 4686 3115 4739 Basilii
3146 4685 3485 4753 episcopatus
3527 4698 3717 4736 nume-

2160 4792 2265 4849 ret,
2302 4781 2403 4835 nisi
2433 4780 2584 4849 quia,
2618 4795 2739 4833 cmn
2773 4794 2895 4832 sero
2920 4778 3198 4830 ordinatus
3242 4776 3559 4829 fueritauno
3588 4773 3713 4837 370,

2156 4888 2448 4943 paucormn
2501 4872 2765 4925 mensium
2804 4870 2988 4923 habita
3042 4869 3182 4921 ratio
3232 4884 3339 4921 non
3390 4865 3514 4920 fuit.
3580 4864 3716 4919 llinc

2156 4966 2317 5018 etiam
2348 4963 2604 5025 Basilius,
2636 4961 2880 5030 quamvis
2910 4961 3092 5012 multa!
3118 4972 3413 5027 gravesque
3436 4956 3721 5012 subesseut

2158 5074 2335 5111 causa:
2392 5054 2625 5108 Eusebio
2670 5062 2791 5120 post
2836 5051 3233 5105 ordinationem
3261 5050 3553 5113 scribendi,
3592 5064 3717 5103 sero

2163 5157 2341 5198 tamen
2394 5145 2443 5197 id
2491 5143 2638 5203 fecit.
2679 5157 2741 5195 eo
2785 5141 2926 5209 quod
2977 5140 3323 5208 Cappadoces
3352 5138 3417 5191 ad
3454 5137 3717 5207 ejusmodi

2161 5237 2352 5290 itinera
2408 5236 2585 5288 hieme
2639 5232 2913 5286 subeunda
2967 5234 3237 5284 tardiores
3291 5238 3494 5283 essent.
3548 5228 3717 5294 Objici

2164 5342 2343 5395 possm
2366 5327 2660 5381 Eudoxiutn
2692 5325 2834 5377 circa
2865 5338 3102 5376 mensem
3136 5322 3326 5376 Maium
3356 5322 3553 5375 obiisse
3581 5336 3720 5373 amm

2164 5425 2287 5486 570,
2317 5438 2415 5476 nec
2448 5431 2623 5475 tamen
2655 5420 2719 5473 de
2755 5418 2896 5472 illius
2924 5430 3235 5470 successore
3266 5415 3556 5486 quidquam
3590 5413 3719 5465 alla-

2244 5597 2312 5664 (e)
2351 5596 2445 5660 Ep.
2476 5594 2598 5647 269.

2242 5668 2305 5733 (ί)
2332 5664 2457 5717 Nu.
2495 5684 2579 5727 ep.
2614 5664 2699 5716 57.

2245 5743 2315 5809 t9)
2357 5734 2447 5787 0r.
2483 5733 2571 5788 20.
