4006 6452
1604 354 1760 411 VITA
1793 362 1855 412 5.
1889 358 2160 413 υᾹδιιη.

3410 376 3504 423 ιιι

264 471 379 521 tum
425 478 550 521 esse
605 467 659 520 in
711 469 1106 541 Cappadociam
1147 482 1272 529 ante
1326 473 1558 529 reditum
1593 473 1835 538 Eusebii,
1867 483 1913 534 Α
1939 476 2017 545 pit
2043 475 2130 547 (j).
2168 474 2496 547 Supererant
2526 478 2691 533 etlam
2728 479 2781 533 ln
2809 479 3138 551 Cappadocia
3167 481 3367 537 ethnici
3398 499 3502 539 non

264 572 422 625 quem
457 557 688 613 Basilius
736 560 813 633 (a)
852 564 1140 620 certiorem
1194 565 1354 635 bujns
1402 568 1479 623 rei
1514 566 1664 620 facit.
1700 567 1827 629 Sed,

269 657 324 699 ιιι
352 650 611 704 observat
648 651 1044 716 Tillemontius.
1086 658 1335 727 quamvis
1360 657 1629 712 Eudoxius
1650 673 1834 711 mense

268 736 409 791 Maio
441 740 689 793 videatur
717 741 938 810 obiisse,
974 746 1086 799 fieri
1114 749 1287 816 potuit
1320 757 1380 801 ut
1418 747 1657 802 Ecclesia
1689 748 1834 802 Con-

266 830 754 901 Stantinopolitana
789 852 894 891 non
944 840 1125 891 statim
1166 839 1481 908 DemOpbilo
1510 839 1829 901 traderetur,

268 933 417 975 mora
452 923 629 992 aliqua
664 927 963 981 ambitiosis
992 928 1135 984 illius
1165 932 1407 986 consiliis
1436 931 1707 987 obstante.

855 1018 1083 1075 CAPUT
1125 1020 1263 1077 XIV.

334 1102 740 1179 Ca’sarjensinm
772 1125 962 1177 magna
983 1114 1107 1179 ﬁdei
1135 1116 1329 1168 studia.
1360 1114 1425 1169 11.
1457 1115 1557 1169 Jus
1585 1115 1828 1169 exerciti-

340 1192 458 1250 cum
484 1175 823 1250 Ca'sqriensis
858 1175 1107 1235 Ecclesia,
1135 1185 1403 1250 probatur.
1452 1185 1540 1238 111.
1572 1185 1700 1238 Post
1750 1186 1831 1236 di-

336 1246 589 1321 c‘isionem
611 1245 1109 1321 Cappqdpcigrjdent
1132 1245 1223 1321 ius
1254 1256 1579 1309 retinuerunt
1608 1255 1831 1321 episc0pi

336 1310 729 1368 Ca'sariensesf
758 1317 844 1371 iV.
899 1310 1426 1386 Objerla'solvnntur
1471 1336 1517 1378 et
1567 1310 1838 1378 decretum

330 1385 572 1436 secunda:
602 1388 791 1452 synodi
813 1385 1066 1456 generalis
1088 1392 1399 1459 explicatur.

336 1472 374 1524 1.
410 1470 605 1526 Paucis
637 1474 1025 1533 describendas
1058 1492 1139 1533 est
1192 1480 1544 1540 Caesariensis
1579 1486 1830 1543 Ecclesiae

264 1571 483 1624 status,
541 1574 598 1617 ut
652 1568 1013 1636 perspiciantur
1070 1584 1231 1637 quam
1292 1573 1577 1629 molestum
1634 1577 1830 1632 Basilio

268 1651 455 1717 fuerit,
500 1656 592 1724 qui
632 1668 861 1712 secreta:
904 1660 1028 1714 vitae
1061 1661 1309 1717 semitam
1340 1666 1391 1719 in
1424 1667 1830 1724 deliciis'habe-

258 1742 375 1809 bat,
410 1745 464 1798 in
506 1756 655 1801 tanta
700 1750 816 1802 luce
846 1750 1097 1805 collocari
1135 1752 1230 1823 (ὁ).
1260 1755 1469 1810 Clarior
1498 1768 1617 1812 erat
1647 1759 1828 1815 Cmsa-

1945 567 2127 634 pauci.
2157 564 2293 620 Nam
2327 582 2423 636 per
2449 583 2635 623 omnes
2666 566 2779 622 fere
2811 585 2969 640 agros
2998 570 3168 639 sparsi
3213 579 3371 626 erant
3396 570 3504 626 Ma-

1936 658 2129 727 gustei,
2167 673 2300 727 gens
2334 659 2709 727 superstitiosa
2753 660 2880 714 olim
2937 661 3004 715 ad
3053 661 3191 716 hanc
3226 663 3504 732 regionem

1934 750 2270 803 incolcndam
2293 749 2568 819 Babylone
2597 751 2844 805 adducta.

2008 839 2067 895 S.
2111 841 2408 911 Gregorius
2442 840 2721 914 Nyssenus
2750 841 2824 914 (lt)
2854 842 2920 894 ab
2952 842 3144 895 itinere
3194 841 3500 911 Hierosoly-

1936 934 2145 987 mita‘no
2175 932 2526 1002 Cappadoces
2580 935 2681 989 hac
2720 934 2953 989 maxime
3005 933 3211 987 ratione
3246 934 3501 988 dehorta-

1936 1034 2043 1087 tur,
2085 1027 2248 1094 quod,
2290 1027 2334 1081 si
2376 1025 2467 1080 Dei
2504 1028 2847 1095 prmsentiam
2878 1042 2943 1081 ex
3001 1027 3064 1080 iis
3119 1041 3242 1094 quae
3294 1024 3502 1093 conspi-

1941 1119 2155 1171 t'innlur
2174 1116 2444 1184 coniicere
2471 1118 2651 1179 liceat,
2685 1119 2853 1173 multo
2879 1120 3052 1188 magis
3081 1119 3132 1171 in
3163 1118 3502 1187 Cappadocia

1934 1205 2093 1269 Deus,
2144 1220 2303 1271 quam
2362 1206 2484 1258 aliis
2538 1206 2590 1259 in
2626 1206 2763 1260 locis
2813 1206 3063 1259 videatur
3112 1205 3374 1260 habitare.
3426 1204 3501 1258 lbi

1932 1294 2073 1347 enim
2106 1294 2330 1363 plurima
2351 1310 2470 1349 esse
2498 1294 2708 1360 altaria,
2744 1312 2840 1363 per
2871 1311 2991 1366 quae
3009 1310 3203 1350 nomen
3236 1294 3325 1348 Dei
3356 1293 3501 1348 cele-

1932 1386 2143 1451 bratur,
2182 1402 2245 1441 ac
2274 1402 2410 1455 pene
2446 1387 2596 1455 plura
2628 1402 2788 1457 quam
2822 1390 2874 1441 in
2903 1388 3177 1444 totooorbe
3210 1397 3499 1444 terrarum.

1934 1477 2078 1532 Inest
2106 1492 2239 1532 sane
2267 1479 2349 1533 his
2371 1481 2550 1534 verbis
2576 1495 2767 1548 magna
2789 1480 3172 1548 exaggeratio;
3204 1480 3298 1534 sed
3322 1488 3498 1532 tamen

1931 1572 2164 1638 perspici
2203 1587 2269 1625 ex
2301 1572 2405 1627 illis
2450 1582 2629 1641 potest
2686 1588 2805 1642 quae
2846 1572 2912 1626 ad
2952 1572 3046 1627 Dei
3099 1573 3302 1627 cultum
3333 1572 3501 1641 perti-

1934 1672 2083 1727 nent,
2113 1662 2404 1731 plurimum
2431 1664 2482 1718 in
2507 1664 2846 1735 Cappadocia
2879 1663 3184 1733 splendoris
3226 1663 3499 1717 habuisse.

1933 1751 2243 1807 Necessaria
2278 1768 2410 1808 sane
2462 1764 2580 1809 erat
2629 1756 2819 1826 religio
2860 1755 3164 1811 Christiana
3215 1754 3281 1808 ad
3317 1768 3502 1808 emen-

262 1848 356 1889 «tea
403 1840 692 1895 catholicae
740 1841 861 1894 ﬁdei
910 1844 1109 1908 studio,
1159 1862 1319 1915 quam
1375 1848 1570 1903 erectis
1601 1848 1731 1903 olim
1758 1851 1827 1905 ob
1866 1826 2141 1900 Bdandos
2193 1844 2575 1915 Cappadocum
2637 1861 2836 1913 mores,
2890 1848 2982 1916 qui
3043 1848 3184 1900 inter
3234 1846 3502 1916 pessimos

258 1922 410 1980 lusos
440 1927 627 1983 hostes
658 1930 891 1997 πομπεῖς,
914 1943 1005 1985 aut
1027 1946 1333 2003 Opportune
1364 1946 1472 1990 tum
1492 1938 1557 1992 ad
1591 1939 1821 1998 hiemem

260 2027 377 2071 tum
418 2020 484 2073 ad
504 2030 744 2074 aestatem
778 2022 904 2087 situ,
932 2036 1025 2079 aut
1051 2028 1192 2094 quod
1224 2028 1463 2083 virorum
1493 2029 1643 2085 ferax
1660 2043 1824 2097 esset,

258 2119 315 2163 et
360 2110 568 2165 alendis
615 2113 901 2179 pecoribus
953 2117 1168 2183 idonea,
1219 2134 1284 2174 ac
1322 2134 1511 2176 omnes
1564 2110 1663 2176 sub
1715 2123 1828 2178 sole

255 2200 424 2257 nrbes
452 2218 715 2268 equorum
745 2206 997 2275 gregibus
1036 2222 1342 2278 superaret.
1371 2211 1528 2267 Nulla
1558 2213 1662 2267 alia
1692 2214 1828 2268 civi-

265 2302 351 2347 tas
388 2294 489 2346 sub
511 2291 727 2350 Juliano
762 2299 1075 2369 religionem
1103 2302 1285 2357 acrius
1308 2303 1564 2359 defendit.
1584 2306 1670 2365 Ait
1693 2304 1828 2360 Gre-

256 2384 443 2452 gorius
474 2384 731 2458 Theologi
782 2398 937 2460 pater
966 2392 1036 2461 (c)
1083 2392 1221 2447 hanc
1249 2392 1546 2448 Ecclesiam
1586 2397 1826 2452 omnium

256 2491 396 2545 pene
435 2476 801 2535 Ecclesiarum
835 2493 1066 2538 matrem
1102 2493 1157 2539 et
1198 2485 1715 2554 antiquitusfuisse,
1767 2504 1829 2544 ac

257 2583 402 2623 nunc
431 2570 595 2625 etiam
624 2588 745 2628 esse
767 2582 823 2627 et
856 2576 1087 2642 censeri,
1136 2590 1199 2629 ac
1236 2576 1289 2629 in
1321 2593 1440 2631 eam
1471 2579 1606 2635 alias
1646 2582 1832 2636 Eccle-

256 2662 389 2725 sias,
418 2664 583 2717 veluti
612 2664 871 2719 circulum
900 2677 1090 2721 centro
1112 2668 1609 2739 circumscriptum,
1641 2673 1830 2730 oculos

259 2755 563 2822 conjicere,
593 2772 697 2812 non
728 2758 1146 2828 solumpropter
1173 2761 1295 2816 ﬁdei
1333 2764 1826 2837 integritatemjam

257 2845 387 2899 olim
424 2850 661 2903 omnium
696 2848 837 2903 fama
884 2851 1255 2919 prtedicatam,
1283 2854 1379 2906 sed
1414 2856 1575 2909 etiam
1606 2858 1674 2911 ob
1710 2872 1833 2911 con.

258 2939 508 2994 cordiam
540 2939 827 2995 manifesto
858 2941 950 2995 Dei
992 2942 1255 2997 beneﬂcio
1289 2959 1624 3001 concessam.
1660 2946 1831 3015 Hujus

258 3032 385 3086 ﬁdei
426 3041 482 3085 et
514 3033 816 3088 concordiae
863 3034 1342 3103 praeclarissimum
1392 3040 1662 3108 specimen
1696 3042 1831 3096 vidi-

260 3136 403 3185 mus,
443 3136 567 3176 cum
597 3124 811 3189 Valens,
839 3126 1062 3197 ejusque
1101 3131 1413 3193 comitatus,
1448 3132 1640 3187 nefarii
1666 3136 1831 3189 beare-

258 3213 373 3278 tici,
419 3212 635 3267 inanem
690 3215 741 3269 in
805 3220 1163 3288 oppugnanda
1217 3221 1462 3275 Cesarea
1525 3236 1820 3280 conatuum

263 3320 489 3359 suorum
518 3306 721 3361 exitum
758 3309 1060 3379 plorarunt.
1099 3311 1249 3366 Fidei
1286 3311 1491 3379 fervor,
1527 3325 1662 3372 teste
1702 3317 1833 3374 Gre-

264 3397 421 3463 gorio
452 3394 798 3455 Nazianzeno
842 3404 945 3472 (ά),
997 3418 1138 3474 saepe
1167 3406 1419 3475 populum
1445 3409 1829 3467 Caesariensem

261 3489 313 3542 in
343 3488 701 3547 electionibus
734 3496 1109 3565 episcoporum
1135 3500 1200 3551 ad
1246 3501 1617 3555 conlentiones
1656 3514 1710 3556 et
1747 3505 1831 3556 di-

260 3581 583 3638 micationes
638 3587 953 3653 arripiebat.
1004 3588 1290 3657 Nunquam
1330 3591 1470 3657 apud
1515 3606 1610 3646 eos
1664 3594 1831 3647 inter—

260 3670 427 3723 missa
456 3672 579 3725 fidei
606 3671 836 3728 Nicaeum
868 3677 1206 3745 przedicatio,
1234 3689 1291 3733 ut
1318 3681 1576 3737 discimus
1624 3699 1689 3738 ex
1714 3687 1832 3753 ipso

258 3758 461 3814 Basilio
495 3761 587 3830 (ε).
651 3761 768 3817 Non
813 3765 983 3819 solum
1040 3767 1304 3833 Caesarea,
1368 3772 1463 3827 sed
1518 3782 1626 3826 tota
1669 3777 1829 3828 etiam

258 3851 602 3920 Cappadocia
654 3856 959 3913 incendium
1002 3860 1151 3926 illud,
1183 3864 1326 3932 quod
1361 3873 1528 3918 totum
1554 3866 1829 3921 Orientem

257 3956 587 4015 vastaverat,
636 3950 823 4005 saltem
856 3968 1025 4021 usque
1055 3957 1121 4007 ad
1152 3970 1349 4008 annum
1385 3955 1489 4009 575
1536 3958 1743 4027 effugit,
1775 3968 1834 4013 ut

257 4043 614 4110 perspicimus
666 4058 731 4098 ex
761 4043 1001 4113 pluribus
1064 4045 1241 4098 Basilii
1272 4046 1513 4115 epistolis
1560 4051 1648 4121 (f).
1692 4051 1828 4119 Quin

256 4136 422 4191 etiam
457 4136 908 4206 (g)Cappadoci:e
938 4138 1174 4207 episc0pi
1216 4152 1373 4194 erant
1414 4142 1579 4197 veluti
1626 4146 1830 4214 scopuli

258 4227 478 4296 quidam
522 4229 575 4280 in
605 4232 739 4284 mari
770 4236 1157 4300 prominentes,
1185 4246 1250 4285 ac
1280 4232 1513 4289 furorem
1546 4236 1822 4292 bmrctico—

259 4335 381 4374 rum
412 4318 668 4373 ﬂuctuum
696 4324 1052 4391 excipientes,
1114 4324 1205 4391 qui
1261 4326 1388 4380 dum
1452 4326 1834 4394 frangerentur

258 4412 404 4466 circa
454 4411 868 4481 Cappadociam,
919 4430 984 4468 ea
1044 4431 1161 4484 qua:
1204 4426 1349 4471 retro
1374 4429 1500 4471 sunt
1529 4434 1631 4473 non
1665 4419 1831 4473 allue-

1937 1937 2184 1992 homines
2217 1939 2493 1992 numerari
2522 1937 2791 1993 solebant.
2835 1936 2963 1991 Inde
2995 1936 3158 1990 flebat
3203 1944 3263 1990 ut
3293 1934 3384 2005 qui
3410 1943 3504 1987 aut

1934 2028 2227 2084 Christiani
2252 2044 2356 2084 non
2384 2037 2564 2095 erant,
2595 2038 2686 2083 aut
2708 2029 2759 2082 in
2788 2027 3092 2082 Christiana
3133 2026 3391 2095 religione
3412 2039 3507 2077 ve-

1922 2109 2109 2175 terem
2158 2121 2430 2176 hominem
2485 2122 2777 2177 servabant
2811 2120 2901 2191 (ι),
2946 2116 3196 2172 omnibus
3246 2116 3501 2169 vitiorum

1936 2211 2165 2266 maculis
2193 2221 2532 2279 notarentur,
2581 2227 2646 2268 ex
2691 2227 2800 2281 quo
2837 2209 3109 2265 interdum
3134 2216 3277 2262 natae
3311 2206 3369 2261 S.
3407 2205 3507 2259 Ba-

1934 2304 2055 2358 silio
2083 2303 2466 2373 ingemiscendi
2498 2320 2693 2361 causae.

2006 2392 2070 2449 ll.
2136 2392 2292 2447 Nulla
2348 2394 2575 2449 deerant
2606 2394 2868 2449 Caesareae
2918 2406 3234 2464 magnarum
3289 2389 3501 2443 urbium

1936 2496 2252 2541 ornamenta
2293 2487 2424 2558 (m);
2451 2488 2543 2541 sed
2572 2501 2825 2555 magnum
2865 2487 3111 2556 inprimis
3138 2485 3302 2540 decus
3330 2480 3506 2536 Eccle-

1938 2579 2032 2633 siae
2052 2578 2373 2634 Caesariensi
2398 2579 2660 2633 afferebat
2696 2578 2960 2632 latissime
2987 2578 3263 2645 pertinens
3285 2575 3507 2645 jnrisdi-

1936 2671 2064 2726 ctio.
2098 2670 2240 2737 Quot
2274 2671 2416 2725 enim
2445 2670 2736 2739 provinciae
2767 2668 2995 2724 ducibus
3020 2676 3074 2722 et
3106 2668 3323 2721 vicariis
3362 2665 3502 2720 Pon-

1938 2763 2058 2817 ticze
2088 2762 2375 2831 parebant,
2407 2762 2632 2816 totidem
2677 2759 3031 2817 Caesariensis
3067 2757 3302 2828 episcopi
3356 2756 3505 2810 curis

1941 2855 2243 2909 commissae
2290 2853 2526 2907 fuerunt.
2564 2854 2722 2909 Certe
2763 2853 3041 2915 Armenia,
3094 2866 3215 2920 qure
3248 2866 3350 2902 una
3388 2857 3507 2902 erat

1938 2955 2002 2993 ex
2038 2940 2143 2994 illis
2179 2940 2494 3010 provinciis,
2552 2940 2771 3007 Basilio,
2820 2940 2985 2995 veluti
3020 2939 3235 2994 cuidam
3268 2940 3507 2992 exarcho

1939 3036 2180 3104 parebat.
2234 3035 2365 3089 Nam
2420 3051 2563 3090 anno
2597 3034 2702 3091 572
2741 3036 3055 3089 mandatum
3103 3034 3311 3102 accepit
3354 3031 3508 3085 Basi-

1941 3128 2041 3182 lius
2070 3128 2148 3199 (η)
2176 3130 2243 3183 ab
2276 3130 2618 3199 imperatore,
2647 3136 2706 3182 ut
2742 3129 3026 3198 episcopos
3058 3127 3184 3180 huic
3216 3124 3507 3193 provincia

1937 3221 2111 3275 daret.
2161 3219 2461 3287 Adjunctus
2486 3231 2569 3274 est
2591 3222 2638 3274 ei
2672 3222 2852 3274 socius
2880 3220 3189 3273 Theodotus
3217 3217 3506 3282 provincia:

1938 3312 2403 3380 metmpolitanus.
2433 3311 2483 3365 ls
2522 3311 2721 3367 Basilio
2767 3312 2837 3367 ob
2883 3311 3027 3365 illius
3067 3326 3190 3367 cum
3223 3309 3506 3364 Eustathio

1935 3402 2371 3471 conjunctionem
2425 3407 2803 3468 succensebat,
2854 3419 2951 3458 nec
3013 3405 3060 3457 ei
3096 3418 3312 3469 operam
3350 3416 3503 3455 suam

1938 3493 2153 3548 tradere
2188 3494 2376 3548 voluit.
2404 3494 2519 3548 Non
2550 3496 2755 3549 idcirco
2784 3494 3021 3547 animum
3049 3493 3334 3561 despondit
3357 3489 3508 3545 Basi-

1940 3584 2066 3650 lius,
2110 3587 2203 3640 sed
2240 3586 2503 3655 quidquid
2560 3588 2613 3641 in
2664 3587 2779 3657 ipso
2830 3586 2995 3641 situm
3043 3585 3165 3650 fuit,
3216 3585 3507 3653 diligenter

1935 3686 2228 3732 exsecutus
2274 3687 2359 3733 est
2399 3696 2414 3729 :
2470 3692 2658 3748 pacem
2694 3676 3000 3743 composuit
3046 3677 3189 3730 inter
3220 3675 3508 3743 episcopos
3578 3686 3581 3689 ‘

1936 3771 2221 3833 Armeniae,
2258 3786 2446 3825 eorum
2500 3771 2552 3823 in
2590 3770 2860 3824 nonnullis
2898 3770 3060 3825 rebus
3111 3766 3502 3837 negligentiam

1938 3864 2305 3931 reprehendit,
2354 3873 2409 3917 et
2454 3863 2521 3919 de
2555 3863 2621 3917 iis
2658 3865 2938 3929 sanandis,
2978 3877 3097 3933 quae
3126 3859 3500 3916 indifferenter

1938 3957 1989 4009 in
2024 3955 2283 4010 Armenia
2337 3956 2723 4024 peccabantnr,
2780 3955 2995 4023 regulas
3029 3953 3379 4022 praescripsit.
3402 3950 3506 4004 Co-

1935 4047 2123 4118 gnovit
2151 4046 2317 4099 etiam
2350 4046 2415 4098 de
2450 4045 2612 4097 illatis
2645 4042 2847 4113 Cyr'llo
2878 4043 3129 4113 episcopo
3159 4040 3502 4104 criminibus,

1938 4153 1999 4192 ac
2035 4137 2299 4192 Satalensi
2335 4134 2588 4188 Ecclesiae
2628 4134 2945 4201 episcopum
3000 4134 3164 4187 dedlt.
3227 4131 3505 4185 Immerito

1934 4246 2065 4285 sane
2107 4228 2369 4297 ejusmodi
2432 4242 2625 4281 munus
2673 4224 2870 4279 Basilio
2914 4224 3265 4278 commissum
3296 4224 3505 4278 dicere-

1939 4335 2046 4387 tur,
2080 4338 2188 4377 non
2238 4329 2298 4373 ut
2337 4319 2616 4389 dignitatis
2665 4318 2808 4371 illius
2838 4326 2891 4371 et
2929 4316 3322 4386 jurisdictionis
3361 4315 3500 4368 ratio

1938 4414 2230 4469 haberetur
2253 4452 2269 4477 ,
2325 4412 2418 4466 sed
2454 4420 2674 4479 propter
2704 4409 3013 4464 sanctitatis
3044 4417 3099 4461 et
3130 4406 3392 4461 doctrina
3420 4404 3504 4458 fa-

259 4504 412 4557 bant.
482 4505 537 4559 Si
591 4504 679 4573 qui
720 4504 989 4558 interdum
1026 4508 1263 4577 episcOpi
1325 4524 1492 4574 prave
1542 4513 1826 4574 sentirent,
1866 4518 1910 4575 ι)
1940 4522 2099 4561 mam.
2126 4504 2310 4573 Neque
2343 4506 2484 4556 enim
2507 4500 2767 4567 ejusmodi
2791 4502 3097 4556 nominibus
3120 4498 3381 4552 devinciri
3414 4512 3506 4551 so-

259 4596 580 4665 populorum
642 4607 788 4651 metu
855 4611 1098 4652 errorem
1158 4614 1411 4670 premere
1472 4606 1823 4669 cogebantur.

259 4687 515 4742 Testatur
543 4691 685 4744 enim
720 4687 1013 4757 Gregorius
1039 4691 1409 4746 Nazianzenus
1437 4692 1514 4763 (It)
1546 4695 1830 4751 nonnullos

260 4779 548 4859 episcopos
579 4795 701 4834 cum
730 4779 925 4833 Basilio
955 4780 1007 4833 in
1046 4781 1166 4835 Iidei
1199 4784 1414 4851 negotio
1446 4786 1668 4839 minimc
1697 4800 1827 4837 con-

264 4872 524 4934 sensisse,
555 4872 657 4925 nisi
687 4883 945 4940 quantum
972 4885 1064 4925 eos
1113 4874 1295 4939 populi
1330 4877 1638 4929 consentire
1668 4891 1829 4947 coge-

257 4967 405 5019 bant.
457 4962 586 5026 Sed,
621 4963 664 5016 si
712 4963 930 5019 Arianis
960 4966 1139 5018 aditus
1182 4965 1237 5017 in
1288 4966 1688 5037 Cappadociam
1722 4984 1825 5023 non

258 5056 455 5123 patuit,
491 5056 729 5122 antiqua:
778 5058 1012 5111 haereses
1062 5056 1296 5111 nondum
1348 5060 1400 5112 in
1453 5060 1553 5114 hac
1605 5060 1825 5127 regione

257 5154 415 5200 erant
442 5147 724 5201 exstinctae
755 5145 837 5214 (i).
875 5144 1009 5199 Nam
1027 5163 1087 5201 cx
1111 5148 1665 5204 Encratitarumsecta
1687 5151 1823 5205 duos

258 5238 543 5305 episcopos
569 5234 799 5291 Basilius
836 5239 887 5289 in
950 5238 1239 5292 Ecclesiam
1290 5241 1575 5293 redeuntes
1634 5256 1820 5295 susce-

333 5354 408 5417 (η)
441 5351 539 5419 Ep.
563 5351 650 5406 48.

334 5424 407 5492 (ὁ)
438 5422 599 5496 Basil.
630 5424 776 5496 hom.
808 5439 863 5475 tn
896 5420 1054 5477 (ἔοι-(1.
1084 5432 1214 5482 tom.
1243 5425 1308 5491 ll,
1334 5444 1384 5496 ιν.
1425 5425 1550 5489 H2,
1584 5442 1635 5481 ιι.
1664 5429 1716 5478 2.

334 5496 406 5560 (c)
437 5492 567 5547 Νη.
595 5508 680 5561 ep.
713 5493 803 5545 22.

337 5564 415 5631 (Α)
442 5562 534 5617 Or.
568 5562 633 5617 l9

338 5641 409 5694 (el
442 5633 537 5700 Ep.
573 5634 697 5693 140,
728 5649 779 5686 n.
812 5668 862 5687 ο.

336 5703 406 5770 (ft
434 5702 532 5770 Ep.
568 5704 637 5756 65
652 5713 707 5756 et
731 5703 855 5756 2:32.

340 5774 412 5842 ty)
440 5772 537 5841 Ep.
562 5772 689 5835 205,
714 5789 766 5824 n.
798 5775 847 5825 1.

1944 4599 2089 4653 lebat
2113 4598 2287 4665 gratia
2318 4592 2584 4658 Valentis;
2612 4607 2676 4646 ac
2702 4606 2961 4661 praaterea
2994 4593 3394 4647 detraxissetea
3421 4605 3507 4644 res

1934 4692 2143 4761 dejure
2186 4688 2479 4753 Theodoti,
2512 4689 2600 4758 qui
2629 4688 2942 4757 prmclaram
2976 4686 3249 4739 habuisset
3285 4698 3505 4737 causam

1937 4782 2086 4837 missi
2112 4780 2340 4834 faciendi
2363 4779 2568 4844 Basilii,
2596 4794 2697 4832 nec
2730 4791 2903 4832 tamen
2935 4775 3094 4829 aliam
3120 4774 3343 4843 protulit
3370 4788 3508 4841 pne-

1940 4886 2022 4929 tcr
2076 4872 2238 4927 illius
2294 4888 2415 4927 cum
2473 4872 2755 4925 Eustathio
2813 4870 3272 4937 conjunctionem.
3321 4865 3507 4933 Neque

1937 4967 2101 5021 etiam
2143 4965 2470 5019 crediderim
2497 4962 2778 5025 Basilium,
2808 4976 2913 5031 qua
2938 4962 3122 5016 eratin
3144 4958 3503 5013 observandis

1939 5058 2247 5112 canonibus
2283 5056 2562 5125 religione,
2613 5055 2841 5108 libenter
2869 5053 3127 5122 ejusmodi
3178 5050 3361 5103 munia
3401 5048 3501 5102 ob-

1932 5148 2130 5200 iturum
2181 5143 2349 5198 fuisse
2388 5144 2442 5198 in
2485 5144 2657 5197 aliena
2708 5144 3007 5211 provincia,
3062 5148 3394 5212 repugnante
3437 5154 3501 5193 ac

1930 5252 2155 5307 operam
2190 5253 2345 5293 suam
2378 5238 2677 5308 denegante
2705 5236 2992 5308 provinciae
3027 5232 3465 5302 metropolitano.

2004 5357 2076 5426 (It)
2108 5356 2202 5410 0r.
2226 5355 2317 5410 ΞΟ.

2006 5427 2587 5493 (i)Ep.188,can.l.

2006 5497 2070 5565 ω
2100 5497 2195 5564 Ep.
2231 5496 2355 5556 258.
2390 5514 2442 5551 ιι.
2465 5498 2517 5550 4.

2009 5568 2080 5619 tki
2111 5565 2261 5618 'I'om.
2296 5567 2379 5619 111.

2009 5571 2080 5629 llr)
2111 5571 2261 5618 'l'om.
2296 5571 2379 5620 ΙΙΙ.

2011 5638 2073 5699 (ι)
2112 5635 2207 5702 Ep.
2243 5636 2362 5688 H9.

2015 5706 2109 5772 (ιη)
2150 5705 2242 5769 Ep.
2280 5706 2362 5757 76.

2009 5780 2087 5841 in)
2118 5774 2212 5840 Ep.
2236 5774 2325 5825 99.
