4006 6430
485 389 553 431 1.x
1822 364 2347 421 PIlOLEGUMENA.

558 490 714 546 Anno
737 487 860 553 375,
894 485 1127 541 Faustus
1149 485 1364 556 quidam
1403 451 1468 539 es
1515 483 1766 538 Armenia
1815 483 1962 537 venit
1985 483 2050 536 ad
2081 495 2130 553 Α
2157 487 2221 538 ad
2251 500 2309 540 se
2347 484 2596 555 querelas
2616 500 2676 540 ea
2703 485 2768 540 de
2797 500 2854 540 re
2885 485 3187 540 detulisset.
3232 485 3536 556 Respondet
3567 488 3727 546 Basi—

487 582 743 635 Basilium
771 595 893 636 cum
932 579 1130 634 litteris
1159 579 1256 632 viri
1306 577 1561 648 potentis,
1593 590 1714 644 qua:
1751 585 1809 628 ut
1836 575 1936 628 iste
1970 589 2058 628 or-

489 671 770 726 dinaretur
824 669 1107 738 episcopus
1137 671 1406 737 petebant.
1443 667 1649 732 Rejecit
1682 680 1804 719 eum
1831 664 2058 718 Basilius

490 765 616 832 quia
669 761 868 815 litteris
892 771 946 815 et
977 760 1304 814 testimoniis
1357 758 1731 826 episcoporum
1787 755 2058 808 Armeniae

489 855 725 908 munitus
770 868 874 908 non
906 863 1042 907 erat.
1077 853 1184 906 Sed
1230 853 1330 906 iste
1371 850 1610 918 confugit
1646 848 1710 902 ad
1741 848 2056 902 Antliiutum

489 945 849 1014 Tyanensem,
884 942 1135 997 secunda:
1170 939 1525 1011 Cappadociae
1561 938 2054 1005 metropolitanum,

489 1034 604 1101 qui,
637 1033 868 1088 libenter
893 1032 1232 1086 occasionem
1270 1031 1541 1098 arripiens
1572 1028 1908 1082 vindicandae
1955 1026 2054 1080 sibi

484 1124 897 1194 jurisdictionis,
953 1123 1206 1178 Faustum
1273 1121 1569 1175 ordinavit.
1632 1117 1961 1172 Pcrmoleste
2005 1119 2056 1171 id

492 1218 615 1272 tulit
666 1215 899 1270 Basilius
929 1214 1026 1285 (a),
1053 1229 1117 1269 ac
1154 1213 1400 1284 pluribus
1434 1213 1486 1267 in
1516 1212 1761 1282 epistolis
1818 1220 2057 1265 contem-

492 1318 641 1378 ptum
677 1321 736 1363 se
766 1322 794 1361 a
820 1305 1041 1368 Fausto,
1076 1315 1131 1360 et
1162 1305 1358 1360 factam
1407 1305 1509 1360 sibi
1563 1303 1814 1372 injuriam
1846 1304 1914 1356 ab
1945 1301 2058 1354 An-

491 1400 660 1454 thimo
684 1399 950 1469 queritur.
977 1395 1192 1462 lnjustze
1219 1412 1439 1466 prorsus
1457 1406 1511 1450 et
1539 1395 1784 1450 absurdae
1801 1393 2056 1464 querelae,

492 1491 538 1543 si
575 1491 718 1543 nulla
784 1499 902 1542 erat
955 1487 1008 1540 in
1057 1490 1364 1541 Armeniam
1410 1488 1646 1556 episcopi
1700 1485 2052 1539 Caesariensis

487 1577 807 1646 jurisdictio.
845 1575 1147 1643 Quinetiam
1205 1576 1329 1630 huic
1369 1576 1465 1640 rei,
1504 1590 1623 1642 quae
1662 1583 1828 1628 totam
1866 1573 2057 1627 Arme-

493 1671 638 1722 niam
673 1671 1105 1737 perturbaverat,
1137 1668 1434 1720 remedium
1468 1665 1684 1735 aliquod
1703 1663 2053 1734 Basiliuspro

495 1775 704 1814 summa
731 1775 824 1814 sua
849 1759 1117 1814 charitate
1149 1756 1344 1812 all‘erre
1377 1756 1562 1819 voluit,
1613 1766 1668 1811 et
1719 1756 1785 1810 ad
1839 1755 2055 1811 Ptetueo

495 1852 645 1907 nium
693 1849 932 1918 scripsit,
965 1861 1022 1902 ut
1052 1849 1340 1903 certiorem
1384 1862 1443 1901 se
1497 1847 1702 1902 faceret
1761 1855 1943 1900 utrum
1975 1859 2062 1897 res
2096 1847 2136 1900 Β

493 1943 674 1997 sanari
703 1956 872 1996 necne
897 1951 1081 2009 posset
1117 1959 1132 1993 :
1163 1939 1306 2010 quod
1330 1939 1543 2008 quidem
1594 1936 1734 1991 illius
1768 1936 2058 1990 auctorita-

497 2040 603 2086 tem
627 2040 682 2086 et
704 2030 829 2098 jura
860 2029 1169 2084 conﬁrmat.

563 2127 721 2178 Anno
754 2124 879 2188 575,
915 2134 1130 2178 mortuo
1159 2122 1457 2186 Theodoto,
1489 2137 1611 2176 cum
1641 2122 1938 2191 periculum
1978 2137 2063 2179 es-

495 2227 598 2278 set,
631 2229 697 2266 ne
727 2213 913 2268 Ariani
965 2213 1102 2266 hanc
1128 2212 1426 2270 Ecclesiam
1475 2222 1826 2280 occuparent,
1856 2212 2064 2268 Pmme-

494 2306 618 2361 nius
649 2303 943 2358 Satalensis
981 2305 1284 2374 episcopus,
1322 2303 1572 2359 celeriter
1606 2305 2056 2360 anteveniendum

495 2404 668 2462 ratus,
693 2396 823 2450 inito
860 2411 980 2450 cum
1027 2395 1248 2463 collegis
1279 2394 1525 2460 consilio,
1561 2395 1928 2463 Euphronium
1958 2394 2062 2449 Co-

494 2489 790 2543 loniensem
826 2488 876 2540 in
915 2488 1054 2540 hanc
1111 2485 1292 2539 sedem
1353 2485 1647 2539 transtulit.
1709 2486 1958 2541 Accessit
1999 2490 2065 2539 ad

496 2582 602 2637 hoc
632 2563 918 2636 consilium
944 2579 1246 2633 auctoritas
1275 2574 1486 2641 Basilii,
1521 2586 1576 2629 ut
1605 2593 1668 2628 ex
1701 2577 1943 2645 pluribus
1975 2576 2064 2630 lit-

495 2672 630 2726 teris
667 2671 740 2742 (b)
771 2685 834 2726 ea
859 2670 927 2725 de
972 2684 1029 2723 re
1073 2668 1295 2735 scriptis
1328 2667 1660 2734 perspicitur
1694 2686 1707 2720 :
1740 2681 1868 2720 suas
1897 2667 1963 2719 ad
2001 2667 2066 2719 il-

495 2764 606 2819 lum
639 2762 888 2830 querelas
934 2759 1244 2815 detulerunt
1295 2759 1666 2821 Colonienses,
1707 2772 1842 2827 quos
1877 2758 2069 2810 buma-

496 2855 741 2909 nissimis
783 2852 981 2909 litteris
1017 2851 1327 2906 consolatus
1357 2863 1459 2913 est,
1497 2865 1755 2919 spemque
1798 2849 1975 2903 attulit
2011 2861 2072 2904 se

497 2949 564 3003 ad
597 2964 691 3002 eos
717 2956 1028 3011 venturum,
1054 2959 1115 3001 ac
1148 2946 1397 3000 daturum
1434 2959 1655 3013 operam
1689 2955 1748 2997 ut
1778 2942 1880 3001 illis
1904 2942 2068 2998 satis.-

496 3039 672 3094 ﬂeret.

572 3130 756 3186 Basilii
821 3130 874 3184 in
925 3131 1096 3199 ipsum
1149 3128 1380 3183 Pontum
1426 3127 1722 3181 exarcbica
1775 3127 2074 3181 auctoritas

2166 573 2268 629 lius
2295 590 2352 630 se
2381 585 2658 644 acceptam
2695 575 2945 643 iniuriam
2987 574 3200 629 silentio
3254 577 3560 644 pertulisse,
3595 593 3726 647 pro-

2164 674 2346 732 pterea
2389 665 2530 734 quod
2561 665 2822 733 ejusmodi
2879 664 3139 720 molestiis
3168 677 3387 721 assueto
3420 667 3552 722 nihil
3602 671 3724 723 novi

2167 763 2258 807 aut
2289 755 2642 824 inexspectati
2694 754 2937 808 accidere
2966 755 3253 811 videatur:
3286 767 3539 810 caeterum
3572 772 3723 825 spem

2175 848 2277 902 sibi
2304 848 2580 918 aﬂ‘ulgere,
2618 846 2988 900 Marcellianos
3019 863 3048 900 a
3081 863 3136 901 se
3170 847 3220 900 in
3246 847 3729 918 Ecclesiarnmquis

2165 941 2558 994 Conditionibus
2590 940 2875 992 adductum
2907 939 2990 992 iri.
3025 938 3150 995 Htec
3173 940 3429 994 discimus
3457 955 3523 994 ex
3564 943 3724 1009 epist.

2163 1027 2288 1082 266.
2317 1028 2407 1082 llis
2438 1029 2636 1084 addere
2659 1041 2945 1094 possumus
2977 1029 3116 1095 quod
3150 1029 3480 1083 Sozomenus
3507 1031 3572 1098 (Γ)
3607 1046 3728 1083 nar-

2163 1127 2267 1180 rat,
2288 1116 2603 1172 Gerontium
2631 1116 3095 1171 Nicomediensem
3151 1119 3461 1186 episcopum
3497 1122 3564 1175 ab
3597 1120 3724 1175 llel-

2164 1207 2304 1262 ladio
2334 1207 2650 1262 Caesariensi
2701 1208 3011 1262 ordinatum
3054 1209 3236 1264 fuisse.
3277 1210 3428 1264 Adde
3455 1212 3612 1266 etiam
3646 1222 3726 1266 te-

2162 1298 2469 1352 stimonium
2533 1298 2776 1367 Gregorii
2845 1296 3168 1352 Nazianzeui
3201 1300 3417 1369 (g),qui
3461 1299 3730 1369 quinqua-

2163 1389 2308 1456 ginta
2340 1387 2438 1439 sub
2488 1387 2683 1441 Basilio
2732 1389 3147 1454 cliorepiscopos
3206 1399 3470 1454 numerat,
3525 1390 3576 1442 id
3622 1402 3725 1453 est,

2163 1482 2467 1550 episcopos,
2501 1492 2558 1532 ut
2589 1481 2933 1548 probavimus
2967 1481 3016 1532 in
3041 1479 3193 1534 Notis
3225 1482 3290 1534 ad
3319 1482 3603 1551 epistolam
3636 1484 3727 1539 53.

2165 1571 2452 1642 Conceptis
2493 1573 2674 1626 verbis
2709 1572 3040 1628 Sozoinenns
3091 1570 3167 1640 (It)
3215 1570 3451 1627 Pontica:
3505 1575 3728 1629 dioecesi

2167 1664 2414 1718 attribuit
2476 1663 2735 1732 quidquid
2791 1682 2820 1716 a
2869 1660 3114 1732 Bithynis
3147 1662 3214 1716 ad
3261 1661 3550 1719 Armenios
3601 1681 3729 1734 per-

2170 1755 2322 1812 tinet.

2239 1867 2320 1922 Ill.
2379 1869 2681 1936 Quinetiam
2754 1878 3036 1938 postquam
3097 1868 3434 1939 Cappadocia
3487 1868 3540 1921 in
3598 1870 3736 1924 duas

2165 1957 2468 2025 provincias
2503 1959 2672 2012 divisa
2725 1959 2847 2019 fuit,
2883 1958 3167 2026 episcopus
3213 1957 3562 2012 Cmsariensis
3592 1959 3731 2010 amiv

2163 2051 2235 2103 sit
2265 2049 2476 2115 quidem
2527 2051 2939 2118 inettopolitana
2969 2049 3085 2118 jura
3113 2049 3163 2102 in
3197 2051 3486 2103 secundant
3527 2048 3738 2117 Cappa-

2164 2139 2393 2203 dociam,
2432 2140 2524 2192 sed
2559 2141 2843 2194 exarcbica
2890 2141 3132 2194 retinuit.
3165 2138 3297 2192 Nam
3345 2139 3585 2194 Ecclesia
3634 2138 3739 2191 Na-

2165 2227 2444 2289 zianzena,
2498 2242 2618 2296 quas
2653 2228 2929 2296 metropoli
2986 2228 3257 2297 Tyauensi
3317 2230 3579 2283 attributa
3609 2227 3732 2292 fuit,

2166 2332 2271 2370 non
2294 2316 2495 2370 idcirco
2523 2315 2679 2370 desiit
2723 2317 3063 2371 exarchicam
3111 2320 3488 2374 auctoritatem
3540 2322 3592 2375 in
3628 2323 3744 2388 epi-

2166 2406 2344 2473 scopis
2361 2403 2786 2458 Cmsariensibus
2813 2405 3068 2458 revereri.
3095 2405 3147 2459 Id
3170 2408 3470 2476 colligimus
3493 2424 3558 2464 ex
3579 2411 3740 2478 epist.

2169 2493 2238 2548 54
2267 2495 2510 2564 Gregorii
2544 2493 2891 2558 Nazianzeni,
2939 2497 3029 2563 qui
3066 2509 3188 2550 cum
3245 2498 3576 2552 sustinendis
3625 2500 3744 2568 epi-

2168 2588 2478 2656 scopalibus
2507 2588 2707 2642 muniis
2766 2589 3026 2657 imparem
3052 2603 3110 2642 se
3145 2587 3350 2641 videret
3379 2590 3447 2640 ob
3479 2604 3742 2645 summam

2169 2680 2414 2748 corporis
2441 2680 2795 2743 debilitatem,
2827 2681 3127 2735 Helladium
3161 2681 3549 2734 Caesariensem
3599 2694 3742 2747 orat,

2169 2779 2230 2826 ut
2263 2770 2468 2824 senium
2521 2786 2698 2836 suum,
2751 2771 2927 2827 dando
2960 2771 3218 2829 Ecclesia:
3247 2771 3602 2825 Nazianzena:
3627 2775 3747 2841 epi-

2169 2877 2355 2932 sc0po,
2382 2863 2709 2916 consoletur.
2743 2862 2975 2916 Baronio
2998 2865 3214 2918 dubium
3256 2865 3477 2916 minime
3509 2862 3742 2927 videtur,

2169 2957 2299 3027 quin
2325 2955 2437 3010 haec
2458 2955 2680 3023 epistola
2709 2958 2776 3009 ad
2801 2955 3100 3010 Helladium
3125 2957 3510 3012 Caesariensem
3532 2956 3734 3023 scripta

2170 3048 2242 3101 sit
2271 3066 2284 3101 :
2318 3048 2412 3100 sed
2435 3047 2558 3100 inde
2581 3046 2852 3101 concludit
2884 3048 3119 3100 nondum
3149 3047 3457 3114 episcopum
3490 3045 3746 3113 Tyaneu-

2174 3149 2288 3188 sem
2316 3136 2728 3204 metropolitano
2753 3137 2876 3205 jure
2913 3136 2966 3189 in
2997 3135 3235 3189 secunda
3278 3136 3617 3204 Cappadocia
3649 3147 3750 3201 po-

501 3223 917 3293 przeclarissimo
957 3229 1276 3287 argumento
1327 3219 1657 3282 lirmaretur,
1689 3217 1731 3272 si
1769 3233 1954 3272 verum
1986 3233 2068 3272 es-

2181 3226 2334 3278 titum
2363 3238 2505 3287 esse,
2547 3239 2668 3276 cum
2713 3225 2827 3278 haec
2881 3227 3143 3279 scriberet
3186 3224 3503 3294 Gregorius.
3553 3222 3748 3277 Merito

502 3321 586 3366 set
620 3310 762 3379 quod
819 3313 896 3364 ait
936 3309 1298 3366 Gothofredus
1342 3309 1440 3378 (c),
1497 3307 1652 3362 Ponti
1695 3309 1977 3376 episcopos
2003 3306 2070 3361 ab

503 3419 569 3459 eo
601 3411 929 3458 convocatos
955 3401 1032 3472 (d)
1067 3401 1132 3454 de
1165 3415 1312 3454 more
1346 3400 1410 3452 ad
1438 3401 1699 3469 synodum
1737 3401 1922 3454 fuisse.
1963 3397 2069 3454 Sed

502 3508 598 3548 eos
621 3495 684 3546 ad
703 3492 964 3563 synodum
987 3490 1205 3544 minime
1228 3502 1386 3542 vocat
1418 3511 1429 3544 :
1466 3490 1713 3542 hortatur
1747 3499 1980 3553 tantum,
2012 3499 2070 3544 ut

502 3584 867 3638 intermissam
901 3581 1160 3634 obeunda-
1187 3580 1518 3633 celebritatis
1553 3577 1911 3646 S.Eupsycltii
1945 3595 2072 3633 cou-

502 3675 841 3742 suetndinem
863 3672 1077 3727 tandem
1112 3672 1401 3740 aliquando
1421 3682 1719 3725 resuinant.
1753 3671 2070 3740 Quanquam

502 3765 622 3820 hac
655 3765 767 3834 ipsa
791 3765 1126 3819 consuetudo
1161 3765 1370 3817 videtur
1389 3763 1823 3817 observationem
1841 3771 1897 3817 et
1919 3775 2072 3816 reve-

504 3858 736 3912 rentiam
773 3856 824 3909 in
861 3855 1158 3909 Eeclesiam
1199 3854 1613 3919 Cwsariensem,
1656 3856 1788 3909 utin
1829 3870 2071 3910 commu-

505 3963 627 4002 nem
658 3957 906 4015 matrem,
941 3945 1215 4001 habuisse.
1268 3944 1374 3997 Sed
1408 3946 1610 3998 certius
1640 3945 1792 3998 nobis
1849 3946 2073 4000 rationis

506 4049 838 4094 momentum
888 4038 1193 4106 suppeditat
1243 4036 1517 4100 Atarbius,
1566 4036 1966 4100 Neoczesareee,
2016 4048 2074 4090 ut

507 4130 693 4185 multis
746 4129 1060 4196 conjiciinus
1102 4128 1336 4192 indiciis,
1375 4129 1678 4195 episcopus.
1721 4127 1769 4181 ls
1799 4143 1918 4182 cum
1974 4125 2075 4179 Ba-

509 4219 691 4273 silium
714 4220 891 4273 media
926 4219 976 4270 in
1013 4218 1258 4273 Ecclesia
1286 4217 1569 4273 acerrimis
1597 4216 1897 4271 maledictis
1929 4217 2074 4270 laee-

509 4317 706 4371 rasset,
743 4321 806 4363 ac
837 4316 1092 4374 praetcrea
1124 4307 1413 4360 Sabelliani
1440 4305 1642 4359 erroris
1687 4316 2072 4369 accusaretur;

512 4399 705 4452 scribit
729 4397 794 4451 ad
827 4410 949 4450 eun:
989 4395 1220 4449 Basilius
1251 4394 1342 4463 (ε),
1378 4405 1433 4448 ut
1455 4394 1757 4448 Caesaream
1793 4395 1990 4459 veniat,
2024 4408 2076 4447 et

513 4489 578 4541 de
607 4487 771 4540 illatis
809 4487 1128 4541 criminibus
1170 4486 1511 4552 reSpondeat.

2177 3313 2422 3382 displicet
2451 3315 2562 3366 lnec
2595 3313 2776 3382 opinio
2815 3312 3158 3366 Tilleniontio
3196 3331 3210 3378 ;
3247 3331 3310 3368 ac
3342 3317 3506 3368 alium
3565 3314 3746 3368 Caesa-

2180 3405 2341 3459 riensi
2381 3403 2676 3458 Helladium
2713 3403 2984 3474 intelligit,
3016 3420 3178 3456 unum
3231 3405 3464 3471 aliquem
3494 3406 3751 3460 videlicet

2177 3512 2240 3548 ex
2270 3496 2533 3565 episcopis
2557 3496 2808 3550 secundae
2837 3495 3209 3563 Cappadocia}.
3255 3494 3358 3548 Sed
3391 3505 3615 3563 uterque
3644 3497 3751 3551 mi-

2179 3603 2280 3640 nus
2311 3587 2714 3651 animadvertit,
2743 3589 3094 3641 cxarchicum
3143 3586 3232 3655 jus
3263 3585 3517 3654 episcopo
3557 3582 3747 3639 Caesa-

2181 3677 2342 3728 riensi
2377 3677 2606 3729 ablatum
2642 3694 2746 3732 non
2775 3677 2941 3733 fuisse
2987 3679 3037 3730 in
3075 3677 3308 3732 secunda
3339 3675 3680 3745 Cappadocia
3715 3694 3733 3743 ;

2182 3779 2284 3822 nec
2334 3778 2553 3818 necesse
2590 3774 2674 3818 est
2700 3775 2794 3819 aut
2834 3767 2996 3819 alium
3043 3766 3365 3821 Caesariensi
3431 3765 3738 3822 Helladium

2179 3870 2301 3912 eum
2331 3853 2670 3911 Tilleinoutio
2701 3856 2987 3925 suspicari,
3025 3869 3114 3908 aut
3148 3856 3474 3912 Nazianzum
3511 3857 3749 3912 nondum

2180 3948 2383 4018 'l‘yanis
2433 3947 2751 4002 attributum
2809 3961 2929 4000 cum
2989 3945 3218 3998 Baronio
3246 3946 3536 4016 conjicere.
3569 3945 3752 3999 Facile

2181 4041 2324 4092 enim
2356 4039 2671 4106 intelligitur
2690 4054 2874 4092 curam
2909 4037 3170 4096 Ecclesia:
3194 4037 3513 4106 jamdudum
3548 4037 3753 4102 episco-

2182 4140 2249 4192 po
2283 4128 2452 4178 viduze
2475 4138 2529 4180 et
2562 4127 2629 4180 ab
2654 4127 2922 4182 luereticis
2972 4129 3216 4189 turbatm,
3248 4124 3423 4195 qualis
3456 4133 3582 4177 tunc
3623 4133 3749 4176 erat

2183 4213 2422 4267 Ecclesia
2457 4215 2822 4280 Nazianzena,
2857 4218 3124 4285 praecipue
3160 4217 3379 4282 quidem
3407 4222 3462 4267 et
3505 4211 3752 4280 proximo

2182 4307 2248 4360 ad
2279 4307 2748 4372 metropolitanum
2806 4320 3109 4376 spectasse,
3150 4309 3246 4362 sed
3283 4318 3459 4360 tamen
3513 4303 3748 4369 aliquam

2182 4397 2343 4464 hujus
2385 4394 2764 4448 sollicitudinis
2823 4410 3029 4464 partem
3059 4399 3123 4451 ad
3152 4397 3448 4450 exnrcbum
3501 4390 3745 4444 rediisse.

2185 4488 2342 4542 Certe
2375 4484 2592 4544 dubium
2635 4499 2755 4540 esse
2807 4503 2912 4540 non
2961 4498 3156 4554 potest,
3207 4490 3332 4555 quin
3369 4502 3428 4540 se
3477 4481 3751 4538 llelladius

582 4576 698 4646 Ipsa
735 4579 897 4631 etiam
929 4576 1140 4631 Galatia
1192 4575 1570 4630 auctoritatem
1623 4575 1877 4632 Ecclesiae
1904 4575 2082 4630 01253-
2116 4567 2155 4622 Ι)
2185 4573 2532 4628 Ctesariensis
2587 4576 2638 4628 in
2685 4575 2788 4628 hoc
2832 4577 3101 4642 negotium
3161 4576 3563 4648 interposuerit.
3611 4579 3748 4635 Eum

513 4669 708 4723 riensis
741 4669 991 4722 reverita.
1019 4667 1253 4721 Marcelli
1299 4666 1554 4735 discipuli
1590 4682 1710 4719 cum
1750 4669 2077 4737 petiissenta

511 4761 736 4826 Basilio,
764 4771 824 4814 ut
868 4760 920 4813 in
978 4759 1271 4812 Ecclesiam
1325 4759 1711 4827 reciperentur,
1757 4774 1854 4812 nec
1898 4760 2079 4812 statim

514 4853 892 4918 impetrassent
930 4849 1071 4918 quod
1108 4847 1382 4909 volebant,
1415 4850 1538 4914 quia
1597 4865 1682 4901 res
1740 4849 1917 4917 magni
1965 4863 2080 4900 mn-

514 4944 680 4995 tnenti
716 4950 854 5004 erat,
886 4955 950 4994 ac
988 4954 1194 5006 magna:
1243 4937 1683 5001 deliberationis;
1716 4936 2080 5005 confugerunt

515 5030 584 5085 ad
620 5031 956 5083 confessores
973 5027 1257 5097 Egyptios
1284 5028 1335 5079 in
1367 5025 1647 5078 Palmstina
1677 5026 1910 5087 essules,
1939 5037 1990 5078 et
2015 5027 2080 5077 ab

513 5125 594 5178 eis
624 5122 675 5174 in
705 5120 1138 5174 communionem
1198 5119 1397 5185 recepti
1435 5129 1579 5170 sunt.
1613 5116 1806 5170 Petrus
1838 5117 2078 5169 Alexan-

516 5216 725 5278 drinus,
757 5213 846 5282 qni
880 5212 1063 5265 Roma:
1091 5211 1433 5273 versabatur,
1467 5208 1660 5261 iactam
1695 5209 1891 5264 Basilio
1909 5210 2080 5263 doluit

519 5305 791 5376 injuriam,
821 5318 985 5372 seque
1017 5302 1202 5358 mirari
1225 5300 1419 5356 Basilio
1439 5299 1781 5370 signiﬁcavit,
1804 5303 1943 5370 quod
1973 5318 2076 5355 non

593 5487 669 5552 (rt)
707 5486 872 5550 Epist.
913 5485 1035 5547 1‘20,
1071 5482 1193 5544 19.1,
1224 5483 1344 5535 1'22.

594 5555 667 5625 (ι)
708 5555 801 5623 κν.
829 5556 956 5614 227,
982 5555 1106 5618 eas,
1144 5553 1424 5625 229,250.

619 5637 665 5689 ε)
709 5625 839 5677 Cod.
877 5626 1079 5678 'l‘lieod.
1117 5637 1245 5678 toni.
1274 5623 1358 5690 Vl,
1386 5642 1438 5694 p.
1472 5623 1552 5684 1‘3,

620 5699 674 5758 ά)
714 5694 806 5762 Ep.
843 5694 966 5745 “252.

598 5763 663 5831 (fl
704 5766 796 5816 Fin.
840 5763 961 5817 1‘26.

2186 4669 2326 4720 enim
2389 4669 2700 4723 nominatim
2747 4668 2951 4721 incusat
2989 4669 3279 4738 Gregorius
3328 4671 3379 4722 in
3435 4670 3590 4738 epist.
3621 4672 3748 4739 225,

2186 4756 2326 4823 quod
2343 4757 2518 4812 obstet
2535 4757 2865 4812 ordinationi
2882 4761 3110 4829 episcopi
3135 4762 3183 4812 in
3203 4759 3439 4813 Ecclesia
3458 4761 3750 4825 Nazianze~

2186 4860 2252 4897 na
2287 4862 2300 4911 ;
2361 4849 2518 4915 idque
2555 4862 2658 4900 non
2688 4848 2917 4913 spiritali
2962 4849 3204 4912 consilio,
3241 4849 3334 4902 sed
3379 4852 3748 4907 contentionis

2187 4942 2387 5000 studio,
2421 4954 2520 4993 nec
2549 4941 2615 4992 au
2645 4954 2910 4994 canonum
2947 4940 3336 5008 defensionem,
3371 4944 3464 4996 sed
3512 4944 3579 4998 ad
3610 4944 3746 4996 iram

2185 5029 2526 5098 explendam.
2569 5030 2752 5098 Neque
2808 5035 2968 5086 etiam
3029 5031 3254 5086 Basilius
3309 5033 3534 5088 llelladii
3566 5035 3750 5090 doces-

2189 5137 2278 5172 sor
2309 5136 2496 5172 curam
2557 5121 2756 5187 abjccit
2793 5121 3451 5178 EcclesiteNazianzenzc.
3485 5121 3618 5175 Cum
3653 5139 3747 5175 ve-

2190 5211 2732 5276 nissetNaziauzum,
2767 5226 2824 5268 ut
2873 5224 3086 5269 mortuo
3129 5213 3382 5283 Theolngi
3427 5218 3562 5283 patri
3599 5215 3746 5284 justa

2187 5305 2547 5372 persolveret,
2582 5317 2732 5376 rogat
2782 5324 2902 5362 cum
2949 5308 3241 5378 Gregorius
3287 5307 3384 5377 (ἰ),
3440 5317 3496 5361 ut
3529 5321 3745 5377 gregem

2264 5487 2330 5550 (Γ)
2373 5487 2486 5540 Lib.
2526 5503 2644 5547 vm,
2674 5502 2721 5539 c.
2756 5487 2806 5540 6.

2268 5561 2339 5622 (g)
2381 5560 2560 5608 Curtii.
2599 5559 2642 5606 1.

2264 5625 2340 5692 HI)
2384 5625 2497 5677 Lib.
2531 5641 2622 5690 γιι,
2651 5644 2694 5678 c.
2731 5628 2780 5679 9.

2266 5697 2326 5764 (ὅ)
2366 5697 2452 5748 Ur.
2488 5695 2568 5750 19.
