4006 6440
1547 396 1701 453 ἩΤΑ
1741 397 1797 452 S.
1834 395 2099 453 BASILu.
3356 415 3445 457 ut

212 507 611 561 Nazianzenum
662 505 992 575 consoletur,
1040 522 1222 562 curam
1267 508 1316 563 el
1366 522 1517 563 suam
1570 521 1636 563 ac
1682 508 1779 563 du-
1808 513 1856 572 Α
1882 508 2185 574 obtinuisse,
2215 516 2264 561 et
2291 523 2395 562 una
2417 522 2540 561 cum
2570 506 2663 562 illo
2687 505 2879 561 Basilii
2901 509 3119 577 fratrem
3142 506 3448 581 Gregorium

212 612 357 654 Ctttm
402 600 802 668 promittendo:
838 599 1016 670 Ἠμᾶς
1052 600 1149 671 μὲν
1178 598 1321 655 οὕτω
1376 598 1782 672 παραμυΟήσ-ῃ·

213 690 311 759 τὴν
338 688 575 759 ποίμνην
596 688 652 742 δὲ
682 688 832 757 πῶς;
865 689 1078 761 πρῶτον
1122 689 1240 762 μὲν,
1280 689 1377 762 τὴν
1418 689 1515 760 σὴν
1553 689 1787 759 ὑποσχό-

218 798 375 854 μενος
409 782 732 836 ἐπιστασίαν
766 782 857 836 καὶ
886 783 1199 854 ἡγεμονίαν,
1232 774 1293 835 οὗ
1323 784 1456 837 πᾶσι
1486 782 1646 837 καλὸν
1681 781 1787 834 ὑπὸ

213 874 310 937 τὰς
338 874 620 943 πτέρυγας
670 875 1066 937 ἀναπαύεσθαι,
1117 875 1210 928 καὶ
1259 867 1319 927 οὗ
1378 874 1623 945 διψῶμεν
1686 876 1787 943 τῆς

215 968 398 1039 φωνῆς
431 967 649 1039 μᾶλλον,
680 969 713 1040 ἣ
747 969 927 1039 πηγῆς
957 968 1057 1038 τῆς
1101 968 1512 1039 καθαρωτάτης,
1565 967 1613 1019 οἱ
1641 965 1784 1037 δίψει

216 1062 539 1132 κάμνοντες.
566 1063 640 1117 Ac
672 1079 765 1118 nos
801 1063 1011 1133 quidem
1055 1064 1123 1116 ad
1148 1063 1284 1116 hunc
1308 1062 1519 1115 modum
1539 1059 1785 1114 consola-

216 1154 350 1207 beris
375 1168 395 1208 :
439 1170 671 1225 quonam
709 1162 885 1208 autem
943 1162 1098 1221 pacto
1153 1153 1405 1222 gregem?
1458 1150 1700 1204 Primum
1740 1152 1785 1205 si

215 1260 397 1297 curam
437 1256 584 1298 tuam
634 1253 682 1297 et
722 1244 934 1295 ductum
979 1253 1125 1295 tuum
1143 1244 1269 1311 (hoc
1302 1251 1379 1296 est
1404 1241 1517 1310 ejus
1539 1243 1658 1309 viri,
1690 1242 1784 1296 sub

215 1335 365 1401 cujus
394 1337 578 1401 pennis
611 1334 930 1403 requiescere
971 1335 1205 1387 omnibus
1239 1331 1517 1400 pulchrum
1558 1349 1620 1385 ac
1650 1349 1787 1402 pra!-

216 1426 421 1479 clarum
455 1436 550 1488 est,
581 1436 627 1478 et
652 1427 804 1493 cujus
840 1442 1011 1479 uocem
1042 1427 1208 1494 magis
1236 1426 1467 1496 sitimus.
1506 1442 1663 1495 quam
1685 1442 1785 1494 pu-

216 1517 455 1569 rissimos
495 1514 767 1584 fontes,ii,
798 1516 889 1583 qui
928 1516 1016 1569 siti
1041 1512 1307 1584 laborant)
1340 1530 1443 1567 non
1482 1514 1787 1582 defuturum

216 1606 538 1676 polliceoris.
590 1604 851 1661 Redeunti
890 1622 921 1659 e
969 1606 1136 1658 Ponto
1172 1620 1313 1658 anno
1342 1604 1468 1671 375,
1499 1619 1620 1658 cum
1649 1619 1787 1657 nun-

216 1698 348 1749 tiata
390 1704 536 1750 esset
566 1696 843 1765 repentina
868 1696 1114 1763 Gregorii
1164 1695 1429 1750 discessio
1450 1737 1465 1761 ,
1492 1695 1704 1748 videtur
1733 1694 1784 1747 id

221 1788 449 1842 moleste
479 1788 665 1843 tulisse
688 1828 702 1853 ,
730 1803 892 1855 seque
914 1826 928 1850 ,
956 1786 1025 1839 ob
1065 1786 1208 1840 hunc
1258 1786 1589 1855 inopinatum
1621 1797 1781 1838 even-

1885 597 2185 667 episcopum
2233 595 2460 669 Nysste,
2499 606 2549 651 et
2594 596 2833 652 Otreium
2860 600 3156 668 episcopum
3199 599 3450 656 Helitinc

1885 690 1941 743 in
1965 689 2236 755 Armenia,
2273 702 2381 744 etc.

1958 778 2062 835 Sed
2104 780 2220 834 haec
2252 780 2384 834 tanti
2418 793 2539 835 esse
2581 794 2688 833 non
2728 779 2958 846 debent,
2994 789 3054 834 ut
3086 778 3153 834 de
3182 781 3450 835 rationum

1892 870 2198 934 momentis,
2233 884 2367 938 quas
2398 870 2465 923 ad
2504 868 2937 939 jurisdictionem
2973 869 3228 925 Ecclesia:
3268 870 3451 925 Caesa-

1887 961 2081 1015 riensis
2119 959 2416 1025 attulimus,
2466 959 2759 1029 quidquam
2801 960 3102 1014 detrahant.
3139 959 3194 1012 1·
3236 959 3454 1015 Minimo

1886 1052 2104 1116 mirum,
2163 1052 2206 1106 si
2258 1053 2496 1121 synodus
2540 1051 3138 1121 Constantinopolitana
3187 1053 3357 1107 sancit
3394 1060 3454 1105 ut

1886 1143 2176 1214 Egyptum
2209 1148 2495 1212 episcopus
2516 1143 2914 1199 Alexandrinus
2941 1155 3113 1211 regat,
3152 1144 3455 1213 dexpisco-

1886 1236 1968 1304 pis
1999 1245 2176 1288 autem
2229 1235 2515 1305 Ephesinis
2554 1247 2609 1291 et
2652 1235 3075 1291 Cresarieusibus
3110 1236 3250 1291 idem
3280 1237 3452 1291 nomi-

1888 1325 2058 1377 natim
2101 1339 2207 1377 non
2258 1326 2467 1379 statuit.
2513 1326 2670 1380 Ratio
2707 1326 3034 1381 discriminis
3080 1325 3131 1379 in
3180 1336 3450 1396 promptu.

1887 1412 2050 1466 Multo
2102 1415 2273 1481 major
2327 1424 2447 1468 erat
2494 1416 2795 1470 auctoritas
2836 1415 3073 1484 episcopi
3106 1415 3452 1470 Alexandrini

1889 1506 1943 1559 in
1986 1504 2244 1575 Egypto,
2293 1521 2454 1576 quam
2513 1508 2888 1574 episcoporum
2951 1506 3339 1575 Ephesinorum
3399 1518 3455 1561 et

1886 1594 2296 1649 Caesariensium
2358 1597 2408 1649 in
2468 1596 2793 1649 dimcesibus
2834 1596 2979 1650 Asia:
3013 1606 3068 1650 et
3114 1596 3365 1660 Ponticas,
3399 1596 3451 1648 in

1887 1686 2080 1753 quibus
2124 1687 2663 1756 metropolitanorum
2701 1688 2993 1740 auctoritas
3020 1686 3450 1752 jurisdictionem

1887 1778 2105 1831 exarchi
2136 1779 2337 1832 arctius
2365 1781 2647 1833 coercebat
2692 1800 2704 1836 :
2737 1778 2879 1848 qnod
2909 1780 2960 1831 in
2989 1776 3223 1848 Egypto
3251 1778 3452 1833 factum

217 1882 451 1951 tum(u),
477 1849 701 1936 necesse
736 1849 1039 1933 habiturum
1068 1849 1629 1945 putabatNaziauzum
1655 1891 1780 1943 pro-
1813 1849 1858 1907 Β
1888 1866 2050 1920 fuisse
2103 1882 2208 1921 non
2244 1868 2478 1922 videtur.
2514 1869 2589 1921 lbi
2618 1871 2761 1922 enim
2798 1870 2888 1923 vix
2927 1869 3020 1923 ulli
3063 1871 3311 1924 videntur
3356 1884 3456 1925 ex-

218 1971 413 2023 licisci.
458 1970 627 2024 Porro
669 1983 772 2022 non
819 1966 920 2019 alia
965 1982 1084 2021 esse
1141 1971 1314 2036 potuit
1363 1967 1520 2034 hujus
1573 1966 1783 2023 itineris

218 2060 555 2128 suscipiendi
608 2071 809 2121 causa,
864 2058 967 2111 nisi
1021 2066 1080 2110 ut
1130 2056 1385 2113 Ecclesiae
1435 2057 1785 2115 Nazianzenus

220 2153 553 2221 provideret.

292 2239 382 2295 IV.
425 2238 651 2293 Frustra
707 2238 962 2306 objicitur
1020 2238 1417 2298 Caesariensem
1477 2243 1784 2311 episcopum

218 2332 333 2383 sedi
386 2328 994 2397 Constantinopolitarm
1025 2330 1319 2396 subjectum
1360 2330 1523 2386 fuisse
1545 2346 1573 2384 a
1609 2330 1786 2384 conci-

223 2420 296 2472 lio
342 2416 790 2472 Chalcedonensi.
837 2417 1139 2485 Quinetiam
1184 2430 1309 2474 ante
1358 2421 1460 2475 hoc
1503 2420 1784 2473 concilium

217 2508 462 2575 cpiscupi
518 2508 1094 2577 Constantinopolitani
1135 2510 1562 2578 jurisdictionem
1630 2526 1783 2565 suam

218 2600 271 2651 in
312 2599 458 2653 Asia:
488 2610 543 2653 et
588 2598 826 2654 Ponticae
878 2601 1139 2653 dioeceses
1179 2601 1537 2655 extenderunt
1578 2619 1590 2655 :
1635 2602 1787 2669 cujus

219 2691 441 2760 quidem
473 2693 549 2745 rei
580 2693 745 2745 multa
780 2700 992 2744 exstant
1018 2692 1261 2760 exempla
1286 2694 1496 2748 inAsia:
1531 2694 1787 2763 dimccsi;

215 2784 342 2836 illud
359 2792 539 2836 autem
558 2783 609 2834 in
629 2781 847 2835 Pontica
866 2781 1091 2850 insigne,
1106 2785 1243 2851 quod
1261 2785 1357 2855 (b),
1379 2798 1587 2840 mortuo
1607 2786 1790 2842 Firmo

214 2874 538 2929 Caesariensi
564 2874 853 2942 episcopo,
883 2874 1249 2931 Cwsarienses
1284 2894 1312 2930 a
1346 2877 1401 2931 S.
1434 2877 1624 2932 Proclo
1651 2876 1791 2932 Con-

212 2962 701 3031 stantinopolitano
718 2963 1027 3034 episcopum
1064 2966 1351 3035 petierunt,
1389 2966 1538 3033 isque
1563 2966 1788 3020 Thalas-

215 3056 353 3107 sium
389 3055 551 3124 elegit
571 3066 626 3113 ct
654 3057 943 3111 ordinavit.
979 3056 1227 3121 Frustra,
1264 3055 1504 3123 inquam,
1528 3056 1640 3111 hate
1656 3056 1790 3125 obji-

1889 1958 2096 2013 Stitisse
2132 1959 2551 2028 metropolitani.
2573 1958 2631 2011 2-
2651 1957 2988 2028 Propositum
3024 1974 3128 2014 non
3153 1968 3272 2014 erat
3299 1972 3459 2028 syno-

1887 2051 1955 2104 do
2004 2050 2053 2103 in
2108 2049 2208 2103 hoc
2253 2050 2487 2104 secundo
2526 2064 2733 2104 canone
2785 2050 2851 2103 de
2907 2052 3071 2105 variis
3116 2052 3167 2105 in
3216 2066 3457 2119 unaqua-

1887 2158 1993 2213 quc
2035 2143 2255 2197 dioecesi
2284 2143 2607 2211 dignitatum
2637 2144 2889 2209 gradibus
2917 2154 3185 2198 statuere:
3214 2144 3306 2198 sed
3336 2159 3459 2213 pro-

1890 2233 2073 2285 bibere
2103 2245 2170 2286 ne
2210 2232 2264 2284 in
2319 2234 2524 2286 alienas
2574 2232 2840 2288 dimceses
2879 2233 3158 2302 quisquam
3198 2249 3319 2288 sese
3356 2235 3456 2288 ob—

1891 2325 2144 2377 truderet.
2190 2322 2286 2378 Cui
2318 2326 2533 2393 quidem
2569 2327 2761 2378 canoni
2802 2341 2904 2380 non
2942 2326 3187 2379 ridentur
3210 2325 3455 2380 occasio-

1889 2424 2007 2460 nem
2040 2407 2254 2462 dedisse
2293 2408 2664 2464 ordinationes
2710 2410 3102 2478 persecutionis
3149 2419 3386 2478 tempore
3424 2424 3455 2464 α

1890 2498 1947 2553 S.
2001 2498 2229 2552 Eusebio
2274 2508 2328 2553 et
2375 2500 2495 2553 aliis
2543 2502 2803 2568 ejusmodi
2835 2502 3296 2568 prmstantissimis
3329 2502 3460 2556 viris

1888 2590 2078 2657 factm;
2116 2592 2210 2645 scd
2254 2592 2430 2660 potius
2460 2591 2733 2661 illegitima
2775 2592 2991 2645 Maximi
3034 2608 3130 2662 per
3171 2593 3453 2663 episcopos

1892 2699 1921 2737 a
1956 2684 2112 2737 Petro
2138 2682 2509 2737 Alexandrino
2542 2683 2736 2737 missos
2760 2683 3047 2737 ordinatio.

1968 2773 2117 2839 Quod
2146 2778 2356 2840 spectat
2387 2772 2451 2825 ad
2480 2772 2793 2836 Socratem;
2826 2784 2967 2827 totus
2995 2781 3143 2827 errat
3171 2774 3274 2828 hoc
3305 2772 3423 2828 loco
3444 2816 3459 2839 ,

1890 2872 2089 2918 etcum
2138 2862 2373 2917 secundo
2424 2878 2632 2917 canone
2684 2863 2965 2918 confundit
3020 2864 3165 2917 aliud
3218 2864 3459 2929 ejusdem

1891 2955 2077 3026 synodi
2120 2954 2421 3021 decretum,
2451 2968 2600 3023 quae,
2636 2964 2695 3007 ut
2731 2956 2943 3009 tandem
2972 2954 3262 3024 aliquando
3288 2953 3459 3007 hatre-

1895 3047 1982 3100 tici
2011 3056 2424 3100 secernerentur
2449 3062 2476 3098 a
2513 3047 2813 3109 catholicis.
2840 3055 3021 3100 centra
3048 3046 3289 3119 qumdam
3314 3058 3463 3097 cont-

212 3145 453 3198 ciantur.
478 3145 610 3199 Nam
642 3162 706 3200 ex
729 3148 813 3201 his
836 3148 1051 3215 quidem
1088 3154 1231 3199 recte
1266 3146 1535 3216 colligitur
1574 3150 1783 3218 episcoo

1895 3136 2163 3189 nmniouis
2208 3136 2443 3190 instituit
2469 3136 2520 3189 in
2557 3135 2783 3206 singulis
2834 3137 3198 3199 dimcesibus,
3248 3143 3303 3188 et
3340 3148 3464 3203 spe.

214 3248 313 3301 pos
365 3234 727 3290 Caesarienscs
750 3250 803 3290 et
830 3235 1123 3303 Epltesiuos
1145 3252 1248 3291 non
1274 3248 1433 3293 tanta
1456 3242 1786 3297 auctoritatis

218 3326 432 3392 fuisse,
490 3337 703 3395 quantae
741 3326 1106 3383 Antiochenos
1160 3340 1215 3383 et
1256 3330 1685 3399 Alexandrinos,
1732 3343 1789 3387 ut

214 3433 405 3471 eorum
437 3418 558 3486 jura
624 3420 941 3475 immensam
994 3422 1363 3490 episcoporum
1408 3421 1785 3476 Constantino-

222 3512 587 3580 politanorum
644 3523 961 3582 potestatem
1024 3513 1340 3582 ell'ugerent.
1403 3516 1473 3568 At
1513 3514 1626 3569 haec
1666 3513 1786 3579 jura

218 3619 496 3673 nunquam
554 3621 649 3660 eos
687 3607 958 3671 habuisse,
1006 3607 1276 3660 immerito
1306 3620 1535 3674 prorsus
1576 3604 1790 3673 colliga-

221 3706 331 3745 lUl'.

291 3781 397 3835 Sed
453 3783 544 3851 qui
596 3782 939 3837 exarchicum
1007 3782 1093 3852 jus
1160 3783 1481 3841 Caesariensi
1542 3788 1791 3855 episcopo

219 3874 507 3943 denega‘nt,
541 3875 757 3928 decreto
806 3877 995 3948 synodi
1034 3880 1383 3935 mcumenicas
1432 3881 1679 3931 secunda:
1711 3880 1792 3930 ui-

221 3975 429 4032 tuntur,
462 3981 582 4035 qua:
619 3982 828 4022 canone
862 3970 896 4020 Ξ
944 3966 1221 4023 Ponticam
1248 3969 1522 4023 dimcesim
1560 3984 1662 4021 non
1701 3971 1789 4021 uni

224 4059 466 4114 exarcho
512 4060 794 4122 attribuit,
844 4069 899 4111 ut
932 4058 1223 4129 Egyptum
1269 4061 1521 4129 episcopo
1559 4061 1790 4115 Alexan-

220 4149 372 4211 ἀπίω,
402 4150 493 4201 sed
524 4152 701 4203 sancit
740 4160 792 4201 ut
820 4150 1032 4203 Asiana:
1075 4151 1347 4203 diwceseos
1387 4151 1609 4218 episcopi
1641 4152 1793 4204 Asia-

224 4260 346 4298 nam
375 4252 581 4297 tantum
611 4245 916 4314 gubernent,
950 4260 1040 4297 nec
1062 4259 1161 4297 non
1192 4253 1240 4296 et
1264 4241 1497 4297 Pontica:
1519 4244 1792 4299 dioeceseos

222 4356 282 4390 ea
314 4345 520 4390 tantum
554 4353 669 4403 qua:
708 4339 775 4388 ad
812 4335 1089 4389 Ponticam
1123 4335 1388 4387 dioecesim
1423 4340 1716 4405 pertinent:
1746 4346 1792 4388 et

224 4426 469 4481 Thracia:
498 4444 557 4477 ea
598 4438 802 4477 tantum
834 4443 950 4496 qua:
976 4427 1211 4481 Thracia:
1236 4435 1379 4487 sunt,
1406 4430 1789 4482 administrent.

224 4518 392 4573 Favet
430 4519 551 4572 huic
580 4518 859 4570 sentcntiae
893 4517 1181 4582 Socrates,
1216 4519 1304 4587 qui
1354 4519 1627 4584 llclladio,
1656 4518 1788 4572 Gre-

223 4610 375 4676 gorio
416 4608 660 4679 Nysseno
699 4618 751 4669 et
791 4606 971 4662 Otreio
1007 4625 1110 4663 non
1148 4609 1636 4664 extraordinarium
1689 4610 1788 4661 ali~

223 4700 367 4774 quod
400 4717 593 4756 munus
628 4716 657 4753 a
683 4697 888 4769 synodo
915 4702 1263 4755 commissum
1289 4701 1471 4761 fuisse,
1506 4705 1598 4754 sed
1627 4701 1791 4769 juris—

225 4792 517 4845 dictlonem
546 4795 597 4847 in
630 4791 850 4847 Pontica
893 4791 1113 4847 dimcesi
1145 4791 1492 4863 gubernanda
1540 4794 1787 4846 traditam

224 4883 525 4939 existimat.
555 4885 650 4937 Ait
682 4883 823 4938 enim
865 4882 942 4953 (ε)
984 4884 1123 4938 hanc
1172 4886 1435 4954 synodum
1463 4883 1789 4949 patriarchas

228 4976 556 5031 constituisse
587 4977 971 5041 provinciarum
1003 4974 1143 5041 facta
1166 4976 1423 5030 divisione
1443 5016 1456 5039 ,
1486 4977 1558 5027 ita
1587 4985 1646 5027 ut
1673 4977 1792 5027 nul-

226 5073 307 5122 lus
336 5070 607 5133 episcopus
638 5068 784 5120 ultra
808 5068 1075 5135 propriam
1105 5068 1364 5120 diwcesim
1395 5066 1590 5119 alienas
1616 5066 1799 5121 Eccle-

228 5164 333 5210 sias
364 5155 655 5209 invaderet.
691 5153 758 5205 Μ
789 5173 923 5208 enim
964 5166 1116 5209 antea
1146 5166 1346 5226 propter
1394 5156 1800 5224 persecutionem

229 5250 519 5317 promiscue
551 5249 751 5317 factum
795 5247 1090 5314 fuerat.‘Ac
1123 5246 1427 5301 Necturittnt
1467 5251 1673 5317 quidem
1716 5268 1798 5303 re-

229 5343 367 5406 gium
424 5341 603 5391 urbem
649 5350 695 5391 et
748 5335 985 5390 Thraciw
1038 5337 1329 5407 provincias
1378 5340 1617 5389 sortitum
1650 5355 1797 5393 esse:

236 5422 546 5475 llulladium
579 5438 716 5487 vero,
743 5421 832 5489 qui
866 5420 1116 5474 Ca'sarew
1139 5422 1483 5487 Cappadocia:
1506 5434 1615 5489 post
1646 5422 1793 5475 Basi-

233 5514 360 5565 liam
392 5524 502 5565 erat
538 5513 833 5579 episc0pus,
866 5510 1099 5563 Pontiae
1121 5510 1351 5565 diurcesis
1378 5512 1792 5579 putriurchatum

304 5738 380 5805 (rt)
426 5736 519 5806 Ep.
550 5738 673 5789 ίεξὶἸ.

305 5811 378 5880 (θ’)
418 5805 629 5866 Sperat.
665 5808 755 5861 lib.
793 5821 886 5871 vn,
919 5823 963 5858 r.
993 5805 1075 5858 ω.

1888 3231 2218 3284 cultissimus
2243 3230 2520 3298 episcopos
2545 3228 2725 3298 elegit,
2755 3229 3071 3298 quibuscum
3094 3232 3184 3297 qui
3210 3241 3457 3282 commu-

1890 3324 2172 3390 nicarent,
2218 3337 2312 3377 eos
2352 3337 2447 3391 pro
2501 3322 2782 3375 catholicis
2826 3321 3013 3375 haberi
3060 3321 3249 3383 voluit,
3305 3333 3463 3375 secus

1891 3430 2038 3478 vero,
2072 3414 2115 3466 si
2151 3426 2335 3466 eorum
2372 3423 2620 3465 carerent
2644 3412 3044 3466 communione.
3077 3411 3157 3465 Ad
3183 3412 3457 3466 decretum

1889 3502 2079 3569 synodi
2122 3502 2348 3557 accessit
2388 3501 2472 3555 lex
2507 3499 2812 3564 Theodosii,
2847 3515 2964 3568 qua:
3002 3507 3180 3553 exstat
3215 3498 3307 3553 lib.
3369 3514 3460 3555 xvs

1891 3592 2025 3646 Cod.
2070 3590 2296 3655 Theod.,
2347 3593 2426 3645 tit.
2460 3592 2510 3643 1.
2564 3590 2671 3644 Sed
2720 3603 2893 3658 neque
2946 3590 3047 3642 bac
3096 3588 3256 3657 lege,
3292 3601 3466 3659 neque

1889 3682 2078 3734 svnodi
2112 3681 2333 3733 decreto
2364 3680 2573 3735 videtur
2599 3679 2706 3734 ulla
2735 3681 3000 3750 episcopis
3027 3680 3283 3733 attributa
3303 3679 3464 3746 juris-

1893 3771 2075 3824 dictio.
2114 3769 2247 3825 Nam
2278 3771 2573 3842 Gregorius
2608 3771 2903 3841 Nysscnus,
2935 3771 3024 3840 qui
3056 3784 3239 3837 parem
3264 3770 3366 3825 sibi
3397 3785 3461 3829 ac

1893 3861 2138 3915 llclladio
2162 3861 2483 3917 Caesariensi
2512 3862 2735 3916 honoris
2758 3861 3172 3931 praerogativam
3203 3877 3231 3913 a
3260 3864 3463 3931 synodo

1893 3952 2119 4006 delatam
2166 3963 2417 4019 testatur,
2470 3954 2659 4022 inquo
2716 3955 2924 4022 positus
2961 3952 3124 4008 fuerit
3169 3953 3256 4006 ille
3288 3954 3465 4007 honor

1892 4044 2071 4109 statim
2116 4045 2365 4113 exponit,
2396 4046 2521 4099 dum
2560 4048 2634 4099 ait
2678 4044 2756 4117 (ά)
2797 4065 2809 4099 :
2855 4046 3052 4116 μᾶλλον
3092 4044 3149 4097 δὲ
3186 4044 3467 4117 ήφροντὶς

1892 4136 1991 4205 τῆς
2040 4135 2149 4189 τῶν
2202 4137 2396 4190 κοινῶν
2440 4138 2777 4209 διορθώσεως
2834 4138 2890 4191 ὲν
2934 4137 3011 4207 τῷ
3044 4137 3105 4190 τὸ
3154 4138 3267 4190 ἴσον
3301 4136 3465 4207 ἔχειν.

1906 4225 1992 4282 γει
2026 4231 2195 4296 potius
2236 4232 2510 4283 commissa
2548 4230 2690 4282 nobis
2730 4246 2858 4282 cura
2896 4230 3248 4283 communium
3287 4245 3464 4282 rerum

1893 4324 2364 4387 emendundurum,
2399 4325 2468 4374 ita
2506 4333 2560 4375 ut
2601 4321 2880 4389 inferiores
2920 4322 3169 4377 Helludio
3195 4339 3298 4377 non
3323 4339 3463 4378 esse-

1894 4429 2031 4465 mus.
2104 4412 2251 4466 Nihil
2294 4427 2422 4480 ει·εο
2473 4414 2700 4466 mutavit
2745 4416 2976 4485 synodus
3013 4413 3067 4466 in
3093 4414 3469 4481 jurisdictiono

1897 4505 2217 4558 ordinaria:
2282 4506 2373 4557 sed
2429 4508 2807 4560 auctoritatem
2860 4507 3345 4561 extraordinariam
3398 4510 3466 4561 ad

1903 4597 2205 4651 communia
2265 4597 2521 4654 Ecclesia:
2586 4600 2796 4668 negotia
2867 4601 3136 4655 nonnullis
3202 4601 3468 4670 episcopis

1897 4690 2161 4743 attribuit.

2494 4798 2717 4854 CAPUT
2762 4800 2874 4856 XV.

1904 4891 1941 4943 Ι.
1984 4888 2171 4945 Basilii
2201 4909 2327 4945 cura
2369 4902 2415 4944 et
2459 4892 2760 4945 sollicitudo
2808 4895 2861 4945 iu
2916 4894 3153 4947 Ecclesia
3210 4893 3460 4958 regenda.

1974 4961 2036 5012 Il.
2085 4960 2149 5013 Ei
2203 4978 2346 5014 ecens
2374 4962 2618 5013 ordinato
2644 4964 2927 5030 Gregorius
2951 4966 3129 5016 adesse
3153 4978 3253 5030 non
3275 4973 3461 5027 potest.

1974 5030 2057 5085 Ill.
2141 5030 2328 5085 Scribit
2400 5030 2629 5084 Basilius
2699 5028 2765 5083 ml
2834 5046 3074 5084 sanctum
3154 5028 3462 5085 Eusebium.

1976 5101 2061 5157 IV.
2111 5103 2357 5170 Ejusdem
2387 5105 2574 5154 littera:
2602 5104 2669 5153 ad
2717 5117 2802 5153 eos
2841 5105 2930 5168 qui
2961 5100 3265 5170 gratulandi
3305 5118 3465 5154 causa

1972 5176 2304 5239 scripserunt.
2364 5173 2422 5224 V.
2472 5170 2765 5223 Culumuiw
2818 5173 2862 5221 ci
2916 5182 2973 5221 ut
3020 5172 3236 5223 nimium
3290 5188 3465 5223 severo

1972 5253 2181 5294 struclm
2209 5242 2521 5309 refelluntur
2565 5241 2615 5291 in
2653 5240 2880 5302 epistolis
2910 5240 3012 5306 51,
3054 5241 3143 5295 52.
3185 5239 3266 5293 Vl.
3304 5240 3467 5308 Leges

1970 5314 2032 5363 ub
2061 5330 2119 5364 eo
2154 5312 2275 5364 luta:
2313 5313 2364 5363 in
2394 5314 2544 5376 epist.
2577 5311 2663 5372 55,
2688 5310 2778 5373 54,
2813 5310 2901 5363 55.

1971 5420 2009 5475 1.
2056 5423 2283 5475 Evectus
2321 5424 2386 5474 ad
2417 5432 2617 5475 tantum
2659 5422 2838 5473 sedum
2874 5420 3106 5475 Basilius
3130 5458 3145 5486 ,
3176 5431 3461 5487 antequam

1898 5528 1955 5566 sc
1985 5514 2033 5565 iu
2072 5516 2499 5582 pmziﬁcationem
2540 5512 2903 5568 licclesiarnm
2944 5515 3326 5582 interponeret,
3364 5515 3461 5566 do-

1986 5740 2055 5801 tt‘)
2098 5735 2192 5787 Lib
2250 5752 2299 5793 ν,
2328 5753 2375 5787 c.
2407 5738 2456 5787 8.

1983 5808 2058 5872 (Α)
2106 5808 2177 5875 [ζμ
2235 5810 2296 5858 ,ιδ
2335 5806 2480 5865 “ay.
