4006 6448
497 416 608 456 ιχιι

1844 396 2214 454 PROLEGOM
2226 397 2377 452 ENA.

501 514 740 570 tuesticis
762 528 820 569 se
848 512 1047 569 ﬁnibus
1077 516 1370 579 contraxit,
1404 530 1467 572 ac
1501 516 1705 586 primas
1732 517 2073 586 episcopatus
2103 523 2143 575 Α
2175 516 2263 583 qui
2289 516 2342 568 in
2360 515 2553 567 clerum
2573 511 2849 566 saceraotii
2872 512 3287 581 presbyterorum
3310 512 3530 581 fratrem
3550 516 3740 583 evehit,

498 606 581 662 sui
608 621 769 662 curas
798 608 850 661 in
882 607 1271 678 componendis
1301 606 1558 663 Ecclesia
1592 623 1703 663 sua:
1736 611 1976 664 moribus
2008 624 2073 664 ac

500 697 860 767 recolligenda
885 698 1260 769 episcoporum
1299 698 1652 768 Cappadocia:
1673 712 1843 768 gratia
1878 701 2077 755 insum-

500 791 627 860 psit.
668 789 917 845 Testatur
941 789 1237 862 Gregorius
1263 794 1341 861 (α)
1378 793 1744 861 episcopatum
1780 794 1833 846 in
1870 792 2072 847 Basilio

501 899 603 936 non
656 883 915 937 habuisse
967 884 1297 939 incrementa
1349 885 1632 945 virtutum.
1659 886 1751 940 sed
1801 889 2073 951 operatio-

497 989 621 1030 nem
653 974 815 1028 latius
847 986 1155 1043 patentem;
1188 976 1385 1045 quippe
1419 992 1539 1030 cum
1575 978 1877 1032 uberiorem
1906 987 2073 1031 mate-

500 1065 634 1118 riam
667 1076 906 1133 patestas
940 1066 1331 1135 suppeditaret.
1368 1067 1542 1133 Quare
1576 1082 1640 1121 cx
1677 1069 1741 1121 iis
1770 1084 1887 1137 qua!
1916 1070 1984 1123 ab
2007 1086 2072 1123 eo

498 1157 819 1224 presbytero
850 1167 999 1221 gesta
1031 1159 1405 1222 narravimus,
1455 1159 1684 1226 spectari
1731 1169 1903 1226 potest
1943 1160 2070 1224 quid

497 1250 786 1315 episcopus
819 1250 1073 1318 gesserit.
1104 1249 1394 1304 Enutuerat
1431 1250 1723 1321 Gregorius
1759 1252 1830 1319 (lt)
1861 1268 2070 1319 precum

497 1340 873 1409 descriptiones
955 1343 1095 1394 inter
1183 1342 1439 1409 przeclara
1502 1342 1679 1395 Basilii
1768 1344 2069 1412 presbyteri

499 1434 771 1494 instituta,
832 1434 1031 1504 quibus
1070 1434 1250 1488 verbis
1279 1436 1531 1489 videntur
1577 1434 1842 1502 designari
1888 1451 2072 1503 preces

499 1524 550 1576 in
589 1524 862 1579 sacrilieio
915 1526 1027 1580 llcri
1057 1528 1250 1583 solitae.
1292 1530 1396 1583 Sed
1433 1538 1691 1596 przelerea
1728 1529 1889 1579 ritum
1926 1527 2070 1595 psal-

498 1612 637 1665 lendi
666 1616 716 1666 in
750 1614 1049 1669 Ecclesium
1093 1616 1485 1670 Cat'saricnsem
1512 1616 1758 1678 induxit,
1800 1632 1955 1684 quem
1996 1617 2073 1670 sic

498 1705 610 1772 ipse
643 1707 903 1761 describit
933 1707 1003 1777 (ε)
1044 1726 1057 1761 :
1092 1709 1167 1761 De
1203 1720 1351 1762 nocte
1376 1710 1666 1776 siquidem,
1700 1710 1896 1777 inquit,
1944 1726 2071 1763 con-

495 1795 660 1862 surgit
691 1798 831 1857 apud
869 1815 961 1850 nos
984 1798 1208 1865 populus
1236 1801 1305 1851 ad
1336 1803 1547 1853 domum
1574 1803 1890 1868 precationis
1912 1843 1923 1862 .
1950 1811 1997 1854 et
2019 1803 2072 1853 in

492 1884 697 1951 labore,
726 1887 779 1939 in
801 1888 1134 1957 afﬂictatioue
1165 1908 1226 1943 ac
1247 1893 1465 1961 jugibus
1494 1892 1742 1959 lacrymis
1766 1903 2071 1961 conﬂentes

494 1974 629 2043 Deo,
665 1980 873 2032 tandem
897 1998 929 2033 a
967 1984 1263 2049 precatione
1298 1995 1587 2054 surgentes,
1623 1986 1691 2037 ad
1724 1986 2070 2053 psalmodiam

494 2076 785 2122 transeunt.
818 2073 884 2123 Et
910 2087 1046 2123 nunc
1072 2073 1279 2140 quidem
1308 2074 1361 2127 in
1389 2076 1523 2127 duas
1558 2087 1733 2142 partes
1765 2074 1920 2127 divisi
1942 2116 1957 2141 ,
1993 2075 2072 2127 al—

493 2158 655 2210 ternis
686 2162 1006 2215 succinentes
1043 2165 1295 2230 psallunt,
1328 2183 1389 2219 ac
1412 2167 1569 2219 simul
1601 2176 1649 2219 et
1680 2168 2072 2221 meditationem

496 2248 896 2319 Scripturarum
924 2255 1042 2308 inde
1069 2259 1444 2321 corroborant,
1473 2270 1519 2310 et
1555 2258 1789 2311 animant
1818 2270 2069 2313 attentum

493 2352 541 2394 et
576 2360 667 2396 cor
689 2349 1013 2414 evagatiouis
1048 2366 1232 2414 expers
1266 2352 1363 2402 sibi
1390 2352 1487 2417 ipsi
1516 2363 1843 2416 comparant.
1882 2351 2071 2405 Postea

495 2451 679 2489 rursus
717 2440 808 2489 uni
837 2441 1236 2506 committentes,
1280 2455 1335 2495 ut
1361 2444 1507 2513 prior
1535 2456 1710 2509 canat,
1746 2445 1931 2513 reliqui
1958 2461 2073 2498 suc-

491 2526 695 2582 cinunt.
758 2527 825 2583 Et
873 2531 951 2583 sic
984 2536 1319 2603 posteaquani
1378 2538 1429 2588 in
1478 2537 1789 2601 psalmodiis
1827 2536 2072 2588 varietate

493 2631 695 2676 noctem
737 2624 1017 2677 traduxere
1056 2627 1361 2678 intermistis
1390 2628 1629 2688 precibus
1652 2669 1665 2690 ,
1694 2628 1776 2679 die
1798 2628 1911 2696 jam
1946 2629 2064 2680 illu-

490 2724 741 2775 cescente,
776 2730 953 2768 omnes
988 2715 1146 2767 simul
1174 2716 1307 2767 velut
1334 2731 1399 2769 ea:
1431 2733 1533 2769 uno
1560 2733 1647 2770 ore
1686 2728 1732 2771 et
1774 2734 1875 2771 uno
1918 2720 2073 2772 corde

490 2802 753 2869 psalmum
799 2805 1150 2873 confessionis
1198 2806 1418 2860 Domino
1462 2810 1746 2861 concinunt
1773 2850 1787 2869 ,
1853 2812 2071 2878 propria

490 2893 589 2946 sibi
625 2896 979 2964 unusquisque
1019 2897 1169 2949 verba
1220 2900 1536 2964 ptenitentiw
1571 2900 1843 2966 facientes.
1878 2900 2068 2955 Utrum

494 2983 611 3036 lucc
648 2982 932 3051 presbyter
977 2985 1271 3037 instituerit
1314 3002 1379 3037 au
1412 2989 1713 3055 episcopus.
1758 3004 1862 3041 nou
1917 2990 2072 3043 facile

493 3074 779 3127 statuerim
819 3092 833 3128 :
866 3074 961 3128 sed
993 3085 1141 3129 certe
1187 3078 1253 3129 ab
1294 3092 1359 3130 eo
1405 3078 1649 3131 instituta
1684 3094 1803 3131 esse
1846 3082 2073 3147 probant

496 3164 751 3218 exhibita
803 3165 852 3218 ei
908 3180 938 3218 a
973 3164 1501 3221 Neociesariensibus
1552 3167 1809 3222 molestiae
1853 3179 2071 3239 propter
2098 3190 2139 3245 (ς
2174 3165 2251 3217 sic
2294 3163 2525 3217 refertur
2580 3182 2596 3217 ε

492 3255 662 3321 illam,
700 3269 758 3310 ut
784 3258 881 3327 ipsi
919 3258 1331 3324 existimabant,
1362 3260 1656 3315 novitatem
1679 3300 1694 3324 ,
1728 3276 1886 3329 quam
1920 3260 2069 3316 Basi-

492 3345 595 3401 lius
628 3351 866 3403 omnium
900 3351 1266 3405 Eeclcsiarum
1311 3353 1572 3407 institutis
1622 3368 1913 3408 consonam
1949 3369 2070 3409 esse

490 3440 843 3496 demonstrat.
879 3443 1009 3496 lllud
1035 3444 1199 3497 etiam
1238 3443 1425 3495 sedulo
1450 3446 1681 3511 proviilit
1711 3446 1939 3499 Basilius
1964 3447 2068 3515 (tl),

491 3543 553 3587 ut
580 3533 719 3587 Deus
746 3550 849 3586 non
896 3536 1140 3588 humanis
1184 3535 1352 3587 verbis
1378 3576 1394 3597 ,
1442 3534 1532 3587 sed
1564 3536 1792 3588 oraculis
1839 3536 2067 3605 Spiritus

490 3626 665 3679 sancti
698 3625 750 3679 in
788 3625 1025 3680 Ecclesia
1054 3625 1371 3682 Caesariensi
1396 3629 1720 3695 placaretur.

561 3717 631 3789 (e)
662 3716 961 3772 Primordia
1004 3717 1148 3773 illius
1179 3719 1525 3787 episcopatus
1551 3717 1772 3787 optimis
1801 3718 1865 3770 ad
1903 3719 2067 3775 disci-

489 3807 693 3877 plinatn
731 3807 943 3878 legibus
986 3809 1221 3877 insignia
1262 3810 1504 3865 fuerunt.
1538 3809 1752 3876 Quanta
1788 3810 1934 3863 illius
1966 3812 2071 3865 sol-

490 3900 713 3955 licitudo
738 3898 904 3955 fuerit
941 3900 994 3955 in
1037 3901 1303 3972 eligendis
1328 3901 1583 3956 altarium
1619 3904 1907 3971 ministris,
1949 3920 2067 3957 cum

490 4006 557 4044 ex
595 3990 789 4046 litteris
820 3994 886 4045 ad
920 3993 1213 4059 provincia:
1236 4008 1345 4045 sum
1371 3992 1682 4061 episcopus,
1715 3994 1782 4047 ad
1821 3993 2071 4062 cborepi-

493 4096 687 4149 scopos
714 4093 769 4135 et
799 4084 864 4136 ad
892 4083 1202 4138 Nectarium
1232 4086 1462 4152 perspici
1495 4096 1693 4153 potest,
1722 4097 1833 4141 tum
1861 4101 1925 4141 ex
1957 4086 2072 4155 epi-

492 4172 670 4240 scopis
715 4188 852 4234 quos
901 4189 932 4227 e
980 4174 1127 4227 clero
1172 4190 1271 4229 suo
1315 4174 1436 4229 aliis
1480 4175 1737 4229 Ecclesiis
1777 4177 2067 4229 concessit.

492 4263 647 4319 Nulla
680 4267 824 4321 illum
860 4267 945 4321 bis
976 4268 1029 4321 in
1064 4267 1223 4323 rebus
1250 4267 1483 4321 humana
1510 4268 1767 4339 cog'ilatio
1799 4270 2065 4322 movebat.

494 4358 591 4413 Vir
616 4369 809 4413 caetera
842 4360 894 4413 in
927 4359 1124 4414 fratres
1151 4370 1205 4414 et
1225 4362 1431 4417 amicos
1459 4361 1788 4429 lenissimus,
1815 4361 2070 4415 inexora-

494 4448 616 4502 bilis
650 4458 789 4512 erat,
824 4450 869 4503 si
905 4450 1031 4518 quid
1063 4450 1144 4505 eis
1169 4452 1355 4505 oneris
1386 4452 1453 4507 ad
1485 4451 1744 4508 Ecclesia:
1782 4451 2069 4506 utilitatem

2177 610 2285 660 suis
2318 623 2435 660 eum
2465 605 2697 675 mysticis
2722 602 3059 658 sacramentis
3094 618 3424 656 consecratis.
3462 600 3620 657 Parvi
3650 621 3738 660 re-

2176 700 2299 765 fert,
2352 700 2495 768 quod
2525 697 2753 752 Basilius
2802 698 2854 751 in
2901 698 3143 767 epistolis
3169 696 3238 751 79
3284 705 3340 751 et
3370 696 3477 750 216
3507 711 3736 765 quarum

2177 792 2344 861 prima
2380 790 2445 843 ad
2493 788 2831 843 Eustathium
2865 804 3007 842 anno
3056 788 3156 842 571
3193 798 3443 852 exeunte,
3480 787 3645 841 altera
3675 790 3743 843 ad

2178 884 2235 938 S.
2278 882 2551 938 Meletium
2588 898 2730 937 anno
2753 881 2860 936 375
2890 882 3088 946 scripta
3132 889 3238 946 est,
3267 878 3482 934 Petrum
3519 877 3742 933 fratrem

2178 990 2279 1027 non
2325 978 2561 1044 appellat
2603 976 3001 1045 presbyterum.
3033 973 3162 1027 lude
3213 972 3386 1041 colligi
3428 987 3532 1027 non
3568 980 3746 1042 potest

2178 1064 2411 1117 nondum
2467 1075 2595 1118 tunc
2644 1063 2861 1117 Petrum
2908 1064 2959 1116 in
3013 1062 3310 1133 presbyteri
3361 1064 3529 1129 gradu
3580 1061 3746 1115 mini--

2175 1164 2395 1207 strasse.
2440 1154 2549 1207 Etsi
2601 1154 2745 1207 enim
2774 1162 3056 1205 accuratus
3100 1161 3219 1207 erat
3255 1151 3483 1207 Basilius
3520 1152 3570 1205 in
3598 1153 3747 1220 ejus-

2178 1245 2320 1298 modi
2360 1245 2528 1298 titulis
2572 1260 2670 1315 pro
2717 1243 2981 1311 cuiusque
3020 1244 3280 1314 dignitate
3309 1244 3637 1309 deferendis,
3691 1245 3744 1299 id

2178 1347 2358 1390 tamen
2390 1336 2523 1407 legis
2555 1338 2727 1390 instar
2750 1337 3074 1389 servandum
3118 1351 3239 1390 esse
3268 1352 3376 1390 non
3417 1337 3643 1391 ducebat
3690 1337 3744 1390 in

2174 1429 2388 1489 litteris.
2412 1444 2547 1497 quas
2568 1428 2822 1497 privatim
2854 1428 2920 1481 ad
2960 1427 3182 1481 intimos
3208 1431 3409 1483 amicos
3444 1430 3744 1484 scribebat.

2175 1516 2309 1570 llinc
2337 1516 2600 1584 Gregorio
2628 1516 2870 1587 Nysseno
2910 1530 3014 1569 non
3044 1516 3208 1569 alium
3241 1531 3399 1584 quam
3428 1518 3611 1577 fratris
3642 1520 3745 1572 ad-

2174 1616 2389 1660 modum
2432 1608 2711 1661 reverendi
2738 1607 2954 1661 titulum
2996 1608 3186 1659 tribuit
3222 1607 3273 1658 itt
3316 1609 3538 1675 epistola
3577 1610 3647 1663 60
3676 1609 3747 1663 ad

2174 1712 2513 1751 communem
2547 1709 2820 1767 patruum.
2858 1698 3176 1751 Antliimum
3220 1696 3557 1765 Tyaucnsem
3592 1716 3748 1756 reve-

2175 1790 2554 1843 rendissimum
2577 1788 2799 1842 fratrem
2834 1789 3063 1858 appellat
3088 1790 3139 1843 in
3159 1790 3316 1858 epist.
3344 1788 3411 1843 58
3432 1790 3496 1843 ad
3523 1790 3745 1846 fratrem

2106 1858 2145 1910 Β
2174 1879 2513 1950 Gregorium,
2557 1896 2663 1935 non
2698 1880 2879 1934 addito
2928 1881 3164 1949 episcOpi
3216 1880 3400 1946 titulo;
3451 1897 3547 1933 ucc
3588 1884 3747 1937 aliter

2173 1973 2240 2024 de
2260 1971 2522 2040 Gregorio
2556 1972 2899 2025 Nazianzeuo
2930 1971 3167 2037 loquitur
3204 1971 3257 2023 in
3293 1971 3453 2038 epist.
3488 1973 3556 2026 98
3584 1974 3649 2025 ad
3684 1972 3743 2027 S.

2176 2062 2484 2117 Eusebium.
2516 2063 2643 2129 Sed,
2670 2080 2792 2117 cum
2826 2064 3040 2117 Petrum
3080 2062 3306 2117 Basilius
3330 2066 3401 2134 (g)
3443 2066 3651 2134 magnis
3680 2066 3749 2121 de

2174 2157 2339 2210 rebus
2371 2170 2469 2209 suo
2496 2164 2547 2209 et
2581 2156 2809 2208 aliorum
2840 2154 3191 2224 Cappadocia!
3222 2157 3597 2227 episcoporum
3644 2173 3746 2211 no-

2174 2250 2317 2302 mine
2352 2248 2417 2299 ad
2448 2246 2726 2315 episcopos
2755 2246 2904 2299 Ponti
2937 2246 3336 2311 inittcret,tuuc
3370 2264 3490 2303 eum
3525 2248 3629 2315 (It),
3686 2258 3747 2303 ut

2173 2341 2419 2405 decebat,
2450 2341 2950 2408 compreslryterum
2984 2340 3238 2406 appellat.
3283 2340 3397 2396 Non
3435 2344 3638 2395 ascitus
3665 2350 3751 2395 est

2176 2432 2227 2485 in
2268 2431 2562 2486 Ecclesiam
2596 2428 2987 2485 Caesariensem
3036 2429 3244 2497 Petrus,
3290 2436 3383 2486 sed
3419 2437 3751 2490 monasterio

2175 2522 2409 2591 prrcluit,
2459 2522 2600 2591 quod
2656 2520 2894 2575 Basilius
2950 2520 3016 2574 ad
3063 2519 3258 2574 lridem
3298 2520 3518 2577 ﬂuvium
3556 2524 3751 2579 funda-

2175 2623 2347 2667 verat.

2244 2702 2511 2757 Narratur
2540 2702 2603 2773 (i)
2629 2704 2791 2757 etiam
2843 2704 3106 2775 Evagrius
3153 2702 3408 2758 Ponticus
3445 2719 3475 2757 a
3513 2703 3571 2758 S.
3598 2704 3753 2760 Basi-

2174 2796 2246 2852 lio
2275 2796 2444 2851 lector
2470 2796 2753 2851 ordinatus
2778 2794 2962 2852 fuisse.
3006 2798 3113 2852 Sed
3144 2812 3305 2867 quam
3336 2796 3565 2851 libenter
3593 2795 3753 2850 Basi-

2175 2886 2276 2942 lius
2317 2900 2508 2957 magna
2576 2885 2835 2939 virtutum
2894 2887 3093 2941 lumina
3147 2888 3399 2942 altarium
3451 2887 3755 2943 ministerio

2175 2982 2510 3046 admoveret,
2554 2979 2894 3034 demonstrat
2944 2980 3187 3048 inprimis
3234 2983 3505 3037 ordinatio
3536 2984 3589 3037 in
3635 2996 3754 3036 mo-

2176 3073 2413 3126 uaSterio
2444 3080 2686 3140 peracta,
2727 3086 2846 3139 qua:
2879 3073 3018 3140 apud
3048 3080 3297 3125 sanctum
3323 3074 3650 3129 Dorotbeum
3685 3074 3755 3143 (ἱ)

2672 3162 2865 3232 Ἐλεγέ
2916 3180 3003 3227 τις
3059 3163 3167 3218 τῶν
3224 3166 3517 3236 γερόντων,
3580 3167 3662 3220 ὅτι
3724 3166 3756 3218 ὁ

2177 3254 2328 3322 ἅγιος
2383 3252 2662 3316 Βασίλειος
2691 3254 2747 3305 ὲν
2771 3254 3021 3325 κοινοϐίῳ
3052 3255 3408 3327 παραϐαλὼν,
3471 3257 3610 3327 μετὰ
3653 3255 3756 3329 τὴν

2173 3347 2488 3420 πρέπουσαν
2524 3345 2872 3398 διδασκαλίαν
2911 3345 3162 3415 λέγειτῷ
3206 3347 3511 3417 ἡγουμένῳ·
3570 3349 3758 3417 Ἔχεις

2170 3438 2397 3510 ἀδελφὸν
2426 3430 2528 3491 ὧδε
2551 3437 2742 3506 ἔχοντα
2764 3437 3006 3506 ὑπακοήν
3030 3453 3043 3501 ;
3069 3437 3127 3489 '0
3152 3437 3207 3488 δὲ
3235 3438 3382 3504 λέγει
3412 3439 3558 3509 αὐτῷ
3578 3457 3590 3470 ·
3612 3439 3758 3493 Πάν-

2170 3550 2261 3596 τες
2286 3531 2459 3586 δοῦλοί
2512 3547 2605 3583 σου
2646 3530 2776 3594 εἰσὶ,
2818 3528 2915 3582 καὶ
2954 3528 3314 3591 σπουδάζουσι
3363 3529 3620 3599 σωθῆναι,
3665 3531 3759 3586 δέ-

2175 3638 2365 3676 σποτα.
2399 3622 2567 3675 Πάλιν
2608 3620 2756 3689 λέγει
2810 3618 2978 3690 αὐτῷ’
3024 3621 3211 3692 Ἔχεις
3256 3622 3313 3673 ὲν
3360 3620 3585 3693 ἀληθείᾳ
3628 3622 3757 3678 τινὰ

2173 3714 2360 3784 ἔχοντα
2388 3716 2668 3785 ὑπακοήν;
2714 3715 2771 3767 '0
2805 3716 2863 3768 δὲ
2906 3717 3135 3785 ἤνεγκεν
3167 3713 3315 3784 αὐτῷ
3357 3716 3453 3769 ἕνα
3500 3715 3754 3785 ἀδελφόν·

2172 3808 2266 3861 καὶ
2299 3806 2575 3877 ἐχρήσατο
2605 3804 2765 3857 αὑτὸν
2790 3807 2869 3867 εἰς
2894 3806 2954 3857 τὸ
2983 3808 3203 3876 ἄριστον
3230 3809 3509 3880 ὑπηρέτην
3542 3812 3571 3863 ὁ
3599 3810 3757 3878 ἆγιος

2175 3901 2477 3963 Βασίλειος.
2510 3895 2667 3951 Μετὰ
2707 3895 2764 3947 δὲ
2797 3895 2858 3947 τὸ
2886 3893 3207 3962 γεύσασθαι,
3252 3897 3450 3951 ἔδωκεν
3495 3900 3645 3971 αὑτῷ
3670 3900 3755 3953 νί-

2170 3992 2393 4060 ψασθαι·
2446 3990 2539 4044 καί
2578 3989 2729 4058 λέγει
2776 3987 2923 4060 αὐτῷ
2962 3990 2990 4041 ὀ
3038 3988 3193 4056 ἅγιος
3228 3988 3526 4053 Βασίλειος·
3561 3993 3755 4063 Δεῦρο,

2173 4082 2327 4151 κάγὼ
2369 4083 2525 4137 δώσω
2580 4100 2662 4136 σοι
2702 4083 2980 4153 νίψασθαι.
3028 4084 3085 4137 Ὀ
3120 4082 3175 4136 δὲ
3217 4082 3541 4146 κατεδέξατο
3588 4085 3759 4139 αὑτοῦ

2171 4174 2476 4245 ἐπιχέοντος
2499 4175 2561 4227 τὸ
2577 4175 2741 4248 ὕδωρ.
2770 4179 2880 4231 Καὶ
2901 4178 3048 4246 λέγει
3086 4175 3235 4245 αὐτῷ
3260 4177 3363 4239 ὅτι,
3388 4176 3556 4231 Ὅταν
3584 4179 3761 4251 elo-ep-

2172 4284 2350 4345 χωμαι
2388 4268 2468 4331 είς
2512 4269 2573 4321 τὸ
2630 4269 2914 4341 ἱερατεῖον,
2944 4268 3102 4339 δεῦρο
3151 4269 3236 4320 ἵνα
3281 4269 3489 4341 ποιήσω
3529 4288 3587 4325 σε
3631 4271 3755 4326 διὰ-

2172 4378 2346 4416 κονον.
2376 4361 2486 4413 Καὶ
2516 4363 2707 4415 τούτου
2738 4362 3054 4432 γενομένου,
3100 4361 3355 4432 ἐποίησεν
3400 4363 3563 4416 αὐτὸν
3613 4379 3754 4433 πρε-

2174 4456 2451 4526 σὸύτεροψ
2503 4457 2598 4510 καὶ
2632 4457 2821 4509 ἔλαϐεν
2857 4453 3019 4507 αὐτὸν
3062 4454 3179 4525 μεθ’
3207 4455 3398 4510 ἑαυτοῦ
3445 4456 3524 4519 εἰς
3552 4455 3610 4507 τὸ
3635 4458 3757 4511 ἐπι-

496 4540 877 4609 impnnendum
908 4550 1067 4594 esset.
1103 4540 1240 4595 Hinc
1274 4550 1503 4610 uterque
1523 4542 1815 4612 Gregorius
1833 4543 2068 4613 episcopi

2176 4550 2448 4611 axonaiov,
2473 4547 2561 4603 διὰ
2587 4547 2685 4618 τὴν
2718 4544 2966 4616 ὑπακοὴν
2993 4545 3178 4601 αὑτοῦ.
3211 4545 3645 4601 Commemoravit
3674 4565 3759 4605 se-

493 4629 563 4682 el)
592 4646 658 4683 co
699 4630 846 4683 inviti
875 4643 931 4683 et
972 4631 1297 4685 reluctantes
1313 4634 1571 4686 ordinati.
1604 4633 1717 4700 Qua
1750 4644 1869 4688 erat
1896 4635 2076 4689 humi-

493 4720 645 4777 litate
679 4734 900 4777 sanctus
958 4721 1152 4779 Petrus
1187 4723 1367 4780 Basilii
1419 4726 1612 4789 frater,
1659 4726 1705 4778 is
1750 4727 1841 4793 qui
1887 4737 2071 4797 postea

492 4816 777 4884 cpiscopus
828 4816 928 4869 fuit
981 4817 1334 4884 Sebastenus,
1373 4833 1478 4873 non
1528 4817 1749 4872 dubium
1803 4829 1887 4872 est
1942 4819 2070 4885 quin

492 4906 681 4959 eadem
712 4907 784 4961 illi
815 4910 895 4961 vis
938 4908 1079 4963 facta
1129 4908 1314 4971 fuerit,
1368 4926 1488 4964 cum
1540 4927 1663 4966 eum
1693 4912 2068 4980 presbyterum

492 4996 722 5052 Basilius
744 5001 1009 5055 ordinavit
1038 5017 1051 5053 :
1082 5001 1226 5070 quod
1252 5000 1561 5070 quidem.in
1606 5003 1923 5069 primordiis
1950 5004 2069 5071 epi-

490 5097 745 5157 scopatus
794 5092 993 5146 factum
1042 5094 1207 5149 fuisse
1266 5092 1559 5162 conjicitur
1596 5111 1661 5150 ex
1708 5096 1793 5149 his
1842 5092 2066 5156 Nysseui

492 5182 673 5235 verbis
708 5180 776 5249 (ι’)
806 5202 819 5235 :
850 5181 981 5236 Tum
1012 5185 1234 5253 insignis
1269 5185 1406 5239 inter
1429 5174 1638 5239 s'anctos
1668 5186 1905 5239 Basilius
1949 5202 2065 5239 ma-

491 5288 608 5343 gna!
638 5270 1043 5328 Ctesariensium
1098 5274 1349 5330 Ecclesite
1387 5275 1686 5331 declaratus
1712 5288 1786 5332 est
1829 5276 2065 5342 antistes,

565 5512 643 5579 (tr)
684 5512 835 5566 Orat.
866 5514 957 5567 20.

562 5583 635 5650 (b)
676 5584 808 5637 una.

564 5660 635 5722 (cl
680 5654 775 5722 ΕΙ).
803 5655 933 5715 907,
969 5674 1018 5708 n.
1049 5657 1101 5707 5.

563 5725 638 5790 id)
684 5726 841 5791 lbitl.,
878 5743 908 5776 ιι
960 5725 1023 5779 ι.-

564 5793 633 5861 (ρ)
662 5794 830 5861 Epist.
863 5796 986 5859 160,
1022 5813 1071 5850 u.
1104 5797 1150 5851 Ι.

668 5862 777 5919 Vit.
813 5866 981 5919 Macr.

2177 4654 2300 4691 nunt
2329 4638 2634 4699 nonnullus,
2663 4637 2802 4707 quod
2842 4646 3052 4689 sanctus
3081 4635 3316 4689 Basilius
3344 4651 3461 4690 cum
3485 4635 3552 4688 ad
3578 4652 3754 4692 cano-

2176 4730 2315 4781 bium
2344 4728 2587 4789 venisset,
2628 4740 2741 4795 post
2782 4728 3166 4782 convenientem
3214 4728 3530 4793 doctrinam,
3562 4729 3755 4783 dixerit

2176 4822 2455 4889 priaposito
2483 4838 2501 4876 :
2542 4818 2782 4875 Habesne
2814 4821 2899 4873 hic
2945 4820 3164 4889 fratrem
3193 4822 3281 4889 qui
3311 4818 3615 4875 obedientia:
3649 4822 3757 4875 vir-

2175 4922 2284 4967 tute
2314 4923 2531 4966 ornatus
2579 4914 2690 4970 sit?
2736 4913 3021 4979 Respondit
3065 4912 3378 4980 ltegurncnus
3438 4932 3457 4970 :
3506 4913 3753 4976 Domine,

2174 5020 2348 5058 omnes
2386 5005 2522 5058 servi
2568 5004 2645 5056 tui
2675 5016 2817 5069 sunt,
2866 5017 2913 5058 et
2958 5005 3027 5057 ad
3069 5005 3289 5059 salutem
3336 5006 3753 5077 consequendam

2170 5100 2429 5165 aspirarit.
2472 5095 2675 5149 Iterum
2715 5099 2849 5151 dixit
2906 5099 2997 5152 ei:
3057 5096 3122 5149 In
3177 5100 3416 5161 veritate,
3463 5109 3605 5151 estne
3658 5095 3753 5148 tibi

2168 5189 2361 5258 aliquis
2392 5189 2682 5242 obedientia
2713 5190 3009 5254 prwtlitus.’
3037 5189 3217 5243 Atille
3240 5190 3463 5242 adduxit
3502 5188 3549 5240 ri
3588 5202 3750 5241 unum

2166 5295 2231 5333 ex
2259 5280 2551 5349 fratribus;
2588 5296 2814 5345 ususque
2842 5292 2914 5335 est
2946 5297 3006 5335 eo
3028 5293 3238 5335 sanctus
3257 5278 3489 5334 Basilius
3512 5280 3752 5331 ministro

2247 5526 2324 5589 (tt)
2354 5525 2449 5589 Ep.
2483 5525 2608 5579 205.
2637 5541 2687 5577 n.
2710 5525 2764 5577 4.

2252 5599 2326 5659 (li)
2366 5596 2517 5662 Nyss.
2560 5594 2667 5647 Vit.
2704 5594 2871 5647 Macr.

2251 5669 2310 5729 (i)
2349 5665 2487 5717 "ist.
2535 5665 2695 5717 Laus.
2730 5681 2778 5719 c.
2808 5664 2896 5719 86.

2252 5726 2316 5804 (λ)
2368 5736 2586 5788 υυνοιιι.
2638 5752 2685 5789 c.
2734 5736 2783 5801 t,
2830 5733 3001 5787 (zotet.
3061 5731 3296 5787 Monum.
3330 5731 3529 5785 Eccles.
3571 5726 3747 5786 om.

2182 5819 2312 5859 lout.
2350 5806 2388 5867 Ι,
2422 5822 2471 5873 ρ.
2507 5805 2626 5859 Αυὶ.
