  <div class='ocr_page' id='page_1' title='image "/cluster/home/n/w/nwhite01/storage/ocr_20150623/29/ien.35556001660547/075.png"; bbox 0 0 4006 6440; ppageno 0'>
   <div class='ocr_carea' id='block_1_1' title="bbox 1573 385 2140 443">
    <p class='ocr_par' dir='ltr' id='par_1_1' title="bbox 1573 385 2140 443">
     <span class='ocr_line' id='line_1_1' title="bbox 1573 385 2140 443; baseline -0.002 0"><span class='ocrx_word' id='word_1_1' title='bbox 1573 385 1732 443; x_wconf 77' lang='lat' dir='ltr'><strong>VITA</strong></span> <span class='ocrx_word' id='word_1_2' title='bbox 1776 387 1834 442; x_wconf 85' lang='lat' dir='ltr'><strong>S.</strong></span> <span class='ocrx_word' id='word_1_3' title='bbox 1876 385 2140 443; x_wconf 80' lang='lat' dir='ltr'><strong>BASILII.</strong></span> 
     </span>
    </p>
   </div>
   <div class='ocr_carea' id='block_1_2' title="bbox 3321 403 3455 442">
    <p class='ocr_par' dir='ltr' id='par_1_2' title="bbox 3321 403 3455 442">
     <span class='ocr_line' id='line_1_2' title="bbox 3321 403 3455 442; baseline 0.007 -1"><span class='ocrx_word' id='word_1_4' title='bbox 3321 403 3455 442; x_wconf 67' lang='grc' dir='ltr'>ικιιι</span> 
     </span>
    </p>
   </div>
   <div class='ocr_carea' id='block_1_3' title="bbox 222 498 3457 572">
    <p class='ocr_par' dir='ltr' id='par_1_3' title="bbox 222 498 3457 572">
     <span class='ocr_line' id='line_1_3' title="bbox 222 498 3457 572; baseline -0.001 -15"><span class='ocrx_word' id='word_1_5' title='bbox 222 506 359 559; x_wconf 72' lang='lat' dir='ltr'><strong>inter</strong></span> <span class='ocrx_word' id='word_1_6' title='bbox 384 498 771 572; x_wconf 79' lang='lat' dir='ltr'><strong>prandendum.</strong></span> <span class='ocrx_word' id='word_1_7' title='bbox 802 499 1084 568; x_wconf 82' lang='lat' dir='ltr'><strong>Postquam</strong></span> <span class='ocrx_word' id='word_1_8' title='bbox 1113 511 1282 556; x_wconf 83' lang='lat' dir='ltr'><strong>autem</strong></span> <span class='ocrx_word' id='word_1_9' title='bbox 1302 500 1625 567; x_wconf 79' lang='lat' dir='ltr'><strong>comedisset,</strong></span> <span class='ocrx_word' id='word_1_10' title='bbox 1649 501 1788 555; x_wconf 84' lang='lat' dir='ltr'><strong>dedit</strong></span> <span class='ocrx_word' id='word_1_11' title='bbox 1818 505 1864 563; x_wconf 80' lang='grc' dir='ltr'>Α</span> <span class='ocrx_word' id='word_1_12' title='bbox 1895 504 1937 556; x_wconf 88' lang='lat' dir='ltr'><strong>si</strong></span> <span class='ocrx_word' id='word_1_13' title='bbox 1967 501 2284 572; x_wconf 75' lang='lat' dir='ltr'><strong>Gregorium</strong></span> <span class='ocrx_word' id='word_1_14' title='bbox 2317 514 2470 555; x_wconf 90' lang='lat' dir='ltr'><strong>suum</strong></span> <span class='ocrx_word' id='word_1_15' title='bbox 2507 518 2571 556; x_wconf 84' lang='lat' dir='ltr'><strong>an</strong></span> <span class='ocrx_word' id='word_1_16' title='bbox 2600 516 2659 558; x_wconf 88' lang='lat' dir='ltr'><strong>se</strong></span> <span class='ocrx_word' id='word_1_17' title='bbox 2687 508 2946 570; x_wconf 81' lang='lat' dir='ltr'><strong>potuisset</strong></span> <span class='ocrx_word' id='word_1_18' title='bbox 2978 500 3192 553; x_wconf 84' lang='lat' dir='ltr'><strong>allicere</strong></span> <span class='ocrx_word' id='word_1_19' title='bbox 3226 498 3318 569; x_wconf 82' lang='lat' dir='ltr'><strong>(e).</strong></span> <span class='ocrx_word' id='word_1_20' title='bbox 3349 499 3457 554; x_wconf 79' lang='lat' dir='ltr'><strong>Ne-</strong></span> 
     </span>
    </p>
   </div>
   <div class='ocr_carea' id='block_1_4' title="bbox 219 591 1783 663">
    <p class='ocr_par' dir='ltr' id='par_1_4' title="bbox 219 591 1783 663">
     <span class='ocr_line' id='line_1_4' title="bbox 219 591 1783 663; baseline 0 -16"><span class='ocrx_word' id='word_1_21' title='bbox 219 598 264 651; x_wconf 86' lang='lat' dir='ltr'><strong>ei</strong></span> <span class='ocrx_word' id='word_1_22' title='bbox 308 595 479 663; x_wconf 82' lang='lat' dir='ltr'><strong>[mter</strong></span> <span class='ocrx_word' id='word_1_23' title='bbox 522 607 714 658; x_wconf 77' lang='lat' dir='ltr'><strong>aquam</strong></span> <span class='ocrx_word' id='word_1_24' title='bbox 776 594 844 646; x_wconf 83' lang='lat' dir='ltr'><strong>ad</strong></span> <span class='ocrx_word' id='word_1_25' title='bbox 896 592 1196 646; x_wconf 72' lang='lat' dir='ltr'><strong>lavandum.</strong></span> <span class='ocrx_word' id='word_1_26' title='bbox 1236 591 1368 646; x_wconf 79' lang='lat' dir='ltr'><strong>Tum</strong></span> <span class='ocrx_word' id='word_1_27' title='bbox 1406 593 1536 648; x_wconf 72' lang='lat' dir='ltr'><strong>dixit</strong></span> <span class='ocrx_word' id='word_1_28' title='bbox 1575 606 1783 649; x_wconf 82' lang='lat' dir='ltr'><strong>sanctus</strong></span> 
     </span>
    </p>
   </div>
   <div class='ocr_carea' id='block_1_5' title="bbox 222 678 1785 749">
    <p class='ocr_par' dir='ltr' id='par_1_5' title="bbox 222 678 1785 749">
     <span class='ocr_line' id='line_1_5' title="bbox 222 678 1785 749; baseline -0.001 -15"><span class='ocrx_word' id='word_1_29' title='bbox 222 681 458 739; x_wconf 84' lang='lat' dir='ltr'><strong>Basilius</strong></span> <span class='ocrx_word' id='word_1_30' title='bbox 483 694 502 732; x_wconf 90' lang='lat'><strong><em>:</em></strong></span> <span class='ocrx_word' id='word_1_31' title='bbox 542 678 691 745; x_wconf 74' lang='lat' dir='ltr'><strong>Veni,</strong></span> <span class='ocrx_word' id='word_1_32' title='bbox 723 696 814 749; x_wconf 77' lang='lat' dir='ltr'><strong>ego</strong></span> <span class='ocrx_word' id='word_1_33' title='bbox 854 694 1055 749; x_wconf 82' lang='lat' dir='ltr'><strong>quoque</strong></span> <span class='ocrx_word' id='word_1_34' title='bbox 1080 680 1214 734; x_wconf 84' lang='lat' dir='ltr'><strong>dabo</strong></span> <span class='ocrx_word' id='word_1_35' title='bbox 1255 682 1349 733; x_wconf 87' lang='lat' dir='ltr'><strong>tibi</strong></span> <span class='ocrx_word' id='word_1_36' title='bbox 1374 696 1559 748; x_wconf 78' lang='lat' dir='ltr'><strong>aquam</strong></span> <span class='ocrx_word' id='word_1_37' title='bbox 1580 682 1785 736; x_wconf 81' lang='lat' dir='ltr'><strong>abluen-</strong></span> 
     </span>
    </p>
   </div>
   <div class='ocr_carea' id='block_1_6' title="bbox 220 773 1785 843">
    <p class='ocr_par' dir='ltr' id='par_1_6' title="bbox 220 773 1785 843">
     <span class='ocr_line' id='line_1_6' title="bbox 220 773 1785 843; baseline 0 -19"><span class='ocrx_word' id='word_1_38' title='bbox 220 775 298 825; x_wconf 86' lang='lat' dir='ltr'><strong>dis</strong></span> <span class='ocrx_word' id='word_1_39' title='bbox 327 776 591 830; x_wconf 79' lang='lat' dir='ltr'><strong>manibus.</strong></span> <span class='ocrx_word' id='word_1_40' title='bbox 650 774 707 827; x_wconf 84' lang='lat' dir='ltr'><strong>Is</strong></span> <span class='ocrx_word' id='word_1_41' title='bbox 736 788 853 825; x_wconf 79' lang='lat' dir='ltr'><strong>vero</strong></span> <span class='ocrx_word' id='word_1_42' title='bbox 876 787 1059 841; x_wconf 76' lang='lat' dir='ltr'><strong>passus</strong></span> <span class='ocrx_word' id='word_1_43' title='bbox 1096 786 1169 829; x_wconf 92' lang='lat' dir='ltr'><strong>est</strong></span> <span class='ocrx_word' id='word_1_44' title='bbox 1209 773 1312 829; x_wconf 89' lang='lat' dir='ltr'><strong>sibi</strong></span> <span class='ocrx_word' id='word_1_45' title='bbox 1343 773 1407 826; x_wconf 84' lang='lat' dir='ltr'><strong>ab</strong></span> <span class='ocrx_word' id='word_1_46' title='bbox 1436 774 1547 843; x_wconf 80' lang='lat' dir='ltr'><strong>ipso</strong></span> <span class='ocrx_word' id='word_1_47' title='bbox 1577 774 1785 843; x_wconf 77' lang='lat' dir='ltr'><strong>infundi</strong></span> 
     </span>
    </p>
   </div>
   <div class='ocr_carea' id='block_1_7' title="bbox 220 864 1782 935">
    <p class='ocr_par' dir='ltr' id='par_1_7' title="bbox 220 864 1782 935">
     <span class='ocr_line' id='line_1_7' title="bbox 220 864 1782 935; baseline -0.005 -11"><span class='ocrx_word' id='word_1_48' title='bbox 220 880 430 932; x_wconf 61' lang='lat' dir='ltr'><strong>aquam.</strong></span> <span class='ocrx_word' id='word_1_49' title='bbox 468 869 553 922; x_wconf 71' lang='lat' dir='ltr'><strong>Ait</strong></span> <span class='ocrx_word' id='word_1_50' title='bbox 583 867 662 919; x_wconf 80' lang='lat' dir='ltr'><strong>itii</strong></span> <span class='ocrx_word' id='word_1_51' title='bbox 690 881 709 919; x_wconf 91' lang='lat'><strong><em>:</em></strong></span> <span class='ocrx_word' id='word_1_52' title='bbox 733 864 863 919; x_wconf 80' lang='lat' dir='ltr'><strong>Cum</strong></span> <span class='ocrx_word' id='word_1_53' title='bbox 902 869 1165 935; x_wconf 82' lang='lat' dir='ltr'><strong>ingressus</strong></span> <span class='ocrx_word' id='word_1_54' title='bbox 1190 867 1338 935; x_wconf 80' lang='lat' dir='ltr'><strong>fuero</strong></span> <span class='ocrx_word' id='word_1_55' title='bbox 1374 866 1430 919; x_wconf 84' lang='lat' dir='ltr'><strong>in</strong></span> <span class='ocrx_word' id='word_1_56' title='bbox 1470 867 1782 927; x_wconf 83' lang='lat' dir='ltr'><strong>sacrarium,</strong></span> 
     </span>
    </p>
   </div>
   <div class='ocr_carea' id='block_1_8' title="bbox 219 956 1754 1026">
    <p class='ocr_par' dir='ltr' id='par_1_8' title="bbox 219 956 1754 1026">
     <span class='ocr_line' id='line_1_8' title="bbox 219 956 1754 1026; baseline 0.003 -20"><span class='ocrx_word' id='word_1_57' title='bbox 219 959 423 1025; x_wconf 78' lang='lat' dir='ltr'><strong>accede,</strong></span> <span class='ocrx_word' id='word_1_58' title='bbox 448 970 502 1013; x_wconf 84' lang='lat' dir='ltr'><strong>ut</strong></span> <span class='ocrx_word' id='word_1_59' title='bbox 527 970 574 1011; x_wconf 90' lang='lat' dir='ltr'><strong>te</strong></span> <span class='ocrx_word' id='word_1_60' title='bbox 608 956 801 1024; x_wconf 77' lang='lat' dir='ltr'><strong>[nciam</strong></span> <span class='ocrx_word' id='word_1_61' title='bbox 834 960 1131 1013; x_wconf 65' lang='lat' dir='ltr'><strong>diaconum.</strong></span> <span class='ocrx_word' id='word_1_62' title='bbox 1176 958 1290 1023; x_wconf 85' lang='lat' dir='ltr'><strong>Quo</strong></span> <span class='ocrx_word' id='word_1_63' title='bbox 1316 967 1549 1026; x_wconf 82' lang='lat' dir='ltr'><strong>peracto,</strong></span> <span class='ocrx_word' id='word_1_64' title='bbox 1572 962 1624 1011; x_wconf 82' lang='lat' dir='ltr'><strong>in</strong></span> <span class='ocrx_word' id='word_1_65' title='bbox 1662 972 1754 1025; x_wconf 81' lang='lat' dir='ltr'><strong>pre</strong></span> 
     </span>
    </p>
   </div>
   <div class='ocr_carea' id='block_1_9' title="bbox 220 1042 1782 1121">
    <p class='ocr_par' dir='ltr' id='par_1_9' title="bbox 220 1042 1782 1121">
     <span class='ocr_line' id='line_1_9' title="bbox 220 1042 1782 1121; baseline 0.002 -23"><span class='ocrx_word' id='word_1_66' title='bbox 220 1048 480 1119; x_wconf 81' lang='lat' dir='ltr'><strong>sbyterum</strong></span> <span class='ocrx_word' id='word_1_67' title='bbox 539 1050 694 1102; x_wconf 83' lang='lat' dir='ltr'><strong>etiam</strong></span> <span class='ocrx_word' id='word_1_68' title='bbox 744 1054 1041 1115; x_wconf 76' lang='lat' dir='ltr'><strong>ordinavit,-</strong></span> <span class='ocrx_word' id='word_1_69' title='bbox 1073 1042 1456 1121; x_wconf 77' lang='lat' dir='ltr'><strong>assumpsitqtte</strong></span> <span class='ocrx_word' id='word_1_70' title='bbox 1502 1066 1675 1105; x_wconf 83' lang='lat' dir='ltr'><strong><em>secum</em></strong></span> <span class='ocrx_word' id='word_1_71' title='bbox 1726 1050 1782 1102; x_wconf 86' lang='lat' dir='ltr'><strong>in</strong></span> 
     </span>
    </p>
   </div>
   <div class='ocr_carea' id='block_1_10' title="bbox 220 1142 1641 1211">
    <p class='ocr_par' dir='ltr' id='par_1_10' title="bbox 220 1142 1641 1211">
     <span class='ocr_line' id='line_1_10' title="bbox 220 1142 1641 1211; baseline 0.001 -19"><span class='ocrx_word' id='word_1_72' title='bbox 220 1144 498 1211; x_wconf 79' lang='lat' dir='ltr'><strong>episcopio,</strong></span> <span class='ocrx_word' id='word_1_73' title='bbox 525 1155 734 1209; x_wconf 81' lang='lat' dir='ltr'><strong>propter</strong></span> <span class='ocrx_word' id='word_1_74' title='bbox 758 1145 1072 1211; x_wconf 78' lang='lat' dir='ltr'><strong>singularem</strong></span> <span class='ocrx_word' id='word_1_75' title='bbox 1095 1142 1253 1209; x_wconf 80' lang='lat' dir='ltr'><strong><em>ipsius</em></strong></span> <span class='ocrx_word' id='word_1_76' title='bbox 1277 1144 1641 1197; x_wconf 86' lang='lat' dir='ltr'><strong>obedientiam.</strong></span> 
     </span>
    </p>
   </div>
   <div class='ocr_carea' id='block_1_11' title="bbox 286 1232 1782 1300">
    <p class='ocr_par' dir='ltr' id='par_1_11' title="bbox 286 1232 1782 1300">
     <span class='ocr_line' id='line_1_11' title="bbox 286 1232 1782 1300; baseline 0.001 -14"><span class='ocrx_word' id='word_1_77' title='bbox 286 1232 403 1286; x_wconf 74' lang='lat' dir='ltr'><strong>Non</strong></span> <span class='ocrx_word' id='word_1_78' title='bbox 444 1232 656 1296; x_wconf 73' lang='lat' dir='ltr'><strong>modici,</strong></span> <span class='ocrx_word' id='word_1_79' title='bbox 685 1244 741 1287; x_wconf 88' lang='lat' dir='ltr'><strong>ut</strong></span> <span class='ocrx_word' id='word_1_80' title='bbox 776 1234 876 1285; x_wconf 80' lang='lat' dir='ltr'><strong>illis</strong></span> <span class='ocrx_word' id='word_1_81' title='bbox 909 1234 1255 1300; x_wconf 85' lang='lat' dir='ltr'><strong>temporibus,</strong></span> <span class='ocrx_word' id='word_1_82' title='bbox 1294 1244 1448 1289; x_wconf 85' lang='lat' dir='ltr'><strong>erant</strong></span> <span class='ocrx_word' id='word_1_83' title='bbox 1487 1233 1782 1287; x_wconf 77' lang='lat' dir='ltr'><strong>Ctesarien-</strong></span> 
     </span>
    </p>
   </div>
   <div class='ocr_carea' id='block_1_12' title="bbox 222 1320 1782 1391">
    <p class='ocr_par' dir='ltr' id='par_1_12' title="bbox 222 1320 1782 1391">
     <span class='ocr_line' id='line_1_12' title="bbox 222 1320 1782 1391; baseline 0.002 -15"><span class='ocrx_word' id='word_1_84' title='bbox 222 1320 577 1378; x_wconf 66' lang='lat' dir='ltr'><strong>sisEcclesia:</strong></span> <span class='ocrx_word' id='word_1_85' title='bbox 625 1325 848 1377; x_wconf 86' lang='lat' dir='ltr'><strong>reditus.</strong></span> <span class='ocrx_word' id='word_1_86' title='bbox 908 1322 1012 1376; x_wconf 79' lang='lat' dir='ltr'><strong>Sed</strong></span> <span class='ocrx_word' id='word_1_87' title='bbox 1048 1323 1278 1380; x_wconf 73' lang='lat' dir='ltr'><strong>Basilius</strong></span> <span class='ocrx_word' id='word_1_88' title='bbox 1328 1326 1468 1377; x_wconf 88' lang='lat' dir='ltr'><strong>inter</strong></span> <span class='ocrx_word' id='word_1_89' title='bbox 1516 1324 1611 1377; x_wconf 85' lang='lat' dir='ltr'><strong>bas</strong></span> <span class='ocrx_word' id='word_1_90' title='bbox 1653 1339 1782 1391; x_wconf 86' lang='lat' dir='ltr'><strong>opes</strong></span> 
     </span>
    </p>
   </div>
   <div class='ocr_carea' id='block_1_13' title="bbox 221 1415 1776 1487">
    <p class='ocr_par' dir='ltr' id='par_1_13' title="bbox 221 1415 1776 1487">
     <span class='ocr_line' id='line_1_13' title="bbox 221 1415 1776 1487; baseline 0.005 -24"><span class='ocrx_word' id='word_1_91' title='bbox 221 1415 615 1481; x_wconf 78' lang='lat' dir='ltr'><strong>pauperrimus.</strong></span> <span class='ocrx_word' id='word_1_92' title='bbox 649 1431 745 1469; x_wconf 88' lang='lat' dir='ltr'><strong>sua</strong></span> <span class='ocrx_word' id='word_1_93' title='bbox 797 1415 976 1471; x_wconf 88' lang='lat' dir='ltr'><strong>omnia</strong></span> <span class='ocrx_word' id='word_1_94' title='bbox 1033 1434 1327 1487; x_wconf 81' lang='lat' dir='ltr'><strong>pauperum</strong></span> <span class='ocrx_word' id='word_1_95' title='bbox 1371 1429 1491 1470; x_wconf 90' lang='lat' dir='ltr'><strong>esse</strong></span> <span class='ocrx_word' id='word_1_96' title='bbox 1529 1415 1776 1470; x_wconf 88' lang='lat' dir='ltr'><strong>ducebat.</strong></span> 
     </span>
    </p>
   </div>
   <div class='ocr_carea' id='block_1_14' title="bbox 218 1503 1780 1579">
    <p class='ocr_par' dir='ltr' id='par_1_14' title="bbox 218 1503 1780 1579">
     <span class='ocr_line' id='line_1_14' title="bbox 218 1503 1780 1579; baseline 0.004 -22"><span class='ocrx_word' id='word_1_97' title='bbox 218 1503 309 1559; x_wconf 88' lang='lat' dir='ltr'><strong>Sic</strong></span> <span class='ocrx_word' id='word_1_98' title='bbox 341 1505 486 1563; x_wconf 89' lang='lat' dir='ltr'><strong>illius</strong></span> <span class='ocrx_word' id='word_1_99' title='bbox 516 1514 886 1579; x_wconf 81' lang='lat' dir='ltr'><strong>paupertatem</strong></span> <span class='ocrx_word' id='word_1_100' title='bbox 914 1518 969 1563; x_wconf 91' lang='lat' dir='ltr'><strong>et</strong></span> <span class='ocrx_word' id='word_1_101' title='bbox 1019 1518 1293 1562; x_wconf 87' lang='lat' dir='ltr'><strong>austerum</strong></span> <span class='ocrx_word' id='word_1_102' title='bbox 1350 1506 1562 1559; x_wconf 91' lang='lat' dir='ltr'><strong>vivendi</strong></span> <span class='ocrx_word' id='word_1_103' title='bbox 1616 1522 1780 1575; x_wconf 80' lang='lat' dir='ltr'><strong>genus</strong></span> 
     </span>
    </p>
   </div>
   <div class='ocr_carea' id='block_1_15' title="bbox 217 1598 1781 1671">
    <p class='ocr_par' dir='ltr' id='par_1_15' title="bbox 217 1598 1781 1671">
     <span class='ocr_line' id='line_1_15' title="bbox 217 1598 1781 1671; baseline 0 -20"><span class='ocrx_word' id='word_1_104' title='bbox 217 1600 474 1663; x_wconf 68' lang='lat' dir='ltr'><strong>pra-dicat</strong></span> <span class='ocrx_word' id='word_1_105' title='bbox 513 1598 806 1665; x_wconf 75' lang='lat' dir='ltr'><strong>Gregorius</strong></span> <span class='ocrx_word' id='word_1_106' title='bbox 834 1598 936 1671; x_wconf 81' lang='grc' dir='ltr'><strong>(α),</strong></span> <span class='ocrx_word' id='word_1_107' title='bbox 984 1615 1174 1669; x_wconf 85' lang='lat' dir='ltr'><strong>nempe</strong></span> <span class='ocrx_word' id='word_1_108' title='bbox 1198 1599 1429 1653; x_wconf 89' lang='lat' dir='ltr'><strong>tunicam</strong></span> <span class='ocrx_word' id='word_1_109' title='bbox 1464 1614 1643 1666; x_wconf 80' lang='lat' dir='ltr'><strong>unazr,</strong></span> <span class='ocrx_word' id='word_1_110' title='bbox 1670 1601 1781 1669; x_wconf 88' lang='lat' dir='ltr'><strong>pal-</strong></span> 
     </span>
    </p>
   </div>
   <div class='ocr_carea' id='block_1_16' title="bbox 214 1687 1780 1760">
    <p class='ocr_par' dir='ltr' id='par_1_16' title="bbox 214 1687 1780 1760">
     <span class='ocr_line' id='line_1_16' title="bbox 214 1687 1780 1760; baseline 0.004 -21"><span class='ocrx_word' id='word_1_111' title='bbox 214 1687 343 1741; x_wconf 91' lang='lat' dir='ltr'><strong>lium</strong></span> <span class='ocrx_word' id='word_1_112' title='bbox 371 1704 558 1753; x_wconf 86' lang='lat' dir='ltr'><strong>unum,</strong></span> <span class='ocrx_word' id='word_1_113' title='bbox 594 1690 823 1759; x_wconf 84' lang='lat' dir='ltr'><strong>vigilias,</strong></span> <span class='ocrx_word' id='word_1_114' title='bbox 852 1693 1155 1757; x_wconf 90' lang='lat' dir='ltr'><strong>obsonium,</strong></span> <span class='ocrx_word' id='word_1_115' title='bbox 1192 1707 1381 1760; x_wconf 86' lang='lat' dir='ltr'><strong>panem</strong></span> <span class='ocrx_word' id='word_1_116' title='bbox 1424 1703 1478 1746; x_wconf 90' lang='lat' dir='ltr'><strong>et</strong></span> <span class='ocrx_word' id='word_1_117' title='bbox 1506 1694 1691 1755; x_wconf 88' lang='lat' dir='ltr'><strong>salem,</strong></span> <span class='ocrx_word' id='word_1_118' title='bbox 1724 1705 1780 1746; x_wconf 90' lang='lat' dir='ltr'><strong>ut</strong></span> 
     </span>
    </p>
   </div>
   <div class='ocr_carea' id='block_1_17' title="bbox 214 1781 1781 1850">
    <p class='ocr_par' dir='ltr' id='par_1_17' title="bbox 214 1781 1781 1850">
     <span class='ocr_line' id='line_1_17' title="bbox 214 1781 1781 1850; baseline 0.001 -16"><span class='ocrx_word' id='word_1_119' title='bbox 214 1781 324 1837; x_wconf 66' lang='lat' dir='ltr'><strong>base</strong></span> <span class='ocrx_word' id='word_1_120' title='bbox 345 1783 401 1835; x_wconf 90' lang='lat' dir='ltr'><strong>in</strong></span> <span class='ocrx_word' id='word_1_121' title='bbox 420 1781 726 1850; x_wconf 82' lang='lat' dir='ltr'><strong>episcopatu</strong></span> <span class='ocrx_word' id='word_1_122' title='bbox 745 1801 847 1837; x_wconf 90' lang='lat' dir='ltr'><strong>non</strong></span> <span class='ocrx_word' id='word_1_123' title='bbox 866 1786 1192 1845; x_wconf 84' lang='lat' dir='ltr'><strong>intermissa,</strong></span> <span class='ocrx_word' id='word_1_124' title='bbox 1215 1783 1292 1836; x_wconf 84' lang='lat' dir='ltr'><strong>vel</strong></span> <span class='ocrx_word' id='word_1_125' title='bbox 1316 1782 1499 1838; x_wconf 90' lang='lat' dir='ltr'><strong>saltem</strong></span> <span class='ocrx_word' id='word_1_126' title='bbox 1521 1802 1625 1839; x_wconf 91' lang='lat' dir='ltr'><strong>non</strong></span> <span class='ocrx_word' id='word_1_127' title='bbox 1646 1785 1781 1838; x_wconf 83' lang='lat' dir='ltr'><strong>ntul-</strong></span> 
     </span>
    </p>
   </div>
   <div class='ocr_carea' id='block_1_18' title="bbox 1894 590 3455 661">
    <p class='ocr_par' dir='ltr' id='par_1_18' title="bbox 1894 590 3455 661">
     <span class='ocr_line' id='line_1_18' title="bbox 1894 590 3455 661; baseline -0.001 -16"><span class='ocrx_word' id='word_1_128' title='bbox 1894 608 1980 648; x_wconf 91' lang='lat' dir='ltr'><strong>mo</strong></span> <span class='ocrx_word' id='word_1_129' title='bbox 2008 608 2136 649; x_wconf 83' lang='lat' dir='ltr'><strong>sane</strong></span> <span class='ocrx_word' id='word_1_130' title='bbox 2162 591 2461 657; x_wconf 76' lang='lat' dir='ltr'><strong>dubitabat,</strong></span> <span class='ocrx_word' id='word_1_131' title='bbox 2498 597 2624 661; x_wconf 92' lang='lat' dir='ltr'><strong>quin</strong></span> <span class='ocrx_word' id='word_1_132' title='bbox 2660 591 2844 648; x_wconf 83' lang='lat' dir='ltr'><strong>statim</strong></span> <span class='ocrx_word' id='word_1_133' title='bbox 2886 590 3180 661; x_wconf 81' lang='lat' dir='ltr'><strong>Gregorius</strong></span> <span class='ocrx_word' id='word_1_134' title='bbox 3214 590 3276 643; x_wconf 86' lang='lat' dir='ltr'><strong>ad</strong></span> <span class='ocrx_word' id='word_1_135' title='bbox 3316 592 3455 645; x_wconf 85' lang='lat' dir='ltr'><strong>ami-</strong></span> 
     </span>
    </p>
   </div>
   <div class='ocr_carea' id='block_1_19' title="bbox 1890 681 3456 750">
    <p class='ocr_par' dir='ltr' id='par_1_19' title="bbox 1890 681 3456 750">
     <span class='ocr_line' id='line_1_19' title="bbox 1890 681 3456 750; baseline -0.002 -14"><span class='ocrx_word' id='word_1_136' title='bbox 1890 699 2011 736; x_wconf 85' lang='lat' dir='ltr'><strong>eum</strong></span> <span class='ocrx_word' id='word_1_137' title='bbox 2045 684 2196 739; x_wconf 74' lang='lat' dir='ltr'><strong>Imtus</strong></span> <span class='ocrx_word' id='word_1_138' title='bbox 2230 692 2559 745; x_wconf 78' lang='lat' dir='ltr'><strong>occurreret,</strong></span> <span class='ocrx_word' id='word_1_139' title='bbox 2593 695 2645 737; x_wconf 91' lang='lat' dir='ltr'><strong>et</strong></span> <span class='ocrx_word' id='word_1_140' title='bbox 2678 698 2802 739; x_wconf 89' lang='lat' dir='ltr'><strong>cum</strong></span> <span class='ocrx_word' id='word_1_141' title='bbox 2840 697 2905 736; x_wconf 89' lang='lat' dir='ltr'><strong>eo</strong></span> <span class='ocrx_word' id='word_1_142' title='bbox 2927 681 3179 736; x_wconf 79' lang='lat' dir='ltr'><strong>booorem</strong></span> <span class='ocrx_word' id='word_1_143' title='bbox 3208 697 3272 735; x_wconf 91' lang='lat' dir='ltr'><strong>ac</strong></span> <span class='ocrx_word' id='word_1_144' title='bbox 3303 691 3456 750; x_wconf 88' lang='lat' dir='ltr'><strong>pote-</strong></span> 
     </span>
    </p>
   </div>
   <div class='ocr_carea' id='block_1_20' title="bbox 1892 772 3456 845">
    <p class='ocr_par' dir='ltr' id='par_1_20' title="bbox 1892 772 3456 845">
     <span class='ocr_line' id='line_1_20' title="bbox 1892 772 3456 845; baseline -0.001 -20"><span class='ocrx_word' id='word_1_145' title='bbox 1892 782 2086 827; x_wconf 80' lang='lat' dir='ltr'><strong>statem</strong></span> <span class='ocrx_word' id='word_1_146' title='bbox 2120 773 2431 842; x_wconf 75' lang='lat' dir='ltr'><strong>partiretur.</strong></span> <span class='ocrx_word' id='word_1_147' title='bbox 2482 772 2587 825; x_wconf 79' lang='lat' dir='ltr'><strong>Sed</strong></span> <span class='ocrx_word' id='word_1_148' title='bbox 2629 774 2918 845; x_wconf 78' lang='lat' dir='ltr'><strong>Gregorius</strong></span> <span class='ocrx_word' id='word_1_149' title='bbox 2964 778 3206 841; x_wconf 87' lang='lat' dir='ltr'><strong>protinus</strong></span> <span class='ocrx_word' id='word_1_150' title='bbox 3238 772 3456 841; x_wconf 83' lang='lat' dir='ltr'><strong>quidem</strong></span> 
     </span>
    </p>
   </div>
   <div class='ocr_carea' id='block_1_21' title="bbox 1890 864 3457 935">
    <p class='ocr_par' dir='ltr' id='par_1_21' title="bbox 1890 864 3457 935">
     <span class='ocr_line' id='line_1_21' title="bbox 1890 864 3457 935; baseline 0.001 -18"><span class='ocrx_word' id='word_1_151' title='bbox 1890 867 1955 917; x_wconf 87' lang='lat' dir='ltr'><strong>ad</strong></span> <span class='ocrx_word' id='word_1_152' title='bbox 1992 865 2240 920; x_wconf 88' lang='lat' dir='ltr'><strong>Basiliqu</strong></span> <span class='ocrx_word' id='word_1_153' title='bbox 2269 864 2505 932; x_wconf 77' lang='lat' dir='ltr'><strong>scripsit,</strong></span> <span class='ocrx_word' id='word_1_154' title='bbox 2558 874 2615 917; x_wconf 89' lang='lat' dir='ltr'><strong>ut</strong></span> <span class='ocrx_word' id='word_1_155' title='bbox 2666 880 2817 920; x_wconf 87' lang='lat' dir='ltr'><strong>suum</strong></span> <span class='ocrx_word' id='word_1_156' title='bbox 2846 885 2910 921; x_wconf 78' lang='lat' dir='ltr'><strong>ev</strong></span> <span class='ocrx_word' id='word_1_157' title='bbox 2957 866 3073 935; x_wconf 84' lang='lat' dir='ltr'><strong>ejus</strong></span> <span class='ocrx_word' id='word_1_158' title='bbox 3119 866 3457 919; x_wconf 78' lang='lat' dir='ltr'><strong>ordinatione</strong></span> 
     </span>
    </p>
   </div>
   <div class='ocr_carea' id='block_1_22' title="bbox 1890 954 3454 1027">
    <p class='ocr_par' dir='ltr' id='par_1_22' title="bbox 1890 954 3454 1027">
     <span class='ocr_line' id='line_1_22' title="bbox 1890 954 3454 1027; baseline 0.003 -22"><span class='ocrx_word' id='word_1_159' title='bbox 1890 956 2139 1027; x_wconf 76' lang='lat' dir='ltr'><strong>gaudium</strong></span> <span class='ocrx_word' id='word_1_160' title='bbox 2184 958 2563 1026; x_wconf 76' lang='lat' dir='ltr'><strong>signiﬁcaret:</strong></span> <span class='ocrx_word' id='word_1_161' title='bbox 2606 964 2660 1009; x_wconf 89' lang='lat' dir='ltr'><strong>at</strong></span> <span class='ocrx_word' id='word_1_162' title='bbox 2705 958 3024 1011; x_wconf 85' lang='lat' dir='ltr'><strong>desiderium</strong></span> <span class='ocrx_word' id='word_1_163' title='bbox 3058 954 3202 1009; x_wconf 88' lang='lat' dir='ltr'><strong>illius</strong></span> <span class='ocrx_word' id='word_1_164' title='bbox 3243 954 3454 1009; x_wconf 83' lang='lat' dir='ltr'><strong>videndi</strong></span> 
     </span>
    </p>
   </div>
   <div class='ocr_carea' id='block_1_23' title="bbox 1888 1046 3455 1112">
    <p class='ocr_par' dir='ltr' id='par_1_23' title="bbox 1888 1046 3455 1112">
     <span class='ocr_line' id='line_1_23' title="bbox 1888 1046 3455 1112; baseline -0.001 -12"><span class='ocrx_word' id='word_1_165' title='bbox 1888 1047 2145 1106; x_wconf 84' lang='lat' dir='ltr'><strong>cohibuit,</strong></span> <span class='ocrx_word' id='word_1_166' title='bbox 2190 1056 2300 1098; x_wconf 92' lang='lat' dir='ltr'><strong>tum</strong></span> <span class='ocrx_word' id='word_1_167' title='bbox 2336 1059 2386 1100; x_wconf 90' lang='lat' dir='ltr'><strong>ut</strong></span> <span class='ocrx_word' id='word_1_168' title='bbox 2412 1049 2569 1101; x_wconf 84' lang='lat' dir='ltr'><strong>amici</strong></span> <span class='ocrx_word' id='word_1_169' title='bbox 2621 1046 2776 1100; x_wconf 71' lang='lat' dir='ltr'><strong>fama:</strong></span> <span class='ocrx_word' id='word_1_170' title='bbox 2819 1048 3140 1112; x_wconf 82' lang='lat' dir='ltr'><strong>consuleret,</strong></span> <span class='ocrx_word' id='word_1_171' title='bbox 3179 1058 3276 1098; x_wconf 88' lang='lat' dir='ltr'><strong>nec</strong></span> <span class='ocrx_word' id='word_1_172' title='bbox 3307 1047 3455 1111; x_wconf 83' lang='lat' dir='ltr'><strong>quis-</strong></span> 
     </span>
    </p>
   </div>
   <div class='ocr_carea' id='block_1_24' title="bbox 1888 1136 3455 1209">
    <p class='ocr_par' dir='ltr' id='par_1_24' title="bbox 1888 1136 3455 1209">
     <span class='ocr_line' id='line_1_24' title="bbox 1888 1136 3455 1209; baseline 0 -20"><span class='ocrx_word' id='word_1_173' title='bbox 1888 1154 2047 1208; x_wconf 83' lang='lat' dir='ltr'><strong>quam</strong></span> <span class='ocrx_word' id='word_1_174' title='bbox 2081 1138 2406 1193; x_wconf 76' lang='lat' dir='ltr'><strong>obtrectator</strong></span> <span class='ocrx_word' id='word_1_175' title='bbox 2443 1156 2562 1195; x_wconf 89' lang='lat' dir='ltr'><strong>eum</strong></span> <span class='ocrx_word' id='word_1_176' title='bbox 2600 1141 2869 1193; x_wconf 86' lang='lat' dir='ltr'><strong>studiosos</strong></span> <span class='ocrx_word' id='word_1_177' title='bbox 2902 1139 2982 1191; x_wconf 90' lang='lat' dir='ltr'><strong>sui</strong></span> <span class='ocrx_word' id='word_1_178' title='bbox 3018 1141 3271 1209; x_wconf 76' lang='lat' dir='ltr'><strong>colligere</strong></span> <span class='ocrx_word' id='word_1_179' title='bbox 3296 1136 3455 1189; x_wconf 88' lang='lat' dir='ltr'><strong>dicti-</strong></span> 
     </span>
    </p>
   </div>
   <div class='ocr_carea' id='block_1_25' title="bbox 1890 1226 3454 1297">
    <p class='ocr_par' dir='ltr' id='par_1_25' title="bbox 1890 1226 3454 1297">
     <span class='ocr_line' id='line_1_25' title="bbox 1890 1226 3454 1297; baseline -0.003 -15"><span class='ocrx_word' id='word_1_180' title='bbox 1890 1238 2027 1282; x_wconf 87' lang='lat' dir='ltr'><strong>taret</strong></span> <span class='ocrx_word' id='word_1_181' title='bbox 2073 1228 2248 1297; x_wconf 91' lang='lat' dir='ltr'><strong>(eraut</strong></span> <span class='ocrx_word' id='word_1_182' title='bbox 2279 1230 2423 1283; x_wconf 85' lang='lat' dir='ltr'><strong>enim</strong></span> <span class='ocrx_word' id='word_1_183' title='bbox 2469 1232 2760 1285; x_wconf 89' lang='lat' dir='ltr'><strong>umltormu</strong></span> <span class='ocrx_word' id='word_1_184' title='bbox 2812 1230 2978 1282; x_wconf 87' lang='lat' dir='ltr'><strong>animi</strong></span> <span class='ocrx_word' id='word_1_185' title='bbox 3024 1230 3195 1284; x_wconf 87' lang='lat' dir='ltr'><strong>adhuc</strong></span> <span class='ocrx_word' id='word_1_186' title='bbox 3237 1226 3454 1282; x_wconf 75' lang='lat' dir='ltr'><strong>exulce-</strong></span> 
     </span>
    </p>
   </div>
   <div class='ocr_carea' id='block_1_26' title="bbox 1888 1317 3457 1391">
    <p class='ocr_par' dir='ltr' id='par_1_26' title="bbox 1888 1317 3457 1391">
     <span class='ocr_line' id='line_1_26' title="bbox 1888 1317 3457 1391; baseline -0.002 -17"><span class='ocrx_word' id='word_1_187' title='bbox 1888 1317 2033 1387; x_wconf 89' lang='lat' dir='ltr'><strong>rati),</strong></span> <span class='ocrx_word' id='word_1_188' title='bbox 2056 1326 2165 1371; x_wconf 92' lang='lat' dir='ltr'><strong>tum</strong></span> <span class='ocrx_word' id='word_1_189' title='bbox 2183 1319 2343 1373; x_wconf 89' lang='lat' dir='ltr'><strong>etiam</strong></span> <span class='ocrx_word' id='word_1_190' title='bbox 2373 1335 2438 1373; x_wconf 88' lang='lat' dir='ltr'><strong>ne</strong></span> <span class='ocrx_word' id='word_1_191' title='bbox 2467 1335 2523 1373; x_wconf 90' lang='lat' dir='ltr'><strong>se</strong></span> <span class='ocrx_word' id='word_1_192' title='bbox 2550 1321 2661 1391; x_wconf 91' lang='lat' dir='ltr'><strong>ipse</strong></span> <span class='ocrx_word' id='word_1_193' title='bbox 2691 1322 2741 1374; x_wconf 92' lang='lat' dir='ltr'><strong>in</strong></span> <span class='ocrx_word' id='word_1_194' title='bbox 2776 1320 3027 1372; x_wconf 85' lang='lat' dir='ltr'><strong>invidiam</strong></span> <span class='ocrx_word' id='word_1_195' title='bbox 3056 1329 3110 1371; x_wconf 91' lang='lat' dir='ltr'><strong>et</strong></span> <span class='ocrx_word' id='word_1_196' title='bbox 3133 1317 3457 1389; x_wconf 64' lang='lat' dir='ltr'><strong>arrogantia:</strong></span> 
     </span>
    </p>
   </div>
   <div class='ocr_carea' id='block_1_27' title="bbox 1886 1410 3455 1483">
    <p class='ocr_par' dir='ltr' id='par_1_27' title="bbox 1886 1410 3455 1483">
     <span class='ocr_line' id='line_1_27' title="bbox 1886 1410 3455 1483; baseline -0.001 -18"><span class='ocrx_word' id='word_1_197' title='bbox 1886 1410 2219 1478; x_wconf 84' lang='lat' dir='ltr'><strong>suspiciones</strong></span> <span class='ocrx_word' id='word_1_198' title='bbox 2270 1412 2565 1480; x_wconf 87' lang='lat' dir='ltr'><strong>eonjiceret</strong></span> <span class='ocrx_word' id='word_1_199' title='bbox 2601 1413 2693 1483; x_wconf 79' lang='lat' dir='ltr'><strong>(f).</strong></span> <span class='ocrx_word' id='word_1_200' title='bbox 2739 1414 2837 1466; x_wconf 79' lang='lat' dir='ltr'><strong>Ilis</strong></span> <span class='ocrx_word' id='word_1_201' title='bbox 2886 1410 3183 1465; x_wconf 86' lang='lat' dir='ltr'><strong>rationibus</strong></span> <span class='ocrx_word' id='word_1_202' title='bbox 3230 1424 3455 1479; x_wconf 86' lang='lat' dir='ltr'><strong>persua-</strong></span> 
     </span>
    </p>
   </div>
   <div class='ocr_carea' id='block_1_28' title="bbox 1887 1497 3454 1572">
    <p class='ocr_par' dir='ltr' id='par_1_28' title="bbox 1887 1497 3454 1572">
     <span class='ocr_line' id='line_1_28' title="bbox 1887 1497 3454 1572; baseline 0.003 -19"><span class='ocrx_word' id='word_1_203' title='bbox 1887 1500 2015 1553; x_wconf 83' lang='lat' dir='ltr'><strong>dere</strong></span> <span class='ocrx_word' id='word_1_204' title='bbox 2048 1497 2242 1553; x_wconf 76' lang='lat' dir='ltr'><strong>Basilio</strong></span> <span class='ocrx_word' id='word_1_205' title='bbox 2269 1512 2499 1554; x_wconf 88' lang='lat' dir='ltr'><strong>conatur</strong></span> <span class='ocrx_word' id='word_1_206' title='bbox 2542 1517 2610 1555; x_wconf 91' lang='lat' dir='ltr'><strong>ne</strong></span> <span class='ocrx_word' id='word_1_207' title='bbox 2641 1517 2698 1556; x_wconf 88' lang='lat' dir='ltr'><strong>se</strong></span> <span class='ocrx_word' id='word_1_208' title='bbox 2725 1504 2905 1557; x_wconf 88' lang='lat' dir='ltr'><strong>statim</strong></span> <span class='ocrx_word' id='word_1_209' title='bbox 2939 1510 3183 1555; x_wconf 84' lang='lat' dir='ltr'><strong>accersat</strong></span> <span class='ocrx_word' id='word_1_210' title='bbox 3219 1518 3232 1553; x_wconf 89' lang='lat'><strong>:</strong></span> <span class='ocrx_word' id='word_1_211' title='bbox 3282 1516 3454 1572; x_wconf 88' lang='lat' dir='ltr'><strong>neque</strong></span> 
     </span>
    </p>
   </div>
   <div class='ocr_carea' id='block_1_29' title="bbox 1886 1590 3451 1660">
    <p class='ocr_par' dir='ltr' id='par_1_29' title="bbox 1886 1590 3451 1660">
     <span class='ocr_line' id='line_1_29' title="bbox 1886 1590 3451 1660; baseline -0.003 -12"><span class='ocrx_word' id='word_1_212' title='bbox 1886 1593 2025 1648; x_wconf 88' lang='lat' dir='ltr'><strong>enim</strong></span> <span class='ocrx_word' id='word_1_213' title='bbox 2052 1606 2111 1647; x_wconf 84' lang='lat' dir='ltr'><strong>se</strong></span> <span class='ocrx_word' id='word_1_214' title='bbox 2152 1607 2373 1660; x_wconf 84' lang='lat' dir='ltr'><strong>prorsus</strong></span> <span class='ocrx_word' id='word_1_215' title='bbox 2416 1602 2722 1655; x_wconf 88' lang='lat' dir='ltr'><strong>venturum,</strong></span> <span class='ocrx_word' id='word_1_216' title='bbox 2757 1596 2856 1647; x_wconf 85' lang='lat' dir='ltr'><strong>nisi</strong></span> <span class='ocrx_word' id='word_1_217' title='bbox 2890 1608 3012 1647; x_wconf 92' lang='lat' dir='ltr'><strong>cum</strong></span> <span class='ocrx_word' id='word_1_218' title='bbox 3044 1593 3181 1645; x_wconf 89' lang='lat' dir='ltr'><strong>Deus</strong></span> <span class='ocrx_word' id='word_1_219' title='bbox 3207 1590 3451 1659; x_wconf 80' lang='lat' dir='ltr'><strong>jusserit,</strong></span> 
     </span>
    </p>
   </div>
   <div class='ocr_carea' id='block_1_30' title="bbox 1885 1682 3446 1750">
    <p class='ocr_par' dir='ltr' id='par_1_30' title="bbox 1885 1682 3446 1750">
     <span class='ocr_line' id='line_1_30' title="bbox 1885 1682 3446 1750; baseline -0.001 -13"><span class='ocrx_word' id='word_1_220' title='bbox 1885 1693 1938 1737; x_wconf 89' lang='lat' dir='ltr'><strong>et</strong></span> <span class='ocrx_word' id='word_1_221' title='bbox 1982 1699 2194 1747; x_wconf 89' lang='lat' dir='ltr'><strong>eorum,</strong></span> <span class='ocrx_word' id='word_1_222' title='bbox 2242 1684 2333 1750; x_wconf 83' lang='lat' dir='ltr'><strong>qui</strong></span> <span class='ocrx_word' id='word_1_223' title='bbox 2367 1682 2565 1738; x_wconf 88' lang='lat' dir='ltr'><strong>Basilio</strong></span> <span class='ocrx_word' id='word_1_224' title='bbox 2620 1683 3009 1738; x_wconf 80' lang='lat' dir='ltr'><strong>insidiabantur</strong></span> <span class='ocrx_word' id='word_1_225' title='bbox 3035 1692 3089 1737; x_wconf 90' lang='lat' dir='ltr'><strong>et</strong></span> <span class='ocrx_word' id='word_1_226' title='bbox 3116 1682 3446 1747; x_wconf 84' lang='lat' dir='ltr'><strong>invidebant,</strong></span> 
     </span>
    </p>
   </div>
   <div class='ocr_carea' id='block_1_31' title="bbox 1887 1776 2479 1845">
    <p class='ocr_par' dir='ltr' id='par_1_31' title="bbox 1887 1776 2479 1845">
     <span class='ocr_line' id='line_1_31' title="bbox 1887 1776 2479 1845; baseline -0.003 -18"><span class='ocrx_word' id='word_1_227' title='bbox 1887 1777 2089 1829; x_wconf 61' lang='lat' dir='ltr'><strong>umbra!</strong></span> <span class='ocrx_word' id='word_1_228' title='bbox 2122 1776 2479 1845; x_wconf 66' lang='lat' dir='ltr'><strong>prteterieriut</strong></span> 
     </span>
    </p>
   </div>
   <div class='ocr_carea' id='block_1_32' title="bbox 214 1861 1775 1942">
    <p class='ocr_par' dir='ltr' id='par_1_32' title="bbox 214 1872 1772 1942">
     <span class='ocr_line' id='line_1_32' title="bbox 214 1872 1772 1942; baseline 0.002 -18"><span class='ocrx_word' id='word_1_229' title='bbox 214 1883 324 1925; x_wconf 90' lang='lat' dir='ltr'><strong>tum</strong></span> <span class='ocrx_word' id='word_1_230' title='bbox 358 1872 669 1942; x_wconf 86' lang='lat' dir='ltr'><strong>demitigata</strong></span> <span class='ocrx_word' id='word_1_231' title='bbox 692 1874 857 1927; x_wconf 71' lang='lat' dir='ltr'><strong>fuisse</strong></span> <span class='ocrx_word' id='word_1_232' title='bbox 886 1874 1191 1928; x_wconf 89' lang='lat' dir='ltr'><strong>videantur.</strong></span> <span class='ocrx_word' id='word_1_233' title='bbox 1228 1873 1387 1929; x_wconf 86' lang='lat' dir='ltr'><strong>Certe</strong></span> <span class='ocrx_word' id='word_1_234' title='bbox 1423 1874 1652 1929; x_wconf 84' lang='lat' dir='ltr'><strong>Basilius</strong></span> <span class='ocrx_word' id='word_1_235' title='bbox 1684 1890 1772 1927; x_wconf 87' lang='lat' dir='ltr'><strong>co-</strong></span> 
     </span>
    </p>
   </div>
   <div class='ocr_carea' id='block_1_33' title="bbox 1881 1861 3449 1942">
    <p class='ocr_par' dir='ltr' id='par_1_33' title="bbox 1953 1862 3449 1930">
     <span class='ocr_line' id='line_1_33' title="bbox 1953 1862 3449 1930; baseline -0.002 -12"><span class='ocrx_word' id='word_1_236' title='bbox 1953 1865 2199 1920; x_wconf 82' lang='lat' dir='ltr'><strong>Noudum</strong></span> <span class='ocrx_word' id='word_1_237' title='bbox 2244 1869 2422 1921; x_wconf 86' lang='lat' dir='ltr'><strong>victus</strong></span> <span class='ocrx_word' id='word_1_238' title='bbox 2448 1866 2532 1919; x_wconf 87' lang='lat' dir='ltr'><strong>bis</strong></span> <span class='ocrx_word' id='word_1_239' title='bbox 2563 1865 2861 1919; x_wconf 85' lang='lat' dir='ltr'><strong>rationibus</strong></span> <span class='ocrx_word' id='word_1_240' title='bbox 2900 1862 3150 1930; x_wconf 86' lang='lat' dir='ltr'><strong>Basilius,</strong></span> <span class='ocrx_word' id='word_1_241' title='bbox 3177 1862 3449 1919; x_wconf 81' lang='lat' dir='ltr'><strong>contemni</strong></span> 
     </span>
    </p>
   </div>
   <div class='ocr_carea' id='block_1_34' title="bbox 212 1962 1780 2033">
    <p class='ocr_par' dir='ltr' id='par_1_34' title="bbox 212 1962 1780 2033">
     <span class='ocr_line' id='line_1_34' title="bbox 212 1962 1780 2033; baseline 0 -17"><span class='ocrx_word' id='word_1_242' title='bbox 212 1980 324 2017; x_wconf 89' lang='lat' dir='ltr'><strong>ram</strong></span> <span class='ocrx_word' id='word_1_243' title='bbox 361 1962 620 2030; x_wconf 70' lang='lat' dir='ltr'><strong>praefecto</strong></span> <span class='ocrx_word' id='word_1_244' title='bbox 648 1963 858 2017; x_wconf 89' lang='lat' dir='ltr'><strong>dicebat</strong></span> <span class='ocrx_word' id='word_1_245' title='bbox 886 1964 1016 2018; x_wconf 89' lang='lat' dir='ltr'><strong>uibil</strong></span> <span class='ocrx_word' id='word_1_246' title='bbox 1044 1968 1387 2032; x_wconf 84' lang='lat' dir='ltr'><strong>prorsussibi</strong></span> <span class='ocrx_word' id='word_1_247' title='bbox 1413 1983 1551 2028; x_wconf 85' lang='lat' dir='ltr'><strong>esse,</strong></span> <span class='ocrx_word' id='word_1_248' title='bbox 1586 1974 1780 2033; x_wconf 78' lang='lat' dir='ltr'><strong>prteter</strong></span> 
     </span>
    </p>
   </div>
   <div class='ocr_carea' id='block_1_35' title="bbox 208 2055 1781 2128">
    <p class='ocr_par' dir='ltr' id='par_1_35' title="bbox 208 2055 1781 2128">
     <span class='ocr_line' id='line_1_35' title="bbox 208 2055 1781 2128; baseline 0.002 -20"><span class='ocrx_word' id='word_1_249' title='bbox 208 2055 421 2108; x_wconf 87' lang='lat' dir='ltr'><strong>laceros</strong></span> <span class='ocrx_word' id='word_1_250' title='bbox 450 2066 502 2109; x_wconf 92' lang='lat' dir='ltr'><strong>et</strong></span> <span class='ocrx_word' id='word_1_251' title='bbox 530 2056 757 2111; x_wconf 78' lang='lat' dir='ltr'><strong>detritos</strong></span> <span class='ocrx_word' id='word_1_252' title='bbox 787 2072 1014 2126; x_wconf 88' lang='lat' dir='ltr'><strong>pannos,</strong></span> <span class='ocrx_word' id='word_1_253' title='bbox 1048 2068 1101 2112; x_wconf 91' lang='lat' dir='ltr'><strong>et</strong></span> <span class='ocrx_word' id='word_1_254' title='bbox 1143 2074 1342 2128; x_wconf 83' lang='lat' dir='ltr'><strong>paucos</strong></span> <span class='ocrx_word' id='word_1_255' title='bbox 1364 2057 1528 2112; x_wconf 89' lang='lat' dir='ltr'><strong>libros</strong></span> <span class='ocrx_word' id='word_1_256' title='bbox 1560 2058 1654 2127; x_wconf 67' lang='lat' dir='ltr'><strong>(li).</strong></span> <span class='ocrx_word' id='word_1_257' title='bbox 1688 2056 1781 2111; x_wconf 88' lang='lat' dir='ltr'><strong>Sic</strong></span> 
     </span>
    </p>
   </div>
   <div class='ocr_carea' id='block_1_36' title="bbox 207 2148 1778 2219">
    <p class='ocr_par' dir='ltr' id='par_1_36' title="bbox 207 2148 1778 2219">
     <span class='ocr_line' id='line_1_36' title="bbox 207 2148 1778 2219; baseline 0.006 -22"><span class='ocrx_word' id='word_1_258' title='bbox 207 2148 407 2201; x_wconf 75' lang='lat' dir='ltr'><strong>viventi</strong></span> <span class='ocrx_word' id='word_1_259' title='bbox 443 2148 700 2215; x_wconf 78' lang='lat' dir='ltr'><strong>perfacile</strong></span> <span class='ocrx_word' id='word_1_260' title='bbox 729 2160 847 2204; x_wconf 86' lang='lat' dir='ltr'><strong>erat</strong></span> <span class='ocrx_word' id='word_1_261' title='bbox 878 2152 931 2204; x_wconf 90' lang='lat' dir='ltr'><strong>in</strong></span> <span class='ocrx_word' id='word_1_262' title='bbox 975 2166 1237 2219; x_wconf 81' lang='lat' dir='ltr'><strong>pauperes</strong></span> <span class='ocrx_word' id='word_1_263' title='bbox 1265 2152 1533 2217; x_wconf 77' lang='lat' dir='ltr'><strong>prolixum</strong></span> <span class='ocrx_word' id='word_1_264' title='bbox 1560 2166 1680 2205; x_wconf 86' lang='lat' dir='ltr'><strong>esse</strong></span> <span class='ocrx_word' id='word_1_265' title='bbox 1715 2166 1778 2206; x_wconf 85' lang='lat' dir='ltr'><strong>ac</strong></span> 
     </span>
    </p>
   </div>
   <div class='ocr_carea' id='block_1_37' title="bbox 208 2239 1779 2311">
    <p class='ocr_par' dir='ltr' id='par_1_37' title="bbox 208 2239 1779 2311">
     <span class='ocr_line' id='line_1_37' title="bbox 208 2239 1779 2311; baseline 0.004 -21"><span class='ocrx_word' id='word_1_266' title='bbox 208 2239 508 2293; x_wconf 84' lang='lat' dir='ltr'><strong>liberalem.</strong></span> <span class='ocrx_word' id='word_1_267' title='bbox 544 2239 660 2307; x_wconf 85' lang='lat' dir='ltr'><strong>Quo</strong></span> <span class='ocrx_word' id='word_1_268' title='bbox 690 2242 741 2295; x_wconf 90' lang='lat' dir='ltr'><strong>in</strong></span> <span class='ocrx_word' id='word_1_269' title='bbox 792 2259 991 2310; x_wconf 81' lang='lat' dir='ltr'><strong>genere</strong></span> <span class='ocrx_word' id='word_1_270' title='bbox 1022 2244 1100 2295; x_wconf 88' lang='lat' dir='ltr'><strong>sic</strong></span> <span class='ocrx_word' id='word_1_271' title='bbox 1130 2243 1523 2311; x_wconf 79' lang='lat' dir='ltr'><strong>magniﬁcentia</strong></span> <span class='ocrx_word' id='word_1_272' title='bbox 1549 2254 1601 2297; x_wconf 89' lang='lat' dir='ltr'><strong>et</strong></span> <span class='ocrx_word' id='word_1_273' title='bbox 1632 2260 1779 2297; x_wconf 90' lang='lat' dir='ltr'><strong>sum-</strong></span> 
     </span>
    </p>
   </div>
   <div class='ocr_carea' id='block_1_38' title="bbox 209 2331 1775 2403">
    <p class='ocr_par' dir='ltr' id='par_1_38' title="bbox 209 2331 1775 2403">
     <span class='ocr_line' id='line_1_38' title="bbox 209 2331 1775 2403; baseline 0.007 -24"><span class='ocrx_word' id='word_1_274' title='bbox 209 2340 302 2399; x_wconf 87' lang='lat' dir='ltr'><strong>ptu</strong></span> <span class='ocrx_word' id='word_1_275' title='bbox 321 2331 518 2396; x_wconf 89' lang='lat' dir='ltr'><strong>prodiit</strong></span> <span class='ocrx_word' id='word_1_276' title='bbox 547 2333 795 2394; x_wconf 87' lang='lat' dir='ltr'><strong>Basilius,</strong></span> <span class='ocrx_word' id='word_1_277' title='bbox 824 2340 881 2384; x_wconf 89' lang='lat' dir='ltr'><strong>ut</strong></span> <span class='ocrx_word' id='word_1_278' title='bbox 917 2335 1383 2403; x_wconf 87' lang='lat' dir='ltr'><strong>ptocbotropbium</strong></span> <span class='ocrx_word' id='word_1_279' title='bbox 1423 2338 1490 2391; x_wconf 87' lang='lat' dir='ltr'><strong>ab</strong></span> <span class='ocrx_word' id='word_1_280' title='bbox 1514 2351 1579 2390; x_wconf 89' lang='lat' dir='ltr'><strong>eo</strong></span> <span class='ocrx_word' id='word_1_281' title='bbox 1607 2336 1775 2390; x_wconf 81' lang='lat' dir='ltr'><strong>:cdill-</strong></span> 
     </span>
    </p>
   </div>
   <div class='ocr_carea' id='block_1_39' title="bbox 207 2425 1774 2496">
    <p class='ocr_par' dir='ltr' id='par_1_39' title="bbox 207 2425 1774 2496">
     <span class='ocr_line' id='line_1_39' title="bbox 207 2425 1774 2496; baseline 0.004 -23"><span class='ocrx_word' id='word_1_282' title='bbox 207 2433 389 2475; x_wconf 79' lang='lat' dir='ltr'><strong>ratutu</strong></span> <span class='ocrx_word' id='word_1_283' title='bbox 408 2440 589 2476; x_wconf 82' lang='lat' dir='ltr'><strong>novant</strong></span> <span class='ocrx_word' id='word_1_284' title='bbox 603 2425 863 2477; x_wconf 83' lang='lat' dir='ltr'><strong>civitatem</strong></span> <span class='ocrx_word' id='word_1_285' title='bbox 882 2426 1108 2495; x_wconf 88' lang='lat' dir='ltr'><strong>appellet</strong></span> <span class='ocrx_word' id='word_1_286' title='bbox 1123 2426 1163 2481; x_wconf 89' lang='lat' dir='ltr'><strong>G</strong></span> <span class='ocrx_word' id='word_1_287' title='bbox 1175 2431 1341 2496; x_wconf 77' lang='lat' dir='ltr'><strong>regori</strong></span> <span class='ocrx_word' id='word_1_288' title='bbox 1353 2444 1383 2480; x_wconf 86' lang='grc' dir='ltr'><strong>υ</strong></span> <span class='ocrx_word' id='word_1_289' title='bbox 1396 2447 1414 2481; x_wconf 68' lang='lat' dir='ltr'><strong>s</strong></span> <span class='ocrx_word' id='word_1_290' title='bbox 1429 2429 1503 2496; x_wconf 91' lang='lat' dir='ltr'><strong>(p.</strong></span> <span class='ocrx_word' id='word_1_291' title='bbox 1524 2427 1669 2495; x_wconf 81' lang='lat'><strong>560),</strong></span> <span class='ocrx_word' id='word_1_292' title='bbox 1686 2428 1774 2495; x_wconf 87' lang='lat' dir='ltr'><strong>qui</strong></span> 
     </span>
    </p>
   </div>
   <div class='ocr_carea' id='block_1_40' title="bbox 207 2513 1776 2573">
    <p class='ocr_par' dir='ltr' id='par_1_40' title="bbox 207 2513 1776 2573">
     <span class='ocr_line' id='line_1_40' title="bbox 207 2513 1776 2573; baseline 0.002 -6"><span class='ocrx_word' id='word_1_293' title='bbox 207 2513 465 2569; x_wconf 88' lang='lat' dir='ltr'><strong>Basilium</strong></span> <span class='ocrx_word' id='word_1_294' title='bbox 484 2532 587 2568; x_wconf 86' lang='lat' dir='ltr'><strong>nou</strong></span> <span class='ocrx_word' id='word_1_295' title='bbox 620 2517 671 2569; x_wconf 90' lang='lat' dir='ltr'><strong>in</strong></span> <span class='ocrx_word' id='word_1_296' title='bbox 704 2518 817 2571; x_wconf 88' lang='lat' dir='ltr'><strong>sola</strong></span> <span class='ocrx_word' id='word_1_297' title='bbox 835 2518 1050 2572; x_wconf 82' lang='lat' dir='ltr'><strong>civitate</strong></span> <span class='ocrx_word' id='word_1_298' title='bbox 1070 2521 1384 2573; x_wconf 85' lang='lat' dir='ltr'><strong>cltaritatem</strong></span> <span class='ocrx_word' id='word_1_299' title='bbox 1412 2535 1561 2572; x_wconf 89' lang='lat' dir='ltr'><strong>suam</strong></span> <span class='ocrx_word' id='word_1_300' title='bbox 1582 2520 1776 2572; x_wconf 84' lang='lat' dir='ltr'><strong>nobili-</strong></span> 
     </span>
    </p>
   </div>
   <div class='ocr_carea' id='block_1_41' title="bbox 209 2610 1777 2678">
    <p class='ocr_par' dir='ltr' id='par_1_41' title="bbox 209 2610 1777 2678">
     <span class='ocr_line' id='line_1_41' title="bbox 209 2610 1777 2678; baseline 0.004 -22"><span class='ocrx_word' id='word_1_301' title='bbox 209 2614 354 2658; x_wconf 83' lang='lat' dir='ltr'><strong>tasse</strong></span> <span class='ocrx_word' id='word_1_302' title='bbox 377 2615 623 2672; x_wconf 83' lang='lat' dir='ltr'><strong>testatur,</strong></span> <span class='ocrx_word' id='word_1_303' title='bbox 654 2610 747 2663; x_wconf 67' lang='lat' dir='ltr'><strong>sul</strong></span> <span class='ocrx_word' id='word_1_304' title='bbox 775 2610 937 2662; x_wconf 87' lang='lat' dir='ltr'><strong>etiam</strong></span> <span class='ocrx_word' id='word_1_305' title='bbox 976 2625 1098 2663; x_wconf 87' lang='lat' dir='ltr'><strong>rure</strong></span> <span class='ocrx_word' id='word_1_306' title='bbox 1134 2623 1183 2662; x_wconf 90' lang='lat' dir='ltr'><strong>et</strong></span> <span class='ocrx_word' id='word_1_307' title='bbox 1218 2610 1269 2662; x_wconf 90' lang='lat' dir='ltr'><strong>in</strong></span> <span class='ocrx_word' id='word_1_308' title='bbox 1308 2612 1452 2678; x_wconf 82' lang='lat' dir='ltr'><strong>agris</strong></span> <span class='ocrx_word' id='word_1_309' title='bbox 1478 2611 1777 2664; x_wconf 86' lang='lat' dir='ltr'><strong>humanita-</strong></span> 
     </span>
    </p>
   </div>
   <div class='ocr_carea' id='block_1_42' title="bbox 209 2697 1775 2769">
    <p class='ocr_par' dir='ltr' id='par_1_42' title="bbox 209 2697 1775 2769">
     <span class='ocr_line' id='line_1_42' title="bbox 209 2697 1775 2769; baseline 0.004 -23"><span class='ocrx_word' id='word_1_310' title='bbox 209 2702 315 2746; x_wconf 90' lang='lat' dir='ltr'><strong>tem</strong></span> <span class='ocrx_word' id='word_1_311' title='bbox 341 2709 404 2748; x_wconf 88' lang='lat' dir='ltr'><strong>ac</strong></span> <span class='ocrx_word' id='word_1_312' title='bbox 439 2697 859 2752; x_wconf 88' lang='lat' dir='ltr'><strong>muniticcutiam</strong></span> <span class='ocrx_word' id='word_1_313' title='bbox 891 2699 941 2753; x_wconf 88' lang='lat' dir='ltr'><strong>itt</strong></span> <span class='ocrx_word' id='word_1_314' title='bbox 984 2715 1244 2769; x_wconf 87' lang='lat' dir='ltr'><strong>pauperes</strong></span> <span class='ocrx_word' id='word_1_315' title='bbox 1296 2701 1360 2753; x_wconf 90' lang='lat' dir='ltr'><strong>iis</strong></span> <span class='ocrx_word' id='word_1_316' title='bbox 1390 2700 1658 2765; x_wconf 84' lang='lat' dir='ltr'><strong>omnibus,</strong></span> <span class='ocrx_word' id='word_1_317' title='bbox 1686 2700 1775 2768; x_wconf 90' lang='lat' dir='ltr'><strong>qui</strong></span> 
     </span>
    </p>
   </div>
   <div class='ocr_carea' id='block_1_43' title="bbox 207 2786 1775 2863">
    <p class='ocr_par' dir='ltr' id='par_1_43' title="bbox 207 2786 1775 2863">
     <span class='ocr_line' id='line_1_43' title="bbox 207 2786 1775 2863; baseline 0.004 -24"><span class='ocrx_word' id='word_1_318' title='bbox 207 2786 407 2854; x_wconf 78' lang='lat' dir='ltr'><strong>papula</strong></span> <span class='ocrx_word' id='word_1_319' title='bbox 438 2801 727 2857; x_wconf 65' lang='lat' dir='ltr'><strong>praeerant,</strong></span> <span class='ocrx_word' id='word_1_320' title='bbox 755 2802 814 2846; x_wconf 90' lang='lat' dir='ltr'><strong>ut</strong></span> <span class='ocrx_word' id='word_1_321' title='bbox 846 2808 1132 2847; x_wconf 89' lang='lat' dir='ltr'><strong>commune</strong></span> <span class='ocrx_word' id='word_1_322' title='bbox 1162 2802 1434 2847; x_wconf 79' lang='lat' dir='ltr'><strong>certamen</strong></span> <span class='ocrx_word' id='word_1_323' title='bbox 1467 2794 1775 2863; x_wconf 58' lang='lat' dir='ltr'><strong>proposuis.</strong></span> 
     </span>
    </p>
   </div>
   <div class='ocr_carea' id='block_1_44' title="bbox 206 2879 1774 2953">
    <p class='ocr_par' dir='ltr' id='par_1_44' title="bbox 206 2879 1774 2953">
     <span class='ocr_line' id='line_1_44' title="bbox 206 2879 1774 2953; baseline 0.004 -22"><span class='ocrx_word' id='word_1_324' title='bbox 206 2894 288 2932; x_wconf 89' lang='lat' dir='ltr'><strong>se.</strong></span> <span class='ocrx_word' id='word_1_325' title='bbox 316 2879 522 2934; x_wconf 78' lang='lat' dir='ltr'><strong>Revera</strong></span> <span class='ocrx_word' id='word_1_326' title='bbox 558 2885 751 2953; x_wconf 80' lang='lat' dir='ltr'><strong>singuli</strong></span> <span class='ocrx_word' id='word_1_327' title='bbox 793 2885 1162 2953; x_wconf 83' lang='lat' dir='ltr'><strong>chorepiscopi</strong></span> <span class='ocrx_word' id='word_1_328' title='bbox 1194 2887 1444 2939; x_wconf 88' lang='lat' dir='ltr'><strong>videntur</strong></span> <span class='ocrx_word' id='word_1_329' title='bbox 1489 2901 1651 2939; x_wconf 87' lang='lat' dir='ltr'><strong>unum</strong></span> <span class='ocrx_word' id='word_1_330' title='bbox 1676 2886 1774 2938; x_wconf 85' lang='lat' dir='ltr'><strong>ali-</strong></span> 
     </span>
    </p>
   </div>
   <div class='ocr_carea' id='block_1_45' title="bbox 204 2967 1772 3039">
    <p class='ocr_par' dir='ltr' id='par_1_45' title="bbox 204 2967 1772 3039">
     <span class='ocr_line' id='line_1_45' title="bbox 204 2967 1772 3039; baseline 0.007 -22"><span class='ocrx_word' id='word_1_331' title='bbox 204 2967 348 3032; x_wconf 81' lang='lat' dir='ltr'><strong>quod</strong></span> <span class='ocrx_word' id='word_1_332' title='bbox 406 2971 875 3039; x_wconf 78' lang='lat' dir='ltr'><strong>ptocbotropbiuzn</strong></span> <span class='ocrx_word' id='word_1_333' title='bbox 925 2974 1028 3025; x_wconf 86' lang='lat' dir='ltr'><strong>sibi</strong></span> <span class='ocrx_word' id='word_1_334' title='bbox 1084 2975 1433 3026; x_wconf 79' lang='lat' dir='ltr'><strong>commissum</strong></span> <span class='ocrx_word' id='word_1_335' title='bbox 1498 2975 1772 3028; x_wconf 85' lang='lat' dir='ltr'><strong>habuisse.</strong></span> 
     </span>
    </p>
   </div>
   <div class='ocr_carea' id='block_1_46' title="bbox 205 3057 1774 3133">
    <p class='ocr_par' dir='ltr' id='par_1_46' title="bbox 205 3057 1774 3133">
     <span class='ocr_line' id='line_1_46' title="bbox 205 3057 1774 3133; baseline 0.004 -23"><span class='ocrx_word' id='word_1_336' title='bbox 205 3057 406 3110; x_wconf 82' lang='lat' dir='ltr'><strong>Omnes</strong></span> <span class='ocrx_word' id='word_1_337' title='bbox 431 3058 573 3111; x_wconf 89' lang='lat' dir='ltr'><strong>enim</strong></span> <span class='ocrx_word' id='word_1_338' title='bbox 605 3061 1013 3130; x_wconf 85' lang='lat' dir='ltr'><strong>cborepiscopos</strong></span> <span class='ocrx_word' id='word_1_339' title='bbox 1059 3062 1288 3115; x_wconf 87' lang='lat' dir='ltr'><strong>Basilius</strong></span> <span class='ocrx_word' id='word_1_340' title='bbox 1337 3062 1407 3133; x_wconf 84' lang='lat' dir='ltr'><strong>(c)</strong></span> <span class='ocrx_word' id='word_1_341' title='bbox 1463 3066 1528 3115; x_wconf 91' lang='lat' dir='ltr'><strong>ad</strong></span> <span class='ocrx_word' id='word_1_342' title='bbox 1576 3064 1774 3117; x_wconf 79' lang='lat' dir='ltr'><strong>festum</strong></span> 
     </span>
    </p>
   </div>
   <div class='ocr_carea' id='block_1_47' title="bbox 207 3147 1775 3244">
    <p class='ocr_par' dir='ltr' id='par_1_47' title="bbox 207 3147 1775 3244">
     <span class='ocr_line' id='line_1_47' title="bbox 207 3147 1775 3244; baseline 0.006 -45"><span class='ocrx_word' id='word_1_343' title='bbox 207 3148 266 3203; x_wconf 68' lang='grc' dir='ltr'><strong>ὃ.</strong></span> <span class='ocrx_word' id='word_1_344' title='bbox 292 3147 580 3221; x_wconf 79' lang='lat' dir='ltr'><strong>Eupsycbii</strong></span> <span class='ocrx_word' id='word_1_345' title='bbox 605 3159 1076 3210; x_wconf 87' lang='lat' dir='ltr'><strong>convocavitauuo</strong></span> <span class='ocrx_word' id='word_1_346' title='bbox 1102 3156 1225 3244; x_wconf 61' lang='lat' dir='ltr'><strong>375J</strong></span> <span class='ocrx_word' id='word_1_347' title='bbox 1261 3166 1318 3209; x_wconf 92' lang='lat' dir='ltr'><strong>ut</strong></span> <span class='ocrx_word' id='word_1_348' title='bbox 1346 3172 1530 3209; x_wconf 91' lang='lat' dir='ltr'><strong>eorum</strong></span> <span class='ocrx_word' id='word_1_349' title='bbox 1559 3157 1775 3225; x_wconf 85' lang='lat' dir='ltr'><strong>ptocho—</strong></span> 
     </span>
    </p>
   </div>
   <div class='ocr_carea' id='block_1_48' title="bbox 206 3242 1776 3311">
    <p class='ocr_par' dir='ltr' id='par_1_48' title="bbox 206 3242 1776 3311">
     <span class='ocr_line' id='line_1_48' title="bbox 206 3242 1776 3311; baseline 0.007 -19"><span class='ocrx_word' id='word_1_350' title='bbox 206 3242 420 3311; x_wconf 87' lang='lat' dir='ltr'><strong>trepbia</strong></span> <span class='ocrx_word' id='word_1_351' title='bbox 454 3247 764 3299; x_wconf 87' lang='lat' dir='ltr'><strong>numerario</strong></span> <span class='ocrx_word' id='word_1_352' title='bbox 799 3242 1220 3305; x_wconf 70' lang='lat' dir='ltr'><strong>commendaret.</strong></span> <span class='ocrx_word' id='word_1_353' title='bbox 1262 3249 1485 3303; x_wconf 90' lang='lat' dir='ltr'><strong>Summa</strong></span> <span class='ocrx_word' id='word_1_354' title='bbox 1531 3251 1616 3303; x_wconf 89' lang='lat' dir='ltr'><strong>illa</strong></span> <span class='ocrx_word' id='word_1_355' title='bbox 1645 3252 1776 3305; x_wconf 84' lang='lat' dir='ltr'><strong>cha-</strong></span> 
     </span>
    </p>
   </div>
   <div class='ocr_carea' id='block_1_49' title="bbox 206 3332 1774 3408">
    <p class='ocr_par' dir='ltr' id='par_1_49' title="bbox 206 3332 1774 3408">
     <span class='ocr_line' id='line_1_49' title="bbox 206 3332 1774 3408; baseline 0.006 -23"><span class='ocrx_word' id='word_1_356' title='bbox 206 3332 358 3400; x_wconf 88' lang='lat' dir='ltr'><strong>ritas,</strong></span> <span class='ocrx_word' id='word_1_357' title='bbox 402 3350 520 3404; x_wconf 80' lang='lat' dir='ltr'><strong>qua:</strong></span> <span class='ocrx_word' id='word_1_358' title='bbox 573 3335 826 3390; x_wconf 82' lang='lat' dir='ltr'><strong>Basiliutn</strong></span> <span class='ocrx_word' id='word_1_359' title='bbox 878 3340 1206 3408; x_wconf 83' lang='lat' dir='ltr'><strong>pauperibus</strong></span> <span class='ocrx_word' id='word_1_360' title='bbox 1246 3350 1417 3394; x_wconf 89' lang='lat' dir='ltr'><strong>totum</strong></span> <span class='ocrx_word' id='word_1_361' title='bbox 1467 3342 1774 3405; x_wconf 85' lang='lat' dir='ltr'><strong>addicebat,</strong></span> 
     </span>
    </p>
   </div>
   <div class='ocr_carea' id='block_1_50' title="bbox 205 3424 1778 3499">
    <p class='ocr_par' dir='ltr' id='par_1_50' title="bbox 205 3424 1778 3499">
     <span class='ocr_line' id='line_1_50' title="bbox 205 3424 1778 3499; baseline 0.004 -21"><span class='ocrx_word' id='word_1_362' title='bbox 205 3424 409 3479; x_wconf 83' lang='lat' dir='ltr'><strong>aditum</strong></span> <span class='ocrx_word' id='word_1_363' title='bbox 438 3429 687 3481; x_wconf 90' lang='lat' dir='ltr'><strong>omnibus</strong></span> <span class='ocrx_word' id='word_1_364' title='bbox 720 3430 787 3481; x_wconf 89' lang='lat' dir='ltr'><strong>ad</strong></span> <span class='ocrx_word' id='word_1_365' title='bbox 824 3430 966 3482; x_wconf 90' lang='lat' dir='ltr'><strong>illius</strong></span> <span class='ocrx_word' id='word_1_366' title='bbox 1011 3431 1366 3499; x_wconf 88' lang='lat' dir='ltr'><strong>patrocinium</strong></span> <span class='ocrx_word' id='word_1_367' title='bbox 1401 3440 1454 3483; x_wconf 87' lang='lat' dir='ltr'><strong>et</strong></span> <span class='ocrx_word' id='word_1_368' title='bbox 1501 3449 1778 3485; x_wconf 90' lang='lat' dir='ltr'><strong>commen-</strong></span> 
     </span>
    </p>
   </div>
   <div class='ocr_carea' id='block_1_51' title="bbox 207 3518 1776 3596">
    <p class='ocr_par' dir='ltr' id='par_1_51' title="bbox 207 3518 1776 3596">
     <span class='ocr_line' id='line_1_51' title="bbox 207 3518 1776 3596; baseline 0.006 -27"><span class='ocrx_word' id='word_1_369' title='bbox 207 3518 483 3572; x_wconf 89' lang='lat' dir='ltr'><strong>dationem</strong></span> <span class='ocrx_word' id='word_1_370' title='bbox 527 3520 707 3585; x_wconf 86' lang='lat' dir='ltr'><strong>dabat,</strong></span> <span class='ocrx_word' id='word_1_371' title='bbox 759 3531 817 3576; x_wconf 90' lang='lat' dir='ltr'><strong>ut</strong></span> <span class='ocrx_word' id='word_1_372' title='bbox 855 3538 922 3577; x_wconf 86' lang='lat' dir='ltr'><strong>ex</strong></span> <span class='ocrx_word' id='word_1_373' title='bbox 967 3523 1212 3593; x_wconf 85' lang='lat' dir='ltr'><strong>plurimis</strong></span> <span class='ocrx_word' id='word_1_374' title='bbox 1261 3524 1506 3594; x_wconf 89' lang='lat' dir='ltr'><strong>epistolis</strong></span> <span class='ocrx_word' id='word_1_375' title='bbox 1568 3526 1776 3596; x_wconf 81' lang='lat' dir='ltr'><strong>perspi-</strong></span> 
     </span>
    </p>
   </div>
   <div class='ocr_carea' id='block_1_52' title="bbox 204 3609 366 3665">
    <p class='ocr_par' dir='ltr' id='par_1_52' title="bbox 204 3609 366 3665">
     <span class='ocr_line' id='line_1_52' title="bbox 204 3609 366 3665; baseline 0 0"><span class='ocrx_word' id='word_1_376' title='bbox 204 3609 366 3665; x_wconf 89' lang='lat' dir='ltr'><strong>citur.</strong></span> 
     </span>
    </p>
   </div>
   <div class='ocr_carea' id='block_1_53' title="bbox 276 3703 1776 3777">
    <p class='ocr_par' dir='ltr' id='par_1_53' title="bbox 276 3703 1776 3777">
     <span class='ocr_line' id='line_1_53' title="bbox 276 3703 1776 3777; baseline 0.007 -23"><span class='ocrx_word' id='word_1_377' title='bbox 276 3703 534 3769; x_wconf 81' lang='lat' dir='ltr'><strong>Quamvis</strong></span> <span class='ocrx_word' id='word_1_378' title='bbox 583 3703 849 3773; x_wconf 60' lang='lat' dir='ltr'><strong>pleraeque</strong></span> <span class='ocrx_word' id='word_1_379' title='bbox 888 3708 1161 3762; x_wconf 84' lang='lat' dir='ltr'><strong>orationes</strong></span> <span class='ocrx_word' id='word_1_380' title='bbox 1192 3708 1397 3773; x_wconf 79' lang='lat' dir='ltr'><strong>Basilii,</strong></span> <span class='ocrx_word' id='word_1_381' title='bbox 1428 3725 1545 3777; x_wconf 62' lang='lat' dir='ltr'><strong>quae</strong></span> <span class='ocrx_word' id='word_1_382' title='bbox 1580 3709 1646 3763; x_wconf 90' lang='lat' dir='ltr'><strong>ad</strong></span> <span class='ocrx_word' id='word_1_383' title='bbox 1680 3726 1776 3764; x_wconf 89' lang='lat' dir='ltr'><strong>nos</strong></span> 
     </span>
    </p>
   </div>
   <div class='ocr_carea' id='block_1_54' title="bbox 204 3796 1774 3863">
    <p class='ocr_par' dir='ltr' id='par_1_54' title="bbox 204 3796 1774 3863">
     <span class='ocr_line' id='line_1_54' title="bbox 204 3796 1774 3863; baseline 0.004 -18"><span class='ocrx_word' id='word_1_384' title='bbox 204 3803 589 3862; x_wconf 78' lang='lat' dir='ltr'><strong>pervenerunt,</strong></span> <span class='ocrx_word' id='word_1_385' title='bbox 621 3804 747 3847; x_wconf 86' lang='lat' dir='ltr'><strong>ante</strong></span> <span class='ocrx_word' id='word_1_386' title='bbox 769 3796 1138 3863; x_wconf 86' lang='lat' dir='ltr'><strong>episcopatum</strong></span> <span class='ocrx_word' id='word_1_387' title='bbox 1175 3801 1530 3862; x_wconf 74' lang='lat' dir='ltr'><strong>pronuntiata“:</strong></span> <span class='ocrx_word' id='word_1_388' title='bbox 1559 3798 1774 3852; x_wconf 85' lang='lat' dir='ltr'><strong>videan-</strong></span> 
     </span>
    </p>
   </div>
   <div class='ocr_carea' id='block_1_55' title="bbox 207 3886 1773 3959">
    <p class='ocr_par' dir='ltr' id='par_1_55' title="bbox 207 3886 1773 3959">
     <span class='ocr_line' id='line_1_55' title="bbox 207 3886 1773 3959; baseline 0.006 -23"><span class='ocrx_word' id='word_1_389' title='bbox 207 3894 315 3947; x_wconf 86' lang='lat' dir='ltr'><strong>tur,</strong></span> <span class='ocrx_word' id='word_1_390' title='bbox 346 3899 454 3938; x_wconf 87' lang='lat' dir='ltr'><strong>non</strong></span> <span class='ocrx_word' id='word_1_391' title='bbox 481 3895 659 3938; x_wconf 89' lang='lat' dir='ltr'><strong>tamen</strong></span> <span class='ocrx_word' id='word_1_392' title='bbox 685 3886 942 3940; x_wconf 88' lang='lat' dir='ltr'><strong>credibile</strong></span> <span class='ocrx_word' id='word_1_393' title='bbox 965 3898 1047 3941; x_wconf 90' lang='lat' dir='ltr'><strong>est</strong></span> <span class='ocrx_word' id='word_1_394' title='bbox 1072 3886 1329 3942; x_wconf 77' lang='lat' dir='ltr'><strong>Basiliutu</strong></span> <span class='ocrx_word' id='word_1_395' title='bbox 1354 3890 1418 3943; x_wconf 90' lang='lat' dir='ltr'><strong>de</strong></span> <span class='ocrx_word' id='word_1_396' title='bbox 1450 3890 1773 3959; x_wconf 70' lang='lat' dir='ltr'><strong>praedicandi</strong></span> 
     </span>
    </p>
   </div>
   <div class='ocr_carea' id='block_1_56' title="bbox 204 3976 1771 4050">
    <p class='ocr_par' dir='ltr' id='par_1_56' title="bbox 204 3976 1771 4050">
     <span class='ocr_line' id='line_1_56' title="bbox 204 3976 1771 4050; baseline 0.003 -21"><span class='ocrx_word' id='word_1_397' title='bbox 204 3976 357 4031; x_wconf 88' lang='lat' dir='ltr'><strong>verbi</strong></span> <span class='ocrx_word' id='word_1_398' title='bbox 388 3977 568 4031; x_wconf 83' lang='lat' dir='ltr'><strong>studio</strong></span> <span class='ocrx_word' id='word_1_399' title='bbox 602 3977 890 4047; x_wconf 89' lang='lat' dir='ltr'><strong>quidquam</strong></span> <span class='ocrx_word' id='word_1_400' title='bbox 919 3980 971 4032; x_wconf 92' lang='lat' dir='ltr'><strong>iu</strong></span> <span class='ocrx_word' id='word_1_401' title='bbox 1002 3981 1310 4050; x_wconf 85' lang='lat' dir='ltr'><strong>episc0patu</strong></span> <span class='ocrx_word' id='word_1_402' title='bbox 1338 3982 1625 4046; x_wconf 87' lang='lat' dir='ltr'><strong>remisisse,</strong></span> <span class='ocrx_word' id='word_1_403' title='bbox 1652 3996 1771 4035; x_wconf 91' lang='lat' dir='ltr'><strong>cum</strong></span> 
     </span>
    </p>
   </div>
   <div class='ocr_carea' id='block_1_57' title="bbox 206 4069 1772 4143">
    <p class='ocr_par' dir='ltr' id='par_1_57' title="bbox 206 4069 1772 4143">
     <span class='ocr_line' id='line_1_57' title="bbox 206 4069 1772 4143; baseline 0.003 -22"><span class='ocrx_word' id='word_1_404' title='bbox 206 4070 510 4138; x_wconf 65' lang='lat' dir='ltr'><strong>prasertim</strong></span> <span class='ocrx_word' id='word_1_405' title='bbox 541 4069 846 4137; x_wconf 78' lang='lat' dir='ltr'><strong>graviorem</strong></span> <span class='ocrx_word' id='word_1_406' title='bbox 889 4069 1049 4138; x_wconf 86' lang='lat' dir='ltr'><strong>lmjns</strong></span> <span class='ocrx_word' id='word_1_407' title='bbox 1084 4072 1156 4125; x_wconf 83' lang='lat' dir='ltr'><strong>rei</strong></span> <span class='ocrx_word' id='word_1_408' title='bbox 1192 4076 1567 4127; x_wconf 87' lang='lat' dir='ltr'><strong>necessitatem</strong></span> <span class='ocrx_word' id='word_1_409' title='bbox 1602 4075 1772 4143; x_wconf 84' lang='lat' dir='ltr'><strong>impo-</strong></span> 
     </span>
    </p>
   </div>
   <div class='ocr_carea' id='block_1_58' title="bbox 205 4163 1774 4233">
    <p class='ocr_par' dir='ltr' id='par_1_58' title="bbox 205 4163 1774 4233">
     <span class='ocr_line' id='line_1_58' title="bbox 205 4163 1774 4233; baseline 0.003 -20"><span class='ocrx_word' id='word_1_410' title='bbox 205 4171 396 4215; x_wconf 77' lang='lat' dir='ltr'><strong>tierent</strong></span> <span class='ocrx_word' id='word_1_411' title='bbox 427 4171 483 4216; x_wconf 90' lang='lat' dir='ltr'><strong>et</strong></span> <span class='ocrx_word' id='word_1_412' title='bbox 520 4163 798 4231; x_wconf 87' lang='lat' dir='ltr'><strong>dignitatis</strong></span> <span class='ocrx_word' id='word_1_413' title='bbox 827 4165 1071 4217; x_wconf 86' lang='lat' dir='ltr'><strong>accessio</strong></span> <span class='ocrx_word' id='word_1_414' title='bbox 1093 4174 1146 4216; x_wconf 89' lang='lat' dir='ltr'><strong>et</strong></span> <span class='ocrx_word' id='word_1_415' title='bbox 1177 4165 1552 4217; x_wconf 68' lang='lat' dir='ltr'><strong>ltmreticorutn</strong></span> <span class='ocrx_word' id='word_1_416' title='bbox 1583 4165 1774 4233; x_wconf 89' lang='lat' dir='ltr'><strong>impro-</strong></span> 
     </span>
    </p>
   </div>
   <div class='ocr_carea' id='block_1_59' title="bbox 203 4253 1771 4323">
    <p class='ocr_par' dir='ltr' id='par_1_59' title="bbox 203 4253 1771 4323">
     <span class='ocr_line' id='line_1_59' title="bbox 203 4253 1771 4323; baseline 0.002 -17"><span class='ocrx_word' id='word_1_417' title='bbox 203 4253 344 4307; x_wconf 83' lang='lat' dir='ltr'><strong>bitas</strong></span> <span class='ocrx_word' id='word_1_418' title='bbox 389 4263 445 4307; x_wconf 88' lang='lat' dir='ltr'><strong>et</strong></span> <span class='ocrx_word' id='word_1_419' title='bbox 489 4254 882 4323; x_wconf 87' lang='lat' dir='ltr'><strong>persecutionis</strong></span> <span class='ocrx_word' id='word_1_420' title='bbox 933 4254 1205 4308; x_wconf 86' lang='lat' dir='ltr'><strong>violentia.</strong></span> <span class='ocrx_word' id='word_1_421' title='bbox 1234 4254 1350 4308; x_wconf 79' lang='lat' dir='ltr'><strong>Non</strong></span> <span class='ocrx_word' id='word_1_422' title='bbox 1386 4255 1497 4309; x_wconf 90' lang='lat' dir='ltr'><strong>sola</strong></span> <span class='ocrx_word' id='word_1_423' title='bbox 1528 4255 1771 4311; x_wconf 70' lang='lat' dir='ltr'><strong>Ca-sarea</strong></span> 
     </span>
    </p>
   </div>
   <div class='ocr_carea' id='block_1_60' title="bbox 202 4344 1769 4415">
    <p class='ocr_par' dir='ltr' id='par_1_60' title="bbox 202 4344 1769 4415">
     <span class='ocr_line' id='line_1_60' title="bbox 202 4344 1769 4415; baseline 0.002 -18"><span class='ocrx_word' id='word_1_424' title='bbox 202 4344 417 4413; x_wconf 89' lang='lat' dir='ltr'><strong>eloquio</strong></span> <span class='ocrx_word' id='word_1_425' title='bbox 447 4344 631 4399; x_wconf 86' lang='lat' dir='ltr'><strong>Basilii</strong></span> <span class='ocrx_word' id='word_1_426' title='bbox 676 4344 1052 4414; x_wconf 80' lang='lat' dir='ltr'><strong>perfruebatur</strong></span> <span class='ocrx_word' id='word_1_427' title='bbox 1108 4346 1229 4415; x_wconf 85' lang='lat' dir='ltr'><strong>(d):</strong></span> <span class='ocrx_word' id='word_1_428' title='bbox 1269 4348 1518 4401; x_wconf 86' lang='lat' dir='ltr'><strong>assiduus</strong></span> <span class='ocrx_word' id='word_1_429' title='bbox 1550 4358 1667 4400; x_wconf 89' lang='lat' dir='ltr'><strong>erat</strong></span> <span class='ocrx_word' id='word_1_430' title='bbox 1719 4348 1769 4400; x_wconf 93' lang='lat' dir='ltr'><strong>in</strong></span> 
     </span>
    </p>
   </div>
   <div class='ocr_carea' id='block_1_61' title="bbox 203 4436 1767 4507">
    <p class='ocr_par' dir='ltr' id='par_1_61' title="bbox 203 4436 1767 4507">
     <span class='ocr_line' id='line_1_61' title="bbox 203 4436 1767 4507; baseline 0.004 -20"><span class='ocrx_word' id='word_1_431' title='bbox 203 4437 354 4505; x_wconf 86' lang='lat' dir='ltr'><strong>pagis</strong></span> <span class='ocrx_word' id='word_1_432' title='bbox 383 4436 684 4504; x_wconf 86' lang='lat' dir='ltr'><strong>visitandis,</strong></span> <span class='ocrx_word' id='word_1_433' title='bbox 717 4452 815 4491; x_wconf 91' lang='lat' dir='ltr'><strong>nee</strong></span> <span class='ocrx_word' id='word_1_434' title='bbox 840 4452 960 4490; x_wconf 87' lang='lat' dir='ltr'><strong>eum</strong></span> <span class='ocrx_word' id='word_1_435' title='bbox 984 4440 1228 4503; x_wconf 90' lang='lat' dir='ltr'><strong>morbus,</strong></span> <span class='ocrx_word' id='word_1_436' title='bbox 1255 4440 1355 4493; x_wconf 89' lang='lat' dir='ltr'><strong>nisi</strong></span> <span class='ocrx_word' id='word_1_437' title='bbox 1388 4455 1609 4507; x_wconf 88' lang='lat' dir='ltr'><strong>prorsus</strong></span> <span class='ocrx_word' id='word_1_438' title='bbox 1632 4440 1767 4494; x_wconf 85' lang='lat' dir='ltr'><strong>lecto</strong></span> 
     </span>
    </p>
   </div>
   <div class='ocr_carea' id='block_1_62' title="bbox 1878 1953 3454 2026">
    <p class='ocr_par' dir='ltr' id='par_1_62' title="bbox 1878 1953 3454 2026">
     <span class='ocr_line' id='line_1_62' title="bbox 1878 1953 3454 2026; baseline -0.003 -17"><span class='ocrx_word' id='word_1_439' title='bbox 1878 1968 1992 2009; x_wconf 86' lang='lat' dir='ltr'><strong>sea</strong></span> <span class='ocrx_word' id='word_1_440' title='bbox 2039 1953 2301 2021; x_wconf 75' lang='lat' dir='ltr'><strong>Gregorio</strong></span> <span class='ocrx_word' id='word_1_441' title='bbox 2347 1964 2573 2026; x_wconf 89' lang='lat' dir='ltr'><strong>questus</strong></span> <span class='ocrx_word' id='word_1_442' title='bbox 2626 1963 2728 2007; x_wconf 87' lang='lat' dir='ltr'><strong>est.</strong></span> <span class='ocrx_word' id='word_1_443' title='bbox 2782 1953 3027 2019; x_wconf 85' lang='lat' dir='ltr'><strong>Querelis</strong></span> <span class='ocrx_word' id='word_1_444' title='bbox 3066 1962 3321 2019; x_wconf 89' lang='lat' dir='ltr'><strong>peracute</strong></span> <span class='ocrx_word' id='word_1_445' title='bbox 3366 1965 3454 2005; x_wconf 87' lang='lat' dir='ltr'><strong>re-</strong></span> 
     </span>
    </p>
   </div>
   <div class='ocr_carea' id='block_1_63' title="bbox 1877 2043 3449 2117">
    <p class='ocr_par' dir='ltr' id='par_1_63' title="bbox 1877 2043 3449 2117">
     <span class='ocr_line' id='line_1_63' title="bbox 1877 2043 3449 2117; baseline -0.005 -18"><span class='ocrx_word' id='word_1_446' title='bbox 1877 2046 2093 2113; x_wconf 87' lang='lat' dir='ltr'><strong>spondit</strong></span> <span class='ocrx_word' id='word_1_447' title='bbox 2117 2045 2193 2115; x_wconf 86' lang='lat' dir='ltr'><strong>(g)</strong></span> <span class='ocrx_word' id='word_1_448' title='bbox 2217 2045 2530 2117; x_wconf 81' lang='lat' dir='ltr'><strong>Gregorius.</strong></span> <span class='ocrx_word' id='word_1_449' title='bbox 2566 2043 2793 2099; x_wconf 85' lang='lat' dir='ltr'><strong>Fatetur</strong></span> <span class='ocrx_word' id='word_1_450' title='bbox 2830 2045 2931 2098; x_wconf 87' lang='lat' dir='ltr'><strong>sibi</strong></span> <span class='ocrx_word' id='word_1_451' title='bbox 2969 2044 3098 2097; x_wconf 89' lang='lat' dir='ltr'><strong>vitio</strong></span> <span class='ocrx_word' id='word_1_452' title='bbox 3122 2043 3237 2098; x_wconf 90' lang='lat' dir='ltr'><strong>dari</strong></span> <span class='ocrx_word' id='word_1_453' title='bbox 3270 2056 3449 2111; x_wconf 80' lang='lat' dir='ltr'><strong>posse,</strong></span> 
     </span>
    </p>
   </div>
   <div class='ocr_carea' id='block_1_64' title="bbox 1878 2132 3448 2206">
    <p class='ocr_par' dir='ltr' id='par_1_64' title="bbox 1878 2132 3448 2206">
     <span class='ocr_line' id='line_1_64' title="bbox 1878 2132 3448 2206; baseline -0.004 -19"><span class='ocrx_word' id='word_1_454' title='bbox 1878 2136 2019 2206; x_wconf 89' lang='lat' dir='ltr'><strong>quod</strong></span> <span class='ocrx_word' id='word_1_455' title='bbox 2072 2135 2326 2189; x_wconf 83' lang='lat' dir='ltr'><strong>Basilium</strong></span> <span class='ocrx_word' id='word_1_456' title='bbox 2377 2155 2480 2192; x_wconf 91' lang='lat' dir='ltr'><strong>non</strong></span> <span class='ocrx_word' id='word_1_457' title='bbox 2530 2137 2663 2190; x_wconf 83' lang='lat' dir='ltr'><strong>satis</strong></span> <span class='ocrx_word' id='word_1_458' title='bbox 2718 2146 2814 2205; x_wconf 84' lang='lat' dir='ltr'><strong>pro</strong></span> <span class='ocrx_word' id='word_1_459' title='bbox 2867 2134 3073 2187; x_wconf 85' lang='lat' dir='ltr'><strong>meritis</strong></span> <span class='ocrx_word' id='word_1_460' title='bbox 3129 2132 3448 2194; x_wconf 87' lang='lat' dir='ltr'><strong>admiretur,</strong></span> 
     </span>
    </p>
   </div>
   <div class='ocr_carea' id='block_1_65' title="bbox 1876 2222 3451 2300">
    <p class='ocr_par' dir='ltr' id='par_1_65' title="bbox 1876 2222 3451 2300">
     <span class='ocr_line' id='line_1_65' title="bbox 1876 2222 3451 2300; baseline -0.006 -18"><span class='ocrx_word' id='word_1_461' title='bbox 1876 2230 2074 2300; x_wconf 90' lang='lat' dir='ltr'><strong>quippe</strong></span> <span class='ocrx_word' id='word_1_462' title='bbox 2107 2244 2228 2282; x_wconf 89' lang='lat' dir='ltr'><strong>cum</strong></span> <span class='ocrx_word' id='word_1_463' title='bbox 2257 2227 2439 2281; x_wconf 87' lang='lat' dir='ltr'><strong>Basilii</strong></span> <span class='ocrx_word' id='word_1_464' title='bbox 2467 2229 2770 2294; x_wconf 84' lang='lat' dir='ltr'><strong>eloquentia</strong></span> <span class='ocrx_word' id='word_1_465' title='bbox 2792 2226 2857 2280; x_wconf 89' lang='lat' dir='ltr'><strong>ad</strong></span> <span class='ocrx_word' id='word_1_466' title='bbox 2882 2241 3002 2281; x_wconf 89' lang='lat' dir='ltr'><strong>eum</strong></span> <span class='ocrx_word' id='word_1_467' title='bbox 3038 2224 3198 2293; x_wconf 89' lang='lat' dir='ltr'><strong>digne</strong></span> <span class='ocrx_word' id='word_1_468' title='bbox 3228 2222 3451 2274; x_wconf 85' lang='lat' dir='ltr'><strong>laudan-</strong></span> 
     </span>
    </p>
   </div>
   <div class='ocr_carea' id='block_1_66' title="bbox 1878 2314 3443 2392">
    <p class='ocr_par' dir='ltr' id='par_1_66' title="bbox 1878 2314 3443 2392">
     <span class='ocr_line' id='line_1_66' title="bbox 1878 2314 3443 2392; baseline -0.009 -15"><span class='ocrx_word' id='word_1_469' title='bbox 1878 2326 1999 2377; x_wconf 90' lang='lat' dir='ltr'><strong>dum</strong></span> <span class='ocrx_word' id='word_1_470' title='bbox 2034 2338 2169 2392; x_wconf 89' lang='lat' dir='ltr'><strong>opus</strong></span> <span class='ocrx_word' id='word_1_471' title='bbox 2201 2322 2303 2384; x_wconf 85' lang='lat' dir='ltr'><strong>sit;</strong></span> <span class='ocrx_word' id='word_1_472' title='bbox 2345 2330 2400 2373; x_wconf 92' lang='lat' dir='ltr'><strong>at</strong></span> <span class='ocrx_word' id='word_1_473' title='bbox 2434 2319 2695 2373; x_wconf 84' lang='lat' dir='ltr'><strong>insaniam</strong></span> <span class='ocrx_word' id='word_1_474' title='bbox 2728 2320 2904 2388; x_wconf 89' lang='lat' dir='ltr'><strong>potius</strong></span> <span class='ocrx_word' id='word_1_475' title='bbox 2948 2333 3107 2386; x_wconf 89' lang='lat' dir='ltr'><strong>quam</strong></span> <span class='ocrx_word' id='word_1_476' title='bbox 3138 2314 3281 2369; x_wconf 89' lang='lat' dir='ltr'><strong>illius</strong></span> <span class='ocrx_word' id='word_1_477' title='bbox 3309 2326 3443 2368; x_wconf 85' lang='lat' dir='ltr'><strong>con-</strong></span> 
     </span>
    </p>
   </div>
   <div class='ocr_carea' id='block_1_67' title="bbox 1880 2404 3451 2484">
    <p class='ocr_par' dir='ltr' id='par_1_67' title="bbox 1880 2404 3451 2484">
     <span class='ocr_line' id='line_1_67' title="bbox 1880 2404 3451 2484; baseline -0.009 -15"><span class='ocrx_word' id='word_1_478' title='bbox 1880 2423 2135 2484; x_wconf 88' lang='lat' dir='ltr'><strong>temptum</strong></span> <span class='ocrx_word' id='word_1_479' title='bbox 2178 2413 2336 2481; x_wconf 88' lang='lat' dir='ltr'><strong>objici</strong></span> <span class='ocrx_word' id='word_1_480' title='bbox 2392 2411 2606 2467; x_wconf 87' lang='lat' dir='ltr'><strong>debere.</strong></span> <span class='ocrx_word' id='word_1_481' title='bbox 2641 2413 2925 2471; x_wconf 80' lang='lat' dir='ltr'><strong>Caeterum,</strong></span> <span class='ocrx_word' id='word_1_482' title='bbox 2964 2410 3007 2462; x_wconf 88' lang='lat' dir='ltr'><strong>si</strong></span> <span class='ocrx_word' id='word_1_483' title='bbox 3062 2408 3259 2460; x_wconf 79' lang='lat' dir='ltr'><strong>idcirco</strong></span> <span class='ocrx_word' id='word_1_484' title='bbox 3300 2404 3451 2457; x_wconf 85' lang='lat' dir='ltr'><strong>iucu-</strong></span> 
     </span>
    </p>
   </div>
   <div class='ocr_carea' id='block_1_68' title="bbox 1879 2496 3451 2573">
    <p class='ocr_par' dir='ltr' id='par_1_68' title="bbox 1879 2496 3451 2573">
     <span class='ocr_line' id='line_1_68' title="bbox 1879 2496 3451 2573; baseline -0.007 -14"><span class='ocrx_word' id='word_1_485' title='bbox 1879 2516 2046 2571; x_wconf 87' lang='lat' dir='ltr'><strong>setur,</strong></span> <span class='ocrx_word' id='word_1_486' title='bbox 2096 2506 2236 2573; x_wconf 89' lang='lat' dir='ltr'><strong>quod</strong></span> <span class='ocrx_word' id='word_1_487' title='bbox 2288 2503 2653 2573; x_wconf 82' lang='lat' dir='ltr'><strong>philosOpbari</strong></span> <span class='ocrx_word' id='word_1_488' title='bbox 2684 2500 2831 2563; x_wconf 83' lang='lat' dir='ltr'><strong>velit,</strong></span> <span class='ocrx_word' id='word_1_489' title='bbox 2882 2500 3017 2566; x_wconf 87' lang='lat' dir='ltr'><strong>petit</strong></span> <span class='ocrx_word' id='word_1_490' title='bbox 3060 2506 3119 2549; x_wconf 89' lang='lat' dir='ltr'><strong>ut</strong></span> <span class='ocrx_word' id='word_1_491' title='bbox 3163 2498 3265 2548; x_wconf 88' lang='lat' dir='ltr'><strong>sibi</strong></span> <span class='ocrx_word' id='word_1_492' title='bbox 3309 2496 3451 2549; x_wconf 86' lang='lat' dir='ltr'><strong>banc</strong></span> 
     </span>
    </p>
   </div>
   <div class='ocr_carea' id='block_1_69' title="bbox 1880 2585 3453 2663">
    <p class='ocr_par' dir='ltr' id='par_1_69' title="bbox 1880 2585 3453 2663">
     <span class='ocr_line' id='line_1_69' title="bbox 1880 2585 3453 2663; baseline -0.007 -14"><span class='ocrx_word' id='word_1_493' title='bbox 1880 2612 2039 2649; x_wconf 89' lang='lat' dir='ltr'><strong>unam</strong></span> <span class='ocrx_word' id='word_1_494' title='bbox 2075 2611 2187 2647; x_wconf 89' lang='lat' dir='ltr'><strong>rem</strong></span> <span class='ocrx_word' id='word_1_495' title='bbox 2212 2595 2722 2663; x_wconf 70' lang='lat' dir='ltr'><strong>Basiliieloquentiaz</strong></span> <span class='ocrx_word' id='word_1_496' title='bbox 2744 2588 2999 2661; x_wconf 63' lang='lat' dir='ltr'><strong>prxierre</strong></span> <span class='ocrx_word' id='word_1_497' title='bbox 3028 2589 3183 2643; x_wconf 90' lang='lat' dir='ltr'><strong>liceat</strong></span> <span class='ocrx_word' id='word_1_498' title='bbox 3207 2586 3305 2655; x_wconf 80' lang='lat' dir='ltr'><strong>(It).</strong></span> <span class='ocrx_word' id='word_1_499' title='bbox 3329 2585 3453 2639; x_wconf 86' lang='lat' dir='ltr'><strong>Ces-</strong></span> 
     </span>
    </p>
   </div>
   <div class='ocr_carea' id='block_1_70' title="bbox 1877 2679 3451 2753">
    <p class='ocr_par' dir='ltr' id='par_1_70' title="bbox 1877 2679 3451 2753">
     <span class='ocr_line' id='line_1_70' title="bbox 1877 2679 3451 2753; baseline -0.008 -10"><span class='ocrx_word' id='word_1_500' title='bbox 1877 2691 1944 2743; x_wconf 86' lang='lat' dir='ltr'><strong>sit</strong></span> <span class='ocrx_word' id='word_1_501' title='bbox 1972 2688 2185 2742; x_wconf 88' lang='lat' dir='ltr'><strong>taudem</strong></span> <span class='ocrx_word' id='word_1_502' title='bbox 2220 2686 2449 2740; x_wconf 89' lang='lat' dir='ltr'><strong>Basilius</strong></span> <span class='ocrx_word' id='word_1_503' title='bbox 2475 2696 2528 2741; x_wconf 91' lang='lat' dir='ltr'><strong>et</strong></span> <span class='ocrx_word' id='word_1_504' title='bbox 2560 2687 2716 2740; x_wconf 89' lang='lat' dir='ltr'><strong>amici</strong></span> <span class='ocrx_word' id='word_1_505' title='bbox 2766 2682 3102 2753; x_wconf 86' lang='lat' dir='ltr'><strong>prudentiam</strong></span> <span class='ocrx_word' id='word_1_506' title='bbox 3126 2679 3331 2749; x_wconf 87' lang='lat' dir='ltr'><strong>judicio</strong></span> <span class='ocrx_word' id='word_1_507' title='bbox 3352 2692 3451 2732; x_wconf 89' lang='lat' dir='ltr'><strong>suo</strong></span> 
     </span>
    </p>
   </div>
   <div class='ocr_carea' id='block_1_71' title="bbox 1876 2778 2265 2847">
    <p class='ocr_par' dir='ltr' id='par_1_71' title="bbox 1876 2778 2265 2847">
     <span class='ocr_line' id='line_1_71' title="bbox 1876 2778 2265 2847; baseline -0.013 -11"><span class='ocrx_word' id='word_1_508' title='bbox 1876 2778 2265 2847; x_wconf 89' lang='lat' dir='ltr'><strong>comprobavit.</strong></span> 
     </span>
    </p>
   </div>
   <div class='ocr_carea' id='block_1_72' title="bbox 1944 2880 3449 2959">
    <p class='ocr_par' dir='ltr' id='par_1_72' title="bbox 1944 2880 3449 2959">
     <span class='ocr_line' id='line_1_72' title="bbox 1944 2880 3449 2959; baseline -0.007 -15"><span class='ocrx_word' id='word_1_509' title='bbox 1944 2888 2193 2959; x_wconf 85' lang='lat' dir='ltr'><strong>Gregorii</strong></span> <span class='ocrx_word' id='word_1_510' title='bbox 2217 2887 2516 2942; x_wconf 89' lang='lat' dir='ltr'><strong>absentiam</strong></span> <span class='ocrx_word' id='word_1_511' title='bbox 2549 2886 2814 2940; x_wconf 91' lang='lat' dir='ltr'><strong>leuierunt</strong></span> <span class='ocrx_word' id='word_1_512' title='bbox 2857 2883 3123 2939; x_wconf 86' lang='lat' dir='ltr'><strong>simulatis</strong></span> <span class='ocrx_word' id='word_1_513' title='bbox 3150 2881 3353 2935; x_wconf 85' lang='lat' dir='ltr'><strong>amoris</strong></span> <span class='ocrx_word' id='word_1_514' title='bbox 3374 2880 3449 2934; x_wconf 86' lang='lat' dir='ltr'><strong>si-</strong></span> 
     </span>
    </p>
   </div>
   <div class='ocr_carea' id='block_1_73' title="bbox 1876 2974 3450 3049">
    <p class='ocr_par' dir='ltr' id='par_1_73' title="bbox 1876 2974 3450 3049">
     <span class='ocr_line' id='line_1_73' title="bbox 1876 2974 3450 3049; baseline -0.003 -17"><span class='ocrx_word' id='word_1_515' title='bbox 1876 2979 2307 3049; x_wconf 88' lang='lat' dir='ltr'><strong>gnitlcatiouibus</strong></span> <span class='ocrx_word' id='word_1_516' title='bbox 2341 2978 2604 3032; x_wconf 83' lang='lat' dir='ltr'><strong>Eustatbii</strong></span> <span class='ocrx_word' id='word_1_517' title='bbox 2646 2976 2916 3046; x_wconf 90' lang='lat' dir='ltr'><strong>discipuli,</strong></span> <span class='ocrx_word' id='word_1_518' title='bbox 2969 2992 3102 3044; x_wconf 87' lang='lat' dir='ltr'><strong>quos</strong></span> <span class='ocrx_word' id='word_1_519' title='bbox 3130 2974 3353 3029; x_wconf 75' lang='lat' dir='ltr'><strong>Basilius</strong></span> <span class='ocrx_word' id='word_1_520' title='bbox 3381 2974 3450 3027; x_wconf 90' lang='lat' dir='ltr'><strong>ad</strong></span> 
     </span>
    </p>
   </div>
   <div class='ocr_carea' id='block_1_74' title="bbox 1875 3068 3452 3139">
    <p class='ocr_par' dir='ltr' id='par_1_74' title="bbox 1875 3068 3452 3139">
     <span class='ocr_line' id='line_1_74' title="bbox 1875 3068 3452 3139; baseline -0.002 -16"><span class='ocrx_word' id='word_1_521' title='bbox 1875 3072 2238 3139; x_wconf 88' lang='lat' dir='ltr'><strong>episcopatum</strong></span> <span class='ocrx_word' id='word_1_522' title='bbox 2272 3079 2512 3132; x_wconf 89' lang='lat' dir='ltr'><strong>evectus,</strong></span> <span class='ocrx_word' id='word_1_523' title='bbox 2557 3086 2652 3139; x_wconf 87' lang='lat' dir='ltr'><strong>per</strong></span> <span class='ocrx_word' id='word_1_524' title='bbox 2701 3085 2920 3123; x_wconf 90' lang='lat' dir='ltr'><strong>causam</strong></span> <span class='ocrx_word' id='word_1_525' title='bbox 2952 3069 3137 3122; x_wconf 76' lang='lat' dir='ltr'><strong>auxilii</strong></span> <span class='ocrx_word' id='word_1_526' title='bbox 3165 3078 3221 3122; x_wconf 90' lang='lat' dir='ltr'><strong>et</strong></span> <span class='ocrx_word' id='word_1_527' title='bbox 3263 3068 3452 3120; x_wconf 67' lang='lat' dir='ltr'><strong>amica:</strong></span> 
     </span>
    </p>
   </div>
   <div class='ocr_carea' id='block_1_75' title="bbox 1879 3157 3452 3230">
    <p class='ocr_par' dir='ltr' id='par_1_75' title="bbox 1879 3157 3452 3230">
     <span class='ocr_line' id='line_1_75' title="bbox 1879 3157 3452 3230; baseline -0.003 -14"><span class='ocrx_word' id='word_1_528' title='bbox 1879 3161 2269 3216; x_wconf 88' lang='lat' dir='ltr'><strong>communionis</strong></span> <span class='ocrx_word' id='word_1_529' title='bbox 2307 3161 2540 3230; x_wconf 80' lang='lat' dir='ltr'><strong>perﬁdos</strong></span> <span class='ocrx_word' id='word_1_530' title='bbox 2571 3160 2934 3229; x_wconf 85' lang='lat' dir='ltr'><strong>speculatores</strong></span> <span class='ocrx_word' id='word_1_531' title='bbox 2959 3160 3027 3212; x_wconf 89' lang='lat' dir='ltr'><strong>ab</strong></span> <span class='ocrx_word' id='word_1_532' title='bbox 3059 3157 3337 3212; x_wconf 80' lang='lat' dir='ltr'><strong>Ettstatbio</strong></span> <span class='ocrx_word' id='word_1_533' title='bbox 3359 3172 3452 3212; x_wconf 88' lang='lat' dir='ltr'><strong>ac-</strong></span> 
     </span>
    </p>
   </div>
   <div class='ocr_carea' id='block_1_76' title="bbox 1879 3248 3448 3322">
    <p class='ocr_par' dir='ltr' id='par_1_76' title="bbox 1879 3248 3448 3322">
     <span class='ocr_line' id='line_1_76' title="bbox 1879 3248 3448 3322; baseline -0.006 -13"><span class='ocrx_word' id='word_1_534' title='bbox 1879 3253 2039 3322; x_wconf 90' lang='lat' dir='ltr'><strong>cepit,</strong></span> <span class='ocrx_word' id='word_1_535' title='bbox 2067 3262 2125 3305; x_wconf 90' lang='lat' dir='ltr'><strong>ut</strong></span> <span class='ocrx_word' id='word_1_536' title='bbox 2149 3252 2408 3305; x_wconf 87' lang='lat' dir='ltr'><strong>discimus</strong></span> <span class='ocrx_word' id='word_1_537' title='bbox 2444 3265 2510 3304; x_wconf 86' lang='lat' dir='ltr'><strong>ex</strong></span> <span class='ocrx_word' id='word_1_538' title='bbox 2563 3253 2721 3321; x_wconf 89' lang='lat' dir='ltr'><strong>epist.</strong></span> <span class='ocrx_word' id='word_1_539' title='bbox 2750 3251 2875 3316; x_wconf 72' lang='lat'><strong>223,</strong></span> <span class='ocrx_word' id='word_1_540' title='bbox 2909 3267 2962 3304; x_wconf 87' lang='grc' dir='ltr'><strong>η.</strong></span> <span class='ocrx_word' id='word_1_541' title='bbox 3004 3250 3038 3305; x_wconf 79' lang='lat'><strong>3</strong></span> <span class='ocrx_word' id='word_1_542' title='bbox 3068 3259 3125 3303; x_wconf 90' lang='lat' dir='ltr'><strong>et</strong></span> <span class='ocrx_word' id='word_1_543' title='bbox 3160 3250 3213 3303; x_wconf 91' lang='lat'><strong>5.</strong></span> <span class='ocrx_word' id='word_1_544' title='bbox 3248 3248 3448 3301; x_wconf 88' lang='lat' dir='ltr'><strong>llorum</strong></span> 
     </span>
    </p>
   </div>
   <div class='ocr_carea' id='block_1_77' title="bbox 1875 3339 3447 3413">
    <p class='ocr_par' dir='ltr' id='par_1_77' title="bbox 1875 3339 3447 3413">
     <span class='ocr_line' id='line_1_77' title="bbox 1875 3339 3447 3413; baseline -0.006 -14"><span class='ocrx_word' id='word_1_545' title='bbox 1875 3347 1978 3400; x_wconf 92' lang='lat' dir='ltr'><strong>duo</strong></span> <span class='ocrx_word' id='word_1_546' title='bbox 1995 3344 2340 3399; x_wconf 85' lang='lat' dir='ltr'><strong>nominantur</strong></span> <span class='ocrx_word' id='word_1_547' title='bbox 2365 3344 2418 3397; x_wconf 93' lang='lat' dir='ltr'><strong>iu</strong></span> <span class='ocrx_word' id='word_1_548' title='bbox 2448 3344 2675 3413; x_wconf 88' lang='lat' dir='ltr'><strong>epistola</strong></span> <span class='ocrx_word' id='word_1_549' title='bbox 2708 3342 2837 3408; x_wconf 75' lang='grc'><strong>109,</strong></span> <span class='ocrx_word' id='word_1_550' title='bbox 2863 3343 3090 3394; x_wconf 87' lang='lat' dir='ltr'><strong>Basilius</strong></span> <span class='ocrx_word' id='word_1_551' title='bbox 3116 3350 3171 3393; x_wconf 88' lang='lat' dir='ltr'><strong>et</strong></span> <span class='ocrx_word' id='word_1_552' title='bbox 3205 3339 3447 3405; x_wconf 83' lang='lat' dir='ltr'><strong>Sophro-</strong></span> 
     </span>
    </p>
   </div>
   <div class='ocr_carea' id='block_1_78' title="bbox 1876 3429 3445 3504">
    <p class='ocr_par' dir='ltr' id='par_1_78' title="bbox 1876 3429 3445 3504">
     <span class='ocr_line' id='line_1_78' title="bbox 1876 3429 3445 3504; baseline -0.007 -14"><span class='ocrx_word' id='word_1_553' title='bbox 1876 3437 2013 3491; x_wconf 91' lang='lat' dir='ltr'><strong>nius.</strong></span> <span class='ocrx_word' id='word_1_554' title='bbox 2049 3435 2211 3490; x_wconf 86' lang='lat' dir='ltr'><strong>Primi</strong></span> <span class='ocrx_word' id='word_1_555' title='bbox 2243 3436 2459 3504; x_wconf 85' lang='lat' dir='ltr'><strong>opinata</strong></span> <span class='ocrx_word' id='word_1_556' title='bbox 2507 3434 2767 3487; x_wconf 85' lang='lat' dir='ltr'><strong>sanctitas</strong></span> <span class='ocrx_word' id='word_1_557' title='bbox 2801 3433 2872 3485; x_wconf 90' lang='lat' dir='ltr'><strong>ita</strong></span> <span class='ocrx_word' id='word_1_558' title='bbox 2902 3429 3157 3485; x_wconf 87' lang='lat' dir='ltr'><strong>Basiliqu</strong></span> <span class='ocrx_word' id='word_1_559' title='bbox 3206 3436 3445 3497; x_wconf 85' lang='lat' dir='ltr'><strong>ceperat,</strong></span> 
     </span>
    </p>
   </div>
   <div class='ocr_carea' id='block_1_79' title="bbox 1876 3518 3446 3593">
    <p class='ocr_par' dir='ltr' id='par_1_79' title="bbox 1876 3518 3446 3593">
     <span class='ocr_line' id='line_1_79' title="bbox 1876 3518 3446 3593; baseline -0.008 -11"><span class='ocrx_word' id='word_1_560' title='bbox 1876 3540 1932 3582; x_wconf 89' lang='lat' dir='ltr'><strong>ut</strong></span> <span class='ocrx_word' id='word_1_561' title='bbox 1963 3542 2084 3581; x_wconf 90' lang='lat' dir='ltr'><strong>eum</strong></span> <span class='ocrx_word' id='word_1_562' title='bbox 2138 3528 2262 3579; x_wconf 75' lang='lat' dir='ltr'><strong>vita:</strong></span> <span class='ocrx_word' id='word_1_563' title='bbox 2295 3541 2403 3578; x_wconf 66' lang='lat' dir='ltr'><strong>sua:</strong></span> <span class='ocrx_word' id='word_1_564' title='bbox 2435 3523 2741 3593; x_wconf 71' lang='lat' dir='ltr'><strong>prmsidium</strong></span> <span class='ocrx_word' id='word_1_565' title='bbox 2776 3537 2898 3577; x_wconf 88' lang='lat' dir='ltr'><strong>esse</strong></span> <span class='ocrx_word' id='word_1_566' title='bbox 2940 3523 3189 3586; x_wconf 86' lang='lat' dir='ltr'><strong>duceret;</strong></span> <span class='ocrx_word' id='word_1_567' title='bbox 3217 3518 3446 3572; x_wconf 87' lang='lat' dir='ltr'><strong>alterum</strong></span> 
     </span>
    </p>
   </div>
   <div class='ocr_carea' id='block_1_80' title="bbox 1874 3607 3445 3687">
    <p class='ocr_par' dir='ltr' id='par_1_80' title="bbox 1874 3607 3445 3687">
     <span class='ocr_line' id='line_1_80' title="bbox 1874 3607 3445 3687; baseline -0.008 -14"><span class='ocrx_word' id='word_1_568' title='bbox 1874 3620 1928 3673; x_wconf 90' lang='lat' dir='ltr'><strong>in</strong></span> <span class='ocrx_word' id='word_1_569' title='bbox 1972 3618 2197 3687; x_wconf 86' lang='lat' dir='ltr'><strong>epistola</strong></span> <span class='ocrx_word' id='word_1_570' title='bbox 2256 3616 2359 3672; x_wconf 79' lang='lat' dir='ltr'><strong>l05</strong></span> <span class='ocrx_word' id='word_1_571' title='bbox 2391 3617 2555 3670; x_wconf 86' lang='lat' dir='ltr'><strong>lilium</strong></span> <span class='ocrx_word' id='word_1_572' title='bbox 2601 3630 2756 3669; x_wconf 85' lang='lat' dir='ltr'><strong>suum</strong></span> <span class='ocrx_word' id='word_1_573' title='bbox 2801 3613 3053 3683; x_wconf 86' lang='lat' dir='ltr'><strong>appellat.</strong></span> <span class='ocrx_word' id='word_1_574' title='bbox 3098 3610 3336 3678; x_wconf 87' lang='lat' dir='ltr'><strong>Uterque</strong></span> <span class='ocrx_word' id='word_1_575' title='bbox 3390 3607 3445 3661; x_wconf 89' lang='lat' dir='ltr'><strong>in</strong></span> 
     </span>
    </p>
   </div>
   <div class='ocr_carea' id='block_1_81' title="bbox 1874 3700 3444 3776">
    <p class='ocr_par' dir='ltr' id='par_1_81' title="bbox 1874 3700 3444 3776">
     <span class='ocr_line' id='line_1_81' title="bbox 1874 3700 3444 3776; baseline -0.007 -11"><span class='ocrx_word' id='word_1_576' title='bbox 1874 3709 2266 3765; x_wconf 87' lang='lat' dir='ltr'><strong>dissimulando</strong></span> <span class='ocrx_word' id='word_1_577' title='bbox 2305 3710 2377 3761; x_wconf 89' lang='lat' dir='ltr'><strong>ita</strong></span> <span class='ocrx_word' id='word_1_578' title='bbox 2430 3709 2636 3776; x_wconf 90' lang='lat' dir='ltr'><strong>peritus</strong></span> <span class='ocrx_word' id='word_1_579' title='bbox 2668 3706 2885 3767; x_wconf 83' lang='lat' dir='ltr'><strong>artifex,</strong></span> <span class='ocrx_word' id='word_1_580' title='bbox 2931 3714 2989 3757; x_wconf 90' lang='lat' dir='ltr'><strong>ut</strong></span> <span class='ocrx_word' id='word_1_581' title='bbox 3019 3720 3141 3757; x_wconf 90' lang='lat' dir='ltr'><strong>cum</strong></span> <span class='ocrx_word' id='word_1_582' title='bbox 3181 3716 3277 3757; x_wconf 88' lang='lat' dir='ltr'><strong>eos</strong></span> <span class='ocrx_word' id='word_1_583' title='bbox 3299 3700 3444 3755; x_wconf 89' lang='lat' dir='ltr'><strong>domi</strong></span> 
     </span>
    </p>
   </div>
   <div class='ocr_carea' id='block_1_82' title="bbox 1875 3794 3446 3863">
    <p class='ocr_par' dir='ltr' id='par_1_82' title="bbox 1875 3794 3446 3863">
     <span class='ocr_line' id='line_1_82' title="bbox 1875 3794 3446 3863; baseline -0.005 -8"><span class='ocrx_word' id='word_1_584' title='bbox 1875 3816 1985 3855; x_wconf 68' lang='lat' dir='ltr'><strong>suae</strong></span> <span class='ocrx_word' id='word_1_585' title='bbox 2042 3800 2264 3855; x_wconf 85' lang='lat' dir='ltr'><strong>haberet</strong></span> <span class='ocrx_word' id='word_1_586' title='bbox 2298 3800 2555 3863; x_wconf 89' lang='lat' dir='ltr'><strong>Basilius,</strong></span> <span class='ocrx_word' id='word_1_587' title='bbox 2599 3798 2803 3853; x_wconf 81' lang='lat' dir='ltr'><strong>nefaria</strong></span> <span class='ocrx_word' id='word_1_588' title='bbox 2860 3812 3044 3850; x_wconf 88' lang='lat' dir='ltr'><strong>eormn</strong></span> <span class='ocrx_word' id='word_1_589' title='bbox 3104 3794 3329 3849; x_wconf 85' lang='lat' dir='ltr'><strong>consilia</strong></span> <span class='ocrx_word' id='word_1_590' title='bbox 3378 3804 3446 3847; x_wconf 84' lang='lat' dir='ltr'><strong>ne</strong></span> 
     </span>
    </p>
   </div>
   <div class='ocr_carea' id='block_1_83' title="bbox 1873 3884 3441 3961">
    <p class='ocr_par' dir='ltr' id='par_1_83' title="bbox 1873 3884 3441 3961">
     <span class='ocr_line' id='line_1_83' title="bbox 1873 3884 3441 3961; baseline -0.008 -15"><span class='ocrx_word' id='word_1_591' title='bbox 1873 3892 2228 3947; x_wconf 87' lang='lat' dir='ltr'><strong>subodoralus</strong></span> <span class='ocrx_word' id='word_1_592' title='bbox 2256 3890 2473 3961; x_wconf 88' lang='lat' dir='ltr'><strong>quidem</strong></span> <span class='ocrx_word' id='word_1_593' title='bbox 2514 3890 2605 3955; x_wconf 89' lang='lat' dir='ltr'><strong>sit,</strong></span> <span class='ocrx_word' id='word_1_594' title='bbox 2650 3899 2936 3956; x_wconf 88' lang='lat' dir='ltr'><strong>antequam</strong></span> <span class='ocrx_word' id='word_1_595' title='bbox 2976 3886 3042 3940; x_wconf 90' lang='lat' dir='ltr'><strong>ad</strong></span> <span class='ocrx_word' id='word_1_596' title='bbox 3067 3884 3441 3953; x_wconf 84' lang='lat' dir='ltr'><strong>gravissimam</strong></span> 
     </span>
    </p>
   </div>
   <div class='ocr_carea' id='block_1_84' title="bbox 1874 3980 2915 4051">
    <p class='ocr_par' dir='ltr' id='par_1_84' title="bbox 1874 3980 2915 4051">
     <span class='ocr_line' id='line_1_84' title="bbox 1874 3980 2915 4051; baseline -0.002 -16"><span class='ocrx_word' id='word_1_597' title='bbox 1874 3981 2037 4051; x_wconf 90' lang='lat' dir='ltr'><strong>ipsius</strong></span> <span class='ocrx_word' id='word_1_598' title='bbox 2058 3980 2436 4035; x_wconf 87' lang='lat' dir='ltr'><strong>contumeliam</strong></span> <span class='ocrx_word' id='word_1_599' title='bbox 2460 3989 2804 4049; x_wconf 90' lang='lat' dir='ltr'><strong>erumperent</strong></span> <span class='ocrx_word' id='word_1_600' title='bbox 2828 3980 2915 4047; x_wconf 89' lang='lat' dir='ltr'><strong>(i).</strong></span> 
     </span>
    </p>
   </div>
   <div class='ocr_carea' id='block_1_85' title="bbox 1943 4085 3443 4159">
    <p class='ocr_par' dir='ltr' id='par_1_85' title="bbox 1943 4085 3443 4159">
     <span class='ocr_line' id='line_1_85' title="bbox 1943 4085 3443 4159; baseline -0.006 -11"><span class='ocrx_word' id='word_1_601' title='bbox 1943 4093 2025 4148; x_wconf 87' lang='lat' dir='ltr'><strong>lll.</strong></span> <span class='ocrx_word' id='word_1_602' title='bbox 2062 4093 2160 4147; x_wconf 78' lang='lat' dir='ltr'><strong>Vix</strong></span> <span class='ocrx_word' id='word_1_603' title='bbox 2196 4093 2451 4147; x_wconf 85' lang='lat' dir='ltr'><strong>Basilium</strong></span> <span class='ocrx_word' id='word_1_604' title='bbox 2480 4092 2725 4147; x_wconf 69' lang='lat' dir='ltr'><strong>Ctesarea</strong></span> <span class='ocrx_word' id='word_1_605' title='bbox 2757 4092 3072 4159; x_wconf 89' lang='lat' dir='ltr'><strong>episcopum</strong></span> <span class='ocrx_word' id='word_1_606' title='bbox 3102 4088 3295 4158; x_wconf 87' lang='lat' dir='ltr'><strong>adepta</strong></span> <span class='ocrx_word' id='word_1_607' title='bbox 3324 4085 3443 4140; x_wconf 80' lang='lat' dir='ltr'><strong>fue-</strong></span> 
     </span>
    </p>
   </div>
   <div class='ocr_carea' id='block_1_86' title="bbox 1874 4176 3440 4246">
    <p class='ocr_par' dir='ltr' id='par_1_86' title="bbox 1874 4176 3440 4246">
     <span class='ocr_line' id='line_1_86' title="bbox 1874 4176 3440 4246; baseline -0.004 -13"><span class='ocrx_word' id='word_1_608' title='bbox 1874 4194 1978 4246; x_wconf 87' lang='lat' dir='ltr'><strong>rat,</strong></span> <span class='ocrx_word' id='word_1_609' title='bbox 2006 4198 2126 4236; x_wconf 90' lang='lat' dir='ltr'><strong>cum</strong></span> <span class='ocrx_word' id='word_1_610' title='bbox 2153 4181 2207 4233; x_wconf 91' lang='lat' dir='ltr'><strong>S.</strong></span> <span class='ocrx_word' id='word_1_611' title='bbox 2240 4180 2435 4234; x_wconf 80' lang='lat' dir='ltr'><strong>Melctii</strong></span> <span class='ocrx_word' id='word_1_612' title='bbox 2479 4181 2694 4233; x_wconf 91' lang='lat' dir='ltr'><strong>tertium</strong></span> <span class='ocrx_word' id='word_1_613' title='bbox 2722 4180 2974 4233; x_wconf 76' lang='lat' dir='ltr'><strong>exsilium</strong></span> <span class='ocrx_word' id='word_1_614' title='bbox 3010 4178 3297 4232; x_wconf 84' lang='lat' dir='ltr'><strong>Antiochia</strong></span> <span class='ocrx_word' id='word_1_615' title='bbox 3323 4176 3440 4244; x_wconf 64' lang='lat' dir='ltr'><strong>ploo</strong></span> 
     </span>
    </p>
   </div>
   <div class='ocr_carea' id='block_1_87' title="bbox 1874 4268 3443 4342">
    <p class='ocr_par' dir='ltr' id='par_1_87' title="bbox 1874 4268 3443 4342">
     <span class='ocr_line' id='line_1_87' title="bbox 1874 4268 3443 4342; baseline -0.004 -16"><span class='ocrx_word' id='word_1_616' title='bbox 1874 4274 2033 4337; x_wconf 84' lang='lat' dir='ltr'><strong>ravit,</strong></span> <span class='ocrx_word' id='word_1_617' title='bbox 2068 4283 2125 4326; x_wconf 91' lang='lat' dir='ltr'><strong>ut</strong></span> <span class='ocrx_word' id='word_1_618' title='bbox 2153 4274 2310 4325; x_wconf 91' lang='lat' dir='ltr'><strong>docet</strong></span> <span class='ocrx_word' id='word_1_619' title='bbox 2359 4270 2731 4326; x_wconf 87' lang='lat' dir='ltr'><strong>Tillemontius</strong></span> <span class='ocrx_word' id='word_1_620' title='bbox 2774 4272 2861 4342; x_wconf 84' lang='lat' dir='ltr'><strong>(j).</strong></span> <span class='ocrx_word' id='word_1_621' title='bbox 2908 4270 3145 4325; x_wconf 88' lang='lat' dir='ltr'><strong>Litteras</strong></span> <span class='ocrx_word' id='word_1_622' title='bbox 3173 4284 3237 4323; x_wconf 91' lang='lat' dir='ltr'><strong>ea</strong></span> <span class='ocrx_word' id='word_1_623' title='bbox 3280 4268 3347 4321; x_wconf 88' lang='lat' dir='ltr'><strong>de</strong></span> <span class='ocrx_word' id='word_1_624' title='bbox 3382 4280 3443 4320; x_wconf 87' lang='lat' dir='ltr'><strong>ro</strong></span> 
     </span>
    </p>
   </div>
   <div class='ocr_carea' id='block_1_88' title="bbox 1874 4361 3443 4433">
    <p class='ocr_par' dir='ltr' id='par_1_88' title="bbox 1874 4361 3443 4433">
     <span class='ocr_line' id='line_1_88' title="bbox 1874 4361 3443 4433; baseline -0.003 -15"><span class='ocrx_word' id='word_1_625' title='bbox 1874 4365 2039 4419; x_wconf 86' lang='lat' dir='ltr'><strong>lector</strong></span> <span class='ocrx_word' id='word_1_626' title='bbox 2067 4367 2245 4418; x_wconf 90' lang='lat' dir='ltr'><strong>attulit</strong></span> <span class='ocrx_word' id='word_1_627' title='bbox 2270 4364 2486 4429; x_wconf 80' lang='lat' dir='ltr'><strong>Basilio,</strong></span> <span class='ocrx_word' id='word_1_628' title='bbox 2518 4380 2653 4433; x_wconf 88' lang='lat' dir='ltr'><strong>quas</strong></span> <span class='ocrx_word' id='word_1_629' title='bbox 2692 4365 2779 4418; x_wconf 92' lang='lat' dir='ltr'><strong>ille</strong></span> <span class='ocrx_word' id='word_1_630' title='bbox 2808 4380 2911 4418; x_wconf 91' lang='lat' dir='ltr'><strong>non</strong></span> <span class='ocrx_word' id='word_1_631' title='bbox 2938 4363 3105 4417; x_wconf 90' lang='lat' dir='ltr'><strong>multo</strong></span> <span class='ocrx_word' id='word_1_632' title='bbox 3145 4368 3266 4431; x_wconf 91' lang='lat' dir='ltr'><strong>post</strong></span> <span class='ocrx_word' id='word_1_633' title='bbox 3296 4361 3443 4414; x_wconf 78' lang='lat' dir='ltr'><strong>misit</strong></span> 
     </span>
    </p>
   </div>
   <div class='ocr_carea' id='block_1_89' title="bbox 1872 4452 3440 4523">
    <p class='ocr_par' dir='ltr' id='par_1_89' title="bbox 1872 4452 3440 4523">
     <span class='ocr_line' id='line_1_89' title="bbox 1872 4452 3440 4523; baseline -0.003 -15"><span class='ocrx_word' id='word_1_634' title='bbox 1872 4456 1938 4509; x_wconf 91' lang='lat' dir='ltr'><strong>ad</strong></span> <span class='ocrx_word' id='word_1_635' title='bbox 1986 4455 2276 4509; x_wconf 84' lang='lat' dir='ltr'><strong>Eusebium</strong></span> <span class='ocrx_word' id='word_1_636' title='bbox 2330 4452 2786 4517; x_wconf 84' lang='lat' dir='ltr'><strong>Samosateusem,</strong></span> <span class='ocrx_word' id='word_1_637' title='bbox 2820 4455 3069 4523; x_wconf 83' lang='lat' dir='ltr'><strong>quamvis</strong></span> <span class='ocrx_word' id='word_1_638' title='bbox 3094 4468 3217 4506; x_wconf 89' lang='lat' dir='ltr'><strong>eum</strong></span> <span class='ocrx_word' id='word_1_639' title='bbox 3245 4454 3311 4507; x_wconf 86' lang='lat' dir='ltr'><strong>de</strong></span> <span class='ocrx_word' id='word_1_640' title='bbox 3353 4452 3440 4511; x_wconf 87' lang='lat' dir='ltr'><strong>iis.</strong></span> 
     </span>
    </p>
   </div>
   <div class='ocr_carea' id='block_1_90' title="bbox 202 4530 3441 4615">
    <p class='ocr_par' dir='ltr' id='par_1_90' title="bbox 202 4530 3441 4615">
     <span class='ocr_line' id='line_1_90' title="bbox 202 4530 3441 4615; baseline 0.001 -32"><span class='ocrx_word' id='word_1_641' title='bbox 202 4530 479 4594; x_wconf 75' lang='lat' dir='ltr'><strong>aﬂixisset,</strong></span> <span class='ocrx_word' id='word_1_642' title='bbox 521 4533 589 4587; x_wconf 87' lang='lat' dir='ltr'><strong>ab</strong></span> <span class='ocrx_word' id='word_1_643' title='bbox 628 4534 730 4587; x_wconf 85' lang='lat' dir='ltr'><strong>hoc</strong></span> <span class='ocrx_word' id='word_1_644' title='bbox 773 4532 948 4587; x_wconf 83' lang='lat' dir='ltr'><strong>oﬂicio</strong></span> <span class='ocrx_word' id='word_1_645' title='bbox 976 4533 1300 4587; x_wconf 85' lang='lat' dir='ltr'><strong>deterrebat.</strong></span> <span class='ocrx_word' id='word_1_646' title='bbox 1346 4533 1578 4588; x_wconf 86' lang='lat' dir='ltr'><strong>Nimium</strong></span> <span class='ocrx_word' id='word_1_647' title='bbox 1607 4536 1768 4588; x_wconf 87' lang='lat' dir='ltr'><strong>multa</strong></span> <span class='ocrx_word' id='word_1_648' title='bbox 1804 4549 1846 4605; x_wconf 76' lang='grc' dir='ltr'>ο</span> <span class='ocrx_word' id='word_1_649' title='bbox 1875 4561 1990 4614; x_wconf 60' lang='lat' dir='ltr'><strong>qua</strong></span> <span class='ocrx_word' id='word_1_650' title='bbox 2017 4546 2318 4600; x_wconf 63' lang='grc' dir='ltr'><strong>Αηιίοοιιίςιι</strong></span> <span class='ocrx_word' id='word_1_651' title='bbox 2354 4548 2729 4615; x_wconf 59' lang='lat' dir='ltr'><strong>contigeram,</strong></span> <span class='ocrx_word' id='word_1_652' title='bbox 2770 4546 3057 4600; x_wconf 63' lang='lat' dir='ltr'><strong>certiorem</strong></span> <span class='ocrx_word' id='word_1_653' title='bbox 3090 4544 3290 4597; x_wconf 63' lang='lat' dir='ltr'><strong>factum</strong></span> <span class='ocrx_word' id='word_1_654' title='bbox 3319 4557 3441 4598; x_wconf 70' lang='lat' dir='ltr'><strong>e353</strong></span> 
     </span>
    </p>
   </div>
   <div class='ocr_carea' id='block_1_91' title="bbox 201 4624 1767 4695">
    <p class='ocr_par' dir='ltr' id='par_1_91' title="bbox 201 4624 1767 4695">
     <span class='ocr_line' id='line_1_91' title="bbox 201 4624 1767 4695; baseline 0.002 -18"><span class='ocrx_word' id='word_1_655' title='bbox 201 4624 498 4695; x_wconf 81' lang='lat' dir='ltr'><strong>colligenda</strong></span> <span class='ocrx_word' id='word_1_656' title='bbox 539 4634 741 4689; x_wconf 88' lang='lat' dir='ltr'><strong>essent,</strong></span> <span class='ocrx_word' id='word_1_657' title='bbox 778 4626 822 4679; x_wconf 92' lang='lat' dir='ltr'><strong>si</strong></span> <span class='ocrx_word' id='word_1_658' title='bbox 874 4625 1217 4695; x_wconf 87' lang='lat' dir='ltr'><strong>episcopatus</strong></span> <span class='ocrx_word' id='word_1_659' title='bbox 1250 4624 1430 4680; x_wconf 86' lang='lat' dir='ltr'><strong>Basilii</strong></span> <span class='ocrx_word' id='word_1_660' title='bbox 1462 4638 1767 4681; x_wconf 88' lang='lat' dir='ltr'><strong>accuratam</strong></span> 
     </span>
    </p>
   </div>
   <div class='ocr_carea' id='block_1_92' title="bbox 206 4716 1771 4786">
    <p class='ocr_par' dir='ltr' id='par_1_92' title="bbox 206 4716 1771 4786">
     <span class='ocr_line' id='line_1_92' title="bbox 206 4716 1771 4786; baseline 0.001 -16"><span class='ocrx_word' id='word_1_661' title='bbox 206 4717 494 4786; x_wconf 85' lang='lat' dir='ltr'><strong>imaginem</strong></span> <span class='ocrx_word' id='word_1_662' title='bbox 531 4716 815 4785; x_wconf 83' lang='lat' dir='ltr'><strong>depingere</strong></span> <span class='ocrx_word' id='word_1_663' title='bbox 845 4717 1184 4786; x_wconf 79' lang='lat' dir='ltr'><strong>aggrederer.</strong></span> <span class='ocrx_word' id='word_1_664' title='bbox 1221 4716 1324 4771; x_wconf 90' lang='lat' dir='ltr'><strong>Sed</strong></span> <span class='ocrx_word' id='word_1_665' title='bbox 1345 4720 1469 4786; x_wconf 88' lang='lat' dir='ltr'><strong>quid</strong></span> <span class='ocrx_word' id='word_1_666' title='bbox 1494 4720 1559 4772; x_wconf 92' lang='lat' dir='ltr'><strong>de</strong></span> <span class='ocrx_word' id='word_1_667' title='bbox 1588 4718 1771 4772; x_wconf 82' lang='lat' dir='ltr'><strong>Eccle-</strong></span> 
     </span>
    </p>
   </div>
   <div class='ocr_carea' id='block_1_93' title="bbox 203 4808 1771 4876">
    <p class='ocr_par' dir='ltr' id='par_1_93' title="bbox 203 4808 1771 4876">
     <span class='ocr_line' id='line_1_93' title="bbox 203 4808 1771 4876; baseline 0.001 -13"><span class='ocrx_word' id='word_1_668' title='bbox 203 4809 283 4863; x_wconf 79' lang='lat' dir='ltr'><strong>sia</strong></span> <span class='ocrx_word' id='word_1_669' title='bbox 315 4808 663 4872; x_wconf 57' lang='lat' dir='ltr'><strong>Cassariensi,</strong></span> <span class='ocrx_word' id='word_1_670' title='bbox 692 4808 818 4876; x_wconf 89' lang='lat' dir='ltr'><strong>quid</strong></span> <span class='ocrx_word' id='word_1_671' title='bbox 851 4810 915 4861; x_wconf 86' lang='lat' dir='ltr'><strong>de</strong></span> <span class='ocrx_word' id='word_1_672' title='bbox 946 4808 1068 4862; x_wconf 89' lang='lat' dir='ltr'><strong>aliis</strong></span> <span class='ocrx_word' id='word_1_673' title='bbox 1107 4808 1365 4864; x_wconf 84' lang='lat' dir='ltr'><strong>Ecclesiis</strong></span> <span class='ocrx_word' id='word_1_674' title='bbox 1398 4811 1446 4864; x_wconf 90' lang='lat' dir='ltr'><strong>ei</strong></span> <span class='ocrx_word' id='word_1_675' title='bbox 1479 4820 1535 4863; x_wconf 89' lang='lat' dir='ltr'><strong>ut</strong></span> <span class='ocrx_word' id='word_1_676' title='bbox 1573 4821 1771 4865; x_wconf 89' lang='lat' dir='ltr'><strong>metro-</strong></span> 
     </span>
    </p>
   </div>
   <div class='ocr_carea' id='block_1_94' title="bbox 200 4899 1773 4970">
    <p class='ocr_par' dir='ltr' id='par_1_94' title="bbox 200 4899 1773 4970">
     <span class='ocr_line' id='line_1_94' title="bbox 200 4899 1773 4970; baseline 0.001 -15"><span class='ocrx_word' id='word_1_677' title='bbox 200 4902 460 4969; x_wconf 87' lang='lat' dir='ltr'><strong>politano,</strong></span> <span class='ocrx_word' id='word_1_678' title='bbox 490 4900 572 4954; x_wconf 88' lang='lat' dir='ltr'><strong>vel</strong></span> <span class='ocrx_word' id='word_1_679' title='bbox 618 4901 937 4953; x_wconf 87' lang='lat' dir='ltr'><strong>utexarcbo</strong></span> <span class='ocrx_word' id='word_1_680' title='bbox 976 4899 1253 4966; x_wconf 85' lang='lat' dir='ltr'><strong>subjectis,</strong></span> <span class='ocrx_word' id='word_1_681' title='bbox 1285 4902 1411 4969; x_wconf 83' lang='lat' dir='ltr'><strong>quid</strong></span> <span class='ocrx_word' id='word_1_682' title='bbox 1435 4902 1661 4970; x_wconf 86' lang='lat' dir='ltr'><strong>denique</strong></span> <span class='ocrx_word' id='word_1_683' title='bbox 1706 4901 1773 4956; x_wconf 89' lang='lat' dir='ltr'><strong>de</strong></span> 
     </span>
    </p>
   </div>
   <div class='ocr_carea' id='block_1_95' title="bbox 202 4990 1766 5056">
    <p class='ocr_par' dir='ltr' id='par_1_95' title="bbox 202 4990 1766 5056">
     <span class='ocr_line' id='line_1_95' title="bbox 202 4990 1766 5056; baseline 0.002 -11"><span class='ocrx_word' id='word_1_684' title='bbox 202 4994 453 5047; x_wconf 82' lang='lat' dir='ltr'><strong>universa</strong></span> <span class='ocrx_word' id='word_1_685' title='bbox 503 4990 745 5045; x_wconf 85' lang='lat' dir='ltr'><strong>Ecclesia</strong></span> <span class='ocrx_word' id='word_1_686' title='bbox 790 4993 1013 5044; x_wconf 88' lang='lat' dir='ltr'><strong>meritus</strong></span> <span class='ocrx_word' id='word_1_687' title='bbox 1045 4992 1136 5056; x_wconf 92' lang='lat' dir='ltr'><strong>sit,</strong></span> <span class='ocrx_word' id='word_1_688' title='bbox 1167 4992 1299 5047; x_wconf 83' lang='lat' dir='ltr'><strong>satis</strong></span> <span class='ocrx_word' id='word_1_689' title='bbox 1325 4994 1561 5047; x_wconf 82' lang='lat' dir='ltr'><strong>exstabit</strong></span> <span class='ocrx_word' id='word_1_690' title='bbox 1585 5007 1647 5049; x_wconf 78' lang='lat' dir='ltr'><strong>ex</strong></span> <span class='ocrx_word' id='word_1_691' title='bbox 1701 4992 1766 5048; x_wconf 87' lang='lat' dir='ltr'><strong>iis</strong></span> 
     </span>
    </p>
   </div>
   <div class='ocr_carea' id='block_1_96' title="bbox 198 5080 1005 5154">
    <p class='ocr_par' dir='ltr' id='par_1_96' title="bbox 198 5080 1005 5154">
     <span class='ocr_line' id='line_1_96' title="bbox 198 5080 1005 5154; baseline -0.002 -19"><span class='ocrx_word' id='word_1_692' title='bbox 198 5097 319 5154; x_wconf 63' lang='lat' dir='ltr'><strong>qua:</strong></span> <span class='ocrx_word' id='word_1_693' title='bbox 356 5080 614 5149; x_wconf 86' lang='lat' dir='ltr'><strong>deinceps</strong></span> <span class='ocrx_word' id='word_1_694' title='bbox 643 5082 1005 5136; x_wconf 88' lang='lat' dir='ltr'><strong>narrabimus.</strong></span> 
     </span>
    </p>
   </div>
   <div class='ocr_carea' id='block_1_97' title="bbox 270 5172 1763 5243">
    <p class='ocr_par' dir='ltr' id='par_1_97' title="bbox 270 5172 1763 5243">
     <span class='ocr_line' id='line_1_97' title="bbox 270 5172 1763 5243; baseline 0 -14"><span class='ocrx_word' id='word_1_695' title='bbox 270 5175 333 5229; x_wconf 92' lang='lat' dir='ltr'><strong>ll.</strong></span> <span class='ocrx_word' id='word_1_696' title='bbox 365 5174 617 5243; x_wconf 74' lang='lat' dir='ltr'><strong>Magnum</strong></span> <span class='ocrx_word' id='word_1_697' title='bbox 666 5172 895 5228; x_wconf 82' lang='lat' dir='ltr'><strong>Basilius</strong></span> <span class='ocrx_word' id='word_1_698' title='bbox 933 5173 1230 5242; x_wconf 72' lang='lat' dir='ltr'><strong>adiutorem</strong></span> <span class='ocrx_word' id='word_1_699' title='bbox 1280 5174 1577 5241; x_wconf 88' lang='lat' dir='ltr'><strong>habuisset,</strong></span> <span class='ocrx_word' id='word_1_700' title='bbox 1606 5186 1661 5229; x_wconf 82' lang='lat' dir='ltr'><strong>et</strong></span> <span class='ocrx_word' id='word_1_701' title='bbox 1698 5175 1763 5229; x_wconf 88' lang='lat' dir='ltr'><strong>ad</strong></span> 
     </span>
    </p>
   </div>
   <div class='ocr_carea' id='block_1_98' title="bbox 200 5263 1764 5334">
    <p class='ocr_par' dir='ltr' id='par_1_98' title="bbox 200 5263 1764 5334">
     <span class='ocr_line' id='line_1_98' title="bbox 200 5263 1764 5334; baseline -0.001 -15"><span class='ocrx_word' id='word_1_702' title='bbox 200 5267 463 5321; x_wconf 85' lang='lat' dir='ltr'><strong>secundas</strong></span> <span class='ocrx_word' id='word_1_703' title='bbox 497 5264 552 5319; x_wconf 93' lang='lat' dir='ltr'><strong>in</strong></span> <span class='ocrx_word' id='word_1_704' title='bbox 584 5264 731 5319; x_wconf 88' lang='lat' dir='ltr'><strong>omni</strong></span> <span class='ocrx_word' id='word_1_705' title='bbox 776 5264 1078 5319; x_wconf 88' lang='lat' dir='ltr'><strong>ministerio</strong></span> <span class='ocrx_word' id='word_1_706' title='bbox 1122 5263 1372 5321; x_wconf 79' lang='lat' dir='ltr'><strong>ferendas</strong></span> <span class='ocrx_word' id='word_1_707' title='bbox 1404 5264 1764 5334; x_wconf 87' lang='lat' dir='ltr'><strong>aptissimum,</strong></span> 
     </span>
    </p>
   </div>
   <div class='ocr_carea' id='block_1_99' title="bbox 270 5438 581 5507">
    <p class='ocr_par' dir='ltr' id='par_1_99' title="bbox 270 5438 581 5507">
     <span class='ocr_line' id='line_1_99' title="bbox 270 5438 581 5507; baseline 0.016 -19"><span class='ocrx_word' id='word_1_708' title='bbox 270 5440 345 5507; x_wconf 83' lang='grc' dir='ltr'><strong>(α)</strong></span> <span class='ocrx_word' id='word_1_709' title='bbox 374 5438 469 5493; x_wconf 93' lang='lat' dir='ltr'><strong>Or.</strong></span> <span class='ocrx_word' id='word_1_710' title='bbox 491 5439 581 5493; x_wconf 73' lang='lat'><strong>‘20.</strong></span> 
     </span>
    </p>
   </div>
   <div class='ocr_carea' id='block_1_100' title="bbox 271 5508 749 5578">
    <p class='ocr_par' dir='ltr' id='par_1_100' title="bbox 271 5508 749 5578">
     <span class='ocr_line' id='line_1_100' title="bbox 271 5508 749 5578; baseline 0.013 -21"><span class='ocrx_word' id='word_1_711' title='bbox 271 5511 343 5578; x_wconf 64' lang='lat' dir='ltr'><strong>(by</strong></span> <span class='ocrx_word' id='word_1_712' title='bbox 375 5510 499 5561; x_wconf 87' lang='lat' dir='ltr'><strong>Ibid.</strong></span> <span class='ocrx_word' id='word_1_713' title='bbox 515 5549 529 5562; x_wconf 89' lang='lat'><strong>.</strong></span> <span class='ocrx_word' id='word_1_714' title='bbox 552 5528 581 5563; x_wconf 81' lang='grc' dir='ltr'><strong>ιι</strong></span> <span class='ocrx_word' id='word_1_715' title='bbox 625 5508 749 5563; x_wconf 72' lang='grc' dir='ltr'><strong>διε).</strong></span> 
     </span>
    </p>
   </div>
   <div class='ocr_carea' id='block_1_101' title="bbox 271 5579 619 5647">
    <p class='ocr_par' dir='ltr' id='par_1_101' title="bbox 271 5579 619 5647">
     <span class='ocr_line' id='line_1_101' title="bbox 271 5579 619 5647; baseline 0.009 -21"><span class='ocrx_word' id='word_1_716' title='bbox 271 5579 341 5647; x_wconf 79' lang='lat' dir='ltr'><strong>(c)</strong></span> <span class='ocrx_word' id='word_1_717' title='bbox 368 5579 464 5643; x_wconf 81' lang='lat' dir='ltr'><strong>Ep.</strong></span> <span class='ocrx_word' id='word_1_718' title='bbox 499 5580 619 5631; x_wconf 68' lang='lat' dir='ltr'><strong>tte.</strong></span> 
     </span>
    </p>
   </div>
   <div class='ocr_carea' id='block_1_102' title="bbox 270 5647 622 5721">
    <p class='ocr_par' dir='ltr' id='par_1_102' title="bbox 270 5647 622 5721">
     <span class='ocr_line' id='line_1_102' title="bbox 270 5647 622 5721; baseline 0 -23"><span class='ocrx_word' id='word_1_719' title='bbox 270 5649 348 5721; x_wconf 74' lang='grc' dir='ltr'><strong>(ά)</strong></span> <span class='ocrx_word' id='word_1_720' title='bbox 376 5647 475 5721; x_wconf 58' lang='grc' dir='ltr'><strong>βυ.</strong></span> <span class='ocrx_word' id='word_1_721' title='bbox 496 5648 622 5701; x_wconf 72' lang='lat'><strong>9.06.</strong></span> 
     </span>
    </p>
   </div>
   <div class='ocr_carea' id='block_1_103' title="bbox 271 5719 573 5784">
    <p class='ocr_par' dir='ltr' id='par_1_103' title="bbox 271 5719 573 5784">
     <span class='ocr_line' id='line_1_103' title="bbox 271 5719 573 5784; baseline 0 -16"><span class='ocrx_word' id='word_1_722' title='bbox 271 5719 336 5784; x_wconf 62' lang='lat' dir='ltr'><strong>(ei</strong></span> <span class='ocrx_word' id='word_1_723' title='bbox 363 5719 454 5771; x_wconf 88' lang='lat' dir='ltr'><strong>0r.</strong></span> <span class='ocrx_word' id='word_1_724' title='bbox 486 5722 573 5771; x_wconf 71' lang='lat'><strong>‘20.</strong></span> 
     </span>
    </p>
   </div>
   <div class='ocr_carea' id='block_1_104' title="bbox 268 5788 640 5864">
    <p class='ocr_par' dir='ltr' id='par_1_104' title="bbox 268 5788 640 5864">
     <span class='ocr_line' id='line_1_104' title="bbox 268 5788 640 5864; baseline -0.011 -18"><span class='ocrx_word' id='word_1_725' title='bbox 268 5789 332 5864; x_wconf 75' lang='grc' dir='ltr'><strong>(Ῑ)</strong></span> <span class='ocrx_word' id='word_1_726' title='bbox 358 5789 525 5860; x_wconf 73' lang='lat' dir='ltr'><strong>Epist.</strong></span> <span class='ocrx_word' id='word_1_727' title='bbox 549 5788 640 5846; x_wconf 72' lang='lat' dir='ltr'><strong>2i.</strong></span> 
     </span>
    </p>
   </div>
   <div class='ocr_carea' id='block_1_105' title="bbox 1874 4636 3439 4706">
    <p class='ocr_par' dir='ltr' id='par_1_105' title="bbox 1874 4636 3439 4706">
     <span class='ocr_line' id='line_1_105' title="bbox 1874 4636 3439 4706; baseline -0.001 -15"><span class='ocrx_word' id='word_1_728' title='bbox 1874 4653 1976 4691; x_wconf 92' lang='lat' dir='ltr'><strong>non</strong></span> <span class='ocrx_word' id='word_1_729' title='bbox 2026 4639 2313 4694; x_wconf 90' lang='lat' dir='ltr'><strong>dubitaret.</strong></span> <span class='ocrx_word' id='word_1_730' title='bbox 2369 4640 2622 4695; x_wconf 90' lang='lat' dir='ltr'><strong>Scribere</strong></span> <span class='ocrx_word' id='word_1_731' title='bbox 2664 4638 2898 4692; x_wconf 83' lang='lat' dir='ltr'><strong>Eusebio</strong></span> <span class='ocrx_word' id='word_1_732' title='bbox 2942 4636 3195 4706; x_wconf 82' lang='lat' dir='ltr'><strong>cupiebat</strong></span> <span class='ocrx_word' id='word_1_733' title='bbox 3254 4637 3439 4690; x_wconf 85' lang='lat' dir='ltr'><strong>statim</strong></span> 
     </span>
    </p>
   </div>
   <div class='ocr_carea' id='block_1_106' title="bbox 1874 4726 3434 4805">
    <p class='ocr_par' dir='ltr' id='par_1_106' title="bbox 1874 4726 3434 4805">
     <span class='ocr_line' id='line_1_106' title="bbox 1874 4726 3434 4805; baseline -0.001 -24"><span class='ocrx_word' id='word_1_734' title='bbox 1874 4738 1991 4796; x_wconf 87' lang='lat' dir='ltr'><strong>post</strong></span> <span class='ocrx_word' id='word_1_735' title='bbox 2009 4728 2123 4796; x_wconf 87' lang='lat' dir='ltr'><strong>ejus</strong></span> <span class='ocrx_word' id='word_1_736' title='bbox 2152 4730 2404 4791; x_wconf 85' lang='lat' dir='ltr'><strong>reditum.</strong></span> <span class='ocrx_word' id='word_1_737' title='bbox 2436 4730 2527 4784; x_wconf 88' lang='lat' dir='ltr'><strong>sed</strong></span> <span class='ocrx_word' id='word_1_738' title='bbox 2557 4744 2763 4785; x_wconf 89' lang='lat' dir='ltr'><strong>moram</strong></span> <span class='ocrx_word' id='word_1_739' title='bbox 2794 4729 2971 4782; x_wconf 90' lang='lat' dir='ltr'><strong>attulit</strong></span> <span class='ocrx_word' id='word_1_740' title='bbox 2996 4726 3155 4805; x_wconf 65' lang='lat' dir='ltr'><strong>baiuli</strong></span> <span class='ocrx_word' id='word_1_741' title='bbox 3185 4729 3434 4795; x_wconf 90' lang='lat' dir='ltr'><strong>penuria,</strong></span> 
     </span>
    </p>
   </div>
   <div class='ocr_carea' id='block_1_107' title="bbox 1872 4819 3435 4889">
    <p class='ocr_par' dir='ltr' id='par_1_107' title="bbox 1872 4819 3435 4889">
     <span class='ocr_line' id='line_1_107' title="bbox 1872 4819 3435 4889; baseline -0.001 -16"><span class='ocrx_word' id='word_1_742' title='bbox 1872 4832 1939 4873; x_wconf 90' lang='lat' dir='ltr'><strong>eo</strong></span> <span class='ocrx_word' id='word_1_743' title='bbox 1955 4821 2096 4887; x_wconf 91' lang='lat' dir='ltr'><strong>quod</strong></span> <span class='ocrx_word' id='word_1_744' title='bbox 2125 4819 2473 4889; x_wconf 82' lang='lat' dir='ltr'><strong>Cappadoces</strong></span> <span class='ocrx_word' id='word_1_745' title='bbox 2515 4821 2588 4874; x_wconf 88' lang='lat' dir='ltr'><strong>ita</strong></span> <span class='ocrx_word' id='word_1_746' title='bbox 2612 4819 2845 4874; x_wconf 87' lang='lat' dir='ltr'><strong>hiemem</strong></span> <span class='ocrx_word' id='word_1_747' title='bbox 2875 4820 3345 4881; x_wconf 87' lang='lat' dir='ltr'><strong>exborrescerent,</strong></span> <span class='ocrx_word' id='word_1_748' title='bbox 3374 4828 3435 4872; x_wconf 92' lang='lat' dir='ltr'><strong>ut</strong></span> 
     </span>
    </p>
   </div>
   <div class='ocr_carea' id='block_1_108' title="bbox 1876 4907 3439 4978">
    <p class='ocr_par' dir='ltr' id='par_1_108' title="bbox 1876 4907 3439 4978">
     <span class='ocr_line' id='line_1_108' title="bbox 1876 4907 3439 4978; baseline 0.001 -17"><span class='ocrx_word' id='word_1_749' title='bbox 1876 4924 1941 4961; x_wconf 92' lang='lat' dir='ltr'><strong>ne</strong></span> <span class='ocrx_word' id='word_1_750' title='bbox 1965 4909 2273 4978; x_wconf 87' lang='lat' dir='ltr'><strong>prospicere</strong></span> <span class='ocrx_word' id='word_1_751' title='bbox 2294 4910 2508 4977; x_wconf 90' lang='lat' dir='ltr'><strong>quidem</strong></span> <span class='ocrx_word' id='word_1_752' title='bbox 2533 4924 2596 4963; x_wconf 69' lang='lat' dir='ltr'><strong>ex</strong></span> <span class='ocrx_word' id='word_1_753' title='bbox 2627 4910 2828 4964; x_wconf 60' lang='lat' dir='ltr'><strong>adibus</strong></span> <span class='ocrx_word' id='word_1_754' title='bbox 2850 4910 3125 4963; x_wconf 85' lang='lat' dir='ltr'><strong>auderent.</strong></span> <span class='ocrx_word' id='word_1_755' title='bbox 3151 4907 3270 4964; x_wconf 81' lang='lat' dir='ltr'><strong>Jam</strong></span> <span class='ocrx_word' id='word_1_756' title='bbox 3300 4909 3439 4963; x_wconf 88' lang='lat' dir='ltr'><strong>duos</strong></span> 
     </span>
    </p>
   </div>
   <div class='ocr_carea' id='block_1_109' title="bbox 1874 4996 3436 5066">
    <p class='ocr_par' dir='ltr' id='par_1_109' title="bbox 1874 4996 3436 5066">
     <span class='ocr_line' id='line_1_109' title="bbox 1874 4996 3436 5066; baseline 0.003 -17"><span class='ocrx_word' id='word_1_757' title='bbox 1874 5010 2088 5051; x_wconf 89' lang='lat' dir='ltr'><strong>menses</strong></span> <span class='ocrx_word' id='word_1_758' title='bbox 2144 4998 2361 5051; x_wconf 85' lang='lat' dir='ltr'><strong>nivibus</strong></span> <span class='ocrx_word' id='word_1_759' title='bbox 2394 4999 2633 5066; x_wconf 91' lang='lat' dir='ltr'><strong>cooperti</strong></span> <span class='ocrx_word' id='word_1_760' title='bbox 2694 4996 2992 5063; x_wconf 78' lang='lat' dir='ltr'><strong>latitabaut,</strong></span> <span class='ocrx_word' id='word_1_761' title='bbox 3042 5014 3165 5051; x_wconf 91' lang='lat' dir='ltr'><strong>cum</strong></span> <span class='ocrx_word' id='word_1_762' title='bbox 3219 4996 3436 5053; x_wconf 84' lang='lat' dir='ltr'><strong>tandem</strong></span> 
     </span>
    </p>
   </div>
   <div class='ocr_carea' id='block_1_110' title="bbox 1878 5087 3437 5159">
    <p class='ocr_par' dir='ltr' id='par_1_110' title="bbox 1878 5087 3437 5159">
     <span class='ocr_line' id='line_1_110' title="bbox 1878 5087 3437 5159; baseline 0.001 -20"><span class='ocrx_word' id='word_1_763' title='bbox 1878 5098 2069 5141; x_wconf 86' lang='lat' dir='ltr'><strong>nactus</strong></span> <span class='ocrx_word' id='word_1_764' title='bbox 2096 5097 2179 5141; x_wconf 89' lang='lat' dir='ltr'><strong>est</strong></span> <span class='ocrx_word' id='word_1_765' title='bbox 2213 5087 2461 5153; x_wconf 85' lang='lat' dir='ltr'><strong>Basilius,</strong></span> <span class='ocrx_word' id='word_1_766' title='bbox 2502 5090 2592 5158; x_wconf 92' lang='lat' dir='ltr'><strong>qui</strong></span> <span class='ocrx_word' id='word_1_767' title='bbox 2628 5089 2907 5145; x_wconf 85' lang='lat' dir='ltr'><strong>Samosata</strong></span> <span class='ocrx_word' id='word_1_768' title='bbox 2961 5088 3231 5159; x_wconf 78' lang='lat' dir='ltr'><strong>proﬁcisci</strong></span> <span class='ocrx_word' id='word_1_769' title='bbox 3274 5088 3437 5141; x_wconf 87' lang='lat' dir='ltr'><strong>aude-</strong></span> 
     </span>
    </p>
   </div>
   <div class='ocr_carea' id='block_1_111' title="bbox 1876 5178 3434 5251">
    <p class='ocr_par' dir='ltr' id='par_1_111' title="bbox 1876 5178 3434 5251">
     <span class='ocr_line' id='line_1_111' title="bbox 1876 5178 3434 5251; baseline -0.001 -18"><span class='ocrx_word' id='word_1_770' title='bbox 1876 5188 1957 5233; x_wconf 89' lang='lat' dir='ltr'><strong>ret</strong></span> <span class='ocrx_word' id='word_1_771' title='bbox 1988 5178 2082 5250; x_wconf 84' lang='lat' dir='ltr'><strong>(lt).</strong></span> <span class='ocrx_word' id='word_1_772' title='bbox 2135 5178 2316 5246; x_wconf 80' lang='lat' dir='ltr'><strong>Mittit,</strong></span> <span class='ocrx_word' id='word_1_773' title='bbox 2366 5181 2555 5251; x_wconf 85' lang='lat' dir='ltr'><strong>utjam</strong></span> <span class='ocrx_word' id='word_1_774' title='bbox 2590 5181 2718 5242; x_wconf 82' lang='lat' dir='ltr'><strong>dixi.</strong></span> <span class='ocrx_word' id='word_1_775' title='bbox 2756 5179 2985 5235; x_wconf 84' lang='lat' dir='ltr'><strong>Eusebio</strong></span> <span class='ocrx_word' id='word_1_776' title='bbox 3018 5179 3206 5233; x_wconf 82' lang='lat' dir='ltr'><strong>allatas</strong></span> <span class='ocrx_word' id='word_1_777' title='bbox 3249 5178 3434 5231; x_wconf 77' lang='lat' dir='ltr'><strong>Antio-</strong></span> 
     </span>
    </p>
   </div>
   <div class='ocr_carea' id='block_1_112' title="bbox 1875 5267 3431 5339">
    <p class='ocr_par' dir='ltr' id='par_1_112' title="bbox 1875 5267 3431 5339">
     <span class='ocr_line' id='line_1_112' title="bbox 1875 5267 3431 5339; baseline 0 -18"><span class='ocrx_word' id='word_1_778' title='bbox 1875 5270 1996 5322; x_wconf 84' lang='lat' dir='ltr'><strong>cbia</strong></span> <span class='ocrx_word' id='word_1_779' title='bbox 2018 5270 2255 5334; x_wconf 89' lang='lat' dir='ltr'><strong>litteras;</strong></span> <span class='ocrx_word' id='word_1_780' title='bbox 2293 5269 2503 5324; x_wconf 88' lang='lat' dir='ltr'><strong>nuntiat</strong></span> <span class='ocrx_word' id='word_1_781' title='bbox 2538 5269 2906 5339; x_wconf 82' lang='lat' dir='ltr'><strong>DemOpbilum</strong></span> <span class='ocrx_word' id='word_1_782' title='bbox 2932 5267 3251 5336; x_wconf 84' lang='lat' dir='ltr'><strong>jamdudum</strong></span> <span class='ocrx_word' id='word_1_783' title='bbox 3271 5280 3431 5321; x_wconf 86' lang='lat' dir='ltr'><strong>occu-</strong></span> 
     </span>
    </p>
   </div>
   <div class='ocr_carea' id='block_1_113' title="bbox 1940 5445 2341 5514">
    <p class='ocr_par' dir='ltr' id='par_1_113' title="bbox 1940 5445 2341 5514">
     <span class='ocr_line' id='line_1_113' title="bbox 1940 5445 2341 5514; baseline -0.012 -10"><span class='ocrx_word' id='word_1_784' title='bbox 1940 5446 2013 5512; x_wconf 83' lang='lat' dir='ltr'><strong>(g)</strong></span> <span class='ocrx_word' id='word_1_785' title='bbox 2050 5445 2219 5514; x_wconf 84' lang='lat' dir='ltr'><strong>Epist.</strong></span> <span class='ocrx_word' id='word_1_786' title='bbox 2256 5447 2341 5500; x_wconf 79' lang='grc'>10.</span> 
     </span>
    </p>
   </div>
   <div class='ocr_carea' id='block_1_114' title="bbox 1934 5514 2383 5579">
    <p class='ocr_par' dir='ltr' id='par_1_114' title="bbox 1934 5514 2383 5579">
     <span class='ocr_line' id='line_1_114' title="bbox 1934 5514 2383 5579; baseline 0.013 -14"><span class='ocrx_word' id='word_1_787' title='bbox 1934 5518 2009 5579; x_wconf 82' lang='grc' dir='ltr'><strong>(Ιι)</strong></span> <span class='ocrx_word' id='word_1_788' title='bbox 2041 5514 2166 5568; x_wconf 71' lang='lat' dir='ltr'><strong>Nat.</strong></span> <span class='ocrx_word' id='word_1_789' title='bbox 2200 5533 2280 5569; x_wconf 86' lang='lat' dir='ltr'><strong>or.</strong></span> <span class='ocrx_word' id='word_1_790' title='bbox 2314 5516 2383 5571; x_wconf 69' lang='lat'><strong>20</strong></span> 
     </span>
    </p>
   </div>
   <div class='ocr_carea' id='block_1_115' title="bbox 1940 5586 2281 5654">
    <p class='ocr_par' dir='ltr' id='par_1_115' title="bbox 1940 5586 2281 5654">
     <span class='ocr_line' id='line_1_115' title="bbox 1940 5586 2281 5654; baseline 0.003 -18"><span class='ocrx_word' id='word_1_791' title='bbox 1940 5586 2002 5654; x_wconf 88' lang='lat' dir='ltr'><strong>(i)</strong></span> <span class='ocrx_word' id='word_1_792' title='bbox 2034 5586 2127 5654; x_wconf 55' lang='lat' dir='ltr'><strong>Bp.</strong></span> <span class='ocrx_word' id='word_1_793' title='bbox 2164 5586 2281 5639; x_wconf 79' lang='grc'>109.</span> 
     </span>
    </p>
   </div>
   <div class='ocr_carea' id='block_1_116' title="bbox 1940 5652 2632 5725">
    <p class='ocr_par' dir='ltr' id='par_1_116' title="bbox 1940 5652 2632 5725">
     <span class='ocr_line' id='line_1_116' title="bbox 1940 5652 2632 5725; baseline 0.006 -17"><span class='ocrx_word' id='word_1_794' title='bbox 2037 5652 2201 5725; x_wconf 61' lang='lat' dir='ltr'><strong>Tum.</strong></span> <span class='ocrx_word' id='word_1_795' title='bbox 2225 5655 2331 5723; x_wconf 83' lang='lat' dir='ltr'><strong>VII,</strong></span> <span class='ocrx_word' id='word_1_796' title='bbox 2360 5672 2480 5725; x_wconf 77' lang='lat' dir='ltr'><strong>pug.</strong></span> <span class='ocrx_word' id='word_1_797' title='bbox 2510 5655 2632 5712; x_wconf 75' lang='grc'><strong>360.</strong></span> 
     </span>
    </p>
   </div>
   <div class='ocr_carea' id='block_1_117' title="bbox 1944 5724 2247 5792">
    <p class='ocr_par' dir='ltr' id='par_1_117' title="bbox 1944 5724 2247 5792">
     <span class='ocr_line' id='line_1_117' title="bbox 1944 5724 2247 5792; baseline 0.003 -13"><span class='ocrx_word' id='word_1_798' title='bbox 1944 5724 2019 5792; x_wconf 55' lang='grc' dir='ltr'><strong>(Β)</strong></span> <span class='ocrx_word' id='word_1_799' title='bbox 2054 5724 2147 5791; x_wconf 73' lang='lat' dir='ltr'><strong>Ep.</strong></span> <span class='ocrx_word' id='word_1_800' title='bbox 2179 5724 2247 5780; x_wconf 69' lang='grc'><strong>48</strong></span> 
     </span>
    </p>
   </div>
  </div>
