4006 6450
507 405 634 450 ιιιν

1859 387 2391 446 PROLECUMENA.

511 525 641 579 pare
663 510 845 567 sedem
867 511 1620 581 ConstantinOpolitanam,ac
1651 509 1941 567 simulacro
1959 527 2083 581 quo-
2113 517 2158 571 Α
2190 511 2352 566 invidi
2393 527 2442 563 m
2469 510 2686 573 Basilio,
2711 523 2769 564 ut
2805 509 3007 564 homini
3038 509 3412 578 immoderato,
3434 511 3750 570 creandam.

513 604 637 656 dam
669 604 884 672 pietatis
907 613 963 660 et
988 614 1148 659 recta:
1180 603 1300 659 ﬁdei
1325 603 1637 674 perfecisse,
1657 611 1716 656 ut
1743 612 1797 656 et
1818 604 2084 659 dissiden-

515 702 599 746 ωε
637 693 870 748 civitatis
891 705 1070 765 partes
1098 694 1147 746 in
1172 709 1338 747 unum
1362 696 1750 751 coalescerent,
1778 701 1833 745 et
1853 709 1915 747 ex
1951 692 2082 747 vici-

519 787 604 842 nis
632 788 897 857 episcopis
933 786 1168 841 nonnulli
1216 787 1459 840 eamdem
1512 785 1942 852 conjunctionem
1974 799 2086 837 ama

518 877 904 947 plecterentur.
923 876 1114 930 Narrat
1143 877 1209 928 de
1231 877 1525 932 schismate
1553 879 1930 944 episcoporum
1959 878 2088 943 Cap-

519 970 782 1035 padociae,
829 979 886 1023 ut
920 983 1080 1037 supra
1131 969 1390 1034 vidimus;
1443 971 1633 1023 invitat
1673 967 1988 1029 Eusebium,
2032 975 2090 1018 ut

521 1073 649 1114 vere
682 1061 1067 1115 Caesariensem
1111 1059 1407 1115 Ecclesiam
1429 1060 1663 1125 invisat;
1697 1053 1773 1113 ait
1807 1075 1865 1115 se
1902 1057 2090 1112 melius

523 1152 685 1207 solito
721 1169 822 1207 non
852 1153 1043 1206 valere.

597 1242 807 1311 Scripta
845 1255 925 1296 est
972 1245 1086 1297 ba-c
1122 1244 1352 1312 epistola
1398 1257 1540 1296 anno
1588 1242 1693 1298 ’570
1717 1249 1964 1302 exeunte,
2011 1241 2091 1293 vel

529 1337 746 1389 ineunte
793 1333 917 1386 571.
968 1332 1205 1389 Credere
1256 1334 1437 1386 malint
1484 1348 1627 1390 anno
1685 1334 1788 1388 370
1838 1331 2092 1399 scriptam

528 1425 713 1478 fuisse.
744 1424 894 1488 Quod
925 1439 1069 1478 enim
1099 1427 1230 1478 duos
1251 1421 1360 1489 jam
1389 1437 1602 1478 menses
1619 1422 1828 1476 nivibus
1857 1418 2098 1488 cooperti

527 1514 869 1582 Cappadoces
898 1513 1170 1575 dicuntur,
1202 1513 1250 1564 id
1276 1513 1342 1567 de
1376 1513 1647 1566 mensibus
1680 1526 1786 1562 non
1848 1509 2020 1576 plenis
2047 1515 2099 1559 ct

525 1606 734 1661 exactis
764 1606 936 1674 accipi
967 1614 1161 1675 potest.
1196 1603 1463 1658 Pranerea
1493 1605 1665 1655 hiems
1685 1603 1794 1656 cito
1812 1601 2097 1655 admodum

529 1697 584 1751 in
615 1697 952 1765 Cappadocia
998 1696 1312 1763 incipiebat.
1357 1695 1469 1747 Non
1509 1693 1730 1747 dubium
1764 1704 1942 1748 autem
1967 1693 2097 1760 quin

529 1788 855 1842 clericorum
893 1786 1091 1855 aliquis
1153 1789 1290 1840 hanc
1348 1784 1631 1854 epistolam
1685 1784 1958 1839 detulerit.
2010 1783 2100 1836 Sic

2192 606 2262 657 lie
2312 604 2394 657 his
2437 605 2945 671 rumoribus,:quos
2971 602 3216 658 malevoli
3261 604 3504 662 homines
3533 621 3755 676 sparge-

2189 696 2336 759 bant,
2367 696 2656 749 certiorem
2703 694 3110 750 Basiliam-feeit
3131 695 3418 765 Bosporius
3453 699 3672 754 coldnia:
3695 699 3753 753 in

2187 787 2523 852 Cappadocia
2553 788 2856 857 episcopus.

2265 877 2551 932 Perculsus
2582 880 2682 933 hoc
2707 877 2896 932 nuntio
2930 875 3161 932 Basilius
3191 887 3354 932 totam
3381 887 3592 932 noctem
3628 892 3745 934 tra-

2191 971 2347 1031 duxit
2380 970 2682 1024 insomnem
2722 969 3174 1040 quemadmodum
3204 971 3317 1039 ipse
3340 977 3524 1023 narrat
3550 969 3603 1022 in
3639 973 3756 1039 epi-

2193 1052 2458 1123 stola'SI,
2490 1057 2541 1111 in
2585 1073 2690 1126 qua
2722 1058 2940 1128 exponit
2986 1057 3113 1126 quid
3140 1059 3204 1112 de
3253 1060 3444 1113 Dianio
3477 1069 3505 1111 a
3551 1061 3760 1113 teneris

2197 1153 2450 1215 senserit,
2485 1165 2546 1203 ac
2590 1151 2824 1216 ingenue
2865 1153 3065 1206 fatetur
3090 1164 3148 1204 se
3175 1165 3299 1202 cum
3334 1151 3514 1204 multis
3553 1149 3671 1202 aliis
3702 1152 3758 1202 in

2185 1240 2368 1306 'patria
2404 1241 2568 1293 Deum
2603 1239 2919 1295 timentibus
2955 1238 3312 1294 insolabiliter
3337 1240 3587 1301 doluisse,
3616 1241 3758 1306 quod

2200 1330 2425 1385 Dianius
2478 1331 2722 1385 formula:
2753 1330 3215 1401 Constantinopoli
3247 1347 3274 1382 a
3303 1332 3537 1399 Georgio
3586 1329 3762 1384 allatze

2197 1418 2620 1487 sobscripsisset,
2668 1419 2759 1473 sed
2819 1431 2992 1473 tamen
3039 1423 3104 1474 ad
3149 1419 3264 1490 ejus
3311 1422 3752 1474 communionem

2198 1513 2510 1576 accessisse,
2563 1521 2845 1582 postquam
2889 1512 3108 1566 Dianius
3155 1515 3206 1566 in
3250 1513 3514 1573 morbum,
3555 1528 3618 1566 ex
3658 1527 3769 1581 quo

2201 1613 2452 1656 mortuus
2483 1613 2587 1665 est,
2622 1604 2826 1672 lapsus,
2859 1602 3059 1656 Basilio
3099 1607 3362 1660 accersito
3397 1604 3602 1675 juravit
3633 1607 3768 1658 nihil

2201 1697 2301 1749 sibi
2327 1707 2518 1750 contra
2547 1698 2817 1752 Nicarnam
2840 1698 2997 1753 ﬁdem
3027 1698 3359 1767 propositum
3393 1699 3581 1760 fuisse,
3605 1710 3772 1763 seque

2203 1786 2339 1840 nihil
2370 1787 2514 1841 aliud
2548 1791 2769 1853 sentire,
2801 1804 2961 1856 quam
2995 1789 3136 1858 quod
3166 1789 3232 1842 ab
3268 1789 3424 1843 initio
3459 1795 3767 1858 acceperat,

530 1880 674 1935 enim
705 1879 919 1934 solitum
941 1879 1176 1933 scribere
1201 1875 1477 1939 Basilium,
1509 1878 1698 1931 saltem
1716 1891 1836 1929 cum
1868 1875 2099 1943 aliquem
2134 1870 2178 1929 Β
2210 1893 2272 1931 ac
2303 1879 2535 1947 precari,
2575 1889 2632 1933 ut
2660 1897 2686 1932 a
2712 1891 3074 1935 trecentorum
3107 1880 3289 1936 decem
3320 1891 3373 1935 et
3402 1891 3525 1937 octo
3551 1882 3772 1937 Patrum

531 1973 659 2026 data
682 1985 844 2040 opera
884 1969 1153 2030 mittebat,
1187 1981 1252 2021 ex
1274 1981 1362 2036 ep.
1398 1967 1497 2020 198
1526 1964 2106 2034 perspicimus.Quam-

532 2065 617 2119 vis
672 2074 848 2116 autem
900 2076 1037 2114 unus
1080 2069 1290 2112 tantum
1324 2059 1477 2112 initio
1522 2057 1763 2126 cpistola}
1798 2058 2107 2127 designetur

533 2153 770 2223 bajulus,
803 2152 1009 2209 socium
1050 2162 1226 2204 tanien
1278 2149 1326 2202 ei
1365 2148 1602 2201 additum
1657 2147 1824 2203 fuisse
1864 2159 2008 2216 patet
2041 2165 2104 2201 ex

535 2246 624 2304 itis
658 2246 856 2310 verbis,
885 2257 936 2296 ut
967 2245 1065 2310 ipsi
1097 2243 1173 2294 illi
1211 2242 1524 2294 narrabant.
1570 2240 1723 2307 Saepe
1760 2242 1810 2292 itt
1843 2241 2106 2308 ejusmodi

538 2340 751 2401 litteris,
773 2338 871 2390 etsi
914 2337 1016 2389 duo
1039 2335 1411 2397 mittebantur,
1437 2348 1575 2386 unus
1619 2333 2016 2392 nominabatur,
2049 2343 2107 2385 ut

444 2423 446 2426 ’
537 2429 820 2485 observavi
852 2427 917 2480 ad
949 2428 1109 2497 epist.
1145 2427 1272 2479 245.

610 2517 702 2574 IV.
733 2518 810 2573 Ex
844 2519 910 2573 iis
959 2519 1049 2587 qui
1081 2518 1278 2573 Basilio
1310 2517 1362 2569 itt
1421 2516 1730 2583 primordiis
1768 2527 2109 2584 eptscopatus

539 2611 841 2680 gratulandi
877 2619 929 2665 et
963 2609 1282 2663 adhortandi
1312 2622 1474 2660 causa
1506 2607 1858 2676 scripserunt,
1883 2609 2109 2662 duorum

541 2706 610 2764 ad
648 2720 748 2759 nos
773 2705 1151 2773 episcoporum
1189 2705 1406 2759 nomina
1455 2717 1770 2771 pervenere,
1812 2703 2024 2756 Arcadii
2059 2713 2110 2756 et

543 2797 861 2860 Innocentii.
890 2796 1107 2851 Primus
1142 2812 1290 2865 spem
1323 2812 1350 2848 a
1387 2811 1444 2850 se
1475 2797 1539 2848 de
1573 2795 1772 2848 Basilio
1799 2806 2113 2864 conceptam

543 2892 941 2961 significaverat
965 2889 1063 2959 (a),
1081 2900 1133 2943 et
1159 2889 1410 2955 reliquias
1432 2895 1724 2952 martyrum
1757 2887 1820 2936 ad
1836 2887 2113 2937 ecclesiam

544 2997 736 3038 recens
790 2997 819 3035 a
869 2995 929 3035 se
985 2989 1352 3034 constructam
1403 2977 1653 3046 petierat.
1721 2976 2116 3029 l’erbonoritice

546 3074 834 3146 respondet
865 3073 1094 3128 Basilius
1124 3072 1222 3144 (ὁ),
1253 3085 1418 3141 seque
1452 3070 1592 3123 illius
1621 3070 1780 3123 studii
1820 3069 2113 3138 adjutorem

548 3169 789 3225 futurum
809 3170 1099 3238 promittit,
1120 3170 1164 3222 si
1187 3168 1442 3239 reliquias
1476 3176 1772 3236 martyrum
1799 3164 2118 3233 investigare

545 3263 737 3331 possit.
766 3261 1134 3323 Innocentius,
1160 3276 1316 3327 quem
1345 3259 1670 3325 perabsurde
1703 3257 1908 3310 librarii
1941 3257 2123 3310 limum

549 3355 858 3423 episcopum
897 3351 1162 3413 fecerunt,
1205 3365 1410 3416 magnae
1441 3350 1589 3400 urbis
1622 3361 1674 3401 et
1709 3350 1953 3401 Caesarea
2018 3365 2120 3402 non

525 3447 742 3510 parum
783 3441 1035 3494 distantis
1089 3440 1373 3507 episcopus
1423 3448 1537 3490 erat
1589 3449 1644 3490 et
1690 3436 1920 3504 Spiritus
1955 3440 2121 3490 saneti

554 3531 907 3602 glorificator,
943 3531 995 3584 id
1027 3537 1131 3591 est,
1167 3528 1466 3582 divinitatis
1505 3525 1624 3596 ejus
1667 3525 1936 3579 defensor.
1968 3524 2123 3579 Basi-

556 3625 662 3685 lius
697 3622 764 3696 (c)
799 3623 998 3694 gratias
1025 3624 1073 3676 ei
1117 3620 1247 3691 agit,
1275 3621 1414 3688 quod
1445 3635 1504 3674 se
1543 3619 1838 3681 adhortari,
1875 3632 1939 3672 ac
1985 3619 2125 3670 litte-

558 3716 634 3767 ris
667 3729 910 3767 rccreare
944 3713 1193 3781 dignatus
1219 3721 1384 3773 esset,
1405 3721 1452 3765 et
1481 3711 1613 3764 velut
1639 3726 1918 3777 puerorum
1951 3709 2126 3779 infan-

557 3807 683 3864 tiam
708 3806 841 3856 ulnis
868 3821 977 3856 sua:
1017 3804 1396 3871 magnitudinis
1425 3803 1682 3870 amplecti.

630 3894 946 3964 Pergamius
984 3895 1200 3961 quidam
1229 3893 1426 3946 Basilio
1467 3893 1532 3944 ad
1553 3893 1916 3963 episcopatum
1945 3902 2130 3945 evecto

561 3987 860 4054 gratulatus
899 3986 1093 4051 fuerat,
1125 3985 1216 4038 sed
1252 3998 1371 4036 cum
1406 3996 1717 4049 responsum
1753 3995 1858 4032 non
1895 3982 2131 4047 accepis—

564 4088 668 4143 set,
697 4078 892 4132 iterum
925 4078 1162 4147 scripsit,
1191 4092 1296 4130 non
1319 4075 1433 4129 sine
1458 4074 1710 4143 gravibus
1734 4073 1965 4142 querelis
1991 4073 2129 4144 quod

564 4185 702 4223 nova
755 4170 991 4239 dignitas
1049 4170 1245 4224 Basilio
1298 4168 1622 4221 oblivionem
1673 4178 1727 4220 et
1771 4175 2130 4240 contemptum

565 4261 860 4331 amicorum
913 4261 1141 4314 amaret.
1173 4259 1376 4312 Scribit
1410 4260 1592 4326 itaque
1628 4257 1703 4309 illi
1729 4255 1961 4309 Basilius
2017 4256 2128 4322 epi-

566 4351 761 4407 stolam
793 4349 882 4416 56,
907 4351 962 4404 in
991 4366 1092 4418 qua
1126 4365 1184 4403 se
1211 4360 1405 4401 natura
1438 4349 1730 4418 proclivem
1763 4361 1880 4400 esse
1908 4347 1972 4399 ad
2002 4345 2135 4400 obli-

566 4445 883 4500 viscendum
913 4442 1131 4506 fatetur,
1159 4444 1252 4496 sed
1285 4455 1427 4494 nunc
1456 4439 1685 4509 negotiis
1708 4439 2008 4492 districtum
2060 4436 2136 4490 fa-

564 4539 724 4591 cilius
752 4537 1018 4591 oblivisci.
1048 4537 1104 4590 ld
1130 4551 1304 4590 causa:
1333 4547 1450 4588 esse
1481 4547 1578 4587 cur
1607 4541 1839 4598 accepta!
1875 4546 1904 4582 a
1938 4529 2134 4597 Perga-

567 4630 676 4682 tnio
729 4629 971 4697 epistolae
1027 4646 1130 4682 non
1189 4628 1509 4681 meminerit.
1568 4623 1834 4680 Caeterum
1888 4623 2136 4676 hortatur

567 4718 912 4788 Pergamium
947 4729 1005 4773 ut
1026 4719 1214 4789 paucis
1239 4718 1412 4771 verbis
1444 4731 1632 4786 magna
1658 4715 1886 4768 erimina
1932 4711 2133 4765 inferre

568 4809 823 4862 desinat:
857 4809 1054 4878 quippe
1090 4825 1210 4863 cum
1256 4809 1552 4863 amicorum
1587 4807 1783 4861 oblivio
1809 4815 1862 4859 et
1892 4813 2132 4858 contem-

566 4907 690 4967 ptus
715 4914 780 4954 ex
813 4910 1075 4969 potestate
1096 4911 1247 4957 ortus
1280 4901 1408 4954 nihil
1436 4901 1560 4954 mali
1596 4914 1700 4953 non
1727 4898 2132 4967 complectatur.

568 4991 840 5050 Promittit
875 5008 935 5048 se
983 5009 1091 5048 non
1149 4994 1301 5063 prius
1334 4992 1618 5062 l’ergamii,
1663 5006 1826 5060 quam
1852 4991 1932 5044 sui
1968 4989 2134 5056 ipsius

566 5083 875 5137 ubliturum.

641 5171 708 5227 ν.
738 5173 866 5240 Quae
891 5190 1051 5244 supra
1080 5175 1316 5231 diximus
1338 5177 1591 5231 Basiliam
1633 5175 1773 5229 inter
1800 5182 1854 5226 et
1886 5172 2133 5226 Dianium

569 5265 968 5334 intercessisse,
987 5281 1050 5323 ea
1083 5269 1184 5324 hoc
1215 5278 1460 5338 tempore
1489 5267 1688 5321 inimici
1720 5265 1861 5318 illius
1884 5279 1950 5317 ex
1977 5262 2135 5315 Sileno

573 5361 648 5412 tio
679 5371 734 5413 et
759 5361 1027 5416 oblivione
1060 5366 1484 5428 exsuscitarunt,
1523 5377 1587 5416 ac
1622 5364 1760 5416 malo
1790 5362 1969 5413 animo
2025 5375 2139 5408 am-

571 5451 875 5522 pliaverunt
894 5451 991 5523 (α).
1013 5455 1424 5509 Dixeruntenim
1445 5452 1955 5507 anathematizatum
1979 5449 2140 5500 fuisse

575 5545 644 5598 ab
673 5559 736 5598 eo
771 5545 1018 5601 Dianium
1052 5565 1065 5602 :
1096 5564 1200 5622 qua
1234 5549 1497 5604 calumnia
1526 5545 1658 5601 nihil
1695 5545 1872 5616 aptius
1911 5551 2025 5596 crat
2075 5541 2138 5592 ad

647 5687 722 5822 ἓηζ
755 5685 852 5752 Ep.
887 5687 973 5742 49.

674 5755 700 5804 Ι)
759 5759 960 5822 hp.50.

674 5755 722 5818 bi
759 5759 850 5822 inp.
871 5759 960 5811 50.

646 5829 714 5900 (ε)
745 5830 840 5899 Ep.
871 5830 957 5885 ει.

2210 1981 2358 2024 sorte
2390 1985 2493 2023 non
2523 1981 2824 2038 separetur.

2279 2063 2452 2132 Iniqui
2483 2065 2548 2118 de
2579 2061 2779 2117 Basilio
2812 2080 3057 2120 rumores
3085 2067 3149 2120 ad
3179 2070 3466 2124 canonicas
3491 2074 3772 2139 quasdam,

2210 2153 2328 2206 sive
2348 2170 2533 2210 sacras
2564 2155 2801 2225 virgines
2831 2156 3021 2225 perlati
3062 2158 3291 2212 fuerant.
3331 2161 3446 2229 Ipse
3483 2161 3644 2215 etiam
3668 2160 3777 2214 Ba-

2210 2241 2363 2294 silius
2397 2242 2544 2298 falsis
2591 2244 2900 2299 rumoribus
2927 2245 3215 2315 deceptus,
3252 2249 3428 2302 minus
3474 2267 3682 2319 aequam
3712 2249 3781 2304 de

2211 2332 2489 2386 canonicis
2538 2336 2848 2403 opinionem
2895 2347 3197 2405 acceperat.
3244 2337 3502 2391 Dedocuit
3545 2341 3783 2408 virgines

2212 2420 2524 2489 Bosporitts,
2561 2435 2616 2476 ct
2649 2426 2718 2478 ad
2772 2428 3063 2493 aequiorem
3091 2430 3156 2482 de
3209 2427 3410 2482 Basilio
3451 2429 3780 2483 sententiam

2214 2514 2453 2576 adduxit,
2483 2530 2545 2568 ac
2578 2531 2764 2570 rursus
2809 2516 3064 2572 Basiliam
3096 2520 3161 2572 de
3203 2521 3362 2575 rebus
3391 2521 3784 2575 canonicarum

2215 2608 2520 2661 accuratius
2543 2607 2797 2661 erudivit.
2824 2604 3124 2676 Utrumque
3149 2609 3346 2664 Basilio
3364 2619 3666 2682 pergratum
3695 2625 3787 2665 ac-

2216 2697 2368 2762 cidit,
2396 2713 2458 2754 ac
2487 2699 2754 2767 duplicem
2782 2714 2934 2755 suam
2955 2699 3195 2753 lastitiam
3210 2686 3485 2755 canonicis
3515 2700 3790 2770 signiﬁcat

2217 2791 2270 2842 in
2304 2791 2525 2858 epistola
2560 2791 2655 2855 52,.
2677 2804 2732 2846 et
2780 2791 3035 2846 nonnulla
3061 2792 3126 2845 de
3155 2789 3411 2862 dogmate
3453 2793 3690 2858 disserit,
3726 2803 3790 2846 ut

2221 2882 2377 2934 modo
2407 2882 2724 2937 videbimus.

2289 2972 2398 3026 Nec
2432 2973 2590 3028 rebus
2616 2990 2716 3029 nec
2758 2985 3001 3046 tempore
3042 2978 3141 3033 has
3185 2978 3441 3048 epistolas
3477 2979 3550 3050 (ε)
3583 2977 3791 3046 disjun-

2219 3066 2418 3134 gendas
2455 3066 2721 3121 duximus.
2756 3067 2811 3121 In
2861 3078 3091 3139 utraque
3119 3070 3165 3124 is
3199 3071 3289 3139 qui
3315 3070 3571 3124 Basilium
3606 3077 3793 3122 monet

2222 3159 2348 3227 quid
2372 3158 2436 3211 de
2469 3158 2561 3213 illo
2593 3159 2825 3222 dicatur,
2849 3159 3140 3228 Bosporius
3160 3175 3262 3216 est.
3296 3161 3527 3215 Basilius
3560 3160 3614 3214 in
3640 3169 3795 3213 utra-

2231 3265 2334 3320 que
2368 3259 2600 3306 structas
2623 3251 2723 3306 sibi
2757 3252 3058 3306 calumnias
3086 3253 3351 3322 ejusmodi
3390 3267 3510 3307 esse
3528 3253 3796 3318 declarat,

2228 3357 2284 3400 ut
2322 3361 2506 3400 earum
2567 3359 2818 3401 auctores
2875 3348 3099 3402 credere
3134 3363 3238 3401 non
3286 3347 3572 3402 videantur
3613 3362 3670 3401 se
3708 3347 3798 3400 vel

2226 3439 2382 3491 otiosi
2411 3440 2556 3493 verbi
2603 3441 2864 3494 rationem
2893 3443 2945 3494 in
3002 3441 3089 3496 die
3124 3441 3312 3511 judicii
3373 3441 3699 3495 reddituros.
3739 3438 3798 3490 ln

2229 3540 2458 3595 utraque
2502 3531 2766 3584 refellitur
2807 3532 3081 3585 calidioris
3133 3548 3195 3585 ac
3237 3531 3579 3584 immoderati
3631 3527 3800 3582 animi

2230 3620 2566 3674 criminatio.
2609 3620 2744 3673 Nam
2788 3623 2838 3674 in
2878 3623 3102 3689 epistola
3137 3624 3203 3675 ad
3234 3623 3546 3690 Bosporium
3570 3620 3802 3689 legimus

2234 3720 2544 3764 accusatum
2596 3708 2764 3764 fuisse
2797 3710 3050 3763 Basiliam
3075 3751 3088 3773 ,
3114 3713 3254 3778 quod
3288 3712 3534 3763 Dianium
3568 3709 3798 3763 anathe-

2235 3803 2569 3867 matizasset,
2607 3803 2800 3873 synodi
2848 3803 3075 3856 Niczenae
3106 3801 3474 3856 defensionem
3506 3802 3645 3854 ultra
3677 3816 3800 3855 mo-

2235 3894 2358 3948 dum
2390 3907 2443 3947 et
2494 3896 2665 3963 legem
2699 3897 3016 3965 perducens.
3051 3897 3104 3949 In
3154 3895 3375 3963 epistola
3409 3893 3475 3946 ad
3494 3893 3793 3947 canonicas

2235 4001 2339 4037 non
2391 3984 2584 4038 refellit
2617 3988 2934 4040 nominatim
2987 3991 3089 4043 hoc
3139 3989 3312 4041 Diauii
3355 3985 3805 4040 anathematizati

2235 4086 2598 4126 commentum
2627 4091 2640 4139 ;
2672 4077 2762 4128 sed
2783 4079 3026 4131 eamdem
3060 4078 3293 4131 hominis
3326 4075 3665 4130 immoderati
3686 4075 3808 4144 opi-

2238 4168 2450 4217 nionem
2481 4180 2508 4216 a
2541 4181 2600 4218 se
2646 4178 2908 4228 removet,
2946 4171 3071 4220 dum
3113 4186 3298 4220 earum
3352 4179 3542 4237 rogatu
3577 4169 3808 4236 exponit

2237 4259 2365 4328 quid
2396 4261 2460 4312 de
2492 4259 2940 4313 consubstantiali
2969 4261 3185 4322 sentiat,
3218 4275 3278 4313 ac
3304 4275 3416 4322 eos,
3447 4262 3535 4328 qui
3567 4259 3803 4313 nondum

2238 4353 2380 4414 hanc
2439 4366 2624 4405 vocem
2684 4363 3018 4419 receperant,
3055 4351 3284 4420 benigne
3330 4360 3574 4414 excusat,
3615 4351 3741 4419 quia
3775 4366 3805 4404 a

2244 4441 2498 4496 l’atrihus
2536 4443 2917 4505 Autiocbenis,
2957 4452 3011 4495 ut
3072 4443 3185 4510 ipse
3219 4441 3566 4510 Opinabatur,
3605 4442 3804 4510 rejecta

2242 4534 2438 4588 fuerat.
2466 4534 2598 4589 illud
2627 4535 2790 4588 etiam
2814 4538 3072 4603 optabant
3105 4535 3398 4597 canonica,
3437 4543 3494 4586 ut
3521 4548 3672 4586 suam
3706 4532 3809 4585 Ba-

2245 4627 2402 4680 silius
2435 4627 2759 4680 seutentiam
2793 4629 3028 4696 aperiret
3051 4629 3115 4680 de
3144 4626 3208 4679 iis
3236 4627 3327 4695 qui
3365 4627 3625 4693 Spiritum
3665 4624 3810 4679 Filio

2244 4727 2570 4786 praeponunt
2594 4757 2607 4781 ,
2637 4729 2727 4770 aut
2761 4717 2920 4776 Patre
2958 4719 3314 4788 antiquiorem
3355 4727 3562 4782 putant.
3601 4716 3808 4770 Morem

2240 4809 2321 4862 eis
2375 4808 2609 4862 libenter
2644 4810 2832 4876 gessit.
2865 4808 2968 4863 Sed
3000 4823 3096 4861 cur
3127 4810 3226 4861 hoc
3267 4807 3332 4861 ab
3377 4823 3438 4860 eo
3476 4804 3806 4874 postulatum

2243 4910 2346 4959 est,
2383 4900 2484 4953 nisi
2523 4899 2650 4969 quia
2680 4901 2867 4968 ipsein
2903 4899 3058 4964 hujus
3083 4901 3287 4954 erroris
3317 4897 3674 4966 suspicionem
3706 4912 3808 4949 vo-

2242 4991 2496 5056 cabatur,
2553 4996 2776 5060 ejusque
2821 4992 2984 5044 animi
3037 4991 3332 5044 moderatio
3366 4990 3416 5042 in
3469 4986 3806 5041 defendenda

2243 5085 2415 5138 sancti
2453 5082 2690 5151 Spiritus
2714 5083 2998 5137 divinitate
3036 5083 3104 5134 ab
3134 5081 3368 5136 inimicis
3391 5079 3813 5148 requirebatur?

2246 5175 2398 5230 Hunc
2420 5175 2564 5229 enim
2591 5188 2830 5228 errorem
2864 5173 3164 5227 acrioribus
3193 5170 3518 5224 adversariis
3543 5183 3809 5237 pneuma—

2243 5268 2477 5320 tomachi
2520 5281 2583 5320 ac
2637 5265 2962 5319 nominatim
2993 5264 3092 5332 ipsi
3135 5262 3334 5315 Basilio
3364 5259 3701 5322 aﬂiuxerunt,
3749 5271 3812 5311 ut.

2245 5358 2600 5427 perspicimus
2625 5372 2689 5409 ex
2717 5357 2943 5424 epistola
2969 5355 3093 5409 251.
3137 5353 3358 5406 Videtur
3378 5367 3505 5418 ergo
3546 5352 3659 5402 bzt-c
3694 5368 3811 5415 upi-

2246 5446 2380 5500 Stola
2413 5461 2531 5498 cum
2578 5446 2898 5512 prrccedcnti
2929 5455 2982 5498 et
3022 5448 3180 5497 rebus
3223 5454 3276 5494 et
3312 5452 3550 5507 tempore
3579 5439 3807 5507 conjun-

2250 5537 2439 5607 genda.
2480 5535 2664 5604 Neque
2695 5538 2924 5590 obscura
2954 5544 3036 5590 est
3079 5533 3235 5596 ratio,
3271 5545 3368 5585 cur
3397 5527 3530 5584 nihil
3573 5526 3810 5581 Basilius

2319 5675 2393 5743 (d)
2431 5676 2596 5742 Epist.
2620 5674 2703 5741 51,
2724 5674 2808 5728 52.

2320 5757 2386 5815 te)
2421 5744 2549 5800 Ibid.
