  <div class='ocr_page' id='page_1' title='image "/cluster/home/n/w/nwhite01/storage/ocr_20150623/29/ien.35556001660547/077.png"; bbox 0 0 4006 6444; ppageno 0'>
   <div class='ocr_carea' id='block_1_1' title="bbox 1581 368 2146 426">
    <p class='ocr_par' dir='ltr' id='par_1_1' title="bbox 1581 368 2146 426">
     <span class='ocr_line' id='line_1_1' title="bbox 1581 368 2146 426; baseline 0.005 -6"><span class='ocrx_word' id='word_1_1' title='bbox 1581 368 1742 422; x_wconf 75' lang='lat' dir='ltr'><strong>VlTA</strong></span> <span class='ocrx_word' id='word_1_2' title='bbox 1784 370 1841 426; x_wconf 86' lang='lat' dir='ltr'><strong>S.</strong></span> <span class='ocrx_word' id='word_1_3' title='bbox 1884 370 2146 425; x_wconf 70' lang='lat' dir='ltr'><strong>BASlLll.</strong></span> 
     </span>
    </p>
   </div>
   <div class='ocr_carea' id='block_1_2' title="bbox 3385 396 3489 438">
    <p class='ocr_par' dir='ltr' id='par_1_2' title="bbox 3385 396 3489 438">
     <span class='ocr_line' id='line_1_2' title="bbox 3385 396 3489 438; baseline -0.019 0"><span class='ocrx_word' id='word_1_4' title='bbox 3385 396 3489 438; x_wconf 74' lang='grc' dir='ltr'><strong>ιιν</strong></span> 
     </span>
    </p>
   </div>
   <div class='ocr_carea' id='block_1_3' title="bbox 240 487 3488 569">
    <p class='ocr_par' dir='ltr' id='par_1_3' title="bbox 240 487 3488 569">
     <span class='ocr_line' id='line_1_3' title="bbox 240 487 3488 569; baseline 0.002 -26"><span class='ocrx_word' id='word_1_5' title='bbox 240 490 303 543; x_wconf 90' lang='lat' dir='ltr'><strong>de</strong></span> <span class='ocrx_word' id='word_1_6' title='bbox 325 503 420 541; x_wconf 89' lang='lat' dir='ltr'><strong>sua</strong></span> <span class='ocrx_word' id='word_1_7' title='bbox 457 487 562 541; x_wconf 86' lang='lat' dir='ltr'><strong>fide</strong></span> <span class='ocrx_word' id='word_1_8' title='bbox 595 498 827 557; x_wconf 83' lang='lat' dir='ltr'><strong>exponat</strong></span> <span class='ocrx_word' id='word_1_9' title='bbox 862 487 1143 555; x_wconf 88' lang='lat' dir='ltr'><strong>Bosporio,</strong></span> <span class='ocrx_word' id='word_1_10' title='bbox 1182 488 1316 541; x_wconf 86' lang='lat' dir='ltr'><strong>nihil</strong></span> <span class='ocrx_word' id='word_1_11' title='bbox 1356 487 1422 540; x_wconf 91' lang='lat' dir='ltr'><strong>de</strong></span> <span class='ocrx_word' id='word_1_12' title='bbox 1460 488 1651 541; x_wconf 89' lang='lat' dir='ltr'><strong>Dianio</strong></span> <span class='ocrx_word' id='word_1_13' title='bbox 1674 488 1818 543; x_wconf 90' lang='lat' dir='ltr'><strong>dicat</strong></span> <span class='ocrx_word' id='word_1_14' title='bbox 1848 497 1893 550; x_wconf 85' lang='grc' dir='ltr'><strong>Λ</strong></span> <span class='ocrx_word' id='word_1_15' title='bbox 1925 506 2047 545; x_wconf 90' lang='lat' dir='ltr'><strong>eum</strong></span> <span class='ocrx_word' id='word_1_16' title='bbox 2080 495 2145 547; x_wconf 92' lang='lat' dir='ltr'><strong>ab</strong></span> <span class='ocrx_word' id='word_1_17' title='bbox 2183 494 2444 551; x_wconf 89' lang='lat' dir='ltr'><strong>altaribus</strong></span> <span class='ocrx_word' id='word_1_18' title='bbox 2493 511 2864 560; x_wconf 88' lang='lat' dir='ltr'><strong>secessurum,</strong></span> <span class='ocrx_word' id='word_1_19' title='bbox 2910 508 2963 553; x_wconf 90' lang='lat' dir='ltr'><strong>et</strong></span> <span class='ocrx_word' id='word_1_20' title='bbox 2994 498 3342 569; x_wconf 74' lang='lat' dir='ltr'><strong>quaesiturum</strong></span> <span class='ocrx_word' id='word_1_21' title='bbox 3397 499 3488 555; x_wconf 89' lang='lat' dir='ltr'><strong>ubi</strong></span> 
     </span>
    </p>
   </div>
   <div class='ocr_carea' id='block_1_4' title="bbox 239 576 1811 647">
    <p class='ocr_par' dir='ltr' id='par_1_4' title="bbox 239 576 1811 647">
     <span class='ocr_line' id='line_1_4' title="bbox 239 576 1811 647; baseline -0.002 -15"><span class='ocrx_word' id='word_1_22' title='bbox 239 578 639 647; x_wconf 84' lang='lat' dir='ltr'><strong>canonicis(a).</strong></span> <span class='ocrx_word' id='word_1_23' title='bbox 673 578 803 629; x_wconf 86' lang='lat' dir='ltr'><strong>Nota</strong></span> <span class='ocrx_word' id='word_1_24' title='bbox 851 579 991 630; x_wconf 89' lang='lat' dir='ltr'><strong>enim</strong></span> <span class='ocrx_word' id='word_1_25' title='bbox 1051 588 1167 631; x_wconf 88' lang='lat' dir='ltr'><strong>erat</strong></span> <span class='ocrx_word' id='word_1_26' title='bbox 1209 578 1339 630; x_wconf 84' lang='lat' dir='ltr'><strong>fides</strong></span> <span class='ocrx_word' id='word_1_27' title='bbox 1390 576 1569 630; x_wconf 92' lang='lat' dir='ltr'><strong>Basilii</strong></span> <span class='ocrx_word' id='word_1_28' title='bbox 1606 576 1811 645; x_wconf 88' lang='lat' dir='ltr'><strong>Bospo-</strong></span> 
     </span>
    </p>
   </div>
   <div class='ocr_carea' id='block_1_5' title="bbox 238 669 1808 738">
    <p class='ocr_par' dir='ltr' id='par_1_5' title="bbox 238 669 1808 738">
     <span class='ocr_line' id='line_1_5' title="bbox 238 669 1808 738; baseline -0.001 -15"><span class='ocrx_word' id='word_1_29' title='bbox 238 670 318 723; x_wconf 92' lang='lat' dir='ltr'><strong>rio</strong></span> <span class='ocrx_word' id='word_1_30' title='bbox 343 670 439 738; x_wconf 89' lang='lat' dir='ltr'><strong>(b).</strong></span> <span class='ocrx_word' id='word_1_31' title='bbox 471 670 778 722; x_wconf 87' lang='lat' dir='ltr'><strong>Canonicas</strong></span> <span class='ocrx_word' id='word_1_32' title='bbox 809 670 873 723; x_wconf 91' lang='lat' dir='ltr'><strong>de</strong></span> <span class='ocrx_word' id='word_1_33' title='bbox 903 670 965 722; x_wconf 92' lang='lat' dir='ltr'><strong>iis</strong></span> <span class='ocrx_word' id='word_1_34' title='bbox 990 684 1107 736; x_wconf 61' lang='lat' dir='ltr'><strong>qua“:</strong></span> <span class='ocrx_word' id='word_1_35' title='bbox 1149 678 1397 735; x_wconf 88' lang='lat' dir='ltr'><strong>spectant</strong></span> <span class='ocrx_word' id='word_1_36' title='bbox 1446 673 1510 722; x_wconf 87' lang='lat' dir='ltr'><strong>ad</strong></span> <span class='ocrx_word' id='word_1_37' title='bbox 1558 669 1808 722; x_wconf 82' lang='lat' dir='ltr'><strong>Dianium</strong></span> 
     </span>
    </p>
   </div>
   <div class='ocr_carea' id='block_1_6' title="bbox 237 753 1810 828">
    <p class='ocr_par' dir='ltr' id='par_1_6' title="bbox 237 753 1810 828">
     <span class='ocr_line' id='line_1_6' title="bbox 237 753 1810 828; baseline -0.001 -13"><span class='ocrx_word' id='word_1_38' title='bbox 237 762 508 824; x_wconf 80' lang='lat' dir='ltr'><strong>erudierat</strong></span> <span class='ocrx_word' id='word_1_39' title='bbox 564 759 876 828; x_wconf 89' lang='lat' dir='ltr'><strong>Bosporius,</strong></span> <span class='ocrx_word' id='word_1_40' title='bbox 922 774 978 813; x_wconf 91' lang='lat' dir='ltr'><strong>re</strong></span> <span class='ocrx_word' id='word_1_41' title='bbox 1009 759 1165 823; x_wconf 88' lang='lat' dir='ltr'><strong>paulo</strong></span> <span class='ocrx_word' id='word_1_42' title='bbox 1214 753 1334 814; x_wconf 83' lang='lat' dir='ltr'><strong>ante</strong></span> <span class='ocrx_word' id='word_1_43' title='bbox 1362 776 1427 813; x_wconf 84' lang='lat' dir='ltr'><strong>ex</strong></span> <span class='ocrx_word' id='word_1_44' title='bbox 1469 761 1580 828; x_wconf 91' lang='lat' dir='ltr'><strong>ipso</strong></span> <span class='ocrx_word' id='word_1_45' title='bbox 1617 761 1810 815; x_wconf 80' lang='lat' dir='ltr'><strong>Basilio</strong></span> 
     </span>
    </p>
   </div>
   <div class='ocr_carea' id='block_1_7' title="bbox 236 852 472 920">
    <p class='ocr_par' dir='ltr' id='par_1_7' title="bbox 236 852 472 920">
     <span class='ocr_line' id='line_1_7' title="bbox 236 852 472 920; baseline -0.017 -12"><span class='ocrx_word' id='word_1_46' title='bbox 236 852 472 920; x_wconf 80' lang='lat' dir='ltr'><strong>cegnita.</strong></span> 
     </span>
    </p>
   </div>
   <div class='ocr_carea' id='block_1_8' title="bbox 304 944 1808 1013">
    <p class='ocr_par' dir='ltr' id='par_1_8' title="bbox 304 944 1808 1013">
     <span class='ocr_line' id='line_1_8' title="bbox 304 944 1808 1013; baseline 0.003 -17"><span class='ocrx_word' id='word_1_47' title='bbox 304 944 460 1011; x_wconf 84' lang='lat' dir='ltr'>Quod</span> <span class='ocrx_word' id='word_1_48' title='bbox 494 952 673 997; x_wconf 90' lang='lat' dir='ltr'><strong>autem</strong></span> <span class='ocrx_word' id='word_1_49' title='bbox 714 952 926 1013; x_wconf 89' lang='lat' dir='ltr'><strong>spectat</strong></span> <span class='ocrx_word' id='word_1_50' title='bbox 952 944 1015 997; x_wconf 91' lang='lat' dir='ltr'><strong>ad</strong></span> <span class='ocrx_word' id='word_1_51' title='bbox 1059 960 1275 1013; x_wconf 80' lang='lat' dir='ltr'><strong>sparsos</strong></span> <span class='ocrx_word' id='word_1_52' title='bbox 1306 948 1373 1000; x_wconf 90' lang='lat' dir='ltr'><strong>de</strong></span> <span class='ocrx_word' id='word_1_53' title='bbox 1408 948 1685 1001; x_wconf 80' lang='lat' dir='ltr'><strong>canonicis</strong></span> <span class='ocrx_word' id='word_1_54' title='bbox 1716 964 1808 1000; x_wconf 84' lang='lat' dir='ltr'><strong>ru-</strong></span> 
     </span>
    </p>
   </div>
   <div class='ocr_carea' id='block_1_9' title="bbox 236 1036 1804 1105">
    <p class='ocr_par' dir='ltr' id='par_1_9' title="bbox 236 1036 1804 1105">
     <span class='ocr_line' id='line_1_9' title="bbox 236 1036 1804 1105; baseline 0.003 -16"><span class='ocrx_word' id='word_1_55' title='bbox 236 1052 437 1103; x_wconf 83' lang='lat' dir='ltr'><strong>mores,</strong></span> <span class='ocrx_word' id='word_1_56' title='bbox 473 1037 722 1105; x_wconf 83' lang='lat' dir='ltr'><strong>equidem</strong></span> <span class='ocrx_word' id='word_1_57' title='bbox 784 1052 843 1089; x_wconf 91' lang='lat' dir='ltr'><strong>ea</strong></span> <span class='ocrx_word' id='word_1_58' title='bbox 895 1036 960 1090; x_wconf 91' lang='lat' dir='ltr'><strong>de</strong></span> <span class='ocrx_word' id='word_1_59' title='bbox 1018 1052 1075 1089; x_wconf 92' lang='lat' dir='ltr'><strong>re</strong></span> <span class='ocrx_word' id='word_1_60' title='bbox 1124 1054 1228 1091; x_wconf 90' lang='lat' dir='ltr'><strong>non</strong></span> <span class='ocrx_word' id='word_1_61' title='bbox 1297 1038 1449 1092; x_wconf 90' lang='lat' dir='ltr'><strong>facile</strong></span> <span class='ocrx_word' id='word_1_62' title='bbox 1502 1041 1804 1093; x_wconf 89' lang='lat' dir='ltr'><strong>statuerim.</strong></span> 
     </span>
    </p>
   </div>
   <div class='ocr_carea' id='block_1_10' title="bbox 236 1120 1809 1196">
    <p class='ocr_par' dir='ltr' id='par_1_10' title="bbox 236 1120 1809 1196">
     <span class='ocr_line' id='line_1_10' title="bbox 236 1120 1809 1196; baseline 0.003 -16"><span class='ocrx_word' id='word_1_63' title='bbox 236 1126 396 1181; x_wconf 80' lang='lat' dir='ltr'><strong>Forte</strong></span> <span class='ocrx_word' id='word_1_64' title='bbox 436 1142 626 1181; x_wconf 91' lang='lat' dir='ltr'><strong>eorum</strong></span> <span class='ocrx_word' id='word_1_65' title='bbox 661 1142 835 1180; x_wconf 86' lang='lat' dir='ltr'><strong>mores</strong></span> <span class='ocrx_word' id='word_1_66' title='bbox 869 1126 919 1182; x_wconf 91' lang='lat' dir='ltr'><strong>in</strong></span> <span class='ocrx_word' id='word_1_67' title='bbox 948 1127 1307 1196; x_wconf 75' lang='lat' dir='ltr'><strong>suspicionem</strong></span> <span class='ocrx_word' id='word_1_68' title='bbox 1340 1120 1512 1182; x_wconf 86' lang='lat' dir='ltr'><strong>vocati</strong></span> <span class='ocrx_word' id='word_1_69' title='bbox 1539 1149 1551 1192; x_wconf 88' lang='lat'><strong>;</strong></span> <span class='ocrx_word' id='word_1_70' title='bbox 1602 1132 1695 1185; x_wconf 91' lang='lat' dir='ltr'><strong>sed</strong></span> <span class='ocrx_word' id='word_1_71' title='bbox 1728 1134 1809 1185; x_wconf 83' lang='lat' dir='ltr'><strong>vi-</strong></span> 
     </span>
    </p>
   </div>
   <div class='ocr_carea' id='block_1_11' title="bbox 236 1217 1807 1289">
    <p class='ocr_par' dir='ltr' id='par_1_11' title="bbox 236 1217 1807 1289">
     <span class='ocr_line' id='line_1_11' title="bbox 236 1217 1807 1289; baseline 0.004 -19"><span class='ocrx_word' id='word_1_72' title='bbox 236 1219 395 1272; x_wconf 90' lang='lat' dir='ltr'><strong>detur</strong></span> <span class='ocrx_word' id='word_1_73' title='bbox 433 1219 550 1288; x_wconf 89' lang='lat' dir='ltr'><strong>ipsa</strong></span> <span class='ocrx_word' id='word_1_74' title='bbox 598 1217 773 1287; x_wconf 87' lang='lat' dir='ltr'><strong>potius</strong></span> <span class='ocrx_word' id='word_1_75' title='bbox 816 1217 945 1272; x_wconf 84' lang='lat' dir='ltr'><strong>ﬁdes</strong></span> <span class='ocrx_word' id='word_1_76' title='bbox 998 1219 1137 1271; x_wconf 88' lang='lat' dir='ltr'><strong>malo</strong></span> <span class='ocrx_word' id='word_1_77' title='bbox 1175 1235 1387 1273; x_wconf 91' lang='lat' dir='ltr'><strong>rumore</strong></span> <span class='ocrx_word' id='word_1_78' title='bbox 1422 1219 1695 1289; x_wconf 81' lang='lat' dir='ltr'><strong>ﬂagrasse.</strong></span> <span class='ocrx_word' id='word_1_79' title='bbox 1724 1224 1807 1277; x_wconf 82' lang='lat' dir='ltr'><strong>ln-</strong></span> 
     </span>
    </p>
   </div>
   <div class='ocr_carea' id='block_1_12' title="bbox 236 1311 1804 1381">
    <p class='ocr_par' dir='ltr' id='par_1_12' title="bbox 236 1311 1804 1381">
     <span class='ocr_line' id='line_1_12' title="bbox 236 1311 1804 1381; baseline 0.004 -18"><span class='ocrx_word' id='word_1_80' title='bbox 236 1319 452 1380; x_wconf 91' lang='lat' dir='ltr'><strong>sumpta</strong></span> <span class='ocrx_word' id='word_1_81' title='bbox 484 1311 627 1364; x_wconf 92' lang='lat' dir='ltr'><strong>enim</strong></span> <span class='ocrx_word' id='word_1_82' title='bbox 659 1325 687 1362; x_wconf 91' lang='lat' dir='ltr'><strong>a</strong></span> <span class='ocrx_word' id='word_1_83' title='bbox 712 1311 905 1365; x_wconf 75' lang='lat' dir='ltr'><strong>Basilio</strong></span> <span class='ocrx_word' id='word_1_84' title='bbox 936 1326 1117 1380; x_wconf 81' lang='lat' dir='ltr'><strong>Opera,</strong></span> <span class='ocrx_word' id='word_1_85' title='bbox 1148 1322 1203 1364; x_wconf 92' lang='lat' dir='ltr'><strong>ut</strong></span> <span class='ocrx_word' id='word_1_86' title='bbox 1233 1328 1423 1381; x_wconf 87' lang='lat' dir='ltr'><strong>pravas</strong></span> <span class='ocrx_word' id='word_1_87' title='bbox 1448 1317 1804 1370; x_wconf 89' lang='lat' dir='ltr'><strong>consubstan-</strong></span> 
     </span>
    </p>
   </div>
   <div class='ocr_carea' id='block_1_13' title="bbox 236 1403 1803 1474">
    <p class='ocr_par' dir='ltr' id='par_1_13' title="bbox 236 1403 1803 1474">
     <span class='ocr_line' id='line_1_13' title="bbox 236 1403 1803 1474; baseline 0.004 -19"><span class='ocrx_word' id='word_1_88' title='bbox 236 1403 378 1458; x_wconf 92' lang='lat' dir='ltr'><strong>tialis</strong></span> <span class='ocrx_word' id='word_1_89' title='bbox 419 1404 901 1470; x_wconf 85' lang='lat' dir='ltr'><strong>interpretationes</strong></span> <span class='ocrx_word' id='word_1_90' title='bbox 941 1403 1153 1457; x_wconf 87' lang='lat' dir='ltr'><strong>refellat</strong></span> <span class='ocrx_word' id='word_1_91' title='bbox 1184 1413 1236 1456; x_wconf 92' lang='lat' dir='ltr'><strong>et</strong></span> <span class='ocrx_word' id='word_1_92' title='bbox 1262 1418 1289 1456; x_wconf 91' lang='lat' dir='ltr'><strong>a</strong></span> <span class='ocrx_word' id='word_1_93' title='bbox 1328 1406 1505 1473; x_wconf 87' lang='lat' dir='ltr'><strong>seipso</strong></span> <span class='ocrx_word' id='word_1_94' title='bbox 1533 1408 1683 1474; x_wconf 88' lang='lat' dir='ltr'><strong>pravi</strong></span> <span class='ocrx_word' id='word_1_95' title='bbox 1715 1424 1803 1461; x_wconf 82' lang='lat' dir='ltr'><strong>er-</strong></span> 
     </span>
    </p>
   </div>
   <div class='ocr_carea' id='block_1_14' title="bbox 238 1490 1803 1562">
    <p class='ocr_par' dir='ltr' id='par_1_14' title="bbox 238 1490 1803 1562">
     <span class='ocr_line' id='line_1_14' title="bbox 238 1490 1803 1562; baseline 0.004 -17"><span class='ocrx_word' id='word_1_96' title='bbox 238 1494 373 1549; x_wconf 88' lang='lat' dir='ltr'><strong>roris</strong></span> <span class='ocrx_word' id='word_1_97' title='bbox 407 1490 748 1560; x_wconf 89' lang='lat' dir='ltr'><strong>suspiciones</strong></span> <span class='ocrx_word' id='word_1_98' title='bbox 798 1502 1089 1557; x_wconf 90' lang='lat' dir='ltr'><strong>removeat,</strong></span> <span class='ocrx_word' id='word_1_99' title='bbox 1126 1502 1439 1562; x_wconf 88' lang='lat' dir='ltr'><strong>argumento</strong></span> <span class='ocrx_word' id='word_1_100' title='bbox 1476 1506 1551 1550; x_wconf 91' lang='lat' dir='ltr'><strong>est</strong></span> <span class='ocrx_word' id='word_1_101' title='bbox 1580 1500 1803 1552; x_wconf 92' lang='lat' dir='ltr'><strong>canoni-</strong></span> 
     </span>
    </p>
   </div>
   <div class='ocr_carea' id='block_1_15' title="bbox 232 1582 1800 1652">
    <p class='ocr_par' dir='ltr' id='par_1_15' title="bbox 232 1582 1800 1652">
     <span class='ocr_line' id='line_1_15' title="bbox 232 1582 1800 1652; baseline 0.003 -14"><span class='ocrx_word' id='word_1_102' title='bbox 232 1599 413 1639; x_wconf 89' lang='lat' dir='ltr'><strong>carum</strong></span> <span class='ocrx_word' id='word_1_103' title='bbox 444 1582 668 1636; x_wconf 85' lang='lat' dir='ltr'><strong>auribus</strong></span> <span class='ocrx_word' id='word_1_104' title='bbox 690 1584 893 1651; x_wconf 91' lang='lat' dir='ltr'><strong>aliquid</strong></span> <span class='ocrx_word' id='word_1_105' title='bbox 920 1585 986 1637; x_wconf 90' lang='lat' dir='ltr'><strong>ab</strong></span> <span class='ocrx_word' id='word_1_106' title='bbox 1009 1583 1225 1637; x_wconf 85' lang='lat' dir='ltr'><strong>Arianis</strong></span> <span class='ocrx_word' id='word_1_107' title='bbox 1251 1584 1581 1640; x_wconf 89' lang='lat' dir='ltr'><strong>inculcatum</strong></span> <span class='ocrx_word' id='word_1_108' title='bbox 1612 1587 1800 1652; x_wconf 91' lang='lat' dir='ltr'><strong>fuisse,</strong></span> 
     </span>
    </p>
   </div>
   <div class='ocr_carea' id='block_1_16' title="bbox 230 1674 1799 1743">
    <p class='ocr_par' dir='ltr' id='par_1_16' title="bbox 230 1674 1799 1743">
     <span class='ocr_line' id='line_1_16' title="bbox 230 1674 1799 1743; baseline -0.001 -13"><span class='ocrx_word' id='word_1_109' title='bbox 230 1688 429 1743; x_wconf 87' lang='lat' dir='ltr'><strong>easque</strong></span> <span class='ocrx_word' id='word_1_110' title='bbox 457 1688 561 1728; x_wconf 92' lang='lat' dir='ltr'><strong>non</strong></span> <span class='ocrx_word' id='word_1_111' title='bbox 600 1675 732 1728; x_wconf 85' lang='lat' dir='ltr'><strong>satis</strong></span> <span class='ocrx_word' id='word_1_112' title='bbox 762 1674 864 1729; x_wconf 92' lang='lat' dir='ltr'><strong>sibi</strong></span> <span class='ocrx_word' id='word_1_113' title='bbox 914 1674 1120 1728; x_wconf 81' lang='lat' dir='ltr'><strong>cavisse</strong></span> <span class='ocrx_word' id='word_1_114' title='bbox 1152 1674 1219 1728; x_wconf 90' lang='lat' dir='ltr'><strong>ab</strong></span> <span class='ocrx_word' id='word_1_115' title='bbox 1260 1674 1523 1743; x_wconf 86' lang='lat' dir='ltr'><strong>ejusmodi</strong></span> <span class='ocrx_word' id='word_1_116' title='bbox 1566 1678 1799 1731; x_wconf 85' lang='lat' dir='ltr'><strong>homini-</strong></span> 
     </span>
    </p>
   </div>
   <div class='ocr_carea' id='block_1_17' title="bbox 229 1765 1339 1832">
    <p class='ocr_par' dir='ltr' id='par_1_17' title="bbox 229 1765 1339 1832">
     <span class='ocr_line' id='line_1_17' title="bbox 229 1765 1339 1832; baseline 0 -11"><span class='ocrx_word' id='word_1_117' title='bbox 229 1768 347 1832; x_wconf 83' lang='lat' dir='ltr'><strong>bus,</strong></span> <span class='ocrx_word' id='word_1_118' title='bbox 380 1782 446 1820; x_wconf 90' lang='lat' dir='ltr'><strong>ac</strong></span> <span class='ocrx_word' id='word_1_119' title='bbox 474 1765 614 1821; x_wconf 89' lang='lat' dir='ltr'><strong>forte</strong></span> <span class='ocrx_word' id='word_1_120' title='bbox 646 1768 846 1821; x_wconf 90' lang='lat' dir='ltr'><strong>idcirco</strong></span> <span class='ocrx_word' id='word_1_121' title='bbox 876 1765 1015 1819; x_wconf 91' lang='lat' dir='ltr'><strong>male</strong></span> <span class='ocrx_word' id='word_1_122' title='bbox 1048 1767 1339 1823; x_wconf 79' lang='lat' dir='ltr'><strong>audivisse.</strong></span> 
     </span>
    </p>
   </div>
   <div class='ocr_carea' id='block_1_18' title="bbox 1922 582 3487 649">
    <p class='ocr_par' dir='ltr' id='par_1_18' title="bbox 1922 582 3487 649">
     <span class='ocr_line' id='line_1_18' title="bbox 1922 582 3487 649; baseline 0.006 -14"><span class='ocrx_word' id='word_1_123' title='bbox 1922 582 2117 635; x_wconf 85' lang='lat' dir='ltr'><strong>donum</strong></span> <span class='ocrx_word' id='word_1_124' title='bbox 2185 585 2277 639; x_wconf 88' lang='lat' dir='ltr'><strong>Dei</strong></span> <span class='ocrx_word' id='word_1_125' title='bbox 2342 602 2547 649; x_wconf 87' lang='lat' dir='ltr'><strong>emens,</strong></span> <span class='ocrx_word' id='word_1_126' title='bbox 2583 590 2759 644; x_wconf 90' lang='lat' dir='ltr'><strong>denuo</strong></span> <span class='ocrx_word' id='word_1_127' title='bbox 2810 591 3080 644; x_wconf 88' lang='lat' dir='ltr'><strong>divendat.</strong></span> <span class='ocrx_word' id='word_1_128' title='bbox 3112 589 3263 644; x_wconf 83' lang='lat' dir='ltr'><strong>Multi</strong></span> <span class='ocrx_word' id='word_1_129' title='bbox 3307 604 3372 644; x_wconf 89' lang='lat' dir='ltr'><strong>ex</strong></span> <span class='ocrx_word' id='word_1_130' title='bbox 3405 590 3487 644; x_wconf 86' lang='lat' dir='ltr'><strong>his</strong></span> 
     </span>
    </p>
   </div>
   <div class='ocr_carea' id='block_1_19' title="bbox 1918 674 3485 747">
    <p class='ocr_par' dir='ltr' id='par_1_19' title="bbox 1918 674 3485 747">
     <span class='ocr_line' id='line_1_19' title="bbox 1918 674 3485 747; baseline 0.004 -21"><span class='ocrx_word' id='word_1_131' title='bbox 1918 674 2182 742; x_wconf 84' lang='lat' dir='ltr'><strong>episcopis</strong></span> <span class='ocrx_word' id='word_1_132' title='bbox 2212 676 2446 730; x_wconf 90' lang='lat' dir='ltr'><strong>nondum</strong></span> <span class='ocrx_word' id='word_1_133' title='bbox 2468 679 2703 747; x_wconf 88' lang='lat' dir='ltr'><strong>iniquam</strong></span> <span class='ocrx_word' id='word_1_134' title='bbox 2740 684 2804 734; x_wconf 92' lang='lat' dir='ltr'><strong>de</strong></span> <span class='ocrx_word' id='word_1_135' title='bbox 2836 680 3029 736; x_wconf 86' lang='lat' dir='ltr'><strong>Basilio</strong></span> <span class='ocrx_word' id='word_1_136' title='bbox 3050 682 3376 735; x_wconf 91' lang='lat' dir='ltr'><strong>sententiam</strong></span> <span class='ocrx_word' id='word_1_137' title='bbox 3398 682 3485 733; x_wconf 83' lang='lat' dir='ltr'><strong>de-</strong></span> 
     </span>
    </p>
   </div>
   <div class='ocr_carea' id='block_1_20' title="bbox 1918 767 3488 840">
    <p class='ocr_par' dir='ltr' id='par_1_20' title="bbox 1918 767 3488 840">
     <span class='ocr_line' id='line_1_20' title="bbox 1918 767 3488 840; baseline 0.003 -23"><span class='ocrx_word' id='word_1_138' title='bbox 1918 775 2204 830; x_wconf 87' lang='lat' dir='ltr'><strong>posuerant</strong></span> <span class='ocrx_word' id='word_1_139' title='bbox 2239 784 2251 818; x_wconf 92' lang='lat'><strong>:</strong></span> <span class='ocrx_word' id='word_1_140' title='bbox 2283 767 2374 819; x_wconf 90' lang='lat' dir='ltr'><strong>sed</strong></span> <span class='ocrx_word' id='word_1_141' title='bbox 2409 782 2502 821; x_wconf 90' lang='lat' dir='ltr'><strong>eos</strong></span> <span class='ocrx_word' id='word_1_142' title='bbox 2537 768 2787 831; x_wconf 83' lang='lat' dir='ltr'><strong>Basilius,</strong></span> <span class='ocrx_word' id='word_1_143' title='bbox 2822 779 2956 824; x_wconf 89' lang='lat' dir='ltr'><strong>teste</strong></span> <span class='ocrx_word' id='word_1_144' title='bbox 2982 769 3239 840; x_wconf 81' lang='lat' dir='ltr'><strong>Gregorio</strong></span> <span class='ocrx_word' id='word_1_145' title='bbox 3271 770 3374 837; x_wconf 69' lang='lat' dir='ltr'><strong>(In),</strong></span> <span class='ocrx_word' id='word_1_146' title='bbox 3412 770 3488 822; x_wconf 89' lang='lat' dir='ltr'><strong>sic</strong></span> 
     </span>
    </p>
   </div>
   <div class='ocr_carea' id='block_1_21' title="bbox 1918 852 3486 921">
    <p class='ocr_par' dir='ltr' id='par_1_21' title="bbox 1918 852 3486 921">
     <span class='ocr_line' id='line_1_21' title="bbox 1918 852 3486 921; baseline 0.003 -16"><span class='ocrx_word' id='word_1_147' title='bbox 1918 854 2129 907; x_wconf 89' lang='lat' dir='ltr'><strong>lenitate</strong></span> <span class='ocrx_word' id='word_1_148' title='bbox 2179 852 2392 909; x_wconf 84' lang='lat' dir='ltr'><strong>ﬂectere</strong></span> <span class='ocrx_word' id='word_1_149' title='bbox 2434 857 2753 921; x_wconf 86' lang='lat' dir='ltr'><strong>conabatur,</strong></span> <span class='ocrx_word' id='word_1_150' title='bbox 2788 868 2845 910; x_wconf 91' lang='lat' dir='ltr'><strong>ut</strong></span> <span class='ocrx_word' id='word_1_151' title='bbox 2898 858 3195 911; x_wconf 88' lang='lat' dir='ltr'><strong>constantia</strong></span> <span class='ocrx_word' id='word_1_152' title='bbox 3226 866 3280 910; x_wconf 89' lang='lat' dir='ltr'><strong>et</strong></span> <span class='ocrx_word' id='word_1_153' title='bbox 3320 855 3486 909; x_wconf 89' lang='lat' dir='ltr'><strong>animi</strong></span> 
     </span>
    </p>
   </div>
   <div class='ocr_carea' id='block_1_22' title="bbox 1917 945 3489 1017">
    <p class='ocr_par' dir='ltr' id='par_1_22' title="bbox 1917 945 3489 1017">
     <span class='ocr_line' id='line_1_22' title="bbox 1917 945 3489 1017; baseline 0.004 -21"><span class='ocrx_word' id='word_1_154' title='bbox 1917 945 2173 999; x_wconf 82' lang='lat' dir='ltr'><strong>fortitudo</strong></span> <span class='ocrx_word' id='word_1_155' title='bbox 2209 961 2311 999; x_wconf 86' lang='lat' dir='ltr'><strong>non</strong></span> <span class='ocrx_word' id='word_1_156' title='bbox 2345 948 2615 1002; x_wconf 84' lang='lat' dir='ltr'><strong>deessent.</strong></span> <span class='ocrx_word' id='word_1_157' title='bbox 2651 949 2823 1017; x_wconf 82' lang='lat' dir='ltr'><strong>Atque</strong></span> <span class='ocrx_word' id='word_1_158' title='bbox 2858 949 2911 1002; x_wconf 91' lang='lat' dir='ltr'><strong>id</strong></span> <span class='ocrx_word' id='word_1_159' title='bbox 2945 950 3379 1004; x_wconf 85' lang='lat' dir='ltr'><strong>animadvertere</strong></span> <span class='ocrx_word' id='word_1_160' title='bbox 3405 958 3489 1003; x_wconf 89' lang='lat' dir='ltr'><strong>est</strong></span> 
     </span>
    </p>
   </div>
   <div class='ocr_carea' id='block_1_23' title="bbox 1914 1035 3483 1110">
    <p class='ocr_par' dir='ltr' id='par_1_23' title="bbox 1914 1035 3483 1110">
     <span class='ocr_line' id='line_1_23' title="bbox 1914 1035 3483 1110; baseline 0.003 -22"><span class='ocrx_word' id='word_1_161' title='bbox 1914 1035 1966 1089; x_wconf 91' lang='lat' dir='ltr'><strong>in</strong></span> <span class='ocrx_word' id='word_1_162' title='bbox 2006 1037 2105 1089; x_wconf 89' lang='lat' dir='ltr'><strong>hac</strong></span> <span class='ocrx_word' id='word_1_163' title='bbox 2132 1037 2376 1105; x_wconf 90' lang='lat' dir='ltr'><strong>epistola,</strong></span> <span class='ocrx_word' id='word_1_164' title='bbox 2404 1054 2522 1107; x_wconf 78' lang='lat' dir='ltr'><strong>qua:</strong></span> <span class='ocrx_word' id='word_1_165' title='bbox 2545 1039 2872 1095; x_wconf 87' lang='lat' dir='ltr'><strong>lenissimam</strong></span> <span class='ocrx_word' id='word_1_166' title='bbox 2892 1055 2953 1093; x_wconf 91' lang='lat' dir='ltr'><strong>ac</strong></span> <span class='ocrx_word' id='word_1_167' title='bbox 2972 1040 3253 1094; x_wconf 90' lang='lat' dir='ltr'><strong>eharitatis</strong></span> <span class='ocrx_word' id='word_1_168' title='bbox 3274 1040 3483 1110; x_wconf 89' lang='lat' dir='ltr'><strong>plenam</strong></span> 
     </span>
    </p>
   </div>
   <div class='ocr_carea' id='block_1_24' title="bbox 1913 1129 3476 1198">
    <p class='ocr_par' dir='ltr' id='par_1_24' title="bbox 1913 1129 3476 1198">
     <span class='ocr_line' id='line_1_24' title="bbox 1913 1129 3476 1198; baseline 0.005 -19"><span class='ocrx_word' id='word_1_169' title='bbox 1913 1130 2131 1182; x_wconf 87' lang='lat' dir='ltr'><strong>adhibet</strong></span> <span class='ocrx_word' id='word_1_170' title='bbox 2158 1129 2551 1198; x_wconf 76' lang='lat' dir='ltr'><strong>prrefationem,</strong></span> <span class='ocrx_word' id='word_1_171' title='bbox 2580 1147 2678 1187; x_wconf 86' lang='lat' dir='ltr'><strong>nec</strong></span> <span class='ocrx_word' id='word_1_172' title='bbox 2717 1142 2893 1186; x_wconf 88' lang='lat' dir='ltr'><strong>tamen</strong></span> <span class='ocrx_word' id='word_1_173' title='bbox 2929 1148 2956 1186; x_wconf 89' lang='lat' dir='ltr'><strong>a</strong></span> <span class='ocrx_word' id='word_1_174' title='bbox 2988 1134 3276 1187; x_wconf 84' lang='lat' dir='ltr'><strong>severitate</strong></span> <span class='ocrx_word' id='word_1_175' title='bbox 3303 1133 3476 1188; x_wconf 84' lang='lat' dir='ltr'><strong>disce-</strong></span> 
     </span>
    </p>
   </div>
   <div class='ocr_carea' id='block_1_25' title="bbox 1912 1218 2961 1291">
    <p class='ocr_par' dir='ltr' id='par_1_25' title="bbox 1912 1218 2961 1291">
     <span class='ocr_line' id='line_1_25' title="bbox 1912 1218 2961 1291; baseline 0.004 -20"><span class='ocrx_word' id='word_1_176' title='bbox 1912 1218 2009 1279; x_wconf 91' lang='lat' dir='ltr'><strong>dit,</strong></span> <span class='ocrx_word' id='word_1_177' title='bbox 2032 1234 2190 1287; x_wconf 90' lang='lat' dir='ltr'><strong>quam</strong></span> <span class='ocrx_word' id='word_1_178' title='bbox 2222 1229 2422 1273; x_wconf 88' lang='lat' dir='ltr'><strong>tantum</strong></span> <span class='ocrx_word' id='word_1_179' title='bbox 2460 1221 2610 1277; x_wconf 87' lang='lat' dir='ltr'><strong>nefas</strong></span> <span class='ocrx_word' id='word_1_180' title='bbox 2640 1223 2961 1291; x_wconf 88' lang='lat' dir='ltr'><strong>postulabat.</strong></span> 
     </span>
    </p>
   </div>
   <div class='ocr_carea' id='block_1_26' title="bbox 1983 1306 3473 1383">
    <p class='ocr_par' dir='ltr' id='par_1_26' title="bbox 1983 1306 3473 1383">
     <span class='ocr_line' id='line_1_26' title="bbox 1983 1306 3473 1383; baseline 0.005 -24"><span class='ocrx_word' id='word_1_181' title='bbox 1983 1306 2045 1360; x_wconf 93' lang='lat' dir='ltr'><strong>lli</strong></span> <span class='ocrx_word' id='word_1_182' title='bbox 2081 1309 2336 1377; x_wconf 87' lang='lat' dir='ltr'><strong>episcopi,</strong></span> <span class='ocrx_word' id='word_1_183' title='bbox 2362 1310 2426 1363; x_wconf 92' lang='lat' dir='ltr'><strong>de</strong></span> <span class='ocrx_word' id='word_1_184' title='bbox 2459 1312 2656 1378; x_wconf 81' lang='lat' dir='ltr'><strong>quibus</strong></span> <span class='ocrx_word' id='word_1_185' title='bbox 2690 1315 2844 1365; x_wconf 91' lang='lat' dir='ltr'><strong>modo</strong></span> <span class='ocrx_word' id='word_1_186' title='bbox 2872 1316 3097 1383; x_wconf 83' lang='lat' dir='ltr'><strong>egimus,</strong></span> <span class='ocrx_word' id='word_1_187' title='bbox 3128 1322 3393 1368; x_wconf 85' lang='lat' dir='ltr'><strong>vocantur</strong></span> <span class='ocrx_word' id='word_1_188' title='bbox 3418 1314 3473 1368; x_wconf 90' lang='lat' dir='ltr'><strong>in</strong></span> 
     </span>
    </p>
   </div>
   <div class='ocr_carea' id='block_1_27' title="bbox 1911 1397 3489 1475">
    <p class='ocr_par' dir='ltr' id='par_1_27' title="bbox 1911 1397 3489 1475">
     <span class='ocr_line' id='line_1_27' title="bbox 1911 1397 3489 1475; baseline 0.007 -25"><span class='ocrx_word' id='word_1_189' title='bbox 1911 1397 2300 1468; x_wconf 88' lang='lat' dir='ltr'><strong>antiquissimis</strong></span> <span class='ocrx_word' id='word_1_190' title='bbox 2371 1401 2647 1457; x_wconf 90' lang='lat' dir='ltr'><strong>codicibus</strong></span> <span class='ocrx_word' id='word_1_191' title='bbox 2742 1419 2875 1459; x_wconf 68' lang='lat' dir='ltr'><strong>mss.</strong></span> <span class='ocrx_word' id='word_1_192' title='bbox 2944 1406 3331 1475; x_wconf 80' lang='lat' dir='ltr'><strong>chorepisc0pi.</strong></span> <span class='ocrx_word' id='word_1_193' title='bbox 3396 1406 3489 1461; x_wconf 82' lang='lat' dir='ltr'><strong>Sic</strong></span> 
     </span>
    </p>
   </div>
   <div class='ocr_carea' id='block_1_28' title="bbox 1909 1490 3483 1560">
    <p class='ocr_par' dir='ltr' id='par_1_28' title="bbox 1909 1490 3483 1560">
     <span class='ocr_line' id='line_1_28' title="bbox 1909 1490 3483 1560; baseline 0.004 -16"><span class='ocrx_word' id='word_1_194' title='bbox 1909 1490 2072 1544; x_wconf 91' lang='lat' dir='ltr'><strong>etiam</strong></span> <span class='ocrx_word' id='word_1_195' title='bbox 2124 1500 2382 1544; x_wconf 89' lang='lat' dir='ltr'><strong>vocantur</strong></span> <span class='ocrx_word' id='word_1_196' title='bbox 2438 1496 2576 1560; x_wconf 87' lang='lat' dir='ltr'><strong>apud</strong></span> <span class='ocrx_word' id='word_1_197' title='bbox 2624 1492 2942 1559; x_wconf 76' lang='lat' dir='ltr'><strong>Gregorium</strong></span> <span class='ocrx_word' id='word_1_198' title='bbox 2987 1496 3388 1551; x_wconf 84' lang='lat' dir='ltr'><strong>Nazianzenum</strong></span> <span class='ocrx_word' id='word_1_199' title='bbox 3430 1500 3483 1551; x_wconf 93' lang='lat' dir='ltr'><strong>in</strong></span> 
     </span>
    </p>
   </div>
   <div class='ocr_carea' id='block_1_29' title="bbox 1909 1583 3486 1654">
    <p class='ocr_par' dir='ltr' id='par_1_29' title="bbox 1909 1583 3486 1654">
     <span class='ocr_line' id='line_1_29' title="bbox 1909 1583 3486 1654; baseline 0.004 -19"><span class='ocrx_word' id='word_1_200' title='bbox 1909 1583 2151 1635; x_wconf 87' lang='lat' dir='ltr'><strong>carmine</strong></span> <span class='ocrx_word' id='word_1_201' title='bbox 2191 1583 2254 1635; x_wconf 90' lang='lat' dir='ltr'><strong>de</strong></span> <span class='ocrx_word' id='word_1_202' title='bbox 2285 1583 2389 1635; x_wconf 91' lang='lat' dir='ltr'><strong>vita</strong></span> <span class='ocrx_word' id='word_1_203' title='bbox 2423 1600 2515 1634; x_wconf 89' lang='lat' dir='ltr'><strong>sua</strong></span> <span class='ocrx_word' id='word_1_204' title='bbox 2550 1585 2624 1653; x_wconf 89' lang='lat' dir='ltr'><strong>(p.</strong></span> <span class='ocrx_word' id='word_1_205' title='bbox 2647 1585 2722 1654; x_wconf 89' lang='lat'><strong>8).</strong></span> <span class='ocrx_word' id='word_1_206' title='bbox 2744 1586 2846 1638; x_wconf 84' lang='lat' dir='ltr'><strong>Sed</strong></span> <span class='ocrx_word' id='word_1_207' title='bbox 2876 1587 2975 1639; x_wconf 89' lang='lat' dir='ltr'><strong>hoc</strong></span> <span class='ocrx_word' id='word_1_208' title='bbox 3005 1602 3195 1641; x_wconf 87' lang='lat' dir='ltr'><strong>nomen</strong></span> <span class='ocrx_word' id='word_1_209' title='bbox 3230 1603 3356 1642; x_wconf 90' lang='lat' dir='ltr'><strong>usus</strong></span> <span class='ocrx_word' id='word_1_210' title='bbox 3386 1588 3452 1641; x_wconf 90' lang='lat' dir='ltr'><strong>ad</strong></span> <span class='ocrx_word' id='word_1_211' title='bbox 3473 1616 3486 1627; x_wconf 87' lang='lat'><strong>-</strong></span> 
     </span>
    </p>
   </div>
   <div class='ocr_carea' id='block_1_30' title="bbox 1910 1672 3475 1748">
    <p class='ocr_par' dir='ltr' id='par_1_30' title="bbox 1910 1672 3475 1748">
     <span class='ocr_line' id='line_1_30' title="bbox 1910 1672 3475 1748; baseline 0.003 -23"><span class='ocrx_word' id='word_1_212' title='bbox 1910 1672 2043 1726; x_wconf 89' lang='lat' dir='ltr'><strong>dixit</strong></span> <span class='ocrx_word' id='word_1_213' title='bbox 2092 1675 2449 1742; x_wconf 84' lang='lat' dir='ltr'><strong>presbyteris,</strong></span> <span class='ocrx_word' id='word_1_214' title='bbox 2483 1676 2573 1741; x_wconf 90' lang='lat' dir='ltr'><strong>qui</strong></span> <span class='ocrx_word' id='word_1_215' title='bbox 2637 1685 2840 1729; x_wconf 91' lang='lat' dir='ltr'><strong>certum</strong></span> <span class='ocrx_word' id='word_1_216' title='bbox 2893 1678 3179 1743; x_wconf 80' lang='lat' dir='ltr'><strong>quemdam</strong></span> <span class='ocrx_word' id='word_1_217' title='bbox 3218 1694 3475 1748; x_wconf 79' lang='lat' dir='ltr'><strong>pagorum</strong></span> 
     </span>
    </p>
   </div>
   <div class='ocr_carea' id='block_1_31' title="bbox 1911 1762 3483 1833">
    <p class='ocr_par' dir='ltr' id='par_1_31' title="bbox 1911 1762 3483 1833">
     <span class='ocr_line' id='line_1_31' title="bbox 1911 1762 3483 1833; baseline 0.003 -20"><span class='ocrx_word' id='word_1_218' title='bbox 1911 1776 2197 1815; x_wconf 86' lang='lat' dir='ltr'><strong>numerum</strong></span> <span class='ocrx_word' id='word_1_219' title='bbox 2252 1762 2352 1815; x_wconf 90' lang='lat' dir='ltr'><strong>sub</strong></span> <span class='ocrx_word' id='word_1_220' title='bbox 2413 1764 2648 1833; x_wconf 88' lang='lat' dir='ltr'><strong>episcopi</strong></span> <span class='ocrx_word' id='word_1_221' title='bbox 2706 1764 3036 1819; x_wconf 86' lang='lat' dir='ltr'><strong>auctoritate</strong></span> <span class='ocrx_word' id='word_1_222' title='bbox 3087 1765 3483 1833; x_wconf 71' lang='lat' dir='ltr'><strong>gubernabant.</strong></span> 
     </span>
    </p>
   </div>
   <div class='ocr_carea' id='block_1_32' title="bbox 295 1854 3480 1929">
    <p class='ocr_par' dir='ltr' id='par_1_32' title="bbox 295 1854 3480 1929">
     <span class='ocr_line' id='line_1_32' title="bbox 295 1854 3480 1929; baseline 0.003 -16"><span class='ocrx_word' id='word_1_223' title='bbox 295 1859 372 1914; x_wconf 86' lang='lat' dir='ltr'><strong>De</strong></span> <span class='ocrx_word' id='word_1_224' title='bbox 405 1869 649 1929; x_wconf 90' lang='lat' dir='ltr'><strong>tempore</strong></span> <span class='ocrx_word' id='word_1_225' title='bbox 680 1859 961 1927; x_wconf 85' lang='lat' dir='ltr'><strong>utriusque</strong></span> <span class='ocrx_word' id='word_1_226' title='bbox 1000 1858 1260 1927; x_wconf 72' lang='lat' dir='ltr'><strong>epistolre,</strong></span> <span class='ocrx_word' id='word_1_227' title='bbox 1298 1874 1399 1913; x_wconf 92' lang='lat' dir='ltr'><strong>non</strong></span> <span class='ocrx_word' id='word_1_228' title='bbox 1437 1860 1590 1915; x_wconf 84' lang='lat' dir='ltr'><strong>valde</strong></span> <span class='ocrx_word' id='word_1_229' title='bbox 1612 1862 1800 1917; x_wconf 81' lang='lat' dir='ltr'><strong>diliici-</strong></span> <span class='ocrx_word' id='word_1_230' title='bbox 1830 1856 1873 1911; x_wconf 89' lang='grc' dir='ltr'>Β</span> <span class='ocrx_word' id='word_1_231' title='bbox 1905 1854 2041 1910; x_wconf 90' lang='lat' dir='ltr'><strong>Olim</strong></span> <span class='ocrx_word' id='word_1_232' title='bbox 2076 1856 2136 1926; x_wconf 87' lang='lat' dir='ltr'><strong>(i)</strong></span> <span class='ocrx_word' id='word_1_233' title='bbox 2186 1871 2302 1909; x_wconf 89' lang='lat' dir='ltr'><strong>mos</strong></span> <span class='ocrx_word' id='word_1_234' title='bbox 2333 1865 2472 1917; x_wconf 90' lang='lat' dir='ltr'><strong>erat,</strong></span> <span class='ocrx_word' id='word_1_235' title='bbox 2506 1866 2565 1909; x_wconf 94' lang='lat' dir='ltr'><strong>ut</strong></span> <span class='ocrx_word' id='word_1_236' title='bbox 2598 1858 2853 1920; x_wconf 87' lang='lat' dir='ltr'><strong>ministri,</strong></span> <span class='ocrx_word' id='word_1_237' title='bbox 2908 1858 2959 1911; x_wconf 88' lang='lat' dir='ltr'><strong>id</strong></span> <span class='ocrx_word' id='word_1_238' title='bbox 3004 1868 3106 1925; x_wconf 89' lang='lat' dir='ltr'><strong>est,</strong></span> <span class='ocrx_word' id='word_1_239' title='bbox 3143 1858 3480 1921; x_wconf 78' lang='lat' dir='ltr'><strong>subdiaconi.</strong></span> 
     </span>
    </p>
   </div>
   <div class='ocr_carea' id='block_1_33' title="bbox 226 1950 1801 2022">
    <p class='ocr_par' dir='ltr' id='par_1_33' title="bbox 226 1950 1801 2022">
     <span class='ocr_line' id='line_1_33' title="bbox 226 1950 1801 2022; baseline 0.001 -17"><span class='ocrx_word' id='word_1_240' title='bbox 226 1952 291 2007; x_wconf 90' lang='lat' dir='ltr'><strong>lis</strong></span> <span class='ocrx_word' id='word_1_241' title='bbox 340 1951 679 2020; x_wconf 82' lang='lat' dir='ltr'><strong>conjectura.</strong></span> <span class='ocrx_word' id='word_1_242' title='bbox 717 1950 831 2005; x_wconf 87' lang='lat' dir='ltr'><strong>Jam</strong></span> <span class='ocrx_word' id='word_1_243' title='bbox 883 1960 993 2003; x_wconf 87' lang='lat' dir='ltr'><strong>ttnn</strong></span> <span class='ocrx_word' id='word_1_244' title='bbox 1039 1952 1328 2019; x_wconf 84' lang='lat' dir='ltr'><strong>episcopus</strong></span> <span class='ocrx_word' id='word_1_245' title='bbox 1374 1961 1492 2005; x_wconf 91' lang='lat' dir='ltr'><strong>erat</strong></span> <span class='ocrx_word' id='word_1_246' title='bbox 1552 1953 1801 2022; x_wconf 87' lang='lat' dir='ltr'><strong>Basilius,</strong></span> 
     </span>
    </p>
   </div>
   <div class='ocr_carea' id='block_1_34' title="bbox 224 2043 1803 2115">
    <p class='ocr_par' dir='ltr' id='par_1_34' title="bbox 224 2043 1803 2115">
     <span class='ocr_line' id='line_1_34' title="bbox 224 2043 1803 2115; baseline 0.002 -16"><span class='ocrx_word' id='word_1_247' title='bbox 224 2046 495 2115; x_wconf 86' lang='lat' dir='ltr'><strong>siquidem</strong></span> <span class='ocrx_word' id='word_1_248' title='bbox 540 2054 591 2100; x_wconf 92' lang='lat' dir='ltr'><strong>et</strong></span> <span class='ocrx_word' id='word_1_249' title='bbox 634 2060 690 2099; x_wconf 92' lang='lat' dir='ltr'><strong>se</strong></span> <span class='ocrx_word' id='word_1_250' title='bbox 738 2052 791 2096; x_wconf 92' lang='lat' dir='ltr'><strong>et</strong></span> <span class='ocrx_word' id='word_1_251' title='bbox 847 2043 1161 2113; x_wconf 88' lang='lat' dir='ltr'><strong>Bosporium</strong></span> <span class='ocrx_word' id='word_1_252' title='bbox 1207 2044 1543 2099; x_wconf 82' lang='lat' dir='ltr'><strong>Nicaenorum</strong></span> <span class='ocrx_word' id='word_1_253' title='bbox 1585 2046 1803 2102; x_wconf 85' lang='lat' dir='ltr'><strong>Patrum</strong></span> 
     </span>
    </p>
   </div>
   <div class='ocr_carea' id='block_1_35' title="bbox 226 2136 1804 2206">
    <p class='ocr_par' dir='ltr' id='par_1_35' title="bbox 226 2136 1804 2206">
     <span class='ocr_line' id='line_1_35' title="bbox 226 2136 1804 2206; baseline 0 -14"><span class='ocrx_word' id='word_1_254' title='bbox 226 2139 471 2194; x_wconf 71' lang='lat' dir='ltr'><strong>haeredes</strong></span> <span class='ocrx_word' id='word_1_255' title='bbox 523 2154 640 2193; x_wconf 90' lang='lat' dir='ltr'><strong>esse</strong></span> <span class='ocrx_word' id='word_1_256' title='bbox 677 2137 903 2205; x_wconf 88' lang='lat' dir='ltr'><strong>dicit</strong></span> <span class='ocrx_word' id='word_1_257' title='bbox 946 2146 1045 2190; x_wconf 83' lang='lat' dir='ltr'><strong>:et</strong></span> <span class='ocrx_word' id='word_1_258' title='bbox 1094 2136 1413 2206; x_wconf 86' lang='lat' dir='ltr'><strong>Bosporittm</strong></span> <span class='ocrx_word' id='word_1_259' title='bbox 1476 2140 1685 2193; x_wconf 81' lang='lat' dir='ltr'><strong>duobus</strong></span> <span class='ocrx_word' id='word_1_260' title='bbox 1733 2140 1804 2192; x_wconf 60' lang='grc' dir='ltr'><strong>1οη</strong></span> 
     </span>
    </p>
   </div>
   <div class='ocr_carea' id='block_1_36' title="bbox 223 2228 1805 2297">
    <p class='ocr_par' dir='ltr' id='par_1_36' title="bbox 223 2228 1805 2297">
     <span class='ocr_line' id='line_1_36' title="bbox 223 2228 1805 2297; baseline -0.001 -11"><span class='ocrx_word' id='word_1_261' title='bbox 223 2233 302 2286; x_wconf 90' lang='lat' dir='ltr'><strong>cis</strong></span> <span class='ocrx_word' id='word_1_262' title='bbox 348 2230 573 2285; x_wconf 87' lang='lat' dir='ltr'><strong>fratrem</strong></span> <span class='ocrx_word' id='word_1_263' title='bbox 608 2228 859 2297; x_wconf 86' lang='lat' dir='ltr'><strong>appellat.</strong></span> <span class='ocrx_word' id='word_1_264' title='bbox 900 2229 1125 2282; x_wconf 85' lang='lat' dir='ltr'><strong>V&#39;idetur</strong></span> <span class='ocrx_word' id='word_1_265' title='bbox 1177 2240 1355 2282; x_wconf 90' lang='lat' dir='ltr'><strong>autem</strong></span> <span class='ocrx_word' id='word_1_266' title='bbox 1409 2246 1594 2283; x_wconf 77' lang='lat' dir='ltr'><strong>recens</strong></span> <span class='ocrx_word' id='word_1_267' title='bbox 1641 2232 1805 2285; x_wconf 84' lang='lat' dir='ltr'><strong>fuisse</strong></span> 
     </span>
    </p>
   </div>
   <div class='ocr_carea' id='block_1_37' title="bbox 223 2319 1803 2390">
    <p class='ocr_par' dir='ltr' id='par_1_37' title="bbox 223 2319 1803 2390">
     <span class='ocr_line' id='line_1_37' title="bbox 223 2319 1803 2390; baseline -0.001 -13"><span class='ocrx_word' id='word_1_268' title='bbox 223 2324 293 2379; x_wconf 88' lang='lat' dir='ltr'><strong>ab</strong></span> <span class='ocrx_word' id='word_1_269' title='bbox 323 2321 672 2377; x_wconf 89' lang='lat' dir='ltr'><strong>ordinatione</strong></span> <span class='ocrx_word' id='word_1_270' title='bbox 695 2320 797 2388; x_wconf 91' lang='lat' dir='ltr'><strong>(d).</strong></span> <span class='ocrx_word' id='word_1_271' title='bbox 830 2319 959 2373; x_wconf 82' lang='lat' dir='ltr'><strong>Nam</strong></span> <span class='ocrx_word' id='word_1_272' title='bbox 1000 2321 1166 2374; x_wconf 90' lang='lat' dir='ltr'><strong>multo</strong></span> <span class='ocrx_word' id='word_1_273' title='bbox 1213 2322 1488 2390; x_wconf 78' lang='lat' dir='ltr'><strong>graviores</strong></span> <span class='ocrx_word' id='word_1_274' title='bbox 1524 2322 1803 2376; x_wconf 67' lang='lat' dir='ltr'><strong>calumnia:</strong></span> 
     </span>
    </p>
   </div>
   <div class='ocr_carea' id='block_1_38' title="bbox 222 2413 1801 2481">
    <p class='ocr_par' dir='ltr' id='par_1_38' title="bbox 222 2413 1801 2481">
     <span class='ocr_line' id='line_1_38' title="bbox 222 2413 1801 2481; baseline -0.003 -12"><span class='ocrx_word' id='word_1_275' title='bbox 222 2424 275 2469; x_wconf 91' lang='lat' dir='ltr'><strong>et</strong></span> <span class='ocrx_word' id='word_1_276' title='bbox 312 2413 550 2481; x_wconf 71' lang='lat' dir='ltr'><strong>querelae</strong></span> <span class='ocrx_word' id='word_1_277' title='bbox 585 2416 917 2468; x_wconf 87' lang='lat' dir='ltr'><strong>exstiterunt</strong></span> <span class='ocrx_word' id='word_1_278' title='bbox 951 2429 1094 2466; x_wconf 86' lang='lat' dir='ltr'><strong>anno</strong></span> <span class='ocrx_word' id='word_1_279' title='bbox 1147 2414 1274 2478; x_wconf 85' lang='grc'>575,</span> <span class='ocrx_word' id='word_1_280' title='bbox 1312 2424 1361 2467; x_wconf 93' lang='lat' dir='ltr'><strong>et</strong></span> <span class='ocrx_word' id='word_1_281' title='bbox 1396 2414 1685 2480; x_wconf 89' lang='lat' dir='ltr'><strong>Bosporius</strong></span> <span class='ocrx_word' id='word_1_282' title='bbox 1725 2413 1801 2466; x_wconf 88' lang='lat' dir='ltr'><strong>si-</strong></span> 
     </span>
    </p>
   </div>
   <div class='ocr_carea' id='block_1_39' title="bbox 222 2502 1803 2567">
    <p class='ocr_par' dir='ltr' id='par_1_39' title="bbox 222 2502 1803 2567">
     <span class='ocr_line' id='line_1_39' title="bbox 222 2502 1803 2567; baseline 0 -10"><span class='ocrx_word' id='word_1_283' title='bbox 222 2505 478 2559; x_wconf 91' lang='lat' dir='ltr'><strong>multates</strong></span> <span class='ocrx_word' id='word_1_284' title='bbox 503 2502 693 2557; x_wconf 90' lang='lat' dir='ltr'><strong>habuit</strong></span> <span class='ocrx_word' id='word_1_285' title='bbox 718 2518 839 2557; x_wconf 92' lang='lat' dir='ltr'><strong>cum</strong></span> <span class='ocrx_word' id='word_1_286' title='bbox 892 2502 1090 2556; x_wconf 85' lang='lat' dir='ltr'><strong>Basilio</strong></span> <span class='ocrx_word' id='word_1_287' title='bbox 1123 2517 1265 2555; x_wconf 89' lang='lat' dir='ltr'><strong>anno</strong></span> <span class='ocrx_word' id='word_1_288' title='bbox 1294 2502 1399 2555; x_wconf 70' lang='lat'><strong>372</strong></span> <span class='ocrx_word' id='word_1_289' title='bbox 1430 2503 1669 2567; x_wconf 91' lang='lat' dir='ltr'><strong>ineunte,</strong></span> <span class='ocrx_word' id='word_1_290' title='bbox 1704 2517 1803 2558; x_wconf 91' lang='lat' dir='ltr'><strong>nec</strong></span> 
     </span>
    </p>
   </div>
   <div class='ocr_carea' id='block_1_40' title="bbox 221 2591 1798 2662">
    <p class='ocr_par' dir='ltr' id='par_1_40' title="bbox 221 2591 1798 2662">
     <span class='ocr_line' id='line_1_40' title="bbox 221 2591 1798 2662; baseline -0.001 -13"><span class='ocrx_word' id='word_1_291' title='bbox 221 2595 497 2649; x_wconf 90' lang='lat' dir='ltr'><strong>unanimis</strong></span> <span class='ocrx_word' id='word_1_292' title='bbox 516 2594 563 2648; x_wconf 90' lang='lat' dir='ltr'><strong>ei</strong></span> <span class='ocrx_word' id='word_1_293' title='bbox 588 2593 762 2649; x_wconf 85' lang='lat' dir='ltr'><strong>factus</strong></span> <span class='ocrx_word' id='word_1_294' title='bbox 791 2602 873 2647; x_wconf 92' lang='lat' dir='ltr'><strong>est</strong></span> <span class='ocrx_word' id='word_1_295' title='bbox 899 2594 997 2646; x_wconf 90' lang='lat' dir='ltr'><strong>nisi</strong></span> <span class='ocrx_word' id='word_1_296' title='bbox 1026 2608 1167 2645; x_wconf 91' lang='lat' dir='ltr'><strong>anno</strong></span> <span class='ocrx_word' id='word_1_297' title='bbox 1188 2592 1311 2646; x_wconf 83' lang='grc'>575.</span> <span class='ocrx_word' id='word_1_298' title='bbox 1332 2591 1624 2647; x_wconf 74' lang='lat' dir='ltr'><strong>Calumnite</strong></span> <span class='ocrx_word' id='word_1_299' title='bbox 1651 2595 1798 2662; x_wconf 66' lang='lat' dir='ltr'><strong>ipsre,</strong></span> 
     </span>
    </p>
   </div>
   <div class='ocr_carea' id='block_1_41' title="bbox 220 2682 1798 2757">
    <p class='ocr_par' dir='ltr' id='par_1_41' title="bbox 220 2682 1798 2757">
     <span class='ocr_line' id='line_1_41' title="bbox 220 2682 1798 2757; baseline -0.003 -14"><span class='ocrx_word' id='word_1_300' title='bbox 220 2704 342 2757; x_wconf 65' lang='lat' dir='ltr'><strong>qua:</strong></span> <span class='ocrx_word' id='word_1_301' title='bbox 395 2686 599 2741; x_wconf 87' lang='lat' dir='ltr'><strong>Basilio</strong></span> <span class='ocrx_word' id='word_1_302' title='bbox 653 2685 1063 2738; x_wconf 91' lang='lat' dir='ltr'><strong>immoderatum</strong></span> <span class='ocrx_word' id='word_1_303' title='bbox 1137 2682 1373 2737; x_wconf 89' lang='lat' dir='ltr'><strong>animum</strong></span> <span class='ocrx_word' id='word_1_304' title='bbox 1433 2684 1798 2755; x_wconf 79' lang='lat' dir='ltr'><strong>allingebant,</strong></span> 
     </span>
    </p>
   </div>
   <div class='ocr_carea' id='block_1_42' title="bbox 220 2774 1800 2847">
    <p class='ocr_par' dir='ltr' id='par_1_42' title="bbox 220 2774 1800 2847">
     <span class='ocr_line' id='line_1_42' title="bbox 220 2774 1800 2847; baseline -0.001 -14"><span class='ocrx_word' id='word_1_305' title='bbox 220 2780 393 2833; x_wconf 87' lang='lat' dir='ltr'><strong>initiis</strong></span> <span class='ocrx_word' id='word_1_306' title='bbox 432 2778 778 2847; x_wconf 81' lang='lat' dir='ltr'><strong>episeOpatus</strong></span> <span class='ocrx_word' id='word_1_307' title='bbox 825 2774 1027 2843; x_wconf 89' lang='lat' dir='ltr'><strong>optime</strong></span> <span class='ocrx_word' id='word_1_308' title='bbox 1076 2784 1402 2845; x_wconf 86' lang='lat' dir='ltr'><strong>congruunt.</strong></span> <span class='ocrx_word' id='word_1_309' title='bbox 1448 2775 1597 2830; x_wconf 91' lang='lat' dir='ltr'><strong>Tune</strong></span> <span class='ocrx_word' id='word_1_310' title='bbox 1658 2778 1800 2831; x_wconf 90' lang='lat' dir='ltr'><strong>enim</strong></span> 
     </span>
    </p>
   </div>
   <div class='ocr_carea' id='block_1_43' title="bbox 218 2866 1801 2940">
    <p class='ocr_par' dir='ltr' id='par_1_43' title="bbox 218 2866 1801 2940">
     <span class='ocr_line' id='line_1_43' title="bbox 218 2866 1801 2940; baseline 0.001 -17"><span class='ocrx_word' id='word_1_311' title='bbox 218 2871 403 2940; x_wconf 90' lang='lat' dir='ltr'><strong>plures</strong></span> <span class='ocrx_word' id='word_1_312' title='bbox 453 2868 694 2937; x_wconf 79' lang='lat' dir='ltr'><strong>episcopi</strong></span> <span class='ocrx_word' id='word_1_313' title='bbox 720 2908 734 2931; x_wconf 97' lang='lat'><strong>,</strong></span> <span class='ocrx_word' id='word_1_314' title='bbox 773 2882 909 2936; x_wconf 90' lang='lat' dir='ltr'><strong>quos</strong></span> <span class='ocrx_word' id='word_1_315' title='bbox 959 2866 1142 2922; x_wconf 85' lang='lat' dir='ltr'><strong>Basilii</strong></span> <span class='ocrx_word' id='word_1_316' title='bbox 1193 2870 1489 2929; x_wconf 89' lang='lat' dir='ltr'><strong>sanctitas,</strong></span> <span class='ocrx_word' id='word_1_317' title='bbox 1526 2869 1710 2922; x_wconf 91' lang='lat' dir='ltr'><strong>itidem</strong></span> <span class='ocrx_word' id='word_1_318' title='bbox 1744 2879 1801 2924; x_wconf 91' lang='lat' dir='ltr'><strong>ut</strong></span> 
     </span>
    </p>
   </div>
   <div class='ocr_carea' id='block_1_44' title="bbox 219 2953 1799 3033">
    <p class='ocr_par' dir='ltr' id='par_1_44' title="bbox 219 2953 1799 3033">
     <span class='ocr_line' id='line_1_44' title="bbox 219 2953 1799 3033; baseline 0.001 -17"><span class='ocrx_word' id='word_1_319' title='bbox 219 2953 577 3033; x_wconf 81' lang='lat' dir='ltr'><strong>magistratus</strong></span> <span class='ocrx_word' id='word_1_320' title='bbox 604 2971 659 3016; x_wconf 91' lang='lat' dir='ltr'><strong>et</strong></span> <span class='ocrx_word' id='word_1_321' title='bbox 689 2962 1087 3030; x_wconf 84' lang='lat' dir='ltr'><strong>perditissimos</strong></span> <span class='ocrx_word' id='word_1_322' title='bbox 1117 2962 1281 3022; x_wconf 88' lang='lat' dir='ltr'><strong>cives,</strong></span> <span class='ocrx_word' id='word_1_323' title='bbox 1333 2969 1631 3023; x_wconf 84' lang='lat' dir='ltr'><strong>terruerat,</strong></span> <span class='ocrx_word' id='word_1_324' title='bbox 1680 2977 1799 3017; x_wconf 87' lang='lat' dir='ltr'><strong>sns-</strong></span> 
     </span>
    </p>
   </div>
   <div class='ocr_carea' id='block_1_45' title="bbox 216 3052 1795 3126">
    <p class='ocr_par' dir='ltr' id='par_1_45' title="bbox 216 3052 1795 3126">
     <span class='ocr_line' id='line_1_45' title="bbox 216 3052 1795 3126; baseline -0.003 -15"><span class='ocrx_word' id='word_1_325' title='bbox 216 3067 429 3126; x_wconf 85' lang='lat' dir='ltr'><strong>ceptam</strong></span> <span class='ocrx_word' id='word_1_326' title='bbox 471 3073 591 3111; x_wconf 91' lang='lat' dir='ltr'><strong>cum</strong></span> <span class='ocrx_word' id='word_1_327' title='bbox 628 3071 691 3111; x_wconf 89' lang='lat' dir='ltr'><strong>eo</strong></span> <span class='ocrx_word' id='word_1_328' title='bbox 726 3055 1054 3109; x_wconf 86' lang='lat' dir='ltr'><strong>simultatem</strong></span> <span class='ocrx_word' id='word_1_329' title='bbox 1083 3052 1166 3107; x_wconf 88' lang='lat' dir='ltr'><strong>vel</strong></span> <span class='ocrx_word' id='word_1_330' title='bbox 1199 3053 1376 3121; x_wconf 90' lang='lat' dir='ltr'><strong>potius</strong></span> <span class='ocrx_word' id='word_1_331' title='bbox 1402 3053 1638 3107; x_wconf 85' lang='lat' dir='ltr'><strong>schisma</strong></span> <span class='ocrx_word' id='word_1_332' title='bbox 1666 3070 1795 3109; x_wconf 86' lang='lat' dir='ltr'><strong>non-</strong></span> 
     </span>
    </p>
   </div>
   <div class='ocr_carea' id='block_1_46' title="bbox 196 3144 1791 3216">
    <p class='ocr_par' dir='ltr' id='par_1_46' title="bbox 196 3144 1791 3216">
     <span class='ocr_line' id='line_1_46' title="bbox 196 3144 1791 3216; baseline -0.002 -13"><span class='ocrx_word' id='word_1_333' title='bbox 196 3152 345 3205; x_wconf 89' lang='lat' dir='ltr'><strong>.dum</strong></span> <span class='ocrx_word' id='word_1_334' title='bbox 380 3149 767 3216; x_wconf 88' lang='lat' dir='ltr'><strong>deposuerant.</strong></span> <span class='ocrx_word' id='word_1_335' title='bbox 799 3146 1064 3198; x_wconf 65' lang='lat' dir='ltr'><strong>Prazterea</strong></span> <span class='ocrx_word' id='word_1_336' title='bbox 1099 3152 1244 3213; x_wconf 90' lang='lat' dir='ltr'><strong>patet</strong></span> <span class='ocrx_word' id='word_1_337' title='bbox 1288 3144 1465 3198; x_wconf 90' lang='lat' dir='ltr'><strong>adhuc</strong></span> <span class='ocrx_word' id='word_1_338' title='bbox 1494 3146 1791 3209; x_wconf 78' lang='lat' dir='ltr'><strong>exstitisse,</strong></span> 
     </span>
    </p>
   </div>
   <div class='ocr_carea' id='block_1_47' title="bbox 217 3235 1795 3312">
    <p class='ocr_par' dir='ltr' id='par_1_47' title="bbox 217 3235 1795 3312">
     <span class='ocr_line' id='line_1_47' title="bbox 217 3235 1795 3312; baseline -0.002 -19"><span class='ocrx_word' id='word_1_339' title='bbox 217 3242 307 3312; x_wconf 90' lang='lat' dir='ltr'><strong>qui</strong></span> <span class='ocrx_word' id='word_1_340' title='bbox 345 3239 597 3308; x_wconf 84' lang='lat' dir='ltr'><strong>quamvis</strong></span> <span class='ocrx_word' id='word_1_341' title='bbox 652 3235 918 3290; x_wconf 88' lang='lat' dir='ltr'><strong>catholice</strong></span> <span class='ocrx_word' id='word_1_342' title='bbox 967 3237 1256 3301; x_wconf 90' lang='lat' dir='ltr'><strong>sentirent,</strong></span> <span class='ocrx_word' id='word_1_343' title='bbox 1295 3252 1404 3291; x_wconf 92' lang='lat' dir='ltr'><strong>non</strong></span> <span class='ocrx_word' id='word_1_344' title='bbox 1450 3246 1630 3291; x_wconf 86' lang='lat' dir='ltr'><strong>tamen</strong></span> <span class='ocrx_word' id='word_1_345' title='bbox 1664 3254 1795 3291; x_wconf 82' lang='lat' dir='ltr'><strong>cou-</strong></span> 
     </span>
    </p>
   </div>
   <div class='ocr_carea' id='block_1_48' title="bbox 216 3328 1795 3398">
    <p class='ocr_par' dir='ltr' id='par_1_48' title="bbox 216 3328 1795 3398">
     <span class='ocr_line' id='line_1_48' title="bbox 216 3328 1795 3398; baseline -0.004 -9"><span class='ocrx_word' id='word_1_346' title='bbox 216 3331 581 3389; x_wconf 88' lang='lat' dir='ltr'><strong>substantiale</strong></span> <span class='ocrx_word' id='word_1_347' title='bbox 625 3328 968 3397; x_wconf 90' lang='lat' dir='ltr'><strong>reciperent:</strong></span> <span class='ocrx_word' id='word_1_348' title='bbox 1012 3343 1148 3397; x_wconf 93' lang='lat' dir='ltr'><strong>quos</strong></span> <span class='ocrx_word' id='word_1_349' title='bbox 1180 3329 1397 3398; x_wconf 89' lang='lat' dir='ltr'><strong>quidem</strong></span> <span class='ocrx_word' id='word_1_350' title='bbox 1435 3338 1620 3397; x_wconf 89' lang='lat' dir='ltr'><strong>postea</strong></span> <span class='ocrx_word' id='word_1_351' title='bbox 1653 3343 1795 3383; x_wconf 92' lang='lat' dir='ltr'><strong>anno</strong></span> 
     </span>
    </p>
   </div>
   <div class='ocr_carea' id='block_1_49' title="bbox 216 3420 1544 3479">
    <p class='ocr_par' dir='ltr' id='par_1_49' title="bbox 216 3420 1544 3479">
     <span class='ocr_line' id='line_1_49' title="bbox 216 3420 1544 3479; baseline -0.005 0"><span class='ocrx_word' id='word_1_352' title='bbox 216 3423 323 3479; x_wconf 72' lang='lat'><strong>372</strong></span> <span class='ocrx_word' id='word_1_353' title='bbox 359 3430 593 3476; x_wconf 80' lang='lat' dir='ltr'><strong>exeunte</strong></span> <span class='ocrx_word' id='word_1_354' title='bbox 620 3421 799 3475; x_wconf 90' lang='lat' dir='ltr'><strong>nullos</strong></span> <span class='ocrx_word' id='word_1_355' title='bbox 837 3420 948 3475; x_wconf 86' lang='lat' dir='ltr'><strong>fere</strong></span> <span class='ocrx_word' id='word_1_356' title='bbox 974 3421 1277 3476; x_wconf 85' lang='lat' dir='ltr'><strong>videbimus</strong></span> <span class='ocrx_word' id='word_1_357' title='bbox 1305 3431 1544 3475; x_wconf 85' lang='lat' dir='ltr'><strong>exstare.</strong></span> 
     </span>
    </p>
   </div>
   <div class='ocr_carea' id='block_1_50' title="bbox 290 3512 1793 3582">
    <p class='ocr_par' dir='ltr' id='par_1_50' title="bbox 290 3512 1793 3582">
     <span class='ocr_line' id='line_1_50' title="bbox 290 3512 1793 3582; baseline -0.003 -13"><span class='ocrx_word' id='word_1_358' title='bbox 290 3514 353 3569; x_wconf 84' lang='lat' dir='ltr'><strong>V.</strong></span> <span class='ocrx_word' id='word_1_359' title='bbox 384 3514 643 3570; x_wconf 88' lang='lat' dir='ltr'><strong>Testatur</strong></span> <span class='ocrx_word' id='word_1_360' title='bbox 687 3513 922 3567; x_wconf 89' lang='lat' dir='ltr'><strong>Basilius</strong></span> <span class='ocrx_word' id='word_1_361' title='bbox 955 3512 1021 3582; x_wconf 86' lang='lat' dir='ltr'><strong>(c)</strong></span> <span class='ocrx_word' id='word_1_362' title='bbox 1054 3527 1110 3567; x_wconf 91' lang='lat' dir='ltr'><strong>sc</strong></span> <span class='ocrx_word' id='word_1_363' title='bbox 1138 3512 1205 3565; x_wconf 86' lang='lat' dir='ltr'><strong>ab</strong></span> <span class='ocrx_word' id='word_1_364' title='bbox 1248 3513 1400 3566; x_wconf 89' lang='lat' dir='ltr'><strong>initio</strong></span> <span class='ocrx_word' id='word_1_365' title='bbox 1450 3512 1793 3580; x_wconf 90' lang='lat' dir='ltr'><strong>episcopatus</strong></span> 
     </span>
    </p>
   </div>
   <div class='ocr_carea' id='block_1_51' title="bbox 214 3603 1791 3676">
    <p class='ocr_par' dir='ltr' id='par_1_51' title="bbox 214 3603 1791 3676">
     <span class='ocr_line' id='line_1_51' title="bbox 214 3603 1791 3676; baseline -0.002 -17"><span class='ocrx_word' id='word_1_366' title='bbox 214 3606 582 3676; x_wconf 80' lang='lat' dir='ltr'><strong>prohibuisse,</strong></span> <span class='ocrx_word' id='word_1_367' title='bbox 621 3620 688 3658; x_wconf 92' lang='lat' dir='ltr'><strong>ne</strong></span> <span class='ocrx_word' id='word_1_368' title='bbox 740 3606 862 3672; x_wconf 90' lang='lat' dir='ltr'><strong>quis</strong></span> <span class='ocrx_word' id='word_1_369' title='bbox 915 3605 1100 3657; x_wconf 80' lang='lat' dir='ltr'><strong>uxoris</strong></span> <span class='ocrx_word' id='word_1_370' title='bbox 1152 3613 1377 3657; x_wconf 75' lang='lat' dir='ltr'><strong>morture</strong></span> <span class='ocrx_word' id='word_1_371' title='bbox 1442 3616 1681 3657; x_wconf 81' lang='lat' dir='ltr'><strong>sororem</strong></span> <span class='ocrx_word' id='word_1_372' title='bbox 1738 3603 1791 3656; x_wconf 92' lang='lat' dir='ltr'><strong>in</strong></span> 
     </span>
    </p>
   </div>
   <div class='ocr_carea' id='block_1_52' title="bbox 213 3691 1792 3751">
    <p class='ocr_par' dir='ltr' id='par_1_52' title="bbox 213 3691 1792 3751">
     <span class='ocr_line' id='line_1_52' title="bbox 213 3691 1792 3751; baseline -0.004 -2"><span class='ocrx_word' id='word_1_373' title='bbox 213 3698 627 3751; x_wconf 88' lang='lat' dir='ltr'><strong>matrimonium</strong></span> <span class='ocrx_word' id='word_1_374' title='bbox 656 3696 898 3745; x_wconf 82' lang='lat' dir='ltr'><strong>duceret.</strong></span> <span class='ocrx_word' id='word_1_375' title='bbox 937 3692 1053 3745; x_wconf 91' lang='lat' dir='ltr'><strong>Iloc</strong></span> <span class='ocrx_word' id='word_1_376' title='bbox 1087 3702 1265 3744; x_wconf 87' lang='lat' dir='ltr'><strong>autem</strong></span> <span class='ocrx_word' id='word_1_377' title='bbox 1297 3691 1487 3744; x_wconf 88' lang='lat' dir='ltr'><strong>vitium</strong></span> <span class='ocrx_word' id='word_1_378' title='bbox 1531 3708 1635 3744; x_wconf 90' lang='lat' dir='ltr'><strong>non</strong></span> <span class='ocrx_word' id='word_1_379' title='bbox 1674 3692 1792 3744; x_wconf 91' lang='lat' dir='ltr'><strong>ideo</strong></span> 
     </span>
    </p>
   </div>
   <div class='ocr_carea' id='block_1_53' title="bbox 213 3778 1790 3851">
    <p class='ocr_par' dir='ltr' id='par_1_53' title="bbox 213 3778 1790 3851">
     <span class='ocr_line' id='line_1_53' title="bbox 213 3778 1790 3851; baseline 0 -18"><span class='ocrx_word' id='word_1_380' title='bbox 213 3782 513 3851; x_wconf 87' lang='lat' dir='ltr'><strong>prohibuit,</strong></span> <span class='ocrx_word' id='word_1_381' title='bbox 559 3782 701 3847; x_wconf 79' lang='lat' dir='ltr'><strong>quod</strong></span> <span class='ocrx_word' id='word_1_382' title='bbox 754 3780 858 3832; x_wconf 88' lang='lat' dir='ltr'><strong>late</strong></span> <span class='ocrx_word' id='word_1_383' title='bbox 918 3781 969 3831; x_wconf 90' lang='lat' dir='ltr'><strong>in</strong></span> <span class='ocrx_word' id='word_1_384' title='bbox 998 3778 1342 3848; x_wconf 85' lang='lat' dir='ltr'><strong>Cappadocia</strong></span> <span class='ocrx_word' id='word_1_385' title='bbox 1385 3790 1613 3849; x_wconf 87' lang='lat' dir='ltr'><strong>pateret.</strong></span> <span class='ocrx_word' id='word_1_386' title='bbox 1658 3780 1790 3834; x_wconf 86' lang='lat' dir='ltr'><strong>Nam</strong></span> 
     </span>
    </p>
   </div>
   <div class='ocr_carea' id='block_1_54' title="bbox 212 3872 1784 3943">
    <p class='ocr_par' dir='ltr' id='par_1_54' title="bbox 212 3872 1784 3943">
     <span class='ocr_line' id='line_1_54' title="bbox 212 3872 1784 3943; baseline -0.002 -14"><span class='ocrx_word' id='word_1_387' title='bbox 212 3876 326 3940; x_wconf 84' lang='lat' dir='ltr'><strong>ipse</strong></span> <span class='ocrx_word' id='word_1_388' title='bbox 360 3874 563 3927; x_wconf 80' lang='lat' dir='ltr'><strong>fatetur</strong></span> <span class='ocrx_word' id='word_1_389' title='bbox 594 3872 663 3939; x_wconf 72' lang='grc' dir='ltr'><strong>(ι’)</strong></span> <span class='ocrx_word' id='word_1_390' title='bbox 709 3872 759 3925; x_wconf 90' lang='lat' dir='ltr'><strong>in</strong></span> <span class='ocrx_word' id='word_1_391' title='bbox 796 3872 937 3926; x_wconf 90' lang='lat' dir='ltr'><strong>hanc</strong></span> <span class='ocrx_word' id='word_1_392' title='bbox 973 3874 1248 3943; x_wconf 78' lang='lat' dir='ltr'><strong>regionem</strong></span> <span class='ocrx_word' id='word_1_393' title='bbox 1294 3889 1397 3929; x_wconf 93' lang='lat' dir='ltr'><strong>non</strong></span> <span class='ocrx_word' id='word_1_394' title='bbox 1430 3884 1744 3942; x_wconf 86' lang='lat' dir='ltr'><strong>penetrasse</strong></span> <span class='ocrx_word' id='word_1_395' title='bbox 1774 3892 1784 3926; x_wconf 94' lang='lat'><strong>:</strong></span> 
     </span>
    </p>
   </div>
   <div class='ocr_carea' id='block_1_55' title="bbox 212 3962 1790 4027">
    <p class='ocr_par' dir='ltr' id='par_1_55' title="bbox 212 3962 1790 4027">
     <span class='ocr_line' id='line_1_55' title="bbox 212 3962 1790 4027; baseline -0.003 -9"><span class='ocrx_word' id='word_1_396' title='bbox 212 3965 306 4019; x_wconf 85' lang='lat' dir='ltr'><strong>sed</strong></span> <span class='ocrx_word' id='word_1_397' title='bbox 327 3965 543 4018; x_wconf 85' lang='lat' dir='ltr'><strong>videtur</strong></span> <span class='ocrx_word' id='word_1_398' title='bbox 571 3963 621 4016; x_wconf 87' lang='lat' dir='ltr'><strong>id</strong></span> <span class='ocrx_word' id='word_1_399' title='bbox 656 3962 870 4027; x_wconf 89' lang='lat' dir='ltr'><strong>fecisse,</strong></span> <span class='ocrx_word' id='word_1_400' title='bbox 916 3963 1041 4016; x_wconf 89' lang='lat' dir='ltr'><strong>dum</strong></span> <span class='ocrx_word' id='word_1_401' title='bbox 1073 3962 1364 4018; x_wconf 87' lang='lat' dir='ltr'><strong>Ecclesiam</strong></span> <span class='ocrx_word' id='word_1_402' title='bbox 1403 3963 1505 4017; x_wconf 85' lang='lat' dir='ltr'><strong>sibi</strong></span> <span class='ocrx_word' id='word_1_403' title='bbox 1535 3962 1790 4017; x_wconf 87' lang='lat' dir='ltr'><strong>commis-</strong></span> 
     </span>
    </p>
   </div>
   <div class='ocr_carea' id='block_1_56' title="bbox 211 4053 1791 4124">
    <p class='ocr_par' dir='ltr' id='par_1_56' title="bbox 211 4053 1791 4124">
     <span class='ocr_line' id='line_1_56' title="bbox 211 4053 1791 4124; baseline -0.003 -14"><span class='ocrx_word' id='word_1_404' title='bbox 211 4072 328 4111; x_wconf 88' lang='lat' dir='ltr'><strong>sam</strong></span> <span class='ocrx_word' id='word_1_405' title='bbox 362 4056 582 4124; x_wconf 88' lang='lat' dir='ltr'><strong>0ptimis</strong></span> <span class='ocrx_word' id='word_1_406' title='bbox 617 4053 824 4123; x_wconf 84' lang='lat' dir='ltr'><strong>legibus</strong></span> <span class='ocrx_word' id='word_1_407' title='bbox 854 4055 1193 4106; x_wconf 90' lang='lat' dir='ltr'><strong>communire</strong></span> <span class='ocrx_word' id='word_1_408' title='bbox 1232 4061 1284 4104; x_wconf 92' lang='lat' dir='ltr'><strong>et</strong></span> <span class='ocrx_word' id='word_1_409' title='bbox 1314 4066 1511 4105; x_wconf 90' lang='lat' dir='ltr'><strong>ornare</strong></span> <span class='ocrx_word' id='word_1_410' title='bbox 1542 4053 1791 4123; x_wconf 86' lang='lat' dir='ltr'><strong>aggredi-</strong></span> 
     </span>
    </p>
   </div>
   <div class='ocr_carea' id='block_1_57' title="bbox 212 4143 1791 4211">
    <p class='ocr_par' dir='ltr' id='par_1_57' title="bbox 212 4143 1791 4211">
     <span class='ocr_line' id='line_1_57' title="bbox 212 4143 1791 4211; baseline -0.003 -10"><span class='ocrx_word' id='word_1_411' title='bbox 212 4159 319 4201; x_wconf 88' lang='lat' dir='ltr'><strong>tur.</strong></span> <span class='ocrx_word' id='word_1_412' title='bbox 345 4146 518 4199; x_wconf 79' lang='lat' dir='ltr'><strong>Antea</strong></span> <span class='ocrx_word' id='word_1_413' title='bbox 555 4145 699 4200; x_wconf 89' lang='lat' dir='ltr'><strong>enim</strong></span> <span class='ocrx_word' id='word_1_414' title='bbox 748 4144 1153 4199; x_wconf 83' lang='lat' dir='ltr'><strong>matrimonium</strong></span> <span class='ocrx_word' id='word_1_415' title='bbox 1200 4143 1466 4211; x_wconf 86' lang='lat' dir='ltr'><strong>ejusmodi</strong></span> <span class='ocrx_word' id='word_1_416' title='bbox 1518 4145 1569 4198; x_wconf 92' lang='lat' dir='ltr'><strong>in</strong></span> <span class='ocrx_word' id='word_1_417' title='bbox 1604 4145 1791 4199; x_wconf 82' lang='lat' dir='ltr'><strong>Eccle-</strong></span> 
     </span>
    </p>
   </div>
   <div class='ocr_carea' id='block_1_58' title="bbox 210 4234 1788 4305">
    <p class='ocr_par' dir='ltr' id='par_1_58' title="bbox 210 4234 1788 4305">
     <span class='ocr_line' id='line_1_58' title="bbox 210 4234 1788 4305; baseline -0.004 -11"><span class='ocrx_word' id='word_1_418' title='bbox 210 4242 285 4294; x_wconf 91' lang='lat' dir='ltr'><strong>sia</strong></span> <span class='ocrx_word' id='word_1_419' title='bbox 317 4237 642 4292; x_wconf 75' lang='lat' dir='ltr'><strong>Czesariensi</strong></span> <span class='ocrx_word' id='word_1_420' title='bbox 674 4253 777 4291; x_wconf 93' lang='lat' dir='ltr'><strong>non</strong></span> <span class='ocrx_word' id='word_1_421' title='bbox 820 4252 882 4290; x_wconf 85' lang='lat' dir='ltr'><strong>ex</strong></span> <span class='ocrx_word' id='word_1_422' title='bbox 936 4234 1049 4305; x_wconf 86' lang='lat' dir='ltr'><strong>lege</strong></span> <span class='ocrx_word' id='word_1_423' title='bbox 1100 4235 1429 4303; x_wconf 89' lang='lat' dir='ltr'><strong>prohibitum</strong></span> <span class='ocrx_word' id='word_1_424' title='bbox 1464 4244 1581 4289; x_wconf 89' lang='lat' dir='ltr'><strong>erat</strong></span> <span class='ocrx_word' id='word_1_425' title='bbox 1608 4236 1684 4304; x_wconf 91' lang='lat' dir='ltr'><strong>(n.</strong></span> <span class='ocrx_word' id='word_1_426' title='bbox 1710 4236 1788 4297; x_wconf 71' lang='lat'><strong>9.),</strong></span> 
     </span>
    </p>
   </div>
   <div class='ocr_carea' id='block_1_59' title="bbox 209 4323 1792 4397">
    <p class='ocr_par' dir='ltr' id='par_1_59' title="bbox 209 4323 1792 4397">
     <span class='ocr_line' id='line_1_59' title="bbox 209 4323 1792 4397; baseline -0.004 -11"><span class='ocrx_word' id='word_1_427' title='bbox 209 4334 303 4387; x_wconf 91' lang='lat' dir='ltr'><strong>sed</strong></span> <span class='ocrx_word' id='word_1_428' title='bbox 334 4346 401 4383; x_wconf 74' lang='lat' dir='ltr'><strong>ex</strong></span> <span class='ocrx_word' id='word_1_429' title='bbox 429 4343 581 4382; x_wconf 89' lang='lat' dir='ltr'><strong>more</strong></span> <span class='ocrx_word' id='word_1_430' title='bbox 608 4343 636 4379; x_wconf 91' lang='lat' dir='ltr'><strong>a</strong></span> <span class='ocrx_word' id='word_1_431' title='bbox 668 4328 968 4397; x_wconf 87' lang='lat' dir='ltr'><strong>majoribus</strong></span> <span class='ocrx_word' id='word_1_432' title='bbox 1008 4327 1225 4379; x_wconf 89' lang='lat' dir='ltr'><strong>tradito.</strong></span> <span class='ocrx_word' id='word_1_433' title='bbox 1261 4323 1414 4391; x_wconf 89' lang='lat' dir='ltr'><strong>Quod</strong></span> <span class='ocrx_word' id='word_1_434' title='bbox 1450 4326 1492 4378; x_wconf 91' lang='lat' dir='ltr'><strong>si</strong></span> <span class='ocrx_word' id='word_1_435' title='bbox 1531 4336 1672 4380; x_wconf 91' lang='lat' dir='ltr'><strong>tanta</strong></span> <span class='ocrx_word' id='word_1_436' title='bbox 1694 4326 1792 4379; x_wconf 86' lang='lat' dir='ltr'><strong>fuit</strong></span> 
     </span>
    </p>
   </div>
   <div class='ocr_carea' id='block_1_60' title="bbox 209 4417 1790 4489">
    <p class='ocr_par' dir='ltr' id='par_1_60' title="bbox 209 4417 1790 4489">
     <span class='ocr_line' id='line_1_60' title="bbox 209 4417 1790 4489; baseline -0.003 -14"><span class='ocrx_word' id='word_1_437' title='bbox 209 4420 660 4476; x_wconf 83' lang='lat' dir='ltr'><strong>Basiliiabinitio</strong></span> <span class='ocrx_word' id='word_1_438' title='bbox 690 4421 1036 4488; x_wconf 83' lang='lat' dir='ltr'><strong>episcopatus</strong></span> <span class='ocrx_word' id='word_1_439' title='bbox 1077 4418 1357 4489; x_wconf 88' lang='lat' dir='ltr'><strong>diligentia</strong></span> <span class='ocrx_word' id='word_1_440' title='bbox 1386 4417 1438 4470; x_wconf 90' lang='lat' dir='ltr'><strong>in</strong></span> <span class='ocrx_word' id='word_1_441' title='bbox 1492 4418 1556 4472; x_wconf 90' lang='lat' dir='ltr'><strong>iis</strong></span> <span class='ocrx_word' id='word_1_442' title='bbox 1607 4418 1790 4487; x_wconf 85' lang='lat' dir='ltr'><strong>prohi-</strong></span> 
     </span>
    </p>
   </div>
   <div class='ocr_carea' id='block_1_61' title="bbox 1909 1950 3479 2023">
    <p class='ocr_par' dir='ltr' id='par_1_61' title="bbox 1909 1950 3479 2023">
     <span class='ocr_line' id='line_1_61' title="bbox 1909 1950 3479 2023; baseline 0.003 -20"><span class='ocrx_word' id='word_1_443' title='bbox 1909 1950 1960 2004; x_wconf 91' lang='lat' dir='ltr'><strong>in</strong></span> <span class='ocrx_word' id='word_1_444' title='bbox 1990 1952 2138 2021; x_wconf 84' lang='lat' dir='ltr'><strong>pagis</strong></span> <span class='ocrx_word' id='word_1_445' title='bbox 2184 1966 2289 2006; x_wconf 92' lang='lat' dir='ltr'><strong>non</strong></span> <span class='ocrx_word' id='word_1_446' title='bbox 2348 1952 2465 2007; x_wconf 87' lang='lat' dir='ltr'><strong>sine</strong></span> <span class='ocrx_word' id='word_1_447' title='bbox 2496 1952 2741 2022; x_wconf 86' lang='lat' dir='ltr'><strong>diligenti</strong></span> <span class='ocrx_word' id='word_1_448' title='bbox 2784 1952 3033 2008; x_wconf 78' lang='lat' dir='ltr'><strong>examine</strong></span> <span class='ocrx_word' id='word_1_449' title='bbox 3073 1954 3479 2023; x_wconf 87' lang='lat' dir='ltr'><strong>reciperentur;</strong></span> 
     </span>
    </p>
   </div>
   <div class='ocr_carea' id='block_1_62' title="bbox 1908 2042 3482 2116">
    <p class='ocr_par' dir='ltr' id='par_1_62' title="bbox 1908 2042 3482 2116">
     <span class='ocr_line' id='line_1_62' title="bbox 1908 2042 3482 2116; baseline 0.003 -21"><span class='ocrx_word' id='word_1_450' title='bbox 1908 2043 2092 2095; x_wconf 91' lang='lat' dir='ltr'><strong>sedulo</strong></span> <span class='ocrx_word' id='word_1_451' title='bbox 2140 2042 2485 2111; x_wconf 90' lang='lat' dir='ltr'><strong>inquirebant</strong></span> <span class='ocrx_word' id='word_1_452' title='bbox 2536 2044 2590 2099; x_wconf 90' lang='lat' dir='ltr'><strong>in</strong></span> <span class='ocrx_word' id='word_1_453' title='bbox 2645 2058 2832 2099; x_wconf 89' lang='lat' dir='ltr'><strong>eorum</strong></span> <span class='ocrx_word' id='word_1_454' title='bbox 2885 2060 3060 2101; x_wconf 92' lang='lat' dir='ltr'><strong>mores</strong></span> <span class='ocrx_word' id='word_1_455' title='bbox 3100 2046 3401 2116; x_wconf 82' lang='lat' dir='ltr'><strong>presbyteri</strong></span> <span class='ocrx_word' id='word_1_456' title='bbox 3428 2058 3482 2101; x_wconf 91' lang='lat' dir='ltr'><strong>et</strong></span> 
     </span>
    </p>
   </div>
   <div class='ocr_carea' id='block_1_63' title="bbox 1906 2134 3480 2205">
    <p class='ocr_par' dir='ltr' id='par_1_63' title="bbox 1906 2134 3480 2205">
     <span class='ocr_line' id='line_1_63' title="bbox 1906 2134 3480 2205; baseline 0.001 -16"><span class='ocrx_word' id='word_1_457' title='bbox 1906 2134 2116 2189; x_wconf 88' lang='lat' dir='ltr'><strong>diaconi</strong></span> <span class='ocrx_word' id='word_1_458' title='bbox 2142 2142 2274 2187; x_wconf 87' lang='lat' dir='ltr'><strong>etad</strong></span> <span class='ocrx_word' id='word_1_459' title='bbox 2304 2135 2749 2205; x_wconf 90' lang='lat' dir='ltr'><strong>chorepiscopum</strong></span> <span class='ocrx_word' id='word_1_460' title='bbox 2777 2137 3106 2202; x_wconf 81' lang='lat' dir='ltr'><strong>referebant,</strong></span> <span class='ocrx_word' id='word_1_461' title='bbox 3128 2138 3219 2205; x_wconf 92' lang='lat' dir='ltr'><strong>qui</strong></span> <span class='ocrx_word' id='word_1_462' title='bbox 3260 2139 3480 2192; x_wconf 88' lang='lat' dir='ltr'><strong>testium</strong></span> 
     </span>
    </p>
   </div>
   <div class='ocr_carea' id='block_1_64' title="bbox 1907 2226 3477 2298">
    <p class='ocr_par' dir='ltr' id='par_1_64' title="bbox 1907 2226 3477 2298">
     <span class='ocr_line' id='line_1_64' title="bbox 1907 2226 3477 2298; baseline 0.003 -20"><span class='ocrx_word' id='word_1_463' title='bbox 1907 2226 2178 2279; x_wconf 90' lang='lat' dir='ltr'><strong>veracium</strong></span> <span class='ocrx_word' id='word_1_464' title='bbox 2215 2236 2440 2295; x_wconf 91' lang='lat' dir='ltr'><strong>accepto</strong></span> <span class='ocrx_word' id='word_1_465' title='bbox 2488 2227 2768 2296; x_wconf 82' lang='lat' dir='ltr'><strong>suffragio,</strong></span> <span class='ocrx_word' id='word_1_466' title='bbox 2799 2239 2849 2282; x_wconf 92' lang='lat' dir='ltr'><strong>et</strong></span> <span class='ocrx_word' id='word_1_467' title='bbox 2881 2230 3136 2298; x_wconf 88' lang='lat' dir='ltr'><strong>episcopo</strong></span> <span class='ocrx_word' id='word_1_468' title='bbox 3175 2229 3477 2294; x_wconf 86' lang='lat' dir='ltr'><strong>admonito,</strong></span> 
     </span>
    </p>
   </div>
   <div class='ocr_carea' id='block_1_65' title="bbox 1907 2317 3478 2377">
    <p class='ocr_par' dir='ltr' id='par_1_65' title="bbox 1907 2317 3478 2377">
     <span class='ocr_line' id='line_1_65' title="bbox 1907 2317 3478 2377; baseline 0.004 -8"><span class='ocrx_word' id='word_1_469' title='bbox 1907 2318 2214 2371; x_wconf 89' lang='lat' dir='ltr'><strong>ministrum</strong></span> <span class='ocrx_word' id='word_1_470' title='bbox 2260 2317 2404 2372; x_wconf 90' lang='lat' dir='ltr'><strong>clero</strong></span> <span class='ocrx_word' id='word_1_471' title='bbox 2442 2319 2761 2373; x_wconf 88' lang='lat' dir='ltr'><strong>asciscebat.</strong></span> <span class='ocrx_word' id='word_1_472' title='bbox 2818 2318 2924 2374; x_wconf 87' lang='lat' dir='ltr'><strong>Sed</strong></span> <span class='ocrx_word' id='word_1_473' title='bbox 2971 2321 3035 2373; x_wconf 92' lang='lat' dir='ltr'><strong>de</strong></span> <span class='ocrx_word' id='word_1_474' title='bbox 3080 2322 3183 2375; x_wconf 90' lang='lat' dir='ltr'><strong>hoc</strong></span> <span class='ocrx_word' id='word_1_475' title='bbox 3211 2336 3360 2377; x_wconf 89' lang='lat' dir='ltr'><strong>more</strong></span> <span class='ocrx_word' id='word_1_476' title='bbox 3383 2324 3478 2375; x_wconf 86' lang='lat' dir='ltr'><strong>de-</strong></span> 
     </span>
    </p>
   </div>
   <div class='ocr_carea' id='block_1_66' title="bbox 1904 2404 3477 2479">
    <p class='ocr_par' dir='ltr' id='par_1_66' title="bbox 1904 2404 3477 2479">
     <span class='ocr_line' id='line_1_66' title="bbox 1904 2404 3477 2479; baseline 0.003 -20"><span class='ocrx_word' id='word_1_477' title='bbox 1904 2404 2167 2460; x_wconf 85' lang='lat' dir='ltr'><strong>ﬂexerant</strong></span> <span class='ocrx_word' id='word_1_478' title='bbox 2196 2409 2567 2479; x_wconf 88' lang='lat' dir='ltr'><strong>chorepisc0pi</strong></span> <span class='ocrx_word' id='word_1_479' title='bbox 2624 2410 2675 2464; x_wconf 94' lang='lat' dir='ltr'><strong>in</strong></span> <span class='ocrx_word' id='word_1_480' title='bbox 2714 2410 2953 2465; x_wconf 86' lang='lat' dir='ltr'><strong>Ecclesia</strong></span> <span class='ocrx_word' id='word_1_481' title='bbox 2984 2409 3324 2477; x_wconf 68' lang='lat' dir='ltr'><strong>Caesariensi,</strong></span> <span class='ocrx_word' id='word_1_482' title='bbox 3355 2426 3477 2466; x_wconf 93' lang='lat' dir='ltr'><strong>cum</strong></span> 
     </span>
    </p>
   </div>
   <div class='ocr_carea' id='block_1_67' title="bbox 1911 2497 3447 2572">
    <p class='ocr_par' dir='ltr' id='par_1_67' title="bbox 1911 2497 3447 2572">
     <span class='ocr_line' id='line_1_67' title="bbox 1911 2497 3447 2572; baseline 0.005 -23"><span class='ocrx_word' id='word_1_483' title='bbox 1911 2497 2140 2552; x_wconf 87' lang='lat' dir='ltr'><strong>Basilius</strong></span> <span class='ocrx_word' id='word_1_484' title='bbox 2188 2500 2251 2553; x_wconf 89' lang='lat' dir='ltr'><strong>ad</strong></span> <span class='ocrx_word' id='word_1_485' title='bbox 2291 2499 2429 2554; x_wconf 83' lang='lat' dir='ltr'><strong>hanc</strong></span> <span class='ocrx_word' id='word_1_486' title='bbox 2458 2501 2640 2555; x_wconf 86' lang='lat' dir='ltr'><strong>sedem</strong></span> <span class='ocrx_word' id='word_1_487' title='bbox 2670 2512 2890 2556; x_wconf 88' lang='lat' dir='ltr'><strong>evectus</strong></span> <span class='ocrx_word' id='word_1_488' title='bbox 2928 2512 3029 2557; x_wconf 89' lang='lat' dir='ltr'><strong>est.</strong></span> <span class='ocrx_word' id='word_1_489' title='bbox 3066 2501 3306 2556; x_wconf 80' lang='lat' dir='ltr'><strong>Primum</strong></span> <span class='ocrx_word' id='word_1_490' title='bbox 3355 2504 3447 2572; x_wconf 75' lang='lat' dir='ltr'><strong>qui</strong></span> 
     </span>
    </p>
   </div>
   <div class='ocr_carea' id='block_1_68' title="bbox 1904 2592 3473 2665">
    <p class='ocr_par' dir='ltr' id='par_1_68' title="bbox 1904 2592 3473 2665">
     <span class='ocr_line' id='line_1_68' title="bbox 1904 2592 3473 2665; baseline 0.003 -20"><span class='ocrx_word' id='word_1_491' title='bbox 1904 2592 2021 2645; x_wconf 92' lang='lat' dir='ltr'><strong>dem</strong></span> <span class='ocrx_word' id='word_1_492' title='bbox 2056 2594 2154 2646; x_wconf 89' lang='lat' dir='ltr'><strong>sibi</strong></span> <span class='ocrx_word' id='word_1_493' title='bbox 2192 2601 2357 2647; x_wconf 92' lang='lat' dir='ltr'><strong>totam</strong></span> <span class='ocrx_word' id='word_1_494' title='bbox 2388 2596 2765 2648; x_wconf 90' lang='lat' dir='ltr'><strong>auctoritatem</strong></span> <span class='ocrx_word' id='word_1_495' title='bbox 2802 2596 3183 2659; x_wconf 88' lang='lat' dir='ltr'><strong>attribuerant,</strong></span> <span class='ocrx_word' id='word_1_496' title='bbox 3217 2597 3473 2665; x_wconf 88' lang='lat' dir='ltr'><strong>episcopo</strong></span> 
     </span>
    </p>
   </div>
   <div class='ocr_carea' id='block_1_69' title="bbox 1904 2680 3466 2753">
    <p class='ocr_par' dir='ltr' id='par_1_69' title="bbox 1904 2680 3466 2753">
     <span class='ocr_line' id='line_1_69' title="bbox 1904 2680 3466 2753; baseline 0.003 -20"><span class='ocrx_word' id='word_1_497' title='bbox 1904 2680 2146 2749; x_wconf 85' lang='lat' dir='ltr'><strong>neglecto</strong></span> <span class='ocrx_word' id='word_1_498' title='bbox 2178 2700 2189 2736; x_wconf 94' lang='lat'>:</span> <span class='ocrx_word' id='word_1_499' title='bbox 2221 2683 2412 2735; x_wconf 91' lang='lat' dir='ltr'><strong>deinde</strong></span> <span class='ocrx_word' id='word_1_500' title='bbox 2444 2684 2605 2736; x_wconf 91' lang='lat' dir='ltr'><strong>etiam</strong></span> <span class='ocrx_word' id='word_1_501' title='bbox 2648 2682 2807 2749; x_wconf 87' lang='lat' dir='ltr'><strong>hujus</strong></span> <span class='ocrx_word' id='word_1_502' title='bbox 2844 2686 2919 2738; x_wconf 93' lang='lat' dir='ltr'><strong>rei</strong></span> <span class='ocrx_word' id='word_1_503' title='bbox 2955 2694 3141 2737; x_wconf 89' lang='lat' dir='ltr'><strong>curam</strong></span> <span class='ocrx_word' id='word_1_504' title='bbox 3185 2684 3285 2753; x_wconf 90' lang='lat' dir='ltr'><strong>ipsi</strong></span> <span class='ocrx_word' id='word_1_505' title='bbox 3317 2684 3466 2751; x_wconf 89' lang='lat' dir='ltr'><strong>abje-</strong></span> 
     </span>
    </p>
   </div>
   <div class='ocr_carea' id='block_1_70' title="bbox 1903 2774 3472 2845">
    <p class='ocr_par' dir='ltr' id='par_1_70' title="bbox 1903 2774 3472 2845">
     <span class='ocr_line' id='line_1_70' title="bbox 1903 2774 3472 2845; baseline 0.003 -18"><span class='ocrx_word' id='word_1_506' title='bbox 1903 2783 2108 2839; x_wconf 91' lang='lat' dir='ltr'><strong>eerant,</strong></span> <span class='ocrx_word' id='word_1_507' title='bbox 2143 2784 2197 2827; x_wconf 92' lang='lat' dir='ltr'><strong>et</strong></span> <span class='ocrx_word' id='word_1_508' title='bbox 2226 2774 2275 2827; x_wconf 95' lang='lat' dir='ltr'><strong>in</strong></span> <span class='ocrx_word' id='word_1_509' title='bbox 2306 2775 2649 2845; x_wconf 85' lang='lat' dir='ltr'><strong>presbyteros</strong></span> <span class='ocrx_word' id='word_1_510' title='bbox 2673 2791 2734 2830; x_wconf 93' lang='lat' dir='ltr'><strong>ac</strong></span> <span class='ocrx_word' id='word_1_511' title='bbox 2769 2776 3024 2832; x_wconf 89' lang='lat' dir='ltr'><strong>diaconos</strong></span> <span class='ocrx_word' id='word_1_512' title='bbox 3061 2777 3472 2831; x_wconf 89' lang='lat' dir='ltr'><strong>transtulerant.</strong></span> 
     </span>
    </p>
   </div>
   <div class='ocr_carea' id='block_1_71' title="bbox 1901 2862 3477 2940">
    <p class='ocr_par' dir='ltr' id='par_1_71' title="bbox 1901 2862 3477 2940">
     <span class='ocr_line' id='line_1_71' title="bbox 1901 2862 3477 2940; baseline 0.005 -25"><span class='ocrx_word' id='word_1_513' title='bbox 1901 2862 2027 2916; x_wconf 85' lang='lat' dir='ltr'><strong>Inde</strong></span> <span class='ocrx_word' id='word_1_514' title='bbox 2062 2873 2336 2928; x_wconf 88' lang='lat' dir='ltr'><strong>evenerat,</strong></span> <span class='ocrx_word' id='word_1_515' title='bbox 2370 2876 2426 2917; x_wconf 92' lang='lat' dir='ltr'><strong>ut</strong></span> <span class='ocrx_word' id='word_1_516' title='bbox 2453 2866 2606 2920; x_wconf 91' lang='lat' dir='ltr'><strong>multi</strong></span> <span class='ocrx_word' id='word_1_517' title='bbox 2638 2876 2821 2921; x_wconf 87' lang='lat' dir='ltr'><strong>essent</strong></span> <span class='ocrx_word' id='word_1_518' title='bbox 2851 2869 2902 2921; x_wconf 92' lang='lat' dir='ltr'><strong>in</strong></span> <span class='ocrx_word' id='word_1_519' title='bbox 2938 2869 3167 2940; x_wconf 86' lang='lat' dir='ltr'><strong>singulis</strong></span> <span class='ocrx_word' id='word_1_520' title='bbox 3199 2870 3348 2939; x_wconf 85' lang='lat' dir='ltr'><strong>pagis</strong></span> <span class='ocrx_word' id='word_1_521' title='bbox 3372 2870 3477 2923; x_wconf 84' lang='lat' dir='ltr'><strong>mi-</strong></span> 
     </span>
    </p>
   </div>
   <div class='ocr_carea' id='block_1_72' title="bbox 1902 2954 3478 3028">
    <p class='ocr_par' dir='ltr' id='par_1_72' title="bbox 1902 2954 3478 3028">
     <span class='ocr_line' id='line_1_72' title="bbox 1902 2954 3478 3028; baseline 0.004 -22"><span class='ocrx_word' id='word_1_522' title='bbox 1902 2954 2082 3017; x_wconf 90' lang='lat' dir='ltr'><strong>nistri,</strong></span> <span class='ocrx_word' id='word_1_523' title='bbox 2109 2957 2204 3009; x_wconf 86' lang='lat' dir='ltr'><strong>sed</strong></span> <span class='ocrx_word' id='word_1_524' title='bbox 2237 2955 2415 3008; x_wconf 89' lang='lat' dir='ltr'><strong>nullus</strong></span> <span class='ocrx_word' id='word_1_525' title='bbox 2460 2956 2714 3009; x_wconf 82' lang='lat' dir='ltr'><strong>altarium</strong></span> <span class='ocrx_word' id='word_1_526' title='bbox 2762 2957 3065 3011; x_wconf 85' lang='lat' dir='ltr'><strong>ministerio</strong></span> <span class='ocrx_word' id='word_1_527' title='bbox 3096 2960 3289 3028; x_wconf 91' lang='lat' dir='ltr'><strong>dignus</strong></span> <span class='ocrx_word' id='word_1_528' title='bbox 3321 2974 3478 3028; x_wconf 84' lang='lat' dir='ltr'><strong>repe-</strong></span> 
     </span>
    </p>
   </div>
   <div class='ocr_carea' id='block_1_73' title="bbox 1901 3047 3475 3119">
    <p class='ocr_par' dir='ltr' id='par_1_73' title="bbox 1901 3047 3475 3119">
     <span class='ocr_line' id='line_1_73' title="bbox 1901 3047 3475 3119; baseline 0.001 -19"><span class='ocrx_word' id='word_1_529' title='bbox 1901 3047 2133 3113; x_wconf 87' lang='lat' dir='ltr'><strong>riretur,</strong></span> <span class='ocrx_word' id='word_1_530' title='bbox 2196 3062 2258 3101; x_wconf 85' lang='lat' dir='ltr'><strong>ac</strong></span> <span class='ocrx_word' id='word_1_531' title='bbox 2314 3063 2582 3103; x_wconf 85' lang='lat' dir='ltr'><strong>summam</strong></span> <span class='ocrx_word' id='word_1_532' title='bbox 2638 3063 2755 3103; x_wconf 88' lang='lat' dir='ltr'><strong>esse</strong></span> <span class='ocrx_word' id='word_1_533' title='bbox 2820 3050 3098 3118; x_wconf 86' lang='lat' dir='ltr'><strong>penuriam</strong></span> <span class='ocrx_word' id='word_1_534' title='bbox 3155 3051 3253 3119; x_wconf 89' lang='lat' dir='ltr'><strong>ipsi</strong></span> <span class='ocrx_word' id='word_1_535' title='bbox 3312 3051 3475 3105; x_wconf 88' lang='lat' dir='ltr'><strong>chor-</strong></span> 
     </span>
    </p>
   </div>
   <div class='ocr_carea' id='block_1_74' title="bbox 1902 3139 3477 3211">
    <p class='ocr_par' dir='ltr' id='par_1_74' title="bbox 1902 3139 3477 3211">
     <span class='ocr_line' id='line_1_74' title="bbox 1902 3139 3477 3211; baseline 0 -18"><span class='ocrx_word' id='word_1_536' title='bbox 1902 3140 2136 3209; x_wconf 82' lang='lat' dir='ltr'><strong>episc0pi</strong></span> <span class='ocrx_word' id='word_1_537' title='bbox 2164 3139 2481 3205; x_wconf 88' lang='lat' dir='ltr'><strong>faterentur,</strong></span> <span class='ocrx_word' id='word_1_538' title='bbox 2512 3141 2600 3195; x_wconf 80' lang='lat' dir='ltr'><strong>ubi</strong></span> <span class='ocrx_word' id='word_1_539' title='bbox 2625 3141 2838 3195; x_wconf 91' lang='lat' dir='ltr'><strong>diaconi</strong></span> <span class='ocrx_word' id='word_1_540' title='bbox 2867 3150 2961 3193; x_wconf 92' lang='lat' dir='ltr'><strong>aut</strong></span> <span class='ocrx_word' id='word_1_541' title='bbox 2985 3140 3281 3211; x_wconf 84' lang='lat' dir='ltr'><strong>presbyteri</strong></span> <span class='ocrx_word' id='word_1_542' title='bbox 3318 3151 3477 3195; x_wconf 81' lang='lat' dir='ltr'><strong>erant</strong></span> 
     </span>
    </p>
   </div>
   <div class='ocr_carea' id='block_1_75' title="bbox 1899 3231 2155 3299">
    <p class='ocr_par' dir='ltr' id='par_1_75' title="bbox 1899 3231 2155 3299">
     <span class='ocr_line' id='line_1_75' title="bbox 1899 3231 2155 3299; baseline 0 -16"><span class='ocrx_word' id='word_1_543' title='bbox 1899 3231 2155 3299; x_wconf 59' lang='lat' dir='ltr'><strong>eﬂgendh</strong></span> 
     </span>
    </p>
   </div>
   <div class='ocr_carea' id='block_1_76' title="bbox 1968 3319 3472 3389">
    <p class='ocr_par' dir='ltr' id='par_1_76' title="bbox 1968 3319 3472 3389">
     <span class='ocr_line' id='line_1_76' title="bbox 1968 3319 3472 3389; baseline -0.001 -17"><span class='ocrx_word' id='word_1_544' title='bbox 1968 3320 2197 3374; x_wconf 82' lang='lat' dir='ltr'><strong>Basilius</strong></span> <span class='ocrx_word' id='word_1_545' title='bbox 2237 3321 2420 3389; x_wconf 83' lang='lat' dir='ltr'><strong>itaque</strong></span> <span class='ocrx_word' id='word_1_546' title='bbox 2456 3335 2579 3374; x_wconf 92' lang='lat' dir='ltr'><strong>cum</strong></span> <span class='ocrx_word' id='word_1_547' title='bbox 2610 3321 2817 3374; x_wconf 86' lang='lat' dir='ltr'><strong>videret</strong></span> <span class='ocrx_word' id='word_1_548' title='bbox 2849 3334 2960 3373; x_wconf 90' lang='lat' dir='ltr'><strong>rem</strong></span> <span class='ocrx_word' id='word_1_549' title='bbox 2999 3319 3050 3371; x_wconf 89' lang='lat' dir='ltr'><strong>in</strong></span> <span class='ocrx_word' id='word_1_550' title='bbox 3087 3319 3289 3373; x_wconf 85' lang='lat' dir='ltr'><strong>malum</strong></span> <span class='ocrx_word' id='word_1_551' title='bbox 3320 3320 3472 3374; x_wconf 86' lang='lat' dir='ltr'><strong>insa-</strong></span> 
     </span>
    </p>
   </div>
   <div class='ocr_carea' id='block_1_77' title="bbox 1898 3410 3471 3480">
    <p class='ocr_par' dir='ltr' id='par_1_77' title="bbox 1898 3410 3471 3480">
     <span class='ocr_line' id='line_1_77' title="bbox 1898 3410 3471 3480; baseline -0.001 -16"><span class='ocrx_word' id='word_1_552' title='bbox 1898 3412 2074 3465; x_wconf 88' lang='lat' dir='ltr'><strong>nabile</strong></span> <span class='ocrx_word' id='word_1_553' title='bbox 2098 3413 2375 3480; x_wconf 86' lang='lat' dir='ltr'><strong>progredi,</strong></span> <span class='ocrx_word' id='word_1_554' title='bbox 2417 3410 2505 3464; x_wconf 90' lang='lat' dir='ltr'><strong>illo</strong></span> <span class='ocrx_word' id='word_1_555' title='bbox 2532 3411 2829 3480; x_wconf 69' lang='lat' dir='ltr'><strong>prmsertim</strong></span> <span class='ocrx_word' id='word_1_556' title='bbox 2865 3420 3126 3479; x_wconf 91' lang='lat' dir='ltr'><strong>tempore,</strong></span> <span class='ocrx_word' id='word_1_557' title='bbox 3162 3425 3272 3480; x_wconf 89' lang='lat' dir='ltr'><strong>quo</strong></span> <span class='ocrx_word' id='word_1_558' title='bbox 3306 3412 3471 3467; x_wconf 79' lang='lat' dir='ltr'><strong>multi</strong></span> 
     </span>
    </p>
   </div>
   <div class='ocr_carea' id='block_1_78' title="bbox 1894 3501 3472 3571">
    <p class='ocr_par' dir='ltr' id='par_1_78' title="bbox 1894 3501 3472 3571">
     <span class='ocr_line' id='line_1_78' title="bbox 1894 3501 3472 3571; baseline -0.001 -16"><span class='ocrx_word' id='word_1_559' title='bbox 1894 3502 2096 3557; x_wconf 70' lang='lat' dir='ltr'><strong>militia:</strong></span> <span class='ocrx_word' id='word_1_560' title='bbox 2123 3512 2266 3556; x_wconf 91' lang='lat' dir='ltr'><strong>metu</strong></span> <span class='ocrx_word' id='word_1_561' title='bbox 2322 3502 2687 3557; x_wconf 88' lang='lat' dir='ltr'><strong>ministerium</strong></span> <span class='ocrx_word' id='word_1_562' title='bbox 2732 3504 3078 3571; x_wconf 91' lang='lat' dir='ltr'><strong>appetebant,</strong></span> <span class='ocrx_word' id='word_1_563' title='bbox 3116 3501 3472 3556; x_wconf 83' lang='lat' dir='ltr'><strong>renovatPa-</strong></span> 
     </span>
    </p>
   </div>
   <div class='ocr_carea' id='block_1_79' title="bbox 1896 3592 3471 3662">
    <p class='ocr_par' dir='ltr' id='par_1_79' title="bbox 1896 3592 3471 3662">
     <span class='ocr_line' id='line_1_79' title="bbox 1896 3592 3471 3662; baseline -0.001 -15"><span class='ocrx_word' id='word_1_564' title='bbox 1896 3602 2039 3648; x_wconf 92' lang='lat' dir='ltr'><strong>trum</strong></span> <span class='ocrx_word' id='word_1_565' title='bbox 2071 3609 2329 3659; x_wconf 88' lang='lat' dir='ltr'><strong>canones,</strong></span> <span class='ocrx_word' id='word_1_566' title='bbox 2357 3610 2421 3648; x_wconf 89' lang='lat' dir='ltr'><strong>ac</strong></span> <span class='ocrx_word' id='word_1_567' title='bbox 2446 3593 2850 3661; x_wconf 80' lang='lat' dir='ltr'><strong>cliorepisc0pis</strong></span> <span class='ocrx_word' id='word_1_568' title='bbox 2883 3593 3142 3662; x_wconf 76' lang='lat' dir='ltr'><strong>przncipit,</strong></span> <span class='ocrx_word' id='word_1_569' title='bbox 3176 3602 3233 3647; x_wconf 93' lang='lat' dir='ltr'><strong>ut</strong></span> <span class='ocrx_word' id='word_1_570' title='bbox 3262 3592 3471 3647; x_wconf 90' lang='lat' dir='ltr'><strong>catalo-</strong></span> 
     </span>
    </p>
   </div>
   <div class='ocr_carea' id='block_1_80' title="bbox 1895 3680 3472 3750">
    <p class='ocr_par' dir='ltr' id='par_1_80' title="bbox 1895 3680 3472 3750">
     <span class='ocr_line' id='line_1_80' title="bbox 1895 3680 3472 3750; baseline 0.003 -19"><span class='ocrx_word' id='word_1_571' title='bbox 1895 3694 2019 3747; x_wconf 90' lang='lat' dir='ltr'><strong>gum</strong></span> <span class='ocrx_word' id='word_1_572' title='bbox 2072 3681 2439 3734; x_wconf 86' lang='lat' dir='ltr'><strong>ministrorum</strong></span> <span class='ocrx_word' id='word_1_573' title='bbox 2472 3680 2736 3750; x_wconf 90' lang='lat' dir='ltr'><strong>cujusque</strong></span> <span class='ocrx_word' id='word_1_574' title='bbox 2768 3681 2887 3750; x_wconf 81' lang='lat' dir='ltr'><strong>pagi</strong></span> <span class='ocrx_word' id='word_1_575' title='bbox 2920 3683 2987 3735; x_wconf 87' lang='lat' dir='ltr'><strong>ad</strong></span> <span class='ocrx_word' id='word_1_576' title='bbox 3015 3696 3072 3735; x_wconf 88' lang='lat' dir='ltr'><strong>se</strong></span> <span class='ocrx_word' id='word_1_577' title='bbox 3101 3683 3335 3745; x_wconf 86' lang='lat' dir='ltr'><strong>mittant,</strong></span> <span class='ocrx_word' id='word_1_578' title='bbox 3364 3692 3415 3735; x_wconf 91' lang='lat' dir='ltr'><strong>et</strong></span> <span class='ocrx_word' id='word_1_579' title='bbox 3441 3697 3472 3736; x_wconf 67' lang='grc' dir='ltr'>ι</span> 
     </span>
    </p>
   </div>
   <div class='ocr_carea' id='block_1_81' title="bbox 1893 3774 3473 3842">
    <p class='ocr_par' dir='ltr' id='par_1_81' title="bbox 1893 3774 3473 3842">
     <span class='ocr_line' id='line_1_81' title="bbox 1893 3774 3473 3842; baseline 0.002 -18"><span class='ocrx_word' id='word_1_580' title='bbox 1893 3787 2000 3841; x_wconf 91' lang='lat' dir='ltr'><strong>quo</strong></span> <span class='ocrx_word' id='word_1_581' title='bbox 2043 3774 2272 3841; x_wconf 89' lang='lat' dir='ltr'><strong>quisque</strong></span> <span class='ocrx_word' id='word_1_582' title='bbox 2324 3774 2666 3827; x_wconf 89' lang='lat' dir='ltr'><strong>introductus</strong></span> <span class='ocrx_word' id='word_1_583' title='bbox 2716 3775 2818 3835; x_wconf 89' lang='lat' dir='ltr'><strong>sit,</strong></span> <span class='ocrx_word' id='word_1_584' title='bbox 2860 3783 2913 3826; x_wconf 93' lang='lat' dir='ltr'><strong>et</strong></span> <span class='ocrx_word' id='word_1_585' title='bbox 2947 3790 3067 3842; x_wconf 68' lang='lat' dir='ltr'><strong>quae</strong></span> <span class='ocrx_word' id='word_1_586' title='bbox 3103 3778 3173 3827; x_wconf 92' lang='lat' dir='ltr'><strong>sit</strong></span> <span class='ocrx_word' id='word_1_587' title='bbox 3212 3778 3356 3829; x_wconf 83' lang='lat' dir='ltr'><strong>illius</strong></span> <span class='ocrx_word' id='word_1_588' title='bbox 3392 3776 3473 3827; x_wconf 90' lang='lat' dir='ltr'><strong>vi-</strong></span> 
     </span>
    </p>
   </div>
   <div class='ocr_carea' id='block_1_82' title="bbox 1893 3862 3474 3935">
    <p class='ocr_par' dir='ltr' id='par_1_82' title="bbox 1893 3862 3474 3935">
     <span class='ocr_line' id='line_1_82' title="bbox 1893 3862 3474 3935; baseline 0.004 -22"><span class='ocrx_word' id='word_1_589' title='bbox 1893 3862 2049 3917; x_wconf 89' lang='lat' dir='ltr'><strong>vendi</strong></span> <span class='ocrx_word' id='word_1_590' title='bbox 2088 3863 2224 3916; x_wconf 92' lang='lat' dir='ltr'><strong>ratio</strong></span> <span class='ocrx_word' id='word_1_591' title='bbox 2258 3880 2270 3915; x_wconf 94' lang='lat'>:</span> <span class='ocrx_word' id='word_1_592' title='bbox 2304 3862 2662 3926; x_wconf 89' lang='lat' dir='ltr'><strong>eumdemque</strong></span> <span class='ocrx_word' id='word_1_593' title='bbox 2722 3864 3027 3933; x_wconf 88' lang='lat' dir='ltr'><strong>catalogmu</strong></span> <span class='ocrx_word' id='word_1_594' title='bbox 3068 3866 3207 3935; x_wconf 73' lang='lat' dir='ltr'><strong>apud</strong></span> <span class='ocrx_word' id='word_1_595' title='bbox 3252 3880 3309 3921; x_wconf 90' lang='lat' dir='ltr'><strong>se</strong></span> <span class='ocrx_word' id='word_1_596' title='bbox 3344 3866 3474 3920; x_wconf 89' lang='lat' dir='ltr'><strong>reti-</strong></span> 
     </span>
    </p>
   </div>
   <div class='ocr_carea' id='block_1_83' title="bbox 1893 3954 3474 4029">
    <p class='ocr_par' dir='ltr' id='par_1_83' title="bbox 1893 3954 3474 4029">
     <span class='ocr_line' id='line_1_83' title="bbox 1893 3954 3474 4029; baseline -0.001 -21"><span class='ocrx_word' id='word_1_597' title='bbox 1893 3964 2074 4017; x_wconf 90' lang='lat' dir='ltr'><strong>neant,</strong></span> <span class='ocrx_word' id='word_1_598' title='bbox 2104 3965 2158 4009; x_wconf 93' lang='lat' dir='ltr'><strong>et</strong></span> <span class='ocrx_word' id='word_1_599' title='bbox 2184 3954 2227 4009; x_wconf 91' lang='lat' dir='ltr'><strong>si</strong></span> <span class='ocrx_word' id='word_1_600' title='bbox 2261 3956 2350 4024; x_wconf 91' lang='lat' dir='ltr'><strong>qui</strong></span> <span class='ocrx_word' id='word_1_601' title='bbox 2387 3965 2507 4025; x_wconf 93' lang='lat' dir='ltr'><strong>post</strong></span> <span class='ocrx_word' id='word_1_602' title='bbox 2544 3957 2774 4025; x_wconf 82' lang='lat' dir='ltr'><strong>primam</strong></span> <span class='ocrx_word' id='word_1_603' title='bbox 2802 3958 3151 4011; x_wconf 83' lang='lat' dir='ltr'><strong>indictioncm</strong></span> <span class='ocrx_word' id='word_1_604' title='bbox 3188 3975 3215 4012; x_wconf 91' lang='lat' dir='ltr'><strong>a</strong></span> <span class='ocrx_word' id='word_1_605' title='bbox 3248 3962 3474 4029; x_wconf 68' lang='lat' dir='ltr'><strong>presliy.</strong></span> 
     </span>
    </p>
   </div>
   <div class='ocr_carea' id='block_1_84' title="bbox 1891 4046 3471 4117">
    <p class='ocr_par' dir='ltr' id='par_1_84' title="bbox 1891 4046 3471 4117">
     <span class='ocr_line' id='line_1_84' title="bbox 1891 4046 3471 4117; baseline 0.003 -18"><span class='ocrx_word' id='word_1_606' title='bbox 1891 4046 2024 4100; x_wconf 85' lang='lat' dir='ltr'><strong>teris</strong></span> <span class='ocrx_word' id='word_1_607' title='bbox 2076 4050 2310 4117; x_wconf 89' lang='lat' dir='ltr'><strong>suscepti</strong></span> <span class='ocrx_word' id='word_1_608' title='bbox 2346 4046 2580 4110; x_wconf 90' lang='lat' dir='ltr'><strong>fuerint,</strong></span> <span class='ocrx_word' id='word_1_609' title='bbox 2619 4049 2758 4103; x_wconf 90' lang='lat' dir='ltr'><strong>inter</strong></span> <span class='ocrx_word' id='word_1_610' title='bbox 2800 4049 2967 4103; x_wconf 90' lang='lat' dir='ltr'><strong>laicos</strong></span> <span class='ocrx_word' id='word_1_611' title='bbox 3008 4050 3359 4116; x_wconf 88' lang='lat' dir='ltr'><strong>rejiciantur;</strong></span> <span class='ocrx_word' id='word_1_612' title='bbox 3409 4065 3471 4103; x_wconf 85' lang='lat' dir='ltr'><strong>ac</strong></span> 
     </span>
    </p>
   </div>
   <div class='ocr_carea' id='block_1_85' title="bbox 1895 4140 3471 4211">
    <p class='ocr_par' dir='ltr' id='par_1_85' title="bbox 1895 4140 3471 4211">
     <span class='ocr_line' id='line_1_85' title="bbox 1895 4140 3471 4211; baseline 0.001 -20"><span class='ocrx_word' id='word_1_613' title='bbox 1895 4152 2081 4192; x_wconf 89' lang='lat' dir='ltr'><strong>rursus</strong></span> <span class='ocrx_word' id='word_1_614' title='bbox 2120 4140 2521 4199; x_wconf 74' lang='lat' dir='ltr'><strong>examinentur,</strong></span> <span class='ocrx_word' id='word_1_615' title='bbox 2552 4150 2606 4193; x_wconf 91' lang='lat' dir='ltr'><strong>et</strong></span> <span class='ocrx_word' id='word_1_616' title='bbox 2657 4140 2701 4193; x_wconf 91' lang='lat' dir='ltr'><strong>si</strong></span> <span class='ocrx_word' id='word_1_617' title='bbox 2746 4142 2889 4211; x_wconf 87' lang='lat' dir='ltr'><strong>digni</strong></span> <span class='ocrx_word' id='word_1_618' title='bbox 2930 4141 3155 4205; x_wconf 90' lang='lat' dir='ltr'><strong>fuerint,</strong></span> <span class='ocrx_word' id='word_1_619' title='bbox 3184 4142 3471 4195; x_wconf 89' lang='lat' dir='ltr'><strong>admittan-</strong></span> 
     </span>
    </p>
   </div>
   <div class='ocr_carea' id='block_1_86' title="bbox 1895 4228 3470 4303">
    <p class='ocr_par' dir='ltr' id='par_1_86' title="bbox 1895 4228 3470 4303">
     <span class='ocr_line' id='line_1_86' title="bbox 1895 4228 3470 4303; baseline 0.003 -21"><span class='ocrx_word' id='word_1_620' title='bbox 1895 4240 2001 4283; x_wconf 89' lang='lat' dir='ltr'><strong>tur.</strong></span> <span class='ocrx_word' id='word_1_621' title='bbox 2040 4228 2188 4282; x_wconf 87' lang='lat' dir='ltr'><strong>llane</strong></span> <span class='ocrx_word' id='word_1_622' title='bbox 2233 4230 2474 4296; x_wconf 82' lang='lat' dir='ltr'><strong>regulam</strong></span> <span class='ocrx_word' id='word_1_623' title='bbox 2529 4230 2783 4301; x_wconf 89' lang='lat' dir='ltr'><strong>deinceps</strong></span> <span class='ocrx_word' id='word_1_624' title='bbox 2838 4241 3094 4285; x_wconf 86' lang='lat' dir='ltr'><strong>accurate</strong></span> <span class='ocrx_word' id='word_1_625' title='bbox 3145 4234 3470 4303; x_wconf 80' lang='lat' dir='ltr'><strong>servariju-</strong></span> 
     </span>
    </p>
   </div>
   <div class='ocr_carea' id='block_1_87' title="bbox 1894 4322 3467 4394">
    <p class='ocr_par' dir='ltr' id='par_1_87' title="bbox 1894 4322 3467 4394">
     <span class='ocr_line' id='line_1_87' title="bbox 1894 4322 3467 4394; baseline 0.001 -17"><span class='ocrx_word' id='word_1_626' title='bbox 1894 4325 2004 4387; x_wconf 89' lang='lat' dir='ltr'><strong>bet,</strong></span> <span class='ocrx_word' id='word_1_627' title='bbox 2040 4334 2097 4375; x_wconf 86' lang='lat' dir='ltr'><strong>ut</strong></span> <span class='ocrx_word' id='word_1_628' title='bbox 2139 4322 2515 4391; x_wconf 87' lang='lat' dir='ltr'><strong>chorepisc0pi</strong></span> <span class='ocrx_word' id='word_1_629' title='bbox 2566 4324 2852 4390; x_wconf 87' lang='lat' dir='ltr'><strong>diligenter</strong></span> <span class='ocrx_word' id='word_1_630' title='bbox 2900 4326 3213 4378; x_wconf 82' lang='lat' dir='ltr'><strong>examinem</strong></span> <span class='ocrx_word' id='word_1_631' title='bbox 3246 4326 3467 4394; x_wconf 90' lang='lat' dir='ltr'><strong>quinam</strong></span> 
     </span>
    </p>
   </div>
   <div class='ocr_carea' id='block_1_88' title="bbox 1892 4413 3471 4484">
    <p class='ocr_par' dir='ltr' id='par_1_88' title="bbox 1892 4413 3471 4484">
     <span class='ocr_line' id='line_1_88' title="bbox 1892 4413 3471 4484; baseline 0.002 -17"><span class='ocrx_word' id='word_1_632' title='bbox 1892 4416 2035 4482; x_wconf 88' lang='lat' dir='ltr'><strong>digni</strong></span> <span class='ocrx_word' id='word_1_633' title='bbox 2080 4414 2208 4475; x_wconf 88' lang='lat' dir='ltr'><strong>sint,</strong></span> <span class='ocrx_word' id='word_1_634' title='bbox 2239 4424 2293 4467; x_wconf 90' lang='lat' dir='ltr'><strong>et</strong></span> <span class='ocrx_word' id='word_1_635' title='bbox 2340 4416 2404 4467; x_wconf 90' lang='lat' dir='ltr'><strong>ad</strong></span> <span class='ocrx_word' id='word_1_636' title='bbox 2434 4428 2491 4468; x_wconf 88' lang='lat' dir='ltr'><strong>se</strong></span> <span class='ocrx_word' id='word_1_637' title='bbox 2541 4413 2776 4467; x_wconf 85' lang='lat' dir='ltr'><strong>referant</strong></span> <span class='ocrx_word' id='word_1_638' title='bbox 2811 4431 2823 4467; x_wconf 92' lang='lat'><strong>:</strong></span> <span class='ocrx_word' id='word_1_639' title='bbox 2860 4415 3058 4484; x_wconf 86' lang='lat' dir='ltr'><strong>alioqui</strong></span> <span class='ocrx_word' id='word_1_640' title='bbox 3100 4417 3298 4470; x_wconf 87' lang='lat' dir='ltr'><strong>laicum</strong></span> <span class='ocrx_word' id='word_1_641' title='bbox 3330 4417 3471 4470; x_wconf 82' lang='lat' dir='ltr'><strong>futu-</strong></span> 
     </span>
    </p>
   </div>
   <div class='ocr_carea' id='block_1_89' title="bbox 208 4506 3468 4583">
    <p class='ocr_par' dir='ltr' id='par_1_89' title="bbox 208 4506 3468 4583">
     <span class='ocr_line' id='line_1_89' title="bbox 208 4506 3468 4583; baseline 0 -20"><span class='ocrx_word' id='word_1_642' title='bbox 208 4517 425 4580; x_wconf 69' lang='lat' dir='ltr'><strong>bendis,</strong></span> <span class='ocrx_word' id='word_1_643' title='bbox 456 4527 575 4583; x_wconf 81' lang='lat' dir='ltr'><strong>qua:</strong></span> <span class='ocrx_word' id='word_1_644' title='bbox 615 4513 880 4566; x_wconf 91' lang='lat' dir='ltr'><strong>committi</strong></span> <span class='ocrx_word' id='word_1_645' title='bbox 915 4528 1019 4566; x_wconf 91' lang='lat' dir='ltr'><strong>non</strong></span> <span class='ocrx_word' id='word_1_646' title='bbox 1048 4512 1332 4576; x_wconf 84' lang='lat' dir='ltr'><strong>solebant;</strong></span> <span class='ocrx_word' id='word_1_647' title='bbox 1362 4522 1565 4577; x_wconf 89' lang='lat' dir='ltr'><strong>quanto</strong></span> <span class='ocrx_word' id='word_1_648' title='bbox 1612 4512 1787 4579; x_wconf 82' lang='lat' dir='ltr'><strong>major</strong></span> <span class='ocrx_word' id='word_1_649' title='bbox 1822 4529 1862 4582; x_wconf 76' lang='grc' dir='ltr'>ο</span> <span class='ocrx_word' id='word_1_650' title='bbox 1896 4522 2034 4567; x_wconf 91' lang='lat' dir='ltr'><strong>rum,</strong></span> <span class='ocrx_word' id='word_1_651' title='bbox 2069 4506 2111 4559; x_wconf 91' lang='lat' dir='ltr'><strong>si</strong></span> <span class='ocrx_word' id='word_1_652' title='bbox 2149 4508 2271 4575; x_wconf 89' lang='lat' dir='ltr'><strong>quis</strong></span> <span class='ocrx_word' id='word_1_653' title='bbox 2320 4522 2379 4561; x_wconf 89' lang='lat' dir='ltr'><strong>se</strong></span> <span class='ocrx_word' id='word_1_654' title='bbox 2413 4521 2517 4560; x_wconf 92' lang='lat' dir='ltr'><strong>non</strong></span> <span class='ocrx_word' id='word_1_655' title='bbox 2572 4506 2852 4563; x_wconf 82' lang='lat' dir='ltr'><strong>admonito</strong></span> <span class='ocrx_word' id='word_1_656' title='bbox 2884 4509 2936 4563; x_wconf 92' lang='lat' dir='ltr'><strong>in</strong></span> <span class='ocrx_word' id='word_1_657' title='bbox 2971 4509 3330 4563; x_wconf 89' lang='lat' dir='ltr'><strong>ministerium</strong></span> <span class='ocrx_word' id='word_1_658' title='bbox 3373 4511 3468 4563; x_wconf 88' lang='lat' dir='ltr'><strong>ob-</strong></span> 
     </span>
    </p>
   </div>
   <div class='ocr_carea' id='block_1_90' title="bbox 206 4602 1784 4674">
    <p class='ocr_par' dir='ltr' id='par_1_90' title="bbox 206 4602 1784 4674">
     <span class='ocr_line' id='line_1_90' title="bbox 206 4602 1784 4674; baseline -0.003 -14"><span class='ocrx_word' id='word_1_659' title='bbox 206 4607 487 4661; x_wconf 71' lang='lat' dir='ltr'><strong>evstitisse</strong></span> <span class='ocrx_word' id='word_1_660' title='bbox 523 4603 757 4674; x_wconf 90' lang='lat' dir='ltr'><strong>putanda</strong></span> <span class='ocrx_word' id='word_1_661' title='bbox 783 4614 864 4656; x_wconf 90' lang='lat' dir='ltr'><strong>est</strong></span> <span class='ocrx_word' id='word_1_662' title='bbox 895 4604 946 4657; x_wconf 91' lang='lat' dir='ltr'><strong>in</strong></span> <span class='ocrx_word' id='word_1_663' title='bbox 980 4605 1044 4657; x_wconf 92' lang='lat' dir='ltr'><strong>iis</strong></span> <span class='ocrx_word' id='word_1_664' title='bbox 1078 4602 1406 4665; x_wconf 88' lang='lat' dir='ltr'><strong>resecandis,</strong></span> <span class='ocrx_word' id='word_1_665' title='bbox 1444 4616 1562 4669; x_wconf 84' lang='lat' dir='ltr'><strong>quae</strong></span> <span class='ocrx_word' id='word_1_666' title='bbox 1594 4614 1784 4656; x_wconf 80' lang='lat' dir='ltr'><strong>contra</strong></span> 
     </span>
    </p>
   </div>
   <div class='ocr_carea' id='block_1_91' title="bbox 205 4692 1784 4762">
    <p class='ocr_par' dir='ltr' id='par_1_91' title="bbox 205 4692 1784 4762">
     <span class='ocr_line' id='line_1_91' title="bbox 205 4692 1784 4762; baseline -0.001 -14"><span class='ocrx_word' id='word_1_667' title='bbox 205 4696 586 4749; x_wconf 88' lang='lat' dir='ltr'><strong>sanctissimas</strong></span> <span class='ocrx_word' id='word_1_668' title='bbox 636 4692 893 4747; x_wconf 65' lang='lat' dir='ltr'><strong>Ecclesia:</strong></span> <span class='ocrx_word' id='word_1_669' title='bbox 954 4694 1101 4762; x_wconf 90' lang='lat' dir='ltr'><strong>leges</strong></span> <span class='ocrx_word' id='word_1_670' title='bbox 1152 4692 1390 4747; x_wconf 85' lang='lat' dir='ltr'><strong>fiebant?</strong></span> <span class='ocrx_word' id='word_1_671' title='bbox 1449 4692 1619 4757; x_wconf 88' lang='lat' dir='ltr'><strong>Quale</strong></span> <span class='ocrx_word' id='word_1_672' title='bbox 1682 4693 1784 4746; x_wconf 90' lang='lat' dir='ltr'><strong>fuit</strong></span> 
     </span>
    </p>
   </div>
   <div class='ocr_carea' id='block_1_92' title="bbox 208 4782 1781 4852">
    <p class='ocr_par' dir='ltr' id='par_1_92' title="bbox 208 4782 1781 4852">
     <span class='ocr_line' id='line_1_92' title="bbox 208 4782 1781 4852; baseline 0 -14"><span class='ocrx_word' id='word_1_673' title='bbox 208 4783 593 4838; x_wconf 86' lang='lat' dir='ltr'><strong>nonnullorum</strong></span> <span class='ocrx_word' id='word_1_674' title='bbox 629 4782 984 4851; x_wconf 71' lang='lat' dir='ltr'><strong>Cappadocim</strong></span> <span class='ocrx_word' id='word_1_675' title='bbox 1022 4785 1399 4852; x_wconf 76' lang='lat' dir='ltr'><strong>episcoporum</strong></span> <span class='ocrx_word' id='word_1_676' title='bbox 1430 4783 1659 4847; x_wconf 84' lang='lat' dir='ltr'><strong>facinus,</strong></span> <span class='ocrx_word' id='word_1_677' title='bbox 1690 4785 1781 4851; x_wconf 88' lang='lat' dir='ltr'><strong>qui</strong></span> 
     </span>
    </p>
   </div>
   <div class='ocr_carea' id='block_1_93' title="bbox 207 4874 1784 4944">
    <p class='ocr_par' dir='ltr' id='par_1_93' title="bbox 207 4874 1784 4944">
     <span class='ocr_line' id='line_1_93' title="bbox 207 4874 1784 4944; baseline 0.001 -16"><span class='ocrx_word' id='word_1_678' title='bbox 207 4876 379 4944; x_wconf 86' lang='lat' dir='ltr'><strong>pretio</strong></span> <span class='ocrx_word' id='word_1_679' title='bbox 418 4876 672 4929; x_wconf 88' lang='lat' dir='ltr'><strong>ordinare</strong></span> <span class='ocrx_word' id='word_1_680' title='bbox 702 4874 1036 4938; x_wconf 88' lang='lat' dir='ltr'><strong>ferebantur;</strong></span> <span class='ocrx_word' id='word_1_681' title='bbox 1073 4885 1234 4943; x_wconf 91' lang='lat' dir='ltr'><strong>atque</strong></span> <span class='ocrx_word' id='word_1_682' title='bbox 1262 4875 1363 4929; x_wconf 89' lang='lat' dir='ltr'><strong>hoc</strong></span> <span class='ocrx_word' id='word_1_683' title='bbox 1394 4874 1542 4929; x_wconf 87' lang='lat' dir='ltr'><strong>nefas</strong></span> <span class='ocrx_word' id='word_1_684' title='bbox 1568 4876 1784 4943; x_wconf 85' lang='lat' dir='ltr'><strong>pietatis</strong></span> 
     </span>
    </p>
   </div>
   <div class='ocr_carea' id='block_1_94' title="bbox 208 4966 1782 5032">
    <p class='ocr_par' dir='ltr' id='par_1_94' title="bbox 208 4966 1782 5032">
     <span class='ocr_line' id='line_1_94' title="bbox 208 4966 1782 5032; baseline 0 -14"><span class='ocrx_word' id='word_1_685' title='bbox 208 4969 425 5021; x_wconf 89' lang='lat' dir='ltr'><strong>nomine</strong></span> <span class='ocrx_word' id='word_1_686' title='bbox 463 4966 874 5026; x_wconf 85' lang='lat' dir='ltr'><strong>inumbrabant,</strong></span> <span class='ocrx_word' id='word_1_687' title='bbox 918 4980 1015 5017; x_wconf 90' lang='lat' dir='ltr'><strong>nec</strong></span> <span class='ocrx_word' id='word_1_688' title='bbox 1045 4980 1271 5032; x_wconf 87' lang='lat' dir='ltr'><strong>peccare</strong></span> <span class='ocrx_word' id='word_1_689' title='bbox 1304 4966 1406 5019; x_wconf 88' lang='lat' dir='ltr'><strong>sibi</strong></span> <span class='ocrx_word' id='word_1_690' title='bbox 1443 4966 1782 5030; x_wconf 87' lang='lat' dir='ltr'><strong>videbantur,</strong></span> 
     </span>
    </p>
   </div>
   <div class='ocr_carea' id='block_1_95' title="bbox 204 5057 1781 5129">
    <p class='ocr_par' dir='ltr' id='par_1_95' title="bbox 204 5057 1781 5129">
     <span class='ocr_line' id='line_1_95' title="bbox 204 5057 1781 5129; baseline 0.003 -22"><span class='ocrx_word' id='word_1_691' title='bbox 204 5059 328 5129; x_wconf 83' lang='lat' dir='ltr'><strong>quia</strong></span> <span class='ocrx_word' id='word_1_692' title='bbox 357 5074 465 5112; x_wconf 89' lang='lat' dir='ltr'><strong>non</strong></span> <span class='ocrx_word' id='word_1_693' title='bbox 506 5066 649 5119; x_wconf 85' lang='lat' dir='ltr'><strong>ante,</strong></span> <span class='ocrx_word' id='word_1_694' title='bbox 686 5059 777 5110; x_wconf 89' lang='lat' dir='ltr'><strong>sed</strong></span> <span class='ocrx_word' id='word_1_695' title='bbox 814 5067 934 5125; x_wconf 78' lang='lat' dir='ltr'><strong>post</strong></span> <span class='ocrx_word' id='word_1_696' title='bbox 961 5057 1351 5109; x_wconf 88' lang='lat' dir='ltr'><strong>ordinationem</strong></span> <span class='ocrx_word' id='word_1_697' title='bbox 1380 5058 1663 5125; x_wconf 85' lang='lat' dir='ltr'><strong>pecuniam</strong></span> <span class='ocrx_word' id='word_1_698' title='bbox 1690 5072 1781 5111; x_wconf 87' lang='lat' dir='ltr'><strong>ac-</strong></span> 
     </span>
    </p>
   </div>
   <div class='ocr_carea' id='block_1_96' title="bbox 205 5146 1781 5219">
    <p class='ocr_par' dir='ltr' id='par_1_96' title="bbox 205 5146 1781 5219">
     <span class='ocr_line' id='line_1_96' title="bbox 205 5146 1781 5219; baseline 0.001 -18"><span class='ocrx_word' id='word_1_699' title='bbox 205 5148 497 5217; x_wconf 89' lang='lat' dir='ltr'><strong>cipiebant.</strong></span> <span class='ocrx_word' id='word_1_700' title='bbox 554 5146 753 5201; x_wconf 84' lang='lat' dir='ltr'><strong>Scribit</strong></span> <span class='ocrx_word' id='word_1_701' title='bbox 802 5150 879 5201; x_wconf 90' lang='lat' dir='ltr'><strong>eis</strong></span> <span class='ocrx_word' id='word_1_702' title='bbox 936 5147 1161 5203; x_wconf 90' lang='lat' dir='ltr'><strong>Basilius</strong></span> <span class='ocrx_word' id='word_1_703' title='bbox 1202 5148 1276 5219; x_wconf 87' lang='lat' dir='ltr'><strong>(g)</strong></span> <span class='ocrx_word' id='word_1_704' title='bbox 1312 5164 1377 5201; x_wconf 88' lang='lat' dir='ltr'><strong>ac</strong></span> <span class='ocrx_word' id='word_1_705' title='bbox 1443 5149 1781 5203; x_wconf 86' lang='lat' dir='ltr'><strong>demonstrat</strong></span> 
     </span>
    </p>
   </div>
   <div class='ocr_carea' id='block_1_97' title="bbox 205 5239 1783 5309">
    <p class='ocr_par' dir='ltr' id='par_1_97' title="bbox 205 5239 1783 5309">
     <span class='ocr_line' id='line_1_97' title="bbox 205 5239 1783 5309; baseline 0.003 -19"><span class='ocrx_word' id='word_1_706' title='bbox 205 5248 465 5308; x_wconf 84' lang='lat' dir='ltr'><strong>quantum</strong></span> <span class='ocrx_word' id='word_1_707' title='bbox 513 5240 583 5292; x_wconf 89' lang='lat' dir='ltr'><strong>sit</strong></span> <span class='ocrx_word' id='word_1_708' title='bbox 636 5240 737 5292; x_wconf 91' lang='lat' dir='ltr'><strong>hoc</strong></span> <span class='ocrx_word' id='word_1_709' title='bbox 778 5239 949 5303; x_wconf 86' lang='lat' dir='ltr'><strong>nefas,</strong></span> <span class='ocrx_word' id='word_1_710' title='bbox 996 5254 1058 5291; x_wconf 88' lang='lat' dir='ltr'><strong>ae</strong></span> <span class='ocrx_word' id='word_1_711' title='bbox 1108 5242 1367 5303; x_wconf 90' lang='lat' dir='ltr'><strong>declarat,</strong></span> <span class='ocrx_word' id='word_1_712' title='bbox 1404 5241 1447 5294; x_wconf 85' lang='lat' dir='ltr'><strong>si</strong></span> <span class='ocrx_word' id='word_1_713' title='bbox 1501 5240 1623 5309; x_wconf 90' lang='lat' dir='ltr'><strong>quis</strong></span> <span class='ocrx_word' id='word_1_714' title='bbox 1659 5250 1783 5309; x_wconf 91' lang='lat' dir='ltr'><strong>post</strong></span> 
     </span>
    </p>
   </div>
   <div class='ocr_carea' id='block_1_98' title="bbox 208 5331 1774 5402">
    <p class='ocr_par' dir='ltr' id='par_1_98' title="bbox 208 5331 1774 5402">
     <span class='ocr_line' id='line_1_98' title="bbox 208 5331 1774 5402; baseline 0.001 -19"><span class='ocrx_word' id='word_1_715' title='bbox 208 5332 342 5386; x_wconf 85' lang='lat' dir='ltr'><strong>hanc</strong></span> <span class='ocrx_word' id='word_1_716' title='bbox 388 5339 664 5398; x_wconf 89' lang='lat' dir='ltr'><strong>acceptam</strong></span> <span class='ocrx_word' id='word_1_717' title='bbox 716 5332 997 5397; x_wconf 86' lang='lat' dir='ltr'><strong>epistolam</strong></span> <span class='ocrx_word' id='word_1_718' title='bbox 1044 5331 1149 5386; x_wconf 89' lang='lat' dir='ltr'><strong>tale</strong></span> <span class='ocrx_word' id='word_1_719' title='bbox 1212 5332 1413 5402; x_wconf 91' lang='lat' dir='ltr'><strong>aliquid</strong></span> <span class='ocrx_word' id='word_1_720' title='bbox 1475 5331 1774 5396; x_wconf 89' lang='lat' dir='ltr'><strong>admiserit,</strong></span> 
     </span>
    </p>
   </div>
   <div class='ocr_carea' id='block_1_99' title="bbox 280 5507 764 5574">
    <p class='ocr_par' dir='ltr' id='par_1_99' title="bbox 280 5507 764 5574">
     <span class='ocr_line' id='line_1_99' title="bbox 280 5507 764 5574; baseline 0 -15"><span class='ocrx_word' id='word_1_721' title='bbox 280 5507 764 5574; x_wconf 73' lang='lat' dir='ltr'><strong>(a)Ep.52,n.l.</strong></span> 
     </span>
    </p>
   </div>
   <div class='ocr_carea' id='block_1_100' title="bbox 276 5580 513 5646">
    <p class='ocr_par' dir='ltr' id='par_1_100' title="bbox 276 5580 513 5646">
     <span class='ocr_line' id='line_1_100' title="bbox 276 5580 513 5646; baseline 0.013 -16"><span class='ocrx_word' id='word_1_722' title='bbox 276 5580 513 5646; x_wconf 69' lang='lat' dir='ltr'><strong>(b)Hnd.</strong></span> 
     </span>
    </p>
   </div>
   <div class='ocr_carea' id='block_1_101' title="bbox 276 5649 764 5717">
    <p class='ocr_par' dir='ltr' id='par_1_101' title="bbox 276 5649 764 5717">
     <span class='ocr_line' id='line_1_101' title="bbox 276 5649 764 5717; baseline 0.002 -18"><span class='ocrx_word' id='word_1_723' title='bbox 276 5649 764 5717; x_wconf 78' lang='lat' dir='ltr'><strong>(c)Ep.5l,n.l.</strong></span> 
     </span>
    </p>
   </div>
   <div class='ocr_carea' id='block_1_102' title="bbox 277 5717 1068 5784">
    <p class='ocr_par' dir='ltr' id='par_1_102' title="bbox 277 5717 1068 5784">
     <span class='ocr_line' id='line_1_102' title="bbox 277 5717 1068 5784; baseline 0.008 -16"><span class='ocrx_word' id='word_1_724' title='bbox 277 5720 353 5784; x_wconf 78' lang='grc' dir='ltr'><strong>(ά)</strong></span> <span class='ocrx_word' id='word_1_725' title='bbox 394 5719 524 5774; x_wconf 80' lang='lat' dir='ltr'><strong>Vide</strong></span> <span class='ocrx_word' id='word_1_726' title='bbox 552 5720 715 5780; x_wconf 87' lang='lat' dir='ltr'><strong>infra,</strong></span> <span class='ocrx_word' id='word_1_727' title='bbox 740 5733 791 5771; x_wconf 90' lang='lat' dir='ltr'><strong>c.</strong></span> <span class='ocrx_word' id='word_1_728' title='bbox 814 5717 903 5777; x_wconf 69' lang='lat'><strong>9.8,</strong></span> <span class='ocrx_word' id='word_1_729' title='bbox 932 5736 983 5772; x_wconf 93' lang='lat' dir='ltr'><strong>n.</strong></span> <span class='ocrx_word' id='word_1_730' title='bbox 1016 5720 1068 5775; x_wconf 83' lang='lat'><strong>5.</strong></span> 
     </span>
    </p>
   </div>
   <div class='ocr_carea' id='block_1_103' title="bbox 277 5788 801 5859">
    <p class='ocr_par' dir='ltr' id='par_1_103' title="bbox 277 5788 801 5859">
     <span class='ocr_line' id='line_1_103' title="bbox 277 5788 801 5859; baseline 0.002 -19"><span class='ocrx_word' id='word_1_731' title='bbox 277 5794 341 5859; x_wconf 70' lang='grc' dir='ltr'><strong>(η</strong></span> <span class='ocrx_word' id='word_1_732' title='bbox 376 5788 801 5859; x_wconf 78' lang='grc' dir='ltr'><strong>Ερ.160,η.1.</strong></span> 
     </span>
    </p>
   </div>
   <div class='ocr_carea' id='block_1_104' title="bbox 1896 4608 2142 4663">
    <p class='ocr_par' dir='ltr' id='par_1_104' title="bbox 1896 4608 2142 4663">
     <span class='ocr_line' id='line_1_104' title="bbox 1896 4608 2142 4663; baseline 0.004 -14"><span class='ocrx_word' id='word_1_733' title='bbox 1896 4608 2142 4663; x_wconf 78' lang='lat' dir='ltr'><strong>l&#39;epSCt‘ll.</strong></span> 
     </span>
    </p>
   </div>
   <div class='ocr_carea' id='block_1_105' title="bbox 1965 4684 3467 4760">
    <p class='ocr_par' dir='ltr' id='par_1_105' title="bbox 1965 4684 3467 4760">
     <span class='ocr_line' id='line_1_105' title="bbox 1965 4684 3467 4760; baseline 0.006 -24"><span class='ocrx_word' id='word_1_734' title='bbox 1965 4684 2265 4741; x_wconf 77' lang='lat' dir='ltr'><strong>Befereuda</strong></span> <span class='ocrx_word' id='word_1_735' title='bbox 2328 4688 2444 4742; x_wconf 73' lang='lat' dir='ltr'><strong>haec</strong></span> <span class='ocrx_word' id='word_1_736' title='bbox 2491 4689 2719 4758; x_wconf 87' lang='lat' dir='ltr'><strong>epistola</strong></span> <span class='ocrx_word' id='word_1_737' title='bbox 2766 4690 2833 4743; x_wconf 89' lang='lat' dir='ltr'><strong>ad</strong></span> <span class='ocrx_word' id='word_1_738' title='bbox 2878 4689 3081 4758; x_wconf 90' lang='lat' dir='ltr'><strong>primas</strong></span> <span class='ocrx_word' id='word_1_739' title='bbox 3125 4688 3467 4760; x_wconf 80' lang='lat' dir='ltr'><strong>episcopatus</strong></span> 
     </span>
    </p>
   </div>
   <div class='ocr_carea' id='block_1_106' title="bbox 1892 4780 3464 4853">
    <p class='ocr_par' dir='ltr' id='par_1_106' title="bbox 1892 4780 3464 4853">
     <span class='ocr_line' id='line_1_106' title="bbox 1892 4780 3464 4853; baseline 0.003 -21"><span class='ocrx_word' id='word_1_740' title='bbox 1892 4792 2072 4845; x_wconf 89' lang='lat' dir='ltr'><strong>curas,</strong></span> <span class='ocrx_word' id='word_1_741' title='bbox 2106 4796 2240 4849; x_wconf 88' lang='lat' dir='ltr'><strong>quas</strong></span> <span class='ocrx_word' id='word_1_742' title='bbox 2262 4780 2491 4836; x_wconf 90' lang='lat' dir='ltr'><strong>Basilius</strong></span> <span class='ocrx_word' id='word_1_743' title='bbox 2524 4785 2574 4835; x_wconf 90' lang='lat' dir='ltr'><strong>in</strong></span> <span class='ocrx_word' id='word_1_744' title='bbox 2610 4782 2903 4837; x_wconf 90' lang='lat' dir='ltr'><strong>sancienda</strong></span> <span class='ocrx_word' id='word_1_745' title='bbox 2937 4783 3223 4853; x_wconf 89' lang='lat' dir='ltr'><strong>disciplina</strong></span> <span class='ocrx_word' id='word_1_746' title='bbox 3256 4786 3464 4838; x_wconf 88' lang='lat' dir='ltr'><strong>insum-</strong></span> 
     </span>
    </p>
   </div>
   <div class='ocr_carea' id='block_1_107' title="bbox 1893 4872 3465 4944">
    <p class='ocr_par' dir='ltr' id='par_1_107' title="bbox 1893 4872 3465 4944">
     <span class='ocr_line' id='line_1_107' title="bbox 1893 4872 3465 4944; baseline 0.001 -19"><span class='ocrx_word' id='word_1_747' title='bbox 1893 4872 2001 4939; x_wconf 89' lang='lat' dir='ltr'><strong>psit</strong></span> <span class='ocrx_word' id='word_1_748' title='bbox 2034 4892 2046 4925; x_wconf 89' lang='lat'><strong>:</strong></span> <span class='ocrx_word' id='word_1_749' title='bbox 2082 4874 2242 4942; x_wconf 89' lang='lat' dir='ltr'><strong>idque</strong></span> <span class='ocrx_word' id='word_1_750' title='bbox 2290 4875 2423 4929; x_wconf 89' lang='lat' dir='ltr'><strong>satis</strong></span> <span class='ocrx_word' id='word_1_751' title='bbox 2463 4878 2789 4928; x_wconf 79' lang='lat' dir='ltr'><strong>confirmant</strong></span> <span class='ocrx_word' id='word_1_752' title='bbox 2824 4891 2943 4944; x_wconf 69' lang='lat' dir='ltr'><strong>quas</strong></span> <span class='ocrx_word' id='word_1_753' title='bbox 2988 4878 3054 4928; x_wconf 90' lang='lat' dir='ltr'><strong>de</strong></span> <span class='ocrx_word' id='word_1_754' title='bbox 3111 4877 3400 4942; x_wconf 71' lang='lat' dir='ltr'><strong>repetendo</strong></span> <span class='ocrx_word' id='word_1_755' title='bbox 3436 4891 3465 4927; x_wconf 90' lang='lat' dir='ltr'><strong>a</strong></span> 
     </span>
    </p>
   </div>
   <div class='ocr_carea' id='block_1_108' title="bbox 1893 4965 3467 5031">
    <p class='ocr_par' dir='ltr' id='par_1_108' title="bbox 1893 4965 3467 5031">
     <span class='ocr_line' id='line_1_108' title="bbox 1893 4965 3467 5031; baseline 0.003 -15"><span class='ocrx_word' id='word_1_756' title='bbox 1893 4965 2065 5031; x_wconf 88' lang='lat' dir='ltr'><strong>prima</strong></span> <span class='ocrx_word' id='word_1_757' title='bbox 2098 4965 2410 5031; x_wconf 91' lang='lat' dir='ltr'><strong>indictione,</strong></span> <span class='ocrx_word' id='word_1_758' title='bbox 2450 4968 2500 5021; x_wconf 91' lang='lat' dir='ltr'><strong>id</strong></span> <span class='ocrx_word' id='word_1_759' title='bbox 2535 4976 2640 5029; x_wconf 85' lang='lat' dir='ltr'><strong>est,</strong></span> <span class='ocrx_word' id='word_1_760' title='bbox 2670 4966 2737 5019; x_wconf 84' lang='lat' dir='ltr'><strong>ab</strong></span> <span class='ocrx_word' id='word_1_761' title='bbox 2761 4983 2902 5021; x_wconf 90' lang='lat' dir='ltr'><strong>anno</strong></span> <span class='ocrx_word' id='word_1_762' title='bbox 2936 4966 3061 5031; x_wconf 78' lang='lat'><strong>358,</strong></span> <span class='ocrx_word' id='word_1_763' title='bbox 3096 4966 3467 5021; x_wconf 88' lang='lat' dir='ltr'><strong>ministrorum</strong></span> 
     </span>
    </p>
   </div>
   <div class='ocr_carea' id='block_1_109' title="bbox 1892 5058 3465 5127">
    <p class='ocr_par' dir='ltr' id='par_1_109' title="bbox 1892 5058 3465 5127">
     <span class='ocr_line' id='line_1_109' title="bbox 1892 5058 3465 5127; baseline 0.003 -18"><span class='ocrx_word' id='word_1_764' title='bbox 1892 5058 2142 5111; x_wconf 79' lang='lat' dir='ltr'><strong>examine</strong></span> <span class='ocrx_word' id='word_1_765' title='bbox 2173 5058 2415 5126; x_wconf 66' lang='lat' dir='ltr'><strong>praecipit</strong></span> <span class='ocrx_word' id='word_1_766' title='bbox 2442 5058 2696 5112; x_wconf 89' lang='lat' dir='ltr'><strong>Basilius.</strong></span> <span class='ocrx_word' id='word_1_767' title='bbox 2731 5059 2843 5113; x_wconf 92' lang='lat' dir='ltr'><strong>lloc</strong></span> <span class='ocrx_word' id='word_1_768' title='bbox 2880 5058 3024 5111; x_wconf 90' lang='lat' dir='ltr'><strong>enim</strong></span> <span class='ocrx_word' id='word_1_769' title='bbox 3056 5060 3310 5127; x_wconf 91' lang='lat' dir='ltr'><strong>spatium,</strong></span> <span class='ocrx_word' id='word_1_770' title='bbox 3345 5075 3465 5113; x_wconf 86' lang='lat' dir='ltr'><strong>cum</strong></span> 
     </span>
    </p>
   </div>
   <div class='ocr_carea' id='block_1_110' title="bbox 1890 5149 3462 5219">
    <p class='ocr_par' dir='ltr' id='par_1_110' title="bbox 1890 5149 3462 5219">
     <span class='ocr_line' id='line_1_110' title="bbox 1890 5149 3462 5219; baseline 0.001 -18"><span class='ocrx_word' id='word_1_771' title='bbox 1890 5161 1985 5201; x_wconf 87' lang='lat' dir='ltr'><strong>sua</strong></span> <span class='ocrx_word' id='word_1_772' title='bbox 2009 5160 2201 5217; x_wconf 90' lang='lat' dir='ltr'><strong>sponte</strong></span> <span class='ocrx_word' id='word_1_773' title='bbox 2249 5150 2406 5203; x_wconf 86' lang='lat' dir='ltr'><strong>valde</strong></span> <span class='ocrx_word' id='word_1_774' title='bbox 2455 5149 2671 5217; x_wconf 80' lang='lat' dir='ltr'><strong>longum</strong></span> <span class='ocrx_word' id='word_1_775' title='bbox 2708 5151 2811 5211; x_wconf 89' lang='lat' dir='ltr'><strong>sit,</strong></span> <span class='ocrx_word' id='word_1_776' title='bbox 2845 5164 2948 5203; x_wconf 91' lang='lat' dir='ltr'><strong>non</strong></span> <span class='ocrx_word' id='word_1_777' title='bbox 2989 5150 3146 5204; x_wconf 85' lang='lat' dir='ltr'><strong>debet</strong></span> <span class='ocrx_word' id='word_1_778' title='bbox 3197 5150 3462 5219; x_wconf 89' lang='lat' dir='ltr'><strong>ampliari,</strong></span> 
     </span>
    </p>
   </div>
   <div class='ocr_carea' id='block_1_111' title="bbox 1891 5239 3282 5311">
    <p class='ocr_par' dir='ltr' id='par_1_111' title="bbox 1891 5239 3282 5311">
     <span class='ocr_line' id='line_1_111' title="bbox 1891 5239 3282 5311; baseline 0.002 -19"><span class='ocrx_word' id='word_1_779' title='bbox 1891 5239 1986 5293; x_wconf 86' lang='lat' dir='ltr'><strong>hac</strong></span> <span class='ocrx_word' id='word_1_780' title='bbox 2008 5241 2235 5309; x_wconf 90' lang='lat' dir='ltr'><strong>epistola</strong></span> <span class='ocrx_word' id='word_1_781' title='bbox 2271 5243 2337 5297; x_wconf 79' lang='lat' dir='ltr'><strong>ab</strong></span> <span class='ocrx_word' id='word_1_782' title='bbox 2362 5243 2702 5311; x_wconf 90' lang='lat' dir='ltr'><strong>episcopatus</strong></span> <span class='ocrx_word' id='word_1_783' title='bbox 2736 5242 2903 5295; x_wconf 91' lang='lat' dir='ltr'><strong>initiis</strong></span> <span class='ocrx_word' id='word_1_784' title='bbox 2936 5243 3282 5296; x_wconf 87' lang='lat' dir='ltr'><strong>removenda.</strong></span> 
     </span>
    </p>
   </div>
   <div class='ocr_carea' id='block_1_112' title="bbox 1958 5333 3478 5406">
    <p class='ocr_par' dir='ltr' id='par_1_112' title="bbox 1958 5333 3478 5406">
     <span class='ocr_line' id='line_1_112' title="bbox 1958 5333 3478 5406; baseline -0.001 -19"><span class='ocrx_word' id='word_1_785' title='bbox 1958 5333 2241 5388; x_wconf 84' lang='lat' dir='ltr'><strong>Prohibuit</strong></span> <span class='ocrx_word' id='word_1_786' title='bbox 2266 5338 2426 5389; x_wconf 90' lang='lat' dir='ltr'><strong>etiam</strong></span> <span class='ocrx_word' id='word_1_787' title='bbox 2461 5335 2690 5391; x_wconf 88' lang='lat' dir='ltr'><strong>Basilius</strong></span> <span class='ocrx_word' id='word_1_788' title='bbox 2711 5334 2775 5405; x_wconf 82' lang='lat' dir='ltr'><strong>(j)</strong></span> <span class='ocrx_word' id='word_1_789' title='bbox 2808 5334 2961 5391; x_wconf 90' lang='lat' dir='ltr'><strong>initio</strong></span> <span class='ocrx_word' id='word_1_790' title='bbox 2985 5336 3325 5406; x_wconf 69' lang='lat' dir='ltr'><strong>episcopatus</strong></span> <span class='ocrx_word' id='word_1_791' title='bbox 3348 5348 3478 5389; x_wconf 47' lang='lat' dir='ltr'><strong>mus</strong></span> 
     </span>
    </p>
   </div>
   <div class='ocr_carea' id='block_1_113' title="bbox 1964 5508 2379 5579">
    <p class='ocr_par' dir='ltr' id='par_1_113' title="bbox 1964 5508 2379 5579">
     <span class='ocr_line' id='line_1_113' title="bbox 1964 5508 2379 5579; baseline 0.005 -19"><span class='ocrx_word' id='word_1_792' title='bbox 1964 5508 2379 5579; x_wconf 72' lang='lat' dir='ltr'><strong>(ptan,n.5.</strong></span> 
     </span>
    </p>
   </div>
   <div class='ocr_carea' id='block_1_114' title="bbox 1961 5579 2272 5649">
    <p class='ocr_par' dir='ltr' id='par_1_114' title="bbox 1961 5579 2272 5649">
     <span class='ocr_line' id='line_1_114' title="bbox 1961 5579 2272 5649; baseline 0.003 -16"><span class='ocrx_word' id='word_1_793' title='bbox 1961 5580 2035 5649; x_wconf 78' lang='lat' dir='ltr'><strong>(g)</strong></span> <span class='ocrx_word' id='word_1_794' title='bbox 2062 5579 2159 5646; x_wconf 80' lang='lat' dir='ltr'><strong>Ep.</strong></span> <span class='ocrx_word' id='word_1_795' title='bbox 2185 5581 2272 5634; x_wconf 84' lang='grc'>55.</span> 
     </span>
    </p>
   </div>
   <div class='ocr_carea' id='block_1_115' title="bbox 1962 5650 2287 5717">
    <p class='ocr_par' dir='ltr' id='par_1_115' title="bbox 1962 5650 2287 5717">
     <span class='ocr_line' id='line_1_115' title="bbox 1962 5650 2287 5717; baseline 0.006 -16"><span class='ocrx_word' id='word_1_796' title='bbox 1962 5651 2037 5717; x_wconf 78' lang='lat' dir='ltr'><strong>(lt)</strong></span> <span class='ocrx_word' id='word_1_797' title='bbox 2068 5650 2159 5703; x_wconf 84' lang='lat' dir='ltr'><strong>Or.</strong></span> <span class='ocrx_word' id='word_1_798' title='bbox 2197 5654 2287 5703; x_wconf 77' lang='lat'><strong>‘20.</strong></span> 
     </span>
    </p>
   </div>
   <div class='ocr_carea' id='block_1_116' title="bbox 1962 5720 2262 5786">
    <p class='ocr_par' dir='ltr' id='par_1_116' title="bbox 1962 5720 2262 5786">
     <span class='ocr_line' id='line_1_116' title="bbox 1962 5720 2262 5786; baseline 0.02 -19"><span class='ocrx_word' id='word_1_799' title='bbox 1962 5724 2023 5786; x_wconf 70' lang='grc' dir='ltr'><strong>(ὁ)</strong></span> <span class='ocrx_word' id='word_1_800' title='bbox 2054 5720 2148 5784; x_wconf 82' lang='lat' dir='ltr'><strong>Ep.</strong></span> <span class='ocrx_word' id='word_1_801' title='bbox 2173 5721 2262 5773; x_wconf 72' lang='grc'><strong>54.</strong></span> 
     </span>
    </p>
   </div>
   <div class='ocr_carea' id='block_1_117' title="bbox 1964 5791 2280 5862">
    <p class='ocr_par' dir='ltr' id='par_1_117' title="bbox 1964 5791 2280 5862">
     <span class='ocr_line' id='line_1_117' title="bbox 1964 5791 2280 5862; baseline 0.006 -21"><span class='ocrx_word' id='word_1_802' title='bbox 1964 5796 2024 5862; x_wconf 67' lang='grc' dir='ltr'><strong>υ)</strong></span> <span class='ocrx_word' id='word_1_803' title='bbox 2065 5791 2160 5858; x_wconf 65' lang='lat' dir='ltr'><strong>Ep.</strong></span> <span class='ocrx_word' id='word_1_804' title='bbox 2194 5791 2280 5843; x_wconf 73' lang='grc'><strong>55.</strong></span> 
     </span>
    </p>
   </div>
  </div>
