4006 6438
542 383 670 427 LXVI

1876 364 2408 422 PROLEGOMENA.

547 484 706 538 lieres
727 489 1039 547 extraneas,
1074 466 1264 543 idest,
1300 478 1539 549 virgines
1566 477 1703 543 illas,
1740 493 1874 547 quas
1902 477 2120 548 presby-
2149 486 2191 540 Α
2222 496 2379 547 quam
2415 478 2811 547 Cappadociam
2860 478 3189 546 pacillcavit,
3219 489 3374 534 antea
3400 488 3576 535 tamen
3602 478 3783 536 inten-

546 572 649 627 teri
678 582 733 625 et
760 572 848 626 alii
882 571 1235 627 continentia:
1282 570 1398 640 lege
1445 569 1693 624 obstricti
1748 568 2012 634 homines,
2050 584 2116 621 eo

545 663 806 717 libentius
836 662 982 716 domi
1014 677 1123 715 sua:
1153 661 1441 723 habebant,
1482 660 1624 729 quod
1650 659 1969 730 virginitatis
1995 674 2118 727 pro-

550 753 716 808 fessio
742 753 914 806 locum
947 751 1239 819 suspicioni
1279 750 1609 820 praecludere
1637 750 1930 806 videretur.
1959 748 2110 802 Basi-

546 844 603 898 lii
633 846 851 899 decreto
879 844 1159 914 presbyter
1188 844 1407 913 quidam
1459 843 1926 911 septuagenarins,
1957 841 2118 895 Pate-

550 936 733 1005 gorius
765 936 1002 997 nomine,
1042 935 1263 989 minime
1309 934 1509 1003 paruit,
1543 934 1635 987 sed
1670 935 1881 1003 longam
1919 932 2116 1001 episto-

550 1026 658 1082 lam
687 1027 904 1095 scripsit
934 1025 1155 1091 Basilio,
1194 1036 1249 1079 et
1299 1025 1745 1095 cborepisc0pum
1783 1040 1936 1079 suum
1976 1026 2119 1078 ineu-

552 1131 700 1178 sans,
737 1116 876 1184 quod
923 1115 1021 1169 sibi
1070 1116 1171 1169 hac
1207 1116 1258 1168 in
1295 1129 1352 1168 re
1386 1115 1584 1167 veteris
1620 1114 1918 1168 inimicitiae
1954 1115 2117 1183 signi-

548 1208 830 1262 ficationes
847 1208 1108 1268 dedisset,
1123 1217 1178 1259 et
1195 1207 1362 1274 ipsum
1381 1204 1659 1268 Basilium,
1675 1207 1817 1275 quod
1834 1205 2120 1259 calumniis

548 1313 712 1352 aures
750 1295 908 1350 facile
942 1298 1223 1365 prteberet.
1252 1294 1499 1349 Declarat
1528 1295 1755 1350 Basilius
1787 1310 1846 1349 se
1881 1310 1977 1348 nec
2004 1296 2118 1362 pil-

548 1404 695 1444 mum
721 1402 821 1441 nec
840 1387 1010 1441 solum
1047 1387 1184 1440 banc
1218 1386 1391 1454 legem
1421 1388 1485 1440 de
1510 1385 1824 1439 mulieribus
1846 1385 2121 1439 extraneis

548 1481 838 1544 sanxisse;
884 1493 976 1531 eas
1020 1478 1162 1530 enim
1206 1496 1233 1528 ιι
1283 1477 1490 1547 synodo
1547 1475 1764 1531 Merena
1818 1477 2121 1544 prohibitus

545 1569 737 1624 fuisse.
760 1570 960 1635 Quare,
994 1569 1093 1621 etsi
1130 1579 1262 1622 aetas
1304 1567 1579 1638 Paregorii
1622 1567 1982 1635 suspicionem
2027 1566 2121 1620 lla-

547 1662 665 1732 gitii
690 1668 957 1723 removet,
980 1660 1104 1728 quia
1139 1668 1320 1712 tamen
1344 1660 1610 1727 ejusmodi
1638 1657 1827 1712 mulier
1848 1660 1965 1712 sine
1989 1660 2122 1712 alio-

546 1769 669 1809 rum
704 1750 1003 1806 oﬂensione
1034 1750 1221 1804 haberi
1262 1766 1365 1802 non
1397 1760 1607 1818 potest,
1630 1750 1783 1816 jubet
1806 1762 1864 1803 ttt
1894 1766 2010 1804 eam
2040 1752 2120 1803 tli-

2217 572 2345 625 dere
2368 582 2420 625 et
2456 571 2703 624 meditari
2735 574 2926 639 putuit.

2286 660 2350 717 Il.
2385 662 2717 716 Consecutus
2742 669 2826 715 est
2870 662 3084 715 tandem
3124 661 3374 725 Basilius,
3406 670 3464 715 ιιι
3515 662 3782 732 episc0pi,

2218 753 2309 821 qui
2341 752 2407 805 de
2463 752 2553 805 illo
2584 761 2690 804 tam
2742 754 2925 821 inique
2973 754 3298 819 sentiebant,
3329 767 3573 807 errorem
3622 767 3783 806 suum

2220 852 2572 913 agnoscerent
2594 842 2691 912 (tt).
2716 844 2975 897 Adhibuit
3003 846 3067 897 ad
3100 858 3191 896 eos
3216 842 3505 899 flectendos
3529 856 3785 899 censtan-

2219 936 2347 988 tiam
2369 944 2423 988 et
2452 936 2617 988 animi
2676 934 3045 989 fortitudinem
3074 951 3281 989 smnma
3316 935 3534 990 lenitate
3583 947 3787 1005 tempe-

2222 1035 2394 1077 ratam
2427 1039 2441 1078 :
2476 1039 2577 1078 nee
2600 1025 2830 1077 artiticio
2862 1038 2914 1079 et
2946 1025 3312 1079 assentatione
3341 1040 3434 1078 eos
3461 1027 3559 1079 sibi
3589 1028 3782 1079 «levat-

2219 1116 2392 1179 cicns,
2423 1130 2520 1167 nec
2551 1122 2816 1182 potestate
2858 1116 3194 1179 terrens,sed
3234 1115 3583 1182 indulgentia,
3619 1133 3782 1186 quam

2224 1207 2274 1259 in
2329 1215 2591 1275 potestate
2644 1206 2952 1270 adhibebat,
3014 1221 3106 1260 eos
3156 1209 3416 1262 alliciens.
3459 1209 3785 1266 Consulebat

2222 1295 2367 1350 enim
2396 1298 2447 1349 in
2482 1298 2888 1365 leugiludinem,
2932 1313 2995 1351 ac
3025 1297 3231 1352 firmam
3262 1312 3314 1354 et
3354 1302 3600 1355 stabilem
3651 1319 3784 1357 con-

2222 1389 2459 1441 cordiam
2491 1389 2787 1457 qurercbat.
2821 1389 2925 1443 Sed
2962 1391 3230 1458 praecipue
3258 1394 3410 1448 .illitts
3445 1395 3658 1446 virtutis
3686 1397 3775 1448 ad-

2226 1479 2509 1532 miratione
2544 1481 2667 1533 victi
2703 1490 2848 1544 Sllltl,
2882 1490 3045 1548 atque
3070 1498 3226 1535 unam
3258 1485 3394 1538 hanc
3428 1483 3642 1540 demum
3681 1487 3782 1539 sibi

2222 1571 2446 1625 salutem
2480 1587 2596 1625 esse
2632 1573 3010 1626 intellexerunt
3038 1592 3051 1629 :
3079 1572 3140 1627 Si
3168 1592 3283 1627 cum
3312 1577 3445 1643 ipso,
3478 1586 3526 1631 et
3554 1579 3645 1630 sub
3672 1579 3783 1645 ipso

2221 1680 2329 1717 sese
2359 1665 2692 1725 collocarent,
2728 1682 2886 1717 unum
2917 1676 3088 1718 autent
3118 1677 3163 1717 et
3187 1670 3533 1720 certissimum
3573 1684 3782 1735 pericu-

2222 1754 2351 1819 lum,
2382 1756 2428 1807 si
2458 1755 2509 1806 in
2532 1741 2699 1814 ipsius
2733 1755 3069 1823 olfensiouem
3131 1757 3494 1809 incurrerent:
3518 1758 3581 1809 ab
3623 1774 3785 1825 eoque

548 1846 793 1899 mittatet
814 1844 866 1897 in
890 1845 1219 1897 monasterio
1247 1841 1493 1896 collucet.
1514 1841 1667 1909 Quod
1697 1843 1740 1897 si
1774 1859 1877 1897 non
1910 1854 2114 1911 pareat,
2152 1822 2192 1875 Β
2222 1846 2472 1914 disjungi,
2506 1847 2635 1899 nihil
2666 1847 2813 1929 atind
2865 1865 2974 1903 esse
3026 1849 3367 1919 judicabant,
3407 1865 3559 1916 quam
3600 1868 3629 1902 a
3672 1822 3783 1903 Deo

550 1937 741 2006 longas
764 1935 815 1989 ei
840 1934 1096 2002 epistolas
1122 1934 1252 1986 nihil
1283 1931 1617 2001 profuturas,
1647 1934 1738 1987 sed
1767 1950 1888 1987 eum
1921 1934 1973 1987 in
2007 1934 2118 1988 otio

545 2030 908 2084 moriturum:
943 2038 997 2080 et
1035 2026 1080 2081 si
1116 2026 1395 2093 depositus
1422 2024 1782 2079 sacerdotium
1810 2026 1911 2080 sibi
1961 2041 2116 2079 arro-

544 2130 656 2192 get,
709 2135 833 2173 cum
894 2119 1068 2184 ipsum
1124 2118 1646 2172 excommunicatum
1712 2118 1799 2183 iri,
1863 2127 1973 2173 tum
2024 2133 2120 2173 eos

544 2223 733 2264 omnes
766 2208 855 2275 qui
881 2206 1026 2260 illum
1058 2207 1377 2274 receperint.

1126 2320 1355 2374 CAPUT
1396 2318 1537 2373 XVI.

544 2415 586 2469 Ι.
625 2414 686 2471 S.
720 2414 953 2468 Basilius
983 2413 1163 2466 scribit
1208 2412 1264 2466 S.
1295 2412 1525 2464 Meletio.
1568 2410 1628 2464 Il.
1673 2410 1720 2463 E
1755 2411 1953 2478 iscopos
1977 2409 2116 2481 Cape

615 2486 850 2551 pullaria!
886 2484 1086 2550 placat,
1126 2483 1409 2551 adjttt'ante
1454 2481 1697 2549 Tltcologi
1733 2483 1969 2548 Gregorii
2024 2501 2116 2547 pa-

616 2566 712 2606 tre.
760 2553 845 2606 Ill.
890 2551 1117 2621 Nysseni
1141 2554 1367 2618 arti/irin
1399 2557 1464 2603 ad
1497 2570 1671 2621 pacem
1702 2556 2113 2604 conciliatum».

617 2623 704 2676 IV.
730 2620 967 2675 Basilius
1002 2625 1144 2687 prior
1189 2622 1371 2673 scribit
1403 2634 1591 2688 patruo
1632 2620 1881 2687 Gregorio
1900 2639 2115 2687 eumque

612 2692 806 2761 placuit.
842 2691 1069 2745 Tandem
1116 2691 1397 2757 Gregorius
1430 2690 1567 2741 Nos.
1603 2689 1863 2742 Basiliam
1915 2691 2113 2744 inrisit.

622 2764 683 2817 V.
716 2761 794 2815 De
812 2763 1048 2828 epistolis
1081 2765 1142 2814 6f.
1172 2761 1261 2814 65.

616 2854 656 2908 Ι.
712 2854 969 2921 Quamvis
1019 2854 1259 2907 Ecelesia
1308 2851 1658 2907 Cmsarieusis
1714 2854 1968 2922 episc0po
2018 2869 2116 2907 suo

545 2948 703 3003 allisa
732 2950 813 3018 (ιι)
846 2948 1103 3017 prmclare
1155 2957 1347 3012 staret,
1379 2964 1478 3003 nec
1511 2949 1711 3018 iniquis
1738 2951 2111 3019 episcoporum

545 3042 613 3093 de
643 3041 734 3092 illo
772 3039 994 3106 judiciis
1022 3050 1359 3103 moveretur;
1400 3050 1517 3093 erat
1551 3050 1728 3093 tamen
1762 3042 1875 3095 hinc
1904 3043 2112 3094 dissen-

544 3130 627 3183 sio
654 3144 775 3180 cum
819 3142 914 3180 sua
958 3135 1148 3193 sp0nte
1196 3127 1397 3180 Basilio
1448 3128 1829 3181 molestissima
1873 3130 1971 3198 (ὁ),
2004 3141 2113 3182 tum

546 3224 673 3291 quia
708 3220 848 3274 illius
880 3220 1170 3289 participes
1211 3230 1367 3272 erant
1397 3228 1520 3274 tota:
1550 3222 1804 3274 civitates
1829 3231 1880 3273 et
1915 3224 2111 3289 pupilli.

546 3313 794 3367 Mardum
823 3312 1005 3366 Basilii
1037 3313 1274 3365 dolorem
1304 3327 1404 3379 pax
1440 3315 1807 3373 absterserat,
1836 3326 1955 3365 cam
1987 3314 2120 3365 scri-

543 3405 653 3473 psit
675 3404 741 3456 ad
781 3413 1026 3455 sanctum
1056 3401 1325 3454 Eleletium
1348 3402 1628 3468 epistolam
1653 3402 1739 3455 57.
1769 3401 1822 3455 ld
1844 3402 1985 3456 enim
2009 3404 2119 3457 col-

546 3495 638 3566 ligi
692 3502 871 3564 potest
916 3509 980 3547 ex
1038 3492 1123 3547 his
1156 3493 1357 3556 verbis,
1388 3490 1581 3545 Omnia
1619 3493 1757 3544 enim
1801 3495 1884 3545 llic
1920 3494 2115 3547 doloris

547 3589 703 3657 plena
734 3595 875 3639 sunt.
909 3586 1190 3652 Significat
1242 3582 1477 3637 Basilius
1519 3592 1783 3650 quantum
1829 3581 1970 3634 inter
2023 3585 2116 3636 bas

550 3678 828 3733 molestias
857 3676 1057 3730 Meletii
1090 3676 1286 3729 litteris
1324 3676 1665 3729 delectetur:
1699 3672 2115 3743 praetermissam

544 3771 613 3825 ab
649 3786 715 3827 eo
765 3771 1037 3825 scribendi
1074 3770 1418 3824 occasionem
1450 3768 1600 3822 dolet
1630 3785 1645 3821 :
1691 3768 1983 3821 maximum
2023 3768 2119 3820 bo-

545 3878 672 3915 num
717 3862 819 3915 sibi
868 3872 1189 3915 eventurum
1254 3869 1429 3928 putat,
1463 3861 1505 3912 si
1542 3874 1728 3912 coi'am
1778 3856 2038 3924 congredi
2064 3866 2117 3909 et

546 3954 688 4006 illius
716 3968 899 4005 vocem
930 3954 1117 4005 audire
1152 3951 1441 4020 aliquando
1482 3949 1775 4017 contingat.
1812 3945 2115 4013 Quinetiam

543 4047 612 4100 ad
642 4043 916 4097 Meletium
970 4057 1029 4095 se
1063 4043 1405 4105 contulisset,
1456 4040 1557 4094 nisi
1608 4054 1731 4093 eum
1766 4040 2116 4094 retinuissent

544 4132 907 4188 amantissimi
950 4130 1167 4194 fratres,
1200 4147 1430 4200 quorum
1460 4129 1796 4198 propositum
1833 4143 1897 4180 ne
1924 4127 2116 4181 litteris

543 4226 843 4293 evulgaret,
878 4223 1251 4292 Theophrasto
1285 4222 1439 4275 fratri
1481 4220 1859 4291 perferendum
1887 4222 2109 4273 commi-

543 4320 633 4373 sit.
664 4317 1070 4385 Thetipbrastus
1093 4317 1183 4371 ille
1211 4315 1348 4371 idem
1370 4316 1580 4369 videtur
1602 4312 1673 4387 (c)
1708 4330 1826 4369 esse
1849 4329 1910 4367 ac
1939 4311 2114 4366 Theo-

543 4414 796 4481 pbrastus
815 4409 1089 4472 diaconus,
1124 4411 1212 4477 qui
1248 4424 1390 4462 anno
1422 4408 1527 4461 572
1560 4410 1717 4477 paulo
1753 4418 1873 4477 post
1907 4404 2112 4460 Pascha

2224 1935 2535 1991 abalienari.
2570 1938 2660 1993 Sic
2704 1938 2844 1993 ultro
2879 1952 3163 2003 cesserunt,
3197 1958 3258 1993 ac
3296 1956 3480 1993 manus
3508 1939 3781 2002 dederunt,

2223 2036 2272 2081 et
2298 2030 2445 2096 quasi
2492 2031 2559 2081 ad
2608 2031 2828 2083 tonitrui
2866 2048 3052 2085 sonum
3089 2049 3198 2084 sese
3240 2031 3613 2093 submiserunt,
3644 2031 3782 2084 alius

2224 2119 2388 2172 alium
2432 2122 2499 2171 ad
2533 2120 2630 2185 ipsi
2683 2123 3111 2190 satisfaciendum
3162 2132 3563 2186 antevertentes,
3601 2137 3785 2174 conce-

2222 2223 2467 2281 ptamque
2499 2212 2643 2277 prius
2674 2213 2917 2265 adversus
2950 2216 3115 2281 ipsum
3142 2215 3249 2267 odii
3280 2216 3378 2267 vim
3408 2214 3462 2265 in
3492 2228 3592 2265 non
3617 2213 3787 2265 mino-

2223 2318 2329 2355 rem
2357 2301 2721 2355 benevolentia:
2747 2302 2866 2366 vim,
2887 2319 2946 2352 ac
2975 2304 3176 2356 virtutis
3208 2304 3580 2356 incrementum
3605 2302 3785 2368 (quam

2221 2396 2431 2463 quidem
2449 2409 2609 2446 unam
2632 2393 2993 2461 ﬁrmissimam
3018 2394 3114 2459 ipsi
3149 2396 3503 2461 satisfaciendi
3530 2394 3784 2448 rationem

2222 2486 2571 2557 inveniebant)
2622 2496 3002 2538 comntutantes
3030 2503 3049 2537 :
3076 2498 3424 2553 praeterquam
3466 2490 3510 2542 si
3550 2494 3668 2557 quis
3721 2489 3785 2542 ob

2220 2579 2545 2646 deploratam
2581 2576 2971 2646 improbitatem
3014 2577 3270 2646 neglectus
3297 2592 3357 2627 ac
3387 2579 3648 2645 projectus
3683 2590 3785 2639 est.

2223 2681 2274 2722 ut
2298 2672 2405 2737 ipse
2430 2671 2484 2721 in
2501 2670 2666 2732 seipso
2694 2680 3051 2721 contereretur
3073 2677 3228 2737 atque
3251 2681 3662 2733 consumeretur,
3682 2687 3786 2724 non

2221 2777 2368 2815 secus
2398 2778 2459 2813 ac
2489 2761 2667 2828 rubigo
2697 2760 2851 2812 simul
2876 2776 2992 2813 cum
3023 2760 3162 2830 ferro
3186 2760 3420 2811 consumi
3446 2760 3597 2813 solet.

2290 2848 2403 2905 Non
2431 2853 2699 2905 mediocre
2723 2852 2787 2903 ad
2831 2866 2948 2904 eam
2984 2868 3094 2905 rem
3124 2853 3428 2921 ρνίεειιιίυιιι
3472 2850 3660 2905 habuit
3683 2848 3789 2904 Ba—

2219 2944 2371 2998 silius
2410 2943 2466 2997 in
2506 2942 2749 3013 Gregorii
2785 2944 3020 3012 episcopi
3052 2942 3375 2998 Nazianzeni
3413 2945 3702 3011 sapientia,
3729 2942 3786 2999 in

2220 3053 2398 3105 quem,
2439 3047 2497 3089 tit
2544 3047 2817 3091 auctorem
2866 3037 3223 3092 ordinationis
3269 3040 3476 3105 Basilii,
3514 3040 3788 3109 prmcipue

2220 3128 2592 3197 episcoporum
2625 3131 2899 3184 iracundia
2922 3140 3178 3200 eruperat
3200 3129 3295 3201 (e).
3322 3130 3424 3185 Sed
3456 3134 3687 3201 eptinms
3707 3148 3787 3188 se.

2222 3236 2324 3275 nex
2359 3222 2445 3275 die
2476 3230 2529 3275 et
2574 3222 2826 3290 patientia
2854 3224 2932 3276 sic
2959 3238 3053 3277 eos
3083 3224 3231 3286 vicit,
3262 3224 3702 3292 utindignatimie
3732 3227 3786 3281 in

2218 3313 2623 3366 admirationem
2650 3327 2934 3377 conversa,
2966 3314 3030 3365 ad
3064 3314 3235 3382 ipsius
3266 3316 3430 3383 pedes
3471 3316 3610 3369 ultro
3636 3320 3785 3372 acci-

2218 3404 2427 3467 derent,
2464 3403 2668 3472 pudore
2714 3403 2784 3456 ob
2812 3418 2873 3455 ea
2916 3418 3035 3471 qua:
3075 3415 3359 3472 gesserant
3388 3403 3598 3470 suffusi,
3637 3408 3760 3472 abje

2217 3497 2426 3565 etisque
2454 3495 2615 3558 odiis,
2640 3510 2705 3549 eo
2753 3496 3058 3563 patriarcha
3094 3503 3143 3547 et
3176 3494 3483 3564 legislature
3515 3507 3568 3550 et
3600 3498 3809 3565 judice,

2218 3598 2519 3644 uterentur.
2544 3588 2637 3642 Vix
2671 3587 2892 3641 dubium
2916 3598 2999 3640 est
3024 3587 3151 3656 quin
3174 3586 3364 3641 eodem
3402 3596 3644 3654 tempore
3660 3603 3786 3640 cum

2218 3681 2413 3736 Basilio
2440 3691 2495 3735 et
2548 3680 2810 3751 Gregorio
2853 3678 3091 3750 episcopi
3127 3678 3177 3731 in
3229 3678 3456 3748 gratiam
3502 3676 3784 3731 redierint.

2219 3771 2477 3824 Neutrum
2521 3774 2662 3824 enim
2695 3774 3020 3840 placassent,
3057 3773 3102 3827 si
3134 3771 3188 3826 in
3250 3771 3575 3827 alterutrum
3607 3769 3783 3840 iniqui

2216 3879 2335 3917 esse
2360 3863 2745 3932 perstitissent.

2293 3955 2378 4010 Ill.
2413 3954 2598 4023 Neque
2627 3953 2791 4007 etiam
2824 3951 3064 4020 Gregorii
3102 3951 3325 4023 Nysseni
3357 3951 3409 4004 in
3445 3953 3545 4007 hoc
3574 3952 3775 4021 insigni

2217 4058 2414 4099 eventu
2469 4047 2637 4101 defuit
2692 4058 2901 4115 opera,
2933 4058 3242 4112 quanquam
3300 4043 3346 4096 is
3396 4042 3786 4098 immoderatus

2216 4138 2550 4200 abundavit,
2597 4140 2870 4206 nitnioqne
2918 4138 3094 4191 smdio
3152 4135 3622 4202 reprehensionem
3674 4152 3780 4189 non

2215 4230 2427 4294 effugit.
2462 4230 2538 4281 Ad
2583 4230 2719 4283 hanc
2746 4232 2893 4283 enim
2928 4227 3360 4298 paciﬁcationem
3391 4227 3614 4281 omnino
3640 4225 3784 4281 refc-

2219 4325 2399 4377 rendze
2429 4321 2615 4376 Basilii
2654 4321 2896 4391 epistolae
2930 4320 3017 4382 58,
3042 4318 3110 4371 59
3140 4329 3193 4370 et
3226 4316 3314 4372 60.
3353 4318 3430 4373 Ex
3466 4320 3550 4373 bis
3585 4319 3783 4374 litteris

2216 4416 2478 4468 discimus
2520 4412 2841 4483 Gregorium
2876 4411 2926 4461 in
2953 4409 3288 4475 Cappadocia
3317 4412 3652 4478 episcopum,
3678 4409 3785 4463 Ba-

544 4513 793 4559 mortuus
824 4512 929 4554 e~t.
959 4498 1154 4567 Liquet
1188 4500 1467 4563 Basiliam,
1491 4500 1592 4554 etsi
1630 4500 1931 4553 litterarum
1964 4512 2114 4553 cum-

2218 4507 2317 4561 silii
2360 4516 2627 4575 patruum,
2675 4517 2796 4557 cum
2823 4501 3088 4569 episcopis
3121 4500 3472 4569 Cappadocia:
3512 4501 3782 4555 adversus

544 4594 749 4649 mercio
771 4585 1092 4661 conjuncius
1140 4596 1284 4643 esset
1322 4606 1441 4644 cum
1493 4591 1733 4655 Meletio,
1764 4591 1998 4643 nondum
2030 4599 2111 4644 ta-

544 4699 666 4739 men
691 4684 834 4737 illius
863 4683 1064 4734 vultum
1089 4682 1309 4747 vidisse,
1347 4697 1466 4734 eum
1500 4683 1638 4735 banc
1666 4679 1946 4751 epistolam
1970 4679 2109 4736 scri-

541 4775 717 4831 beret.
744 4774 801 4828 ld
831 4773 956 4827 boui
993 4786 1317 4831 consecutus
1353 4782 1439 4828 est
1468 4773 1615 4827 circa
1642 4772 1876 4828 medium
1908 4786 2107 4826 annum

538 4866 667 4935 373,
699 4882 764 4922 ac
796 4866 1021 4937 proinde
1056 4869 1167 4920 bare
1204 4866 1430 4936 epistola
1456 4874 1582 4918 ante
1627 4866 1728 4919 hoc
1760 4875 1969 4935 tempus
1990 4863 2105 4920 col-

540 4959 788 5014 locanda.
830 4955 926 5011 His
953 4957 1153 5018 verbis,
1194 4972 1311 5024 qua:
1334 4956 1631 5018 attulimus,
1667 4955 1881 5009 adducti
1924 4969 2108 5009 sumus

540 5063 601 5106 ut
626 5067 745 5106 eam
781 5053 883 5104 boc
904 5065 1046 5103 anno
1083 5047 1184 5103 571
1225 5047 1639 5109 collocarenius,
1683 5055 1975 5114 antequam
2004 5044 2110 5099 Ba-

539 5142 699 5197 silius
727 5141 1059 5196 voluntatem
1076 5138 1452 5209 episcoporum
1484 5136 1871 5205 recollegisset.
1897 5136 2107 5190 Arcana

538 5244 721 5287 autem
743 5232 1148 5299 mandata,qua:
1162 5227 1539 5296 Theophrasto
1552 5230 1675 5280 data
1695 5237 1839 5287 sunt,
1861 5226 2112 5281 videntur

540 5336 788 5395 spectare
805 5324 1121 5393 pra-clarum
1142 5321 1395 5377 Ecclesia:
1417 5321 1773 5391 paciticaudae
1803 5322 2108 5385 consilium,

536 5419 681 5473 ouod
706 5416 936 5472 Basilius
991 5416 1092 5470 etsi
1122 5425 1232 5469 tum
1258 5417 1471 5470 demum
1500 5430 1791 5485 aggressus
1820 5423 1902 5469 est
1950 5423 2107 5483 post-

611 5640 689 5777 lii
714 5640 812 5777 Eli:
828 5639 915 5777 ἓξὲξ

612 5707 689 5777 (ο)
718 5707 812 5777 sp.
847 5709 936 5777 so.
961 5723 1015 5761 ιι.
1037 5707 1091 5761 3.

616 5774 687 5849 (ε)
713 5774 810 5847 sp.
840 5774 933 5828 οδ.

2218 4597 2475 4650 Basiliam
2514 4592 2741 4648 consilia
2777 4590 3139 4659 conjunxisse.
3176 4591 3239 4645 Et
3272 4606 3357 4643 res
3378 4598 3433 4643 et
3467 4601 3676 4658 tempus
3700 4596 3783 4647 sic

2215 4692 2545 4755 congruunt,
2578 4692 2635 4735 nt
2672 4682 2785 4736 haec
2814 4682 3077 4736 dissensio
3104 4683 3171 4735 ab
3193 4696 3278 4745 ea,
3311 4683 3562 4750 quamde
3589 4682 3777 4738 Basilii

2212 4779 2555 4833 ordinatione
2583 4785 2758 4830 ortam
2784 4773 3037 4835 diximus,
3071 4775 3280 4827 secerni
3311 4789 3415 4826 non
3447 4777 3636 4842 possit.
3658 4776 3783 4830 Fuit

2213 4869 2354 4923 enim
2388 4866 2673 4920 vehemens
2706 4870 2818 4918 haec
2844 4878 2966 4916 cum
2995 4875 3186 4931 patruo
3218 4864 3779 4934 discordia,illiusque

2212 4954 2507 5026 participes
2552 4954 2703 5007 fuere
2736 4962 2858 5007 tota:
2906 4953 3152 5007 civitates
3206 4962 3263 5005 et
3296 4956 3477 5025 pepuli
3516 4956 3608 5026 (ι’).
3654 4955 3774 5011 Νοιι

2213 5047 2362 5102 solus
2416 5045 2615 5100 Basilio
2654 5054 2877 5115 patruus
2910 5045 3305 5109 succensebat,
3361 5048 3455 5100 sed
3490 5046 3779 5114 adjunctus

2210 5140 2443 5195 habebat
2472 5138 2657 5208 plures
2705 5137 3002 5206 episcopos.
3056 5135 3225 5191 Nullae
3258 5138 3473 5192 interim
3513 5137 3777 5195 Basiliam

2210 5232 2352 5288 inter
2378 5242 2432 5285 et
2472 5240 2721 5300 patruum
2756 5230 2998 5284 aliosante
3032 5230 3314 5299 episcopos
3345 5230 3560 5295 litterxe,
3596 5232 3776 5285 nullus

2206 5337 2527 5395 congressus
2560 5342 2574 5377 :
2606 5322 2700 5376 sed
2741 5322 3075 5391 suspiciones
3124 5330 3179 5375 et
3216 5321 3501 5377 calumnia:
3527 5324 3579 5376 in
3628 5321 3780 5378 Basi-

2206 5415 2353 5469 lium.
2382 5397 2477 5468 llis
2515 5414 2657 5469 notis
2697 5410 2852 5467 facile
2891 5413 3225 5483 dignoscitur
3268 5413 3456 5470 Basilii
3487 5425 3775 5471 concerta-

2288 5631 2362 5699 (ιι)
2394 5629 2521 5699 nas.
2548 5646 2628 5685 or.
2659 5632 2748 5686 eo.

2287 5698 2357 5766 (ε)
2385 5698 2518 5766 ﬁat.
2557 5715 2639 5752 or.
2675 5707 2757 5753 ιιι.

2290 5764 2355 5836 υ)
2383 5764 2479 5832 Ep.
2509 5766 2596 5831 b9,
2632 5784 2686 5820 ιι.
2719 5768 2773 5823 ὅ.
