4006 6444
1568 359 1722 414 ῊΤΑ
1768 360 1826 412 S.
1872 356 2137 411 BASILH.

3329 372 3475 413 LXVII

216 488 289 545 tio
315 505 441 545 cum
476 485 765 553 epise0pis.
804 485 891 553 qui
939 484 1007 540 ab
1038 484 1154 551 ejus
1184 483 1529 537 ordinatione
1570 494 1625 538 et
1651 496 1799 538 com-
1829 487 1873 541 A
1907 476 2266 548 perspicimus
2296 490 2360 528 ex
2393 476 2476 530 his
2522 474 2711 530 Basilii
2770 473 2835 527 ad
2893 483 3141 543 patrumu
3175 478 3352 534 verbis
3418 479 3473 534 in

213 584 478 636 munione
520 577 858 647 refugerunt.
888 579 954 632 At
992 576 1183 630 referri
1216 595 1320 631 non
1357 586 1583 644 possunt
1635 577 1701 630 ad
1734 575 1797 628 li-

217 691 294 731 tes
336 677 401 727 de
431 672 818 739 iurisdictione
852 682 1133 738 susceptas
1159 688 1279 725 cum
1306 669 1573 739 episc0pis
1597 684 1799 722 secun-

214 769 293 821 da:
354 764 735 832 Cappadociw.
800 762 1089 816 Anthintus
1138 763 1279 816 enim
1306 801 1319 824 ,
1351 760 1441 827 qui
1479 756 1798 826 posterioris

217 859 377 923 huius
411 859 771 914 dissensionis
798 866 986 910 auctor
1019 856 1139 921 fuit,
1165 858 1219 908 in
1248 855 1428 923 priore
1460 855 1663 906 amicus
1682 859 1798 903 erat

216 950 440 1015 Basilio,
474 952 637 1021 eique
665 964 885 1015 operam
913 950 1166 1010 navabat,
1203 957 1262 999 ut
1286 955 1433 1012 patet
1463 962 1525 1001 ex
1561 962 1647 1011 cp.
1702 941 1791 996 58.

214 1042 454 1112 Tempus
514 1044 679 1097 etiam
739 1043 943 1110 optime
983 1041 1234 1109 quadrat.
1271 1036 1404 1090 Nam
1459 1036 1792 1092 simultatem

213 1151 333 1190 cum
371 1134 645 1205 episcopis
676 1133 1027 1203 Cappadocia:
1078 1130 1431 1197 compositam
1486 1130 1652 1183 fuisse
1715 1139 1793 1181 te-

211 1237 390 1280 statur
440 1225 736 1293 Gregorius
776 1223 1147 1278 Nazianzenus
1176 1218 1274 1291 (a),
1317 1230 1601 1287 antequam
1639 1217 1791 1271 Basi-

213 1321 315 1374 lius
348 1320 416 1371 de
440 1316 791 1384 paeificandis
822 1313 1278 1383 Eeclesiisagi-ret
1308 1328 1429 1367 eum
1453 1312 1787 1378 Athanasio;

211 1410 353 1479 quod
410 1409 697 1462 censdium
732 1404 969 1472 suscepit
1024 1420 1169 1457 anno
1217 1403 1341 1457 571,
1393 1402 1533 1456 Idem
1573 1418 1791 1468 prorsus

212 1512 433 1568 tempus
480 1498 865 1565 assignandum
916 1495 981 1551 iis
1035 1510 1154 1562 «ιηίε
1213 1494 1467 1547 Basilium
1528 1492 1669 1544 inter
1728 1509 1790 1548 ac

211 1592 541 1663 Gregorium
571 1601 819 1660 patruum
848 1590 1096 1655 aliosque
1125 1588 1409 1655 episcopos
1434 1624 1449 1648 ,
1492 1586 1788 1653 interprete

208 1698 262 1741 et
311 1696 599 1756 sequestro
630 1681 897 1753 Nysseno,
954 1691 1103 1750 gesta
1140 1688 1284 1733 Stlltl.
1317 1677 1611 1745 Gregorius
1641 1678 1786 1732 enim

208 1778 512 1851 Nyssenus,
546 1776 635 1845 qui
664 1778 949 1845 episcopus
999 1772 1174 1825 factus
1201 1781 1284 1824 est
1321 1786 1462 1823 anno
1485 1770 1611 1833 37f,
1646 1773 1784 1826 tion-

208 1876 335 1926 dum
394 1871 536 1923 hanc
566 1870 881 1939 dignitatem
914 1865 1139 1933 adeptus
1171 1872 1287 1918 erat
1309 1904 1323 1927 ,
1352 1873 1407 1916 et
1437 1880 1557 1917 cum
1588 1879 1670 1926 eo,
1730 1873 1787 1915 ut

213 1962 449 2031 negotiis
484 1961 740 2028 curisque
771 1970 964 2024 vacuo,
999 1956 1304 2025 expostulat
1356 1956 1590 2010 Basilius
1641 1957 1786 2023 quod
1819 2014 1826 2022 ι

208 2056 276 2110 ad
307 2070 367 2110 se
399 2053 669 2108 difficilem
693 2060 746 2104 et
770 2051 1048 2104 molestam
1073 2051 1233 2103 vitam
1264 2051 1562 2118 ingressum
1588 2046 1789 2101 auxilio

207 2161 315 2199 non
350 2146 554 2197 veniat.
586 2140 794 2206 Quibus
814 2142 975 2195 etiam
1000 2142 1178 2195 verbis
1206 2140 1415 2192 initium
1440 2138 1788 2205 episcopatus

204 2235 342 2288 satis
381 2234 606 2286 indicat.
639 2231 939 2303 Nyssenum
990 2232 1208 2300 quidem
1241 2238 1395 2283 vocat
1428 2227 1790 2298 αἱδεσιμὼτα-

201 2342 322 2390 τον,
354 2326 858 2379 rererendissimum.
898 2324 1003 2377 Sed
1053 2322 1194 2375 hunc
1224 2320 1480 2375 h0norem
1510 2321 1791 2393 presbyte-

206 2421 309 2484 ris,
338 2430 398 2472 ut
427 2419 682 2473 observat
707 2415 1109 2478 Tillemontius,
1146 2415 1418 2469 interdum
1446 2415 1643 2481 defert,
1677 2416 1787 2471 imo

204 2511 339 2580 ipsis
381 2524 767 2576 nonnunquam
800 2509 975 2573 laicis,
1004 2516 1061 2561 ut
1090 2509 1245 2562 initio
1270 2510 1513 2578 epistolze
1558 2509 1647 2561 7|.
1678 2510 1785 2561 lm-

204 2603 406 2655 merito
432 2616 564 2670 ergo
597 2600 710 2655 inec
752 2598 1130 2654 Tillemontius
1163 2598 1326 2654 refert
1352 2600 1417 2653 ad
1444 2615 1647 2653 annum
1681 2599 1779 2653 571

203 2701 260 2743 ει
297 2689 425 2743 572.

282 2778 418 2833 Rem
470 2789 650 2833 autem
685 2780 765 2835 sic
802 2787 1136 2836 transactam
1194 2779 1364 2835 fuisse
1412 2779 1671 2835 discimus
1720 2794 1786 2833 ex

201 2871 435 2940 epistola
463 2871 532 2927 58
590 2873 773 2927 Basilii
802 2883 855 2929 et
885 2875 1093 2928 duabus
1116 2873 1487 2943 sequentibus.
1513 2871 1787 2943 Nyssenus

200 2965 487 3030 epistolam
520 2981 679 3017 unam
709 2968 888 3018 attulit
922 2967 1142 3029 Basilio,
1199 2976 1255 3019 ut
1303 2981 1333 3018 ει
1385 2965 1658 3019 comnmni
1696 2980 1786 3033 pa-

205 3064 328 3107 truo
355 3051 620 3122 Gregorio
669 3056 945 3122 scriptam.
994 3054 1379 3108 Gratissimum
1431 3053 1482 3105 id
1535 3051 1735 3105 Basilio
1766 3093 1782 3119 ,

1901 569 2127 637 epistola
2160 567 2448 633 sequenti:
2484 565 2766 619 Continere
2808 581 2887 618 me
2935 566 3161 632 amplius
3201 586 3317 623 cum
3372 587 3475 624 non

1898 678 2121 728 possem,
2177 658 2327 726 prior
2377 660 2495 724 rupi
2554 677 2749 713 vocem.
2788 658 2924 712 Nam
2959 674 3081 712 cum
3113 676 3235 713 eum
3269 664 3475 721 intimis

1904 755 2155 808 sensibus
2197 760 2424 821 angeret
2466 750 2587 805 hmc
2615 752 2903 819 disSensio,
2942 751 3476 819 nilnljamcunct:m-

1899 846 2022 899 dum
2053 862 2173 901 esse
2226 855 2376 898 ratus
2406 844 2501 915 (II),
2546 847 2734 900 scribit
2774 849 2840 901 ad
2892 856 3182 915 patruum,
3217 849 3377 915 eique
3422 850 3472 901 in

1901 941 2212 991 memoriam
2246 945 2467 990 revocat
2514 947 2796 1004 paternum
2828 939 2978 992 illum
3013 938 3278 999 animum,
3314 952 3475 1006 quem

1898 1032 1999 1087 sibi
2058 1050 2155 1103 per
2210 1042 2375 1087 totam
2416 1032 2581 1085 vitam
2633 1032 2970 1085 exhibuerat.
3019 1034 3357 1099 Obtcstatur,
3419 1044 3476 1087 ut

1896 1140 2018 1179 cum
2059 1145 2161 1195 pax
2194 1138 2249 1181 et
2296 1123 2658 1179 tnansuctudo
2692 1124 2925 1192 propriae
2977 1126 3086 1178 sint
3127 1126 3272 1179 illius
3308 1127 3473 1179 animi

1897 1219 2074 1283 dotes,
2114 1222 2330 1274 modum
2386 1219 2626 1288 imponat
2656 1216 2903 1269 tristibus
2952 1218 3132 1282 rebus,
3167 1220 3358 1273 ducem
3415 1235 3474 1274 se

1897 1311 2020 1365 aliis
2056 1314 2297 1380 prmhens
2329 1314 2393 1365 ad
2427 1313 2657 1381 optima.
2694 1312 2918 1364 minime
2958 1328 3087 1365 vero
3112 1316 3274 1367 alium
3309 1314 3374 1367 ad
3412 1314 3475 1366 il-

1896 1402 2038 1454 licita
2066 1418 2319 1469 sequens.
2353 1401 2486 1453 Nam
2529 1416 2625 1454 nec
2650 1400 2786 1453 alios
2812 1402 3095 1468 epismpos
3120 1402 3310 1456 det-ere
3336 1403 3475 1456 hanc

1894 1495 2294 1547 dissensionem
2324 1533 2337 1554 ,
2365 1496 2457 1547 sed
2493 1495 2666 1562 ipsum
2722 1493 2957 1546 maxime
2990 1493 3286 1556 dedocere;
3348 1510 3469 1547 cum

1892 1586 2195 1655 praesertim
2232 1584 2430 1638 malum
2460 1600 2563 1637 non
2609 1600 2716 1641 uno
2753 1585 2934 1653 aliquo
2961 1584 3467 1649 circumscrilmtur,

1892 1682 1986 1733 scd
2023 1686 2163 1733 totas
2187 1678 2438 1732 civitates
2464 1687 2519 1730 et
2554 1678 2778 1744 populos
2812 1678 2991 1734 lardat.
3042 1676 3217 1743 liopat
3266 1678 3469 1740 itaque,

1892 1782 1948 1825 ut
1972 1773 2085 1828 sive
2108 1771 2412 1826 Caesaream
2443 1768 2712 1821 veniendo
2731 1808 2744 1829 ,
2773 1768 2887 1821 sive
2912 1769 3221 1831 scrihctnlo,
3262 1772 3377 1823 sive
3404 1771 3470 1821 ad

1893 1878 1950 1915 se
2005 1864 2357 1924 accersendo,
2392 1862 2508 1916 sive
2540 1878 2871 1932 quocunque
2916 1862 3021 1916 alio
3060 1863 3216 1914 modo
3240 1902 3253 1926 ,
3292 1877 3469 1916 reme-

1893 1954 2038 2007 dium
2077 1955 2290 2024 aliquod
2316 1954 2526 2010 alierat.

1960 2041 2077 2097 Non
2124 2049 2299 2101 caruit
2337 2058 2526 2117 optato
2574 2046 2727 2101 exitu
2784 2055 2894 2100 tam
2940 2047 3164 2115 insignis
3211 2047 3465 2102 omnibus

1891 2136 2176 2190 charitatis
2207 2141 2447 2192 numeris
2491 2138 2738 2209 epistola.
2774 2138 3053 2193 Venerunt
3097 2155 3125 2191 a
3165 2150 3357 2206 patrno
3386 2139 3473 2191 lit-

1892 2238 2040 2293 terae,
2073 2245 2167 2299 per
2189 2229 2514 2298 Gregorium
2543 2231 2765 2286 fratrem
2793 2231 3127 2300 allataz,qure
3144 2241 3198 2284 et
3228 2231 3469 2283 aninnnn

1897 2322 1963 2375 ad
2015 2324 2443 2390 componendam
2491 2323 2883 2376 dissensionem
2933 2324 3337 2393 paratissimum
3391 2322 3471 2375 si-

1888 2413 2244 2483 gnificabant,
2275 2424 2438 2482 atque
2460 2414 2624 2467 etiam
2672 2414 2930 2467 Basilium
2964 2416 3345 2479 hortabantur,
3411 2426 3472 2469 ut

1890 2506 2081 2571 fratri,
2140 2507 2224 2561 cui
2258 2506 2535 2561 subiratus
2565 2522 2687 2561 esse
2719 2507 3003 2559 videbatur
3031 2507 3099 2559 ob
3140 2507 3468 2559 commenti-

1891 2598 1992 2649 tias
2033 2596 2293 2663 epistolas
2322 2638 2337 2659 ,
2395 2599 2531 2651 iram
2568 2600 2878 2652 redonaret.
2928 2596 3077 2653 Unde
3116 2595 3351 2651 Basilius
3385 2596 3469 2669 (c)

1887 2686 2137 2753 protinus
2164 2687 2232 2739 ad
2266 2697 2518 2755 patruum
2556 2692 2887 2754 rescribeus,
2927 2689 3169 2743 declarat
3196 2707 3255 2743 se
3286 2690 3471 2747 fratris

1888 2786 2182 2847 conspectu
2226 2790 2277 2833 et
2306 2788 2465 2833 antea
2501 2781 2824 2835 delectatum
2875 2783 3046 2837 fuisse
3072 2821 3088 2846 ,
3122 2792 3175 2837 et
3217 2786 3471 2853 proxime

1889 2869 2030 2924 illius
2051 2871 2284 2925 adventu
2310 2886 2375 2926 ex
2402 2872 2647 2942 corporis
2676 2872 2996 2927 infirmitate
3028 2885 3083 2928 et
3122 2876 3288 2927 animi
3317 2875 3473 2927 dolo-

1888 2963 2039 3019 ribus
2063 2976 2393 3029 recreatum,
2422 2980 2521 3019 nec
2561 2965 2852 3035 quidquam
2884 2982 2913 3018 a
2947 2982 3007 3019 se
3035 2966 3203 3035 magis
3230 2966 3468 3021 alienum

1886 3070 2031 3119 esse,
2073 3072 2248 3125 quam
2270 3057 2584 3108 inimicitias
2602 3071 2794 3124 gerere
2821 3071 2943 3109 cum
2971 3056 3311 3126 propinquis.
3332 3058 3468 3112 Cum

201 3144 490 3214 epistolam
529 3148 764 3199 05teudit
805 3146 1045 3214 pluribus
1087 3146 1298 3208 amicis,
1337 3161 1400 3199 ac
1439 3143 1549 3198 Deo
1580 3146 1782 3213 gratias
1810 3178 1853 3235 ο
1885 3156 2066 3200 autem
2100 3148 2165 3200 de
2207 3146 2572 3201 dissensionis
2598 3163 2763 3202 causa
2789 3149 3025 3203 obscure
3057 3153 3268 3204 locutus
3321 3162 3472 3206 esset

201 3236 338 3304 egit.
376 3236 444 3289 At
475 3235 581 3289 cito
616 3237 1011 3305 deprehensum
1044 3246 1129 3291 est
1170 3246 1535 3290 commentmu
1563 3274 1580 3300 ,
1615 3249 1782 3303 seque

202 3327 348 3379 hanc
390 3327 670 3394 epistolam
714 3330 1000 3397 scripsisse
1032 3326 1327 3397 Gregorius
1356 3328 1645 3396 episcopos
1686 3341 1781 3379 ne—

201 3419 373 3486 gavit.
404 3417 628 3471 Terram
657 3421 758 3473 sibi
792 3420 1073 3474 dehiscere
1106 3420 1326 3489 optabat
1348 3417 1615 3473 Basilius:
1645 3420 1779 3473 adeo

201 3514 279 3567 illi
324 3515 427 3568 hoc
464 3514 671 3567 fraudis
718 3523 772 3567 et
813 3510 1077 3566 mendacii
1128 3512 1386 3580 probrum
1440 3511 1779 3579 displicebat.

199 3602 319 3655 Alia
377 3616 569 3655 rursus
607 3602 765 3655 allata
796 3601 1017 3671 epistola
1045 3642 1060 3668 ,
1091 3610 1148 3654 ut
1181 3601 1247 3654 ab
1286 3602 1539 3671 episc0po
1568 3612 1776 3669 patruo,

199 3707 296 3761 per
333 3695 609 3747 Asterium
660 3692 884 3765 Nysseni
934 3692 1215 3748 famulum.
1267 3691 1343 3747 Ne
1393 3694 1531 3745 hanc
1564 3694 1777 3759 quidem

197 3802 327 3841 vere
366 3788 589 3841 miserat
636 3788 922 3857 episcopus
959 3826 975 3849 ,
1022 3787 1186 3855 idque
1244 3786 1445 3839 Basilio
1494 3785 1781 3837 Anthimus

198 3876 503 3949 Tyanensis
558 3877 843 3943 episcopus
900 3875 1250 3929 renuntiavit.
1305 3874 1540 3928 I‘ertiam
1602 3876 1780 3928 attulit

196 3966 431 4038 Nysseni
490 3966 725 4020 famulus
780 3965 1155 4019 Adamantius.
1188 3963 1322 4019 Tum
1373 3981 1502 4021 vero
1551 3965 1780 4021 Basilius

198 4059 345 4113 inter
374 4061 508 4111 duas
542 4058 897 4127 cogitationes
928 4056 1116 4124 haesit;
1149 4058 1432 4111 videbatur
1453 4058 1503 4113 ei
1534 4059 1694 4113 fidem
1725 4069 1779 4114 et

199 4151 464 4205 honorem
518 4151 717 4205 mereri
769 4152 995 4221 epistola
1036 4166 1131 4221 per
1177 4150 1499 4220 Gregorium
1556 4151 1776 4206 fratrem

198 4244 404 4309 missa;
434 4244 528 4298 sed
560 4245 640 4297 bis
669 4244 779 4312 jam
809 4248 1063 4313 deceptus
1094 4262 1196 4299 non
1229 4255 1441 4314 poterat
1484 4261 1589 4301 non
1642 4246 1776 4301 difli-

198 4337 348 4391 dere.
389 4335 591 4390 Scribit
618 4352 747 4404 ergo
771 4337 836 4391 ad
871 4336 1095 4391 fratrem
1126 4377 1140 4401 ,
1172 4340 1394 4408 ejusque
1450 4340 1777 4409 simplicita-

200 4438 304 4482 tem
363 4442 487 4481 cum
523 4444 622 4483 sua
667 4439 855 4497 spoote
908 4428 1234 4484 Christianis
1287 4447 1392 4484 non
1448 4446 1772 4499 congruere,

1886 3247 2144 3305 patruus,
2192 3243 2476 3307 τεδνοηιιει
2512 3238 2743 3295 Basilius
2794 3257 2853 3296 se
2891 3256 3003 3311 pra:
3048 3242 3255 3296 inscitia
3292 3245 3470 3298 minus

1886 3328 2191 3400 intelligere
2221 3333 2347 3400 quid
2384 3334 2484 3388 sibi
2518 3334 2685 3388 velint
2719 3351 2839 3403 quae
2867 3346 2987 3389 acta
3014 3346 3140 3389 sunt
3166 3351 3180 3388 :
3208 3346 3467 3391 ca-terum

1884 3422 2108 3477 fratrem
2150 3440 2178 3477 a
2212 3440 2271 3479 se
2310 3437 2559 3479 coactum
2587 3442 2691 3479 non
2717 3427 2883 3479 fuisse
2901 3425 3198 3495 quidquam
3232 3428 3349 3481 viva
3379 3443 3469 3481 vo.

1882 3531 1944 3570 ce
1981 3518 2180 3581 dicere,
2202 3531 2486 3587 propterea
2520 3521 2661 3588 quod
2717 3535 2817 3574 nec
2877 3531 3034 3575 antea
3070 3522 3235 3591 ipsius
3287 3537 3469 3577 sermo

1884 3609 2133 3661 veritatis
2174 3612 2483 3665 testimonio
2524 3610 2877 3666 confirmatus
2916 3613 3113 3665 fuerat.
3144 3613 3341 3667 Nescio
3369 3629 3468 3669 cor

1884 3698 2264 3753 Tillemoutius
2301 3701 2383 3755 his
2414 3701 2737 3770 Gregorium
2788 3719 2815 3754 a
2854 3715 3049 3771 patruo
3076 3744 3090 3768 ,
3127 3714 3246 3771 post
3303 3721 3464 3761 acccc

1884 3800 2028 3858 ptam
2089 3788 2273 3843 Basilii
2328 3792 2633 3858 epistolam,
2671 3796 2893 3847 missum
2941 3795 3107 3849 fuisse
3159 3798 3459 3852 existimet.

1891 3882 1982 3936 llis
2015 3884 2158 3936 enim
2188 3885 2387 3949 verbis,
2428 3884 2493 3938 Et
2527 3896 2681 3939 antea
2710 3886 2932 3941 libenter
2968 3889 3203 3942 videbam
3242 3890 3463 3959 [mtrem

1881 3992 2118 4039 meum,"
2152 3986 2201 4029 et
2236 3994 2373 4030 nunc
2411 3979 2587 4031 eodem
2614 3979 2808 4047 a/I‘ectu
2842 3982 3046 4050 suscepi
3082 3981 3464 4047 adreuientem,

1882 4068 1983 4121 hoc
2040 4076 2247 4120 tantmn
2303 4066 2506 4120 indicat
2554 4068 2785 4121 Basilius
2836 4083 2893 4123 se
2936 4069 3122 4123 fratris
3166 4082 3463 4139 compecto

1881 4175 2001 4213 cum
2021 4173 2232 4225 semper
2254 4157 2578 4211 delectatqu
2640 4159 2804 4225 uisse,
2847 4169 2958 4211 tum
2989 4160 3150 4213 etiam
3183 4162 3460 4230 proxime,

1880 4267 2001 4304 cum
2032 4267 2059 4300 a
2088 4258 2279 4317 patruo
2303 4249 2587 4317 epistolam
2619 4249 2856 4303 afferret.

1953 4343 2097 4395 Nihil
2127 4352 2355 4411 patruus
2389 4351 2650 4396 statuerat
2678 4344 2743 4396 de
2774 4356 3099 4410 congressus
3134 4355 3378 4411 tempore
3408 4353 3462 4399 et

1882 4434 2020 4488 loco.
2054 4433 2396 4503 Quapropter
2425 4434 2619 4487 iterum
2654 4445 2804 4502 rogat
2842 4434 3097 4498 Basilius,
3137 4444 3195 4486 ut
3232 4434 3344 4487 lucc
3372 4451 3460 4488 ar-

200 4530 312 4574 tum
342 4519 512 4573 etiam
554 4521 779 4587 tempori
817 4520 1038 4574 minime
1056 4522 1347 4575 convenire
1376 4522 1638 4575 declarat.
1678 4521 1771 4574 Li-
1807 4515 1850 4569 Ι)
1880 4527 2044 4580 bitrio
2070 4542 2169 4581 suo
2195 4526 2456 4591 definiat;
2484 4527 2583 4580 sibi
2615 4528 2764 4580 enim
2810 4537 3071 4579 statutum
3103 4540 3225 4580 esse
3256 4528 3460 4583 servire

196 4615 327 4669 bere
356 4620 541 4667 monet
562 4628 684 4667 eum
723 4615 919 4669 talibus
958 4615 1189 4685 negotiis
1217 4631 1434 4668 manum
1469 4616 1765 4669 admovere

198 4722 301 4761 non
339 4705 615 4770 debuisse,
648 4717 739 4759 aut
767 4706 958 4760 saltem
1000 4707 1067 4760 ad
1097 4720 1155 4759 se
1189 4708 1369 4760 venire
1395 4706 1667 4771 debuisse,
1694 4706 1775 4760 si-

198 4798 361 4867 bique
394 4812 553 4867 opem
604 4795 748 4851 ferre
793 4813 986 4850 novam
1015 4798 1181 4851 vitam
1240 4798 1505 4867 ingresso,
1544 4812 1665 4867 qua:
1718 4807 1774 4852 et

198 4906 397 4959 corpus
431 4890 665 4944 conterit
715 4899 769 4942 et
799 4890 1033 4943 animam
1082 4888 1322 4943 conficit.
1356 4887 1596 4943 Tandem
1630 4890 1771 4943 idem

196 4984 244 5038 ei
278 4998 599 5051 responsum
635 4983 748 5047 dat,
788 4981 928 5050 quod
951 4981 1062 5050 jam
1113 4982 1365 5051 praesenti
1418 4982 1662 5046 dederat,
1698 4981 1769 5035 li-

197 5076 389 5131 benter
428 5088 486 5129 se
522 5091 642 5128 cum
674 5084 864 5145 patruo
905 5085 959 5128 et
993 5074 1257 5143 episcopis
1303 5088 1760 5144 congressurum,

196 5169 238 5222 si
274 5177 491 5236 tempus
526 5176 579 5220 et
609 5167 783 5221 locum
818 5165 1099 5231 definiant,
1128 5182 1294 5237 seque
1326 5175 1384 5221 ut
1424 5182 1523 5237 par
1548 5177 1635 5221 est
1666 5168 1767 5220 ad-

196 5271 390 5316 vocent
426 5280 439 5315 :
474 5262 567 5315 sed
590 5263 779 5315 adesse
810 5277 866 5316 se
896 5276 1002 5316 non
1038 5275 1231 5331 posse,
1266 5262 1369 5316 nisi
1410 5262 1569 5317 modo
1626 5276 1761 5315 con—

200 5355 415 5423 gruenti
438 5355 754 5407 advocetur.

269 5447 356 5502 IV.
395 5446 636 5501 Tertiam
697 5445 840 5499 illam
893 5446 1176 5517 epistolam
1230 5447 1423 5500 merito
1458 5454 1765 5515 suspectam

200 5538 399 5595 Basilio
428 5538 621 5605 fuisse,
647 5552 747 5594 nec
773 5540 1035 5594 veriorem
1060 5553 1221 5610 quam
1258 5541 1393 5594 duas
1425 5539 1756 5608 superiores,

268 5723 343 5866 lxi
365 5722 472 5865 iii:

1878 4616 1948 4670 illi
1978 4617 2030 4671 in
2079 4616 2343 4672 charitate
2367 4657 2382 4681 ,
2407 4617 2522 4672 sive
2550 4618 2853 4672 Gazsaream
2892 4618 3075 4670 venire
3116 4618 3285 4683 velit;
3331 4620 3451 4674 sive

1880 4709 2153 4779 privatim,
2184 4708 2297 4763 sive
2335 4724 2456 4763 cum
2486 4708 2609 4763 aliis
2649 4708 2929 4775 congredi.
2964 4707 3099 4775 Quid
3135 4710 3330 4764 deinde
3354 4727 3453 4777 ge-

1882 4809 2022 4854 stum
2054 4800 2142 4862 sit,
2180 4800 2450 4854 nescimus
2482 4818 2495 4853 :
2536 4800 2631 4852 sed
2662 4798 2885 4852 minime
2916 4798 3159 4865 dubium,
3193 4801 3324 4869 quin
3356 4801 3461 4853 Ba-

1882 4892 2037 4947 silius
2059 4899 2304 4962 optatum
2335 4906 2456 4943 cum
2486 4889 2756 4958 episcopis
2778 4904 3151 4959 congressuro,
3186 4905 3344 4957 quem
3374 4908 3461 4945 sa-

1881 4984 2074 5037 nandis
2117 4983 2434 5037 vulneribus
2463 4979 2543 5052 (ά)
2590 4983 2956 5037 necessarium
2983 4982 3286 5049 judicabat,
3342 4994 3460 5037 tan-

1882 5075 2001 5129 dem
2058 5084 2380 5129 consecutus
2412 5074 2481 5128 sit
2504 5114 2520 5139 ,
2568 5084 2622 5128 et
2670 5084 2794 5129 ante
2823 5076 3056 5129 medium
3091 5089 3292 5128 ammm
3328 5075 3455 5141 57f,

1882 5183 1988 5237 quo
2011 5177 2252 5237 tempore
2276 5167 2343 5221 ad
2372 5167 2799 5236 pacificationem
2824 5166 3198 5222 Eeclesiarum
3232 5184 3451 5237 aggres-

1881 5276 1972 5314 sus
2005 5269 2106 5325 est,
2142 5259 2306 5313 finem
2334 5258 2629 5313 tristissimi
2659 5258 2865 5313 dissidii
2885 5259 3107 5323 viderit,
3137 5258 3290 5326 cujus
3325 5276 3449 5329 par.

1884 5351 2073 5419 ticipes
2097 5358 2255 5403 erant
2295 5358 2421 5403 tot-.e
2456 5349 2781 5404 civitateset
2814 5349 3022 5419 populi,
3060 5363 3165 5403 non
3191 5352 3330 5412 quod
3378 5351 3451 5403 al-

1882 5443 2073 5495 terutri
2129 5440 2271 5510 parti
2325 5441 2608 5496 studerent
2641 5441 2843 5513 (neque
2887 5441 3032 5496 enim
3062 5439 3116 5495 id
3143 5440 3274 5495 dicit
3302 5439 3455 5493 Basi-

1880 5536 2025 5607 lius),
2062 5534 2155 5589 sed
2202 5533 2327 5603 quia
2382 5534 2622 5607 episcopi
2681 5536 2825 5593 inter
2870 5548 2929 5589 se
2979 5532 3097 5588 sine
3137 5532 3451 5604 populorum

1948 5718 2019 5790 (ε)
2045 5719 2140 5791 En-
2169 5719 2264 5791 60~
2394 5790 2403 5791 ,,

1947 5791 2022 5862 (ά)
2054 5790 2148 5860 Ep.
2178 5790 2269 5854 59,
2302 5806 2356 5843 ιι.
2384 5790 2442 5841 Et.
