4006 6472
561 407 727 451 ικνιιι

1886 383 2419 444 ΡΙΞΟΙιΕϐΟΪιΙΕΝᾹ.

563 506 858 564 olfeusioue
929 504 1170 560 lissidere
1224 520 1326 558 non
1364 515 1590 572 possunt
1635 505 1734 574 (a).
1795 506 2124 562 llesedcrnnt
2153 519 2199 572 Α
2232 522 2334 575 que
2388 506 2730 560 scribendum
2762 523 2880 563 esse
2910 509 3083 574 duxit,
3121 522 3177 566 ut
3227 528 3348 568 cum
3381 513 3548 569 altero
3595 513 3790 570 amici-

562 610 743 654 tamen
775 597 828 650 in
857 597 1129 658 unnullis
1165 597 1361 650 animis
1400 595 1638 664 reliquiae
1667 597 1874 652 doloris
1902 607 1955 649 et
1988 598 2092 653 iuvi

560 691 685 752 diae,
707 703 826 758 qua:
860 702 1001 742 anno
1016 688 1120 742 372
1156 688 1517 742 emicuerunt.

630 781 963 836 Promiserat
1019 781 1214 835 Basilio
1266 780 1342 851 (ὑ)
1383 780 1680 852 Gregorius
1731 792 2018 836 venturmn
2065 799 2124 838 se

558 874 883 938 Cresaream,
918 883 1200 944 postquam
1242 874 1446 928 umbrzn
1469 890 1676 940 eorum,
1701 875 1789 944 qui
1817 877 2011 931 Basilio
2043 879 2124 932 in-

557 966 922 1032 sidiabantur,
953 965 1363 1033 prmteriissent,
1394 975 1446 1019 et
1478 967 1675 1036 leprosi
1719 965 1972 1022 Davidem
2007 967 2124 1024 llie~

556 1056 847 1128 rosolymis
892 1055 1176 1110 desiissent
1229 1056 1533 1113 excludere.
1576 1060 1674 1111 Vix
1721 1059 1940 1114 dubittm
1990 1063 2119 1129 quin

558 1151 822 1217 promissa
878 1148 1022 1202 circa
1083 1149 1184 1202 hoc
1248 1158 1457 1216 tempus
1503 1150 1808 1220 perfecerit.
1868 1151 2121 1217 Quamvis

556 1242 700 1297 enim
721 1242 952 1296 Basilius
984 1241 1034 1293 in
1068 1240 1290 1310 epistola
1326 1241 1412 1306 7|,
1450 1257 1630 1296 mense
1659 1242 1964 1312 Septembri
2013 1245 2118 1298 hu-

550 1332 641 1400 jus
669 1331 791 1385 anni
824 1331 1025 1400 scripta
1061 1333 1362 1401 expostulet
1403 1348 1523 1387 cum
1557 1334 1818 1405 Gregorio
1841 1374 1854 1395 ,
1883 1336 2024 1402 quod
2054 1337 2118 1389 ad

555 1439 614 1478 se
656 1437 760 1475 non
793 1422 1006 1483 veniat;
1039 1438 1145 1476 non
1185 1432 1362 1479 tamen
1407 1426 1676 1494 queritur,
1703 1429 1843 1495 quod
1881 1427 2117 1480 nondum

555 1527 612 1568 se
637 1511 902 1576 iuviserit,
936 1513 1030 1567 sed
1056 1514 1196 1582 quod
1250 1531 1496 1585 magnam
1528 1519 1654 1572 anui
1700 1527 1903 1586 partem
1937 1532 2117 1573 secum

552 1621 659 1660 non
687 1604 937 1661 traducat
963 1603 1062 1674 (ε).
1089 1604 1192 1658 Ubi
1222 1619 1406 1659 secum
1433 1606 1621 1662 habuit
1657 1607 1974 1678 Gregorium
2011 1608 2118 1662 Ba-

550 1698 731 1762 silius,
761 1700 954 1752 obtulit
989 1696 1036 1751 ei
1070 1694 1340 1751 cathedra:
1373 1698 1632 1752 honorem
1677 1708 1730 1752 et
1757 1701 1988 1769 primum
2036 1701 2118 1752 iu-

551 1799 633 1845 ter
657 1791 1004 1860 presbyteros
1028 1790 1201 1845 lOt‘ttIn
1226 1830 1241 1853 ,
1271 1791 1365 1845 sed
1395 1791 1662 1845 recusanti
1689 1800 1742 1845 et
1774 1792 2025 1845 invidiam
2054 1807 2118 1846 ac

2231 597 2360 648 tiam
2392 595 2573 659 iniret,
2598 612 2716 650 cum
2751 599 2919 651 altero
2946 613 3250 656 renovaret.
3286 604 3424 658 Sunt
3446 606 3525 660 hae
3550 604 3794 675 epistola:

2222 689 2292 743 65
2315 697 2368 740 et
2409 685 2512 751 διι,
2537 704 2668 758 quas
2697 689 2895 744 idcirco
2925 693 2990 745 ad
3025 693 3165 747 hunc
3218 709 3415 748 animm
3477 698 3790 760 referimus,

2226 779 2349 848 quia
2389 780 2661 848 pertinent
2696 781 2758 834 ad
2795 781 2921 835 illud
2969 794 3179 854 tempus
3207 824 3221 848 ,
3268 801 3373 853 quo
3417 785 3648 843 Basilius
3689 800 3793 842 sae-

2222 887 2285 938 pr!
2327 870 2591 942 Elpidium
2623 913 2639 937 ,
2691 874 2937 928 veniente
2985 874 3282 932 Caesaream
3324 879 3553 948 prteside
3583 921 3598 946 ,
3639 883 3790 936 vide-

2223 964 2333 1016 litll.

2293 1051 2546 1106 Atarbius
2582 1055 2656 1123 (g)
2690 1054 3067 1122 Neoczesarcae,
3092 1065 3150 1109 ut
3173 1059 3305 1114 infra
3329 1060 3646 1126 videbimus,
3674 1066 3790 1135 cpi-

2220 1158 2436 1211 scopus,
2473 1143 2653 1198 Basilii
2691 1148 3124 1216 consanguineus
3156 1164 3218 1202 ac
3247 1153 3626 1221 mtatejuuior,
3668 1155 3787 1210 lon-

2219 1252 2284 1302 go
2312 1235 2530 1290 silentio
2551 1237 2787 1292 animum
2810 1240 3008 1295 Basiiio
3033 1255 3136 1295 non
3159 1243 3390 1297 amicum
3417 1245 3782 1316 significabat.

2221 1324 2325 1378 Sed
2350 1325 2600 1391 Basilius,
2624 1328 2713 1397 qui
2753 1328 2805 1381 in
2837 1331 3076 1386 amicitia
3105 1331 3245 1385 vinci
3277 1332 3420 1387 idem
3457 1352 3575 1392 esse
3619 1336 3785 1391 duce-

2220 1415 2312 1468 hat
2358 1433 2422 1473 ac
2453 1421 2688 1485 vincere,
2724 1421 2874 1489 prior
2904 1423 3144 1480 scribere
3169 1425 3235 1480 ad
3266 1441 3386 1479 eum
3421 1443 3523 1483 non
3553 1430 3782 1496 dubitat,

2219 1527 2449 1582 cumque
2481 1516 2743 1578 hortatur,
2779 1525 2859 1582 ut,
2897 1516 3131 1586 projceta
3162 1521 3461 1586 iracundia,
3500 1539 3659 1592 quam
3707 1527 3785 1582 si-

2223 1603 2388 1657 lentio
2418 1607 2857 1675 significaverat,
2921 1608 3241 1665 charitatem
3287 1625 3342 1668 et
3393 1629 3579 1683 pacem
3620 1621 3785 1675 corde

2218 1694 2505 1762 concipiat,
2543 1708 2596 1751 et
2628 1712 2748 1752 cum
2777 1697 3036 1752 fratribus
3061 1696 3199 1753 idem
3229 1702 3580 1758 sentientibus
3600 1709 3780 1760 studia

2217 1794 2270 1836 et
2310 1800 2469 1842 curas
2521 1804 2618 1858 pro
2658 1785 2911 1843 Ecclesiis
2949 1787 3255 1859 conjungat.
3291 1793 3402 1848 Nisi
3446 1796 3586 1850 enim
3632 1812 3783 1851 same

549 1881 877 1948 arrogantiae
903 1879 1265 1947 suspicionem
1286 1877 1509 1948 fugienti
1538 1895 1643 1936 non
1673 1881 1829 1936 modo
1855 1878 2114 1935 molestus
2148 1872 2187 1926 B
2216 1876 2472 1932 doctrinae
2529 1879 2840 1935 defcnsores
2871 1889 3076 1934 tantum
3131 1883 3197 1935 ad
3249 1881 3366 1950 eius
3411 1887 3779 1943 defensionem

550 1983 654 2023 non
682 1970 800 2035 fuit,
830 1974 923 2025 sed
948 1973 1110 2025 etiam
1140 1986 1262 2024 eum
1289 1969 1549 2039 laudavit,
1584 1971 1829 2041 quamvis
1863 1972 2117 2041 provide-

549 2072 633 2116 ret
656 2078 760 2116 non
798 2065 1079 2117 defuturos
1118 2063 1210 2132 qui
1242 2079 1299 2119 se
1327 2065 1696 2134 vituperarent
1721 2073 1773 2118 et
1799 2064 1849 2118 in
1879 2074 2115 2120 contem-

547 2153 622 2222 pti
647 2155 804 2208 amici
825 2155 1030 2209 crimen
1057 2164 1329 2210 vocarent.
1349 2155 1665 2224 Gregorium
1697 2170 1803 2210 non
1837 2157 1926 2210 diu
1953 2157 2116 2213 fuisse

546 2242 810 2298 Caesarea:
839 2245 1066 2312 probant
1090 2243 1271 2298 Basilii
1299 2243 1532 2313 querelas
1558 2282 1574 2311 ,
1611 2260 1744 2315 quas
1782 2247 1944 2302 modo
1968 2263 2116 2302 com-

545 2337 982 2391 memoravimus.

616 2426 681 2479 V.
735 2425 945 2494 Scripta
1005 2428 1221 2485 videtur
1267 2429 1492 2502 epistola
1518 2429 1605 2492 6|,
1640 2437 1930 2499 antequam
1963 2428 2114 2483 Basi-

544 2516 651 2572 lius
679 2531 800 2572 cum
829 2518 1130 2575 Athanasio
1179 2523 1434 2575 maximis
1463 2524 1528 2575 de
1559 2523 1720 2575 rebus
1752 2530 1958 2590 ageret.
2014 2521 2116 2575 Du-

543 2621 659 2661 cem
686 2606 887 2677 Libyaa,
926 2611 976 2662 in
1001 2609 1336 2679 Cappadocia
1363 2620 1581 2676 natum,
1605 2611 1896 2664 crudeliter
1933 2619 1986 2664 et
2014 2609 2111 2663 lla-

543 2698 740 2765 gitiose
792 2698 1068 2754 viventem
1133 2702 1461 2755 Athanasius
1510 2703 2112 2768 excommunicavcrat,

543 2789 704 2858 idque
725 2790 975 2846 omnibus
1024 2793 1279 2849 Ecclesiis
1313 2795 1752 2850 denuntiaverat.
1797 2796 2114 2866 ReSpondet

543 2879 773 2935 Basilius
829 2896 888 2936 se
947 2884 1091 2939 illius
1142 2885 1349 2939 litteras
1407 2887 1604 2956 legisse
1660 2888 1913 2943 Ecclesia:
1967 2905 2111 2953 sate,

542 2981 600 3022 ut
639 2971 780 3025 hunc
813 2973 1004 3027 ducem
1062 2987 1250 3028 omnes
1302 2975 1723 3029 abominandum
1777 2979 2110 3042 existiment,

540 3076 641 3114 nec
686 3061 864 3132 ignem
923 3072 978 3118 et
1034 3081 1228 3135 aquam
1285 3079 1408 3119 cum
1454 3080 1518 3118 eo
1573 3076 1667 3118 aut
1731 3075 1927 3120 tectum
1967 3082 2113 3119 ('Ottl-

544 3165 706 3206 mune
739 3152 990 3207 habeant.
1026 3156 1186 3208 Addit
1236 3170 1294 3208 se
1342 3155 1439 3208 has
1484 3155 1694 3210 litteras
1739 3155 1926 3208 amicis
1964 3155 2113 3208 ducis

542 3251 598 3297 et
639 3245 957 3314 propinquis
1003 3256 1059 3301 et
1089 3247 1396 3316 hospitibus
1425 3247 1712 3302 ostendere
1764 3265 1870 3303 non
1905 3248 2111 3303 desitu-

538 3348 677 3389 rum.

617 3427 750 3482 Cum
779 3426 1153 3484 Parnassenus
1172 3427 1452 3498 episcopus
1481 3428 1726 3493 obiisset,
1764 3433 1976 3484 viduam
2007 3433 2112 3486 Ee-

539 3519 760 3573 clesiam
791 3534 855 3573 ex
890 3537 1039 3574 more
1070 3521 1381 3575 consolatur
1415 3521 1639 3576 Basilius
1675 3521 1774 3593 (ά).
1808 3531 1968 3589 atque
1989 3523 2112 3573 hur-

539 3619 705 3675 tatur,
749 3621 807 3664 ut
854 3610 1023 3666 dolori
1075 3626 1181 3665 non
1238 3612 1638 3676 succumbant,
1694 3612 1785 3665 sed
1839 3621 2107 3681 pastorem

538 3715 695 3754 suum
723 3703 937 3758 beatum
976 3703 1310 3768 existiment,
1347 3712 1509 3771 atque
1531 3703 1597 3757 ad
1627 3704 1983 3757 necessariam
2017 3703 2111 3758 Ec~

538 3794 720 3848 clesite
767 3809 951 3847 curam
994 3803 1304 3862 assurgaut.
1335 3794 1550 3863 Scripta
1606 3795 1817 3848 videtur
1852 3797 1963 3849 haec
2005 3796 2110 3863 epi-

538 3885 675 3937 stola
706 3894 1015 3950 antequam,
1046 3882 1284 3936 Valentis
1310 3885 1566 3947 adventu,
1605 3885 1926 3938 Arianorum
1968 3886 2108 3939 vires

537 3974 857 4029 crevissent.
920 3971 1086 4026 Valde
1147 3974 1289 4026 enim
1352 3975 1695 4025 metuendum
1756 3974 1984 4039 fuisset,
2043 3989 2110 4028 ne

535 4065 724 4118 Ariani
759 4064 812 4118 itt
841 4064 1106 4120 electione
1152 4065 1390 4133 episcopi
1429 4063 1756 4118 Parnasseni
1787 4066 1974 4119 turbas
2030 4065 2110 4117 fa-

537 4165 743 4218 cerent,
775 4172 874 4211 nec
924 4155 1196 4210 omisisset
1244 4155 1479 4210 Basilius
1529 4156 1753 4226 periculi
1792 4157 2108 4226 magnitudi-

540 4261 662 4300 nem
705 4246 1058 4301 !‘arnassenis
1089 4257 1215 4301 ante
1266 4249 1452 4302 oculos
1484 4264 1704 4317 ponere.
1756 4247 1891 4302 lliuc
1943 4250 2104 4301 etiam

536 4338 691 4405 copia
725 4337 824 4392 fuit
858 4338 1044 4406 Optimi
1099 4339 1199 4392 viri
1258 4341 1530 4409 eligendi,
1585 4355 1742 4408 quem
1769 4339 1949 4392 Ariani
2016 4355 2109 4392 cx-

535 4428 788 4495 pulerunt
852 4442 995 4480 anno
1073 4427 1197 4481 575.
1279 4429 1480 4498 llypsiu
1546 4443 1668 4482 eum
1732 4439 1888 4482 vocat
1953 4428 2105 4479 Basi-

535 4519 640 4572 lius
671 4517 761 4588 (e).

605 4609 719 4664 Hoc
765 4624 907 4664 anno
964 4611 1089 4675 571,
1130 4611 1414 4680 prmsidem
1479 4610 1713 4665 habebat
1767 4610 2103 4677 Cappadocia

535 4700 856 4756 Therasiutn
885 4741 901 4766 ,
952 4711 1010 4755 ut
1063 4702 1371 4771 colligimus
1432 4716 1496 4755 ex
1543 4700 1786 4770 epistolis
1825 4699 1986 4753 ΤΙ-νει
2014 4698 2100 4753 78.

535 4790 708 4856 Hujus
747 4807 990 4846 assessor
1017 4803 1134 4848 erat
1174 4790 1411 4862 Elpiditts
1438 4832 1453 4856 ,
1481 4807 1604 4846 cum
1634 4791 1831 4846 Basilio
1867 4791 2102 4845 amicitia

533 4885 1026 4953 coniunctissimus.
1081 4885 1216 4938 Cum
1277 4900 1342 4939 eo
1399 4885 1622 4938 libenter
1681 4884 2089 4952 colloquebatur

535 4974 767 5028 Basilius
822 4973 915 5044 (ι’),
967 4975 1181 5044 quoties
1234 4990 1432 5042 praeses
1474 4974 1776 5028 Caasaream
1809 4973 2099 5026 veniebat:

535 5080 770 5134 cumque
798 5080 862 5119 ex
895 5067 1010 5135 ejus
1037 5080 1288 5119 sermone
1320 5065 1482 5118 multa
1509 5067 1849 5134 cognovisset
1878 5066 1942 5117 de
1973 5066 2106 5116 duo-

536 5155 636 5211 bus
676 5157 888 5211 eximiis
938 5156 1071 5210 viris
1096 5197 1110 5222 ,
1137 5156 1420 5225 principali
1451 5155 1818 5209 Neocmsarem
1849 5166 1902 5208 et
1934 5154 2104 5226 Hesy-

535 5247 683 5314 chio,
735 5263 960 5318 quorum
988 5249 1222 5318 primum
1266 5248 1409 5301 fama
1452 5256 1657 5300 tantum
1692 5256 1948 5310 noverat,
1985 5263 2106 5300 cum

535 5337 713 5393 altero
769 5347 947 5392 autem
997 5338 1305 5392 communia
1354 5339 1481 5393 olim
1541 5339 1843 5392 litterarum
1888 5339 2060 5391 studia
2091 5377 2105 5399 ,

533 5443 988 5500 communemque
1026 5431 1259 5485 amicum
1297 5427 1613 5485 Terentium
1658 5428 1946 5495 habuerat,
1971 5429 2102 5482 utri-

608 5582 684 5656 (a)
712 5584 840 5639 Νη.
877 5602 957 5641 or.
982 5587 1075 5641 20.

612 5660 682 5753 Υἱὲ
715 5656 844 5753 ἓῗὲ·
872 5672 960 5753 fl"
984 5661 1074 5753 3?.-

614 5725 682 5794 (ε)
713 5725 842 5778 Nat.
869 5741 952 5778 or.
984 5729 1075 5782 ‘20.

612 5799 690 5866 (ιι)
720 5797 813 5865 Ep.
847 5795 932 5849 62.

2217 1969 2460 2024 laborent
2486 2008 2502 2033 ,
2540 1982 2796 2037 quantum
2852 1973 2917 2026 ad
2948 1989 3066 2028 eam
3096 1978 3505 2044 oppugnandam
3534 1981 3783 2037 adversa-

2217 2062 2304 2129 rii,
2332 2059 2463 2116 nihil
2492 2061 2913 2131 prohibiturum,
2938 2065 3228 2134 quominus
3256 2066 3458 2121 veritas
3496 2069 3563 2124 ab
3597 2070 3781 2126 inimi-

2216 2153 2294 2206 cis
2339 2167 2528 2208 eversa
2573 2163 2796 2223 pereat,
2849 2170 2912 2208 ac
2966 2159 3433 2213 eondemnationis
3481 2163 3782 2232 participes

2218 2242 2424 2297 futuros
2471 2247 2560 2314 qui
2597 2247 2663 2301 ad
2707 2245 3070 2303 Eeclesiarum
3105 2248 3784 2325 conjunctionem'couspi-

2217 2349 2337 2388 rare
2361 2335 2652 2391 noluerint.
2677 2337 2852 2409 Rogat
2881 2348 3084 2405 autem,
3119 2348 3176 2394 ut
3211 2340 3352 2396 hanc
3381 2346 3686 2411 opinionem
3713 2363 3781 2400 ex

2215 2425 2400 2480 animo
2431 2427 2702 2496 projiciat,
2727 2445 2784 2486 se
2815 2431 3042 2486 aliorum
3079 2432 3460 2487 communione
3493 2450 3598 2489 non
3633 2437 3779 2489 iudi-

2214 2529 2362 2582 gere.
2417 2515 2469 2569 Id
2501 2518 2643 2571 enim
2676 2529 2730 2572 et
2761 2522 3014 2575 charitati
3067 2523 3402 2578 contrarium
3433 2540 3574 2590 esse,
3595 2537 3650 2581 et
3679 2528 3781 2580 ho-

2216 2607 2375 2660 minis
2401 2623 2505 2661 non
2538 2611 2829 2680 cogitantis
2855 2651 2870 2677 ,
2909 2614 3028 2666 belli
3065 2615 3260 2668 malum
3290 2655 3306 2681 ,
3339 2620 3476 2686 quod
3505 2621 3559 2672 in
3599 2621 3778 2673 orbem

2215 2698 2610 2768 circumagitur,
2643 2701 2696 2754 in
2752 2701 3146 2773 Cappadociam
3205 2721 3270 2761 ac
3324 2707 3556 2764 Pontum
3608 2711 3780 2765 etiam

2217 2801 2622 2860 perventurum.

2285 2882 2497 2951 Scripta
2536 2899 2664 2953 ergo
2701 2887 2817 2941 haec
2870 2889 3108 2956 epistula
3135 2931 3150 2954 ,
3203 2900 3487 2958 antequam
3536 2893 3735 2947 bellum
3763 2933 3780 2960 ,

2215 2973 2356 3038 quod
2388 2974 2672 3037 circuibat,
2704 2975 3411 3049 Cappadociamattigisset;
3437 2997 3557 3036 cum
3585 2981 3786 3040 Valens

2209 3060 2317 3128 jam
2347 3063 2544 3118 multas
2573 3065 2796 3120 vicisset
2837 3067 3137 3134 Ecelesias,
3177 3079 3232 3124 et
3262 3071 3656 3143 Cappadociam
3686 3091 3783 3145 op-

2216 3162 2545 3221 pugnaturus
2595 3155 2886 3220 videretur,
2944 3162 3037 3214 sed
3101 3164 3336 3216 nondum
3389 3175 3780 3234 oppugnasset.

2216 3240 2486 3299 Printerea
2517 3262 2636 3301 cum
2669 3250 2947 3304 Atarbium
2977 3252 3175 3306 salutet
3198 3254 3448 3320 Basilius,
3473 3265 3528 3309 ut
3552 3257 3782 3313 fratrem

2219 3334 2525 3389 unanimem
2553 3347 2606 3390 et
2633 3338 2698 3391 de
2730 3341 2831 3394 lide
2867 3351 3012 3395 recte
3043 3344 3364 3398 sentientem
3393 3363 3405 3410 ;
3463 3347 3784 3405 collocanda

2221 3427 2333 3482 lucc
2358 3429 2579 3496 epistola
2612 3439 2736 3484 ante
2763 3447 2961 3486 annum
2990 3434 3115 3500 573,
3145 3451 3252 3504 quo
3277 3437 3482 3492 Atarbii
3513 3440 3786 3494 acerbitas

2220 3515 2270 3566 ia
2321 3516 2576 3573 Basilium
2608 3525 2807 3590 erupit,
2845 3523 3069 3593 ejusque
3112 3524 3244 3581 ﬁdes
3285 3527 3443 3584 malis
3475 3528 3785 3583 rumoribus

2216 3605 2483 3675 ﬂagravit.

2772 3721 2998 3777 CAPUT
3051 3723 3212 3778 XVII.

2217 3802 2254 3856 l.
2374 3804 2606 3881 Basilius
2639 3806 2928 3862 Ecclesium
2956 3828 3144 3876 pacare
3177 3814 3497 3881 aggreditur.
3539 3812 3602 3867 ll.
3636 3814 3784 3868 Con-

2287 3877 2421 3944 fugit
2456 3878 2527 3950 ad
2554 3879 2615 3932 S.
2656 3881 3022 3950 Athanasium,
3055 3877 3496 3935 misso'Dorot/ieo
3525 3885 3779 3950 diacono,

2287 3956 2340 3996 ut
2383 3947 2637 4020 auxilium
2658 3951 2721 4020 nl)
2751 3947 3026 4003 Occidente
3055 3953 3375 4020 impetratur.
3407 3952 3492 4009 ΙΙΙ.
3527 3954 3568 4008 S
3619 3947 3784 4007 Atha-

2286 4018 2462 4089 {insitis
2487 4019 2642 4089 mittit
2677 4018 2891 4071 Petrum
2910 4018 3257 4089 presbyterum
3291 4026 3342 4074 in
3365 4023 3787 4088 Cappadociam.

2289 4084 2377 4136 IV.
2415 4085 2604 4138 Basilii
2661 4089 2848 4140 littera:
2895 4084 2962 4140 nd
3010 4084 3271 4143 Mcletium
3308 4103 3354 4144 et
3390 4084 3456 4143 uti
3477 4084 3783 4146 Damasum

2283 4169 2492 4219 papam.
2522 4155 2717 4206 lterum
2743 4158 2969 4208 mittitur
2997 4160 3368 4213 .‘llea‘andrmm
3401 4163 3690 4215 Dorotheus
3722 4172 3783 4216 ut

2285 4226 2402 4273 inde
2429 4222 2649 4276 Romam
2678 4226 3058 4289 proﬁciscatur.

2281 4329 2322 4384 l.
2349 4328 2423 4400 (It)
2446 4329 2759 4385 Domesticis
2778 4331 2936 4386 rebus
2957 4348 3020 4386 ex
3044 4335 3306 4388 sententia
3327 4334 3641 4401 compositis
3661 4351 3785 4390 ma-

2207 4419 2323 4490 jora
2360 4421 2582 4475 consilia
2609 4421 2838 4476 Basilius
2863 4425 3192 4493 aggreditur.
3228 4423 3319 4478 Vir
3346 4433 3540 4479 caetera
3588 4427 3781 4482 mode-

2213 4522 2363 4567 ratus
2388 4512 2616 4568 sublime
2643 4515 2894 4583 quiddam
2921 4524 2977 4569 et
3008 4517 3326 4571 immensum
3369 4519 3554 4573 animo
3584 4519 3782 4573 conci-

2207 4603 2305 4672 pit,
2342 4619 2442 4657 nec
2485 4605 2764 4670 charitati,
2807 4621 2912 4674 qua
2938 4605 3223 4677 ﬂagrabat,
3257 4607 3390 4664 alios
3429 4623 3590 4677 quam
3626 4608 3782 4664 orbis

2207 4703 2471 4748 terrarum
2506 4696 2764 4750 terminos
2795 4699 3113 4764 prznseribit.
3157 4698 3366 4753 lntimis
3411 4698 3560 4754 illum
3593 4701 3779 4754 sensi-

2205 4785 2307 4839 hus
2339 4787 2609 4854 angebant
2632 4786 2886 4841 Ecclesia:
2918 4788 3206 4842 Orientalis
3228 4789 3584 4844 calamitates.
3610 4789 3785 4846 Gras-

2206 4875 2430 4930 sabatur
2474 4878 2693 4931 haeresis
2720 4917 2736 4943 ,
2777 4879 3032 4932 saeviebat
3072 4877 3387 4946 imperator,
3433 4881 3778 4947 gravissima

2207 4977 2366 5022 erant
2391 4968 2533 5022 inter
2568 4969 2715 5038 ipsos
2741 4970 3068 5025 orthodoxos
3116 4972 3502 5034 dissensiones,
3535 4987 3597 5026 ac
3626 4973 3780 5029 velut

2209 5061 2264 5115 in
2294 5071 2556 5115 nocturna
2604 5076 2778 5130 pugna
2827 5063 2918 5114 vix
2951 5062 3132 5117 hostes
3175 5065 3241 5118 ab
3285 5064 3474 5118 amicis
3525 5065 3778 5135 dignosci

2207 5162 2474 5221 poterant.
2505 5151 2736 5206 Basilius
2781 5153 2894 5207 luce
2950 5154 3088 5208 mala
3136 5169 3238 5208 non
3270 5156 3523 5223 precibus
3575 5155 3761 5208 solum

2210 5247 2393 5300 studet
2415 5257 2680 5308 avertere,
2712 5253 2845 5300 teste
2867 5243 3126 5316 Gregorio
3148 5245 3489 5300 Nazianzeno
3514 5245 3589 5315 (p.
3615 5246 3775 5313 546),

2206 5337 2298 5389 sed
2329 5345 2382 5389 et
2410 5337 2548 5404 piam
2571 5336 2864 5390 doctrinam
2897 5340 3084 5392 litteris
3115 5337 3406 5406 consignat,
3425 5336 3775 5390 adversariis-

2204 5442 2301 5494 que
2350 5425 2807 5482 colluctationibus
2849 5438 2899 5482 et
2943 5427 3137 5496 prceliis
3196 5428 3451 5497 ingentem
3497 5427 3776 5483 Itwrctico-

2283 5583 2350 5654 (ι)
2378 5582 2474 5651 Ep.
2504 5584 2631 5651 257,
2664 5603 2718 5642 n.
2747 5588 2798 5642 2.

2284 5655 2354 5739 ψ
2385 5655 2481 5739 ἓν·
2521 5655 2609 5739 Z7;

2283 5730 2358 5793 (gl
2391 5725 2484 5791 Ep.
2525 5723 2614 5776 65.

2283 5798 2360 5862 (li)
2389 5794 2516 5846 Nat.
2545 5810 2623 5848 or.
2653 5795 2742 5847 (λθ.
