4006 6454
1492 396 1654 451 ΠΤΑ
1696 395 1757 450 S.
1798 391 2069 448 BASlLll.

3336 410 3463 453 LXIX

217 543 334 579 rum
370 522 655 576 audaciam
676 519 873 589 frangit
904 532 965 568 ac
994 513 1284 584 propulsat.
1311 528 1396 565 eos
1427 511 1657 579 quidem,
1692 505 1783 576 qui
1814 509 1860 565 Α
1887 505 1941 556 in
1977 512 2232 555 nocturna
2268 516 2442 570 pugna
2484 499 2682 553 nullum
2716 503 2785 554 sit
2821 502 3108 555 amiccnm
3136 511 3185 556 et
3221 504 3466 558 inimico-

215 631 408 667 manus
435 611 672 679 conferre
701 611 819 662 ausi
850 608 1061 675 fuerant
1088 646 1104 669 ,
1147 605 1309 658 armis
1342 604 1531 670 lingua:
1556 601 1790 651 cominus

216 702 543 757 contundens
576 714 595 752 .'
635 714 721 752 eos
766 707 959 763 autem,
1009 697 1098 764 qui
1148 693 1330 759 procul
1385 693 1449 743 ab
1504 707 1562 742 eo
1613 689 1790 741 dissiti

215 804 387 854 erant,
421 791 627 860 sagittis
656 805 722 842 ea:
742 799 1035 841 atramento
1066 785 1314 853 confectis
1360 784 1571 850 feriens,
1624 778 1789 831 nihilo

215 885 473 952 inferiore
522 884 589 935 iis
634 882 989 949 litteris,qutc
1016 881 1140 933 olim
1180 880 1233 932 in
1277 878 1469 931 tabulis
1517 876 1792 941 insculpta:

218 987 337 1029 sunt
371 992 390 1029 :
416 991 510 1029 nec
548 977 638 1027 uni
667 984 871 1027 tantum
912 984 957 1025 et
1002 974 1207 1039 exiguis
1250 969 1561 1025 Iudaeorum
1586 966 1791 1021 nationi

217 1068 282 1121 de
328 1066 461 1121 cibis
491 1071 535 1120 et
574 1065 889 1133 potionibus,
924 1075 971 1118 et
1011 1064 1223 1115 caducis
1250 1061 1546 1128 sacri/iciis,
1597 1061 1795 1113 carnis-

217 1176 317 1228 que
347 1157 775 1227 purgationibus,
814 1159 902 1208 sed
956 1156 1191 1207 omnibus
1243 1154 1534 1207 hominibus
1561 1192 1576 1218 ,
1634 1164 1789 1222 atque

222 1249 462 1301 omnibus
490 1249 630 1302 orbis
661 1246 924 1316 partibus,
960 1248 1022 1297 de
1050 1246 1281 1298 veritatis
1313 1244 1575 1306 doctrina,
1606 1259 1668 1295 ex
1689 1258 1795 1311 qua

220 1340 366 1392 salus
396 1347 759 1406 comparatur,
790 1337 924 1405 leges
973 1346 1252 1387 statuente.
1306 1332 1523 1398 Deinde,
1547 1335 1793 1402 quoniam

222 1446 367 1496 eque
404 1426 710 1495 imperfecta
748 1441 830 1479 res
854 1434 953 1484 est,
990 1426 1127 1477 actio
1179 1439 1415 1476 sermone
1448 1424 1794 1488 destituta,et

222 1538 393 1575 sermo
423 1520 488 1572 ab
522 1520 724 1571 actione
748 1531 1002 1578 remotus,
1034 1518 1231 1569 idcirco
1253 1516 1478 1569 actionis
1506 1516 1793 1569 subsidium

222 1612 449 1665 sermoni
485 1610 822 1679 adjungebat,
873 1610 1007 1662 alios
1039 1612 1271 1662 videlicet
1314 1610 1521 1672 adiens,
1559 1610 1629 1661 ad
1663 1610 1795 1660 alios

224 1703 543 1770 legationem
572 1702 803 1765 mittens,
838 1701 973 1753 alios
1008 1715 1272 1751 accersens
1297 1737 1310 1761 ,
1344 1698 1631 1751 admonens
1657 1737 1673 1762 ,
1700 1715 1791 1750 ar-

224 1810 409 1864 guens,
443 1794 742 1861 increpans,
770 1793 924 1845 minis
951 1797 1210 1845 insectans
1231 1831 1245 1855 ,
1278 1792 1482 1859 probris
1511 1794 1790 1851 incessens,

225 1904 320 1953 pro
345 1888 607 1956 gentibus,
648 1902 745 1955 pro
777 1884 1005 1944 urbibus,
1057 1899 1149 1949 pro
1198 1883 1420 1952 singulis
1452 1884 1602 1935 etiam
1629 1882 1799 1933 Itami-

226 1980 377 2031 nibus
417 1990 681 2031 certamen
718 1975 1027 2041 suscipiens,
1060 1991 1209 2027 omne
1232 1974 1417 2027 salutis
1445 1990 1605 2041 genus
1642 1990 1796 2027 exco-

231 2074 448 2139 gitans,
500 2068 840 2135 undecunque
900 2068 1210 2120 medicinam
1262 2066 1439 2119 morbo
1492 2067 1798 2125 adhibens:

230 2159 468 2213 Beseleel
523 2159 614 2211 ille
643 2198 658 2223 ,
691 2156 779 2211 ille
805 2198 819 2223 ,
862 2159 1072 2226 inquam
1108 2196 1123 2219 ,
1171 2174 1308 2211 arca:
1343 2159 1535 2213 dit-ina:
1568 2158 1801 2226 fabrica-

228 2261 333 2314 tor,
385 2248 660 2302 materiam
707 2263 909 2301 onmem
936 2258 983 2303 et
1017 2257 1184 2302 artem
1210 2252 1279 2303 ad
1306 2249 1571 2319 Opi/icium
1598 2269 1799 2305 accom-

228 2343 448 2395 modum
472 2380 486 2404 ,
514 2349 668 2410 atque
692 2341 868 2393 omnia
899 2351 1199 2405 contexens,
1223 2346 1291 2396 ad
1334 2346 1579 2398 eximiam
1618 2360 1803 2411 quant-

228 2433 351 2484 dem
414 2431 568 2485 unius
625 2432 795 2498 operis
849 2432 1292 2502 pulchritudinem
1355 2446 1401 2487 et
1475 2437 1803 2489 concinnita-

231 2532 357 2575 tem.

302 2615 579 2687 Multiplex
636 2616 723 2671 ille
770 2615 1028 2671 Ecclesia:
1075 2617 1324 2686 juvaudae
1372 2620 1582 2685 modus,
1645 2634 1801 2689 «mem

229 2708 525 2779 Gregorius
589 2710 865 2773 describit,
930 2724 1035 2764 non
1117 2713 1183 2765 ad
1244 2712 1414 2765 Solum
1470 2716 1807 2784 episcopatus

232 2813 445 2873 tempus
505 2802 695 2859 referri
744 2804 924 2857 debet.
974 2804 1100 2858 Han:
1143 2805 1286 2858 enim
1351 2808 1529 2860 ouniia
1582 2806 1807 2863 Basilius

230 2896 512 2965 presbyter
552 2902 844 2947 navaverat
880 2911 895 2948 :
929 2894 1151 2963 ejusque
1200 2898 1481 2963 prudentia
1539 2899 1807 2951 enituerat

232 2986 284 3040 in
319 2984 667 3056 pacilicandaa
690 2984 948 3039 Ecclesia:
976 2987 1222 3047 consilio,
1260 2998 1316 3041 ut
1358 3002 1518 3055 supra
1554 2988 1804 3043 vidimus.

233 3077 337 3133 Sed
370 3078 434 3131 ad
465 3077 829 3146 episc0patnm
858 3088 1099 3143 evectus,
1133 3091 1186 3134 et
1218 3082 1267 3134 in
1305 3083 1431 3137 sedc
1466 3097 1626 3151 supra
1672 3083 1804 3137 alias

1894 609 2009 645 rum
2042 594 2343 648 discrimen.
2374 592 2556 662 Legati
2585 609 2613 645 a
2642 593 2850 662 synodo
2877 593 3246 663 Lmnpsacena
3276 597 3328 649 in
3364 594 3469 654 Oe-

1892 685 2158 740 cidentem
2185 686 2330 739 missi
2353 687 2618 741 redierant
2642 702 2761 739 cum
2788 686 2985 741 litteris
3008 687 3468 747 Occidentalium:

1892 775 1986 832 sed
2024 791 2088 830 ea
2141 790 2197 830 re
2240 790 2337 831 nec
2379 777 2619 847 mitigata
2669 778 2997 845 persecutio,
3034 793 3131 834 nec
3161 780 3472 838 domestica:

1893 870 2258 924 dissensiones
2297 868 2518 923 sedatae.
2573 869 2751 936 Quare
2806 871 2975 925 satius
3026 886 3146 927 esse
3191 874 3472 931 videbatur

1894 960 2112 1023 Basilio,
2138 970 2196 1013 ut
2220 974 2284 1014 ex
2312 962 2429 1029 ipso
2451 959 2741 1016 Occidente
2768 963 3129 1028 mitterentur,
3154 967 3248 1036 qui
3277 967 3473 1023 Orien-

1897 1060 2001 1105 tem
2038 1050 2350 1106 inviserent.
2399 1051 2537 1106 Fore
2564 1053 2708 1106 enim
2744 1063 2822 1118 ut,
2858 1055 2981 1108 dum
3016 1056 3305 1113 se.0mnes
3346 1061 3470 1115 boni

1896 1158 2018 1197 cum
2050 1143 2156 1198 illis
2182 1143 2532 1215 conjuugunt,
2564 1155 2709 1199 tanta
2751 1150 3044 1202 auctoritas
3086 1150 3261 1219 ipsum
3304 1154 3467 1207 etiam

1898 1235 2035 1291 forte
2082 1236 2460 1306 imperatorem
2504 1249 2746 1292 moveret
2788 1259 2800 1295 :
2838 1249 2889 1295 et
2922 1243 3048 1297 dum
3089 1245 3358 1301 Nicrenam
3412 1248 3475 1303 fi-

1896 1327 2015 1381 dem
2044 1328 2353 1384 instaurant
2385 1328 2569 1397 legati,
2598 1331 2723 1383 dum
2758 1348 2943 1401 aequas
2972 1336 3039 1388 ad
3072 1352 3255 1407 pacem
3286 1344 3474 1395 cendi-

1897 1421 2071 1475 tiones
2123 1432 2452 1492 proponunt,
2505 1422 2661 1477 facile
2713 1434 2766 1479 et
2810 1426 3015 1482 erroris
3064 1429 3373 1487 defensores
3418 1443 3474 1490 et

1897 1510 2299 1579 perturbatores
2335 1512 2483 1581 pacis
2524 1513 2989 1581 diguoscerentur.

1966 1602 2028 1655 ll.
2068 1603 2173 1657 Sed
2211 1618 2331 1659 cum
2373 1619 2528 1659 nemo
2554 1616 2700 1660 esset
2748 1608 2839 1659 toti
2881 1605 3157 1664 Occidenti
3191 1615 3469 1669 venerabi—

1897 1692 2018 1757 lior,
2046 1708 2207 1759 quam
2243 1692 2300 1747 S.
2334 1694 2678 1757 Athanasius.
2712 1712 2870 1751 nemo
2906 1702 3283 1757 communibus
3320 1705 3472 1760 malis

1897 1784 2015 1852 plus
2040 1786 2265 1849 doleret,
2301 1802 2458 1840 nemo
2496 1798 2549 1843 et
2588 1789 2640 1841 in
2671 1791 2958 1847 cernendis
2988 1793 3147 1846 rebus
3176 1797 3386 1850 acutior
3422 1808 3475 1853 ct

1904 1877 1955 1929 in
1992 1878 2330 1946 perficiendis
2351 1877 2637 1939 efﬁcacior.
2664 1882 2853 1934 scribit
2880 1884 2944 1936 ad
2967 1898 3087 1936 eum
3112 1884 3340 1940 Basilius
3370 1886 3471 1955 (d),

1903 1981 1966 2020 ac
1999 1976 2149 2038 rogat
2179 1978 2237 2021 ut
2265 1968 2586 2036 pacificaudi
2615 1969 2851 2025 Orientis
2881 1974 3161 2029 consilium
3193 1978 3472 2046 suscipiat,

1904 2072 1958 2115 et
1987 2077 2047 2115 ex
2087 2061 2322 2115 Ecclesia
2352 2077 2448 2117 sua
2483 2062 2712 2117 selectos
2736 2064 2881 2117 viras
2916 2066 3091 2119 mittat
3124 2068 3188 2119 ad
3213 2068 3475 2124 Occiden-

1907 2152 2042 2208 tales
2081 2154 2382 2223 episcopos,
2423 2156 2610 2223 eisque
2643 2164 2879 2223 expouat
2909 2144 3244 2213 calamitates
3278 2160 3475 2216 Orien-

1908 2246 1999 2309 tis,
2025 2261 2087 2299 ac
2114 2256 2364 2315 suggerat
2392 2247 2605 2301 modum
2636 2249 2753 2315 opis
2786 2249 3039 2315 ferendas,
3075 2252 3341 2321 simulque
3371 2254 3477 2308 Do-

1906 2335 2053 2388 mino
2094 2339 2346 2402 paciticas
2388 2351 2578 2405 preces
2608 2336 2819 2392 offerat.
2860 2338 3083 2394 Fatetur
3127 2344 3359 2411 reliquas
3389 2360 3475 2401 res

1904 2420 2140 2475 Orientis
2173 2423 2401 2478 fortasse
2432 2426 2499 2478 ab
2533 2440 2599 2479 eo
2645 2427 2761 2481 sine
2791 2426 3212 2485 Occidentalium
3243 2436 3479 2489 admini-

1906 2513 2028 2566 culo
2049 2516 2293 2573 componi
2332 2530 2434 2569 non
2466 2530 2623 2585 posse
2656 2536 2669 2570 :
2701 2518 2793 2572 sed
2827 2520 3255 2585 pacificationem
3292 2525 3477 2581 Eccle-

1907 2607 1999 2660 siae
2043 2606 2390 2662 Antiocheam
2436 2624 2497 2662 ex
2552 2612 2666 2679 ipso
2713 2615 2944 2680 pendere
2987 2616 3285 2679 contendit,
3321 2634 3384 2671 ac
3423 2621 3475 2673 in

1909 2701 2077 2770 ipsius
2127 2710 2393 2769 potestate
2440 2703 2601 2756 situm
2655 2718 2796 2764 esse,
2858 2705 2985 2756 utin
3032 2706 3166 2760 alios
3213 2716 3479 2776 tempera-

1909 2802 2090 2846 mento
2140 2801 2339 2856 utatur,
2390 2792 2523 2846 alios
2560 2802 2888 2861 compescat,
2935 2795 3280 2862 pra'fecturas
3316 2801 3481 2868 parti-

1908 2880 2121 2932 CUIares
2150 2880 2400 2947 abrogct.
2439 2896 2501 2934 ac
2528 2885 2802 2949 antiquum
2833 2882 3085 2939 ECCICSiiB
3128 2889 3293 2940 robur
3324 2892 3481 2943 resti-

1912 2978 2043 3023 tuat.
2085 2968 2260 3039 Rogat
2290 2987 2418 3041 ergo
2448 2988 2567 3026 eum
2592 3014 2605 3036 ,
2650 2982 2705 3026 nt
2740 2975 3039 3030 Antiochia:
3070 2979 3222 3032 malis
3266 2998 3482 3037 movea-

1913 3071 2031 3127 tur,
2077 3071 2131 3116 et
2155 3062 2321 3118 instar
2350 3065 2504 3133 periti
2532 3067 2719 3121 medici
2746 3070 2813 3122 ab
2840 3069 2997 3138 hujus
3027 3070 3282 3129 Ecclesia:
3316 3092 3442 3130 cura
3464 3115 3482 3142 ,

231 3169 506 3223 eminente
531 3167 847 3229 collocatus,
880 3184 1047 3223 novos
1082 3182 1307 3224 conatus
1336 3173 1666 3227 adhibendos
1690 3190 1805 3228 esse

1913 3153 1995 3206 cui
2038 3152 2167 3205 nihil
2220 3153 2609 3223 pt'wferendum
2664 3156 2716 3210 in
2756 3159 2886 3213 orbe
2932 3169 3232 3228 terrarum,
3270 3165 3482 3220 initiqu

236 3259 509 3328 intelligit,
561 3267 618 3312 nt
669 3258 974 3314 Catholicos
1024 3262 1167 3318 inter
1205 3279 1263 3319 se
1296 3265 1604 3336 conjungat,
1641 3276 1694 3321 et
1742 3269 1809 3321 ab

233 3351 454 3405 Ariauis
501 3351 725 3407 omnino
755 3351 1045 3424 disjungat.
1079 3358 1200 3410 .lam
1241 3373 1301 3411 ea
1342 3372 1426 3411 res
1459 3367 1656 3412 tentata
1692 3356 1809 3413 fue-

233 3444 523 3513 ratpaucis
555 3455 678 3500 ante
713 3447 888 3509 annis,
916 3446 1007 3501 sed
1046 3448 1246 3502 nullum
1281 3449 1541 3504 habuerat
1584 3450 1810 3514 exitum,

234 3533 573 3605 interpellate
600 3551 627 3588 a
656 3536 877 3590 Valente
914 3539 1164 3602 concilio,
1198 3540 1337 3607 quod
1376 3538 1525 3591 Tarsi
1576 3540 1808 3589 futurum

235 3629 571 3695 sperabatur.
607 3626 724 3681 Alia
759 3629 937 3696 itaque
984 3630 1293 3694 agzreditnr
1324 3632 1432 3691 via,
1464 3639 1518 3681 et
1553 3628 1618 3679 ad
1649 3626 1809 3682 Occi-

236 3718 477 3771 dentales
506 3717 798 3787 confugere
829 3722 1037 3773 statuit.
1074 3719 1244 3773 Unam
1278 3720 1421 3773 enim
1458 3720 1597 3775 hanc
1626 3723 1812 3778 auxilii

232 3812 376 3862 viam
421 3807 499 3875 (a)
538 3809 699 3876 pandi
735 3808 1102 3863 Orientalibus
1142 3809 1397 3866 Ecclesiis
1433 3812 1811 3879 existimabat;

236 3912 336 3952 nec
376 3896 597 3949 dubium
639 3907 758 3953 erat
808 3898 960 3967 quin,
1019 3900 1065 3953 si
1107 3896 1482 3956 Occidentales
1522 3904 1659 3957 idem
1700 3915 1812 3957 stu.

238 3988 382 4041 dium
413 3988 479 4041 ad
518 3987 756 4043 Orientis
787 3988 1155 4047 defensionem
1198 3992 1535 4056 adhiberent,
1573 3995 1713 4063 quod
1760 3996 1811 4046 in

236 4081 530 4136 Occidente
580 4083 839 4137 adversus
878 4099 1043 4137 unum
1087 4094 1177 4137 ant
1223 4084 1449 4137 alterum
1506 4085 1811 4138 Inercticum

237 4171 615 4235 adhibuerant,
674 4173 968 4242 imperator
1020 4174 1379 4228 multitudinis
1433 4175 1810 4229 auctoritatem

239 4272 603 4324 revereretur,
644 4276 709 4315 ac
750 4264 931 4334 pepuli
981 4262 1125 4332 ipsos
1165 4266 1393 4318 libenter
1431 4276 1807 4335 sequerentur.

307 4351 445 4406 Illud
486 4359 664 4405 autem
697 4355 893 4407 nemini
928 4354 1145 4408 dubium
1188 4368 1307 4408 esse
1332 4356 1509 4415 debet,
1544 4358 1675 4425 quin
1716 4355 1817 4410 Ba-

240 4444 394 4498 silius
446 4444 522 4514 (b)
567 4441 705 4497 idem
754 4453 1143 4512 prosequatur,
1172 4447 1313 4514 quod
1349 4448 1627 4517 presbyter
1671 4447 1817 4501 ince-

1913 3246 2093 3301 ducat.

1986 3336 2107 3390 lla'c
2137 3338 2356 3408 epistola
2402 3338 2668 3391 Dorotheo
2704 3340 2953 3396 Ecclesiae
2984 3343 3333 3400 Antiocheam
3369 3346 3488 3400 dia-

1913 3444 2049 3485 cono
2076 3432 2361 3483 connuis5a
2391 3437 2472 3484 est
2506 3432 2819 3498 perferenda
2859 3451 2870 3486 :
2906 3434 2999 3487 sed
3031 3450 3150 3488 cum
3182 3438 3230 3489 ei
3269 3438 3483 3491 videre-

1913 3529 1999 3573 tur
2025 3516 2252 3573 Basilius
2292 3535 2395 3574 non
2428 3522 2563 3576 satis
2596 3532 2777 3591 aperte
2812 3523 3132 3590 declarasse,
3167 3541 3251 3581 res
3291 3525 3485 3583 Antio-

1914 3614 2115 3664 cheuas
2145 3611 2223 3665 sic
2252 3613 2501 3682 componi
2530 3613 2748 3676 debere,
2780 3625 2835 3669 ut
2867 3614 3075 3671 bleletio
3102 3619 3485 3689 adjuugautur,

1914 3715 2033 3771 qua:
2056 3701 2261 3756 divulsa
2296 3712 2456 3767 sunt;
2488 3703 2649 3756 aliaat
2691 3702 2807 3770 ejus
2846 3716 3031 3770 rogatu
3067 3708 3350 3775 epistolam
3386 3712 3486 3763 ad-

1915 3795 2048 3847 didit
2096 3793 2328 3848 Basilins
2369 3793 2458 3865 (ε),
2508 3796 2560 3847 ἰιι
2608 3810 2711 3863 qua
2752 3798 3026 3866 conceptis
3056 3800 3234 3854 verbis
3266 3801 3487 3855 demon-

1922 3896 2058 3938 Strat
2090 3898 2143 3939 et
2173 3886 2269 3938 sibi
2295 3897 2350 3938 et
2380 3886 2471 3938 toti
2500 3882 2707 3940 Orienti
2737 3887 2787 3940 in
2824 3889 2963 3942 votis
2983 3904 3123 3955 esse,
3158 3900 3212 3945 ut
3244 3890 3489 3947 Meletius

1916 3977 2267 4029 Antiocheam
2293 3974 2549 4031 Ecclesia:
2574 3977 2939 4047 gubernacula
2972 3988 3168 4044 teneat,
3198 3981 3279 4034 vir
3300 3990 3355 4035 et
3385 3981 3489 4036 fide

1919 4065 2239 4135 inculpatus,
2270 4075 2323 4121 et
2365 4076 2474 4122 tum
2525 4070 2646 4121 vita:
2681 4069 2965 4154 sanestjtate
3006 4071 3161 4139 longe
3196 4071 3315 4125 aliis
3353 4086 3489 4139 prae-

1917 4157 2191 4224 ferendus,
2219 4169 2328 4214 tum
2355 4161 2496 4230 quod
2535 4175 2785 4213 universo
2814 4160 3069 4216 [Seclcsiaa
3095 4166 3307 4233 corpori
3348 4178 3488 4229 prae-

1916 4252 2005 4315 sit,
2042 4251 2132 4306 alii
2167 4266 2293 4306 vero
2334 4253 2571 4321 partibus
2605 4263 2834 4309 tantum.
2880 4254 3242 4319 Quamobrem
3277 4270 3488 4324 mquum

1916 4354 2058 4405 esse,
2098 4351 2156 4395 ut
2197 4343 2247 4395 ei
2286 4342 2375 4395 alii
2417 4343 2797 4414 atljnugantur,
2834 4346 2978 4400 velut
3011 4346 3221 4414 magnis
3258 4346 3492 4402 flumini-

1918 4431 2019 4488 bus
2062 4434 2271 4488 minora
2314 4450 2327 4485 :
2373 4434 2531 4504 idque
2574 4437 2645 4488 ita
2673 4437 2846 4488 visum
2882 4452 3000 4490 esse
3030 4436 3490 4505 Occidentalibus,

240 4544 430 4605 perat;
473 4551 535 4590 ac
572 4534 639 4589 de
672 4534 858 4587 iisdem
888 4535 1173 4605 episcOpis.
1214 4536 1508 4605 iisdemque
1546 4538 1611 4590 de
1655 4540 1813 4594 rebus
1844 4534 1888 4589 D
1919 4534 1978 4579 ut
2031 4524 2222 4580 litterae
2269 4541 2364 4595 per
2407 4528 2622 4581 beatum
2673 4528 2946 4582 Silvanum
2988 4531 3162 4583 allatae
3203 4540 3490 4587 testantur.

241 4633 386 4694 agat.
426 4623 725 4679 Verebatur
764 4638 830 4677 ne
868 4627 1104 4692 suspecti
1145 4635 1327 4681 essent
1373 4626 1670 4680 Athanasio
1706 4630 1819 4697 epi-

240 4715 389 4785 Lcopi
438 4714 513 4767 illi
545 4718 607 4769 ob
641 4716 944 4769 memoriam
980 4720 1383 4782 pra'teritorum,
1414 4716 1539 4786 quia
1570 4717 1820 4774 videlicet

241 4823 430 4865 eorum
477 4820 581 4859 non
621 4809 775 4876 pauci
817 4806 1088 4873 conjunCti
1130 4808 1257 4861 olim
1290 4825 1413 4864 cum
1446 4808 1661 4863 Arianis
1703 4808 1822 4863 fue-

242 4912 386 4958 rant.
430 4899 594 4955 Iidem
642 4915 771 4969 ergo
812 4910 980 4964 sunt,
1022 4914 1085 4955 ac
1135 4900 1225 4967 qui
1264 4917 1404 4955 anno
1431 4901 1556 4967 564,
1590 4901 1821 4957 concilio

242 4990 619 5065 Lampsaceno
663 4991 1041 5048 interfuerant.
1081 4990 1231 5057 Quod
1272 4993 1323 5045 in
1363 4994 1463 5048 hoc
1508 4992 1736 5048 concilio
1762 5001 1817 5046 et

243 5084 489 5153 pluribus
515 5083 634 5138 aliis
666 5091 928 5136 tentatum
960 5084 1157 5146 luerat,
1195 5090 1252 5134 ut
1293 5084 1384 5150 qui
1432 5085 1570 5138 idem
1617 5083 1814 5138 sentie-

244 5175 398 5237 bant,
431 5190 539 5229 una
580 5172 1033 5241 coniungerentur
1069 5175 1469 5238 communione,
1506 5175 1558 5228 id
1594 5173 1817 5227 Basilius

248 5263 302 5314 in
346 5262 591 5330 epistolis
634 5265 736 5317 hoc
764 5270 817 5317 et
862 5264 1106 5330 sequenti
1142 5278 1280 5317 anno
1320 5265 1535 5331 scriptis
1563 5264 1819 5333 perlicere

248 5362 519 5407 colatur:
554 5356 709 5422 eique
738 5354 1067 5423 propositum
1094 5365 1176 5410 est
1217 5354 1287 5424 (c)
1314 5363 1391 5418 ut,
1427 5357 1515 5423 qui
1554 5357 1691 5407 circa
1731 5372 1814 5408 ve-

251 5459 362 5494 rum
423 5443 583 5509 [idem
640 5445 980 5508 cluudicant,
1034 5446 1299 5513 manifesti
1353 5446 1590 5499 omnibus
1649 5447 1813 5514 ﬁant,

250 5549 604 5605 agnoscantur
640 5548 809 5593 autem
844 5538 933 5607 qui
972 5550 1103 5593 recte
1132 5540 1379 5605 sentiunt,
1413 5555 1503 5592 nec
1532 5540 1646 5608 jam
1683 5540 1815 5593 velut

325 5675 400 5743 (ιι)
441 5674 537 5739 Ep.
580 5675 666 5728 66.

325 5746 397 5812 (b)
442 5745 537 5812 Ep.
577 5745 667 5798 82.

440 5810 535 5877 Ειι.
578 5812 666 5869 09,
710 5829 759 5861 ιι.
803 5808 854 5865 ὅ.

579 5904 841 5959 l’a'ruoc.
876 5904 991 5960 Gn.
1038 5903 1262 5958 XXXX.

1990 4614 2077 4673 lll.
2118 4616 2231 4671 Non
2268 4629 2480 4687 poterat
2515 4620 2839 4674 Athanasius
2876 4635 3141 4675 summam
3183 4622 3324 4676 illam
3364 4624 3493 4677 cha-

1922 4709 2158 4771 ritatcm,
2197 4724 2320 4779 qua.
2376 4726 2589 4779 semper
2646 4711 2895 4766 omnibus
2948 4716 3188 4781 patebat,
3244 4717 3493 4784 episc0po

1920 4800 2236 4855 Caesariensi
2287 4802 2339 4855 in
2394 4819 2451 4857 re
2496 4804 2627 4857 tanti
2672 4806 2930 4859 tuomenti
2971 4808 3240 4860 claudere.
3278 4805 3489 4861 Nullam

1920 4909 2125 4948 moram
2163 4895 2288 4949 huic
2326 4897 2525 4951 eximio
2558 4896 2703 4964 operi
2744 4896 3188 4968 interponendam
3220 4898 3394 4961 duxit,
3436 4908 3493 4951 et

1926 4987 2162 5052 acceptis
2190 4985 2370 5042 Basilii
2403 4989 2591 5041 litteris
2618 4991 2801 5043 statim
2826 4992 2872 5043 ei
2904 4990 3199 5058 rescripsit,
3231 5005 3292 5043 ac
3328 4989 3494 5043 Doro-

1922 5080 2048 5133 theo
2075 5080 2325 5132 comitem
2363 5078 2605 5145 adjunin
2642 5078 2880 5144 Petrum,
2933 5097 3037 5133 nou
3094 5081 3237 5133 illum
3277 5080 3495 5149 quidem

1920 5172 2013 5240 qui
2049 5171 2096 5224 ei
2132 5170 2396 5224 successit
2438 5169 2604 5240 (hunc
2643 5174 2784 5227 enim
2821 5174 3050 5225 nondum
3095 5173 3306 5225 viderat
3337 5171 3492 5226 Basi-

1920 5263 2023 5315 lius
2048 5262 2113 5332 (ί)
2142 5276 2287 5313 anno
2316 5260 2465 5327 375),
2500 5266 2593 5317 Sed
2630 5265 2795 5317 alium
2837 5264 3085 5317 Ecclesia:
3115 5262 3495 5317 Alexandrina:

1922 5354 2321 5421 presbyterum.
2362 5352 2407 5405 Is
2447 5370 2474 5405 a
2528 5354 2726 5407 Basilio
2755 5354 2986 5406 maxima
3017 5371 3139 5408 cum
3170 5356 3353 5407 ltclitia
3397 5369 3493 5405 ex-

1922 5453 2109 5512 ceptus
2143 5452 2247 5507 est,
2283 5442 2508 5512 ejusque
2541 5442 2979 5511 approbationem
3022 5454 3073 5495 et
3126 5442 3332 5495 laudem
3381 5457 3492 5491 mv-

1930 5543 2055 5604 ruit,
2104 5540 2230 5592 dum
2276 5537 2557 5590 Athanasii
2591 5538 2838 5590 mandata
2876 5549 3091 5589 strenue
3135 5534 3490 5602 persequitur,

1992 5675 2071 5744 (il)
2114 5675 2276 5744 Epist.
2321 5673 2409 5744 ὁρ.

1992 5742 2058 5806 (c)
2104 5742 2265 5802 Epist.
2308 5742 2392 5789 ϋῖ.

1990 5812 2051 5875 υ)
2096 5809 2187 5872 up.
2237 5808 2352 5859 155.
