4006 6462
476 441 582 483 LXXX

1774 408 2305 467 PROLEGOMENA.

480 542 774 595 concilians
823 536 1131 598 contraria,
1182 548 1245 586 ac
1296 532 1499 586 divulsa
1562 528 1891 598 coniungens
1944 526 2041 596 (a).
2075 529 2119 585 Α
2151 522 2473 583 videbimus,
2513 531 2827 588 responsum
2871 514 2969 571 soli
3015 515 3195 570 attulit
3236 515 3453 582 Basilio,
3490 521 3579 588 qni
3617 535 3717 575 suo

483 633 711 685 Dubium
756 630 973 699 quidem
1026 642 1128 680 non
1176 633 1260 679 est
1304 624 1431 690 quin
1483 622 1714 684 Basilio,
1755 628 2042 687 antequam

483 723 748 779 scriberet
787 720 1189 779 Alexandriam,
1224 717 1376 769 multi
1416 729 1479 769 ex
1520 712 1739 781 collegis
1779 711 1935 763 fidem
1966 711 2048 764 (le-

482 816 687 867 dissent
730 826 789 864 se
830 811 1057 862 libenter
1095 807 1393 862 Athanasio
1433 815 1487 858 et
1521 801 1957 858 Occidentalibus
1983 802 2047 853 ad

484 902 851 957 defensionem
910 900 1034 954 iidei
1089 899 1314 952 ducibus
1367 909 1557 947 usuros
1602 908 1616 945 :
1661 902 1717 945 at
1758 892 1906 945 multi
1961 891 2049 944 alii

484 1000 821 1062 supererant,
852 991 904 1043 in
950 989 1146 1058 quibus
1181 986 1457 1039 flectendis
1495 983 1878 1036 elaborandum
1931 980 2049 1033 fuit.

483 1084 745 1152 Sperabat
776 1082 989 1150 quidem
1018 1078 1243 1133 Basilius
1280 1085 1423 1145 (pag.
1462 1074 1608 1140 165),
1636 1073 1749 1127 fore
1783 1083 1841 1125 ut
1865 1085 2053 1125 omnes

484 1174 805 1235 Athanasio,
851 1187 969 1241 qua:
1000 1172 1065 1225 ad
1098 1185 1286 1238 pacem
1321 1166 1683 1220 Ecclesiarum
1719 1164 2054 1217 constituen-

486 1269 607 1321 dam
643 1266 933 1334 pertinent,
967 1263 1179 1316 tandem
1219 1259 1639 1313 committerent.
1674 1255 1778 1310 Sed
1808 1255 2055 1306 videntur

490 1356 749 1418 nonnulli,
780 1355 903 1407 dmn
934 1352 1151 1406 Arianis
1174 1350 1380 1403 occulte
1412 1348 1613 1413 favent,
1644 1361 1706 1400 ac
1739 1355 1816 1399 tot
1846 1346 2054 1414 episco-

488 1463 675 1519 porum
728 1447 985 1499 adversus
1033 1444 1278 1497 iimresim
1333 1439 1697 1509 conjunctioni
1748 1447 1930 1505 aperte
1956 1438 2054 1491 ob-

489 1550 637 1593 stare
668 1553 771 1591 non
801 1536 1016 1597 audent,
1057 1544 1234 1590 astute
1274 1548 1454 1587 moras
1497 1533 1772 1584 innectere
1803 1528 2052 1581 voluisse.

491 1627 648 1682 Tales
685 1628 936 1684 exstitere
967 1626 1107 1695 (pag.
1145 1624 1290 1692 {62),
1317 1627 1404 1691 qui
1439 1621 1787 1691 requirebant
1819 1630 1877 1672 ut
1907 1618 2060 1674 Occi-

493 1718 729 1773 dentaies
756 1718 1067 1771 nominatim
1105 1714 1414 1768 Marcellum
1453 1713 1792 1771 damnarent,
1834 1724 1898 1763 ac
1930 1723 2061 1777 que—

492 1812 750 1864 rebantur
806 1810 947 1875 quod
1004 1808 1264 1859 hactenus
1308 1806 1358 1857 in
1405 1802 1574 1857 solum
1624 1801 1812 1855 Arium
1866 1801 2060 1855 invecti

2151 611 2365 665 nomine
2395 612 2623 663 Damaso
2657 605 2966 671 scripserat.
3018 603 3130 657 Non
3168 604 3311 659 enim
3345 606 3562 660 dubium
3595 623 3719 662 esse

2149 710 2343 772 potest,
2372 701 2501 768 quin
2542 698 2763 765 epistola
2797 695 2883 759 70,
2914 695 3014 749 etsi
3062 695 3409 763 inscriptione
3441 710 3606 763 caret,
3649 700 3717 751 ad

2150 795 2438 847 Damasum
2480 791 2679 858 scripta
2718 789 2808 843 sit.
2860 785 2993 839 Huic
3028 786 3258 839 Basilius
3290 784 3527 841 Orientis
3573 788 3711 841 mala

2150 894 2272 938 ante
2319 884 2505 938 oculos
2549 882 2720 950 ponit,
2772 896 2835 935 ac
2885 886 3039 948 rogat
3085 887 3146 931 ut
3192 877 3394 945 legatos
3442 880 3620 933 mittat
3666 882 3719 932 in

2151 976 2450 1039 Orientem,
2508 974 2768 1039 majorum
2825 986 3043 1027 suorum
3094 969 3363 1036 exemplo,
3420 970 3471 1023 in
3530 971 3722 1039 primis

2155 1062 2413 1131 Dionysii,
2462 1061 2550 1126 qui
2606 1060 2731 1113 olim
2781 1059 2834 1112 in
2893 1057 3288 1125 Cappadociam
3343 1058 3580 1121 miserat,
3628 1061 3721 1125 qui

2156 1153 2390 1219 captivos
2434 1150 2781 1204 redimereut.
2828 1147 2979 1201 Nune
3022 1156 3197 1200 autem
3244 1148 3520 1215 graviores
3555 1151 3723 1201 multo

2157 1254 2348 1292 causas
2381 1239 2629 1302 subesse;
2660 1253 2761 1290 nou
2798 1238 2938 1291 enim
2970 1240 3162 1293 mdium
3200 1237 3597 1291 demolitionem
3636 1236 3719 1288 lu-

2158 1330 2289 1397 geri,
2316 1328 2409 1381 sed
2434 1329 2699 1382 excidium
2720 1326 3111 1392 Ecclesiarum;
3138 1341 3237 1381 nec
3262 1326 3572 1381 servitutem
3603 1339 3727 1380 cor-

2158 1436 2369 1490 porum,
2403 1420 2495 1473 sed
2536 1420 2834 1473 animarum
2874 1418 3254 1485 captivitatem.

2229 1510 2361 1565 Cum
2404 1509 2502 1563 hac
2532 1508 2756 1577 epistola
2796 1507 3117 1560 Dorotheum
3154 1506 3380 1560 Basilius
3410 1506 3627 1567 comite,
3664 1514 3726 1557 ut

2160 1601 2449 1656 verisimile
2492 1611 2595 1663 est,
2644 1600 2804 1655 Petro
2853 1597 3214 1652 Alexandrino
3258 1600 3323 1650 ad
3367 1596 3726 1650 Athanasium

2163 1695 2407 1758 remittit,
2451 1692 2713 1759 adiunctis
2755 1691 2874 1745 aliis
2905 1688 2984 1759 (ά)
3030 1688 3095 1741 ad
3125 1688 3476 1741 Athanasium
3508 1686 3725 1745 litteris,

2163 1800 2226 1837 ex
2280 1785 2472 1852 quibus
2521 1782 2748 1852 perspici
2792 1789 2989 1849 potest,
3033 1789 3234 1847 quanto
3289 1780 3501 1830 arderet
3548 1776 3728 1832 studio

495 1899 740 1960 fuissent,
775 1895 1027 1950 Marcello
1061 1894 1203 1948 nulla
1234 1909 1458 1964 prorsus
1485 1894 1750 1946 sententia
1782 1892 2058 1951 damnato.

2178 1877 2393 1931 3asilius
2436 1877 2511 1929 rei
2549 1873 2906 1942 perficiendae.
2942 1872 3071 1927 Mira
3100 1872 3240 1925 enim
3272 1868 3546 1935 diligentia
3578 1867 3729 1936 sigil-

495 2005 651 2057 qnem
683 1987 843 2041 etiam
882 1985 934 2038 in
972 1984 1406 2037 communionem
1434 1990 1763 2050 receperant.
1798 1979 1945 2033 Satis
1980 1979 2061 2031 in-

495 2082 638 2134 dicat
672 2078 897 2133 Basilius
940 2078 1039 2131 hoc
1080 2075 1367 2130 consilium
1407 2090 1435 2128 a
1484 2090 1543 2129 se
1578 2084 1757 2127 ortum
1802 2087 1905 2125 non
1944 2085 2064 2126 esse

497 2171 853 2244 (Eustathium
894 2171 1069 2241 potius
1104 2169 1327 2238 ejusque
1362 2169 1566 2223 similes
1608 2164 1930 2219 crediderim
1976 2178 2065 2216 au-

496 2275 673 2317 ctores
708 2260 918 2328 fuisse),
954 2257 1045 2312 sed
1075 2266 1250 2311 tamen
1291 2256 1419 2309 illud
1454 2255 1554 2309 sibi
1584 2254 1779 2307 fatetur
1818 2251 2061 2321 probari:

498 2371 560 2409 ac
600 2354 885 2423 petendum
944 2360 1100 2418 putat
1142 2351 1209 2402 ab
1249 2347 1684 2403 Occidentalibus
1731 2354 1786 2399 ιιι
1830 2344 2063 2399 Marcelli

500 2447 826 2502 lllCﬂliOﬂClll
867 2443 1089 2506 faciant,
1129 2448 1187 2495 ut
1228 2440 1372 2494 nulla
1412 2454 1636 2508 prorsus
1664 2439 1948 2494 occasione
1980 2436 2065 2491 his

499 2540 588 2608 qui
633 2540 974 2593 occasionem
1016 2542 1263 2602 quaerunt
1305 2532 1484 2586 relicta
1528 2530 1687 2585 facile
1728 2538 1910 2598 pateat
1947 2527 2067 2597 qui-

502 2645 623 2685 nam
656 2629 769 2684 saui
804 2628 932 2691 sint,
964 2628 1123 2695 quive
1162 2624 1464 2679 claudicent
1498 2623 1549 2676 in
1593 2622 1710 2679 fide.

572 2721 706 2775 Dum
754 2719 943 2773 Petrus
979 2717 1354 2770 Alexandrina:
1399 2716 1647 2770 Ecclesia:
1691 2715 1972 2785 presbyter
2015 2714 2068 2767 in

502 2813 837 2883 Cappadocia
884 2818 1143 2868 moratur,
1182 2823 1244 2861 ac
1287 2807 1485 2860 Basilio
1526 2821 1746 2877 operam
1782 2814 1942 2861 navat
1972 2806 2066 2877 (ὁ),

507 2906 667 2961 multa
704 2906 831 2958 inita
869 2910 989 2957 sunt
1022 2900 1270 2965 consilia,
1302 2914 1365 2955 ac
1396 2898 1662 2968 placuisse
1684 2898 1957 2953 nonnullis
1990 2899 2069 2951 vi-

506 3000 683 3061 detur,
735 3006 793 3049 ut
844 2995 1135 3063 imperator
1159 2993 1400 3046 adiretur
1434 3001 1488 3046 et
1512 3006 1671 3061 opera
1732 3004 2065 3043 summorum

505 3090 763 3150 virorum,
802 3088 891 3157 qui
928 3086 1215 3155 plurimum
1252 3085 1388 3153 apud
1423 3098 1543 3138 eum
1579 3094 1847 3152 poterant,
1888 3091 1942 3136 et
1980 3098 2071 3136 ca-

509 3182 717 3236 tholicze
746 3178 865 3233 fidei
892 3187 1047 3231 erant
1075 3176 1322 3237 studiosi,
1347 3174 1532 3242 quales
1570 3173 1719 3229 fuere
1745 3174 2067 3238 Arinthmus,

510 3272 693 3326 Victor
734 3284 787 3323 et
834 3268 1141 3328 Terentius,
1186 3262 1545 3335 patrocinium
1600 3263 1814 3332 aliquod
1866 3264 2076 3318 aill‘ctis

511 3360 766 3414 Eeclesiis
815 3356 1215 3411 conciliaretur.
1254 3352 1504 3407 Fortasse
1541 3351 1643 3404 hoc
1678 3349 1957 3404 consilium
1996 3351 2079 3403 in-

509 3451 577 3505 de
614 3459 813 3511 ortum,
848 3447 987 3517 quod
1023 3446 1075 3500 in
1106 3446 1389 3499 Athanasii
1436 3442 1696 3512 sapientia
1725 3441 1966 3511 plerique
1995 3455 2083 3494 sa-

514 3546 581 3597 tis
630 3540 864 3610 przesidii
914 3553 1033 3593 esse
1081 3539 1339 3589 ducerent
1373 3535 1438 3586 ad
1483 3549 1567 3588 res
1603 3534 1836 3587 Orientis
1875 3548 2083 3601 compo-

515 3632 762 3686 nendas;
798 3631 865 3683 ad
910 3629 1300 3697 impetrandam
1357 3636 1534 3678 autem
1577 3626 1960 3692 persecutionis
1994 3638 2081 3678 re-

516 3724 824 3778 missionem
881 3721 999 3791 plus
1054 3732 1214 3788 posse
1263 3717 1575 3771 viderentur
1630 3714 1807 3783 magni
1862 3714 1931 3766 illi
1984 3716 2084 3767 viri

516 3828 651 3884 quos
683 3812 935 3875 diximus,
967 3825 1127 3879 quam
1174 3808 1330 3875 legati
1364 3822 1430 3862 ex
1479 3804 1791 3858 Occidente.
1828 3801 1932 3856 Sed
1966 3816 2085 3854 cum

518 3902 983 3957 animadvertisset
1028 3899 1256 3954 Basilius
1302 3898 1446 3951 viros
1490 3897 1608 3952 illos
1646 3910 1746 3951 nec
1785 3907 1942 3964 posse
1992 3906 2088 3946 nec

520 3994 657 4047 velle
702 3996 768 4046 de
800 3990 1071 4046 exsulibus
1104 3990 1270 4057 loqui,
1303 4000 1463 4057 atque
1490 3990 1651 4043 etiam
1684 3986 1824 4057 quod
1865 3998 1953 4039 res
1999 3996 2089 4048 pe-

514 4088 603 4155 jus
634 4099 739 4137 non
777 4082 935 4149 irent,
964 4095 1061 4150 pro
1091 4080 1239 4135 lucro
1263 4080 1495 4138 ducere:
1528 4080 1641 4134 haec
1668 4079 1797 4134 vicit
1824 4076 2090 4133 sententia

523 4188 581 4231 ut
626 4175 924 4229 Dorotheus
974 4171 1199 4227 Romam
1247 4172 1569 4234 mitteretur,
1618 4184 1681 4223 ac
1723 4168 1845 4223 inde
1882 4167 2091 4236 aliquos

522 4268 805 4329 excitaret,
852 4266 942 4335 qui
988 4264 1266 4320 Orientem
1317 4264 1627 4330 inviserent,
1675 4259 1809 4313 mari
1856 4268 2089 4323 utentes,

526 4374 593 4413 ne
624 4360 742 4425 quis
771 4373 863 4411 eos
899 4357 1286 4426 interpellaret.

597 4445 684 4499 ιν.
727 4445 1013 4515 Postquam
1048 4448 1098 4501 id
1131 4455 1388 4501 statutum
1416 4444 1601 4498 habuit
1638 4441 1889 4503 Basilius,
1928 4440 2092 4494 Doro-

2164 1969 2307 2020 latim
2338 1968 2513 2021 omnia
2546 1964 2903 2035 persequitur.
2932 1962 3145 2016 Gratias
3176 1961 3281 2030 agit
3306 1960 3375 2012 ob
3407 1959 3626 2010 missum
3659 1960 3727 2011 ad

2164 2074 2219 2112 se
2250 2058 2461 2112 Petrum
2491 2059 2881 2128 presbyterum,
2919 2070 2948 2107 a
2982 2068 3086 2121 quo
3117 2051 3396 2121 perutilem
3426 2048 3525 2102 sibi
3564 2063 3731 2100 nava-

2167 2159 2273 2201 tam
2322 2163 2441 2202 esse
2481 2164 2699 2216 operam
2747 2156 2991 2203 testatur.
3039 2143 3393 2197 Athanasium
3447 2147 3620 2208 rogat,
3669 2146 3733 2191 ut

2168 2240 2492 2295 Dormheum
2540 2241 2790 2307 precibus
2819 2241 2932 2293 suis
2960 2253 3022 2293 ac
3047 2235 3283 2292 consiliis
3316 2233 3522 2287 muniat
3551 2244 3613 2283 ac
3640 2230 3732 2282 lit-

2166 2344 2404 2388 terarum
2454 2331 2679 2393 viatico;
2710 2340 2764 2383 et
2793 2330 3060 2384 nonnullis
3092 2346 3121 2383 e
3153 2343 3251 2382 suo
3286 2328 3430 2380 clero
3460 2321 3733 2390 adjunctis

2164 2425 2557 2496 quamprimum
2598 2423 2852 2477 dimittat.
2906 2420 2997 2473 llis
3035 2436 3153 2489 qlliL‘
3198 2422 3263 2473 ab
3293 2414 3733 2473 Occidentalibus

2166 2518 2391 2588 petenda
2424 2513 2789 2578 existimabat,
2826 2512 2952 2565 illud
2997 2511 3160 2564 etiam
3208 2511 3463 2578 adjungit,
3494 2516 3553 2561 ut
3591 2506 3734 2559 Mar-

2168 2608 2359 2661 cellum
2401 2605 2715 2659 nominatim
2751 2603 3025 2662 damnent,
3059 2614 3125 2651 ne
3162 2612 3267 2665 qua
3308 2598 3521 2649 occasio
3564 2595 3731 2649 relin-

2168 2706 2366 2764 quatur
2404 2695 2742 2749 occasionem
2791 2688 3172 2758 quaerentibus.
3226 2684 3402 2739 Monet
3441 2687 3622 2749 etiam,
3675 2694 3740 2739 ut

2169 2801 2290 2840 cum
2331 2785 2487 2853 legali
2527 2784 2837 2838 advenerint
2866 2778 3209 2849 (Alexandria
3232 2776 3373 2830 enim
3405 2777 3731 2830 transituros

2172 2892 2277 2932 non
2321 2875 2615 2942 dubitabat)
2659 2873 2873 2926 modum
2925 2874 3003 2927 eis
3052 2868 3364 2939 prmscribat
3410 2866 3743 2920 Athanasius

2175 2970 2304 3024 tanti
2344 2967 2579 3023 muneris
2624 2967 2782 3035 digne
2826 2964 3076 3018 obeundi.
3112 2964 3197 3015 Ait
3240 2977 3299 3017 se
3343 2959 3625 3027 scripsisse
3669 2958 3744 3011 ad

2172 3064 2481 3133 episcopum
2510 3058 2715 3122 Romtc,
2739 3058 2830 3113 sed
2860 3056 3110 3109 nonnulla
3139 3063 3323 3108 narrat
3350 3068 3408 3107 se
3434 3050 3742 3119 scripsisse.

2174 3170 2293 3223 qua:
2319 3170 2438 3208 cum
2465 3154 2518 3206 in
2542 3151 2765 3220 epistola
2797 3150 2862 3202 ad
2894 3148 3180 3201 Damasum
3216 3162 3319 3200 non
3356 3146 3621 3213 legantur,
3651 3150 3748 3195 aut

2179 3246 2389 3299 arcanis
2422 3243 2686 3295 mandatis
2720 3252 2812 3294 aut
2842 3239 3099 3309 peculiari
3130 3236 3519 3292 commentario
3553 3233 3746 3287 viden-

2184 3348 2267 3389 tur
2310 3335 2474 3387 fuisse
2514 3332 2825 3385 commissa.
2857 3331 2968 3383 Non
2998 3330 3138 3383 enim
3175 3337 3329 3397 rogat
3364 3327 3650 3380 Damasum
3686 3324 3746 3377 in

2180 3448 2241 3486 ea
2287 3446 2446 3500 quam
2493 3428 2748 3481 habemus
2787 3424 3030 3493 epistola,
3066 3433 3122 3475 ut
3162 3423 3321 3491 legati
3355 3431 3574 3475 utantur
3605 3420 3746 3475 mari

2182 3535 2234 3577 et
2281 3537 2462 3577 secum
2508 3518 2735 3573 aderant
2764 3532 2881 3586 quae
2918 3523 3109 3569 contra
3138 3513 3397 3581 synodum
3443 3510 3753 3566 Ariminen-

2184 3631 2293 3671 sem
2334 3625 2453 3669 acta
2495 3611 2727 3666 fuerant.

2255 3707 2335 3759 Ab
2381 3706 2530 3759 initio
2562 3704 2903 3773 episcopatus
2929 3698 3101 3754 sancti
3133 3696 3314 3753 Basilii
3348 3710 3516 3766 usque
3545 3695 3613 3749 ad
3655 3710 3751 3751 se-

2188 3798 2412 3850 cundam
2474 3797 2616 3848 hanc
2672 3792 2919 3847 Dorothei
2970 3790 3351 3861 profectionem
3400 3789 3532 3844 satis
3582 3787 3755 3844 multa

2190 3890 2631 3949 intercesserunt,
2674 3896 2733 3936 ut
2776 3899 2896 3937 eum
2938 3898 3121 3938 mense
3169 3883 3493 3950 Septembri,
3531 3896 3636 3935 non
3672 3882 3758 3936 ci-

2192 3983 2315 4045 tius,
2359 3977 2738 4033 Alexandriam
2770 3975 3139 4029 existimemus
3172 3975 3416 4028 rediisse.
3452 3974 3755 4029 Ordinatus

2189 4075 2418 4129 Basilius
2461 4084 2645 4126 mense
2695 4066 2996 4137 Septembri
3044 4063 3127 4118 vel
3162 4064 3337 4135 potius
3367 4063 3586 4120 Octobri
3626 4067 3757 4123 anui

2190 4169 2311 4232 570,
2347 4182 2448 4221 non
2482 4180 2671 4236 parum
2712 4161 3001 4230 insumpsit
3035 4158 3290 4228 temporis
3335 4157 3387 4212 iu
3423 4160 3758 4215 constituen-

2192 4261 2273 4314 dis
2296 4259 2673 4314 ccclesiasticis
2694 4258 2903 4327 legibus
2932 4264 2984 4310 et
3010 4252 3337 4323 paciﬁcamla
3376 4250 3714 4320 Cappadocia
3740 4269 3755 4317 ;

2192 4366 2291 4406 nec
2322 4350 2596 4419 probabile
2633 4358 2716 4405 est
2750 4350 2972 4403 missum
3018 4344 3085 4397 ab
3121 4358 3186 4397 eo
3224 4342 3386 4399 fuisse
3428 4343 3757 4397 Dorotheum

2196 4451 2319 4496 ante
2347 4439 2547 4493 Pascha
2578 4442 2734 4509 hujus
2764 4437 2888 4490 anni
2917 4433 3040 4487 δτι.
3067 4432 3351 4502 Postquam
3377 4430 3758 4486 Alexandriam

527 4542 710 4594 thenm
748 4538 1053 4603 diaconum,
1083 4553 1239 4607 quem
1290 4538 1553 4591 hactenus
1595 4536 1906 4595 retinuerat,
1947 4532 2092 4585 misit
2125 4543 2169 4599 ι)
2198 4534 2344 4587 venit.
2390 4530 2687 4585 DorOtheus
2728 4538 2783 4583 et
2821 4542 2881 4581 ca
2923 4526 3187 4596 exposuit,
3221 4538 3445 4594 quorum
3479 4535 3639 4574 causa
3672 4536 3761 4576 ve-

529 4631 594 4683 ad
623 4628 915 4690 Mcletium,
951 4639 1006 4681 ut
1038 4631 1085 4683 ei
1124 4638 1370 4682 narraret
1411 4625 1643 4696 singula,
1677 4634 1730 4679 et
1766 4631 2095 4680 commenta-

534 4724 670 4774 rium
700 4719 1028 4784 ostenderet,
1054 4735 1160 4789 quo
1191 4716 1417 4773 Romam
1449 4718 1608 4772 eundi
1640 4715 1933 4771 necessitas
1968 4725 2093 4780 pro-

532 4812 776 4866 babatur.
824 4807 995 4878 Rogat
1030 4808 1297 4864 Meletium
1338 4808 1564 4863 Basilius
1601 4806 1693 4874 (c),
1739 4815 1796 4859 ut
1837 4806 1881 4861 si
1926 4818 2012 4859 res
2050 4803 2097 4857 ei

534 4902 754 4965 arridet,
784 4916 903 4954 eam
938 4899 1003 4951 ad
1027 4914 1161 4968 Opus
1184 4910 1336 4953 curet
1373 4898 1614 4969 perduci,
1642 4911 1704 4950 ac
1746 4898 1952 4951 litteras
1976 4907 2075 4948 exa

538 5003 617 5046 tet
640 5008 702 5046 ac
740 4992 1185 5046 commentarium
1210 4990 1392 5053 dictet,
1422 4990 1618 5059 quibus
1652 4993 1717 5042 de
1750 4989 1908 5042 rebus
1944 4996 1997 5041 et
2035 4985 2099 5038 ad

537 5100 671 5151 quos
700 5084 1023 5139 Dorotheum
1055 5083 1198 5151 loqui
1227 5091 1506 5149 oporteat;
1540 5091 1702 5150 atque
1728 5092 1784 5132 ut
1808 5078 2100 5133 auctorita-

541 5186 644 5229 tem
669 5175 903 5230 habeant
936 5174 1145 5239 littera},
1177 5188 1303 5228 suos
1329 5173 1488 5227 etiam
1522 5173 1801 5227 unanimes
1828 5171 2105 5239 adiungat,

538 5266 752 5320 etiamsi
791 5267 985 5321 absint.

609 5356 724 5411 Non
755 5356 996 5409 videntur
1029 5355 1094 5408 ad
1131 5355 1331 5410 exitum
1372 5354 1630 5422 perducta
1657 5364 1776 5406 esse
1808 5366 1927 5421 qua:
1962 5348 2109 5403 Basi-

544 5448 644 5501 lius
690 5464 718 5501 a
761 5446 969 5500 Meletio
996 5448 1209 5517 petebat
1240 5464 1254 5499 :
1289 5460 1386 5500 nec
1414 5459 1725 5500 communes
1753 5442 2107 5499 Orientalium

544 5539 752 5595 litteras
787 5538 1010 5591 Romam
1056 5540 1276 5608 pertulit
1313 5539 1636 5595 Dorotheus.
1680 5536 1832 5603 Nam,
1868 5546 1931 5590 ut
1970 5533 2108 5589 infra

617 5743 692 5883 t2:
863 5740 953 5867 is
995 5760 1045 5796 ηε
1085 5742 1134 5795 ί-

2200 4631 2385 4685 nerat;
2439 4634 2654 4675 sanctus
2694 4617 3033 4684 Athanasius,
3082 4618 3184 4672 etsi
3226 4614 3512 4684 plurimum
3564 4609 3763 4667 Basilio

2207 4714 2495 4775 tribuebat,
2535 4708 2702 4762 noluit
2746 4714 2922 4760 tamen
2969 4722 3081 4761 rem
3124 4706 3305 4760 statim
3348 4701 3585 4770 aggredi,
3635 4711 3689 4757 et
3732 4714 3765 4753 e

2202 4804 2347 4858 clero
2374 4818 2494 4864 suo,
2531 4808 2587 4852 ut
2628 4808 2904 4868 rogaverat
2947 4800 3197 4858 Basilius,
3236 4797 3463 4849 Romam
3494 4796 3711 4848 mittere
3746 4811 3761 4844 :

2206 4897 2296 4949 sed
2338 4910 2445 4965 quo
2487 4893 2606 4947 loco
2637 4892 2686 4945 in
2716 4893 3047 4962 Cappadocia
3087 4900 3141 4944 et
3174 4888 3415 4943 ﬁnitimis
3453 4886 3766 4955 regionibus

2205 4997 2386 5041 essent
2433 5001 2521 5040 res
2570 4985 2945 5039 ecclesiastica:
2989 4999 3081 5051 per
3131 4981 3344 5034 Petrum
3392 4982 3767 5050 presbyterum

2206 5094 2528 5148 cognoscere
2580 5078 2766 5131 voluit.
2816 5078 2863 5131 Is
2906 5078 2957 5129 in
3006 5075 3338 5141 Cappadocia
3390 5074 3479 5126 diu
3529 5078 3771 5125 moratus

2200 5180 2304 5231 est,
2338 5169 2621 5221 concilians
2650 5168 2919 5221 contraria
2953 5180 3013 5215 ac
3048 5164 3251 5218 divulsa
3284 5164 3621 5229 conjungcns.
3657 5159 3772 5214 Un-

2206 5261 2270 5313 de
2297 5259 2493 5313 fatetur
2523 5258 2747 5312 Basilius
2769 5258 2820 5309 in
2861 5255 3020 5325 epist.
3064 5252 3130 5308 69
3160 5256 3237 5323 (ιι.
3268 5254 3344 5322 i),
3377 5251 3464 5303 diu
3502 5260 3769 5305 retentum

2209 5369 2237 5405 a
2261 5367 2317 5406 se
2341 5365 2459 5405 esse
2486 5348 2827 5404 Dorulheum.
2856 5344 3095 5400 Tandem
3126 5345 3271 5397 illum
3304 5340 3446 5396 misit
3475 5342 3540 5393 ad
3577 5339 3633 5396 S.
3662 5340 3772 5395 Me-

2210 5443 2420 5504 letium,
2457 5441 2593 5509 apud
2623 5453 2779 5508 quem
2810 5438 3117 5507 aliquandiu
3148 5438 3356 5491 videtur
3382 5442 3767 5487 commoratus.

2213 5534 2445 5604 Tempus
2471 5532 2615 5588 enim
2642 5534 2923 5588 extrahere
2943 5529 3241 5585 debuerunt
3264 5535 3319 5581 et
3352 5538 3536 5579 earum
3570 5538 3775 5588 rerum,

2289 5735 2360 5803 it)
2398 5733 2530 5792 Ibid.

2286 5809 2364 5875 (ιι)
2405 5807 2499 5875 Ep.
2541 5804 2628 5861 69.
