4006 6430
1527 406 1686 463 “TA
1722 407 1780 461 S.
1823 405 2087 462 BASILII.

3363 423 3489 464 LXXI

239 554 359 607 qtae
390 553 419 591 a
452 545 639 591 sancto
676 531 874 586 Basilio
902 531 1360 603 proponebantur,
1397 530 1737 593 deliberatio.
1763 540 1818 583 et
1846 542 1892 596 Α
1920 529 2192 601 spiciones
2220 528 2378 599 hujus
2404 530 2625 586 haeresis
2666 529 3140 598 deprehendimus.
3199 528 3332 585 Nam
3377 537 3489 587 tr'es

241 635 562 692 instituenda
601 646 763 701 opera
798 640 856 685 ttt
884 630 1262 687 communibus
1306 627 1500 681 litteris
1533 630 1815 681 unanimes

241 732 445 800 quique
489 725 913 781 subscriberent.
955 723 1095 789 Quin
1127 724 1289 778 etiam
1318 730 1605 788 antequam
1640 723 1812 777 Doro-

242 822 401 873 thsus
432 816 499 867 ad
532 814 592 868 S.
628 813 893 870 Meletium
940 815 1280 879 mitteretur;
1327 812 1437 877 jam
1478 812 1663 866 Ariani
1697 812 1816 881 epl-

240 900 409 970 scopi.
428 902 621 969 partim
650 910 929 962 venerant,
962 903 1156 970 partim
1182 900 1653 969 exspectabantur,
1680 916 1816 971 quos

241 995 463 1065 quidem
508 1010 691 1051 mense
742 993 1046 1063 Septembri
1093 1001 1310 1049 ineunte
1340 993 1623 1050 advenisse
1656 997 1815 1050 modo

239 1088 566 1143 videbimus.
613 1088 952 1157 Quapropter
990 1105 1112 1141 cum
1168 1086 1465 1142 Dorotheus
1504 1087 1813 1157 aliquandiu

241 1181 381 1249 apud
416 1180 474 1237 S.
513 1180 783 1233 Meletium
819 1191 1060 1234 moratus
1095 1186 1186 1237 sit.
1225 1193 1330 1232 non
1372 1192 1542 1250 potuit
1581 1180 1815 1235 Alexan-

239 1271 416 1326 driam
464 1271 628 1334 mitti,
670 1272 769 1326 nisi
806 1273 993 1326 eodem
1026 1284 1211 1325 mense
1246 1272 1548 1342 Septembri
1589 1273 1813 1329 multum

238 1373 499 1432 provecto
534 1384 544 1415 ι
582 1362 707 1417 hinc
736 1363 797 1419 S.
838 1361 1194 1416 Athanasium
1245 1374 1399 1432 rogat
1449 1362 1675 1417 Basilius
1713 1366 1811 1434 (η),

238 1467 298 1508 ιιι
337 1453 661 1509 Dorotheum
702 1457 882 1511 statim
928 1456 993 1507 ad
1029 1455 1256 1521 primatu
1300 1456 1694 1524 navigationem
1734 1458 1815 1511 di-

238 1550 437 1601 mittat.

804 1661 1030 1718 CAPUT
1071 1662 1253 1721 XVIII.

237 1753 279 1811 Ι.
324 1754 444 1823 Quo
473 1766 703 1829 tempore
741 1752 1209 1829 Pneumatomaclti
1248 1758 1423 1829 palam
1466 1759 1675 1829 prodire
1715 1778 1813 1815 cm-

306 1838 536 1901 perunt._
559 1826 855 1901 ll.__(.'oncio
898 1827 959 1882 S.
992 1826 1194 1901 Basilii
1218 1831 1301 1901 die
1339 1826 1472 1896 festo
1510 1826 1570 1881 S.
1606 1832 1815 1901 Eupw.

308 1890 433 1952 itltit'.
478 1896 561 1951 ΙΙΙ.
606 1896 945 1961 Vituperatur
973 1898 1113 1962 quod
1156 1890 1411 1961 Spiritum
1440 1890 1810 1955 sanctmn'noun
1845 1890 1886 1947 Β

307 1967 859 2040 ηρρεηαμιξςήι-υειιηι.
894 1966 1203 2040 Defenditur
1234 1984 1266 2040 τε
1296 1967 1545 2040 Gregorio
1578 1969 1810 2025 Nazian-

313 2051 477 2109 aeno.‘
510 2036 596 2089 IV.
635 2034 970 2109 _l.itt_era:gea
1009 2038 1077 2109 de
1128 2053 1182 2109 re
1224 2034 1529 2109 Gregoiium
1579 2044 1714 2092 inter
1761 2051 1807 2093 et

312 2104 588 2159 Basiliam.
634 2107 696 2161 γ.
739 2106 946 2159 Laudat
999 2104 1056 2161 S.
1106 2104 1426 2164 Atltanaiius
1470 2111 1808 2165 aconomiam

311 2174 367 2231 S.
412 2175 621 2231 Basilii.

310 2292 352 2344 l.
393 2290 715 2345 Jamdudum
775 2291 1009 2362 Spiritus
1064 2293 1234 2347 sancti
1293 2293 1627 2348 divinitatem
1680 2312 1811 2350 non-

237 2381 368 2436 nulli
411 2396 727 2452 oppugnare
766 2393 1045 2452 cceperant
1087 2403 1101 2436 :
1140 2383 1235 2436 sed
1268 2383 1516 2438 videntur
1554 2389 1684 2443 satis
1722 2392 1811 2443 diu

236 2475 461 2530 latebris
492 2490 550 2529 se
592 2475 903 2539 involvisse,
933 2488 997 2528 ac
1031 2487 1134 2527 non
1175 2475 1345 2529 multo
1380 2486 1504 2533 ante
1534 2482 1813 2551 episcopa-

239 2577 351 2620 tum
387 2566 560 2621 sancti
598 2564 782 2618 Basilii
819 2564 1104 2634 prodiisse.
1138 2564 1272 2622 Cum
1315 2569 1529 2624 Arianis
1570 2582 1813 2625 sanctam

238 2657 564 2710 Trinitatem
599 2657 813 2725 penitus
846 2656 1155 2713 tollentibus
1197 2675 1301 2714 non
1340 2662 1567 2729 plurima
1599 2671 1718 2716 erat
1750 2663 1817 2718 de

236 2756 431 2802 sancto
464 2747 668 2819 Spiritu
702 2754 1107 2814 controversia;
1152 2751 1271 2805 Filii
1312 2753 1648 2819 potissimum
1680 2755 1816 2808 divi-

239 2842 383 2897 nitas
417 2841 832 2905 del'eudebatur.
862 2859 965 2909 qua
1000 2843 1165 2897 semel
1207 2843 1442 2897 stabilita
1475 2845 1813 2900 divinitatem

238 2936 410 2988 sancti
446 2936 681 3006 Spiritus
708 2934 866 2989 simul
890 2933 1121 2989 stabiliri
1160 2920 1274 2988 non.
1310 2938 1579 3006 negabant
1607 2937 1813 2990 Ariani.

238 3022 345 3081 Sed
363 3041 431 3080 ex
459 3028 524 3080 iis
542 3027 635 3098 qui
657 3025 952 3081 abArianis
966 3026 1284 3092 discessere,
1300 3043 1403 3081 non
1422 3028 1579 3097 pauci
1595 3028 1816 3083 alteram

238 3122 541 3192 impietatis
572 3132 779 3192 partem
798 3123 1156 3187 retinuerunt,
1174 3133 1365 3177 etcum
1384 3122 1716 3176 divinitatem
1738 3120 1821 3176 Fi-

1914 625 2148 696 cpiscopi
2177 640 2242 679 ex
2277 624 2741 681 Semiarianorum
2768 639 2993 679 numero
3048 624 3275 679 Romam
3309 625 3487 688 missi,

1914 718 2073 787 plene
2126 728 2182 774 et
2207 717 2479 773 cumulate
2508 718 2664 774 (idem
2695 735 2848 775 suam
2915 731 3213 791 purgarunt
3272 730 3485 788 recepta

1916 807 2021 861 llde
2070 809 2313 876 Nicmna,
2348 824 2447 863 nee
2478 811 2772 879 quidquam
2807 811 3038 881 amplius
3072 812 3140 866 ab
3173 814 3254 867 eis
3302 826 3489 881 postu-

1916 900 2083 954 latum
2117 903 2169 957 in
2204 904 2435 959 concilio
2458 900 2750 972 Tyanensi.
2784 906 2935 961 Tunc
2962 904 3100 960 forte
3130 905 3346 973 prodire
3374 919 3485 959 etn-

1916 996 1993 1066 pit
2016 996 2261 1060 ha‘resis,
2292 1013 2416 1051 cum
2447 1010 2636 1067 pacem
2668 1010 2803 1064 pene
2838 1000 2902 1051 ad
2931 998 3137 1055 exitum
3171 997 3484 1065 perductam

1918 1104 2060 1143 anno
2093 1088 2193 1142 567
2226 1090 2442 1159 triginta
2480 1098 2715 1159 quatuor
2740 1089 2999 1160 episcopi,
3040 1099 3099 1146 ttt
3146 1104 3306 1157 supra
3348 1090 3487 1143 vidi-

1920 1196 2061 1247 mus,
2111 1183 2519 1251 perturbarunt.
2584 1180 2887 1236 Coniit‘mat
2934 1184 3068 1239 hanc
3118 1177 3484 1251 conjectur’am

1915 1274 2140 1341 epistola
2172 1273 2242 1327 23
2288 1272 2344 1325 S.
2375 1272 2581 1339 Basilii,
2644 1288 2765 1345 qurc
2815 1288 2936 1327 cum
2970 1278 3145 1329 serius
3201 1291 3347 1330 anno
3380 1276 3485 1329 563

1915 1366 2077 1418 scribi
2119 1382 2224 1419 non
2281 1367 2515 1433 potuerit
2550 1368 2675 1437 (hoc
2708 1366 2853 1419 enim
2909 1378 3141 1421 exeunte
3177 1383 3342 1430 anno.
3392 1378 3488 1420 aut

1918 1456 2136 1510 ineunte
2195 1458 2300 1512 569
2347 1466 2589 1509 mortuus
2657 1457 2990 1512 Athanasius
3053 1459 3367 1527 Ancyranus
3418 1462 3486 1515 ad

1916 1563 2075 1616 quem
2116 1552 2313 1618 scripta
2338 1548 2467 1619 est).
2508 1548 2845 1603 manifestam
2895 1550 3057 1604 habet
3086 1551 3484 1607 distinctionem

1916 1641 2533 1697 Pneumatomaeliorutu
2585 1640 2652 1691 ab
2687 1641 2984 1697 Anommis.
3023 1641 3113 1696 Sic
3143 1643 3285 1695 enim
3318 1644 3487 1712 loqui-

1918 1747 2004 1791 tur
2036 1734 2266 1789 Basilius
2303 1734 2370 1803 (Ι)
2404 1754 2415 1788 :
2452 1734 2526 1787 Οὐ
2576 1734 2685 1803 γὰρ
2711 1734 2774 1803 δὴ
2803 1738 2912 1795 toi;
2958 1734 3366 1807 γεγραμμένοις
3400 1738 3488 1804 ὑφ’

1914 1830 2072 1900 ἡμῶν
2098 1829 2234 1901 πρὸς
2262 1828 2383 1889 τοὺς
2436 1828 2684 1899 ἀνόμοιον
2719 1830 2838 1881 κατ’
2888 1828 3073 1880 οὑτίαν
3105 1830 3482 1901 τολμήσαντας

1914 1924 2086 1975 εἰπεῖν
2112 1924 2200 1975 τὸν
2223 1920 2351 1975 Υἰὸν
2380 1922 2473 1972 καὶ
2493 1920 2623 1972 Θεὸν
2662 1921 2737 1991 τῷ
2766 1919 2884 1992 Θεῷ
2908 1922 3001 1975 καὶ
3043 1921 3238 1991 Πατρὶ,
3264 1922 3296 1991 ἢ
3345 1923 3482 1993 πρὸς

1912 2014 2037 2076 τοὺς
2076 2014 2278 2085 κτίσμα
2303 2014 2398 2068 καὶ
2436 2012 2646 2082 ποίημα
2687 2009 2824 2065 εἶναι
2858 2014 2915 2065 τὸ
2948 2012 3169 2084 Πνεῦμα
3228 2013 3287 2066 τὸ
3336 2012 3489 2081 ἅγιον

1916 2107 2202 2179 βλασφημή
2214 2126 2427 2171 σαντας,
2446 2106 2648 2177 ταύτην
2677 2105 2741 2159 ἂν
2771 2108 3080 2172 ἐπενεγκεῖν
3110 2108 3206 2177 τὴν
3224 2106 3490 2179 λοιδορίαν

1914 2200 2162 2271 ἠνέσχου,
2198 2203 2227 2252 ὁ
2264 2202 2386 2263 τοὺς
2422 2200 2688 2271 μεγάλους
2717 2198 2909 2261 ἆθλονς
2945 2199 3182 2261 ἐκείνους
3208 2202 3301 2253 καὶ
3329 2218 3489 2271 περι-

1916 2294 2138 2365 βοήτους
2170 2292 2309 2363 ὑπὲρ
2334 2292 2428 2361 τῆς
2449 2292 2753 2361 ὀρῡώοξίεις
2779 2290 3087 2359 διενεγκών.
3113 2289 3236 2344 Non
3263 2294 3396 2344 enim
3424 2295 3488 2345 iis

1914 2401 2030 2455 qua:
2065 2403 2096 2438 a
2126 2382 2272 2437 nobis
2296 2384 2491 2451 scripta
2519 2392 2637 2435 sunt
2670 2386 2918 2435 adversus
2950 2398 3059 2443 eos,
3089 2383 3178 2452 qui
3213 2381 3409 2434 Filium
3441 2394 3491 2435 et

1920 2477 2084 2529 Deum
2118 2478 2223 2531 Deo
2256 2488 2301 2531 et
2350 2475 2507 2530 Patri
2561 2475 2840 2527 secundum
2874 2475 3150 2529 essentiam
3180 2476 3488 2529 dissimilem

1917 2570 2089 2622 dicere
2117 2570 2231 2620 ausi
2264 2578 2404 2630 sunt,
2450 2578 2541 2621 aut
2574 2569 2821 2621 adversus
2852 2582 2937 2619 eos
2972 2569 3060 2636 qui
3088 2565 3344 2637 Spiritum
3367 2586 3490 2622 san-

1918 2674 2058 2717 ctum
2098 2672 2394 2717 creaturam
2428 2672 2476 2714 et
2520 2662 2784 2726 opiﬁcium
2811 2677 2922 2713 esse
2946 2660 3240 2729 blaspltento
3271 2678 3359 2714 ore
3391 2664 3489 2715 do-

1918 2767 2154 2818 cuerunt,
2188 2752 2554 2809 contumeliam
2594 2752 2727 2803 lianc
2757 2752 2927 2818 facere
2954 2754 3222 2817 valuisses,
3255 2754 3342 2821 qui
3372 2771 3489 2807 nta-

1918 2865 2019 2915 gna
2049 2849 2143 2899 illa
2175 2864 2235 2901 ac
2269 2845 2492 2900 celebria
2545 2844 2834 2897 certamina
2882 2858 2977 2911 pro
3014 2853 3151 2895 recta
3182 2845 3283 2912 [ide
3304 2855 3487 2910 pertu-

1920 2938 2046 2994 listi.
2074 2938 2353 2991 Probabile
2381 2950 2510 3007 ergo
2569 2944 2651 2989 est
2685 2936 2824 2991 hanc
2887 2936 3137 2990 hmresim
3174 2950 3277 2989 non
3317 2935 3484 2988 multo

1922 3039 2047 3083 ante
2084 3028 2444 3097 episcopatum
2474 3028 2533 3086 S.
2559 3029 2737 3084 Basilii
2773 3028 3062 3098 prodiisse.

237 3214 498 3269 liicontra
514 3213 1813 3284 Arianostuerentur.deSpiritusdivinitatecum
1843 3248 1885 3306 ο
1994 3212 2246 3267 Testatur
2277 3211 2608 3281 Epiphanius
2647 3210 2721 3283 lg)
2761 3226 2825 3265 es
2867 3210 2950 3264 his
2982 3209 3491 3264 Pneumatomachis

236 3306 538 3362 Catholieis
564 3317 890 3377 pugnarunt.
928 3306 1187 3375 Serapion
1222 3308 1507 3376 episcopus
1535 3306 1816 3361 Tlnnuita-

238 3412 341 3452 nus
372 3397 449 3467 (b)
484 3413 625 3452 anno
653 3400 758 3452 560
782 3411 874 3451 aut
903 3398 1028 3460 561,
1058 3397 1116 3451 S.
1150 3399 1504 3453 Athanasium
1532 3400 1815 3454 certiorem

237 3489 695 3554 fecitnonnullos,
718 3505 839 3544 cum
872 3491 940 3545 ab
977 3490 1193 3544 Arianis
1228 3490 1297 3545 ob
1317 3504 1503 3545 eorum
1538 3491 1589 3544 in
1619 3490 1815 3545 Filium

238 3583 573 3652 impietatem
619 3582 1021 3645 discessissent,
1064 3580 1202 3635 male
1229 3580 1296 3637 de
1330 3581 1532 3651 Spiritu
1590 3583 1816 3647 sentire,

234 3690 474 3744 eumque
505 3689 610 3729 non
640 3675 799 3729 modo
829 3682 1136 3729 creaturam
1166 3689 1306 3741 esse,
1344 3675 1437 3729 sed
1467 3675 1629 3729 etiam
1650 3691 1814 3729 unum

234 3783 303 3822 es
337 3768 608 3821 ministris
641 3766 924 3838 spiritibus
968 3767 1167 3830 dicere.
1200 3782 1263 3822 ac
1295 3766 1463 3838 gradu
1490 3775 1699 3821 tantum
1748 3767 1816 3820 ab

236 3860 445 3931 angelis
475 3859 712 3918 dill'erre.
754 3858 1147 3916 Perntolestum
1183 3858 1235 3913 id
1295 3858 1495 3913 accidit
1520 3856 1817 3912 Athanasio

235 3967 302 4008 ac
334 3963 649 4007 nascentem
712 3952 962 4005 haeresim
995 3960 1226 4020 quatuor
1259 3950 1694 4020 praeclarissimis
1746 3951 1813 4003 ad

237 4044 597 4113 Serapionem
653 4041 899 4111 epistolis
972 4042 1277 4111 proﬂigavit
1332 4041 1428 4111 (c).
1511 4043 1810 4097 Testantur

236 4138 401 4191 etiam
432 4136 687 4192 Socrates
716 4134 793 4207 (ά)
816 4145 870 4188 et
901 4133 1238 4190 Sozomeuus
1266 4133 1661 4199 Macedonium,
1691 4150 1839 4190 cum'

236 4245 381 4284 anno
406 4230 514 4286 360
537 4230 814 4300 depositus
839 4229 1027 4287 fuisset
1057 4230 1111 4285 in
1151 4230 1389 4286 concilio
1422 4228 1810 4286 Constantino-

233 4323 501 4394 politano.
549 4338 744 4377 novam
784 4322 926 4379 banc
959 4322 1233 4386 bmresim,
1289 4336 1409 4394 quze
1440 4321 1509 4377 ab
1570 4323 1686 4394 ipso
1716 4339 1813 4377 no-

236 4431 360 4469 men
390 4415 625 4483 aceepit,
655 4425 871 4469 struere
918 4414 1172 4483 coepisse.
1208 4412 1315 4469 Sed
1364 4423 1545 4469 tamen
1588 4428 1810 4469 necesse

235 4518 322 4563 est
352 4521 548 4562 novatn
578 4512 716 4563 hanc
747 4519 950 4562 sectam
1002 4505 1315 4575 aliquandiu
1345 4508 1397 4558 in
1432 4504 1665 4559 tenebris
1690 4519 1812 4559 ere-

1923 3307 2060 3358 alios
2089 3305 2158 3358 de
2210 3304 2347 3357 Filio
2382 3315 2526 3358 recte
2583 3304 2841 3367 sensisse,
2875 3303 3008 3357 alios
3045 3318 3111 3357 ne
3142 3302 3194 3355 in
3228 3304 3324 3357 hoc
3354 3304 3491 3372 qui-

1922 3396 2040 3449 dem
2068 3394 2134 3449 ab
2162 3395 2360 3449 Ariaua
2387 3396 2662 3465 impietate
2687 3396 3020 3450 discessisse.
3056 3396 3110 3448 in
3148 3397 3248 3447 hoc
3284 3405 3490 3464 postre-

1922 3506 2010 3543 tuo
2080 3505 2275 3560 genere
2342 3490 2707 3544 recensendos
2766 3488 3078 3542 Eustathius
3138 3487 3490 3543 Sebastenus.

1921 3581 2072 3637 Hunc
2104 3582 2342 3651 episcopi
2390 3579 2700 3633 Orientales
2761 3586 3032 3634 testantur
3086 3581 3139 3633 in
3194 3580 3353 3649 epist.
3384 3580 3493 3635 265

1922 3691 1974 3727 n.
2004 3674 2058 3737 5,
2089 3687 2212 3727 cum
2242 3673 2307 3725 iis
2332 3671 2677 3737 coniunctum
2714 3687 2854 3735 esse,
2910 3672 3001 3739 qui
3032 3673 3493 3727 eonsubstantiale

1921 3762 2410 3822 anathematizant.
2480 3776 2544 3816 ac
2604 3762 2795 3815 dticetn
2851 3776 2909 3815 se
2971 3761 3211 3830 pr.ebere
3272 3763 3495 3817 ineresis

1920 3853 2557 3909 Pneumatomachorum.
2593 3850 2853 3917 Quamvis
2887 3861 3065 3904 autem
3097 3851 3409 3906 Eustathius
3438 3860 3495 3906 et

1918 3944 2032 4007 alii.
2088 3953 2147 3997 ut
2200 3943 2480 4011 probabile
2531 3952 2649 4005 est,
2714 3942 3199 3999 Pneumatomacbi
3256 3944 3489 4012 gratiam

1919 4039 2243 4093 Arianorqu
2293 4035 2567 4089 ambirent
2612 4046 2666 4091 et
2698 4034 3013 4091 Catltolieos
3042 4044 3342 4099 vexarent;
3385 4050 3490 4089 nou

1915 4141 2096 4187 tamen
2129 4147 2157 4183 a
2194 4130 2476 4185 catholicis
2510 4130 2766 4184 Ecclesiis
2790 4128 3014 4182 omnino
3052 4126 3272 4180 abscissi
3312 4137 3489 4189 erant.

1915 4224 2007 4281 sed
2039 4224 2129 4279 diu
2164 4224 2285 4277 ovis
2333 4221 2528 4294 pellem
2567 4222 2929 4281 retinuerunt,
2989 4228 3047 4271 ut
3103 4226 3249 4286 patet
3280 4234 3345 4273 ex
3408 4219 3494 4273 his

1913 4317 2094 4371 verbis
2116 4316 2352 4386 ejusdem
2367 4313 2607 4385 epistola:
2632 4312 2761 4373 265.
2794 4327 2939 4365 num.
2976 4310 3010 4364 2
3033 4330 3046 4365 :
3073 4310 3262 4365 Audax
3284 4311 3495 4381 quidem

1912 4408 2027 4471 illa,
2064 4405 2588 4477 inqttiutttepisc0pi.
2628 4420 2690 4457 ac
2730 4404 3002 4471 impudens
3041 4403 3359 4454 Arianorum
3390 4402 3496 4453 lur-

1913 4501 2042 4553 resis
2068 4499 2501 4565 palamabscissa
2548 4513 2580 4550 a
2622 4513 2837 4565 corpore
2894 4493 3181 4554 Ecclesiw.
3232 4504 3401 4544 manet
3436 4492 3494 4544 in

235 4602 402 4666 visse,
440 4612 541 4654 nec
574 4609 682 4654 tam
716 4604 827 4655 cito
854 4596 1115 4653 verticem
1148 4596 1449 4652 sustulisse.
1472 4594 1607 4649 Nam
1640 4595 1811 4648 tribus
1843 4594 1888 4651 D
1916 4608 2012 4647 suo
2057 4593 2219 4660 ipsius
2245 4606 2440 4650 errore.
2471 4590 2718 4658 nobisque
2759 4604 2861 4639 non
2890 4587 3112 4638 multum
3148 4592 3295 4637 nocet
3318 4621 3333 4644 .
3363 4582 3494 4651 quia

236 4697 393 4749 annis
435 4702 557 4759 post
600 4694 899 4762 depositum
938 4690 1332 4755 Macedonium,
1374 4688 1608 4743 Basilius
1633 4687 1812 4743 Euno-

236 4785 430 4849 mium,
459 4784 549 4854 qui
586 4783 846 4853 Spiritum
872 4790 1120 4838 sanctum
1162 4788 1467 4835 creaturam
1504 4776 1811 4847 appellave-

238 4887 347 4943 rat,
378 4888 441 4929 ut
470 4890 621 4931 novre
649 4884 705 4929 et
727 4876 989 4930 hactenus
1017 4872 1273 4929 inaudita:
1304 4870 1599 4938 impietatis
1626 4880 1811 4923 aucto-

236 4992 350 5032 rem
391 4976 710 5030 insectatur.
741 4971 958 5027 Primus
980 4989 1125 5044 ergo,
1154 4971 1330 5041 inquit
1362 4969 1456 5042 (e),
1493 4969 1704 5024 illorum
1722 4968 1814 5037 qui

235 5069 503 5122 veritatem
528 5066 703 5120 adorti
734 5074 882 5127 sunt,
915 5079 981 5119 ea:
1005 5080 1107 5134 quo
1141 5063 1353 5134 pietatis
1378 5060 1687 5129 pra’dicatio
1726 5059 1811 5111 di-

234 5161 446 5230 vulgata
476 5168 575 5221 est,
593 5160 727 5213 hanc
753 5159 818 5213 de
835 5155 1038 5226 Spiritu
1062 5172 1234 5212 vocent
1257 5155 1492 5210 emittere
1522 5169 1686 5207 ausus
1716 5164 1811 5207 est.

235 5252 449 5307 Etenim
480 5252 570 5322 qui
612 5251 873 5319 Spiritum
914 5260 1155 5305 sanctum
1183 5258 1479 5303 creaturam
1513 5246 1811 5315 appellarit,

234 5346 541 5399 audivimus
590 5345 847 5397 neminem
888 5342 957 5396 ad
986 5342 1298 5395 hodiernum
1328 5356 1490 5409 usque
1532 5341 1692 5402 diem,
1730 5355 1812 5391 ne-

234 5452 332 5505 que
376 5435 435 5489 in
466 5434 533 5489 iis
556 5449 688 5502 quos
731 5432 987 5494 reliquere
1043 5429 1193 5483 libris
1226 5427 1357 5483 hanc
1406 5426 1809 5495 appellationem

236 5528 553 5583 invenimus.
582 5524 905 5592 Quinetiam
937 5522 1097 5579 annis
1126 5520 1231 5576 366
1258 5531 1312 5577 et
1345 5519 1470 5583 567,
1507 5518 1683 5574 nullas
1712 5532 1808 5571 su-

309 5704 388 5777 (a)
428 5703 528 5777 Ep.
568 5701 659 5758 69.

307 5770 384 5843 is)
424 5770 624 5828 Athan.
668 5770 761 5841 Ep.
806 5773 859 5835 i.
900 5773 967 5828 ad
1004 5771 1195 5843 Serap.

306 5853 377 5916 (ε)
411 5844 531 5899 Lib.
567 5860 629 5905 tt.
654 5859 776 5911 cap.
813 5844 903 5916 lii.

305 5914 385 5990 id)
422 5916 540 5971 Lib.
581 5930 654 5980 tv,
688 5929 808 5983 cap.
838 5914 910 5968 ‘27

1919 4683 2155 4736 omnibus
2178 4691 2361 4749 aperta
2392 4681 2623 4749 ipsorum
2658 4678 2918 4746 impietas.
2957 4675 3060 4741 Qui
3094 4683 3267 4727 autem
3308 4672 3493 4742 pellem

1918 4776 2124 4829 asinam
2175 4774 2347 4831 induti
2405 4782 2547 4837 sunt,
2598 4787 2660 4823 ac
2694 4770 2912 4837 speciem
2977 4767 3227 4819 blandam
3274 4781 3384 4832 pra:
3437 4780 3494 4816 se

1918 4869 2093 4936 [erunt
2120 4882 2183 4919 ac
2211 4864 2395 4928 lenem,
2426 4866 2569 4918 intus
2594 4879 2708 4916 vero
2742 4861 3006 4914 dilaniant
3033 4858 3310 4909 crudeliter
3337 4855 3495 4909 Chri-

1918 4959 1983 5012 sti
2012 4974 2240 5028 gregem,
2285 4965 2333 5008 et
2378 4964 2654 5024 prapterea
2692 4952 2830 5020 quod
2863 4964 2927 5002 ex
2976 4948 3120 5001 nobis
3151 4947 3321 5005 exorti
3350 4958 3493 5009 sunt,

1920 5050 2072 5120 facile
2098 5049 2376 5118 perniciem
2404 5048 2635 5114 inferunt
2676 5042 3103 5108 simplicioribus,
3143 5042 3197 5093 lii
3236 5051 3381 5103 sunt,
3408 5041 3497 5109 qui

1920 5142 2205 5197 molestiam
2238 5141 2503 5203 exhibent,
2537 5152 2598 5190 ac
2637 5152 2774 5202 (egre
2803 5133 2959 5187 vitari
2996 5142 3233 5201 possunt.
3274 5130 3386 5184 llos
3419 5147 3497 5181 ro-

1916 5251 2099 5306 gamus
2133 5244 2184 5288 ut
2233 5243 2401 5287 vestra
2436 5229 2711 5297 diligentia
2753 5228 2990 5279 ontnibus
3049 5223 3279 5278 Orientis
3317 5222 3497 5275 Eccle-

1915 5329 2006 5381 siis
2026 5326 2291 5379 denuntiet
2319 5368 2332 5388 ,
2367 5333 2419 5382 ut
2461 5330 2552 5375 aut
2588 5328 2780 5373 rectam
2834 5320 2966 5373 viam
3002 5316 3242 5385 ingressi.
3298 5315 3496 5369 sincere

1914 5431 2184 5473 versentur
2218 5416 2483 5470 nobiscum
2505 5430 2523 5478 ;
2561 5422 2651 5465 aut
2694 5412 2735 5464 si
2770 5411 2825 5464 in
2863 5427 2958 5462 sua
2990 5416 3332 5475 permaneant
3378 5422 3495 5474 per-

1912 5512 2175 5574 versitate,
2208 5510 2459 5561 damnum
2481 5506 2620 5559 intra
2652 5520 2706 5557 se
2735 5502 2870 5557 solos
2899 5500 3220 5562 contineant,
3256 5513 3344 5550 nec
3374 5514 3496 5564 pos-

1996 5691 2065 5760 (ε)
2099 5690 2215 5744 Lib.
2245 5706 2303 5749 tt.
2340 5687 2589 5749 Eanum”
2622 5703 2673 5757 p,
2713 5685 2829 5740 9.70.

1998 5767 2065 5829 (Ι)
2102 5763 2195 5827 Ep.
2227 5762 2320 5821 23,
2356 5765 2486 5812 ".2.

1998 5828 2070 5903 (y)
2101 5834 2298 5885 Ilzct‘t's.
2335 5830 2426 5893 7i,
2461 5847 2511 5881 tt.
2549 5828 2594 5881 Ι.
