4006 6442
523 413 670 456 LK!“

1800 389 2328 447 PROLEGOMENA.

520 523 625 576 sint
667 534 731 572 ex
783 517 996 570 incauta
1058 516 1412 569 communione
1467 517 1700 567 morbum
1759 529 1910 568 suum
1967 531 2080 566 cum
2114 525 2160 578 Α
2193 510 2505 567 Proferebat
2561 510 2688 565 illud
2745 508 2987 580 Gregorii
3026 508 3223 564 dii-tum
3257 525 3318 564 ex
3375 510 3600 578 quadam
3633 527 3758 562 ora-

519 610 769 679 prozimis
798 609 1204 661 communicare.

592 700 654 754 ll.
685 699 819 754 Cum
857 700 1112 754 invictam
1143 700 1306 752 animi
1360 699 1728 752 fortitudinem
1765 713 1972 753 summa
2005 699 2082 749 le-

524 793 663 845 nitas
690 792 741 843 in
771 790 975 846 Basilio
1027 797 1375 858 temperaret,
1442 791 1494 843 in
1545 799 1774 856 utroque
1827 785 2088 842 mirabilis

521 891 660 946 erat,
691 891 746 936 et
776 883 826 934 in
863 880 1122 935 adeundis
1177 894 1272 948 pro
1303 880 1534 933 veritate
1582 880 1918 948 gravissimis
1946 877 2085 948 peri-

521 975 678 1037 culis,
712 985 766 1028 et
788 974 840 1026 in
863 971 1248 1042 persequendis
1281 974 1533 1026 omnibus
1559 972 1705 1037 pacis
1739 969 2089 1027 concilianda:

525 1066 714 1120 modis.
740 1065 924 1135 Itaque
952 1081 1072 1119 cum
1102 1062 1282 1115 Ariani
1310 1064 1375 1116 ad
1403 1065 1811 1132 oppugnandam
1853 1061 2090 1129 Spiritus

522 1155 693 1210 sancti
726 1155 1062 1210 divinitatem
1108 1168 1299 1207 omnes
1329 1154 1472 1207 vires
1494 1163 1619 1207 suas
1652 1152 2044 1209 convertissent
2072 1171 2086 1217 ;

523 1247 700 1316 palam
725 1257 776 1301 et
802 1257 984 1316 aperte
1010 1248 1109 1300 hoc
1139 1246 1328 1314 dogma
1355 1244 1696 1311 defendebat,
1722 1257 1774 1301 et
1802 1243 2092 1314 Scriptura:

524 1336 846 1392 testimoniis
878 1350 940 1388 ac
961 1335 1280 1390 necessariis
1313 1335 1613 1390 rationibus
1650 1339 1726 1390 sic
1753 1333 2092 1395 conStringe-

526 1429 614 1480 hat
656 1425 1012 1487 adversarios,
1039 1433 1095 1477 ut
1125 1439 1347 1490 prorsus
1368 1422 1602 1496 effugere
1633 1440 1733 1478 non
1755 1424 2088 1494 posse9t(o).

525 1517 629 1571 Sed
666 1533 787 1572 cum
837 1518 1002 1570 sciret
1039 1516 1253 1568 Arianis
1287 1525 1546 1569 statntmn
1578 1529 1696 1569 esse
1745 1529 1865 1568 eum
1895 1513 2076 1582 erpel-

525 1609 656 1672 lere,
691 1609 735 1663 si
769 1609 1025 1675 Spiritum
1059 1608 1219 1661 verbo
1255 1606 1420 1661 Deum
1467 1607 1778 1676 appellaret,
1808 1622 1869 1660 ac
1902 1605 2083 1659 Caesa-

525 1703 756 1755 riensem
791 1699 1087 1752 Ecclesiam
1123 1714 1413 1766 occupare,
1467 1708 1518 1752 et
1547 1697 1668 1752 inde
1695 1699 1836 1752 velut
1867 1713 1932 1752 ex
1965 1713 2092 1754 arce

523 1795 750 1861 quadam
780 1791 964 1845 omnia
994 1791 1271 1861 populari;
1307 1789 1562 1841 abstinuit
1585 1789 1685 1844 hac
1715 1802 1842 1841 voce
1867 1789 1931 1841 ad
1959 1797 2085 1842 tem-

525 1897 648 1952 pus,
690 1897 910 1936 necesse
938 1899 1041 1933 non
1067 1891 1260 1949 putans
1277 1894 1396 1932 eam
1424 1894 1635 1950 semper
1656 1881 1708 1933 in
1732 1894 1826 1932 ore
1859 1880 2083 1946 habere,
2125 1863 2165 1916 Β

525 1976 686 2029 modo
716 1975 765 2026 in
800 1981 913 2025 tuto
951 1981 1098 2026 esset
1143 1971 1408 2025 sententia
1466 1972 1579 2024 voci
1646 1970 1910 2039 subjecta.
1968 1971 2081 2027 lloc

530 2065 778 2136 prudenti
817 2061 1045 2117 consilio
1072 2060 1259 2130 ell‘ugit
1297 2061 1670 2114 hmreticorum
1706 2059 1931 2116 insidias
1968 2079 1980 2114 :
2041 2071 2097 2114 at

529 2156 845 2211 calidiorum
875 2153 1274 2208 Gatholicorum
1315 2151 1563 2223 querelas
1615 2162 1669 2207 et
1700 2153 1964 2226 vituperia
1992 2168 2095 2206 non

527 2247 734 2316 effugit.
790 2249 966 2315 Atque
1021 2246 1071 2301 id
1120 2247 1358 2301 maxime
1404 2245 1699 2300 declaravit
1755 2246 1868 2301 dies
1928 2245 2096 2299 festus

531 2341 590 2397 S.
624 2339 932 2411 Eupsychii,
969 2341 1057 2410 qui
1089 2341 1138 2393 in
1172 2341 1310 2395 diem
1341 2342 1624 2410 septimum
1654 2337 1986 2406 Septembris
2015 2338 2096 2391 in-

529 2429 763 2482 cidebat.
793 2427 1091 2480 lntererant
1117 2427 1298 2481 Basilii
1331 2428 1601 2492 concioni,
1634 2427 1846 2496 Euippii
1870 2437 1923 2481 et
1959 2427 2096 2480 alio-

531 2536 649 2573 rum
685 2520 1032 2580 Arianorum,
1058 2519 1147 2588 qui
1171 2517 1281 2588 jam
1324 2521 1691 2582 advenerant,
1743 2517 2011 2573 emissarii
2039 2526 2098 2572 ut

532 2621 674 2682 patet
705 2628 768 2666 ex
811 2611 985 2666 verbis
1008 2611 1252 2682 Gregorii
1289 2611 1388 2682 (ὁ),
1428 2612 1517 2680 qui
1547 2611 1734 2681 paucis
1778 2619 1899 2680 post
1955 2610 2095 2666 diem

534 2704 731 2757 festum
765 2703 952 2759 diebus
1002 2705 1201 2769 aiebat,
1233 2705 1424 2774 ingens
1453 2704 1601 2760 circa
1645 2702 1904 2757 Basiliam
1931 2705 2097 2757 exsti-

535 2792 664 2846 tisse
693 2792 913 2856 bellum,
945 2807 1065 2847 cum
1097 2803 1356 2860 cuperent
1406 2794 1641 2847 hmretici
1679 2793 1877 2847 nudam
1912 2807 2096 2846 vocem

532 2898 597 2938 ex
628 2899 692 2938 eo
719 2884 980 2950 arripere,
1010 2893 1066 2936 ut
1092 2882 1207 2950 ipse
1243 2895 1308 2935 ex
1349 2882 1591 2936 Ecclesia
1640 2884 1952 2952 pelleretur.
2005 2883 2095 2951 qui

535 2977 680 3030 solus
710 2990 842 3043 pene
869 2973 1134 3044 igniculus
1183 2974 1428 3029 veritatis
1454 2974 1692 3028 restabat
1723 2983 1776 3028 et
1806 2975 1984 3030 vitalis
2016 2974 2096 3026 fa-

531 3066 729 3130 cultas,
759 3067 950 3120 vicinis
996 3068 1246 3122 onmibus
1294 3068 1464 3136 captis
1491 3082 1553 3121 ac
1601 3065 1919 3135 subjugatis.
1983 3065 2095 3120 Ad-

534 3167 692 3211 erant
722 3157 882 3210 etiam
918 3156 1231 3213 fervidiores
1262 3159 1331 3211 illi
1361 3156 1640 3211 Catholici.
1661 3155 1798 3212 Usus
1831 3166 1914 3212 est
1939 3157 2090 3211 Basi-
2120 3196 2162 3254 ϐ

532 3245 635 3298 lius
665 3260 729 3298 eo
766 3248 906 3313 quod
935 3248 1168 3300 diximus
1211 3255 1652 3316 temperamento.

609 3337 694 3391 lll.
726 3339 795 3406 (ε)
830 3337 1020 3392 Paucis
1047 3349 1165 3405 post
1208 3337 1405 3392 festum
1431 3339 1620 3393 diebus
1649 3341 1952 3394 convivium
1979 3351 2096 3395 erat

540 3427 821 3491 Nazianzi,
856 3429 908 3482 in
941 3444 1047 3496 quo
1069 3427 1360 3498 Gregorius
1412 3438 1466 3484 et
1496 3431 1648 3484 multi
1710 3432 1948 3501 insignes
1993 3433 2092 3485 viri

535 3519 945 3586 accumbebant,
977 3521 1172 3577 Basilio
1203 3521 1539 3591 etGregorio
1567 3521 1749 3586 amici,
1783 3523 1832 3575 in
1865 3522 1948 3575 his
1983 3537 2097 3576 mo-

535 3610 740 3665 nachus
763 3611 1001 3679 quidam,
1034 3613 1122 3681 qui
1149 3613 1235 3669 die
1259 3613 1394 3668 festo
1414 3613 1588 3668 sancti
1625 3613 1912 3684 Eupsychii
1942 3611 2095 3666 Basi-

537 3702 668 3757 lium
723 3704 987 3760 audierat.
1023 3703 1269 3759 Nondum
1326 3715 1542 3760 ventum
1581 3717 1698 3759 erat
1754 3707 1822 3760 ad
1882 3705 2092 3776 pocula,

529 3797 753 3866 jamque
821 3811 999 3850 sermo
1062 3798 1325 3850 inciderat
1381 3798 1447 3850 de
1481 3798 1677 3852 Basilio
1726 3797 2092 3867 etGregorio,

536 3885 677 3954 quo‘d
706 3883 924 3951 quidem
956 3882 1091 3937 satis
1119 3883 1359 3936 solemne
1381 3896 1499 3938 erat
1533 3889 1582 3937 in
1608 3886 1866 3938 conviviis
1902 3903 1913 3938 :
1950 3901 2094 3938 cum-

536 3989 639 4043 quo
668 3974 924 4029 Basiliam
985 3988 1175 4029 omnes
1210 3973 1365 4041 plena
1401 3988 1564 4027 manu
1598 3975 1900 4041 laudarent,
1942 3978 2098 4045 eique

536 4064 855 4136 Gregorium
887 4066 1261 4133 adjungerent,
1289 4074 1399 4116 tum
1437 4064 1731 4119 monachus
1767 4080 1960 4134 magno
1993 4067 2099 4118 cla-

535 4173 686 4211 more
716 4158 999 4210 mendaces
1024 4167 1077 4211 et
1108 4158 1414 4212 adulatores
1464 4158 1694 4228 appellat
1723 4159 1996 4223 convivas,
2034 4176 2096 4216 ac

533 4249 731 4304 Basilio
760 4258 815 4302 et
845 4247 1129 4318 Gregorio,
1174 4260 1230 4302 ut
1262 4251 1313 4303 in
1351 4253 1564 4305 castoris
1606 4249 1764 4305 rebus
1809 4249 2095 4304 laudentur

534 4342 820 4406 concedit;
862 4343 1003 4410 quod
1029 4349 1210 4395 autem
1244 4343 1540 4395 maximum
1569 4351 1652 4396 est
1683 4357 1785 4396 non
1823 4341 2097 4407 concedit,

535 4430 946 4485 utorthodoxiae
997 4432 1215 4486 nomine
1270 4430 1583 4496 laudentur,
1625 4446 1744 4483 cum
1775 4431 1930 4485 fidem
1963 4430 2099 4485 alter

2191 606 2352 661 tione,
2408 601 2685 668 Quousque
2730 601 2991 653 lucernam
3028 598 3118 651 sub
3152 601 3326 653 modio
3358 602 3754 654 abscondent”.

2261 697 2555 764 Respondit
2611 697 2902 763 Gregorius
2952 710 3201 766 magnum
3237 711 3357 751 esse
3409 699 3548 750 inter
3597 711 3654 749 se
3699 705 3756 746 et

2195 791 2454 844 Basiliam
2489 789 2799 850 discrimen,
2859 790 2999 853 quod
3060 789 3199 842 dicta
3254 800 3372 843 sua.
3410 798 3465 838 ut
3518 785 3755 841 hominis

2194 880 2437 941 obscuri,
2473 896 2577 933 non
2623 878 2798 947 tnagni
2831 882 2936 931 sint
2993 880 3289 932 momenti:
3344 877 3522 931 Basilii
3575 893 3753 933 autent

2194 970 2528 1040 amplissimo
2553 970 2604 1022 in
2637 969 2756 1022 loco
2783 965 3018 1020 sedentis
3046 968 3246 1020 nullmn
3277 967 3442 1035 possit
3464 968 3755 1022 obscurum

2195 1063 2537 1117 essedietmn
2574 1077 2587 1123 ;
2619 1071 2672 1114 et
2726 1075 2848 1114 cmn
2907 1058 3144 1110 haeretici
3203 1060 3451 1113 sitienter
3499 1069 3758 1127 appetant

2196 1170 2261 1207 ex
2303 1153 2418 1220 ejus
2449 1166 2542 1204 ore
2594 1153 2787 1202 nudam
2823 1164 3005 1204 vorem
3057 1147 3320 1216 arripere,
3370 1159 3425 1201 nt
3458 1162 3521 1202 eo
3579 1148 3756 1213 ejecta

2197 1245 2494 1299 Ecelesiam
2533 1251 2818 1309 occupent,
2864 1251 2920 1294 et
2977 1239 3119 1304 inde,
3176 1248 3322 1292 utex
3372 1241 3602 1310 quodam
3634 1256 3760 1305 pro-

2195 1336 2519 1403 pngnaculo,
2551 1343 2775 1388 caeteras
2802 1332 3157 1400 populantur;
3192 1331 3360 1385 multo
3393 1333 3564 1386 satius
3592 1331 3759 1386 fuisse

2195 1440 2354 1479 unam
2390 1439 2596 1487 vocem,
2637 1423 2903 1477 sententia
2958 1423 3008 1476 in
3050 1433 3160 1478 tuto
3205 1423 3398 1491 posita,
3435 1424 3759 1490 praetermit-

2196 1526 2328 1578 tere,
2358 1531 2517 1585 quam
2553 1515 2848 1570 Ecclesiam
2902 1523 3049 1568 tanto
3083 1515 3321 1585 periculo
3348 1515 3600 1582 obiicere.
3641 1514 3758 1570 Non

2195 1607 2400 1675 placuit
2434 1609 2544 1661 haec
2598 1605 2771 1659 oratio
2809 1604 3176 1669 audientibus,
3217 1620 3444 1673 eamque
3492 1617 3552 1657 ut
3603 1608 3760 1677 longe

2197 1701 2416 1768 petitam
2461 1706 2514 1755 et
2546 1696 2883 1752 cavillantem
2929 1694 3252 1763 rejecerunt,
3311 1698 3596 1768 ipsumque
3625 1696 3763 1752 Gre-

2197 1791 2401 1858 gorium
2431 1789 2757 1843 clamoribus
2792 1787 3034 1842 insectati
3064 1795 3208 1848 sunt,
3243 1801 3299 1841 ut
3323 1789 3546 1858 ignaviae
3581 1787 3753 1854 magis

2196 1899 2356 1952 quam
2386 1898 2532 1936 είιιιιιξ
2569 1881 2829 1935 doctrinae
2851 1881 3241 1936 consulentem.
3298 1880 3477 1951 Longe
3500 1880 3644 1934 enim
3673 1894 3762 1933 sa-

2197 1975 2303 2028 tias
2327 1990 2444 2028 esse
2469 1972 2778 2027 Catholicos
2802 1973 3026 2026 veritate
3048 1971 3382 2040 pmdicanda
3411 1975 3575 2037 tueri,
3597 1988 3761 2041 quam

2195 2082 2290 2120 eos
2315 2067 2418 2123 hoc
2442 2075 2860 2136 temperamento
2899 2064 3182 2118 debilitare
3205 2104 3218 2128 ,
3248 2078 3345 2117 nec
3379 2064 3594 2120 interim
3625 2067 3760 2120 alie-

2196 2173 2295 2213 DOS
2319 2173 2614 2214 assumere.

2270 2250 2356 2305 IV.
2397 2251 2533 2318 Quid
2573 2249 2767 2305 deinde
2793 2247 2991 2301 dixerit
3029 2255 3082 2300 et
3113 2246 3343 2299 audierit
3368 2246 3683 2317 Gregorius,
3707 2255 3767 2301 et

2197 2342 2469 2413 quomodo
2521 2351 2716 2410 praeter
2753 2338 2964 2393 modum
2996 2351 3055 2391 ac
3102 2347 3296 2406 praeter
3341 2337 3556 2390 solitum
3617 2339 3762 2390 indi-

2199 2443 2392 2502 gnatus
2425 2431 2515 2495 sit,
2545 2440 2602 2484 ut
2630 2430 2839 2499 longius
2861 2443 2923 2483 ac
2950 2429 3092 2482 dictu
3129 2442 3233 2483 non
3261 2426 3653 2490 necessarium.
3683 2427 3763 2481 si-

2199 2524 2293 2578 let.
2327 2523 2436 2576 lloc
2477 2531 2680 2573 tantum
2713 2520 2863 2571 addit
2901 2519 3091 2574 missos
3131 2533 3160 2572 a
3191 2533 3248 2572 se
3289 2518 3534 2572 homines
3588 2515 3762 2575 factos

2196 2632 2336 2670 esse.
2379 2613 2483 2683 Sed
2519 2628 2547 2665 a
2573 2611 2769 2664 Basilio
2799 2610 2951 2678 petit,
3005 2620 3061 2664 ut
3089 2611 3274 2666 doceat
3302 2627 3360 2666 se
3383 2627 3661 2682 quousque
3698 2613 3755 2666 in

2199 2703 2563 2774 disputatione
2588 2701 2653 2753 de
2705 2698 2938 2768 Spiritus
2971 2699 3141 2751 sancti
3176 2699 3456 2754 divinitate
3487 2701 3762 2769 progredi,

2198 2809 2439 2866 quasque
2471 2807 2624 2845 voces
2660 2797 2997 2859 usurpare,et
3022 2802 3304 2858 quousque
3337 2791 3634 2843 oeconomia
3677 2790 3758 2843 uti

2198 2889 2505 2942 conveniat.
2536 2885 2711 2954 Atque
2741 2885 2792 2939 id
2836 2884 3048 2952 quidem
3099 2881 3252 2949 petit.
3283 2896 3386 2934 non
3443 2897 3535 2935 sua
3570 2896 3760 2946 causa,

2197 2994 2356 3048 quem
2392 2979 2631 3031 onmium
2689 2977 3050 3031 miserrimum
3096 2973 3210 3027 fore
3251 2984 3304 3027 et
3356 2972 3766 3028 stolidissimum

2198 3071 2423 3135 fatetur,
2449 3073 2492 3126 si
2529 3071 2735 3125 dubitet
2763 3070 2886 3138 quid
2917 3066 3146 3122 Basilius
3193 3068 3425 3132 sentiat;
3472 3067 3563 3120 sed
3594 3075 3650 3118 ut
3673 3079 3768 3121 reo

2199 3164 2455 3232 spondeat
2479 3161 2992 3216 contradicentibus.

2267 3251 2524 3321 Quamvis
2553 3251 2840 3320 Gregorius
2878 3253 3036 3321 hujus
3085 3255 3346 3310 molestia:
3373 3252 3618 3306 nuntium
3649 3265 3762 3306 non

2198 3347 2315 3403 sine
2343 3359 2533 3416 magna
2561 3343 2843 3408 cautione,
2878 3346 3192 3414 magnisque
3247 3347 3449 3399 amoris
3494 3342 3772 3411 significa-

2200 3439 2436 3491 tionibus
2462 3434 2761 3505 perscribat
2791 3450 2804 3498 ;
2842 3449 2926 3488 res
2960 3446 3136 3491 tamen
3177 3436 3372 3492 accidit
3409 3435 3606 3490 Basilio
3635 3447 3768 3502 per-

2200 3527 2446 3580 molesta.
2479 3525 2662 3580 Mirari
2699 3541 2756 3580 se
2781 3526 2852 3580 ait
2885 3526 2986 3596 (d),
3020 3543 3122 3581 non
3155 3531 3296 3598 quod
3324 3528 3617 3580 monachus
3651 3525 3770 3577 haec

2198 3617 2447 3680 dixisset,
2500 3617 2590 3669 sed
2636 3619 2775 3684 quod
2822 3619 3268 3685 germanissimus
3323 3619 3520 3671 fratres
3555 3629 3681 3668 suos
3712 3623 3770 3667 et

2199 3710 2409 3764 amicos
2449 3700 2724 3761 habuisset
2769 3707 3061 3772 auditores,
3110 3706 3194 3761 vel
3251 3708 3426 3775 potius
3454 3702 3770 3773 discipulos.

2200 3800 2296 3855 llis
2344 3799 2669 3869 respondere
2723 3811 2947 3868 prorsus
2975 3796 3162 3851 inutile
3197 3798 3512 3862 arbitratur,
3560 3805 3615 3850 et
3642 3809 3769 3848 enm

2201 3893 2317 3962 ipso
2345 3889 2606 3959 Gregorio
2657 3887 2963 3958 expostulat
2990 3889 3132 3957 quod
3188 3890 3253 3943 ad
3285 3904 3342 3944 se
3388 3904 3492 3942 non
3535 3887 3759 3950 veniat;

2200 3983 2401 4036 aditum
2436 3982 2578 4035 enim
2607 3996 2709 4034 non
2753 3979 3028 4034 habituras
3059 3980 3373 4040 calumnias,
3421 3980 3465 4034 si
3501 3991 3752 4044 magnam

2200 4075 2323 4125 aiini
2351 4083 2558 4141 partem
2593 4072 2750 4126 simul
2787 4073 3145 4126 traducerent.
3179 4072 3370 4139 negat,
3407 4079 3463 4123 ut
3486 4072 3673 4123 saltem
3708 4081 3772 4123 se

2200 4165 2251 4217 in
2277 4165 2550 4233 proposito
2580 4165 2879 4217 certamine
2921 4164 3160 4230 adjuvet,
3195 4173 3248 4216 et
3277 4163 3347 4220 ei.
3381 4163 3470 4230 qui
3501 4170 3626 4214 tunc
3653 4159 3764 4213 bel-

2201 4254 2307 4307 lum
2340 4253 2622 4315 inferebat,
2665 4268 2845 4308 secum
2877 4263 3150 4307 occurrat.
3205 4251 3402 4318 Sperat
3448 4267 3507 4306 se
3536 4251 3771 4317 eiectum

2202 4346 2266 4398 iri
2290 4355 2380 4398 aut
2406 4344 2606 4412 aliquid
2638 4345 2856 4413 gravius
2889 4359 3198 4412 passurum,
3255 4343 3438 4411 sicque
3460 4343 3770 4397 calumnias

2204 4453 2422 4505 operum
2457 4437 2768 4490 testimonio
2796 4436 3173 4490 refutaturum.
3202 4433 3473 4500 Quantum
3498 4433 3768 4503 Gregorio

534 4524 726 4594 prodal
764 4522 1104 4587 diS'Sél‘endo.
1156 4523 1292 4576 allel‘
1316 4522 1675 4576 COﬂniVeIIUO-
1720 4521 1853 4574 Τιιιιι
1889 4522 2096 4592 Grcgo-
2132 4533 2174 4587 ι)
2206 4532 2481 4593 tribueret,
2516 4529 2836 4598 perspicitur
2861 4544 2923 4582 ex
2953 4527 3348 4598 perhonorifica
3386 4525 3645 4581 invitandi
3675 4542 3762 4579 ra-

535 4619 683 4670 rius:
719 4614 865 4669 Unde
886 4615 1002 4678 hoc,
1032 4631 1060 4668 ο
1091 4631 1220 4668 rana
1258 4615 1435 4681 homo,
1476 4627 1523 4669 et
1555 4615 1857 4685 arrogantia
1885 4615 2098 4668 Dat/mn

530 4716 577 4758 et
603 4707 845 4759 Abiren?
875 4706 1010 4759 unde
1062 4707 1204 4759 nobis
1258 4707 1563 4776 dogmatum
1609 4704 1971 4774 promulgator
2011 4723 2095 4758 ve-

531 4799 648 4851 nis?
680 4797 889 4852 Siccine
921 4811 1183 4852 tantarum
1213 4815 1383 4852 rerum
1406 4798 1639 4866 judicent
1664 4799 1879 4864 teipsum
1905 4797 2098 4863 e/ﬁcis?

531 4891 604 4943 lbi
641 4891 936 4944 monachus
970 4891 1222 4944 advenire
1248 4907 1305 4944 se
1337 4891 1471 4944 dixit
1493 4904 1558 4943 ex
1585 4898 1848 4943 conventu
1879 4885 1936 4941 S.
1987 4886 2100 4942 Eu-

533 4981 759 5050 psychii,
789 4997 852 5034 ae
881 4983 1150 5036 audivisse
1174 4998 1292 5036 eum
1321 4981 1550 5036 Basilius
1573 4981 1639 5035 de
1672 4980 1830 5034 Patre
1871 4979 2090 5048 quidem

530 5080 582 5125 et
608 5071 743 5126 Filio
774 5072 1002 5125 mirifice
1026 5073 1335 5137 dissereret,
1357 5083 1409 5125 at
1438 5072 1696 5140 Spiritum
1727 5082 1977 5125 sanctum
2011 5070 2098 5123 de-

532 5169 822 5226 torqueret.
857 5158 911 5213 In
942 5177 1048 5230 quo
1075 5161 1330 5215 Basiliam
1364 5163 1713 5230 comparabat
1756 5175 1875 5213 cum
1911 5158 2093 5212 ﬂuviis

532 5259 714 5315 petras
777 5252 1227 5318 prastereuntibus
1283 5262 1337 5305 et
1398 5265 1618 5304 arenam
1679 5251 2094 5304 excavantibus.

531 5338 671 5403 Quin
711 5342 872 5394 etiam
903 5345 1176 5411 quaerebat
1199 5358 1265 5397 ex
1293 5343 1580 5413 Gregorio,
1610 5359 1707 5399 cur
1736 5345 1850 5413 ipse
1879 5345 2096 5411 quidem

532 5429 704 5495 palam
745 5441 799 5484 et
823 5444 1004 5500 aperte
1028 5432 1286 5503 Spiritum
1318 5435 1616 5504 appellaret
1648 5435 1836 5498 Deum,
1864 5436 2099 5490 Basilius

533 5534 661 5575 vero
684 5522 899 5591 politice
930 5527 1099 5594 magis
1133 5540 1288 5596 quam
1319 5529 1403 5597 pie
1434 5527 1719 5584 veritatem
1746 5526 2099 5597 praedicaret?

603 5664 677 5730 (α)
716 5661 857 5734 νΝτιῑ.
895 5680 980 5734 ep.
1005 5665 1094 5719 26.

605 5739 676 5873 iii
710 5733 839 5858 lilii:

2205 4622 2366 4674 tione.
2408 4621 2468 4674 Si
2499 4621 2633 4673 enim
2663 4629 2866 4673 tantum
2897 4635 3173 4688 apparens,
3208 4619 3378 4687 inquit
3407 4617 3483 4688 (ιι.
3517 4616 3592 4684 2),
3641 4632 3768 4686 sui)-

2200 4715 2392 4782 primes
2450 4714 2608 4780 ipsius
2647 4713 2917 4779 impetum,
2971 4727 3158 4780 eosque
3201 4712 3290 4781 qui
3330 4711 3397 4762 ad
3434 4710 3623 4777 patriae
3681 4724 3762 4762 res

2201 4804 2498 4856 evertendas
2529 4804 2850 4869 conspirant,
2910 4801 3212 4870 dissipabis,
3266 4805 3355 4855 ubi
3402 4800 3526 4868 ipsis
3583 4811 3765 4853 nolunt

2201 4895 2382 4963 feceris
2418 4906 2485 4962 te,
2519 4894 2614 4948 Dei
2641 4896 2835 4964 gratia,
2868 4896 3031 4947 nostri
3065 4903 3223 4946 cretus
3252 4895 3433 4944 ducem
3464 4905 3593 4954 esse,
3625 4899 3728 4944 etc.

2277 4986 2574 5056 [legaverat
2601 4984 2894 5055 Gregorius
2919 4995 2975 5038 ut
3003 4986 3161 5039 simul
3185 4985 3562 5048 convenirent;
3594 4999 3766 5052 quan-

2206 5092 2363 5144 quam
2399 5077 2448 5130 id
2477 5077 2690 5145 quidem
2727 5078 2776 5130 in
2808 5075 3051 5145 epistola,
3077 5089 3235 5145 quam
3268 5074 3425 5129 modo
3457 5075 3763 5136 retulimus,

2211 5183 2311 5219 non
2344 5178 2493 5237 rogat
2527 5185 2541 5233 ;
2572 5168 2663 5222 sed
2694 5167 2830 5223 forte
2857 5169 2906 5223 id
2935 5167 3112 5238 bajulo
3130 5165 3368 5235 epistolae
3405 5167 3454 5219 in
3488 5167 3758 5220 mandatis

2208 5260 2451 5313 dederat.
2494 5258 2757 5313 Libenter
2791 5261 2981 5313 annuit
3030 5257 3281 5322 Basilius,
3328 5257 3465 5311 side
3511 5257 3762 5312 Ecclesii!

2204 5347 2606 5402 deliberandum
2640 5351 2709 5403 sit
2739 5365 2753 5414 ;
2791 5365 2946 5404 secus
2990 5363 3136 5411 vero,
3173 5348 3217 5400 si
3246 5346 3530 5400 calumniae
3551 5345 3766 5396 diluen-

2211 5438 2307 5490 dae.
2367 5438 2613 5492 Dolorem
2649 5437 2835 5492 Basilii
2871 5437 3043 5492 sensit
3089 5435 3384 5506 Gregorius
3410 5435 3500 5502 (e),
3533 5447 3766 5500 eumqne

2207 5545 2310 5584 non
2366 5531 2482 5584 sine
2556 5531 2724 5583 amica
2781 5529 3197 5600 reprehensione
3262 5525 3538 5581 admonuit
3597 5523 3767 5580 salice

2280 5669 2355 5734 (ά)
2391 5669 2560 5735 Epist.
2591 5668 2680 5721 ιι.

2281 5744 2350 5808 (ε)
2391 5739 2521 5796 Naz.
2553 5754 2636 5808 ep.
2669 5738 2760 5790 27.
