4006 6462
1517 358 1673 411 VlTA
1712 359 1767 412 S.
1812 354 2072 410 BASiIJI.

3292 384 3456 424 ιιιιιι

236 470 396 526 fuisse
450 465 807 521 incommodis
847 466 1069 526 mederi,
1101 481 1263 534 quam
1316 468 1601 520 consilium
1648 466 1795 520 danti
1834 472 1870 523 Λ
1904 482 2008 535 quo
2035 475 2180 534 patet
2227 467 2523 522 Palladium
2560 475 2777 527 minime
2832 490 2896 526 ex
2935 491 3155 531 unmcro
3190 480 3465 534 obtrecta-

233 571 571 617 sncceasere.
607 554 871 610 Caeterum
901 566 1180 609 venturum
1216 574 1271 611 se
1307 557 1571 627 promittit
1604 569 1654 612 et
1695 556 1795 609 Ba-

234 656 349 707 silio
377 652 515 702 duce
552 647 781 702 libenter
823 647 1221 702 dimicaturum.
1248 650 1392 715 Quos
1418 647 1644 703 Basilius
1674 664 1795 718 ger-

234 742 579 799 manissimus
630 740 825 794 fratres
872 749 924 792 et
966 740 1168 797 amicos
1223 750 1397 805 vocat,
1440 740 1492 793 hi
1545 742 1795 795 videntur

235 834 479 888 innuat-hi
512 832 839 888 Nazianzcni
870 830 1070 897 fuisse;
1104 834 1262 899 idque
1294 843 1439 901 patet
1466 846 1530 886 ex
1561 833 1644 888 his
1678 846 1793 885 ver-

238 928 318 980 bis
350 945 361 978 :
399 926 509 996 Ego
538 927 732 993 igitur,
776 925 818 977 si
858 926 1075 977 necdum
1126 926 1276 977 istius
1309 922 1558 992 fratribus
1586 939 1711 976 mea:
1732 922 1795 974 de

236 1018 338 1073 Deo
374 1016 649 1071 sententiw
680 1017 1084 1083 experimentum
1130 1016 1270 1082 dedi,
1316 1031 1378 1069 ne
1422 1033 1556 1071 nunc
1590 1014 1792 1087 quidem

230 1110 391 1162 habeo
426 1109 566 1177 quod
603 1110 962 1175 respondeam.

296 1200 551 1269 Gregorii
586 1199 748 1251 verba
780 1198 831 1249 in
877 1194 1124 1251 convivio
1175 1198 1336 1252 citata
1374 1199 1718 1266 reperiuntur
1742 1194 1793 1247 in

231 1294 476 1345 oratione
506 1299 719 1353 octava,
756 1302 915 1355 quam
960 1290 1326 1358 pronuntiavit
1357 1304 1499 1343 anno
1525 1288 1630 1341 372
1674 1302 1793 1340 cum

231 1384 456 1452 ahjcctis
490 1380 719 1435 Sasintis
746 1380 1139 1436 Nazianzenam
1179 1380 1470 1435 Ecclesiam
1508 1381 1607 1434 sub
1644 1388 1796 1447 patre

233 1474 522 1541 regendam
556 1474 814 1542 suscepit.
872 1474 975 1525 Sed
1005 1481 1181 1523 tamen
1224 1486 1289 1524 ex
1324 1472 1497 1537 aliqua
1538 1469 1639 1521 alia
1677 1483 1795 1521 ora-

235 1564 380 1618 tione
414 1566 698 1632 desumpta
731 1579 868 1624 esse,
929 1561 1120 1614 merito
1173 1562 1364 1615 statuit
1397 1558 1794 1612 Tillemontius.

230 1654 340 1709 Non
369 1659 516 1711 enim
543 1656 739 1707 mirum
776 1660 870 1705 aut
901 1652 1295 1705 incommodum
1344 1649 1515 1703 videri
1542 1650 1722 1714 debet,
1749 1649 1793 1704 si

230 1749 475 1803 eamdem
502 1746 823 1799 sententiam
858 1759 961 1797 non
1001 1744 1165 1797 semel
1212 1742 1553 1809 usurpaverit
1594 1742 1795 1812 Grego-

238 1843 372 1900 rius.
399 1854 524 1893 cum
550 1838 848 1907 prmsertim
906 1848 1071 1889 totam
1104 1835 1245 1887 hanc
1289 1835 1594 1902 historiam,
1642 1849 1801 1903 quam
1838 1828 1879 1881 B

234 1932 393 1985 modo
423 1930 791 1992 narravimus,
833 1930 956 1981 huic
991 1942 1129 1980 anno
1157 1927 1254 1981 571
1282 1930 1603 1984 necessariae
1641 1926 1803 1979 ratio-

234 2037 329 2076 nes
386 2021 664 2074 addicant.
710 2020 919 2073 Nullum
950 2023 1091 2074 enim
1127 2020 1268 2075 aliud
1302 2029 1509 2087 tempus
1536 2021 1797 2082 occurrit,

237 2114 290 2168 in
328 2130 439 2181 quo
466 2114 754 2166 instantem
808 2113 1017 2168 hostem
1042 2112 1432 2179 exspectaverit
1468 2108 1718 2173 Basilius,
1752 2122 1805 2165 et

231 2205 485 2260 exsilium
512 2217 603 2258 aut
634 2205 832 2276 aliquid
882 2207 1099 2271 gravius
1148 2221 1213 2259 ex
1250 2203 1431 2273 prtelio
1483 2204 1800 2271 sperav:-rit.

230 2302 768 2371 Appropinquantem
815 2298 1056 2350 Valentis
1083 2297 1367 2349 adventum
1402 2293 1805 2364 designatGrc-

232 2397 417 2463 gorius
444 2394 547 2460 la),
576 2408 693 2445 cum
727 2390 802 2442 ait
852 2391 903 2441 in
951 2389 1219 2450 convivio,
1274 2390 1451 2457 ingens
1487 2388 1622 2440 circa
1654 2385 1806 2440 Basi-

231 2486 359 2539 lium
388 2502 501 2540 esse
524 2482 735 2543 bellum,
765 2480 945 2534 vicinis
975 2484 1214 2536 omnibus
1258 2482 1423 2547 captis
1468 2494 1513 2533 et
1550 2480 1802 2549 subjuga-

232 2576 316 2629 tis.
343 2570 634 2635 Prmtere‘a,
681 2571 856 2639 sijant
906 2572 1135 2626 Basilius
1178 2588 1295 2625 cum
1328 2571 1545 2625 Valente
1585 2571 1805 2639 ejusque

236 2662 507 2717 ministris
559 2670 891 2731 pugnasset,
946 2677 1072 2713 num
1117 2661 1344 2729 ignavia:
1382 2660 1588 2712 crimen
1640 2660 1801 2711 futuri

233 2754 401 2823 prmlii
448 2750 818 2822 promissione
863 2750 1193 2820 repelleret?
1240 2748 1446 2815 Quibus
1488 2750 1631 2802 enim
1663 2748 1806 2801 illius

236 2847 395 2899 tidem
428 2846 701 2913 praeterita
734 2845 1033 2898 certamina
1062 2858 1167 2897 non
1194 2844 1606 2910 approbassem,
1637 2840 1804 2893 multa

239 2940 420 2991 minus
452 2941 686 2990 nondmn
721 2940 1009 2993 commissa
1042 2938 1425 3007 approbarent.
1452 2936 1628 2989 Aliam
1660 2934 1805 2987 addit

241 3028 507 3080 rationem
540 3026 917 3079 Tillemontius
946 3046 958 3079 :
988 3028 1195 3081 scilicet
1226 3026 1481 3079 Basiliam
1511 3034 1629 3094 post
1660 3022 1807 3076 Sasi-

1912 567 2080 609 lorum
2139 557 2318 612 Basilii
2383 556 2566 612 fuiSSe.
2619 561 2759 613 ΙιΙοιιτι
2809 562 3091 614 dicendum
3123 564 3188 618 tle
3247 566 3460 630 Diania,

1906 649 2059 715 cujus
2117 664 2179 700 cx
2216 661 2466 703 sermone
2520 664 2842 717 cognoverat
2892 653 3213 708 Athanasius
3264 658 3461 713 frustra

1905 740 2195 793 monachos
2229 741 2588 795 Caesarienses
2641 744 2866 797 turbari.
2924 743 3163 799 Notanda
3220 743 3462 811 ejusdem

1904 832 2141 900 epistola:
2170 834 2281 884 lucc
2312 834 2472 887 verba
2507 850 2518 885 :
2553 831 2721 895 Αὐτὸς
2750 836 2846 902 μὲν
2876 839 3003 906 γὰρ,
3033 836 3107 899 ὡς
3128 835 3461 907 τεθάρῤηκα,

1907 928 2016 986 τοῖς
2043 922 2357 976 ἀσθενοῦσιν
2390 925 2621 995 ἀσθενὴς
2651 924 2879 992 γίνεται,
2922 928 3003 981 ἵνα
3052 945 3179 991 τους
3225 927 3465 991 ἀσθενεῖς

1907 1016 2164 1087 κερδήσῃ·
2189 1018 2235 1067 οἱ
2261 1016 2316 1067 δὲ
2343 1017 2613 1086 ἀγαπητοὶ
2647 1016 2800 1087 ἡμῶν
2839 1018 3228 1084 ἀποϐλέποντες
3264 1022 3342 1083 εἰς
3380 1021 3468 1073 τὸν

1906 1110 2107 1161 σκοπὸν
2136 1108 2233 1177 τῆς
2258 1106 2513 1178 ἀληθείας
2540 1108 2721 1173 αὐτοῦ,
2781 1108 2873 1161 καὶ
2898 1109 2993 1180 τὴν
3021 1113 3349 1183 οἰκονομίαν,
3382 1111 3466 1164 δο-

1909 1198 2217 1264 ξαζέτωσαν
2238 1199 2328 1251 τὸν
2364 1198 2565 1269 Κύριον
2586 1200 2673 1251 τὸν
2699 1200 2962 1254 δεδωκότα
2998 1204 3063 1269 τῇ
3109 1202 3470 1275 Καππαδοκίᾳ

1904 1290 2138 1343 τοιοῦτον
2203 1290 2516 1353 ἐπίσκοπον,
2572 1284 2681 1341 οἷον
2748 1293 2840 1344 καὶ
2871 1292 3073 1360 ἑκάστη
3124 1290 3274 1362 χώρα
3328 1294 3470 1365 ἔχειν

1906 1382 2144 1453 εὔχεται.
2174 1382 2293 1449 Ipse
2326 1383 2462 1434 enim
2500 1380 2793 1451 (Basilius),
2830 1392 2884 1433 ut
2917 1384 3140 1450 conﬁdo,
3171 1400 3287 1435 cum
3316 1386 3467 1452 inﬁr-

1905 1477 2000 1527 mis
2031 1473 2356 1538 inﬁrmatur,
2393 1482 2449 1523 ut
2481 1473 2719 1539 inﬁrmos
2742 1472 3057 1538 lucrifaciat.
3088 1474 3273 1527 Dilecti
3297 1486 3468 1528 autem

1907 1563 2073 1617 nostri
2117 1561 2446 1630 respicientes
2493 1563 2560 1612 ad
2608 1562 2930 1627 propositum
2970 1564 3202 1615 raritatis
3248 1562 3391 1615 illius
3424 1576 3470 1616 et

1905 1656 2265 1717 oeconomiam,
2309 1652 2603 1723 gloriﬁcent
2645 1652 2946 1717 Dominum,
2985 1654 3074 1721 qui
3115 1654 3269 1706 (olent
3328 1654 3470 1707 dedit

1904 1744 2245 1811 Cappadocia:
2269 1746 2586 1812 episcopum,
2616 1743 2819 1811 qualem
2854 1760 3175 1812 unaquaque
3214 1745 3351 1812 regio
3380 1761 3471 1797 cu-

1908 1838 1978 1903 pit
2012 1837 2217 1889 Iiabere.
2276 1837 2331 1890 In
2387 1839 2631 1892 eamdem
2671 1838 2995 1889 sententiam
3057 1838 3113 1891 S.
3146 1837 3472 1892 Athanasius

1908 1926 2143 1995 loquitur
2192 1928 2242 1979 iit
2303 1928 2530 1995 cpistola
2583 1931 2647 1983 ad
2699 1926 2963 1983 Joannem
3011 1936 3063 1981 et
3104 1930 3469 1984 Antiochum:

1908 2020 2054 2071 Πάνυ
2089 2018 2144 2071 δὲ
2172 2018 2489 2089 τεθαύμακα
2520 2020 2616 2091 τὴν
2646 2022 2957 2093 θρασύτητα
3001 2021 3108 2075 τῶν
3156 2021 3471 2091 τολμώντων

1905 2114 2083 2165 λαλεῖν
2112 2116 2250 2167 κατὰ
2282 2112 2373 2165 τοῦ
2403 2114 2683 2184 ἀγαπητοῦ
2726 2115 2900 2183 ἡμῶν,
2932 2114 3025 2168 τοῦ
3071 2114 3282 2185 ἀληθῶς
3338 2112 3472 2168 Θεοῦ

1906 2204 2115 2265 δούλου,
2144 2205 2417 2258 Βασιλείου
2440 2204 2532 2259 τοῦ
2555 2206 2872 2258 ἐπισκόπου·
2902 2209 2963 2259 ἐκ
2980 2208 3086 2278 γὰρ
3108 2210 3204 2278 τῆς
3220 2209 3475 2277 τοιαύτης

1910 2295 2170 2365 φλυαρίας
2195 2296 2507 2365 ἐλέγχεσθαι
2536 2297 2873 2369 δυνήσονται,
2894 2297 2969 2361 ὡς
3001 2299 3119 2351 οὐδὲ
3152 2298 3260 2352 τῶν
3294 2299 3470 2354 Πατέ-

1912 2404 2018 2456 ρων
2035 2386 2350 2454 ἀγαπῶντες
2378 2388 2476 2458 τὴν
2490 2390 2795 2458 ὁμολογίαν.
2815 2388 3042 2443 Omnino
3074 2391 3235 2441 miror
3261 2390 3473 2442 temeri-

1907 2491 2060 2533 tatem
2085 2495 2282 2542 eorum,
2310 2480 2397 2544 qui
2441 2480 2628 2530 dilecto
2675 2490 2873 2541 nostro,
2945 2497 3061 2533 vero
3100 2479 3192 2533 Dei
3246 2478 3473 2548 fatnulo,

1909 2572 2110 2625 Basilio
2147 2574 2386 2639 episcopo
2413 2573 2700 2624 obtrectare
2744 2571 2936 2623 audent
2966 2587 2981 2622 :
3028 2588 3090 2624 ea;
3118 2572 3306 2623 talibus
3334 2570 3473 2624 enim

1909 2665 2056 2729 mtgis
2082 2665 2233 2731 argui
2272 2672 2538 2730 poterunt,
2594 2662 2732 2732 quod
2765 2678 2825 2714 ne
2856 2660 3076 2714 Patrum
3118 2662 3322 2730 quidem
3349 2661 3475 2712 dili-

1908 2765 2031 2821 gant
2076 2755 2473 2820 confessionem.

1981 2845 2272 2897 Palladium
2314 2847 2585 2901 existimat
2633 2846 3010 2900 Tillemontius
3060 2862 3179 2901 eum
3218 2860 3339 2900 esse
3382 2845 3476 2913 qui

1909 2938 2125 3005 scripsit
2180 2936 2353 2989 Vitam
2405 2941 2578 2991 sancti
2609 2938 2829 2992 Joannis
2855 2940 3241 3008 Chrysostomi.
3278 2940 3323 2993 ιε
3353 2953 3475 2991 cum

1910 3027 2215 3081 Innocentio
2258 3027 2384 3081 Italo
2405 3028 2698 3081 solitariam
2722 3030 2882 3079 vitam
2916 3030 3124 3097 agebat.
3165 3029 3242 3081 Ad
3270 3038 3478 3081 utrum-

240 3136 463 3175 menses
501 3119 776 3173 molestias
826 3119 1007 3171 dicere
1056 3134 1161 3171 non
1203 3120 1464 3186 potuisse,
1525 3137 1577 3170 se
1611 3117 1804 3169 nullius
1836 3161 1878 3217 Ο
1912 3135 2017 3189 que
2042 3131 2220 3173 exstat
2260 3122 2442 3175 Basilii
2476 3123 2703 3189 epistola
2754 3123 2878 3177 2.59.
2912 3123 3239 3178 Antiochum
3293 3132 3474 3177 autem

238 3206 341 3259 sibi
385 3207 436 3258 in
476 3203 783 3273 Gregorium
818 3222 977 3275 neque.
1006 3207 1151 3274 parvi
1197 3222 1357 3276 neque
1385 3207 1602 3275 majoris
1632 3208 1806 3261 delicti

242 3315 354 3351 esse
388 3300 675 3350 conscium.
740 3297 841 3349 Sed
903 3314 1008 3351 non
1043 3297 1197 3349 video
1245 3312 1340 3349 t-ur
1384 3296 1614 3351 Basilius
1646 3299 1808 3349 etiam

242 3402 365 3462 post
424 3392 611 3444 turbas
662 3389 999 3443 Sasimenses
1052 3392 1189 3443 hanc
1251 3391 1502 3444 amicitia:
1537 3407 1807 3460 nunquam

246 3486 459 3539 violata'
494 3484 706 3535 Iaudem
760 3482 861 3535 sibi
907 3483 1185 3535 vindicare
1224 3496 1331 3535 non
1373 3484 1627 3551 potuerit,
1686 3498 1807 3538 cum

241 3577 542 3646 praesertim
584 3574 696 3642 ipse
736 3574 1028 3642 Gregorius
1082 3574 1321 3643 pluribus
1381 3576 1510 3629 locis
1550 3574 1628 3644 (ιι)
1666 3576 1810 3627 dicat

240 3667 537 3720 amicitiam
599 3666 703 3720 hac
761 3666 814 3719 in
874 3680 932 3720 re
990 3663 1246 3719 Basiliam
1317 3665 1539 3735 Spiritui
1591 3664 1802 3730 postha-

240 3756 445 3812 buisse.

316 3846 378 3902 V.
441 3846 826 3900 Mouachorum
885 3848 949 3901 de
1004 3846 1203 3900 Basilio
1237 3845 1469 3915 querela:
1521 3845 1587 3900 ad
1638 3845 1809 3900 sancti

248 3937 531 3991 Athanasii
564 3951 724 3992 aures
760 3946 1142 4005 pervenerunt,
1171 3937 1327 4006 eique
1354 3938 1694 3992 occasionem
1723 3936 1813 3991 tle-

246 4027 442 4081 derunt
468 4026 652 4079 Basilii
694 4026 1032 4081 defendendi.
1055 4024 1188 4080 Nam
1219 4042 1340 4080 cum
1365 4027 1412 4081 ei
1443 4026 1662 4081 Dianius
1690 4028 1811 4095 qui-

245 4120 368 4171 dam
400 4118 630 4173 disisset
665 4118 959 4171 monachos
1003 4117 1364 4172 Cresarienscs
1396 4132 1714 4172 succensere
1759 4127 1813 4171 et

244 4209 513 4263 obluctari
547 4208 767 4273 Basilio,
797 4208 1021 4277 scripsit
1052 4210 1133 4263 eis
1183 4210 1526 4274 Athanasius,
1562 4219 1616 4262 ut
1671 4210 1809 4277 patri

248 4304 537 4357 obedirent
568 4314 821 4370 tanquam
880 4300 998 4365 ﬁlii,
1050 4314 1148 4355 nec
1182 4302 1229 4354 ei
1269 4301 1682 4356 obluctarentur
1712 4301 1809 4354 do-

247 4396 413 4450 centi.
456 4394 511 4449 Si
539 4397 682 4449 enim
715 4405 997 4464 suspectus
1053 4402 1200 4447 esset
1238 4394 1467 4447 Basilius
1520 4396 1571 4447 in
1599 4396 1662 4447 iis
1695 4409 1814 4461 qua:

1914 3214 2204 3267 verisimile
2224 3226 2307 3268 est
2330 3216 2502 3269 Sancti
2529 3216 2743 3270 Eusebii
2776 3218 3175 3271 Samosatcnsis
3203 3216 3385 3270 fratris
3414 3216 3478 3269 ll-

1913 3306 2041 3359 lium
2069 3322 2207 3371 esse,
2232 3309 2297 3361 de
2314 3323 2419 3375 quo
2442 3308 2577 3363 alios
2600 3320 2848 3362 occurret
2872 3308 3083 3361 dicendi
3112 3308 3281 3363 locus.

1982 3400 2126 3467 Quos
2164 3400 2492 3455 Athanasius
2529 3410 2685 3453 vocat
2729 3400 3093 3453 Caesar-tenses
3140 3400 3433 3453 monachos
3460 3441 3475 3464 ,

1913 3494 2071 3547 valde
2107 3495 2290 3547 dubito
2322 3503 2501 3546 utrum
2536 3508 2600 3547 ex
2636 3494 2954 3547 Czesariensi
3000 3496 3329 3548 monasterio
3358 3492 3475 3547 ineo

1914 3588 2041 3651 rint,
2071 3604 2137 3639 an
2167 3602 2229 3640 ex
2264 3587 2384 3641 aliis
2412 3588 2763 3655 (Iappadocim
2793 3588 3154 3642 monasteriis.
3194 3586 3325 3641 Nam
3360 3588 3477 3642 Ca:-

1913 3678 2181 3730 saricnses
2227 3689 2419 3731 ascetze
2464 3678 2712 3731 videntur
2759 3677 2957 3733 Basilio
3006 3694 3219 3747 semper
3259 3678 3476 3730 amicis-

1914 3770 2037 3824 simi
2071 3769 2271 3837 t‘uisse;
2307 3781 2503 3825 etcum
2538 3772 2734 3825 factam
2764 3773 2813 3824 ei
2841 3774 2907 3824 ab
2935 3771 3167 3825 Eusebio
3210 3772 3469 3840 episcopo

1917 3862 2164 3931 injuriam
2197 3862 2330 3915 ultra
2351 3863 2515 3932 legem
2536 3874 2589 3917 et
2622 3863 2835 3917 modum
2859 3861 3218 3926 defenderint,
3247 3878 3464 3917 eorum-

1919 3970 2028 4022 que
2059 3956 2296 4009 studium
2330 3954 2659 4008 enitueritin
2694 3955 3050 4021 promovenda
3085 3955 3223 4008 illius
3244 3955 3471 4008 electio-

1917 4060 2016 4111 ne;
2050 4045 2342 4099 verisimile
2368 4060 2471 4097 non
2503 4054 2585 4097 est
2615 4054 2724 4096 tam
2746 4044 2853 4097 cito
2873 4059 2966 4098 eos
2984 4048 3049 4098 ab
3078 4046 3168 4099 illo
3197 4044 3477 4099 abaliena-

1917 4148 2001 4188 tos
2041 4135 2227 4194 fuisse,
2273 4144 2326 4186 et
2379 4134 2600 4202 ignavia:
2647 4135 2850 4188 crimen
2900 4135 3167 4199 intulisse,
3201 4150 3312 4187 tum
3356 4148 3481 4188 cunt

1916 4240 1973 4279 se
2012 4225 2079 4276 ad
2111 4222 2487 4292 gravissimum
2513 4234 2783 4279 certamen
2822 4223 3037 4278 fortiter
3061 4234 3297 4292 pararet.

1991 4315 2191 4369 Prazter
2215 4317 2311 4369 hos
2341 4318 2776 4384 reprehensores,
2804 4316 2893 4369 alii
2924 4316 3086 4369 etiam
3117 4318 3254 4372 inter
3280 4317 3480 4374 Catho-

1922 4409 2052 4462 ticos
2082 4409 2362 4472 exstitere,
2395 4410 2561 4477 quiet
2610 4410 2869 4463 Basiliam
2897 4419 2952 4462 et
2995 4408 3311 4480 Gregorium
3366 4427 3474 4465 non

248 4490 313 4541 ad
350 4488 634 4541 veritatem
675 4497 940 4555 spectant,
974 4485 1294 4539 laudabilem
1324 4485 1439 4539 fore
1469 4500 1651 4538 eorum
1684 4499 1813 4538 con-
1847 4499 1891 4555 υ
1922 4500 2240 4563 timiditatis,
2286 4502 2378 4554 sed
2422 4501 2716 4569 impietatis
2768 4511 3126 4564 accusarem.
3172 4518 3234 4556 ac
3282 4516 3349 4557 ne
3391 4504 3480 4572 pie

250 4580 569 4634 teutiouem.
604 4576 707 4630 Sed
730 4580 774 4632 si
801 4578 1078 4631 conﬁdunt
1118 4577 1378 4645 (eamdem
1403 4577 1501 4630 sibi
1554 4576 1808 4630 fiduciam

248 4686 368 4725 esse
394 4670 493 4739 ait)
523 4683 644 4723 eum
668 4682 787 4722 esse
813 4671 976 4722 decus
1027 4677 1081 4722 et
1130 4681 1504 4721 ornamentum
1561 4666 1813 4720 Ecclesia:

250 4777 309 4813 ac
356 4762 528 4829 magis
556 4773 655 4829 pro
689 4759 916 4811 veritate
964 4767 1194 4822 certare,
1243 4765 1297 4809 et
1329 4771 1423 4809 eos
1444 4756 1533 4819 qui
1560 4756 1800 4809 dectrina

253 4852 496 4922 indigent
558 4852 826 4916 edocere;
879 4864 1215 4919 nequaquam
1264 4863 1386 4902 cum
1419 4847 1507 4900 tali
1560 4849 1675 4899 viro
1719 4862 1815 4915 pit-

250 4944 526 5015 gnandum
553 4957 695 5007 esse,
747 4944 839 4997 sed
893 4944 1067 5009 potius
1100 4942 1293 4995 bonam
1350 4939 1490 4993 illius
1525 4938 1809 4992 conscien-

252 5039 379 5089 tiam
414 5035 836 5104 approbandam.
880 5032 994 5086 Non
1030 5042 1204 5087 exstat
1240 5034 1352 5087 hate
1388 5030 1666 5083 Athanasii
1702 5029 1816 5097 epi-

252 5126 385 5180 stola
426 5126 494 5177 ad
530 5124 823 5179 monachos
849 5123 1230 5186 Cmsarienses,
1279 5120 1370 5175 sed
1420 5121 1532 5174 haec
1575 5120 1817 5173 eruimus

252 5237 315 5273 «ιχ
351 5219 473 5273 aliis
506 5220 573 5271 ad
622 5216 914 5271 Palladium
957 5218 1330 5287 presbyterum
1384 5215 1602 5281 litteris,
1658 5230 1814 5282 quem

252 5312 604 5373 Athanasius,
634 5310 867 5378 acet-ptis
913 5312 979 5363 ab
1040 5310 1129 5362 illo
1164 5310 1351 5362 eadem
1386 5309 1452 5361 de
1483 5322 1539 5360 re
1597 5307 1816 5367 litteris,

258 5413 432 5473 rogat,
468 5411 527 5455 ut
554 5401 669 5469 ipse
728 5401 891 5455 etiam
923 5402 1128 5455 scribat
1184 5404 1247 5453 ad
1290 5400 1582 5454 monachos
1640 5400 1818 5452 (ἔπειπ-

258 5511 489 5557 rtenscs,
526 5506 590 5546 ac
626 5493 727 5545 sibi
788 5493 840 5544 in
880 5493 957 5547 eis
983 5492 1259 5548 llectendis
1285 5508 1501 5563 operam
1528 5505 1704 5546 navet.
1739 5493 1815 5545 Ex

322 5672 401 5741 (α)
434 5669 677 5741 Νπιηρρ.
704 5668 793 5723 26.

327 5737 401 5811 is)
438 5744 532 5795 Ur.
565 5737 699 5803 su
722 5755 801 5793 or.
841 5737 931 5791 20.

1926 4592 2142 4660 quidem
2206 4592 2347 4660 loqui
2390 4593 2801 4657 existimarent;
2850 4608 2954 4646 non
3025 4595 3166 4661 quod
3216 4594 3479 4647 divinita-

1925 4694 2029 4735 tem
2094 4682 2266 4735 sancti
2320 4679 2559 4748 Spiritus
2612 4682 2677 4733 ab
2738 4682 2817 4736 eis
2870 4682 3091 4749 negari,
3152 4684 3244 4736 sed
3303 4684 3479 4751 potius

1918 4771 2059 4839 quod
2123 4788 2218 4824 eos
2278 4772 2331 4823 in
2391 4771 2492 4824 hoc
2552 4771 2798 4838 dogmate
2862 4772 3201 4838 praedicando
3267 4771 3478 4841 longius

1921 4863 2046 4916 l’erri
2100 4864 2402 4917 crederent.
2460 4861 2610 4917 Unde
2666 4863 2959 4934 Gregorius
3002 4864 3071 4935 (c)
3122 4874 3275 4931 rogat
3323 4865 3479 4918 Basio

1921 4957 2048 5007 lium
2082 4965 2137 5008 ut
2162 4969 2218 5009 se
2249 4956 2463 5019 doceat,
2488 4972 2753 5025 quousque
2789 4958 2844 5009 in
2883 4957 3221 5025 pra-dicenda
3250 4956 3482 5024 Spiritus

1922 5046 2094 5106 sancti
2119 5045 2389 5097 divinitate
2430 5047 2692 5113 progredi,
2748 5061 2975 5115 quasque
3024 5060 3171 5097 voces
3201 5060 3479 5112 usurpare,

1922 5147 1968 5188 et
1996 5151 2257 5203 quousque
2289 5138 2574 5189 oeconomia
2608 5138 2683 5188 uti
2723 5140 2986 5189 conveniat
3010 5174 3027 5199 ,
3060 5134 3311 5188 nimirum
3346 5146 3403 5188 ut
3427 5144 3485 5188 et

1924 5228 1989 5279 iis
2024 5228 2337 5290 satislieret,
2369 5228 2458 5294 qui
2502 5228 2722 5280 nimium
2742 5228 2926 5296 jejuna
2944 5226 3282 5279 divinitatem
3306 5227 3478 5279 sancti

1926 5320 2159 5384 Spiritus
2197 5320 2501 5387 praedicari,
2538 5329 2591 5374 et
2626 5320 2688 5372 iis
2737 5321 2825 5387 qui
2872 5318 2992 5388 plus
3028 5334 3180 5388 aequo
3209 5318 3356 5372 illum
3380 5334 3475 5372 ex-

1928 5408 2045 5461 tolli
2076 5409 2463 5475 querebantur.
2519 5408 2767 5463 Nonnulli
2822 5410 2907 5463 his
2961 5410 3290 5476 temporibus
3336 5408 3481 5462 lere-

1928 5504 2121 5552 lnnttur
2186 5500 2444 5568 Spiritum
2502 5512 2742 5554 sanctum
2800 5499 2943 5552 Patri
3002 5508 3053 5553 et
3095 5498 3229 5553 Filio
3276 5512 3486 5569 priapo.

2004 5675 2071 5742 te)
2107 5671 2235 5726 Nuz.
2268 5687 2349 5741 Cp.
2376 5671 2464 5725 26.
