4006 6486
546 390 702 432 LXXIV

1841 385 2363 448 PllOLEGOMENA.

545 512 699 600 nere,
728 510 813 603 ut.
840 509 986 569 patet
1011 517 1096 604 ἐκ
1129 501 1315 604 Basilii
1367 503 1592 572 epistola
1623 504 1710 569 52,
1743 523 1917 578 neque
1974 510 2114 567 hanc
2141 523 2188 575 Α
2218 514 2358 582 piam
2395 516 2675 588 reliquisse
2706 518 2932 592 Nyssam
2957 529 3306 585 conveniendi
3333 547 3454 587 cum
3471 533 3770 604 episcOpis;

544 589 978 645 criminationem
1011 593 1122 661 ipse
1166 594 1395 648 Basilius
1425 596 1628 667 ell'uglt.
1675 596 1952 654 Neminem
1981 617 2112 660 sane

549 679 654 734 hoc
682 680 976 738 insaniisse
1003 699 1189 738 errore
1220 688 1578 751 crediderim;
1617 693 1711 744 sed
1746 693 1843 747 hos
1868 710 2111 753 rumores

539 774 868 843 spargebant
894 774 1396 844 Pneumatomachi,
1429 780 1615 846 sicque
1641 780 1816 837 fucmn
1849 782 2102 841 inllrmio-

545 865 698 920 ribus
736 867 932 922 animis
963 866 1253 926 faciebant.
1279 869 1458 936 Quare
1487 871 1802 928 adhibemlte
1828 876 2106 934 cautiones

539 966 718 1026 erant,
750 976 852 1013 non
897 960 1068 1013 solum
1104 975 1170 1014 ne
1212 977 1317 1029 qua
1350 964 1576 1016 daretur
1607 980 1736 1018 ansa
1785 964 2106 1024 Pnemnato-

538 1052 768 1116 machis,
788 1050 880 1103 sed
914 1054 1076 1104 etiam
1105 1061 1162 1104 ut
1186 1052 1414 1107 infirmis
1437 1053 1830 1108 consuleretur.
1855 1056 1914 1110 S.
1938 1060 2107 1113 Atha-

538 1144 744 1206 nasius,
780 1142 869 1212 qui
932 1144 1110 1200 resin
1170 1144 1506 1212 Cappadocia
1575 1153 1751 1212 gestas
1802 1163 1866 1201 ex
1917 1151 2102 1206 auditu

533 1243 782 1299 noverat,
810 1237 1023 1289 videtur
1060 1234 1405 1290 existimasse
1456 1236 1714 1290 Basilium
1763 1238 2099 1295 infirmorum

529 1341 692 1382 causa
723 1331 955 1384 studium
976 1327 1322 1382 defendendre
1345 1328 1576 1396 Spiritus
1600 1331 1771 1384 sancti
1806 1333 2100 1388 divinitatis

537 1429 888 1490 temperasse.
923 1421 1012 1472 Ait
1034 1421 1179 1473 enim
1212 1422 1276 1474 de
1316 1420 1515 1477 Basilio
1552 1443 1564 1477 :
1595 1422 1727 1478 Cum
1759 1425 1983 1493 inﬁrmis
2013 1425 2096 1478 in-

527 1513 793 1581 ﬁrmatur,
827 1523 879 1564 ut
915 1512 1151 1579 inﬁrmos
1173 1513 1493 1582 lucrifaciat.

1105 1629 1331 1685 CAPUT
1375 1630 1514 1684 XIX.

526 1719 564 1772 Ι.
589 1720 745 1776 Circa
785 1723 1100 1793 [melampus
1140 1721 1330 1790 Nysam
1352 1723 1629 1793 ordinatur
1657 1725 1926 1793 episcopus
1959 1725 2091 1780 Gre-

593 1794 774 1857 gorius
810 1792 997 1864 Basilii
1021 1793 1207 1864 frater.
1245 1793 1307 1848 ll.
1349 1791 1593 1864 Basilius
1639 1791 1914 1847 Eustochio
1954 1797 2094 1864 ejus-

592 1862 1249 1937 queserrispatrocinium
1277 1863 1545 1937 impendit.
1581 1862 1662 1917 Ill.
1694 1864 1856 1937 Dolor
1878 1861 1993 1937 ejus
2043 1879 2088 1918 et
2125 1861 2165 1915 Β

593 1932 811 2004 πήρης
836 1931 899 2004 ab
931 1949 988 1985 eo
1027 1934 1259 2004 episto_l_u-
1288 1938 1352 2004 gl;
1393 1934 1698 2004 divisionem
1747 1931 2092 2004 Cappadociw

597 2019 738 2075 anno
766 2001 862 2075 571
885 2001 1258 2075 exeunteulj’.
1286 2001 1567 2075 Thcrnsius
1591 2004 1685 2057 hoc
1707 2001 2091 2075 annolregebat

592 2068 1006 2141 Cappadociam.
1047 2072 1105 2123 ν,
1138 2069 1384 2139 Elpidius
1418 2074 1533 2141 ejus
1557 2091 1804 2128 asses-sor.
1839 2068 2090 2130 VII—The-

592 2140 734 2193 rasio
761 2141 994 2210 dignitas
1021 2143 1332 2212 abrogatur,
1351 2140 1573 2197 ualeam
1593 2156 1769 2211 sponte
1804 2147 2013 2214 objicit.

587 2253 628 2305 1.
681 2254 985 2309 Bel‘erenda
1038 2256 1102 2309 ad
1160 2257 1262 2309 hoc
1292 2267 1503 2323 tempus
1551 2253 1762 2310 videtur
1816 2258 2086 2314 ordinatio

517 2342 557 2398 S
606 2343 853 2417 Gregorii
891 2345 1139 2417 Nysseni,
1177 2349 1228 2398 in
1267 2361 1372 2415 qua
1401 2362 1506 2400 non
1540 2346 1710 2400 solum
1743 2363 1985 2405 summus
2010 2352 2082 2422 (a)

513 2438 727 2492 exstitit
781 2453 1076 2491 consensus
1124 2437 1501 2506 episcoporum
1538 2435 1930 2506 Cappadociae,
1987 2444 2083 2496 sed

511 2529 676 2583 etiam
716 2544 926 2584 summa
987 2529 1292 2584 constantia
1343 2529 1394 2583 in
1445 2529 1768 2598 imponenda
1822 2529 2084 2602 Gregorio

510 2621 673 2693 hujus
722 2622 907 2678 oneris
962 2622 1284 2693 suscipiendi
1331 2623 1676 2677 necessitate.
1726 2621 1832 2678 Sed
1891 2640 2083 2695 quam-

511 2714 593 2767 vis
649 2713 783 2767 nihil
827 2715 1087 2769 omissum
1145 2723 1295 2768 esset
1361 2729 1537 2782 neque
1592 2729 1856 2783 parvum,
1907 2731 2082 2784 neque

512 2820 792 2874 magnum,
824 2806 969 2874 quod
1014 2805 1230 2874 quidem
1264 2805 1330 2858 ad
1373 2819 1611 2858 canones
1645 2807 1933 2871 attineret;
1975 2822 2078 2860 non

509 2909 687 2952 tamen
720 2898 1097 2953 hzereticorum
1121 2897 1530 2953 criminationes
1557 2895 2076 2968 etl'ugitGregorius.

505 2986 732 3060 Negotia
760 2989 810 3045 ei
842 2989 1209 3046 exhibuerunt
1229 2989 1303 3061 (ὁ)
1335 3003 1477 3043 anno
1509 2987 1636 3056 574,
1668 2999 1920 3060 tanquam
1943 3005 2079 3060 pra:-

505 3089 595 3134 ter
619 3096 860 3135 canones
892 3083 1179 3145 ordinatio,
1219 3093 1385 3152 atque
1436 3081 1577 3137 hanc
1620 3082 1768 3139 illius
1824 3083 2075 3153 ejicicndi

504 3187 693 3265 ansam
723 3171 1066 3265 arripuerunt
1090 3172 1160 3244 (c)
1186 3190 1330 3265 anno
1355 3177 1480 3231 575.
1527 3177 1680 3233 Unde
1714 3174 1946 3230 Basilius
1997 3174 2076 3244 (d)
2105 3203 2150 3265 ε

505 3273 569 3319 ut
596 3264 817 3319 fratrem
847 3263 1119 3330 defendat,
1151 3264 1229 3320 sic
1247 3265 1485 3335 loquitur
1518 3267 1760 3320 onmium
1793 3267 2075 3336 Cappado-

501 3356 605 3410 cia:
649 3357 1027 3427 episcoporum
1063 3357 1281 3412 nomine
1313 3375 1326 3412 :
1384 3356 1626 3411 Venimus
1670 3374 1851 3410 omnes
1884 3358 2076 3424 ampli-

504 3449 680 3504 tudini
703 3459 806 3504 tum
839 3449 1164 3518 supplices...
1203 3452 1286 3505 sin
1333 3461 1508 3504 autem
1561 3461 1635 3504 est
1675 3450 1876 3520 aliquid
1926 3451 2074 3503 aliud

502 3541 842 3602 canonicum,
866 3541 1004 3611 quod
1034 3542 1274 3596 examine
1311 3543 1567 3613 indigeat,
1614 3542 1771 3612 idque
1799 3542 2076 3612 magnani-

499 3631 659 3684 mitas
689 3641 781 3683 tua
803 3633 991 3686 audire
1012 3650 1074 3686 ac
1094 3633 1339 3701 judicare
1382 3634 1514 3700 vult,
1546 3651 1640 3689 nos
1687 3651 1862 3688 omnes
1895 3634 2076 3688 adesse

500 3736 708 3775 necesse
735 3729 836 3784 est,
864 3724 991 3792 quia
1018 3722 1063 3774 si
1085 3722 1214 3790 quid
1244 3723 1419 3788 deﬁcit
1446 3739 1625 3775 eorum
1663 3740 1780 3793 qua:
1808 3726 1877 3776 ad
1915 3739 2076 3777 cano-

500 3831 592 3869 nes
618 3823 854 3884 spectant
870 3831 890 3880 ;
923 3812 1130 3883 culpam
1157 3813 1412 3867 sustinent
1431 3814 1522 3884 qui
1553 3815 1879 3880 ordinavere,
1910 3832 2009 3868 non
2030 3817 2074 3871 is

498 3911 593 3981 qui
623 3911 978 3964 ministerium
1013 3909 1273 3977 suscipere
1317 3909 1624 3962 necessitate
1667 3909 1807 3961 omni
1837 3919 2069 3962 coactus.

570 4002 824 4059 Nondum
855 4003 1143 4072 episcopus
1173 4012 1291 4056 erat
1327 4001 1643 4071 Gregorius.
1675 4016 1796 4056 cum
1834 4014 1953 4055 sese
1986 4002 2070 4054 in-

499 4095 785 4162 terposuit,
816 4104 875 4146 ut
900 4109 1086 4163 pacem
1112 4095 1254 4148 inter
1276 4093 1500 4149 fratrem
1535 4104 1590 4148 et
1619 4102 1869 4163 patruum
1904 4092 2070 4148 alios-

495 4200 603 4254 que
628 4184 982 4256 Cappadociae
1012 4184 1293 4253 episcopos
1312 4185 1626 4239 conciliaret
1644 4183 1735 4254 (c).
1756 4182 1906 4238 Tunc
1925 4183 2068 4238 enim

496 4278 733 4333 Basilius
765 4294 887 4332 cum
922 4294 1007 4340 eo,
1031 4285 1091 4332 ut
1120 4293 1241 4331 cum
1289 4275 1506 4330 homine
1535 4277 1768 4344 negotiis
1803 4292 1975 4331 vacuo
2014 4284 2072 4331 et

499 4369 702 4431 solute.
727 4386 789 4424 ex
800 4369 1127 4438 postulabat,
1141 4367 1284 4438 quod
1304 4367 1488 4421 nonad
1512 4382 1570 4421 se
1589 4382 1780 4420 novam
1801 4367 1964 4422 vitam
1991 4369 2072 4422 in-

495 4477 740 4533 gressum
770 4462 890 4528 opis
920 4461 1159 4516 ferenda:
1199 4473 1361 4515 causa
1408 4458 1637 4514 veniret.
1686 4457 1893 4512 Deinde
1940 4473 2068 4513 vero

493 4557 640 4609 inter
659 4556 1036 4625 episcoporqu
1061 4551 1417 4623 Cappadociae
1441 4552 1806 4608 dissensiones
1843 4550 2065 4606 minime
2095 4559 2141 4614 D

489 4645 807 4701 collocanda
844 4645 1135 4708 ordinatio,
1170 4659 1291 4714 qua:
1326 4659 1538 4699 summo
1565 4651 1649 4696 est
1691 4649 1909 4712 peracta
1939 4656 2062 4696 con-

491 4744 680 4789 sensu:
714 4734 793 4787 Ad
836 4735 978 4788 hanc
1018 4744 1196 4789 autem
1232 4734 1547 4803 dignitatem
1585 4733 1692 4802 jam
1740 4743 2062 4801 pervenerat

491 4827 816 4898 Gregorius,
864 4844 987 4882 cum
1037 4827 1412 4899 cognominem
1448 4841 1644 4889 suum,
1690 4825 2059 4881 Sasimensem

491 4922 804 4990 episcOpum
860 4935 1052 4975 recens
1102 4921 1433 4984 ordinatum,
1468 4918 1653 4974 invisit
1697 4928 1821 4973 ante
1849 4918 2059 4975 Pascha

487 5011 616 5065 anni
647 5011 753 5066 5'72
777 5009 866 5080 (ι’).
923 5009 1103 5077 Quare
1131 5010 1273 5064 intra
1325 5011 1450 5064 illud
1481 5019 1713 5079 tempus,
1741 5009 1882 5079 quod
1910 5025 1940 5062 a
1971 5024 2059 5078 pa-

487 5104 796 5158 cillcatione
817 5102 1177 5173 Cappadocia:
1207 5117 1381 5171 usque
1416 5102 1481 5156 ad
1510 5101 1876 5157 Sasimeusem
1914 5101 2060 5156 ordi-

486 5195 762 5250 nationem
782 5193 1006 5257 elllnxit,
1039 5191 1279 5263 Nyssena
1309 5193 1577 5248 ordinatio
1600 5193 1932 5248 collocanda.
1951 5191 2058 5248 Sed

486 5303 611 5339 cum
639 5287 947 5342 dominatus
969 5286 1294 5340 Arianorum
1324 5300 1419 5356 per
1444 5296 1609 5340 totam
1639 5285 1894 5347 hiemem,
1923 5298 2055 5352 prte-

486 5374 661 5429 scntia
695 5377 1058 5445 imperatoris,
1076 5392 1140 5431 ac
1162 5377 1356 5431 deinde
1376 5385 1678 5431 consecuta!
1704 5391 1768 5431 ex
1792 5374 2056 5429 divisione

485 5466 842 5539 Cappadocia:
890 5471 1250 5526 dissensiones
1283 5484 1391 5525 non
1422 5469 1708 5526 vidcantur
1736 5466 1930 5522 Basilio
1959 5482 2053 5521 co-

555 5635 632 5697 la)
664 5639 757 5701 Ep.
786 5636 910 5693 ‘29s.

552 5706 630 5774 (ὁ)
664 5708 756 5772 Ep.
792 5709 912 5760 190.

559 5775 632 5842 (c)
672 5778 766 5842 Ep.
798 5778 924 5832 ess.

551 5848 631 5913 (ά)
674 5848 764 5918 Ep.
791 5846 916 5903 9.25.

2216 608 2575 667 ordinationis
2618 621 2828 684 tempus
2873 615 3013 670 intra
3056 620 3391 688 angustiores
3423 625 3599 680 adhuc
3639 623 3777 679 lines

2213 701 2557 758 contrahitur
2576 748 2590 774 ,
2617 719 2714 760 nec
2745 706 2921 761 serius
2951 711 3164 766 videtur
3189 712 3479 782 contigisse
3514 731 3774 774 autumno

2210 791 2336 844 anni
2360 791 2484 846 37L

2281 882 2342 936 ll.
2378 883 2642 940 Videntur
2667 887 2879 957 scripttc
2908 899 3034 942 ante
3065 891 3418 964 Cappadocia!
3449 895 3766 957 divisionem

2207 975 2449 1042 cpistola:
2489 975 2556 1030 7?.
2581 990 2636 1032 et
2669 981 2757 1045 73,
2792 982 2857 1035 ad
2909 981 3233 1053 Hesychium
3282 997 3337 1041 et
3365 985 3764 1048 Callisthenem.

2209 1063 2390 1122 Laasus
2413 1068 2480 1122 ab
2513 1066 2789 1126 Eustachii
2819 1073 2989 1127 servis
3015 1071 3368 1131 Callisthenes
3387 1119 3402 1140 ,
3429 1077 3514 1130 vir
3555 1093 3767 1148 potens,

2203 1167 2384 1224 atque,
2416 1168 2472 1211 ut
2510 1159 2800 1212 verisimile
2829 1172 2930 1227 est,
2980 1163 3032 1217 in
3074 1179 3266 1234 magna
3299 1168 3473 1239 aliqua
3504 1168 3769 1237 dignitate

2202 1250 2547 1315 constitutus,
2571 1265 2761 1316 pmnas
2798 1268 2827 1304 a
2862 1254 3076 1308 famulis
3123 1265 3175 1308 et
3210 1257 3356 1311 heris
3400 1270 3639 1325 repetere
3671 1276 3768 1316 vo.

2202 1338 2320 1393 luit.
2348 1340 2491 1394 Misit
2538 1340 2785 1406 militem,
2821 1358 2927 1412 quo
2977 1347 3027 1400 in
3060 1347 3218 1401 domo
3250 1345 3524 1404 Euatochii
3559 1349 3763 1407 nullum

2199 1431 2536 1486 contumelia:
2564 1447 2736 1502 genus
2766 1436 3072 1494 omittebat.
3109 1439 3305 1493 Servos
3334 1439 3386 1491 in
3422 1456 3545 1494 eum
3586 1442 3764 1499 locum

2197 1521 2386 1576 adduci
2408 1522 2638 1589 volebat,
2667 1523 2757 1578 ubi
2796 1525 3046 1593 injuriam
3078 1529 3339 1594 fecerant,
3377 1538 3435 1582 ut
3471 1531 3542 1585 ibi
3575 1549 3768 1601 pennas

2200 1615 2589 1678 persolverent.
2621 1615 2773 1670 Servi
2800 1619 2864 1670 ad
2887 1616 3143 1672 Basilium
3174 1621 3492 1692 confugiunt
3517 1624 3608 1691 qui
3643 1635 3765 1679 sta-

2199 1707 2291 1758 tim
2339 1706 2530 1760 scribit
2576 1707 2910 1763 Callistheni.
2943 1706 2993 1763 ls
3027 1710 3422 1778 perbonorilice
3453 1715 3760 1783 respondet,

2196 1814 2259 1853 ac
2286 1799 2449 1853 totius
2483 1801 2558 1852 rei
2584 1802 2870 1856 arbitrium
2901 1799 3100 1856 Basilio
3130 1803 3438 1868 committit,
3464 1806 3544 1860 sic
3582 1814 3760 1860 tamen

2196 1895 2254 1939 ut
2284 1901 2496 1958 ptenam
2531 1905 2633 1942 non
2665 1892 2987 1956 remitteret,
3025 1892 3260 1947 sedeam
3290 1891 3476 1947 Basilii
3515 1896 3759 1950 auctori-

2195 1989 2302 2035 tate
2328 1982 2668 2051 comprobari
2699 1983 2880 2038 vellet.
2919 1985 3135 2040 Gratias
3162 1986 3211 2041 ci
3240 1986 3350 2057 agit
3380 1985 3606 2043 Basilius
3651 1989 3754 2061 (θ),

2193 2088 2256 2128 ac
2289 2089 2475 2129 servos
2495 2090 2558 2128 co
2589 2075 2878 2128 adductum
2909 2075 2974 2128 iri
3021 2079 3310 2145 promittit,
3353 2080 3443 2133 ubi
3501 2079 3759 2147 injuriam

2190 2164 2457 2230 fecerant,
2486 2167 2529 2221 si
2563 2168 2612 2220 id
2641 2166 2991 2221 Callisthenis
3048 2167 3232 2223 animo
3273 2169 3440 2223 llxum
3471 2179 3525 2226 et
3562 2172 3757 2226 immo-

2190 2266 2302 2310 tum
2336 2259 2542 2312 sedeat.
2581 2257 2687 2311 Sed
2719 2273 2838 2312 cum
2881 2273 2943 2311 ea
2997 2272 3084 2311 res
3135 2259 3346 2326 magnis
3401 2259 3761 2314 incommodis

2187 2349 2420 2402 obnoxia
2472 2349 2561 2411 sit,
2614 2358 2769 2417 rogat
2800 2361 2856 2401 ut
2891 2348 3102 2403 Sasima
3149 2350 3430 2415 sistantur,
3462 2367 3633 2421 eoque
3663 2365 3761 2406 ve-

2186 2441 2342 2494 niens
2391 2439 2748 2495 Callisthenes
2779 2441 3073 2510 potentiam
3122 2457 3273 2495 suam
3313 2441 3472 2498 simul
3518 2454 3573 2497 et
3615 2443 3757 2497 leni-

2187 2542 2348 2586 tatem
2386 2531 2659 2596 ostendat,
2708 2531 3006 2588 im-olumcs
3044 2533 3386 2588 dimittenda.
3433 2535 3755 2604 Quanquam

2183 2641 2254 2681 ne
2279 2625 2328 2679 id
2355 2625 2572 2696 quidem
2602 2628 2848 2680 concedit
2873 2625 3208 2690 Callistheni,
3233 2627 3332 2681 nisi
3352 2630 3492 2697 quod
3524 2640 3751 2695 metuat,

2183 2734 2253 2772 ne
2277 2718 2401 2786 quid
2428 2718 2718 2773 iracundia:
2743 2719 2793 2770 in
2829 2716 2946 2786 ejus
2969 2720 3129 2772 corde
3170 2719 3346 2772 minus
3368 2730 3578 2774 coctum
3621 2722 3757 2774 resi-

2182 2809 2324 2862 deat.
2357 2807 2524 2860 Multo
2545 2809 2687 2861 enim
2723 2811 3031 2877 pra-clarius
3063 2809 3352 2872 facturum,
3379 2811 3421 2863 si
3456 2811 3755 2865 vindictam

2181 2897 2283 2952 sibi
2313 2899 2612 2966 permittat.
2646 2898 2870 2952 Etiamsi
2899 2899 3043 2953 enim
3072 2900 3307 2970 jurasset
3352 2915 3411 2956 sc
3464 2917 3649 2959 servos
3681 2905 3754 2958 ad

2181 3004 2394 3060 poenam
2420 2990 2744 3044 traditurum
2776 2992 3069 3045 secundum
3112 2991 3287 3062 leges;
3336 2995 3558 3064 perjurii
3592 3010 3750 3050 reum

2183 3099 2287 3138 non
2323 3082 2587 3148 futurum,
2623 3084 2668 3137 si
2696 3098 2761 3138 ex
2807 3085 3014 3151 legibus
3059 3087 3460 3148 ecclesiasticis,
3490 3102 3609 3155 qua:
3643 3100 3751 3140 non

2187 3176 2411 3231 minoris
2472 3185 2598 3230 sunt
2640 3175 2799 3245 pretii
2854 3191 3013 3246 quam
3074 3178 3293 3241 civiles,
3357 3177 3650 3244 puniantur
3695 3185 3756 3232 et

2181 3269 2558 3324 emendentur.
2586 3267 2811 3323 Videtur
2837 3269 2949 3323 hate
2978 3269 3201 3339 epistola
3237 3283 3331 3336 per
3352 3268 3598 3322 eumdem
3639 3269 3755 3324 dia-

2176 3375 2373 3413 conum
2417 3360 2600 3423 missa,
2637 3374 2731 3429 per
2756 3374 2913 3429 quem
2960 3370 3012 3413 et
3063 3358 3285 3427 epistola
3318 3359 3384 3412 ad
3415 3358 3749 3429 Hesychium

2180 3449 2345 3503 missa
2388 3460 2491 3502 est.
2525 3448 2681 3504 llunc
2714 3459 2868 3520 rogat
2895 3447 3141 3513 Basilius,
3169 3457 3224 3502 ut
3251 3447 3352 3503 sibi
3389 3449 3441 3502 in
3479 3447 3749 3518 placando

2174 3539 2521 3604 Callisthene,
2541 3542 2624 3593 vel
2654 3555 2750 3607 per
2769 3557 2828 3595 se
2851 3541 2932 3594 vel
2960 3555 3057 3608 per
3079 3540 3282 3595 amicos
3311 3555 3530 3609 operam
3561 3550 3747 3595 navet.

2178 3630 2291 3685 Sibi
2316 3630 2460 3685 enim
2493 3629 2932 3686 molestissimmn
2977 3632 3241 3696 futurum,
3280 3631 3324 3684 si
3352 3631 3418 3685 iis
3454 3630 3544 3699 qui
3573 3633 3640 3684 ad
3688 3647 3750 3686 se

2184 3722 2541 3794 confugerunt
2569 3721 2827 3792 prodesse
2863 3735 2971 3776 non
3021 3720 3210 3791 possit.
3246 3721 3373 3777 llzec
3404 3731 3584 3777 autem
3618 3732 3748 3777 ante

2175 3816 2495 3870 divisionem
2517 3814 2731 3884 Cappad
2742 3813 2875 3870 ocia:
2895 3814 3142 3871 evenisse
3167 3814 3419 3886 conjicio,
3452 3824 3741 3886 propterea

2176 3907 2320 3975 quod
2351 3907 2484 3974 petit
2510 3906 2765 3974 Basilius,
2793 3914 2855 3960 ut
2897 3906 3061 3972 servi,
3115 3921 3251 3976 quos
3300 3906 3354 3961 in
3399 3907 3556 3962 fidem
3587 3921 3744 3961 suam

2177 4006 2472 4065 receperat,
2514 3997 2724 4052 Sasima
2757 4012 2926 4065 usque
2962 3997 3248 4052 sistantur.
3285 3998 3338 4052 Id
3380 3997 3524 4052 enim
3573 4013 3742 4067 argu-

2172 4097 2358 4141 mento
2387 4098 2471 4142 est
2500 4089 2738 4143 nomlum
2771 4090 2870 4142 hoc
2895 4088 3147 4156 oppidum
3185 4091 3237 4143 in
3270 4090 3445 4143 aliena
3470 4089 3592 4157 jura
3624 4107 3744 4145 ces-

2173 4181 2310 4235 sisse
2340 4197 2355 4234 :
2389 4194 2488 4233 nec
2517 4179 2759 4249 profecto
2791 4179 3074 4234 charitatis
3115 4180 3292 4234 Basilii
3321 4191 3376 4235 et
3410 4181 3576 4235 animi
3633 4182 3742 4238 for-

2175 4272 2425 4328 titudinis
2443 4273 2655 4334 fuisset,
2692 4271 2954 4341 ejusmodi
2986 4271 3233 4326 homines
3265 4272 3535 4336 deserere,
3573 4282 3742 4340 atque

2174 4364 2228 4417 in
2256 4364 2440 4434 gratiae
2469 4373 2522 4418 et
2545 4363 2789 4418 beneficii
2829 4362 2946 4419 loco
2981 4371 3184 4432 petere,
3217 4372 3448 4417 ntextra
3477 4363 3740 4419 ditionem

2173 4467 2227 4509 et
2253 4455 2612 4522 patrocinium
2641 4471 2796 4508 suum
2819 4455 3180 4510 abducnntnr.

2246 4547 2330 4601 Ill.
2358 4545 2491 4601 Cum
2538 4561 2764 4618 peregre
2810 4556 2957 4600 esset
3004 4545 3233 4602 Basilius
3284 4561 3469 4603 mense
3515 4545 3738 4603 Octobri

2170 4648 2401 4694 exetInte
2448 4648 2540 4692 aut
2588 4639 2805 4693 ineunte
2856 4638 3168 4705 Novembri,
3201 4656 3265 4696 ac
3310 4639 3571 4695 ecclesias
3609 4654 3741 4695 suas

2171 4731 2436 4794 visitaret,
2492 4732 2576 4786 vel
2619 4731 2804 4802 Nyssa:
2859 4732 3166 4801 episcopum
3221 4733 3533 4795 ordinaret,
3577 4732 3736 4788 scri-

2168 4839 2327 4892 psere
2354 4822 2432 4893 (It)
2459 4825 2523 4877 ad
2542 4839 2663 4877 eum
2685 4821 3069 4888 Gtcsarienses,
3093 4833 3147 4878 et
3171 4825 3235 4877 ad
3270 4837 3426 4890 opem
3457 4823 3556 4878 sibi
3589 4825 3734 4878 cele-

2169 4917 2303 4971 riter
2342 4916 2618 4970 ferendam
2655 4915 2828 4984 patria
2859 4915 3150 4971 revocavit.
3182 4913 3358 4969 llediit
3387 4914 3595 4981 statim,
3622 4931 3731 4969 non

2167 5024 2262 5078 spe
2291 5008 2476 5062 auxilii
2525 5007 2752 5074 ferendi,
2792 5007 2886 5063 sed
2934 5025 3000 5062 ne
3035 5009 3279 5062 desertos
3308 5021 3366 5061 se
3395 5008 3463 5060 ab
3491 5022 3557 5062 eo
3585 5007 3734 5060 cives

2165 5108 2541 5170 quererentur.
2566 5098 2770 5154 Luctus
2798 5113 2984 5153 eorum
3007 5106 3062 5152 et
3095 5096 3297 5152 doloris
3324 5111 3512 5159 causa,
3536 5094 3732 5149 divisio

2163 5193 2537 5262 Cappadociae,
2568 5208 2634 5247 es
2669 5207 2774 5259 qua
2807 5192 2939 5247 duas
2967 5189 3272 5260 provincias
3304 5187 3482 5244 clfecit
3513 5186 3728 5250 Valens,

2162 5289 2309 5339 velut
2338 5285 2382 5339 si
2410 5285 2530 5354 quis
2557 5300 2753 5355 equum
2781 5293 2873 5337 aut
2915 5281 3104 5336 bovem
3136 5297 3289 5335 suunt
3318 5281 3452 5334 duas
3475 5279 3526 5333 in
3547 5289 3733 5347 partes

2162 5379 2430 5441 dividens,
2476 5377 2613 5432 duos
2656 5393 2753 5447 pro
2777 5390 2882 5430 uno
2916 5374 3017 5429 sibi
3063 5373 3262 5428 habere
3294 5373 3557 5427 videatur.
3592 5370 3728 5424 Cum

2162 5469 2398 5522 edictum
2449 5478 2594 5522 esset
2643 5478 2702 5522 ut
2749 5465 2984 5521 maxima
3034 5481 3158 5536 pars
3199 5464 3362 5520 curia:
3414 5461 3730 5518 Podandum

2234 5640 2303 5706 (ρ)
2337 5641 2430 5708 Ep.
2460 5640 2546 5694 58.

2263 5711 2304 5776 θ’)
2332 5711 2458 5764 Naz.
2487 5727 2566 5766 or.
2600 5709 2651 5764 5.

2239 5781 2316 5850 (ρ)
2345 5782 2509 5842 Epist.
2543 5781 2632 5834 73.

2238 5853 2314 5918 (lt)
2347 5851 2438 5920 Ep.
2469 5852 2560 5909 74‘.
