4006 6458
1500 365 1660 420 VI'I'A
1703 365 1757 420 3.
1798 366 2062 429 BASIL".

3309 392 3450 433 Lxxv

229 484 634 549 transferretur,
659 497 817 552 quem
861 481 1037 537 locum
1074 492 1353 552 comparat
1390 481 1619 538 Basilius
1668 499 1788 536 cunt
1820 492 1866 544 Α
1896 484 1998 541 Tot
2030 490 2174 542 enim
2213 489 2406 543 linem
2436 490 2487 544 in
2516 489 2691 544 aulam
2727 498 2926 556 missm.
2975 492 3209 547 nondum
3236 493 3453 550 venisse

228 578 400 632 L‘eade
423 576 716 642 Laconico,
770 583 858 628 aut
912 573 1179 628 barathris
1227 573 1330 626 illis
1373 587 1491 641 qum
1519 574 1789 628 Charonia

229 670 574 728 dicebantur,
608 677 717 720 tum
746 681 876 720 vero
916 679 1042 734 pars
1093 674 1313 718 senatus
1356 681 1459 718 non
1509 664 1793 734 ignobilior

230 761 410 829 rugam
434 762 577 826 cepit
600 773 722 811 cum
759 757 1014 810 uxoribus
1048 763 1102 807 et
1131 752 1289 818 focis,
1311 764 1626 823 perpetuum
1653 756 1794 808 exsi-

231 852 354 905 lium
383 852 509 905 huic
535 851 651 904 loco
687 846 980 916 praderens
1002 845 1076 915 (al
1103 859 1118 897 :
1170 845 1258 898 alii
1289 847 1502 900 abducti
1533 860 1598 901 eo
1642 845 1794 900 fuere

232 955 285 995 ut
313 943 537 1012 captivi,
576 939 940 995 miserandum
967 936 1219 990 omnibus
1265 937 1628 1004 spectaculum
1654 946 1796 990 :ter-

234 1037 305 1088 tia
347 1049 476 1103 pars
507 1035 560 1086 in
622 1032 756 1086 urbe
789 1029 974 1084 relicta
1001 1037 1105 1092 est,
1159 1027 1530 1083 miserabiliter
1574 1041 1795 1094 gemens

233 1125 562 1194 collegarum
584 1123 849 1183 discessu,
877 1134 939 1173 ac
954 1121 1266 1174 sustinendo
1292 1118 1626 1188 negotiorum
1643 1119 1793 1173 oneri

235 1232 462 1286 prorsus
499 1216 690 1285 impar.
718 1213 906 1267 Civilis
930 1222 1104 1267 caelus
1130 1213 1197 1265 ob
1228 1226 1287 1264 ea
1321 1226 1439 1280 qua:
1463 1211 1796 1277 magistrati-

234 1312 336 1364 bus
370 1311 706 1369 acciderant,
753 1307 934 1360 animo
978 1305 1290 1366 concidens,
1334 1301 1540 1356 relictis
1575 1303 1797 1357 urbanis

237 1407 465 1467 :edihns,
509 1417 604 1471 per
635 1417 792 1468 agros
821 1411 874 1455 et
906 1416 1029 1454 rura
1057 1399 1373 1466 vagabatur.
1405 1396 1591 1465 Itaque
1620 1397 1801 1452 Caesa-

235 1514 325 1552 rea
361 1499 412 1551 in
446 1497 652 1549 tristem
685 1494 1026 1549 solitudinem
1059 1491 1269 1545 redacta
1318 1498 1471 1554 erat,
1506 1488 1660 1543 nullm
1687 1488 1796 1555 jam

236 1586 811 1649 noctttrumlucernte,
863 1586 1006 1639 nulla
1047 1581 1376 1637 eruditorum
1424 1581 1698 1635 hominum
1745 1578 1796 1630 in

235 1679 353 1732 foro
374 1676 664 1747 colloquia,
691 1677 905 1731 occlusa
942 1671 1216 1745 gymnasia
1242 1710 1256 1736 ,
1283 1670 1428 1724 nulla
1464 1669 1797 1725 necessaria-

233 1784 356 1820 rum
389 1784 570 1822 rerum
611 1766 849 1836 provisio
877 1780 938 1818 ac
970 1759 1250 1830 dispositio
1272 1800 1289 1826 ,
1314 1760 1407 1815 sed
1443 1774 1546 1812 una
1581 1772 1685 1810 vox
1709 1772 1773 1810 au

1896 578 2176 634 Valentem
2217 581 2466 650 probant.
2519 581 2638 636 .lam
2676 582 2850 636 hiems
2901 586 3178 652 inceperat
3221 594 3312 638 aut
3340 586 3454 640 sal-

1895 679 2001 724 tem
2035 673 2376 738 imminebat,
2416 690 2537 728 cum
2568 676 2736 730 tristis
2763 677 2984 730 nuntius
3012 675 3210 731 Basilio
3235 677 3450 732 allatus.

1894 761 2044 828 Quod
2070 763 2212 816 enim
2253 765 2446 819 metuit
2475 764 2707 821 Basilius
2731 766 2809 834 (ά)
2851 782 2918 823 ne
2952 767 3334 824 Martinianum
3358 769 3455 823 de-

1897 859 2092 904 terreat
2123 861 2415 920 tempestas
2448 854 2575 908 anni
2602 863 2692 906 aut
2713 864 2864 919 aetas,
2892 858 3177 925 quominus
3200 859 3254 912 in
3279 860 3454 913 aulam

1897 943 2306 1011 proﬁciscatur;
2339 945 2392 997 id
2434 946 2501 999 de
2530 956 2717 999 amate
2762 947 2966 1001 homini
3011 958 3168 1004 aetate
3199 963 3459 1019 provecto

1897 1033 2098 1087 dictum
2147 1048 2252 1088 non
2297 1034 2533 1090 videtur.
2574 1035 2680 1090 Sed
2716 1047 2890 1091 tamen
2940 1054 3046 1094 non
3080 1040 3302 1094 multum
3334 1056 3460 1110 pro-

1898 1133 2136 1180 cesserat
2191 1125 2402 1191 hiems,
2457 1127 2728 1195 siquidem
2776 1129 3005 1183 Basilius
3054 1139 3180 1186 tunc
3234 1147 3466 1202 peregre.

1897 1226 2034 1271 erat.
2065 1217 2261 1271 Eadem
2303 1218 2353 1270 in
2386 1219 2656 1274 Ecclesias
2686 1219 3043 1289 Cappadociae
3100 1223 3318 1276 inducta
3357 1226 3460 1277 itu-

1899 1311 2129 1363 mutatio
2161 1325 2303 1362 anno
2341 1310 2444 1363 572
2476 1311 2717 1376 ineunte,
2754 1319 2812 1364 ut
2861 1313 3000 1365 infra
3031 1313 3347 1367 videbimus.
3393 1317 3464 1368 At

1899 1399 2075 1453 civilis
2105 1401 2297 1456 divisio
2346 1402 2766 1456 ecclesiasticam
2807 1404 3120 1468 antecessit,
3169 1413 3305 1458 teste
3332 1402 3466 1459 Gre--~

1899 1490 2052 1558 gorio
2085 1490 2427 1546 Nazianzeno
2451 1490 2542 1562 (e).

1981 1580 2069 1634 IV.
2097 1580 2209 1635 lloc
2231 1599 2374 1637 anno
2419 1584 2557 1648 571,
2588 1591 2853 1638 rectorem
2898 1583 3251 1653 Cappadociae
3304 1587 3467 1640 fuisse

1901 1667 2222 1721 Therasium
2247 1671 2624 1737 cognoscimus
2650 1687 2714 1725 ex
2741 1673 2969 1740 epistola
3013 1673 3100 1737 77,
3142 1674 3194 1726 in
3227 1690 3330 1739 qua
3352 1675 3475 1745 ejus

1903 1775 2231 1815 assessorem
2288 1768 2439 1830 rogat
2462 1761 2711 1829 Basilius,
2734 1773 2791 1814 ut
2811 1780 2915 1818 non
2947 1765 3188 1818 discedat
3212 1767 3278 1818 ab
3303 1766 3470 1819 admi-

234 1858 513 1920 dicbatur,
544 1867 853 1912 exactorutn
885 1865 936 1908 et
967 1867 1154 1904 eorum
1181 1867 1210 1905 a
1243 1851 1436 1919 quibus
1463 1848 1798 1918 exigebatur,
1835 1837 1875 1893 Β
1907 1850 2074 1903 rando
2131 1850 2172 1903 Τ
2178 1851 2414 1914 herasio,
2446 1851 2658 1920 sibique
2715 1853 2966 1907 decorum
3021 1868 3142 1907 esse
3197 1856 3473 1909 existimet

238 1951 441 2020 Quique
471 1945 699 2018 ﬂagellis
723 1944 1086 2001 caedebantur.

313 2040 585 2108 Quantum
623 2038 820 2091 Basilio
873 2033 1128 2087 inusserit
1165 2031 1386 2093 doloris,
1440 2032 1627 2101 patrizc
1663 2030 1806 2084 cala-

242 2136 439 2198 mitas,
471 2131 701 2202 perspici
729 2134 900 2196 potest
929 2125 1189 2178 extribus
1227 2123 1423 2178 litteris
1457 2122 1531 2192 (b)
1568 2137 1629 2176 ea
1658 2122 1724 2176 de
1754 2137 1810 2174 re

243 2225 484 2294 scriptis.
515 2223 817 2286 Antequam
853 2216 1054 2271 rediret
1078 2213 1403 2281 Ca:saream,
1428 2213 1645 2282 set-ipsit
1674 2210 1812 2264 Mar-

244 2317 474 2372 tiniano.
507 2311 617 2364 Hac
650 2309 792 2361 cnim
826 2307 1178 2363 excusatione
1200 2306 1386 2365 utitur.
1419 2319 1636 2357 curnou
1661 2301 1811 2353 illum

249 2406 432 2466 adeat,
470 2406 611 2469 quod
645 2399 833 2469 patri-.e
862 2413 992 2452 voce
1022 2407 1357 2450 accersatur.
1399 2392 1550 2459 Quod
1594 2393 1811 2458 quidem

247 2503 566 2564 argumento
588 2502 669 2546 est
699 2491 1077 2545 Martinianum
1107 2507 1211 2545 non
1249 2489 1404 2556 longe
1434 2484 1708 2538 habitasse
1746 2484 1815 2537 ab

248 2603 315 2642 eo
347 2586 490 2649 loco,
524 2585 612 2639 ubi
647 2594 774 2638 tunc
802 2583 1118 2636 versabatur
1171 2579 1419 2634 Basilius.
1466 2577 1594 2630 Erat
1622 2576 1710 2630 ille
1739 2577 1818 2629 vir

249 2680 400 2735 omni
435 2677 752 2734 eruditionis
778 2677 934 2730 laude
960 2672 1356 2735 cumulatus,et
1385 2687 1504 2725 cum
1535 2671 1818 2740 plurimum

250 2779 437 2840 posset
475 2770 612 2835 apud
648 2769 1065 2834 imperatorem,
1111 2763 1271 2818 ﬂebili
1313 2769 1574 2818 malorum
1622 2764 1823 2816 descri-

253 2869 436 2930 ptione
465 2865 693 2910 conatur
722 2856 771 2906 ei
802 2853 1121 2923 persuadere
1153 2853 1402 2914 Basilius,
1440 2863 1493 2905 ut
1531 2852 1612 2905 vel
1655 2853 1821 2918 impe-

255 2961 492 3005 ratorem
528 2949 706 3010 adeat,
737 2946 875 3013 quod
895 2947 1112 3016 quidem
1133 2945 1628 3000 commodissimum
1659 2942 1818 3006 foret,

256 3059 318 3098 ac
360 3041 665 3096 hiartiaiani
706 3039 964 3108 prteclare
999 3041 1122 3093 vita:
1165 3038 1410 3091 inStituto
1454 3035 1689 3088 maxime
1738 3035 1825 3088 de-

255 3149 468 3194 corum,
495 3130 578 3183 vel
614 3129 827 3194 saltem,
856 3132 901 3184 si
946 3130 998 3184 id
1051 3130 1100 3184 ei
1135 3141 1297 3197 grave
1329 3126 1398 3178 sit
1445 3134 1556 3177 tum
1603 3135 1823 3193 propter

259 3229 388 3283 anni
426 3235 825 3294 tempestatem,
861 3236 968 3278 tum
993 3233 1212 3292 propter
1239 3229 1474 3280 aztatem,
1499 3219 1686 3289 patrize
1715 3233 1825 3272 suae

257 3322 581 3376 iitterarum-
628 3320 939 3388 praesidium
999 3315 1309 3385 impertiat,
1363 3329 1425 3368 ac
1480 3328 1611 3366 voce
1649 3328 1741 3364 sua
1773 3321 1826 3365 et

255 3415 402 3482 justa
444 3409 531 3464 illa
562 3410 776 3465 dicendi
812 3408 1083 3474 libertate,
1134 3422 1292 3475 quam
1336 3421 1429 3458 sua
1476 3404 1550 3456 illi
1583 3403 1688 3454 vita
1727 3401 1827 3452 da-

261 3505 375 3567 bat,
406 3503 662 3556 omnibus
689 3503 945 3562 declaret,
975 3506 1104 3567 quot
1133 3507 1187 3551 et
1219 3507 1418 3566 quanta
1465 3494 1600 3546 mala
1627 3507 1694 3546 ex
1730 3492 1830 3544 ltoc

262 3597 567 3650 dividenda.-
603 3592 951 3660 tlappadocite
972 3589 1198 3642 consilio
1231 3588 1495 3640 oriantur.

329 3683 508 3737 Probe
537 3681 753 3735 videbat
794 3679 1022 3732 Basilius
1073 3678 1156 3731 his
1198 3676 1383 3746 putt-ite
1434 3672 1832 3728 calamitatibus

263 3774 641 3828 necessitatem
673 3771 774 3825 sibi
801 3769 998 3838 imponi
1026 3768 1078 3822 in
1109 3767 1284 3821 aulam
1320 3765 1728 3835 proﬁciscendi,
1763 3778 1827 3816 ae

265 3865 574 3934 potentibus
606 3862 796 3916 amicis
818 3860 1026 3928 singula
1060 3859 1339 3913 narrandi.
1376 3855 1483 3910 Sed
1515 3871 1635 3908 cum
1677 3855 1826 3908 illum

268 3955 514 4024 corporis
565 3955 778 4008 intirtua
836 3952 1106 4013 valetudo,
1146 3965 1208 4004 ac
1278 3947 1644 4002 Ecclesiarum
1701 3958 1830 3996 cura

271 4050 560 4108 detineret,
594 4048 784 4102 scribit
816 4046 882 4099 ad
935 4046 1069 4096 duos
1123 4044 1175 4093 itt
1233 4042 1351 4093 aula
1385 4049 1630 4108 potentes
1660 4036 1832 4099 viros,

270 4139 570 4208 Ahurgiutn
617 4147 670 4189 ct
720 4136 1084 4206 Sopltronium
1131 4129 1446 4196 Magistrum
1497 4127 1830 4187 olliciorum;

271 4246 480 4299 eosque
534 4228 857 4292 obteStatur,
915 4235 972 4278 ut
1024 4221 1293 4277 communi
1355 4219 1541 4283 patria:
1591 4222 1838 4286 (uterque

272 4324 419 4377 enim
480 4317 764 4390 Cappadox
824 4317 961 4386 erat)
1025 4313 1333 4369 tristissimo
1385 4309 1548 4362 exitio
1597 4307 1842 4376 collapsa:

275 4428 434 4482 opem
473 4413 667 4466 ferant.

1905 1956 2026 1995 cum
2057 1954 2121 1996 eo
2151 1951 2330 1994 tanta:
2362 1957 2519 1995 cura:
2566 1944 2780 2010 partiri.
2812 1943 3015 2008 Quibus
3058 1945 3238 1998 verbis
3268 1945 3471 1998 indica-

1909 2043 1995 2085 tur
2025 2033 2370 2101 gravissimas
2425 2035 2686 2101 quasdam
2731 2050 2796 2088 ac
2851 2035 3074 2089 minime
3124 2035 3472 2104 quotidianas

1907 2124 2244 2178 diﬂieultates
2264 2125 2476 2193 praesidi
2501 2126 2774 2180 incidisse.
2803 2126 3072 2180 Praeterea
3101 2143 3224 2181 cum
3260 2128 3473 2198 Cappa-

1912 2213 2081 2267 docia:
2118 2213 2387 2268 divisione
2417 2217 2620 2282 optime
2640 2227 2942 2284 congruunt
2966 2228 3014 2270 et
3055 2228 3264 2284 tempus
3293 2205 3474 2272 hihch

1916 2317 2065 2368 num,
2109 2317 2213 2371 quo
2233 2303 2346 2357 haec
2375 2305 2579 2374 scripta
2611 2315 2695 2358 est
2727 2306 3048 2374 cpistola,et
3081 2324 3202 2373 qua:
3229 2309 3477 2377 leguntur

1914 2395 1967 2448 in
1995 2395 2119 2448 line.
2173 2391 2304 2447 Nam
2339 2410 2459 2448 cum
2497 2397 2661 2448 multa
2716 2397 2944 2451 Basilius
2979 2398 3203 2453 haberet
3250 2399 3475 2453 dicenda

1916 2486 2060 2540 etde
2097 2486 2300 2549 multis,
2337 2501 2399 2539 ea
2429 2486 2481 2540 in
2514 2501 2864 2556 congressum
2895 2487 3125 2555 distulit,
3161 2506 3267 2544 non
3303 2497 3476 2544 tutum

1918 2591 2039 2632 esse
2092 2577 2410 2632 existimans
2458 2577 2700 2647 epistolis
2747 2595 2834 2634 res
2894 2581 3160 2650 ejusmodi
3219 2581 3479 2635 commit-

1921 2678 2052 2724 tere.

1991 2759 2119 2824 Quae
2150 2759 2201 2811 in
2237 2759 2336 2812 hac
2361 2761 2583 2827 epistola
2625 2762 2690 2815 de
2724 2762 3105 2816 communibus
3133 2763 3484 2830 Cappadocia:

1921 2849 2181 2902 molestiis
2210 2849 2539 2914 indicantur,
2576 2867 2638 2904 ea
2675 2855 2854 2906 minus
2887 2855 3168 2907 commode
3199 2852 3487 2908 Tillemon-

1923 2939 2027 2993 tius
2067 2941 2133 2993 de
2181 2941 2412 3010 propriis
2470 2942 2718 2996 Therasii
2778 2945 3010 3014 negotiis
3067 2946 3484 3013 interpretatur,

1924 3045 2082 3098 quem
2123 3040 2176 3086 et
2205 3031 2524 3099 praefectura
2577 3033 2865 3100 dejectutn,
2911 3049 3034 3087 cum
3068 3035 3182 3089 haec
3222 3038 3486 3089 scribere-

1928 3130 2016 3174 tur
2041 3121 2288 3188 epistola,
2321 3131 2375 3175 et
2405 3123 2457 3175 in
2506 3122 2771 3191 judicium
2821 3133 3068 3179 vocatum
3121 3125 3286 3178 fuisse
3314 3136 3485 3193 putat.

1934 3212 2080 3268 Unde
2113 3214 2274 3265 etiam
2315 3212 2456 3264 illius
2483 3214 2846 3280 patrocinium
2872 3229 2901 3267 a
2927 3213 3125 3266 Basilio
3165 3214 3216 3266 in
3262 3215 3489 3283 epistola

1927 3302 1996 3356 96
2021 3303 2218 3368 suscipi
2249 3300 2547 3354 existimat.
2576 3299 2681 3356 Sed
2711 3302 2906 3368 Eliatn,
2933 3317 3038 3356 non
3074 3302 3394 3357 Therasium
3437 3305 3489 3356 itt

1929 3393 2020 3448 illa
2043 3393 2270 3462 epistola
2296 3393 2366 3448 96
2395 3394 2763 3448 commendari
2810 3393 2949 3446 infra
2985 3392 3306 3446 videbimus.
3341 3392 3499 3445 Nunc-

1929 3496 2110 3538 autetn
2142 3486 2276 3539 satis
2297 3495 2379 3540 est
2412 3486 2704 3540 observare
2737 3498 3074 3552 nequaquam
3111 3483 3319 3551 praesidi
3345 3485 3494 3537 abro-

1931 3587 2110 3646 gatant
2140 3580 2304 3633 fuisse
2333 3579 2734 3646 praefecturam,
2765 3591 2888 3629 cum
2933 3574 3164 3630 Basilius
3203 3577 3340 3629 hanc
3379 3579 3496 3644 epi-

1933 3669 2130 3722 stolam
2159 3668 2223 3720 77
2261 3667 2541 3722 scriberet.
2573 3666 2831 3720 llortatur
2864 3664 3005 3717 enim
3056 3677 3405 3726 assessorem,
3441 3673 3500 3717 ut

1943 3779 2065 3818 cum
2088 3763 2353 3817 Tlterasio
2408 3772 2588 3816 tantas
2640 3774 2802 3814 curas
2850 3759 3131 3828 partiatur,
3178 3773 3241 3811 ac
3274 3757 3501 3812 libenter

1939 3855 2204 3925 ejusmodi
2233 3855 2574 3911 occasionem
2620 3852 2901 3920 suscipiat,
2955 3867 3020 3904 ex
3073 3865 3178 3919 qua
3213 3860 3266 3902 et
3298 3850 3503 3901 amicos

1943 3947 2127 3999 videre
2150 3953 2204 3999 et
2239 3946 2305 3999 ab
2340 3947 2419 4000 eis
2455 3943 2624 3997 videri
2677 3944 2856 3998 liceat.
2900 3942 3056 3995 Initio
3097 3941 3309 3993 dixerat
3347 3954 3407 3994 se
3435 3954 3498 3993 ex

1938 4036 2122 4106 magni
2153 4035 2404 4090 Therasii
2454 4033 2771 4102 praefectura
2831 4031 2954 4084 illud
3002 4029 3269 4082 commodi
3315 4044 3502 4097 perce-

1941 4129 2099 4196 pisse,
2137 4137 2194 4181 ut
2223 4142 2362 4189 saepe
2390 4135 2529 4179 hunc
2560 4137 2886 4178 assessorem
2919 4121 3124 4173 videret
3151 4135 3164 4174 :
3199 4119 3390 4174 Verum
3408 4121 3505 4172 hoc

1940 4223 2108 4289 ipsum
2148 4220 2438 4282 autistmas,
2459 4217 2652 4285 inquit,
2681 4214 2900 4283 prwside
2920 4213 3130 4277 privati.
3151 4212 3351 4265 Aberat
3376 4225 3507 4278 ergo

1946 4313 2012 4365 ad
2043 4321 2250 4377 tempus
2275 4324 2499 4377 praeses,
2527 4324 2624 4362 nec
2647 4306 2864 4361 dubium
2883 4315 2998 4359 erat
3026 4303 3240 4366 Basilio,
3267 4303 3391 4369 quin
3419 4316 3506 4352 rc-

1948 4404 2154 4456 diturus
2183 4409 2328 4458 esset
2361 4399 2698 4460 C:esaream;
2722 4397 2864 4450 unde
2887 4410 3218 4450 assessorem
3238 4393 3510 4452 hortatur,

354 4502 470 4556 Non
499 4514 706 4556 tantum
735 4496 911 4567 gratia
955 4505 1009 4549 et
1046 4497 1368 4551 auctoritate
1396 4492 1564 4548 valuit
1589 4489 1819 4545 Basilius
1876 4515 1919 4568 ο
1952 4504 2009 4544 ιιι
2041 4492 2106 4543 ab
2152 4504 2216 4544 eo
2249 4507 2353 4544 non
2405 4489 2670 4550 discedat,
2703 4501 2766 4540 ac
2823 4487 3047 4541 libenter
3095 4485 3144 4536 iu
3195 4499 3260 4537 eo
3311 4492 3515 4552 perstet

283 4606 343 4649 ut
367 4592 734 4647 calamitatem
767 4589 906 4642 hanc
932 4603 960 4639 a
988 4595 1157 4656 patria
1195 4596 1465 4642 averteret
1501 4603 1512 4637 :
1542 4583 1633 4637 sed
1667 4592 1843 4636 tamen

283 4685 526 4753 aliquam
564 4683 684 4736 mali
720 4679 1037 4734 levationem
1087 4678 1297 4731 videtur
1334 4685 1675 4731 consecutus.
1711 4674 1846 4727 Nam

290 4792 434 4832 unus
456 4789 522 4828 ex
554 4775 864 4842 potentibus
887 4769 1074 4823 amicis
1098 4771 1164 4822 ad
1189 4785 1325 4838 quos
1358 4767 1573 4835 scripsit
1591 4764 1680 4834 (ε),
1704 4765 1835 4820 l'ortt

289 4867 584 4938 Aburgius,
622 4864 877 4933 pra-recto
927 4861 1279 4916 humanitatis
1302 4860 1648 4915 ostendendae
1696 4873 1853 4911 occa-

293 4963 503 5015 sionem
538 4954 992 5009 subministravit.
1020 4952 1180 5008 Forte
1213 4955 1324 5007 lucc
1369 4953 1678 5006 humanitas
1711 4949 1762 5002 in
1788 4965 1852 5005 eo

293 5052 469 5122 posita
501 5050 623 5115 fuit,
652 5048 793 5117 quod
825 5050 1061 5101 secunda
1092 5046 1406 5122 metmpolis
1452 5060 1553 5096 non
1592 5042 1855 5106 Podaudi,

293 5154 351 5197 ut
380 5142 560 5214 primo
591 5138 858 5193 sancitum
893 5116 1208 5202 I'ucratfsed
1245 5133 1451 5190 meliori
1479 5133 1532 5187 ιιι
1563 5131 1856 5193 loco.Tva-

295 5236 378 5288 nis
408 5231 732 5287 constituta.

367 5323 493 5378 llazc
525 5334 707 5375 autem
743 5335 883 5375 anno
933 5319 1031 5373 571
1082 5327 1232 5390 gesta
1265 5332 1404 5380 esse,
1437 5328 1721 5384 antequam
1757 5314 1859 5367 Va-

298 5414 411 5468 leus
441 5414 748 5468 Caesaream
778 5414 1006 5475 veniret,
1038 5411 1170 5466 satis
1195 5424 1261 5462 cx
1303 5409 1458 5463 dictis
1512 5405 1850 5476 perspicitur.

373 5623 446 5680 (η)
472 5613 568 5682 Ep.
598 5613 682 5664 75.

373 5689 447 5750 (ὑ)
472 5682 640 5747 Epist.
681 5683 768 5748 ἷ-ί,
802 5683 888 5750 Ἱέι,
923 5684 1009 5735 ἷϋ.

375 5761 446 5824 (ε)
475 5755 575 5821 litt.
613 5755 703 5808 '33.

1951 4592 2208 4642 munere,
2258 4595 2323 4632 ex
2386 4592 2493 4644 quo
2547 4576 2899 4630 videndorum
2957 4574 3252 4627 amicorum
3299 4569 3512 4624 occasio

1951 4683 2223 4726 nascatur.

2022 4761 2087 4815 Υ.
2120 4761 2270 4816 llunc
2305 4770 2481 4814 autem
2532 4772 2857 4812 assessorem
2902 4755 3164 4824 Elpidium
3190 4753 3372 4814 fuisse,
3414 4765 3517 4803 non

1955 4855 2197 4909 obscuris
2245 4854 2375 4908 tnihi
2421 4853 2605 4906 videor
2632 4849 2905 4917 conjicere
2947 4848 3262 4902 rationibus.
3298 4842 3515 4911 Natttt'f)

1959 4945 2196 5014 Elpidius
2222 4947 2274 4998 in
2294 4944 2630 5012 Cappadocia
2655 4958 2904 5011 magnum
2929 4941 3140 5008 aliquod
3165 4953 3357 4992 munus
3389 4937 3512 5005 abji-

1958 5051 2083 5090 cerc
2109 5048 2164 5089 et
2191 5035 2526 5104 Cappadocia
2555 5034 2842 5089 abscedere
2870 5030 3100 5094 volebat,
3129 5045 3234 5098 quo
3287 5041 3526 5094 tempore

1961 5126 2206 5181 infausta:
2237 5141 2320 5180 res
2364 5136 2520 5180 erant
2555 5123 2949 5194 Cappadocum,
2981 5137 3042 5174 ac
3072 5121 3228 5189 paulo
3267 5127 3385 5186 post
3431 5119 3531 5170 ltu-

1962 5222 2273 5274 manitatem
2312 5219 2542 5287 aliquam
2579 5218 2630 5270 in
2667 5214 3010 5284 Cappadoces
3039 5229 3065 5265 ιι
3098 5211 3344 5280 praelecto
3384 5210 3534 5262 exhi-

1964 5313 2151 5374 bitam,
2184 5312 2235 5364 id
2269 5321 2370 5376 est,
2391 5322 2448 5364 ut
2480 5309 2814 5378 conﬁcimus,
2839 5319 3116 5373 postquam
3145 5304 3425 5370 pra-lectus
3447 5315 3530 5351 se-

1965 5403 2193 5457 cundam
2247 5401 2599 5468 metropolim,
2656 5415 2771 5469 qua:
2823 5395 3060 5452 Podattdi
3109 5394 3276 5446 locata
3336 5390 3532 5452 fuerat,

2054 5607 2129 5672 (sl)
2167 5605 2262 5671 Ep.
2292 5604 2379 5665 74,
2411 5621 2464 5654 ιι.
2509 5603 2559 5655 5.

2069 5682 2115 5741 e)
2156 5675 2280 5726 Naz.
2311 5689 2392 5726 or.
2416 5673 2501 5728 ‘30.

2069 5682 2115 5741 ε)
2156 5679 2280 5726 Νειῑ.
2311 5690 2356 5726 ot

2045 5679 2112 5814 il)
2143 5748 2235 5814 tv-
2273 5744 2356 5797 78·
