  <div class='ocr_page' id='page_1' title='image "/cluster/home/n/w/nwhite01/storage/ocr_20150623/29/ien.35556001660547/088.png"; bbox 0 0 4006 6472; ppageno 0'>
   <div class='ocr_carea' id='block_1_1' title="bbox 492 399 652 438">
    <p class='ocr_par' dir='ltr' id='par_1_1' title="bbox 492 399 652 438">
     <span class='ocr_line' id='line_1_1' title="bbox 492 399 652 438; baseline -0.019 0"><span class='ocrx_word' id='word_1_1' title='bbox 492 399 652 438; x_wconf 67' lang='grc' dir='ltr'><strong>ωικί</strong></span> 
     </span>
    </p>
   </div>
   <div class='ocr_carea' id='block_1_2' title="bbox 494 591 2063 663">
    <p class='ocr_par' dir='ltr' id='par_1_2' title="bbox 494 591 2063 663">
     <span class='ocr_line' id='line_1_2' title="bbox 494 591 2063 663; baseline 0 -17"><span class='ocrx_word' id='word_1_2' title='bbox 494 594 546 646; x_wconf 91' lang='lat' dir='ltr'><strong>in</strong></span> <span class='ocrx_word' id='word_1_3' title='bbox 580 592 725 645; x_wconf 85' lang='lat' dir='ltr'><strong>illum</strong></span> <span class='ocrx_word' id='word_1_4' title='bbox 765 606 1115 654; x_wconf 81' lang='lat' dir='ltr'><strong>assessorem,</strong></span> <span class='ocrx_word' id='word_1_5' title='bbox 1153 608 1311 663; x_wconf 86' lang='lat' dir='ltr'><strong>quem</strong></span> <span class='ocrx_word' id='word_1_6' title='bbox 1349 607 1379 646; x_wconf 93' lang='lat' dir='ltr'><strong>e</strong></span> <span class='ocrx_word' id='word_1_7' title='bbox 1412 591 1750 661; x_wconf 82' lang='lat' dir='ltr'><strong>Cappadocia</strong></span> <span class='ocrx_word' id='word_1_8' title='bbox 1774 592 2063 646; x_wconf 71' lang='lat' dir='ltr'><strong>abscedere</strong></span> 
     </span>
    </p>
   </div>
   <div class='ocr_carea' id='block_1_3' title="bbox 494 679 2064 750">
    <p class='ocr_par' dir='ltr' id='par_1_3' title="bbox 494 679 2064 750">
     <span class='ocr_line' id='line_1_3' title="bbox 494 679 2064 750; baseline 0 -14"><span class='ocrx_word' id='word_1_9' title='bbox 494 681 874 736; x_wconf 81' lang='lat' dir='ltr'><strong>molestissimo</strong></span> <span class='ocrx_word' id='word_1_10' title='bbox 910 691 1146 750; x_wconf 89' lang='lat' dir='ltr'><strong>tempore</strong></span> <span class='ocrx_word' id='word_1_11' title='bbox 1200 683 1548 736; x_wconf 72' lang='lat' dir='ltr'><strong>meditantem</strong></span> <span class='ocrx_word' id='word_1_12' title='bbox 1599 679 1827 735; x_wconf 82' lang='lat' dir='ltr'><strong>Basilius</strong></span> <span class='ocrx_word' id='word_1_13' title='bbox 1867 682 1935 734; x_wconf 90' lang='lat' dir='ltr'><strong>ab</strong></span> <span class='ocrx_word' id='word_1_14' title='bbox 1963 682 2064 736; x_wconf 91' lang='lat' dir='ltr'><strong>hoc</strong></span> 
     </span>
    </p>
   </div>
   <div class='ocr_carea' id='block_1_4' title="bbox 490 771 2063 843">
    <p class='ocr_par' dir='ltr' id='par_1_4' title="bbox 490 771 2063 843">
     <span class='ocr_line' id='line_1_4' title="bbox 490 771 2063 843; baseline -0.001 -13"><span class='ocrx_word' id='word_1_15' title='bbox 490 772 717 830; x_wconf 89' lang='lat' dir='ltr'><strong>consilio</strong></span> <span class='ocrx_word' id='word_1_16' title='bbox 746 773 800 827; x_wconf 92' lang='lat' dir='ltr'><strong>in</strong></span> <span class='ocrx_word' id='word_1_17' title='bbox 826 776 983 842; x_wconf 89' lang='lat' dir='ltr'><strong>epist.</strong></span> <span class='ocrx_word' id='word_1_18' title='bbox 1015 773 1084 827; x_wconf 87' lang='lat'><strong>77</strong></span> <span class='ocrx_word' id='word_1_19' title='bbox 1120 774 1456 828; x_wconf 73' lang='lat' dir='ltr'><strong>dehortatur.</strong></span> <span class='ocrx_word' id='word_1_20' title='bbox 1489 771 1545 826; x_wconf 83' lang='lat' dir='ltr'><strong>in</strong></span> <span class='ocrx_word' id='word_1_21' title='bbox 1572 786 1799 843; x_wconf 88' lang='lat' dir='ltr'><strong>utraque</strong></span> <span class='ocrx_word' id='word_1_22' title='bbox 1837 771 2063 841; x_wconf 85' lang='lat' dir='ltr'><strong>epistola</strong></span> 
     </span>
    </p>
   </div>
   <div class='ocr_carea' id='block_1_5' title="bbox 491 866 2062 938">
    <p class='ocr_par' dir='ltr' id='par_1_5' title="bbox 491 866 2062 938">
     <span class='ocr_line' id='line_1_5' title="bbox 491 866 2062 938; baseline -0.001 -17"><span class='ocrx_word' id='word_1_23' title='bbox 491 868 920 938; x_wconf 60' lang='lat' dir='ltr'><strong>prastantissimi</strong></span> <span class='ocrx_word' id='word_1_24' title='bbox 948 868 1046 921; x_wconf 89' lang='lat' dir='ltr'><strong>viri</strong></span> <span class='ocrx_word' id='word_1_25' title='bbox 1088 883 1171 921; x_wconf 90' lang='lat' dir='ltr'><strong>res</strong></span> <span class='ocrx_word' id='word_1_26' title='bbox 1208 869 1385 938; x_wconf 87' lang='lat' dir='ltr'><strong>agitur</strong></span> <span class='ocrx_word' id='word_1_27' title='bbox 1414 877 1466 923; x_wconf 90' lang='lat' dir='ltr'><strong>et</strong></span> <span class='ocrx_word' id='word_1_28' title='bbox 1504 867 1697 923; x_wconf 79' lang='lat' dir='ltr'><strong>Basilio</strong></span> <span class='ocrx_word' id='word_1_29' title='bbox 1726 867 1881 921; x_wconf 81' lang='lat' dir='ltr'><strong>amici</strong></span> <span class='ocrx_word' id='word_1_30' title='bbox 1910 876 1964 921; x_wconf 92' lang='lat' dir='ltr'><strong>et</strong></span> <span class='ocrx_word' id='word_1_31' title='bbox 1997 866 2062 919; x_wconf 90' lang='lat' dir='ltr'><strong>ad</strong></span> 
     </span>
    </p>
   </div>
   <div class='ocr_carea' id='block_1_6' title="bbox 492 957 2064 1028">
    <p class='ocr_par' dir='ltr' id='par_1_6' title="bbox 492 957 2064 1028">
     <span class='ocr_line' id='line_1_6' title="bbox 492 957 2064 1028; baseline -0.001 -16"><span class='ocrx_word' id='word_1_32' title='bbox 492 958 871 1012; x_wconf 77' lang='lat' dir='ltr'><strong>sublevandam</strong></span> <span class='ocrx_word' id='word_1_33' title='bbox 902 958 1288 1028; x_wconf 80' lang='lat' dir='ltr'><strong>Cappadociam</strong></span> <span class='ocrx_word' id='word_1_34' title='bbox 1336 960 1567 1014; x_wconf 78' lang='lat' dir='ltr'><strong>maxime</strong></span> <span class='ocrx_word' id='word_1_35' title='bbox 1597 959 1795 1015; x_wconf 85' lang='lat' dir='ltr'><strong>idonei.</strong></span> <span class='ocrx_word' id='word_1_36' title='bbox 1826 957 2064 1027; x_wconf 82' lang='lat' dir='ltr'><strong>Tempus</strong></span> 
     </span>
    </p>
   </div>
   <div class='ocr_carea' id='block_1_7' title="bbox 494 1049 2064 1121">
    <p class='ocr_par' dir='ltr' id='par_1_7' title="bbox 494 1049 2064 1121">
     <span class='ocr_line' id='line_1_7' title="bbox 494 1049 2064 1121; baseline -0.002 -17"><span class='ocrx_word' id='word_1_37' title='bbox 494 1050 631 1104; x_wconf 93' lang='lat' dir='ltr'><strong>idem</strong></span> <span class='ocrx_word' id='word_1_38' title='bbox 654 1052 933 1118; x_wconf 88' lang='lat' dir='ltr'><strong>utriusque</strong></span> <span class='ocrx_word' id='word_1_39' title='bbox 965 1051 1223 1120; x_wconf 63' lang='lat' dir='ltr'><strong>epistolae,</strong></span> <span class='ocrx_word' id='word_1_40' title='bbox 1254 1067 1444 1121; x_wconf 90' lang='lat' dir='ltr'><strong>magna</strong></span> <span class='ocrx_word' id='word_1_41' title='bbox 1480 1050 1710 1120; x_wconf 89' lang='lat' dir='ltr'><strong>quadam</strong></span> <span class='ocrx_word' id='word_1_42' title='bbox 1754 1049 2064 1104; x_wconf 88' lang='lat' dir='ltr'><strong>calamitate</strong></span> 
     </span>
    </p>
   </div>
   <div class='ocr_carea' id='block_1_8' title="bbox 494 1142 2064 1213">
    <p class='ocr_par' dir='ltr' id='par_1_8' title="bbox 494 1142 2064 1213">
     <span class='ocr_line' id='line_1_8' title="bbox 494 1142 2064 1213; baseline 0.001 -17"><span class='ocrx_word' id='word_1_43' title='bbox 494 1157 685 1197; x_wconf 85' lang='lat' dir='ltr'><strong>recens</strong></span> <span class='ocrx_word' id='word_1_44' title='bbox 725 1144 777 1196; x_wconf 94' lang='lat' dir='ltr'><strong>in</strong></span> <span class='ocrx_word' id='word_1_45' title='bbox 829 1144 1219 1212; x_wconf 83' lang='lat' dir='ltr'><strong>Cappadociam</strong></span> <span class='ocrx_word' id='word_1_46' title='bbox 1276 1145 1503 1198; x_wconf 90' lang='lat' dir='ltr'><strong>invecta.</strong></span> <span class='ocrx_word' id='word_1_47' title='bbox 1560 1142 1700 1197; x_wconf 92' lang='lat' dir='ltr'><strong>Idem</strong></span> <span class='ocrx_word' id='word_1_48' title='bbox 1753 1144 1803 1196; x_wconf 94' lang='lat' dir='ltr'><strong>in</strong></span> <span class='ocrx_word' id='word_1_49' title='bbox 1838 1153 2064 1213; x_wconf 90' lang='lat' dir='ltr'><strong>utraque</strong></span> 
     </span>
    </p>
   </div>
   <div class='ocr_carea' id='block_1_9' title="bbox 493 1232 2064 1304">
    <p class='ocr_par' dir='ltr' id='par_1_9' title="bbox 493 1232 2064 1304">
     <span class='ocr_line' id='line_1_9' title="bbox 493 1232 2064 1304; baseline 0.001 -18"><span class='ocrx_word' id='word_1_50' title='bbox 493 1232 718 1300; x_wconf 89' lang='lat' dir='ltr'><strong>cpistola</strong></span> <span class='ocrx_word' id='word_1_51' title='bbox 762 1234 1052 1287; x_wconf 88' lang='lat' dir='ltr'><strong>assessoris</strong></span> <span class='ocrx_word' id='word_1_52' title='bbox 1102 1248 1316 1289; x_wconf 90' lang='lat' dir='ltr'><strong>munus.</strong></span> <span class='ocrx_word' id='word_1_53' title='bbox 1368 1233 1539 1304; x_wconf 83' lang='lat' dir='ltr'><strong>Rogat</strong></span> <span class='ocrx_word' id='word_1_54' title='bbox 1577 1234 1806 1287; x_wconf 89' lang='lat' dir='ltr'><strong>amicum</strong></span> <span class='ocrx_word' id='word_1_55' title='bbox 1836 1232 2064 1288; x_wconf 84' lang='lat' dir='ltr'><strong>Basilius</strong></span> 
     </span>
    </p>
   </div>
   <div class='ocr_carea' id='block_1_10' title="bbox 497 1325 2064 1395">
    <p class='ocr_par' dir='ltr' id='par_1_10' title="bbox 497 1325 2064 1395">
     <span class='ocr_line' id='line_1_10' title="bbox 497 1325 2064 1395; baseline 0.001 -16"><span class='ocrx_word' id='word_1_56' title='bbox 497 1326 551 1379; x_wconf 93' lang='lat' dir='ltr'><strong>in</strong></span> <span class='ocrx_word' id='word_1_57' title='bbox 584 1328 978 1395; x_wconf 85' lang='lat' dir='ltr'><strong>septuagesima</strong></span> <span class='ocrx_word' id='word_1_58' title='bbox 1010 1327 1233 1393; x_wconf 87' lang='lat' dir='ltr'><strong>septima</strong></span> <span class='ocrx_word' id='word_1_59' title='bbox 1265 1336 1321 1382; x_wconf 92' lang='lat' dir='ltr'><strong>ut</strong></span> <span class='ocrx_word' id='word_1_60' title='bbox 1365 1342 1468 1381; x_wconf 90' lang='lat' dir='ltr'><strong>non</strong></span> <span class='ocrx_word' id='word_1_61' title='bbox 1514 1327 1754 1381; x_wconf 83' lang='lat' dir='ltr'><strong>discedat</strong></span> <span class='ocrx_word' id='word_1_62' title='bbox 1796 1325 1862 1379; x_wconf 91' lang='lat' dir='ltr'><strong>ab</strong></span> <span class='ocrx_word' id='word_1_63' title='bbox 1894 1328 2064 1382; x_wconf 84' lang='lat' dir='ltr'><strong>admi-</strong></span> 
     </span>
    </p>
   </div>
   <div class='ocr_carea' id='block_1_11' title="bbox 497 1416 2058 1486">
    <p class='ocr_par' dir='ltr' id='par_1_11' title="bbox 497 1416 2058 1486">
     <span class='ocr_line' id='line_1_11' title="bbox 497 1416 2058 1486; baseline 0.001 -15"><span class='ocrx_word' id='word_1_64' title='bbox 497 1418 667 1471; x_wconf 88' lang='lat' dir='ltr'><strong>rando</strong></span> <span class='ocrx_word' id='word_1_65' title='bbox 695 1416 977 1481; x_wconf 88' lang='lat' dir='ltr'><strong>Therasio,</strong></span> <span class='ocrx_word' id='word_1_66' title='bbox 1009 1420 1104 1471; x_wconf 89' lang='lat' dir='ltr'><strong>sed</strong></span> <span class='ocrx_word' id='word_1_67' title='bbox 1139 1433 1259 1473; x_wconf 90' lang='lat' dir='ltr'><strong>cum</strong></span> <span class='ocrx_word' id='word_1_68' title='bbox 1298 1434 1362 1473; x_wconf 92' lang='lat' dir='ltr'><strong>eo</strong></span> <span class='ocrx_word' id='word_1_69' title='bbox 1386 1428 1562 1472; x_wconf 88' lang='lat' dir='ltr'><strong>tantas</strong></span> <span class='ocrx_word' id='word_1_70' title='bbox 1589 1433 1748 1471; x_wconf 90' lang='lat' dir='ltr'><strong>curas</strong></span> <span class='ocrx_word' id='word_1_71' title='bbox 1778 1420 2058 1486; x_wconf 83' lang='lat' dir='ltr'><strong>partiatur.</strong></span> 
     </span>
    </p>
   </div>
   <div class='ocr_carea' id='block_1_12' title="bbox 496 1509 2060 1578">
    <p class='ocr_par' dir='ltr' id='par_1_12' title="bbox 496 1509 2060 1578">
     <span class='ocr_line' id='line_1_12' title="bbox 496 1509 2060 1578; baseline 0.001 -16"><span class='ocrx_word' id='word_1_72' title='bbox 496 1509 552 1562; x_wconf 90' lang='lat' dir='ltr'><strong>In</strong></span> <span class='ocrx_word' id='word_1_73' title='bbox 601 1512 987 1577; x_wconf 85' lang='lat' dir='ltr'><strong>septuagesima</strong></span> <span class='ocrx_word' id='word_1_74' title='bbox 1028 1523 1205 1564; x_wconf 87' lang='lat' dir='ltr'><strong>autem</strong></span> <span class='ocrx_word' id='word_1_75' title='bbox 1237 1523 1423 1566; x_wconf 87' lang='lat' dir='ltr'><strong>octava</strong></span> <span class='ocrx_word' id='word_1_76' title='bbox 1457 1513 1507 1563; x_wconf 92' lang='lat' dir='ltr'><strong>id</strong></span> <span class='ocrx_word' id='word_1_77' title='bbox 1541 1511 1671 1578; x_wconf 83' lang='lat' dir='ltr'><strong>agit,</strong></span> <span class='ocrx_word' id='word_1_78' title='bbox 1706 1519 1762 1563; x_wconf 85' lang='grc' dir='ltr'>ιιι</span> <span class='ocrx_word' id='word_1_79' title='bbox 1804 1510 2060 1578; x_wconf 79' lang='lat' dir='ltr'><strong>Elpidius,</strong></span> 
     </span>
    </p>
   </div>
   <div class='ocr_carea' id='block_1_13' title="bbox 495 1599 2064 1668">
    <p class='ocr_par' dir='ltr' id='par_1_13' title="bbox 495 1599 2064 1668">
     <span class='ocr_line' id='line_1_13' title="bbox 495 1599 2064 1668; baseline -0.001 -15"><span class='ocrx_word' id='word_1_80' title='bbox 495 1615 560 1653; x_wconf 77' lang='lat' dir='ltr'><strong>cx</strong></span> <span class='ocrx_word' id='word_1_81' title='bbox 578 1615 678 1668; x_wconf 83' lang='lat' dir='ltr'><strong>quo</strong></span> <span class='ocrx_word' id='word_1_82' title='bbox 707 1606 815 1652; x_wconf 81' lang='lat' dir='ltr'><strong>tota</strong></span> <span class='ocrx_word' id='word_1_83' title='bbox 844 1615 971 1667; x_wconf 84' lang='lat' dir='ltr'><strong>pene</strong></span> <span class='ocrx_word' id='word_1_84' title='bbox 1016 1600 1339 1665; x_wconf 74' lang='lat' dir='ltr'><strong>publicorum</strong></span> <span class='ocrx_word' id='word_1_85' title='bbox 1378 1601 1699 1667; x_wconf 81' lang='lat' dir='ltr'><strong>negotiorum</strong></span> <span class='ocrx_word' id='word_1_86' title='bbox 1727 1616 1853 1652; x_wconf 87' lang='lat' dir='ltr'><strong>cura</strong></span> <span class='ocrx_word' id='word_1_87' title='bbox 1878 1599 2064 1654; x_wconf 77' lang='lat' dir='ltr'><strong>deuen-</strong></span> 
     </span>
    </p>
   </div>
   <div class='ocr_carea' id='block_1_14' title="bbox 496 1689 2064 1761">
    <p class='ocr_par' dir='ltr' id='par_1_14' title="bbox 496 1689 2064 1761">
     <span class='ocr_line' id='line_1_14' title="bbox 496 1689 2064 1761; baseline 0.001 -17"><span class='ocrx_word' id='word_1_88' title='bbox 496 1693 603 1755; x_wconf 83' lang='lat' dir='ltr'><strong>det,</strong></span> <span class='ocrx_word' id='word_1_89' title='bbox 630 1693 817 1760; x_wconf 70' lang='lat' dir='ltr'><strong>patriae</strong></span> <span class='ocrx_word' id='word_1_90' title='bbox 860 1690 1185 1759; x_wconf 64' lang='lat' dir='ltr'><strong>praeﬁciatur</strong></span> <span class='ocrx_word' id='word_1_91' title='bbox 1235 1700 1289 1744; x_wconf 93' lang='lat' dir='ltr'><strong>et</strong></span> <span class='ocrx_word' id='word_1_92' title='bbox 1348 1692 1399 1744; x_wconf 92' lang='lat' dir='ltr'><strong>in</strong></span> <span class='ocrx_word' id='word_1_93' title='bbox 1435 1689 1770 1761; x_wconf 83' lang='lat' dir='ltr'><strong>Cappadocia</strong></span> <span class='ocrx_word' id='word_1_94' title='bbox 1814 1691 2064 1761; x_wconf 83' lang='lat' dir='ltr'><strong>iubeatur</strong></span> 
     </span>
    </p>
   </div>
   <div class='ocr_carea' id='block_1_15' title="bbox 496 1798 796 1837">
    <p class='ocr_par' dir='ltr' id='par_1_15' title="bbox 496 1798 796 1837">
     <span class='ocr_line' id='line_1_15' title="bbox 496 1798 796 1837; baseline -0.01 0"><span class='ocrx_word' id='word_1_95' title='bbox 496 1798 796 1837; x_wconf 85' lang='lat' dir='ltr'><strong>remanere.</strong></span> 
     </span>
    </p>
   </div>
   <div class='ocr_carea' id='block_1_16' title="bbox 570 1872 2063 1943">
    <p class='ocr_par' dir='ltr' id='par_1_16' title="bbox 570 1872 2063 1943">
     <span class='ocr_line' id='line_1_16' title="bbox 570 1872 2063 1943; baseline 0.003 -19"><span class='ocrx_word' id='word_1_96' title='bbox 570 1873 723 1941; x_wconf 74' lang='lat' dir='ltr'><strong>Quod</strong></span> <span class='ocrx_word' id='word_1_97' title='bbox 756 1882 931 1927; x_wconf 90' lang='lat' dir='ltr'><strong>autem</strong></span> <span class='ocrx_word' id='word_1_98' title='bbox 973 1882 1121 1943; x_wconf 74' lang='lat' dir='ltr'><strong>rogat</strong></span> <span class='ocrx_word' id='word_1_99' title='bbox 1150 1872 1399 1935; x_wconf 81' lang='lat' dir='ltr'><strong>Basilius.</strong></span> <span class='ocrx_word' id='word_1_100' title='bbox 1426 1884 1482 1927; x_wconf 89' lang='lat' dir='ltr'><strong>ut</strong></span> <span class='ocrx_word' id='word_1_101' title='bbox 1519 1872 1753 1942; x_wconf 85' lang='lat' dir='ltr'><strong>Elpidius</strong></span> <span class='ocrx_word' id='word_1_102' title='bbox 1784 1873 2063 1943; x_wconf 81' lang='lat' dir='ltr'><strong>Cappado-</strong></span> 
     </span>
    </p>
   </div>
   <div class='ocr_carea' id='block_1_17' title="bbox 499 1965 2071 2036">
    <p class='ocr_par' dir='ltr' id='par_1_17' title="bbox 499 1965 2071 2036">
     <span class='ocr_line' id='line_1_17' title="bbox 499 1965 2071 2036; baseline -0.001 -17"><span class='ocrx_word' id='word_1_103' title='bbox 499 1965 596 2021; x_wconf 63' lang='grc' dir='ltr'><strong>(τίω</strong></span> <span class='ocrx_word' id='word_1_104' title='bbox 630 1967 971 2036; x_wconf 67' lang='lat' dir='ltr'><strong>praeficiatur,</strong></span> <span class='ocrx_word' id='word_1_105' title='bbox 1006 1982 1109 2019; x_wconf 92' lang='lat' dir='ltr'><strong>non</strong></span> <span class='ocrx_word' id='word_1_106' title='bbox 1147 1966 1270 2019; x_wconf 91' lang='lat' dir='ltr'><strong>inde</strong></span> <span class='ocrx_word' id='word_1_107' title='bbox 1303 1967 1543 2034; x_wconf 80' lang='lat' dir='ltr'><strong>sequitur</strong></span> <span class='ocrx_word' id='word_1_108' title='bbox 1569 1983 1690 2022; x_wconf 89' lang='lat' dir='ltr'><strong>eum</strong></span> <span class='ocrx_word' id='word_1_109' title='bbox 1716 1969 1992 2034; x_wconf 71' lang='lat' dir='ltr'><strong>prmsidcm</strong></span> <span class='ocrx_word' id='word_1_110' title='bbox 2017 1973 2071 2020; x_wconf 92' lang='lat' dir='ltr'><strong>et</strong></span> 
     </span>
    </p>
   </div>
   <div class='ocr_carea' id='block_1_18' title="bbox 502 2053 2065 2127">
    <p class='ocr_par' dir='ltr' id='par_1_18' title="bbox 502 2053 2065 2127">
     <span class='ocr_line' id='line_1_18' title="bbox 502 2053 2065 2127; baseline -0.001 -17"><span class='ocrx_word' id='word_1_111' title='bbox 502 2067 767 2112; x_wconf 89' lang='lat' dir='ltr'><strong>rectorem</strong></span> <span class='ocrx_word' id='word_1_112' title='bbox 801 2057 978 2127; x_wconf 83' lang='lat' dir='ltr'><strong>potius</strong></span> <span class='ocrx_word' id='word_1_113' title='bbox 1028 2072 1188 2125; x_wconf 91' lang='lat' dir='ltr'><strong>quam</strong></span> <span class='ocrx_word' id='word_1_114' title='bbox 1232 2072 1560 2111; x_wconf 89' lang='lat' dir='ltr'><strong>assessorem</strong></span> <span class='ocrx_word' id='word_1_115' title='bbox 1612 2056 1855 2124; x_wconf 79' lang='lat' dir='ltr'><strong>praesidis</strong></span> <span class='ocrx_word' id='word_1_116' title='bbox 1885 2053 2065 2109; x_wconf 90' lang='lat' dir='ltr'><strong>fuisse.</strong></span> 
     </span>
    </p>
   </div>
   <div class='ocr_carea' id='block_1_19' title="bbox 501 2145 2069 2219">
    <p class='ocr_par' dir='ltr' id='par_1_19' title="bbox 501 2145 2069 2219">
     <span class='ocr_line' id='line_1_19' title="bbox 501 2145 2069 2219; baseline -0.002 -16"><span class='ocrx_word' id='word_1_117' title='bbox 501 2148 636 2203; x_wconf 81' lang='lat' dir='ltr'><strong>Nam</strong></span> <span class='ocrx_word' id='word_1_118' title='bbox 668 2162 999 2201; x_wconf 76' lang='lat' dir='ltr'><strong>assessorum</strong></span> <span class='ocrx_word' id='word_1_119' title='bbox 1029 2163 1219 2219; x_wconf 89' lang='lat' dir='ltr'><strong>magna</strong></span> <span class='ocrx_word' id='word_1_120' title='bbox 1252 2159 1372 2202; x_wconf 89' lang='lat' dir='ltr'><strong>erat</strong></span> <span class='ocrx_word' id='word_1_121' title='bbox 1411 2149 1726 2203; x_wconf 86' lang='lat' dir='ltr'><strong>auctoritas.</strong></span> <span class='ocrx_word' id='word_1_122' title='bbox 1771 2146 1908 2199; x_wconf 84' lang='lat' dir='ltr'><strong>llinc</strong></span> <span class='ocrx_word' id='word_1_123' title='bbox 1934 2145 2069 2200; x_wconf 88' lang='lat' dir='ltr'><strong>Gre-</strong></span> 
     </span>
    </p>
   </div>
   <div class='ocr_carea' id='block_1_20' title="bbox 502 2239 2071 2311">
    <p class='ocr_par' dir='ltr' id='par_1_20' title="bbox 502 2239 2071 2311">
     <span class='ocr_line' id='line_1_20' title="bbox 502 2239 2071 2311; baseline -0.003 -16"><span class='ocrx_word' id='word_1_124' title='bbox 502 2242 685 2311; x_wconf 88' lang='lat' dir='ltr'><strong>gorius</strong></span> <span class='ocrx_word' id='word_1_125' title='bbox 731 2240 1101 2296; x_wconf 80' lang='lat' dir='ltr'><strong>Nazianzenus</strong></span> <span class='ocrx_word' id='word_1_126' title='bbox 1147 2256 1476 2295; x_wconf 80' lang='lat' dir='ltr'><strong>assessorem</strong></span> <span class='ocrx_word' id='word_1_127' title='bbox 1508 2247 1662 2294; x_wconf 85' lang='lat' dir='ltr'><strong>vocat</strong></span> <span class='ocrx_word' id='word_1_128' title='bbox 1685 2239 1855 2309; x_wconf 78' lang='grc' dir='ltr'>ἀρχῆς</span> <span class='ocrx_word' id='word_1_129' title='bbox 1885 2255 2071 2291; x_wconf 84' lang='grc' dir='ltr'><strong>κοινω-</strong></span> 
     </span>
    </p>
   </div>
   <div class='ocr_carea' id='block_1_21' title="bbox 502 2330 2071 2402">
    <p class='ocr_par' dir='ltr' id='par_1_21' title="bbox 502 2330 2071 2402">
     <span class='ocr_line' id='line_1_21' title="bbox 502 2330 2071 2402; baseline 0 -17"><span class='ocrx_word' id='word_1_130' title='bbox 502 2332 593 2385; x_wconf 80' lang='grc' dir='ltr'><strong>νόν</strong></span> <span class='ocrx_word' id='word_1_131' title='bbox 617 2333 668 2385; x_wconf 94' lang='lat' dir='ltr'><strong>in</strong></span> <span class='ocrx_word' id='word_1_132' title='bbox 706 2331 925 2399; x_wconf 85' lang='lat' dir='ltr'><strong>epistola</strong></span> <span class='ocrx_word' id='word_1_133' title='bbox 954 2332 1045 2395; x_wconf 74' lang='grc'><strong>48,</strong></span> <span class='ocrx_word' id='word_1_134' title='bbox 1078 2332 1413 2402; x_wconf 77' lang='grc' dir='ltr'><strong>συνάρχοντα</strong></span> <span class='ocrx_word' id='word_1_135' title='bbox 1439 2332 1489 2386; x_wconf 92' lang='lat' dir='ltr'><strong>in</strong></span> <span class='ocrx_word' id='word_1_136' title='bbox 1522 2332 1680 2401; x_wconf 90' lang='lat' dir='ltr'><strong>epist.</strong></span> <span class='ocrx_word' id='word_1_137' title='bbox 1712 2330 1815 2385; x_wconf 69' lang='lat'><strong>126</strong></span> <span class='ocrx_word' id='word_1_138' title='bbox 1842 2345 2071 2399; x_wconf 90' lang='lat' dir='ltr'><strong>eumque</strong></span> 
     </span>
    </p>
   </div>
   <div class='ocr_carea' id='block_1_22' title="bbox 502 2421 2075 2492">
    <p class='ocr_par' dir='ltr' id='par_1_22' title="bbox 502 2421 2075 2492">
     <span class='ocr_line' id='line_1_22' title="bbox 502 2421 2075 2492; baseline -0.001 -15"><span class='ocrx_word' id='word_1_139' title='bbox 502 2440 625 2478; x_wconf 88' lang='lat' dir='ltr'><strong>cum</strong></span> <span class='ocrx_word' id='word_1_140' title='bbox 654 2424 880 2492; x_wconf 67' lang='lat' dir='ltr'><strong>praeside</strong></span> <span class='ocrx_word' id='word_1_141' title='bbox 905 2421 1181 2491; x_wconf 92' lang='lat' dir='ltr'><strong>coniungit</strong></span> <span class='ocrx_word' id='word_1_142' title='bbox 1216 2432 1270 2475; x_wconf 94' lang='lat' dir='ltr'><strong>ut</strong></span> <span class='ocrx_word' id='word_1_143' title='bbox 1295 2422 1502 2477; x_wconf 84' lang='lat' dir='ltr'><strong>Julaum</strong></span> <span class='ocrx_word' id='word_1_144' title='bbox 1538 2437 1659 2477; x_wconf 91' lang='lat' dir='ltr'><strong>cum</strong></span> <span class='ocrx_word' id='word_1_145' title='bbox 1690 2422 1929 2483; x_wconf 88' lang='lat' dir='ltr'><strong>Hercule,</strong></span> <span class='ocrx_word' id='word_1_146' title='bbox 1950 2422 2075 2476; x_wconf 86' lang='lat' dir='ltr'><strong>Pro-</strong></span> 
     </span>
    </p>
   </div>
   <div class='ocr_carea' id='block_1_23' title="bbox 506 2512 2072 2583">
    <p class='ocr_par' dir='ltr' id='par_1_23' title="bbox 506 2512 2072 2583">
     <span class='ocr_line' id='line_1_23' title="bbox 506 2512 2072 2583; baseline -0.001 -16"><span class='ocrx_word' id='word_1_147' title='bbox 506 2523 677 2569; x_wconf 87' lang='lat' dir='ltr'><strong>retam</strong></span> <span class='ocrx_word' id='word_1_148' title='bbox 702 2529 821 2566; x_wconf 89' lang='lat' dir='ltr'><strong>cum</strong></span> <span class='ocrx_word' id='word_1_149' title='bbox 864 2513 1245 2581; x_wconf 76' lang='lat' dir='ltr'><strong>gubernatore,</strong></span> <span class='ocrx_word' id='word_1_150' title='bbox 1280 2514 1435 2583; x_wconf 88' lang='lat' dir='ltr'><strong>epist.</strong></span> <span class='ocrx_word' id='word_1_151' title='bbox 1471 2512 1591 2566; x_wconf 72' lang='lat'><strong>127.</strong></span> <span class='ocrx_word' id='word_1_152' title='bbox 1628 2514 1765 2579; x_wconf 86' lang='lat' dir='ltr'><strong>Quin</strong></span> <span class='ocrx_word' id='word_1_153' title='bbox 1792 2513 1953 2566; x_wconf 81' lang='lat' dir='ltr'><strong>etiam</strong></span> <span class='ocrx_word' id='word_1_154' title='bbox 1986 2526 2072 2566; x_wconf 88' lang='lat' dir='ltr'><strong>as-</strong></span> 
     </span>
    </p>
   </div>
   <div class='ocr_carea' id='block_1_24' title="bbox 504 2602 2076 2674">
    <p class='ocr_par' dir='ltr' id='par_1_24' title="bbox 504 2602 2076 2674">
     <span class='ocr_line' id='line_1_24' title="bbox 504 2602 2076 2674; baseline -0.003 -15"><span class='ocrx_word' id='word_1_155' title='bbox 504 2620 770 2659; x_wconf 81' lang='lat' dir='ltr'><strong>sessorem</strong></span> <span class='ocrx_word' id='word_1_156' title='bbox 818 2604 1082 2674; x_wconf 82' lang='lat' dir='ltr'><strong>Elpidium</strong></span> <span class='ocrx_word' id='word_1_157' title='bbox 1116 2606 1298 2667; x_wconf 89' lang='lat' dir='ltr'><strong>fuisse,</strong></span> <span class='ocrx_word' id='word_1_158' title='bbox 1341 2620 1445 2656; x_wconf 93' lang='lat' dir='ltr'><strong>non</strong></span> <span class='ocrx_word' id='word_1_159' title='bbox 1477 2603 1756 2672; x_wconf 64' lang='lat' dir='ltr'><strong>praasidem</strong></span> <span class='ocrx_word' id='word_1_160' title='bbox 1792 2602 2076 2656; x_wconf 91' lang='lat' dir='ltr'><strong>conﬁrmat</strong></span> 
     </span>
    </p>
   </div>
   <div class='ocr_carea' id='block_1_25' title="bbox 505 2693 2073 2763">
    <p class='ocr_par' dir='ltr' id='par_1_25' title="bbox 505 2693 2073 2763">
     <span class='ocr_line' id='line_1_25' title="bbox 505 2693 2073 2763; baseline -0.007 -8"><span class='ocrx_word' id='word_1_161' title='bbox 505 2700 753 2762; x_wconf 87' lang='lat' dir='ltr'><strong>Basilius,</strong></span> <span class='ocrx_word' id='word_1_162' title='bbox 786 2700 909 2752; x_wconf 90' lang='lat' dir='ltr'><strong>dum</strong></span> <span class='ocrx_word' id='word_1_163' title='bbox 942 2698 1018 2752; x_wconf 83' lang='lat' dir='ltr'><strong>ait</strong></span> <span class='ocrx_word' id='word_1_164' title='bbox 1056 2706 1219 2751; x_wconf 88' lang='lat' dir='ltr'><strong>totam</strong></span> <span class='ocrx_word' id='word_1_165' title='bbox 1244 2708 1380 2763; x_wconf 91' lang='lat' dir='ltr'><strong>pene</strong></span> <span class='ocrx_word' id='word_1_166' title='bbox 1410 2711 1586 2748; x_wconf 89' lang='lat' dir='ltr'><strong>rerum</strong></span> <span class='ocrx_word' id='word_1_167' title='bbox 1618 2693 1947 2761; x_wconf 89' lang='lat' dir='ltr'><strong>publicarum</strong></span> <span class='ocrx_word' id='word_1_168' title='bbox 1977 2707 2073 2746; x_wconf 87' lang='lat' dir='ltr'><strong>cu-</strong></span> 
     </span>
    </p>
   </div>
   <div class='ocr_carea' id='block_1_26' title="bbox 507 2784 2073 2860">
    <p class='ocr_par' dir='ltr' id='par_1_26' title="bbox 507 2784 2073 2860">
     <span class='ocr_line' id='line_1_26' title="bbox 507 2784 2073 2860; baseline -0.006 -15"><span class='ocrx_word' id='word_1_169' title='bbox 507 2808 624 2845; x_wconf 88' lang='lat' dir='ltr'><strong>ram</strong></span> <span class='ocrx_word' id='word_1_170' title='bbox 647 2805 712 2846; x_wconf 77' lang='lat' dir='ltr'><strong>ex</strong></span> <span class='ocrx_word' id='word_1_171' title='bbox 736 2806 802 2845; x_wconf 91' lang='lat' dir='ltr'><strong>eo</strong></span> <span class='ocrx_word' id='word_1_172' title='bbox 822 2791 1075 2860; x_wconf 91' lang='lat' dir='ltr'><strong>pendere.</strong></span> <span class='ocrx_word' id='word_1_173' title='bbox 1118 2788 1171 2842; x_wconf 93' lang='lat' dir='ltr'><strong>Id</strong></span> <span class='ocrx_word' id='word_1_174' title='bbox 1196 2787 1337 2842; x_wconf 92' lang='lat' dir='ltr'><strong>enim</strong></span> <span class='ocrx_word' id='word_1_175' title='bbox 1384 2786 1451 2840; x_wconf 92' lang='lat' dir='ltr'><strong>de</strong></span> <span class='ocrx_word' id='word_1_176' title='bbox 1480 2800 1755 2840; x_wconf 84' lang='lat' dir='ltr'><strong>assessore</strong></span> <span class='ocrx_word' id='word_1_177' title='bbox 1800 2784 1930 2837; x_wconf 86' lang='lat' dir='ltr'><strong>satis</strong></span> <span class='ocrx_word' id='word_1_178' title='bbox 1955 2792 2073 2851; x_wconf 88' lang='lat' dir='ltr'><strong>apte</strong></span> 
     </span>
    </p>
   </div>
   <div class='ocr_carea' id='block_1_27' title="bbox 511 2874 2075 2950">
    <p class='ocr_par' dir='ltr' id='par_1_27' title="bbox 511 2874 2075 2950">
     <span class='ocr_line' id='line_1_27' title="bbox 511 2874 2075 2950; baseline -0.006 -12"><span class='ocrx_word' id='word_1_179' title='bbox 511 2884 729 2947; x_wconf 89' lang='lat' dir='ltr'><strong>dicitur,</strong></span> <span class='ocrx_word' id='word_1_180' title='bbox 759 2898 879 2936; x_wconf 92' lang='lat' dir='ltr'><strong>cum</strong></span> <span class='ocrx_word' id='word_1_181' title='bbox 916 2897 1011 2950; x_wconf 91' lang='lat' dir='ltr'><strong>pro</strong></span> <span class='ocrx_word' id='word_1_182' title='bbox 1041 2896 1136 2935; x_wconf 89' lang='lat' dir='ltr'><strong>sua</strong></span> <span class='ocrx_word' id='word_1_183' title='bbox 1161 2878 1491 2948; x_wconf 79' lang='lat' dir='ltr'><strong>experientia</strong></span> <span class='ocrx_word' id='word_1_184' title='bbox 1525 2890 1588 2932; x_wconf 90' lang='lat' dir='ltr'><strong>ac</strong></span> <span class='ocrx_word' id='word_1_185' title='bbox 1612 2875 1881 2945; x_wconf 73' lang='lat' dir='ltr'><strong>diligentia</strong></span> <span class='ocrx_word' id='word_1_186' title='bbox 1917 2874 2075 2944; x_wconf 89' lang='lat' dir='ltr'><strong>pluri-</strong></span> 
     </span>
    </p>
   </div>
   <div class='ocr_carea' id='block_1_28' title="bbox 506 2968 2069 3039">
    <p class='ocr_par' dir='ltr' id='par_1_28' title="bbox 506 2968 2069 3039">
     <span class='ocr_line' id='line_1_28' title="bbox 506 2968 2069 3039; baseline -0.004 -10"><span class='ocrx_word' id='word_1_187' title='bbox 506 2990 625 3029; x_wconf 87' lang='lat' dir='ltr'><strong>mas</strong></span> <span class='ocrx_word' id='word_1_188' title='bbox 653 2970 1138 3028; x_wconf 89' lang='lat' dir='ltr'><strong>administrationis</strong></span> <span class='ocrx_word' id='word_1_189' title='bbox 1160 2980 1340 3039; x_wconf 89' lang='lat' dir='ltr'><strong>partes</strong></span> <span class='ocrx_word' id='word_1_190' title='bbox 1368 2970 1628 3024; x_wconf 89' lang='lat' dir='ltr'><strong>sustinet:</strong></span> <span class='ocrx_word' id='word_1_191' title='bbox 1651 2978 1706 3021; x_wconf 86' lang='lat' dir='ltr'><strong>at</strong></span> <span class='ocrx_word' id='word_1_192' title='bbox 1727 2971 1792 3021; x_wconf 90' lang='lat' dir='ltr'><strong>de</strong></span> <span class='ocrx_word' id='word_1_193' title='bbox 1817 2968 2069 3037; x_wconf 81' lang='lat' dir='ltr'><strong>_pr:eside,</strong></span> 
     </span>
    </p>
   </div>
   <div class='ocr_carea' id='block_1_29' title="bbox 507 3058 2071 3136">
    <p class='ocr_par' dir='ltr' id='par_1_29' title="bbox 507 3058 2071 3136">
     <span class='ocr_line' id='line_1_29' title="bbox 507 3058 2071 3136; baseline -0.006 -16"><span class='ocrx_word' id='word_1_194' title='bbox 507 3066 573 3120; x_wconf 90' lang='lat' dir='ltr'><strong>ad</strong></span> <span class='ocrx_word' id='word_1_195' title='bbox 604 3080 762 3136; x_wconf 90' lang='lat' dir='ltr'><strong>quem</strong></span> <span class='ocrx_word' id='word_1_196' title='bbox 792 3078 997 3117; x_wconf 90' lang='lat' dir='ltr'><strong>summa</strong></span> <span class='ocrx_word' id='word_1_197' title='bbox 1042 3062 1179 3116; x_wconf 92' lang='lat' dir='ltr'><strong>redit</strong></span> <span class='ocrx_word' id='word_1_198' title='bbox 1221 3060 1385 3114; x_wconf 89' lang='lat' dir='ltr'><strong>totius</strong></span> <span class='ocrx_word' id='word_1_199' title='bbox 1418 3059 1658 3128; x_wconf 62' lang='lat' dir='ltr'><strong>regenda</strong></span> <span class='ocrx_word' id='word_1_200' title='bbox 1684 3060 2002 3129; x_wconf 67' lang='lat' dir='ltr'><strong>provinciae,</strong></span> <span class='ocrx_word' id='word_1_201' title='bbox 2023 3058 2071 3111; x_wconf 91' lang='lat' dir='ltr'><strong>id</strong></span> 
     </span>
    </p>
   </div>
   <div class='ocr_carea' id='block_1_30' title="bbox 508 3154 1462 3212">
    <p class='ocr_par' dir='ltr' id='par_1_30' title="bbox 508 3154 1462 3212">
     <span class='ocr_line' id='line_1_30' title="bbox 508 3154 1462 3212; baseline -0.007 0"><span class='ocrx_word' id='word_1_202' title='bbox 508 3172 638 3212; x_wconf 86' lang='lat' dir='ltr'><strong>sane</strong></span> <span class='ocrx_word' id='word_1_203' title='bbox 670 3156 844 3210; x_wconf 88' lang='lat' dir='ltr'><strong>minus</strong></span> <span class='ocrx_word' id='word_1_204' title='bbox 864 3155 1143 3209; x_wconf 91' lang='lat' dir='ltr'><strong>commode</strong></span> <span class='ocrx_word' id='word_1_205' title='bbox 1174 3154 1462 3207; x_wconf 90' lang='lat' dir='ltr'><strong>diceretur.</strong></span> 
     </span>
    </p>
   </div>
   <div class='ocr_carea' id='block_1_31' title="bbox 580 3242 2071 3314">
    <p class='ocr_par' dir='ltr' id='par_1_31' title="bbox 580 3242 2071 3314">
     <span class='ocr_line' id='line_1_31' title="bbox 580 3242 2071 3314; baseline -0.005 -11"><span class='ocrx_word' id='word_1_206' title='bbox 580 3247 665 3303; x_wconf 77' lang='lat' dir='ltr'><strong>Vl.</strong></span> <span class='ocrx_word' id='word_1_207' title='bbox 692 3246 882 3303; x_wconf 79' lang='lat' dir='ltr'><strong>Utrum</strong></span> <span class='ocrx_word' id='word_1_208' title='bbox 923 3244 1151 3300; x_wconf 87' lang='lat' dir='ltr'><strong>Basilius</strong></span> <span class='ocrx_word' id='word_1_209' title='bbox 1180 3247 1249 3300; x_wconf 90' lang='lat' dir='ltr'><strong>ab</strong></span> <span class='ocrx_word' id='word_1_210' title='bbox 1289 3244 1497 3314; x_wconf 85' lang='lat' dir='ltr'><strong>Elpidio</strong></span> <span class='ocrx_word' id='word_1_211' title='bbox 1519 3243 1903 3312; x_wconf 84' lang='lat' dir='ltr'><strong>impetraverit,</strong></span> <span class='ocrx_word' id='word_1_212' title='bbox 1936 3252 1989 3294; x_wconf 91' lang='lat' dir='ltr'><strong>ut</strong></span> <span class='ocrx_word' id='word_1_213' title='bbox 2020 3242 2071 3296; x_wconf 93' lang='lat' dir='ltr'><strong>in</strong></span> 
     </span>
    </p>
   </div>
   <div class='ocr_carea' id='block_1_32' title="bbox 506 3332 2073 3404">
    <p class='ocr_par' dir='ltr' id='par_1_32' title="bbox 506 3332 2073 3404">
     <span class='ocr_line' id='line_1_32' title="bbox 506 3332 2073 3404; baseline -0.003 -14"><span class='ocrx_word' id='word_1_214' title='bbox 506 3336 840 3404; x_wconf 80' lang='lat' dir='ltr'><strong>Cappadocia</strong></span> <span class='ocrx_word' id='word_1_215' title='bbox 870 3344 1199 3400; x_wconf 87' lang='lat' dir='ltr'><strong>remaneret,</strong></span> <span class='ocrx_word' id='word_1_216' title='bbox 1244 3345 1335 3387; x_wconf 89' lang='lat' dir='ltr'><strong>ant</strong></span> <span class='ocrx_word' id='word_1_217' title='bbox 1359 3348 1390 3387; x_wconf 87' lang='lat' dir='ltr'><strong>a</strong></span> <span class='ocrx_word' id='word_1_218' title='bbox 1420 3333 1692 3402; x_wconf 60' lang='lat' dir='ltr'><strong>praefecto,</strong></span> <span class='ocrx_word' id='word_1_219' title='bbox 1728 3341 1785 3386; x_wconf 92' lang='lat' dir='ltr'><strong>ut</strong></span> <span class='ocrx_word' id='word_1_220' title='bbox 1811 3332 2073 3401; x_wconf 84' lang='lat' dir='ltr'><strong>Elpidium</strong></span> 
     </span>
    </p>
   </div>
   <div class='ocr_carea' id='block_1_33' title="bbox 503 3425 2077 3499">
    <p class='ocr_par' dir='ltr' id='par_1_33' title="bbox 503 3425 2077 3499">
     <span class='ocr_line' id='line_1_33' title="bbox 503 3425 2077 3499; baseline -0.003 -17"><span class='ocrx_word' id='word_1_221' title='bbox 503 3428 718 3499; x_wconf 81' lang='lat' dir='ltr'><strong>iuberet</strong></span> <span class='ocrx_word' id='word_1_222' title='bbox 743 3440 1021 3482; x_wconf 85' lang='lat' dir='ltr'><strong>remanere</strong></span> <span class='ocrx_word' id='word_1_223' title='bbox 1043 3466 1057 3489; x_wconf 94' lang='lat'><strong>,</strong></span> <span class='ocrx_word' id='word_1_224' title='bbox 1089 3436 1327 3478; x_wconf 87' lang='lat' dir='ltr'><strong>statuere</strong></span> <span class='ocrx_word' id='word_1_225' title='bbox 1360 3440 1461 3476; x_wconf 89' lang='lat' dir='ltr'><strong>non</strong></span> <span class='ocrx_word' id='word_1_226' title='bbox 1494 3440 1793 3491; x_wconf 82' lang='lat' dir='ltr'><strong>possumus.</strong></span> <span class='ocrx_word' id='word_1_227' title='bbox 1814 3425 1943 3478; x_wconf 90' lang='lat' dir='ltr'><strong>Illud</strong></span> <span class='ocrx_word' id='word_1_228' title='bbox 1966 3440 2077 3477; x_wconf 85' lang='lat' dir='ltr'><strong>cer-</strong></span> 
     </span>
    </p>
   </div>
   <div class='ocr_carea' id='block_1_34' title="bbox 512 3514 2073 3589">
    <p class='ocr_par' dir='ltr' id='par_1_34' title="bbox 512 3514 2073 3589">
     <span class='ocr_line' id='line_1_34' title="bbox 512 3514 2073 3589; baseline -0.004 -14"><span class='ocrx_word' id='word_1_229' title='bbox 512 3532 624 3575; x_wconf 91' lang='lat' dir='ltr'><strong>tum</strong></span> <span class='ocrx_word' id='word_1_230' title='bbox 655 3529 710 3575; x_wconf 94' lang='lat' dir='ltr'><strong>et</strong></span> <span class='ocrx_word' id='word_1_231' title='bbox 738 3521 1076 3589; x_wconf 90' lang='lat' dir='ltr'><strong>perspicuum</strong></span> <span class='ocrx_word' id='word_1_232' title='bbox 1110 3526 1209 3577; x_wconf 88' lang='lat' dir='ltr'><strong>est,</strong></span> <span class='ocrx_word' id='word_1_233' title='bbox 1238 3515 1558 3569; x_wconf 84' lang='lat' dir='ltr'><strong>Therasium</strong></span> <span class='ocrx_word' id='word_1_234' title='bbox 1602 3514 1945 3583; x_wconf 71' lang='lat' dir='ltr'><strong>Cappadocia:</strong></span> <span class='ocrx_word' id='word_1_235' title='bbox 1978 3518 2073 3568; x_wconf 84' lang='lat' dir='ltr'><strong>ad-</strong></span> 
     </span>
    </p>
   </div>
   <div class='ocr_carea' id='block_1_35' title="bbox 513 3606 2078 3677">
    <p class='ocr_par' dir='ltr' id='par_1_35' title="bbox 513 3606 2078 3677">
     <span class='ocr_line' id='line_1_35' title="bbox 513 3606 2078 3677; baseline -0.006 -8"><span class='ocrx_word' id='word_1_236' title='bbox 513 3613 964 3669; x_wconf 90' lang='lat' dir='ltr'><strong>ministrationem</strong></span> <span class='ocrx_word' id='word_1_237' title='bbox 994 3618 1085 3663; x_wconf 89' lang='lat' dir='ltr'><strong>aut</strong></span> <span class='ocrx_word' id='word_1_238' title='bbox 1114 3618 1303 3677; x_wconf 88' lang='lat' dir='ltr'><strong>sponte</strong></span> <span class='ocrx_word' id='word_1_239' title='bbox 1325 3606 1606 3674; x_wconf 88' lang='lat' dir='ltr'><strong>abiecisse,</strong></span> <span class='ocrx_word' id='word_1_240' title='bbox 1633 3617 1725 3659; x_wconf 91' lang='lat' dir='ltr'><strong>aut</strong></span> <span class='ocrx_word' id='word_1_241' title='bbox 1764 3607 1899 3659; x_wconf 85' lang='lat' dir='ltr'><strong>hanc</strong></span> <span class='ocrx_word' id='word_1_242' title='bbox 1923 3607 1971 3659; x_wconf 93' lang='lat' dir='ltr'><strong>ei</strong></span> <span class='ocrx_word' id='word_1_243' title='bbox 2001 3606 2078 3659; x_wconf 89' lang='lat' dir='ltr'><strong>di-</strong></span> 
     </span>
    </p>
   </div>
   <div class='ocr_carea' id='block_1_36' title="bbox 513 3698 2076 3773">
    <p class='ocr_par' dir='ltr' id='par_1_36' title="bbox 513 3698 2076 3773">
     <span class='ocr_line' id='line_1_36' title="bbox 513 3698 2076 3773; baseline -0.006 -13"><span class='ocrx_word' id='word_1_244' title='bbox 513 3706 773 3773; x_wconf 78' lang='lat' dir='ltr'><strong>gnitatem</strong></span> <span class='ocrx_word' id='word_1_245' title='bbox 825 3705 1133 3773; x_wconf 79' lang='lat' dir='ltr'><strong>abrogatam</strong></span> <span class='ocrx_word' id='word_1_246' title='bbox 1188 3704 1351 3757; x_wconf 86' lang='lat' dir='ltr'><strong>fuisse</strong></span> <span class='ocrx_word' id='word_1_247' title='bbox 1406 3714 1551 3755; x_wconf 91' lang='lat' dir='ltr'><strong>anno</strong></span> <span class='ocrx_word' id='word_1_248' title='bbox 1585 3698 1681 3753; x_wconf 79' lang='lat' dir='ltr'><strong>57l</strong></span> <span class='ocrx_word' id='word_1_249' title='bbox 1728 3708 1957 3753; x_wconf 79' lang='lat' dir='ltr'><strong>exeunte</strong></span> <span class='ocrx_word' id='word_1_250' title='bbox 1989 3708 2076 3751; x_wconf 91' lang='lat' dir='ltr'><strong>aut</strong></span> 
     </span>
    </p>
   </div>
   <div class='ocr_carea' id='block_1_37' title="bbox 514 3788 2081 3864">
    <p class='ocr_par' dir='ltr' id='par_1_37' title="bbox 514 3788 2081 3864">
     <span class='ocr_line' id='line_1_37' title="bbox 514 3788 2081 3864; baseline -0.008 -12"><span class='ocrx_word' id='word_1_251' title='bbox 514 3799 730 3852; x_wconf 88' lang='lat' dir='ltr'><strong>ineunte</strong></span> <span class='ocrx_word' id='word_1_252' title='bbox 754 3797 877 3851; x_wconf 66' lang='grc' dir='ltr'><strong>δη.</strong></span> <span class='ocrx_word' id='word_1_253' title='bbox 902 3794 1035 3849; x_wconf 88' lang='lat' dir='ltr'><strong>Nam</strong></span> <span class='ocrx_word' id='word_1_254' title='bbox 1074 3795 1299 3864; x_wconf 92' lang='lat' dir='ltr'><strong>epistola</strong></span> <span class='ocrx_word' id='word_1_255' title='bbox 1344 3794 1434 3857; x_wconf 65' lang='lat'><strong>94,</strong></span> <span class='ocrx_word' id='word_1_256' title='bbox 1468 3806 1608 3846; x_wconf 88' lang='lat' dir='ltr'><strong>anno</strong></span> <span class='ocrx_word' id='word_1_257' title='bbox 1637 3790 1742 3846; x_wconf 72' lang='lat'><strong>572</strong></span> <span class='ocrx_word' id='word_1_258' title='bbox 1772 3805 1876 3843; x_wconf 92' lang='lat' dir='ltr'><strong>non</strong></span> <span class='ocrx_word' id='word_1_259' title='bbox 1916 3788 2081 3841; x_wconf 91' lang='lat' dir='ltr'><strong>multo</strong></span> 
     </span>
    </p>
   </div>
   <div class='ocr_carea' id='block_1_38' title="bbox 515 3880 2081 3957">
    <p class='ocr_par' dir='ltr' id='par_1_38' title="bbox 515 3880 2081 3957">
     <span class='ocr_line' id='line_1_38' title="bbox 515 3880 2081 3957; baseline -0.006 -14"><span class='ocrx_word' id='word_1_260' title='bbox 515 3898 631 3957; x_wconf 86' lang='lat' dir='ltr'><strong>post</strong></span> <span class='ocrx_word' id='word_1_261' title='bbox 664 3886 902 3942; x_wconf 84' lang='lat' dir='ltr'><strong>Valentis</strong></span> <span class='ocrx_word' id='word_1_262' title='bbox 924 3901 954 3941; x_wconf 93' lang='lat' dir='ltr'><strong>e</strong></span> <span class='ocrx_word' id='word_1_263' title='bbox 979 3885 1316 3955; x_wconf 82' lang='lat' dir='ltr'><strong>Cappadocia</strong></span> <span class='ocrx_word' id='word_1_264' title='bbox 1349 3885 1646 3938; x_wconf 89' lang='lat' dir='ltr'><strong>discessum</strong></span> <span class='ocrx_word' id='word_1_265' title='bbox 1671 3884 1870 3951; x_wconf 88' lang='lat' dir='ltr'><strong>scripta</strong></span> <span class='ocrx_word' id='word_1_266' title='bbox 1903 3889 1985 3935; x_wconf 92' lang='lat' dir='ltr'><strong>est</strong></span> <span class='ocrx_word' id='word_1_267' title='bbox 2015 3880 2081 3933; x_wconf 92' lang='lat' dir='ltr'><strong>ad</strong></span> 
     </span>
    </p>
   </div>
   <div class='ocr_carea' id='block_1_39' title="bbox 515 3972 2081 4046">
    <p class='ocr_par' dir='ltr' id='par_1_39' title="bbox 515 3972 2081 4046">
     <span class='ocr_line' id='line_1_39' title="bbox 515 3972 2081 4046; baseline -0.005 -15"><span class='ocrx_word' id='word_1_268' title='bbox 515 3979 685 4033; x_wconf 80' lang='lat' dir='ltr'><strong>Eliam</strong></span> <span class='ocrx_word' id='word_1_269' title='bbox 723 3977 1074 4046; x_wconf 76' lang='lat' dir='ltr'><strong>Cappadocia:</strong></span> <span class='ocrx_word' id='word_1_270' title='bbox 1114 3985 1399 4040; x_wconf 86' lang='lat' dir='ltr'><strong>rectorem,</strong></span> <span class='ocrx_word' id='word_1_271' title='bbox 1435 3976 1527 4042; x_wconf 88' lang='lat' dir='ltr'><strong>qui</strong></span> <span class='ocrx_word' id='word_1_272' title='bbox 1562 3974 1627 4027; x_wconf 90' lang='lat' dir='ltr'><strong>ad</strong></span> <span class='ocrx_word' id='word_1_273' title='bbox 1660 3974 1920 4043; x_wconf 88' lang='lat' dir='ltr'><strong>regendos</strong></span> <span class='ocrx_word' id='word_1_274' title='bbox 1944 3972 2081 4040; x_wconf 87' lang='lat' dir='ltr'><strong>Cap-</strong></span> 
     </span>
    </p>
   </div>
   <div class='ocr_carea' id='block_1_40' title="bbox 515 4064 2078 4143">
    <p class='ocr_par' dir='ltr' id='par_1_40' title="bbox 515 4064 2078 4143">
     <span class='ocr_line' id='line_1_40' title="bbox 515 4064 2078 4143; baseline -0.005 -18"><span class='ocrx_word' id='word_1_275' title='bbox 515 4072 768 4143; x_wconf 77' lang='lat' dir='ltr'><strong>padoces,</strong></span> <span class='ocrx_word' id='word_1_276' title='bbox 829 4068 955 4123; x_wconf 87' lang='lat' dir='ltr'><strong>licet</strong></span> <span class='ocrx_word' id='word_1_277' title='bbox 1004 4068 1234 4130; x_wconf 89' lang='lat' dir='ltr'><strong>invitus,</strong></span> <span class='ocrx_word' id='word_1_278' title='bbox 1267 4066 1530 4119; x_wconf 86' lang='lat' dir='ltr'><strong>adductus</strong></span> <span class='ocrx_word' id='word_1_279' title='bbox 1586 4064 1783 4129; x_wconf 83' lang='lat' dir='ltr'><strong>fuerat,</strong></span> <span class='ocrx_word' id='word_1_280' title='bbox 1815 4073 1871 4117; x_wconf 91' lang='lat' dir='ltr'><strong>ut</strong></span> <span class='ocrx_word' id='word_1_281' title='bbox 1915 4079 2078 4134; x_wconf 87' lang='lat' dir='ltr'><strong>opera</strong></span> 
     </span>
    </p>
   </div>
   <div class='ocr_carea' id='block_1_41' title="bbox 517 4158 2083 4231">
    <p class='ocr_par' dir='ltr' id='par_1_41' title="bbox 517 4158 2083 4231">
     <span class='ocr_line' id='line_1_41' title="bbox 517 4158 2083 4231; baseline -0.005 -14"><span class='ocrx_word' id='word_1_282' title='bbox 517 4163 750 4231; x_wconf 90' lang='lat' dir='ltr'><strong>collapsa</strong></span> <span class='ocrx_word' id='word_1_283' title='bbox 781 4163 1131 4221; x_wconf 88' lang='lat' dir='ltr'><strong>instauraret,</strong></span> <span class='ocrx_word' id='word_1_284' title='bbox 1159 4160 1271 4214; x_wconf 89' lang='lat' dir='ltr'><strong>loca</strong></span> <span class='ocrx_word' id='word_1_285' title='bbox 1299 4176 1404 4214; x_wconf 93' lang='lat' dir='ltr'><strong>non</strong></span> <span class='ocrx_word' id='word_1_286' title='bbox 1442 4159 1680 4214; x_wconf 81' lang='lat' dir='ltr'><strong>habitata</strong></span> <span class='ocrx_word' id='word_1_287' title='bbox 1720 4158 1902 4211; x_wconf 91' lang='lat' dir='ltr'><strong>incolis</strong></span> <span class='ocrx_word' id='word_1_288' title='bbox 1936 4172 2083 4211; x_wconf 84' lang='lat' dir='ltr'><strong>com-</strong></span> 
     </span>
    </p>
   </div>
   <div class='ocr_carea' id='block_1_42' title="bbox 520 4246 2080 4321">
    <p class='ocr_par' dir='ltr' id='par_1_42' title="bbox 520 4246 2080 4321">
     <span class='ocr_line' id='line_1_42' title="bbox 520 4246 2080 4321; baseline -0.003 -16"><span class='ocrx_word' id='word_1_289' title='bbox 520 4254 711 4321; x_wconf 89' lang='lat' dir='ltr'><strong>pleret.</strong></span> <span class='ocrx_word' id='word_1_290' title='bbox 748 4268 853 4306; x_wconf 93' lang='lat' dir='ltr'><strong>uno</strong></span> <span class='ocrx_word' id='word_1_291' title='bbox 897 4254 1059 4307; x_wconf 88' lang='lat' dir='ltr'><strong>verbo</strong></span> <span class='ocrx_word' id='word_1_292' title='bbox 1083 4252 1397 4307; x_wconf 88' lang='lat' dir='ltr'><strong>solitudines</strong></span> <span class='ocrx_word' id='word_1_293' title='bbox 1438 4252 1488 4305; x_wconf 90' lang='lat' dir='ltr'><strong>in</strong></span> <span class='ocrx_word' id='word_1_294' title='bbox 1531 4251 1692 4303; x_wconf 90' lang='lat' dir='ltr'><strong>urbes</strong></span> <span class='ocrx_word' id='word_1_295' title='bbox 1729 4246 2080 4302; x_wconf 88' lang='lat' dir='ltr'><strong>transforma-</strong></span> 
     </span>
    </p>
   </div>
   <div class='ocr_carea' id='block_1_43' title="bbox 520 4340 2080 4412">
    <p class='ocr_par' dir='ltr' id='par_1_43' title="bbox 520 4340 2080 4412">
     <span class='ocr_line' id='line_1_43' title="bbox 520 4340 2080 4412; baseline -0.003 -12"><span class='ocrx_word' id='word_1_296' title='bbox 520 4354 622 4400; x_wconf 88' lang='lat' dir='ltr'><strong>ret.</strong></span> <span class='ocrx_word' id='word_1_297' title='bbox 654 4343 768 4398; x_wconf 84' lang='lat' dir='ltr'><strong>Non</strong></span> <span class='ocrx_word' id='word_1_298' title='bbox 797 4344 907 4412; x_wconf 88' lang='lat' dir='ltr'><strong>iam</strong></span> <span class='ocrx_word' id='word_1_299' title='bbox 930 4360 1059 4412; x_wconf 84' lang='lat' dir='ltr'><strong>ergo</strong></span> <span class='ocrx_word' id='word_1_300' title='bbox 1090 4343 1485 4412; x_wconf 88' lang='lat' dir='ltr'><strong>Cappadociam</strong></span> <span class='ocrx_word' id='word_1_301' title='bbox 1520 4344 1738 4412; x_wconf 87' lang='lat' dir='ltr'><strong>regebat</strong></span> <span class='ocrx_word' id='word_1_302' title='bbox 1771 4340 2080 4407; x_wconf 82' lang='lat' dir='ltr'><strong>Therasius,</strong></span> 
     </span>
    </p>
   </div>
   <div class='ocr_carea' id='block_1_44' title="bbox 521 4432 2079 4505">
    <p class='ocr_par' dir='ltr' id='par_1_44' title="bbox 521 4432 2079 4505">
     <span class='ocr_line' id='line_1_44' title="bbox 521 4432 2079 4505; baseline -0.004 -15"><span class='ocrx_word' id='word_1_303' title='bbox 521 4437 616 4491; x_wconf 88' lang='lat' dir='ltr'><strong>sed</strong></span> <span class='ocrx_word' id='word_1_304' title='bbox 642 4436 930 4490; x_wconf 87' lang='lat' dir='ltr'><strong>commissa</strong></span> <span class='ocrx_word' id='word_1_305' title='bbox 963 4434 1139 4490; x_wconf 81' lang='lat' dir='ltr'><strong>fuerat</strong></span> <span class='ocrx_word' id='word_1_306' title='bbox 1170 4437 1319 4498; x_wconf 63' lang='lat' dir='ltr'><strong>Elite,</strong></span> <span class='ocrx_word' id='word_1_307' title='bbox 1352 4434 1441 4505; x_wconf 92' lang='lat' dir='ltr'><strong>qui</strong></span> <span class='ocrx_word' id='word_1_308' title='bbox 1475 4448 1593 4488; x_wconf 91' lang='lat' dir='ltr'><strong>eam</strong></span> <span class='ocrx_word' id='word_1_309' title='bbox 1637 4433 2000 4487; x_wconf 77' lang='lat' dir='ltr'><strong>tristissimum</strong></span> <span class='ocrx_word' id='word_1_310' title='bbox 2028 4432 2079 4485; x_wconf 92' lang='lat' dir='ltr'><strong>in</strong></span> 
     </span>
    </p>
   </div>
   <div class='ocr_carea' id='block_1_45' title="bbox 1778 380 2309 436">
    <p class='ocr_par' dir='ltr' id='par_1_45' title="bbox 1778 380 2309 436">
     <span class='ocr_line' id='line_1_45' title="bbox 1778 380 2309 436; baseline 0.002 -2"><span class='ocrx_word' id='word_1_311' title='bbox 1778 380 2309 436; x_wconf 72' lang='lat' dir='ltr'><strong>PROLECOMENA.</strong></span> 
     </span>
    </p>
   </div>
   <div class='ocr_carea' id='block_1_46' title="bbox 495 498 2130 572">
    <p class='ocr_par' dir='ltr' id='par_1_46' title="bbox 495 498 2130 572">
     <span class='ocr_line' id='line_1_46' title="bbox 495 498 2130 572; baseline -0.002 -17"><span class='ocrx_word' id='word_1_312' title='bbox 495 501 734 572; x_wconf 75' lang='lat' dir='ltr'><strong>Tllyanis</strong></span> <span class='ocrx_word' id='word_1_313' title='bbox 764 500 1061 557; x_wconf 88' lang='lat' dir='ltr'><strong>constituit.</strong></span> <span class='ocrx_word' id='word_1_314' title='bbox 1098 499 1218 555; x_wconf 70' lang='lat' dir='ltr'><strong>Haec</strong></span> <span class='ocrx_word' id='word_1_315' title='bbox 1260 508 1441 554; x_wconf 85' lang='lat' dir='ltr'><strong>autem</strong></span> <span class='ocrx_word' id='word_1_316' title='bbox 1485 498 1711 553; x_wconf 90' lang='lat' dir='ltr'><strong>miriﬁce</strong></span> <span class='ocrx_word' id='word_1_317' title='bbox 1738 500 2061 554; x_wconf 88' lang='lat' dir='ltr'><strong>conveniunt</strong></span> <span class='ocrx_word' id='word_1_318' title='bbox 2088 508 2130 560; x_wconf 71' lang='grc' dir='ltr'>Α</span> 
     </span>
    </p>
   </div>
   <div class='ocr_carea' id='block_1_47' title="bbox 2756 497 3131 557">
    <p class='ocr_par' dir='ltr' id='par_1_47' title="bbox 2756 497 3131 557">
     <span class='ocr_line' id='line_1_47' title="bbox 2756 497 3131 557; baseline 0 -2"><span class='ocrx_word' id='word_1_319' title='bbox 2756 497 2984 557; x_wconf 67' lang='lat' dir='ltr'><strong>CAPUT</strong></span> <span class='ocrx_word' id='word_1_320' title='bbox 3014 500 3131 556; x_wconf 77' lang='lat' dir='ltr'><strong>XX.</strong></span> 
     </span>
    </p>
   </div>
   <div class='ocr_carea' id='block_1_48' title="bbox 2166 592 3702 665">
    <p class='ocr_par' dir='ltr' id='par_1_48' title="bbox 2166 592 3702 665">
     <span class='ocr_line' id='line_1_48' title="bbox 2166 592 3702 665; baseline -0.001 -19"><span class='ocrx_word' id='word_1_321' title='bbox 2166 592 2205 646; x_wconf 91' lang='grc' dir='ltr'><strong>Ι.</strong></span> <span class='ocrx_word' id='word_1_322' title='bbox 2244 593 2463 646; x_wconf 82' lang='lat' dir='ltr'><strong>Initium</strong></span> <span class='ocrx_word' id='word_1_323' title='bbox 2482 596 2846 660; x_wconf 84' lang='lat' dir='ltr'><strong>persecutionis</strong></span> <span class='ocrx_word' id='word_1_324' title='bbox 2876 598 2939 647; x_wconf 82' lang='lat' dir='ltr'><strong>ab</strong></span> <span class='ocrx_word' id='word_1_325' title='bbox 2963 596 3183 665; x_wconf 77' lang='lat' dir='ltr'><strong>adrequ</strong></span> <span class='ocrx_word' id='word_1_326' title='bbox 3203 593 3537 665; x_wconf 61' lang='lat' dir='ltr'><strong>Arianorum.</strong></span> <span class='ocrx_word' id='word_1_327' title='bbox 3564 592 3702 665; x_wconf 74' lang='lat' dir='ltr'><strong>Euip</strong></span> 
     </span>
    </p>
   </div>
   <div class='ocr_carea' id='block_1_49' title="bbox 2232 663 3716 732">
    <p class='ocr_par' dir='ltr' id='par_1_49' title="bbox 2232 663 3716 732">
     <span class='ocr_line' id='line_1_49' title="bbox 2232 663 3716 732; baseline 0.002 -17"><span class='ocrx_word' id='word_1_328' title='bbox 2232 664 2317 728; x_wconf 88' lang='lat' dir='ltr'><strong>pio</strong></span> <span class='ocrx_word' id='word_1_329' title='bbox 2348 666 2756 717; x_wconf 79' lang='lat' dir='ltr'><strong>communionem</strong></span> <span class='ocrx_word' id='word_1_330' title='bbox 2784 667 2999 732; x_wconf 78' lang='lat' dir='ltr'><strong>denegnt</strong></span> <span class='ocrx_word' id='word_1_331' title='bbox 3028 664 3278 716; x_wconf 76' lang='lat' dir='ltr'><strong>Basilius.</strong></span> <span class='ocrx_word' id='word_1_332' title='bbox 3310 663 3368 716; x_wconf 93' lang='lat' dir='ltr'><strong>Il.</strong></span> <span class='ocrx_word' id='word_1_333' title='bbox 3405 664 3588 717; x_wconf 84' lang='lat' dir='ltr'><strong>Basilii</strong></span> <span class='ocrx_word' id='word_1_334' title='bbox 3616 663 3716 718; x_wconf 82' lang='lat' dir='ltr'><strong>cer-</strong></span> 
     </span>
    </p>
   </div>
   <div class='ocr_carea' id='block_1_50' title="bbox 2232 733 3721 801">
    <p class='ocr_par' dir='ltr' id='par_1_50' title="bbox 2232 733 3721 801">
     <span class='ocr_line' id='line_1_50' title="bbox 2232 733 3721 801; baseline 0.002 -17"><span class='ocrx_word' id='word_1_335' title='bbox 2232 743 2402 786; x_wconf 84' lang='lat' dir='ltr'><strong>tamen</strong></span> <span class='ocrx_word' id='word_1_336' title='bbox 2432 748 2569 801; x_wconf 62' lang='lat' dir='ltr'><strong>cunr</strong></span> <span class='ocrx_word' id='word_1_337' title='bbox 2590 733 2830 801; x_wconf 75' lang='lat' dir='ltr'><strong>prtrfecto</strong></span> <span class='ocrx_word' id='word_1_338' title='bbox 2856 750 2917 786; x_wconf 87' lang='lat' dir='ltr'><strong>ac</strong></span> <span class='ocrx_word' id='word_1_339' title='bbox 2950 735 3140 785; x_wconf 83' lang='lat' dir='ltr'><strong>deinde</strong></span> <span class='ocrx_word' id='word_1_340' title='bbox 3183 750 3297 786; x_wconf 83' lang='lat' dir='ltr'><strong>cum</strong></span> <span class='ocrx_word' id='word_1_341' title='bbox 3332 736 3605 801; x_wconf 73' lang='lat' dir='ltr'><strong>prmposito</strong></span> <span class='ocrx_word' id='word_1_342' title='bbox 3635 750 3721 797; x_wconf 78' lang='lat' dir='ltr'><strong>co-</strong></span> 
     </span>
    </p>
   </div>
   <div class='ocr_carea' id='block_1_51' title="bbox 2231 799 3723 868">
    <p class='ocr_par' dir='ltr' id='par_1_51' title="bbox 2231 799 3723 868">
     <span class='ocr_line' id='line_1_51' title="bbox 2231 799 3723 868; baseline 0.005 -18"><span class='ocrx_word' id='word_1_343' title='bbox 2231 819 2471 864; x_wconf 76' lang='lat' dir='ltr'><strong>qnormn.</strong></span> <span class='ocrx_word' id='word_1_344' title='bbox 2508 800 2593 853; x_wconf 91' lang='grc' dir='ltr'><strong>ΙΙΙ.</strong></span> <span class='ocrx_word' id='word_1_345' title='bbox 2626 799 2745 855; x_wconf 76' lang='lat' dir='ltr'><strong>Non</strong></span> <span class='ocrx_word' id='word_1_346' title='bbox 2780 804 3012 868; x_wconf 75' lang='lat' dir='ltr'><strong>interfuit</strong></span> <span class='ocrx_word' id='word_1_347' title='bbox 3047 803 3125 854; x_wconf 82' lang='lat' dir='ltr'><strong>Itis</strong></span> <span class='ocrx_word' id='word_1_348' title='bbox 3159 799 3355 864; x_wconf 77' lang='lat' dir='ltr'><strong>pra&#39;liis</strong></span> <span class='ocrx_word' id='word_1_349' title='bbox 3398 800 3608 857; x_wconf 80' lang='lat' dir='ltr'><strong>Valens.</strong></span> <span class='ocrx_word' id='word_1_350' title='bbox 3637 800 3723 857; x_wconf 78' lang='lat' dir='ltr'><strong>IV.</strong></span> 
     </span>
    </p>
   </div>
   <div class='ocr_carea' id='block_1_52' title="bbox 2234 870 3723 937">
    <p class='ocr_par' dir='ltr' id='par_1_52' title="bbox 2234 870 3723 937">
     <span class='ocr_line' id='line_1_52' title="bbox 2234 870 3723 937; baseline 0.001 -12"><span class='ocrx_word' id='word_1_351' title='bbox 2234 870 2453 937; x_wconf 71' lang='lat' dir='ltr'><strong>Scripta:</strong></span> <span class='ocrx_word' id='word_1_352' title='bbox 2490 873 2541 923; x_wconf 87' lang='lat' dir='ltr'><strong>in</strong></span> <span class='ocrx_word' id='word_1_353' title='bbox 2576 873 2672 923; x_wconf 87' lang='lat' dir='ltr'><strong>lmc</strong></span> <span class='ocrx_word' id='word_1_354' title='bbox 2709 875 3063 933; x_wconf 64' lang='lat' dir='ltr'><strong>persecutione</strong></span> <span class='ocrx_word' id='word_1_355' title='bbox 3090 874 3321 930; x_wconf 75' lang='lat' dir='ltr'><strong>epistolm</strong></span> <span class='ocrx_word' id='word_1_356' title='bbox 3357 872 3422 926; x_wconf 87' lang='lat'><strong>79</strong></span> <span class='ocrx_word' id='word_1_357' title='bbox 3451 885 3500 925; x_wconf 88' lang='lat' dir='ltr'><strong>et</strong></span> <span class='ocrx_word' id='word_1_358' title='bbox 3538 872 3625 926; x_wconf 88' lang='lat'><strong>80.</strong></span> <span class='ocrx_word' id='word_1_359' title='bbox 3658 871 3723 926; x_wconf 84' lang='lat' dir='ltr'><strong>V.</strong></span> 
     </span>
    </p>
   </div>
   <div class='ocr_carea' id='block_1_53' title="bbox 2249 940 3727 1006">
    <p class='ocr_par' dir='ltr' id='par_1_53' title="bbox 2249 940 3727 1006">
     <span class='ocr_line' id='line_1_53' title="bbox 2249 940 3727 1006; baseline 0.001 -15"><span class='ocrx_word' id='word_1_360' title='bbox 2249 940 2429 994; x_wconf 73' lang='lat' dir='ltr'><strong>Valens</strong></span> <span class='ocrx_word' id='word_1_361' title='bbox 2456 942 2610 994; x_wconf 88' lang='lat' dir='ltr'><strong>semel</strong></span> <span class='ocrx_word' id='word_1_362' title='bbox 2645 952 2690 993; x_wconf 87' lang='lat' dir='ltr'><strong>et</strong></span> <span class='ocrx_word' id='word_1_363' title='bbox 2732 944 2912 993; x_wconf 81' lang='lat' dir='ltr'><strong>iterum</strong></span> <span class='ocrx_word' id='word_1_364' title='bbox 2944 943 3076 994; x_wconf 76' lang='lat' dir='ltr'><strong>venit</strong></span> <span class='ocrx_word' id='word_1_365' title='bbox 3110 944 3163 993; x_wconf 90' lang='lat' dir='ltr'><strong>in</strong></span> <span class='ocrx_word' id='word_1_366' title='bbox 3202 945 3468 995; x_wconf 82' lang='lat' dir='ltr'><strong>ecclesiam</strong></span> <span class='ocrx_word' id='word_1_367' title='bbox 3489 984 3504 1006; x_wconf 94' lang='lat'><strong>,</strong></span> <span class='ocrx_word' id='word_1_368' title='bbox 3536 953 3589 993; x_wconf 88' lang='lat' dir='ltr'><strong>nt</strong></span> <span class='ocrx_word' id='word_1_369' title='bbox 3621 941 3727 994; x_wconf 82' lang='lat' dir='ltr'><strong>Ba-</strong></span> 
     </span>
    </p>
   </div>
   <div class='ocr_carea' id='block_1_54' title="bbox 2234 1010 3725 1079">
    <p class='ocr_par' dir='ltr' id='par_1_54' title="bbox 2234 1010 3725 1079">
     <span class='ocr_line' id='line_1_54' title="bbox 2234 1010 3725 1079; baseline -0.001 -16"><span class='ocrx_word' id='word_1_370' title='bbox 2234 1011 2351 1064; x_wconf 87' lang='lat' dir='ltr'><strong>silio</strong></span> <span class='ocrx_word' id='word_1_371' title='bbox 2394 1012 2587 1079; x_wconf 82' lang='lat' dir='ltr'><strong>[actam</strong></span> <span class='ocrx_word' id='word_1_372' title='bbox 2632 1014 2881 1078; x_wconf 65' lang='lat' dir='ltr'><strong>injur‘um</strong></span> <span class='ocrx_word' id='word_1_373' title='bbox 2928 1013 3139 1063; x_wconf 84' lang='lat' dir='ltr'><strong>snrciat.</strong></span> <span class='ocrx_word' id='word_1_374' title='bbox 3187 1010 3267 1063; x_wconf 66' lang='lat' dir='ltr'><strong>VI.</strong></span> <span class='ocrx_word' id='word_1_375' title='bbox 3311 1010 3510 1065; x_wconf 82' lang='lat' dir='ltr'><strong>Basilio</strong></span> <span class='ocrx_word' id='word_1_376' title='bbox 3548 1024 3725 1077; x_wconf 81' lang='lat' dir='ltr'><strong>postea</strong></span> 
     </span>
    </p>
   </div>
   <div class='ocr_carea' id='block_1_55' title="bbox 2231 1080 3725 1149">
    <p class='ocr_par' dir='ltr' id='par_1_55' title="bbox 2231 1080 3725 1149">
     <span class='ocr_line' id='line_1_55' title="bbox 2231 1080 3725 1149; baseline -0.001 -16"><span class='ocrx_word' id='word_1_377' title='bbox 2231 1097 2430 1149; x_wconf 63' lang='lat' dir='ltr'><strong>poenam</strong></span> <span class='ocrx_word' id='word_1_378' title='bbox 2480 1080 2649 1134; x_wconf 71' lang='lat' dir='ltr'><strong>exsilii</strong></span> <span class='ocrx_word' id='word_1_379' title='bbox 2698 1081 2888 1147; x_wconf 78' lang='lat' dir='ltr'><strong>inﬂigit</strong></span> <span class='ocrx_word' id='word_1_380' title='bbox 2934 1080 2997 1131; x_wconf 86' lang='lat' dir='ltr'><strong>ab</strong></span> <span class='ocrx_word' id='word_1_381' title='bbox 3051 1081 3262 1135; x_wconf 72' lang='lat' dir='ltr'><strong>Arionis</strong></span> <span class='ocrx_word' id='word_1_382' title='bbox 3325 1082 3725 1149; x_wconf 25' lang='lat' dir='ltr'><strong>impulsuspsed</strong></span> 
     </span>
    </p>
   </div>
   <div class='ocr_carea' id='block_1_56' title="bbox 2236 1148 3726 1218">
    <p class='ocr_par' dir='ltr' id='par_1_56' title="bbox 2236 1148 3726 1218">
     <span class='ocr_line' id='line_1_56' title="bbox 2236 1148 3726 1218; baseline 0.004 -20"><span class='ocrx_word' id='word_1_383' title='bbox 2236 1148 2376 1218; x_wconf 71' lang='lat' dir='ltr'><strong>gravi</strong></span> <span class='ocrx_word' id='word_1_384' title='bbox 2432 1152 2606 1204; x_wconf 87' lang='lat' dir='ltr'><strong>morbo</strong></span> <span class='ocrx_word' id='word_1_385' title='bbox 2654 1149 2748 1216; x_wconf 77' lang='lat' dir='ltr'><strong>lilii</strong></span> <span class='ocrx_word' id='word_1_386' title='bbox 2779 1150 2978 1218; x_wconf 77' lang='lat' dir='ltr'><strong>cogitur</strong></span> <span class='ocrx_word' id='word_1_387' title='bbox 3016 1152 3321 1203; x_wconf 75' lang='lat' dir='ltr'><strong>sentenIiam</strong></span> <span class='ocrx_word' id='word_1_388' title='bbox 3354 1148 3575 1203; x_wconf 84' lang='lat' dir='ltr'><strong>mutare.</strong></span> <span class='ocrx_word' id='word_1_389' title='bbox 3612 1148 3726 1204; x_wconf 74' lang='grc' dir='ltr'><strong>γιι.</strong></span> 
     </span>
    </p>
   </div>
   <div class='ocr_carea' id='block_1_57' title="bbox 2244 1217 3727 1285">
    <p class='ocr_par' dir='ltr' id='par_1_57' title="bbox 2244 1217 3727 1285">
     <span class='ocr_line' id='line_1_57' title="bbox 2244 1217 3727 1285; baseline -0.001 -13"><span class='ocrx_word' id='word_1_390' title='bbox 2244 1220 2443 1272; x_wconf 81' lang='lat' dir='ltr'><strong>Rursus</strong></span> <span class='ocrx_word' id='word_1_391' title='bbox 2469 1221 2644 1272; x_wconf 69' lang='lat' dir='ltr'><strong>statuit</strong></span> <span class='ocrx_word' id='word_1_392' title='bbox 2685 1218 2867 1285; x_wconf 75' lang='lat' dir='ltr'><strong>ejicere</strong></span> <span class='ocrx_word' id='word_1_393' title='bbox 2895 1217 3173 1281; x_wconf 77' lang='lat' dir='ltr'><strong>Busih‘um,</strong></span> <span class='ocrx_word' id='word_1_394' title='bbox 3208 1223 3296 1273; x_wconf 83' lang='lat' dir='ltr'><strong>sed</strong></span> <span class='ocrx_word' id='word_1_395' title='bbox 3318 1220 3550 1273; x_wconf 85' lang='lat' dir='ltr'><strong>calamus</strong></span> <span class='ocrx_word' id='word_1_396' title='bbox 3574 1220 3727 1272; x_wconf 80' lang='lat' dir='ltr'><strong>tertio</strong></span> 
     </span>
    </p>
   </div>
   <div class='ocr_carea' id='block_1_58' title="bbox 2233 1286 3726 1356">
    <p class='ocr_par' dir='ltr' id='par_1_58' title="bbox 2233 1286 3726 1356">
     <span class='ocr_line' id='line_1_58' title="bbox 2233 1286 3726 1356; baseline -0.001 -15"><span class='ocrx_word' id='word_1_397' title='bbox 2233 1292 2535 1341; x_wconf 78' lang='lat' dir='ltr'><strong>conteritur.</strong></span> <span class='ocrx_word' id='word_1_398' title='bbox 2576 1288 2704 1341; x_wconf 82' lang='lat' dir='ltr'><strong>Vill.</strong></span> <span class='ocrx_word' id='word_1_399' title='bbox 2730 1286 2958 1356; x_wconf 82' lang='lat' dir='ltr'><strong>Insignis</strong></span> <span class='ocrx_word' id='word_1_400' title='bbox 2987 1286 3215 1354; x_wconf 81' lang='lat' dir='ltr'><strong>Gregorii</strong></span> <span class='ocrx_word' id='word_1_401' title='bbox 3243 1292 3384 1343; x_wconf 81' lang='lat' dir='ltr'><strong>locus</strong></span> <span class='ocrx_word' id='word_1_402' title='bbox 3414 1290 3726 1356; x_wconf 78' lang='lat' dir='ltr'><strong>explicatur.</strong></span> 
     </span>
    </p>
   </div>
   <div class='ocr_carea' id='block_1_59' title="bbox 2236 1357 3730 1424">
    <p class='ocr_par' dir='ltr' id='par_1_59' title="bbox 2236 1357 3730 1424">
     <span class='ocr_line' id='line_1_59' title="bbox 2236 1357 3730 1424; baseline 0 -15"><span class='ocrx_word' id='word_1_403' title='bbox 2236 1376 2299 1410; x_wconf 79' lang='lat' dir='ltr'><strong>nr.</strong></span> <span class='ocrx_word' id='word_1_404' title='bbox 2354 1357 2613 1411; x_wconf 79' lang='lat' dir='ltr'><strong>Valentem</strong></span> <span class='ocrx_word' id='word_1_405' title='bbox 2644 1361 2829 1409; x_wconf 83' lang='lat' dir='ltr'><strong>iterum</strong></span> <span class='ocrx_word' id='word_1_406' title='bbox 2860 1360 3053 1410; x_wconf 78' lang='lat' dir='ltr'><strong>venisse</strong></span> <span class='ocrx_word' id='word_1_407' title='bbox 3089 1360 3141 1409; x_wconf 89' lang='lat' dir='ltr'><strong>in</strong></span> <span class='ocrx_word' id='word_1_408' title='bbox 3168 1360 3437 1412; x_wconf 80' lang='lat' dir='ltr'><strong>ecclesiam</strong></span> <span class='ocrx_word' id='word_1_409' title='bbox 3481 1360 3730 1424; x_wconf 80' lang='lat' dir='ltr'><strong>probatur</strong></span> 
     </span>
    </p>
   </div>
   <div class='ocr_carea' id='block_1_60' title="bbox 2233 1425 3721 1490">
    <p class='ocr_par' dir='ltr' id='par_1_60' title="bbox 2233 1425 3721 1490">
     <span class='ocr_line' id='line_1_60' title="bbox 2233 1425 3721 1490; baseline 0 -11"><span class='ocrx_word' id='word_1_410' title='bbox 2233 1440 2353 1479; x_wconf 81' lang='lat' dir='ltr'><strong>ante</strong></span> <span class='ocrx_word' id='word_1_411' title='bbox 2387 1438 2599 1480; x_wconf 85' lang='lat' dir='ltr'><strong>mortem</strong></span> <span class='ocrx_word' id='word_1_412' title='bbox 2634 1428 2751 1490; x_wconf 78' lang='lat' dir='ltr'><strong>lilii.</strong></span> <span class='ocrx_word' id='word_1_413' title='bbox 2791 1425 2879 1479; x_wconf 79' lang='lat' dir='ltr'><strong>lX.</strong></span> <span class='ocrx_word' id='word_1_414' title='bbox 2918 1426 3233 1479; x_wconf 73' lang='lat' dir='ltr'><strong>.lliruculum</strong></span> <span class='ocrx_word' id='word_1_415' title='bbox 3260 1430 3582 1481; x_wconf 86' lang='lat' dir='ltr'><strong>calamorum</strong></span> <span class='ocrx_word' id='word_1_416' title='bbox 3606 1427 3721 1479; x_wconf 68' lang='lat' dir='ltr'><strong>Cri--</strong></span> 
     </span>
    </p>
   </div>
   <div class='ocr_carea' id='block_1_61' title="bbox 2233 1494 3730 1564">
    <p class='ocr_par' dir='ltr' id='par_1_61' title="bbox 2233 1494 3730 1564">
     <span class='ocr_line' id='line_1_61' title="bbox 2233 1494 3730 1564; baseline 0 -15"><span class='ocrx_word' id='word_1_417' title='bbox 2233 1514 2400 1549; x_wconf 74' lang='lat' dir='ltr'><strong>sarete</strong></span> <span class='ocrx_word' id='word_1_418' title='bbox 2431 1498 2645 1564; x_wconf 78' lang='lat' dir='ltr'><strong>factum.</strong></span> <span class='ocrx_word' id='word_1_419' title='bbox 2693 1496 2759 1550; x_wconf 77' lang='grc' dir='ltr'><strong>Χ.</strong></span> <span class='ocrx_word' id='word_1_420' title='bbox 2803 1494 2932 1550; x_wconf 75' lang='lat' dir='ltr'><strong>Htrc</strong></span> <span class='ocrx_word' id='word_1_421' title='bbox 2975 1500 3259 1563; x_wconf 77' lang='lat' dir='ltr'><strong>persecutio</strong></span> <span class='ocrx_word' id='word_1_422' title='bbox 3305 1498 3372 1551; x_wconf 85' lang='lat' dir='ltr'><strong>ad</strong></span> <span class='ocrx_word' id='word_1_423' title='bbox 3401 1514 3592 1551; x_wconf 84' lang='lat' dir='ltr'><strong>annum</strong></span> <span class='ocrx_word' id='word_1_424' title='bbox 3624 1496 3730 1552; x_wconf 71' lang='lat'><strong>572</strong></span> 
     </span>
    </p>
   </div>
   <div class='ocr_carea' id='block_1_62' title="bbox 2234 1569 2525 1638">
    <p class='ocr_par' dir='ltr' id='par_1_62' title="bbox 2234 1569 2525 1638">
     <span class='ocr_line' id='line_1_62' title="bbox 2234 1569 2525 1638; baseline 0.003 -21"><span class='ocrx_word' id='word_1_425' title='bbox 2234 1569 2525 1638; x_wconf 74' lang='lat' dir='ltr'><strong>referenda.</strong></span> 
     </span>
    </p>
   </div>
   <div class='ocr_carea' id='block_1_63' title="bbox 2239 1698 3729 1770">
    <p class='ocr_par' dir='ltr' id='par_1_63' title="bbox 2239 1698 3729 1770">
     <span class='ocr_line' id='line_1_63' title="bbox 2239 1698 3729 1770; baseline -0.003 -15"><span class='ocrx_word' id='word_1_426' title='bbox 2239 1702 2275 1755; x_wconf 94' lang='grc' dir='ltr'><strong>Ι.</strong></span> <span class='ocrx_word' id='word_1_427' title='bbox 2304 1701 2569 1755; x_wconf 84' lang='lat' dir='ltr'><strong>Hactenus</strong></span> <span class='ocrx_word' id='word_1_428' title='bbox 2608 1700 2659 1753; x_wconf 93' lang='lat' dir='ltr'><strong>in</strong></span> <span class='ocrx_word' id='word_1_429' title='bbox 2702 1698 2761 1755; x_wconf 89' lang='lat' dir='ltr'><strong>S.</strong></span> <span class='ocrx_word' id='word_1_430' title='bbox 2790 1700 2970 1755; x_wconf 87' lang='lat' dir='ltr'><strong>Basilii</strong></span> <span class='ocrx_word' id='word_1_431' title='bbox 3013 1700 3320 1770; x_wconf 86' lang='lat' dir='ltr'><strong>episcopatu</strong></span> <span class='ocrx_word' id='word_1_432' title='bbox 3365 1699 3563 1752; x_wconf 88' lang='lat' dir='ltr'><strong>nullum</strong></span> <span class='ocrx_word' id='word_1_433' title='bbox 3595 1709 3729 1752; x_wconf 78' lang='lat' dir='ltr'><strong>tem-</strong></span> 
     </span>
    </p>
   </div>
   <div class='ocr_carea' id='block_1_64' title="bbox 2095 1791 3732 1892">
    <p class='ocr_par' dir='ltr' id='par_1_64' title="bbox 2095 1791 3732 1892">
     <span class='ocr_line' id='line_1_64' title="bbox 2095 1791 3732 1892; baseline 0.001 -49"><span class='ocrx_word' id='word_1_434' title='bbox 2095 1836 2136 1892; x_wconf 66' lang='grc' dir='ltr'><strong>Β</strong></span> <span class='ocrx_word' id='word_1_435' title='bbox 2166 1808 2262 1861; x_wconf 85' lang='lat' dir='ltr'><strong>pus</strong></span> <span class='ocrx_word' id='word_1_436' title='bbox 2292 1794 2549 1855; x_wconf 88' lang='lat' dir='ltr'><strong>vidimus,</strong></span> <span class='ocrx_word' id='word_1_437' title='bbox 2578 1793 2719 1861; x_wconf 89' lang='lat' dir='ltr'><strong>quod</strong></span> <span class='ocrx_word' id='word_1_438' title='bbox 2760 1807 2788 1845; x_wconf 86' lang='lat' dir='ltr'><strong>a</strong></span> <span class='ocrx_word' id='word_1_439' title='bbox 2823 1793 3028 1860; x_wconf 79' lang='lat' dir='ltr'><strong>magnis</strong></span> <span class='ocrx_word' id='word_1_440' title='bbox 3069 1794 3227 1847; x_wconf 81' lang='lat' dir='ltr'><strong>rebus</strong></span> <span class='ocrx_word' id='word_1_441' title='bbox 3279 1791 3525 1855; x_wconf 80' lang='lat' dir='ltr'><strong>gerendis</strong></span> <span class='ocrx_word' id='word_1_442' title='bbox 3563 1791 3732 1845; x_wconf 90' lang='lat' dir='ltr'><strong>inter-</strong></span> 
     </span>
    </p>
   </div>
   <div class='ocr_carea' id='block_1_65' title="bbox 2169 1880 3730 1952">
    <p class='ocr_par' dir='ltr' id='par_1_65' title="bbox 2169 1880 3730 1952">
     <span class='ocr_line' id='line_1_65' title="bbox 2169 1880 3730 1952; baseline -0.001 -15"><span class='ocrx_word' id='word_1_443' title='bbox 2169 1885 2476 1940; x_wconf 87' lang='lat' dir='ltr'><strong>missionem</strong></span> <span class='ocrx_word' id='word_1_444' title='bbox 2510 1882 2778 1938; x_wconf 87' lang='lat' dir='ltr'><strong>habuerit.</strong></span> <span class='ocrx_word' id='word_1_445' title='bbox 2816 1882 2921 1937; x_wconf 89' lang='lat' dir='ltr'><strong>Sed</strong></span> <span class='ocrx_word' id='word_1_446' title='bbox 2958 1900 3095 1937; x_wconf 92' lang='lat' dir='ltr'><strong>nunc</strong></span> <span class='ocrx_word' id='word_1_447' title='bbox 3127 1881 3453 1952; x_wconf 71' lang='lat' dir='ltr'><strong>Splendidius</strong></span> <span class='ocrx_word' id='word_1_448' title='bbox 3477 1880 3730 1949; x_wconf 89' lang='lat' dir='ltr'><strong>quiddam</strong></span> 
     </span>
    </p>
   </div>
   <div class='ocr_carea' id='block_1_66' title="bbox 2168 1974 3731 2045">
    <p class='ocr_par' dir='ltr' id='par_1_66' title="bbox 2168 1974 3731 2045">
     <span class='ocr_line' id='line_1_66' title="bbox 2168 1974 3731 2045; baseline -0.003 -15"><span class='ocrx_word' id='word_1_449' title='bbox 2168 1986 2220 2030; x_wconf 91' lang='lat' dir='ltr'><strong>et</strong></span> <span class='ocrx_word' id='word_1_450' title='bbox 2254 1978 2512 2031; x_wconf 86' lang='lat' dir='ltr'><strong>illustrius</strong></span> <span class='ocrx_word' id='word_1_451' title='bbox 2542 1977 2899 2032; x_wconf 89' lang='lat' dir='ltr'><strong>enarrandum</strong></span> <span class='ocrx_word' id='word_1_452' title='bbox 2950 1976 3210 2037; x_wconf 86' lang='lat' dir='ltr'><strong>occurrit,</strong></span> <span class='ocrx_word' id='word_1_453' title='bbox 3260 1982 3537 2045; x_wconf 87' lang='lat' dir='ltr'><strong>propterea</strong></span> <span class='ocrx_word' id='word_1_454' title='bbox 3588 1974 3731 2041; x_wconf 91' lang='lat' dir='ltr'><strong>quod</strong></span> 
     </span>
    </p>
   </div>
   <div class='ocr_carea' id='block_1_67' title="bbox 2170 2063 3733 2139">
    <p class='ocr_par' dir='ltr' id='par_1_67' title="bbox 2170 2063 3733 2139">
     <span class='ocr_line' id='line_1_67' title="bbox 2170 2063 3733 2139; baseline -0.004 -16"><span class='ocrx_word' id='word_1_455' title='bbox 2170 2067 2371 2136; x_wconf 76' lang='lat' dir='ltr'><strong>majore</strong></span> <span class='ocrx_word' id='word_1_456' title='bbox 2404 2068 2578 2121; x_wconf 91' lang='lat' dir='ltr'><strong>sonitu</strong></span> <span class='ocrx_word' id='word_1_457' title='bbox 2605 2070 2881 2139; x_wconf 65' lang='lat' dir='ltr'><strong>prmdicari</strong></span> <span class='ocrx_word' id='word_1_458' title='bbox 2912 2068 3101 2132; x_wconf 89' lang='lat' dir='ltr'><strong>solent,</strong></span> <span class='ocrx_word' id='word_1_459' title='bbox 3125 2083 3241 2137; x_wconf 76' lang='lat' dir='ltr'><strong>qua:</strong></span> <span class='ocrx_word' id='word_1_460' title='bbox 3274 2080 3368 2136; x_wconf 94' lang='lat' dir='ltr'><strong>pro</strong></span> <span class='ocrx_word' id='word_1_461' title='bbox 3396 2064 3593 2121; x_wconf 87' lang='lat' dir='ltr'><strong>Christi</strong></span> <span class='ocrx_word' id='word_1_462' title='bbox 3630 2063 3733 2118; x_wconf 86' lang='lat' dir='ltr'><strong>ﬁde</strong></span> 
     </span>
    </p>
   </div>
   <div class='ocr_carea' id='block_1_68' title="bbox 2171 2154 3732 2227">
    <p class='ocr_par' dir='ltr' id='par_1_68' title="bbox 2171 2154 3732 2227">
     <span class='ocr_line' id='line_1_68' title="bbox 2171 2154 3732 2227; baseline -0.004 -14"><span class='ocrx_word' id='word_1_463' title='bbox 2171 2160 2221 2213; x_wconf 91' lang='lat' dir='ltr'><strong>in</strong></span> <span class='ocrx_word' id='word_1_464' title='bbox 2254 2159 2581 2227; x_wconf 79' lang='lat' dir='ltr'><strong>gravissimis</strong></span> <span class='ocrx_word' id='word_1_465' title='bbox 2626 2160 2873 2227; x_wconf 84' lang='lat' dir='ltr'><strong>periculis</strong></span> <span class='ocrx_word' id='word_1_466' title='bbox 2912 2160 3125 2213; x_wconf 84' lang='lat' dir='ltr'><strong>fortiter</strong></span> <span class='ocrx_word' id='word_1_467' title='bbox 3153 2169 3205 2213; x_wconf 94' lang='lat' dir='ltr'><strong>et</strong></span> <span class='ocrx_word' id='word_1_468' title='bbox 3233 2167 3542 2213; x_wconf 85' lang='lat' dir='ltr'><strong>constanter</strong></span> <span class='ocrx_word' id='word_1_469' title='bbox 3576 2154 3732 2220; x_wconf 89' lang='lat' dir='ltr'><strong>ﬁunt,</strong></span> 
     </span>
    </p>
   </div>
   <div class='ocr_carea' id='block_1_69' title="bbox 2169 2247 3737 2321">
    <p class='ocr_par' dir='ltr' id='par_1_69' title="bbox 2169 2247 3737 2321">
     <span class='ocr_line' id='line_1_69' title="bbox 2169 2247 3737 2321; baseline -0.001 -21"><span class='ocrx_word' id='word_1_470' title='bbox 2169 2265 2328 2321; x_wconf 90' lang='lat' dir='ltr'><strong>quam</strong></span> <span class='ocrx_word' id='word_1_471' title='bbox 2362 2264 2478 2318; x_wconf 68' lang='lat' dir='ltr'><strong>quae</strong></span> <span class='ocrx_word' id='word_1_472' title='bbox 2506 2258 2597 2300; x_wconf 92' lang='lat' dir='ltr'><strong>aut</strong></span> <span class='ocrx_word' id='word_1_473' title='bbox 2628 2248 2693 2300; x_wconf 90' lang='lat' dir='ltr'><strong>ad</strong></span> <span class='ocrx_word' id='word_1_474' title='bbox 2726 2247 3060 2315; x_wconf 86' lang='lat' dir='ltr'><strong>disciplinam</strong></span> <span class='ocrx_word' id='word_1_475' title='bbox 3108 2248 3398 2317; x_wconf 88' lang='lat' dir='ltr'><strong>prudenter</strong></span> <span class='ocrx_word' id='word_1_476' title='bbox 3438 2248 3737 2301; x_wconf 84' lang='lat' dir='ltr'><strong>decernun-</strong></span> 
     </span>
    </p>
   </div>
   <div class='ocr_carea' id='block_1_70' title="bbox 2172 2336 3735 2408">
    <p class='ocr_par' dir='ltr' id='par_1_70' title="bbox 2172 2336 3735 2408">
     <span class='ocr_line' id='line_1_70' title="bbox 2172 2336 3735 2408; baseline -0.003 -14"><span class='ocrx_word' id='word_1_477' title='bbox 2172 2351 2281 2403; x_wconf 89' lang='lat' dir='ltr'><strong>tur,</strong></span> <span class='ocrx_word' id='word_1_478' title='bbox 2314 2349 2404 2394; x_wconf 88' lang='lat' dir='ltr'><strong>aut</strong></span> <span class='ocrx_word' id='word_1_479' title='bbox 2434 2339 2499 2393; x_wconf 91' lang='lat' dir='ltr'><strong>ad</strong></span> <span class='ocrx_word' id='word_1_480' title='bbox 2536 2336 2810 2391; x_wconf 88' lang='lat' dir='ltr'><strong>leniendos</strong></span> <span class='ocrx_word' id='word_1_481' title='bbox 2853 2336 3095 2392; x_wconf 89' lang='lat' dir='ltr'><strong>inimicos</strong></span> <span class='ocrx_word' id='word_1_482' title='bbox 3140 2349 3195 2393; x_wconf 94' lang='lat' dir='ltr'><strong>et</strong></span> <span class='ocrx_word' id='word_1_483' title='bbox 3233 2336 3593 2408; x_wconf 86' lang='lat' dir='ltr'><strong>pacilicandas</strong></span> <span class='ocrx_word' id='word_1_484' title='bbox 3635 2336 3735 2390; x_wconf 84' lang='lat' dir='ltr'><strong>Ec-</strong></span> 
     </span>
    </p>
   </div>
   <div class='ocr_carea' id='block_1_71' title="bbox 2173 2425 3738 2497">
    <p class='ocr_par' dir='ltr' id='par_1_71' title="bbox 2173 2425 3738 2497">
     <span class='ocr_line' id='line_1_71' title="bbox 2173 2425 3738 2497; baseline -0.004 -11"><span class='ocrx_word' id='word_1_485' title='bbox 2173 2430 2367 2486; x_wconf 80' lang='lat' dir='ltr'><strong>clesias</strong></span> <span class='ocrx_word' id='word_1_486' title='bbox 2421 2430 2691 2497; x_wconf 88' lang='lat' dir='ltr'><strong>sapienter</strong></span> <span class='ocrx_word' id='word_1_487' title='bbox 2722 2434 2776 2479; x_wconf 92' lang='lat' dir='ltr'><strong>et</strong></span> <span class='ocrx_word' id='word_1_488' title='bbox 2822 2425 3090 2479; x_wconf 88' lang='lat' dir='ltr'><strong>moderate</strong></span> <span class='ocrx_word' id='word_1_489' title='bbox 3132 2428 3507 2495; x_wconf 85' lang='lat' dir='ltr'><strong>suscipiuntur.</strong></span> <span class='ocrx_word' id='word_1_490' title='bbox 3549 2427 3603 2481; x_wconf 91' lang='lat' dir='ltr'><strong>In</strong></span> <span class='ocrx_word' id='word_1_491' title='bbox 3653 2425 3738 2480; x_wconf 83' lang='lat' dir='ltr'><strong>his</strong></span> 
     </span>
    </p>
   </div>
   <div class='ocr_carea' id='block_1_72' title="bbox 2172 2514 3739 2584">
    <p class='ocr_par' dir='ltr' id='par_1_72' title="bbox 2172 2514 3739 2584">
     <span class='ocr_line' id='line_1_72' title="bbox 2172 2514 3739 2584; baseline -0.005 -8"><span class='ocrx_word' id='word_1_492' title='bbox 2172 2521 2350 2576; x_wconf 85' lang='lat' dir='ltr'><strong>Basilii</strong></span> <span class='ocrx_word' id='word_1_493' title='bbox 2391 2519 2770 2575; x_wconf 86' lang='lat' dir='ltr'><strong>certaminibus</strong></span> <span class='ocrx_word' id='word_1_494' title='bbox 2810 2514 3171 2570; x_wconf 84' lang='lat' dir='ltr'><strong>describendis</strong></span> <span class='ocrx_word' id='word_1_495' title='bbox 3196 2515 3458 2584; x_wconf 68' lang='lat' dir='ltr'><strong>praecipue</strong></span> <span class='ocrx_word' id='word_1_496' title='bbox 3490 2517 3739 2570; x_wconf 84' lang='lat' dir='ltr'><strong>videntur</strong></span> 
     </span>
    </p>
   </div>
   <div class='ocr_carea' id='block_1_73' title="bbox 2173 2606 3736 2682">
    <p class='ocr_par' dir='ltr' id='par_1_73' title="bbox 2173 2606 3736 2682">
     <span class='ocr_line' id='line_1_73' title="bbox 2173 2606 3736 2682; baseline -0.003 -17"><span class='ocrx_word' id='word_1_497' title='bbox 2173 2613 2379 2682; x_wconf 88' lang='lat' dir='ltr'><strong>antiqui</strong></span> <span class='ocrx_word' id='word_1_498' title='bbox 2412 2614 2703 2680; x_wconf 86' lang='lat' dir='ltr'><strong>scriptores</strong></span> <span class='ocrx_word' id='word_1_499' title='bbox 2727 2609 3072 2675; x_wconf 86' lang='lat' dir='ltr'><strong>elaborasse;</strong></span> <span class='ocrx_word' id='word_1_500' title='bbox 3106 2606 3197 2660; x_wconf 85' lang='lat' dir='ltr'><strong>sed</strong></span> <span class='ocrx_word' id='word_1_501' title='bbox 3228 2621 3350 2660; x_wconf 93' lang='lat' dir='ltr'><strong>cum</strong></span> <span class='ocrx_word' id='word_1_502' title='bbox 3376 2606 3426 2658; x_wconf 91' lang='lat' dir='ltr'><strong>in</strong></span> <span class='ocrx_word' id='word_1_503' title='bbox 3465 2607 3736 2661; x_wconf 88' lang='lat' dir='ltr'><strong>nonnullis</strong></span> 
     </span>
    </p>
   </div>
   <div class='ocr_carea' id='block_1_74' title="bbox 2171 2696 3736 2759">
    <p class='ocr_par' dir='ltr' id='par_1_74' title="bbox 2171 2696 3736 2759">
     <span class='ocr_line' id='line_1_74' title="bbox 2171 2696 3736 2759; baseline -0.004 -2"><span class='ocrx_word' id='word_1_504' title='bbox 2171 2703 2592 2757; x_wconf 90' lang='lat' dir='ltr'><strong>circumstantiis</strong></span> <span class='ocrx_word' id='word_1_505' title='bbox 2643 2704 2819 2755; x_wconf 90' lang='lat' dir='ltr'><strong>minus</strong></span> <span class='ocrx_word' id='word_1_506' title='bbox 2872 2701 3011 2754; x_wconf 91' lang='lat' dir='ltr'><strong>inter</strong></span> <span class='ocrx_word' id='word_1_507' title='bbox 3044 2713 3101 2754; x_wconf 85' lang='lat' dir='ltr'><strong>se</strong></span> <span class='ocrx_word' id='word_1_508' title='bbox 3158 2698 3521 2759; x_wconf 90' lang='lat' dir='ltr'><strong>consentiant,</strong></span> <span class='ocrx_word' id='word_1_509' title='bbox 3559 2696 3736 2751; x_wconf 72' lang='lat' dir='ltr'><strong>danda</strong></span> 
     </span>
    </p>
   </div>
   <div class='ocr_carea' id='block_1_75' title="bbox 2172 2785 3740 2863">
    <p class='ocr_par' dir='ltr' id='par_1_75' title="bbox 2172 2785 3740 2863">
     <span class='ocr_line' id='line_1_75' title="bbox 2172 2785 3740 2863; baseline -0.005 -15"><span class='ocrx_word' id='word_1_510' title='bbox 2172 2804 2254 2849; x_wconf 92' lang='lat' dir='ltr'><strong>est</strong></span> <span class='ocrx_word' id='word_1_511' title='bbox 2283 2807 2467 2863; x_wconf 87' lang='lat' dir='ltr'><strong>opera,</strong></span> <span class='ocrx_word' id='word_1_512' title='bbox 2499 2801 2557 2845; x_wconf 93' lang='lat' dir='ltr'><strong>ut</strong></span> <span class='ocrx_word' id='word_1_513' title='bbox 2582 2807 2761 2848; x_wconf 86' lang='lat' dir='ltr'><strong>rerum</strong></span> <span class='ocrx_word' id='word_1_514' title='bbox 2791 2791 3056 2857; x_wconf 88' lang='lat' dir='ltr'><strong>ordinem,</strong></span> <span class='ocrx_word' id='word_1_515' title='bbox 3080 2804 3239 2861; x_wconf 89' lang='lat' dir='ltr'><strong>quam</strong></span> <span class='ocrx_word' id='word_1_516' title='bbox 3277 2787 3391 2842; x_wconf 87' lang='lat' dir='ltr'><strong>fieri</strong></span> <span class='ocrx_word' id='word_1_517' title='bbox 3421 2785 3614 2857; x_wconf 88' lang='lat' dir='ltr'><strong>poterit</strong></span> <span class='ocrx_word' id='word_1_518' title='bbox 3646 2800 3740 2840; x_wconf 86' lang='lat' dir='ltr'><strong>ac-</strong></span> 
     </span>
    </p>
   </div>
   <div class='ocr_carea' id='block_1_76' title="bbox 2170 2883 2861 2948">
    <p class='ocr_par' dir='ltr' id='par_1_76' title="bbox 2170 2883 2861 2948">
     <span class='ocr_line' id='line_1_76' title="bbox 2170 2883 2861 2948; baseline -0.009 -8"><span class='ocrx_word' id='word_1_519' title='bbox 2170 2883 2527 2946; x_wconf 87' lang='lat' dir='ltr'><strong>curatissime,</strong></span> <span class='ocrx_word' id='word_1_520' title='bbox 2555 2895 2861 2948; x_wconf 88' lang='lat' dir='ltr'><strong>sequamur.</strong></span> 
     </span>
    </p>
   </div>
   <div class='ocr_carea' id='block_1_77' title="bbox 2242 2965 3737 3047">
    <p class='ocr_par' dir='ltr' id='par_1_77' title="bbox 2242 2965 3737 3047">
     <span class='ocr_line' id='line_1_77' title="bbox 2242 2965 3737 3047; baseline -0.007 -18"><span class='ocrx_word' id='word_1_521' title='bbox 2242 2976 2313 3047; x_wconf 86' lang='lat' dir='ltr'><strong>(b)</strong></span> <span class='ocrx_word' id='word_1_522' title='bbox 2335 2976 2631 3044; x_wconf 86' lang='lat' dir='ltr'><strong>Imperator</strong></span> <span class='ocrx_word' id='word_1_523' title='bbox 2652 2970 2865 3036; x_wconf 79' lang='lat' dir='ltr'><strong>Valens,</strong></span> <span class='ocrx_word' id='word_1_524' title='bbox 2895 2986 3012 3025; x_wconf 92' lang='lat' dir='ltr'><strong>cum</strong></span> <span class='ocrx_word' id='word_1_525' title='bbox 3041 2970 3309 3040; x_wconf 72' lang='lat' dir='ltr'><strong>prOSpt&#39;ris</strong></span> <span class='ocrx_word' id='word_1_526' title='bbox 3335 2970 3592 3024; x_wconf 85' lang='lat' dir='ltr'><strong>adversus</strong></span> <span class='ocrx_word' id='word_1_527' title='bbox 3610 2965 3737 3021; x_wconf 87' lang='lat' dir='ltr'><strong>bar-</strong></span> 
     </span>
    </p>
   </div>
   <div class='ocr_carea' id='block_1_78' title="bbox 2172 3060 3741 3123">
    <p class='ocr_par' dir='ltr' id='par_1_78' title="bbox 2172 3060 3741 3123">
     <span class='ocr_line' id='line_1_78' title="bbox 2172 3060 3741 3123; baseline -0.006 -1"><span class='ocrx_word' id='word_1_528' title='bbox 2172 3070 2332 3123; x_wconf 86' lang='lat' dir='ltr'><strong>baros</strong></span> <span class='ocrx_word' id='word_1_529' title='bbox 2366 3067 2708 3121; x_wconf 84' lang='lat' dir='ltr'><strong>successibus</strong></span> <span class='ocrx_word' id='word_1_530' title='bbox 2738 3065 2910 3120; x_wconf 88' lang='lat' dir='ltr'><strong>elatus</strong></span> <span class='ocrx_word' id='word_1_531' title='bbox 2952 3070 3003 3118; x_wconf 91' lang='lat' dir='ltr'><strong>ln</strong></span> <span class='ocrx_word' id='word_1_532' title='bbox 3049 3064 3320 3118; x_wconf 87' lang='lat' dir='ltr'><strong>Orientem</strong></span> <span class='ocrx_word' id='word_1_533' title='bbox 3376 3061 3515 3116; x_wconf 92' lang='lat' dir='ltr'><strong>lento</strong></span> <span class='ocrx_word' id='word_1_534' title='bbox 3548 3060 3741 3114; x_wconf 88' lang='lat' dir='ltr'><strong>itinere</strong></span> 
     </span>
    </p>
   </div>
   <div class='ocr_carea' id='block_1_79' title="bbox 2100 3151 3740 3242">
    <p class='ocr_par' dir='ltr' id='par_1_79' title="bbox 2100 3151 3740 3242">
     <span class='ocr_line' id='line_1_79' title="bbox 2100 3151 3740 3242; baseline -0.005 -31"><span class='ocrx_word' id='word_1_535' title='bbox 2100 3186 2142 3242; x_wconf 70' lang='grc' dir='ltr'><strong>ο</strong></span> <span class='ocrx_word' id='word_1_536' title='bbox 2175 3161 2438 3222; x_wconf 87' lang='lat' dir='ltr'><strong>tenderet,</strong></span> <span class='ocrx_word' id='word_1_537' title='bbox 2474 3160 2607 3211; x_wconf 91' lang='lat' dir='ltr'><strong>satis</strong></span> <span class='ocrx_word' id='word_1_538' title='bbox 2637 3159 2723 3212; x_wconf 90' lang='lat' dir='ltr'><strong>diu</strong></span> <span class='ocrx_word' id='word_1_539' title='bbox 2768 3155 3063 3226; x_wconf 72' lang='lat' dir='ltr'><strong>interiectis</strong></span> <span class='ocrx_word' id='word_1_540' title='bbox 3108 3152 3621 3220; x_wconf 86' lang='lat' dir='ltr'><strong>Constantinopolim</strong></span> <span class='ocrx_word' id='word_1_541' title='bbox 3659 3151 3740 3203; x_wconf 84' lang='lat' dir='ltr'><strong>in-</strong></span> 
     </span>
    </p>
   </div>
   <div class='ocr_carea' id='block_1_80' title="bbox 2177 3242 3742 3318">
    <p class='ocr_par' dir='ltr' id='par_1_80' title="bbox 2177 3242 3742 3318">
     <span class='ocr_line' id='line_1_80' title="bbox 2177 3242 3742 3318; baseline -0.008 -13"><span class='ocrx_word' id='word_1_542' title='bbox 2177 3262 2256 3305; x_wconf 92' lang='lat' dir='ltr'><strong>ter</strong></span> <span class='ocrx_word' id='word_1_543' title='bbox 2274 3259 2328 3303; x_wconf 93' lang='lat' dir='ltr'><strong>et</strong></span> <span class='ocrx_word' id='word_1_544' title='bbox 2344 3248 2729 3318; x_wconf 88' lang='lat' dir='ltr'><strong>Cappadociam</strong></span> <span class='ocrx_word' id='word_1_545' title='bbox 2753 3246 2880 3301; x_wconf 91' lang='lat' dir='ltr'><strong>locis</strong></span> <span class='ocrx_word' id='word_1_546' title='bbox 2897 3257 3255 3299; x_wconf 89' lang='lat' dir='ltr'><strong>commoratus</strong></span> <span class='ocrx_word' id='word_1_547' title='bbox 3274 3255 3374 3298; x_wconf 87' lang='lat' dir='ltr'><strong>est.</strong></span> <span class='ocrx_word' id='word_1_548' title='bbox 3391 3243 3463 3297; x_wconf 77' lang='lat' dir='ltr'><strong>Ac</strong></span> <span class='ocrx_word' id='word_1_549' title='bbox 3486 3245 3536 3297; x_wconf 91' lang='lat' dir='ltr'><strong>in</strong></span> <span class='ocrx_word' id='word_1_550' title='bbox 3558 3242 3742 3313; x_wconf 77' lang='lat' dir='ltr'><strong>Bithy-</strong></span> 
     </span>
    </p>
   </div>
   <div class='ocr_carea' id='block_1_81' title="bbox 2177 3333 3739 3411">
    <p class='ocr_par' dir='ltr' id='par_1_81' title="bbox 2177 3333 3739 3411">
     <span class='ocr_line' id='line_1_81' title="bbox 2177 3333 3739 3411; baseline -0.007 -15"><span class='ocrx_word' id='word_1_551' title='bbox 2177 3343 2259 3396; x_wconf 89' lang='lat' dir='ltr'><strong>nia</strong></span> <span class='ocrx_word' id='word_1_552' title='bbox 2283 3341 2494 3411; x_wconf 88' lang='lat' dir='ltr'><strong>quidem</strong></span> <span class='ocrx_word' id='word_1_553' title='bbox 2525 3338 2802 3392; x_wconf 68' lang='lat' dir='ltr'><strong>horrendaa</strong></span> <span class='ocrx_word' id='word_1_554' title='bbox 2833 3338 2945 3406; x_wconf 85' lang='lat' dir='ltr'><strong>eius</strong></span> <span class='ocrx_word' id='word_1_555' title='bbox 2958 3338 3105 3403; x_wconf 85' lang='lat' dir='ltr'><strong>iussu</strong></span> <span class='ocrx_word' id='word_1_556' title='bbox 3132 3344 3263 3387; x_wconf 72' lang='lat' dir='ltr'><strong>actze</strong></span> <span class='ocrx_word' id='word_1_557' title='bbox 3296 3344 3421 3387; x_wconf 90' lang='lat' dir='ltr'><strong>sunt</strong></span> <span class='ocrx_word' id='word_1_558' title='bbox 3447 3333 3739 3400; x_wconf 62' lang='lat' dir='ltr'><strong>tragoediae,</strong></span> 
     </span>
    </p>
   </div>
   <div class='ocr_carea' id='block_1_82' title="bbox 2174 3423 3744 3503">
    <p class='ocr_par' dir='ltr' id='par_1_82' title="bbox 2174 3423 3744 3503">
     <span class='ocr_line' id='line_1_82' title="bbox 2174 3423 3744 3503; baseline -0.007 -15"><span class='ocrx_word' id='word_1_559' title='bbox 2174 3445 2333 3503; x_wconf 89' lang='lat' dir='ltr'><strong>atque</strong></span> <span class='ocrx_word' id='word_1_560' title='bbox 2368 3434 2504 3487; x_wconf 89' lang='lat' dir='ltr'><strong>hanc</strong></span> <span class='ocrx_word' id='word_1_561' title='bbox 2536 3429 2865 3501; x_wconf 80' lang='lat' dir='ltr'><strong>provinciam</strong></span> <span class='ocrx_word' id='word_1_562' title='bbox 2902 3425 3191 3494; x_wconf 87' lang='lat' dir='ltr'><strong>improviso</strong></span> <span class='ocrx_word' id='word_1_563' title='bbox 3232 3423 3429 3490; x_wconf 90' lang='lat' dir='ltr'><strong>impetu</strong></span> <span class='ocrx_word' id='word_1_564' title='bbox 3457 3436 3744 3491; x_wconf 86' lang='lat' dir='ltr'><strong>aggressus</strong></span> 
     </span>
    </p>
   </div>
   <div class='ocr_carea' id='block_1_83' title="bbox 2175 3514 3743 3597">
    <p class='ocr_par' dir='ltr' id='par_1_83' title="bbox 2175 3514 3743 3597">
     <span class='ocr_line' id='line_1_83' title="bbox 2175 3514 3743 3597; baseline -0.008 -16"><span class='ocrx_word' id='word_1_565' title='bbox 2175 3527 2389 3597; x_wconf 84' lang='lat' dir='ltr'><strong>penitus</strong></span> <span class='ocrx_word' id='word_1_566' title='bbox 2437 3525 2701 3589; x_wconf 78' lang='lat' dir='ltr'><strong>vastavit;</strong></span> <span class='ocrx_word' id='word_1_567' title='bbox 2745 3522 2795 3576; x_wconf 92' lang='lat' dir='ltr'><strong>in</strong></span> <span class='ocrx_word' id='word_1_568' title='bbox 2835 3518 3039 3576; x_wconf 87' lang='lat' dir='ltr'><strong>Galatia</strong></span> <span class='ocrx_word' id='word_1_569' title='bbox 3080 3526 3256 3571; x_wconf 89' lang='lat' dir='ltr'><strong>autem</strong></span> <span class='ocrx_word' id='word_1_570' title='bbox 3290 3514 3487 3568; x_wconf 90' lang='lat' dir='ltr'><strong>nullam</strong></span> <span class='ocrx_word' id='word_1_571' title='bbox 3517 3528 3743 3584; x_wconf 86' lang='lat' dir='ltr'><strong>prorsus</strong></span> 
     </span>
    </p>
   </div>
   <div class='ocr_carea' id='block_1_84' title="bbox 2178 3606 3745 3683">
    <p class='ocr_par' dir='ltr' id='par_1_84' title="bbox 2178 3606 3745 3683">
     <span class='ocr_line' id='line_1_84' title="bbox 2178 3606 3745 3683; baseline -0.006 -12"><span class='ocrx_word' id='word_1_572' title='bbox 2178 3634 2380 3673; x_wconf 88' lang='lat' dir='ltr'><strong>moram</strong></span> <span class='ocrx_word' id='word_1_573' title='bbox 2410 3618 2642 3683; x_wconf 81' lang='lat' dir='ltr'><strong>invenit,</strong></span> <span class='ocrx_word' id='word_1_574' title='bbox 2674 3630 2739 3670; x_wconf 90' lang='lat' dir='ltr'><strong>ac</strong></span> <span class='ocrx_word' id='word_1_575' title='bbox 2777 3614 2946 3669; x_wconf 86' lang='lat' dir='ltr'><strong>levem</strong></span> <span class='ocrx_word' id='word_1_576' title='bbox 2991 3621 3044 3667; x_wconf 92' lang='lat' dir='ltr'><strong>et</strong></span> <span class='ocrx_word' id='word_1_577' title='bbox 3092 3609 3341 3671; x_wconf 86' lang='lat' dir='ltr'><strong>mobilem</strong></span> <span class='ocrx_word' id='word_1_578' title='bbox 3371 3618 3580 3679; x_wconf 85' lang='lat' dir='ltr'><strong>gentem</strong></span> <span class='ocrx_word' id='word_1_579' title='bbox 3625 3606 3745 3662; x_wconf 89' lang='lat' dir='ltr'><strong>sine</strong></span> 
     </span>
    </p>
   </div>
   <div class='ocr_carea' id='block_1_85' title="bbox 2177 3698 3740 3776">
    <p class='ocr_par' dir='ltr' id='par_1_85' title="bbox 2177 3698 3740 3776">
     <span class='ocr_line' id='line_1_85' title="bbox 2177 3698 3740 3776; baseline -0.006 -15"><span class='ocrx_word' id='word_1_580' title='bbox 2177 3710 2395 3776; x_wconf 89' lang='lat' dir='ltr'><strong>pulvere</strong></span> <span class='ocrx_word' id='word_1_581' title='bbox 2428 3708 2641 3761; x_wconf 89' lang='lat' dir='ltr'><strong>devicit.</strong></span> <span class='ocrx_word' id='word_1_582' title='bbox 2680 3705 2771 3759; x_wconf 83' lang='lat' dir='ltr'><strong>llis</strong></span> <span class='ocrx_word' id='word_1_583' title='bbox 2802 3704 3038 3759; x_wconf 82' lang='lat' dir='ltr'><strong>victoriis</strong></span> <span class='ocrx_word' id='word_1_584' title='bbox 3072 3701 3285 3756; x_wconf 85' lang='lat' dir='ltr'><strong>inﬂatus</strong></span> <span class='ocrx_word' id='word_1_585' title='bbox 3312 3715 3458 3769; x_wconf 88' lang='lat' dir='ltr'><strong>spem</strong></span> <span class='ocrx_word' id='word_1_586' title='bbox 3484 3698 3740 3768; x_wconf 66' lang='lat' dir='ltr'><strong>frangeno</strong></span> 
     </span>
    </p>
   </div>
   <div class='ocr_carea' id='block_1_86' title="bbox 2179 3790 3743 3867">
    <p class='ocr_par' dir='ltr' id='par_1_86' title="bbox 2179 3790 3743 3867">
     <span class='ocr_line' id='line_1_86' title="bbox 2179 3790 3743 3867; baseline -0.004 -15"><span class='ocrx_word' id='word_1_587' title='bbox 2179 3798 2230 3852; x_wconf 92' lang='lat' dir='ltr'><strong>di</strong></span> <span class='ocrx_word' id='word_1_588' title='bbox 2265 3798 2441 3851; x_wconf 86' lang='lat' dir='ltr'><strong>Basilii</strong></span> <span class='ocrx_word' id='word_1_589' title='bbox 2470 3808 2525 3851; x_wconf 94' lang='lat' dir='ltr'><strong>et</strong></span> <span class='ocrx_word' id='word_1_590' title='bbox 2545 3797 2811 3867; x_wconf 76' lang='lat' dir='ltr'><strong>capiendae</strong></span> <span class='ocrx_word' id='word_1_591' title='bbox 2836 3796 3179 3863; x_wconf 76' lang='lat' dir='ltr'><strong>Cappadocia:</strong></span> <span class='ocrx_word' id='word_1_592' title='bbox 3204 3790 3552 3861; x_wconf 86' lang='lat' dir='ltr'><strong>concepit(r).</strong></span> <span class='ocrx_word' id='word_1_593' title='bbox 3587 3790 3743 3846; x_wconf 83' lang='lat' dir='ltr'><strong>Hunc</strong></span> 
     </span>
    </p>
   </div>
   <div class='ocr_carea' id='block_1_87' title="bbox 2180 3882 3745 3958">
    <p class='ocr_par' dir='ltr' id='par_1_87' title="bbox 2180 3882 3745 3958">
     <span class='ocr_line' id='line_1_87' title="bbox 2180 3882 3745 3958; baseline -0.005 -15"><span class='ocrx_word' id='word_1_594' title='bbox 2180 3889 2322 3943; x_wconf 92' lang='lat' dir='ltr'><strong>enim</strong></span> <span class='ocrx_word' id='word_1_595' title='bbox 2356 3890 2581 3957; x_wconf 90' lang='lat' dir='ltr'><strong>primum</strong></span> <span class='ocrx_word' id='word_1_596' title='bbox 2604 3889 2815 3958; x_wconf 79' lang='lat' dir='ltr'><strong>aggredi</strong></span> <span class='ocrx_word' id='word_1_597' title='bbox 2850 3902 2949 3941; x_wconf 89' lang='lat' dir='ltr'><strong>non</strong></span> <span class='ocrx_word' id='word_1_598' title='bbox 2979 3900 3137 3938; x_wconf 88' lang='lat' dir='ltr'><strong>ausus</strong></span> <span class='ocrx_word' id='word_1_599' title='bbox 3159 3893 3259 3946; x_wconf 87' lang='lat' dir='ltr'><strong>est,</strong></span> <span class='ocrx_word' id='word_1_600' title='bbox 3300 3898 3365 3935; x_wconf 87' lang='lat' dir='ltr'><strong>ne</strong></span> <span class='ocrx_word' id='word_1_601' title='bbox 3396 3882 3535 3935; x_wconf 88' lang='lat' dir='ltr'><strong>illius</strong></span> <span class='ocrx_word' id='word_1_602' title='bbox 3561 3897 3745 3936; x_wconf 74' lang='lat' dir='ltr'><strong>exem-</strong></span> 
     </span>
    </p>
   </div>
   <div class='ocr_carea' id='block_1_88' title="bbox 2181 3972 3746 4051">
    <p class='ocr_par' dir='ltr' id='par_1_88' title="bbox 2181 3972 3746 4051">
     <span class='ocr_line' id='line_1_88' title="bbox 2181 3972 3746 4051; baseline -0.006 -15"><span class='ocrx_word' id='word_1_603' title='bbox 2181 3982 2324 4051; x_wconf 90' lang='lat' dir='ltr'><strong>plum</strong></span> <span class='ocrx_word' id='word_1_604' title='bbox 2377 3980 2494 4035; x_wconf 89' lang='lat' dir='ltr'><strong>aliis</strong></span> <span class='ocrx_word' id='word_1_605' title='bbox 2539 3981 2747 4035; x_wconf 92' lang='lat' dir='ltr'><strong>animos</strong></span> <span class='ocrx_word' id='word_1_606' title='bbox 2800 3978 3019 4033; x_wconf 87' lang='lat' dir='ltr'><strong>adderet</strong></span> <span class='ocrx_word' id='word_1_607' title='bbox 3049 3978 3148 4046; x_wconf 77' lang='grc' dir='ltr'><strong>(ιι).</strong></span> <span class='ocrx_word' id='word_1_608' title='bbox 3189 3972 3292 4027; x_wconf 87' lang='lat' dir='ltr'><strong>Sed</strong></span> <span class='ocrx_word' id='word_1_609' title='bbox 3326 3988 3443 4026; x_wconf 90' lang='lat' dir='ltr'><strong>cum</strong></span> <span class='ocrx_word' id='word_1_610' title='bbox 3491 3974 3746 4029; x_wconf 88' lang='lat' dir='ltr'><strong>ﬁnitimos</strong></span> 
     </span>
    </p>
   </div>
   <div class='ocr_carea' id='block_1_89' title="bbox 2179 4068 3746 4141">
    <p class='ocr_par' dir='ltr' id='par_1_89' title="bbox 2179 4068 3746 4141">
     <span class='ocr_line' id='line_1_89' title="bbox 2179 4068 3746 4141; baseline -0.006 -14"><span class='ocrx_word' id='word_1_611' title='bbox 2179 4086 2364 4127; x_wconf 91' lang='lat' dir='ltr'><strong>omnes</strong></span> <span class='ocrx_word' id='word_1_612' title='bbox 2404 4072 2693 4141; x_wconf 70' lang='lat' dir='ltr'><strong>impietatis</strong></span> <span class='ocrx_word' id='word_1_613' title='bbox 2716 4070 2923 4125; x_wconf 87' lang='lat' dir='ltr'><strong>viribus</strong></span> <span class='ocrx_word' id='word_1_614' title='bbox 2961 4070 3277 4133; x_wconf 90' lang='lat' dir='ltr'><strong>domuisset,</strong></span> <span class='ocrx_word' id='word_1_615' title='bbox 3307 4083 3369 4123; x_wconf 91' lang='lat' dir='ltr'><strong>ac</strong></span> <span class='ocrx_word' id='word_1_616' title='bbox 3418 4068 3603 4124; x_wconf 87' lang='lat' dir='ltr'><strong>ditioni</strong></span> <span class='ocrx_word' id='word_1_617' title='bbox 3634 4080 3746 4120; x_wconf 69' lang='lat' dir='ltr'><strong>sua:</strong></span> 
     </span>
    </p>
   </div>
   <div class='ocr_carea' id='block_1_90' title="bbox 2182 4160 3747 4235">
    <p class='ocr_par' dir='ltr' id='par_1_90' title="bbox 2182 4160 3747 4235">
     <span class='ocr_line' id='line_1_90' title="bbox 2182 4160 3747 4235; baseline -0.005 -16"><span class='ocrx_word' id='word_1_618' title='bbox 2182 4164 2498 4231; x_wconf 73' lang='lat' dir='ltr'><strong>subiecisset</strong></span> <span class='ocrx_word' id='word_1_619' title='bbox 2522 4165 2775 4235; x_wconf 86' lang='lat' dir='ltr'><strong>quidquid</strong></span> <span class='ocrx_word' id='word_1_620' title='bbox 2810 4164 3027 4219; x_wconf 88' lang='lat' dir='ltr'><strong>obvium</strong></span> <span class='ocrx_word' id='word_1_621' title='bbox 3061 4160 3343 4225; x_wconf 82' lang='lat' dir='ltr'><strong>habuerat,</strong></span> <span class='ocrx_word' id='word_1_622' title='bbox 3395 4173 3546 4230; x_wconf 89' lang='lat' dir='ltr'><strong>turpe</strong></span> <span class='ocrx_word' id='word_1_623' title='bbox 3579 4170 3633 4213; x_wconf 93' lang='lat' dir='ltr'><strong>et</strong></span> <span class='ocrx_word' id='word_1_624' title='bbox 3660 4160 3747 4213; x_wconf 90' lang='lat' dir='ltr'><strong>in-</strong></span> 
     </span>
    </p>
   </div>
   <div class='ocr_carea' id='block_1_91' title="bbox 2182 4250 3750 4327">
    <p class='ocr_par' dir='ltr' id='par_1_91' title="bbox 2182 4250 3750 4327">
     <span class='ocr_line' id='line_1_91' title="bbox 2182 4250 3750 4327; baseline -0.005 -16"><span class='ocrx_word' id='word_1_625' title='bbox 2182 4258 2397 4327; x_wconf 82' lang='lat' dir='ltr'><strong>dignum</strong></span> <span class='ocrx_word' id='word_1_626' title='bbox 2423 4256 2647 4310; x_wconf 84' lang='lat' dir='ltr'><strong>ducebat</strong></span> <span class='ocrx_word' id='word_1_627' title='bbox 2682 4256 2749 4309; x_wconf 84' lang='lat' dir='ltr'><strong>ab</strong></span> <span class='ocrx_word' id='word_1_628' title='bbox 2776 4272 2880 4309; x_wconf 89' lang='lat' dir='ltr'><strong>uno</strong></span> <span class='ocrx_word' id='word_1_629' title='bbox 2911 4253 3129 4307; x_wconf 82' lang='lat' dir='ltr'><strong>homine</strong></span> <span class='ocrx_word' id='word_1_630' title='bbox 3164 4263 3217 4305; x_wconf 90' lang='lat' dir='ltr'><strong>et</strong></span> <span class='ocrx_word' id='word_1_631' title='bbox 3248 4270 3349 4307; x_wconf 81' lang='lat' dir='ltr'><strong>tina</strong></span> <span class='ocrx_word' id='word_1_632' title='bbox 3381 4252 3599 4309; x_wconf 86' lang='lat' dir='ltr'><strong>civitate</strong></span> <span class='ocrx_word' id='word_1_633' title='bbox 3629 4250 3750 4303; x_wconf 89' lang='lat' dir='ltr'><strong>vin-</strong></span> 
     </span>
    </p>
   </div>
   <div class='ocr_carea' id='block_1_92' title="bbox 2180 4340 3749 4417">
    <p class='ocr_par' dir='ltr' id='par_1_92' title="bbox 2180 4340 3749 4417">
     <span class='ocr_line' id='line_1_92' title="bbox 2180 4340 3749 4417; baseline -0.006 -11"><span class='ocrx_word' id='word_1_634' title='bbox 2180 4353 2249 4406; x_wconf 91' lang='lat' dir='ltr'><strong>ci.</strong></span> <span class='ocrx_word' id='word_1_635' title='bbox 2279 4350 2460 4417; x_wconf 86' lang='lat' dir='ltr'><strong>Itaque</strong></span> <span class='ocrx_word' id='word_1_636' title='bbox 2483 4363 2601 4401; x_wconf 91' lang='lat' dir='ltr'><strong>cum</strong></span> <span class='ocrx_word' id='word_1_637' title='bbox 2649 4348 2979 4402; x_wconf 86' lang='lat' dir='ltr'><strong>meminisset</strong></span> <span class='ocrx_word' id='word_1_638' title='bbox 3022 4360 3080 4399; x_wconf 90' lang='lat' dir='ltr'><strong>se</strong></span> <span class='ocrx_word' id='word_1_639' title='bbox 3112 4359 3250 4400; x_wconf 88' lang='lat' dir='ltr'><strong>anno</strong></span> <span class='ocrx_word' id='word_1_640' title='bbox 3285 4346 3409 4411; x_wconf 78' lang='lat'><strong>365,</strong></span> <span class='ocrx_word' id='word_1_641' title='bbox 3443 4358 3501 4397; x_wconf 88' lang='lat' dir='ltr'><strong>re</strong></span> <span class='ocrx_word' id='word_1_642' title='bbox 3550 4340 3749 4397; x_wconf 84' lang='lat' dir='ltr'><strong>infecta</strong></span> 
     </span>
    </p>
   </div>
   <div class='ocr_carea' id='block_1_93' title="bbox 2181 4434 3750 4508">
    <p class='ocr_par' dir='ltr' id='par_1_93' title="bbox 2181 4434 3750 4508">
     <span class='ocr_line' id='line_1_93' title="bbox 2181 4434 3750 4508; baseline -0.003 -14"><span class='ocrx_word' id='word_1_643' title='bbox 2181 4445 2247 4495; x_wconf 90' lang='lat' dir='ltr'><strong>ab</strong></span> <span class='ocrx_word' id='word_1_644' title='bbox 2290 4442 2391 4494; x_wconf 87' lang='lat' dir='ltr'><strong>hac</strong></span> <span class='ocrx_word' id='word_1_645' title='bbox 2420 4442 2551 4494; x_wconf 88' lang='lat' dir='ltr'><strong>urbe</strong></span> <span class='ocrx_word' id='word_1_646' title='bbox 2582 4439 2914 4500; x_wconf 75' lang='lat' dir='ltr'><strong>discessisse,</strong></span> <span class='ocrx_word' id='word_1_647' title='bbox 2944 4451 3060 4491; x_wconf 92' lang='lat' dir='ltr'><strong>cum</strong></span> <span class='ocrx_word' id='word_1_648' title='bbox 3115 4439 3317 4508; x_wconf 89' lang='lat' dir='ltr'><strong>majore</strong></span> <span class='ocrx_word' id='word_1_649' title='bbox 3367 4434 3640 4503; x_wconf 89' lang='lat' dir='ltr'><strong>impietate</strong></span> <span class='ocrx_word' id='word_1_650' title='bbox 3685 4450 3750 4489; x_wconf 88' lang='lat' dir='ltr'><strong>ac</strong></span> 
     </span>
    </p>
   </div>
   <div class='ocr_carea' id='block_1_94' title="bbox 521 4524 3751 4597">
    <p class='ocr_par' dir='ltr' id='par_1_94' title="bbox 521 4524 3751 4597">
     <span class='ocr_line' id='line_1_94' title="bbox 521 4524 3751 4597; baseline -0.003 -8"><span class='ocrx_word' id='word_1_651' title='bbox 521 4536 720 4582; x_wconf 67' lang='lat' dir='ltr'><strong>suum“</strong></span> <span class='ocrx_word' id='word_1_652' title='bbox 767 4528 1036 4583; x_wconf 72' lang='lat' dir='ltr'><strong>redaclam</strong></span> <span class='ocrx_word' id='word_1_653' title='bbox 1090 4538 1387 4594; x_wconf 69' lang='lat' dir='ltr'><strong>acceperat.</strong></span> <span class='ocrx_word' id='word_1_654' title='bbox 1424 4526 1577 4583; x_wconf 73' lang='lat' dir='ltr'><strong>Unde</strong></span> <span class='ocrx_word' id='word_1_655' title='bbox 1626 4524 1771 4579; x_wconf 73' lang='lat' dir='ltr'><strong>illum</strong></span> <span class='ocrx_word' id='word_1_656' title='bbox 1807 4533 2085 4591; x_wconf 69' lang='grc' dir='ltr'><strong>εοηηιίιηι</strong></span> <span class='ocrx_word' id='word_1_657' title='bbox 2116 4540 2160 4597; x_wconf 77' lang='grc' dir='ltr'><strong>ι)</strong></span> <span class='ocrx_word' id='word_1_658' title='bbox 2189 4532 2507 4588; x_wconf 86' lang='lat' dir='ltr'><strong>ferventiore</strong></span> <span class='ocrx_word' id='word_1_659' title='bbox 2537 4534 2651 4587; x_wconf 90' lang='lat' dir='ltr'><strong>acie</strong></span> <span class='ocrx_word' id='word_1_660' title='bbox 2698 4530 2931 4592; x_wconf 85' lang='lat' dir='ltr'><strong>rediens,</strong></span> <span class='ocrx_word' id='word_1_661' title='bbox 2968 4540 3218 4597; x_wconf 86' lang='lat' dir='ltr'><strong>acceptas</strong></span> <span class='ocrx_word' id='word_1_662' title='bbox 3266 4528 3449 4581; x_wconf 75' lang='lat' dir='ltr'><strong>clades</strong></span> <span class='ocrx_word' id='word_1_663' title='bbox 3498 4539 3751 4594; x_wconf 89' lang='lat' dir='ltr'><strong>reparare</strong></span> 
     </span>
    </p>
   </div>
   <div class='ocr_carea' id='block_1_95' title="bbox 523 4618 2085 4687">
    <p class='ocr_par' dir='ltr' id='par_1_95' title="bbox 523 4618 2085 4687">
     <span class='ocr_line' id='line_1_95' title="bbox 523 4618 2085 4687; baseline -0.004 -15"><span class='ocrx_word' id='word_1_664' title='bbox 523 4618 754 4674; x_wconf 87' lang='lat' dir='ltr'><strong>Basilius</strong></span> <span class='ocrx_word' id='word_1_665' title='bbox 774 4633 894 4673; x_wconf 92' lang='lat' dir='ltr'><strong>cum</strong></span> <span class='ocrx_word' id='word_1_666' title='bbox 922 4618 1202 4685; x_wconf 82' lang='lat' dir='ltr'><strong>Nauclero,</strong></span> <span class='ocrx_word' id='word_1_667' title='bbox 1228 4618 1316 4687; x_wconf 92' lang='lat' dir='ltr'><strong>qui</strong></span> <span class='ocrx_word' id='word_1_668' title='bbox 1345 4632 1530 4673; x_wconf 86' lang='lat' dir='ltr'><strong>navem</strong></span> <span class='ocrx_word' id='word_1_669' title='bbox 1559 4632 1729 4687; x_wconf 90' lang='lat' dir='ltr'><strong>nuper</strong></span> <span class='ocrx_word' id='word_1_670' title='bbox 1753 4625 2085 4684; x_wconf 88' lang='lat' dir='ltr'><strong>compactam</strong></span> 
     </span>
    </p>
   </div>
   <div class='ocr_carea' id='block_1_96' title="bbox 526 4708 2083 4781">
    <p class='ocr_par' dir='ltr' id='par_1_96' title="bbox 526 4708 2083 4781">
     <span class='ocr_line' id='line_1_96' title="bbox 526 4708 2083 4781; baseline -0.004 -16"><span class='ocrx_word' id='word_1_671' title='bbox 526 4715 580 4765; x_wconf 89' lang='lat' dir='ltr'><strong>in</strong></span> <span class='ocrx_word' id='word_1_672' title='bbox 632 4726 819 4781; x_wconf 84' lang='lat' dir='ltr'><strong>magna</strong></span> <span class='ocrx_word' id='word_1_673' title='bbox 860 4709 1121 4778; x_wconf 84' lang='lat' dir='ltr'><strong>gubernat</strong></span> <span class='ocrx_word' id='word_1_674' title='bbox 1168 4719 1505 4778; x_wconf 88' lang='lat' dir='ltr'><strong>tempestate.</strong></span> <span class='ocrx_word' id='word_1_675' title='bbox 1538 4709 1652 4765; x_wconf 83' lang='lat' dir='ltr'><strong>Non</strong></span> <span class='ocrx_word' id='word_1_676' title='bbox 1710 4708 1925 4764; x_wconf 91' lang='lat' dir='ltr'><strong>dubium</strong></span> <span class='ocrx_word' id='word_1_677' title='bbox 1980 4715 2083 4772; x_wconf 89' lang='lat' dir='ltr'><strong>est,</strong></span> 
     </span>
    </p>
   </div>
   <div class='ocr_carea' id='block_1_97' title="bbox 527 4800 2083 4870">
    <p class='ocr_par' dir='ltr' id='par_1_97' title="bbox 527 4800 2083 4870">
     <span class='ocr_line' id='line_1_97' title="bbox 527 4800 2083 4870; baseline -0.003 -16"><span class='ocrx_word' id='word_1_678' title='bbox 527 4805 656 4870; x_wconf 87' lang='lat' dir='ltr'><strong>quin</strong></span> <span class='ocrx_word' id='word_1_679' title='bbox 688 4817 841 4856; x_wconf 87' lang='lat' dir='ltr'><strong>suum</strong></span> <span class='ocrx_word' id='word_1_680' title='bbox 880 4800 1137 4855; x_wconf 90' lang='lat' dir='ltr'><strong>Therasio</strong></span> <span class='ocrx_word' id='word_1_681' title='bbox 1170 4810 1377 4870; x_wconf 86' lang='lat' dir='ltr'><strong>tempus</strong></span> <span class='ocrx_word' id='word_1_682' title='bbox 1410 4800 1461 4854; x_wconf 92' lang='lat' dir='ltr'><strong>in</strong></span> <span class='ocrx_word' id='word_1_683' title='bbox 1497 4800 1829 4870; x_wconf 85' lang='lat' dir='ltr'><strong>Cappadocia</strong></span> <span class='ocrx_word' id='word_1_684' title='bbox 1854 4800 2083 4853; x_wconf 83' lang='lat' dir='ltr'><strong>admini-</strong></span> 
     </span>
    </p>
   </div>
   <div class='ocr_carea' id='block_1_98' title="bbox 529 4890 2081 4961">
    <p class='ocr_par' dir='ltr' id='par_1_98' title="bbox 529 4890 2081 4961">
     <span class='ocr_line' id='line_1_98' title="bbox 529 4890 2081 4961; baseline -0.004 -15"><span class='ocrx_word' id='word_1_685' title='bbox 529 4896 745 4948; x_wconf 85' lang='lat' dir='ltr'><strong>stranda</strong></span> <span class='ocrx_word' id='word_1_686' title='bbox 773 4894 1055 4949; x_wconf 92' lang='lat' dir='ltr'><strong>emeritum</strong></span> <span class='ocrx_word' id='word_1_687' title='bbox 1088 4906 1191 4945; x_wconf 95' lang='lat' dir='ltr'><strong>non</strong></span> <span class='ocrx_word' id='word_1_688' title='bbox 1224 4890 1400 4954; x_wconf 90' lang='lat' dir='ltr'><strong>fuerit,</strong></span> <span class='ocrx_word' id='word_1_689' title='bbox 1437 4904 1557 4944; x_wconf 90' lang='lat' dir='ltr'><strong>cum</strong></span> <span class='ocrx_word' id='word_1_690' title='bbox 1586 4891 1724 4946; x_wconf 89' lang='lat' dir='ltr'><strong>hanc</strong></span> <span class='ocrx_word' id='word_1_691' title='bbox 1755 4890 2081 4961; x_wconf 83' lang='lat' dir='ltr'><strong>provinciam</strong></span> 
     </span>
    </p>
   </div>
   <div class='ocr_carea' id='block_1_99' title="bbox 530 4980 2086 5051">
    <p class='ocr_par' dir='ltr' id='par_1_99' title="bbox 530 4980 2086 5051">
     <span class='ocr_line' id='line_1_99' title="bbox 530 4980 2086 5051; baseline -0.004 -14"><span class='ocrx_word' id='word_1_692' title='bbox 530 4982 766 5049; x_wconf 87' lang='lat' dir='ltr'><strong>reliquit.</strong></span> <span class='ocrx_word' id='word_1_693' title='bbox 817 4980 1079 5051; x_wconf 89' lang='lat' dir='ltr'><strong>Sperabat</strong></span> <span class='ocrx_word' id='word_1_694' title='bbox 1125 4980 1268 5034; x_wconf 94' lang='lat' dir='ltr'><strong>enim</strong></span> <span class='ocrx_word' id='word_1_695' title='bbox 1325 4980 1552 5033; x_wconf 90' lang='lat' dir='ltr'><strong>Basilius</strong></span> <span class='ocrx_word' id='word_1_696' title='bbox 1610 4980 1869 5049; x_wconf 78' lang='lat' dir='ltr'><strong>Elpidium</strong></span> <span class='ocrx_word' id='word_1_697' title='bbox 1910 4982 1977 5034; x_wconf 90' lang='lat' dir='ltr'><strong>ab</strong></span> <span class='ocrx_word' id='word_1_698' title='bbox 2022 4994 2086 5033; x_wconf 89' lang='lat' dir='ltr'><strong>eo</strong></span> 
     </span>
    </p>
   </div>
   <div class='ocr_carea' id='block_1_100' title="bbox 530 5072 2088 5142">
    <p class='ocr_par' dir='ltr' id='par_1_100' title="bbox 530 5072 2088 5142">
     <span class='ocr_line' id='line_1_100' title="bbox 530 5072 2088 5142; baseline -0.004 -13"><span class='ocrx_word' id='word_1_699' title='bbox 530 5090 636 5129; x_wconf 93' lang='lat' dir='ltr'><strong>non</strong></span> <span class='ocrx_word' id='word_1_700' title='bbox 670 5074 1049 5139; x_wconf 87' lang='lat' dir='ltr'><strong>discessurum,</strong></span> <span class='ocrx_word' id='word_1_701' title='bbox 1098 5082 1151 5127; x_wconf 88' lang='lat' dir='ltr'><strong>et</strong></span> <span class='ocrx_word' id='word_1_702' title='bbox 1177 5074 1224 5127; x_wconf 89' lang='lat' dir='ltr'><strong>ei</strong></span> <span class='ocrx_word' id='word_1_703' title='bbox 1266 5073 1317 5125; x_wconf 92' lang='lat' dir='ltr'><strong>in</strong></span> <span class='ocrx_word' id='word_1_704' title='bbox 1352 5072 1605 5127; x_wconf 90' lang='lat' dir='ltr'><strong>sanandis</strong></span> <span class='ocrx_word' id='word_1_705' title='bbox 1656 5075 1941 5142; x_wconf 65' lang='lat' dir='ltr'><strong>provincia:</strong></span> <span class='ocrx_word' id='word_1_706' title='bbox 1972 5072 2088 5124; x_wconf 83' lang='lat' dir='ltr'><strong>vul-</strong></span> 
     </span>
    </p>
   </div>
   <div class='ocr_carea' id='block_1_101' title="bbox 533 5164 2085 5235">
    <p class='ocr_par' dir='ltr' id='par_1_101' title="bbox 533 5164 2085 5235">
     <span class='ocr_line' id='line_1_101' title="bbox 533 5164 2085 5235; baseline -0.005 -14"><span class='ocrx_word' id='word_1_707' title='bbox 533 5167 752 5221; x_wconf 90' lang='lat' dir='ltr'><strong>neribus</strong></span> <span class='ocrx_word' id='word_1_708' title='bbox 777 5180 993 5235; x_wconf 83' lang='lat' dir='ltr'><strong>operam</strong></span> <span class='ocrx_word' id='word_1_709' title='bbox 1022 5166 1290 5221; x_wconf 85' lang='lat' dir='ltr'><strong>daturum.</strong></span> <span class='ocrx_word' id='word_1_710' title='bbox 1317 5164 1421 5218; x_wconf 91' lang='lat' dir='ltr'><strong>Sed</strong></span> <span class='ocrx_word' id='word_1_711' title='bbox 1448 5176 1622 5218; x_wconf 89' lang='lat' dir='ltr'><strong>tamen</strong></span> <span class='ocrx_word' id='word_1_712' title='bbox 1638 5166 1858 5230; x_wconf 89' lang='lat' dir='ltr'><strong>_videtur</strong></span> <span class='ocrx_word' id='word_1_713' title='bbox 1890 5178 2085 5218; x_wconf 88' lang='lat' dir='ltr'><strong>annum</strong></span> 
     </span>
    </p>
   </div>
   <div class='ocr_carea' id='block_1_102' title="bbox 460 5258 2083 5332">
    <p class='ocr_par' dir='ltr' id='par_1_102' title="bbox 460 5258 2083 5332">
     <span class='ocr_line' id='line_1_102' title="bbox 460 5258 2083 5332; baseline -0.003 -17"><span class='ocrx_word' id='word_1_714' title='bbox 460 5288 461 5291; x_wconf 56' lang='grc' dir='ltr'><strong>η</strong></span> <span class='ocrx_word' id='word_1_715' title='bbox 528 5264 641 5332; x_wconf 86' lang='lat' dir='ltr'><strong>iam</strong></span> <span class='ocrx_word' id='word_1_716' title='bbox 672 5262 875 5315; x_wconf 66' lang='lat' dir='ltr'><strong>rexisse</strong></span> <span class='ocrx_word' id='word_1_717' title='bbox 892 5260 1303 5329; x_wconf 87' lang='lat' dir='ltr'><strong>Cappadociam,</strong></span> <span class='ocrx_word' id='word_1_718' title='bbox 1329 5274 1449 5314; x_wconf 91' lang='lat' dir='ltr'><strong>eum</strong></span> <span class='ocrx_word' id='word_1_719' title='bbox 1491 5259 1703 5314; x_wconf 88' lang='lat' dir='ltr'><strong>decreta</strong></span> <span class='ocrx_word' id='word_1_720' title='bbox 1741 5269 1822 5313; x_wconf 88' lang='lat' dir='ltr'><strong>est</strong></span> <span class='ocrx_word' id='word_1_721' title='bbox 1848 5258 2037 5313; x_wconf 88' lang='lat' dir='ltr'><strong>divisio</strong></span> <span class='ocrx_word' id='word_1_722' title='bbox 2070 5274 2083 5310; x_wconf 91' lang='lat'><strong>:</strong></span> 
     </span>
    </p>
   </div>
   <div class='ocr_carea' id='block_1_103' title="bbox 538 5350 2089 5422">
    <p class='ocr_par' dir='ltr' id='par_1_103' title="bbox 538 5350 2089 5422">
     <span class='ocr_line' id='line_1_103' title="bbox 538 5350 2089 5422; baseline -0.003 -14"><span class='ocrx_word' id='word_1_723' title='bbox 538 5370 659 5409; x_wconf 86' lang='lat' dir='ltr'><strong>nam</strong></span> <span class='ocrx_word' id='word_1_724' title='bbox 691 5368 831 5421; x_wconf 67' lang='lat' dir='ltr'><strong>saepe</strong></span> <span class='ocrx_word' id='word_1_725' title='bbox 858 5352 1085 5407; x_wconf 91' lang='lat' dir='ltr'><strong>Basilius</strong></span> <span class='ocrx_word' id='word_1_726' title='bbox 1108 5353 1181 5422; x_wconf 89' lang='lat' dir='ltr'><strong>(a)</strong></span> <span class='ocrx_word' id='word_1_727' title='bbox 1212 5366 1539 5407; x_wconf 88' lang='lat' dir='ltr'><strong>assessorem</strong></span> <span class='ocrx_word' id='word_1_728' title='bbox 1575 5351 1781 5405; x_wconf 89' lang='lat' dir='ltr'><strong>viderat</strong></span> <span class='ocrx_word' id='word_1_729' title='bbox 1813 5350 2089 5413; x_wconf 60' lang='lat' dir='ltr'><strong>Caesareae,</strong></span> 
     </span>
    </p>
   </div>
   <div class='ocr_carea' id='block_1_104' title="bbox 535 5441 2094 5516">
    <p class='ocr_par' dir='ltr' id='par_1_104' title="bbox 535 5441 2094 5516">
     <span class='ocr_line' id='line_1_104' title="bbox 535 5441 2094 5516; baseline -0.005 -15"><span class='ocrx_word' id='word_1_730' title='bbox 535 5463 692 5516; x_wconf 88' lang='lat' dir='ltr'><strong>quem</strong></span> <span class='ocrx_word' id='word_1_731' title='bbox 727 5455 899 5499; x_wconf 85' lang='lat' dir='ltr'><strong>tamen</strong></span> <span class='ocrx_word' id='word_1_732' title='bbox 927 5460 1032 5500; x_wconf 89' lang='lat' dir='ltr'><strong>non</strong></span> <span class='ocrx_word' id='word_1_733' title='bbox 1060 5446 1293 5509; x_wconf 87' lang='lat' dir='ltr'><strong>videbat,</strong></span> <span class='ocrx_word' id='word_1_734' title='bbox 1322 5444 1423 5499; x_wconf 88' lang='lat' dir='ltr'><strong>nisi</strong></span> <span class='ocrx_word' id='word_1_735' title='bbox 1459 5456 1657 5514; x_wconf 75' lang='lat' dir='ltr'><strong>praeses</strong></span> <span class='ocrx_word' id='word_1_736' title='bbox 1681 5441 1973 5498; x_wconf 71' lang='lat' dir='ltr'><strong>Caesaream</strong></span> <span class='ocrx_word' id='word_1_737' title='bbox 2006 5453 2094 5493; x_wconf 89' lang='lat' dir='ltr'><strong>vc-</strong></span> 
     </span>
    </p>
   </div>
   <div class='ocr_carea' id='block_1_105' title="bbox 537 5542 693 5595">
    <p class='ocr_par' dir='ltr' id='par_1_105' title="bbox 537 5542 693 5595">
     <span class='ocr_line' id='line_1_105' title="bbox 537 5542 693 5595; baseline 0.006 -1"><span class='ocrx_word' id='word_1_738' title='bbox 537 5542 693 5595; x_wconf 83' lang='lat' dir='ltr'><strong>ttiret.</strong></span> 
     </span>
    </p>
   </div>
   <div class='ocr_carea' id='block_1_106' title="bbox 603 5677 931 5746">
    <p class='ocr_par' dir='ltr' id='par_1_106' title="bbox 603 5677 931 5746">
     <span class='ocr_line' id='line_1_106' title="bbox 603 5677 931 5746; baseline 0.003 -19"><span class='ocrx_word' id='word_1_739' title='bbox 603 5678 679 5746; x_wconf 82' lang='lat' dir='ltr'><strong>(a)</strong></span> <span class='ocrx_word' id='word_1_740' title='bbox 715 5677 809 5742; x_wconf 83' lang='lat' dir='ltr'><strong>Ep.</strong></span> <span class='ocrx_word' id='word_1_741' title='bbox 846 5677 931 5729; x_wconf 84' lang='lat'><strong>77.</strong></span> 
     </span>
    </p>
   </div>
   <div class='ocr_carea' id='block_1_107' title="bbox 606 5746 1181 5813">
    <p class='ocr_par' dir='ltr' id='par_1_107' title="bbox 606 5746 1181 5813">
     <span class='ocr_line' id='line_1_107' title="bbox 606 5746 1181 5813; baseline -0.007 -10"><span class='ocrx_word' id='word_1_742' title='bbox 606 5748 678 5813; x_wconf 76' lang='lat' dir='ltr'><strong>ib)</strong></span> <span class='ocrx_word' id='word_1_743' title='bbox 716 5746 870 5813; x_wconf 75' lang='lat' dir='ltr'><strong>Nyss.</strong></span> <span class='ocrx_word' id='word_1_744' title='bbox 907 5764 921 5799; x_wconf 88' lang='lat' dir='ltr'><strong>t</strong></span> <span class='ocrx_word' id='word_1_745' title='bbox 958 5746 1181 5799; x_wconf 69' lang='lat' dir='ltr'><strong>Eunoni.</strong></span> 
     </span>
    </p>
   </div>
   <div class='ocr_carea' id='block_1_108' title="bbox 610 5814 1450 5880">
    <p class='ocr_par' dir='ltr' id='par_1_108' title="bbox 610 5814 1450 5880">
     <span class='ocr_line' id='line_1_108' title="bbox 610 5814 1450 5880; baseline -0.007 -9"><span class='ocrx_word' id='word_1_746' title='bbox 610 5822 678 5876; x_wconf 74' lang='lat' dir='ltr'><strong>lc)</strong></span> <span class='ocrx_word' id='word_1_747' title='bbox 717 5814 1038 5872; x_wconf 74' lang='lat' dir='ltr'><strong>Theodorei.</strong></span> <span class='ocrx_word' id='word_1_748' title='bbox 1063 5817 1154 5869; x_wconf 87' lang='lat' dir='ltr'><strong>lib.</strong></span> <span class='ocrx_word' id='word_1_749' title='bbox 1184 5830 1253 5880; x_wconf 85' lang='lat' dir='ltr'><strong>tv,</strong></span> <span class='ocrx_word' id='word_1_750' title='bbox 1282 5828 1330 5868; x_wconf 90' lang='lat' dir='ltr'><strong>c.</strong></span> <span class='ocrx_word' id='word_1_751' title='bbox 1363 5814 1450 5867; x_wconf 76' lang='lat' dir='ltr'><strong>l9.</strong></span> 
     </span>
    </p>
   </div>
   <div class='ocr_carea' id='block_1_109' title="bbox 2191 4619 3744 4696">
    <p class='ocr_par' dir='ltr' id='par_1_109' title="bbox 2191 4619 3744 4696">
     <span class='ocr_line' id='line_1_109' title="bbox 2191 4619 3744 4696; baseline -0.003 -20"><span class='ocrx_word' id='word_1_752' title='bbox 2191 4625 2359 4677; x_wconf 88' lang='lat' dir='ltr'><strong>voluit</strong></span> <span class='ocrx_word' id='word_1_753' title='bbox 2391 4626 2479 4696; x_wconf 87' lang='lat' dir='ltr'><strong>(e).</strong></span> <span class='ocrx_word' id='word_1_754' title='bbox 2512 4621 2853 4678; x_wconf 71' lang='lat' dir='ltr'><strong>Prmcedebat</strong></span> <span class='ocrx_word' id='word_1_755' title='bbox 2881 4638 2998 4676; x_wconf 87' lang='lat' dir='ltr'><strong>eum</strong></span> <span class='ocrx_word' id='word_1_756' title='bbox 3044 4620 3317 4676; x_wconf 74' lang='lat' dir='ltr'><strong>Modestus</strong></span> <span class='ocrx_word' id='word_1_757' title='bbox 3348 4619 3580 4687; x_wconf 76' lang='lat' dir='ltr'><strong>prtetorii</strong></span> <span class='ocrx_word' id='word_1_758' title='bbox 3605 4633 3744 4683; x_wconf 78' lang='lat' dir='ltr'><strong>pra:-</strong></span> 
     </span>
    </p>
   </div>
   <div class='ocr_carea' id='block_1_110' title="bbox 2192 4708 3749 4782">
    <p class='ocr_par' dir='ltr' id='par_1_110' title="bbox 2192 4708 3749 4782">
     <span class='ocr_line' id='line_1_110' title="bbox 2192 4708 3749 4782; baseline -0.007 -13"><span class='ocrx_word' id='word_1_759' title='bbox 2192 4716 2380 4782; x_wconf 86' lang='lat' dir='ltr'><strong>fectus,</strong></span> <span class='ocrx_word' id='word_1_760' title='bbox 2414 4716 2491 4769; x_wconf 88' lang='lat' dir='ltr'><strong>vir</strong></span> <span class='ocrx_word' id='word_1_761' title='bbox 2520 4723 2573 4767; x_wconf 92' lang='lat' dir='ltr'><strong>et</strong></span> <span class='ocrx_word' id='word_1_762' title='bbox 2607 4711 2893 4766; x_wconf 87' lang='lat' dir='ltr'><strong>Catholicis</strong></span> <span class='ocrx_word' id='word_1_763' title='bbox 2924 4711 3160 4765; x_wconf 87' lang='lat' dir='ltr'><strong>infensus</strong></span> <span class='ocrx_word' id='word_1_764' title='bbox 3186 4720 3239 4764; x_wconf 92' lang='lat' dir='ltr'><strong>ct</strong></span> <span class='ocrx_word' id='word_1_765' title='bbox 3266 4708 3480 4762; x_wconf 81' lang='lat' dir='ltr'><strong>Arianis</strong></span> <span class='ocrx_word' id='word_1_766' title='bbox 3513 4708 3749 4768; x_wconf 82' lang='lat' dir='ltr'><strong>deditus,</strong></span> 
     </span>
    </p>
   </div>
   <div class='ocr_carea' id='block_1_111' title="bbox 2193 4798 3753 4875">
    <p class='ocr_par' dir='ltr' id='par_1_111' title="bbox 2193 4798 3753 4875">
     <span class='ocr_line' id='line_1_111' title="bbox 2193 4798 3753 4875; baseline -0.006 -18"><span class='ocrx_word' id='word_1_767' title='bbox 2193 4806 2260 4859; x_wconf 90' lang='lat' dir='ltr'><strong>ab</strong></span> <span class='ocrx_word' id='word_1_768' title='bbox 2282 4807 2453 4875; x_wconf 89' lang='lat' dir='ltr'><strong>iisque</strong></span> <span class='ocrx_word' id='word_1_769' title='bbox 2483 4805 2783 4873; x_wconf 86' lang='lat' dir='ltr'><strong>baptizatus</strong></span> <span class='ocrx_word' id='word_1_770' title='bbox 2814 4818 2829 4856; x_wconf 87' lang='lat'><strong>:</strong></span> <span class='ocrx_word' id='word_1_771' title='bbox 2863 4804 2951 4872; x_wconf 88' lang='lat' dir='ltr'><strong>qni</strong></span> <span class='ocrx_word' id='word_1_772' title='bbox 2999 4803 3133 4855; x_wconf 86' lang='lat' dir='ltr'><strong>hanc</strong></span> <span class='ocrx_word' id='word_1_773' title='bbox 3179 4815 3361 4854; x_wconf 91' lang='lat' dir='ltr'><strong>curam</strong></span> <span class='ocrx_word' id='word_1_774' title='bbox 3390 4808 3443 4853; x_wconf 90' lang='lat' dir='ltr'><strong>et</strong></span> <span class='ocrx_word' id='word_1_775' title='bbox 3491 4798 3753 4855; x_wconf 82' lang='lat' dir='ltr'><strong>sollicitu-</strong></span> 
     </span>
    </p>
   </div>
   <div class='ocr_carea' id='block_1_112' title="bbox 2192 4890 3753 4964">
    <p class='ocr_par' dir='ltr' id='par_1_112' title="bbox 2192 4890 3753 4964">
     <span class='ocr_line' id='line_1_112' title="bbox 2192 4890 3753 4964; baseline -0.007 -13"><span class='ocrx_word' id='word_1_776' title='bbox 2192 4898 2364 4951; x_wconf 88' lang='lat' dir='ltr'><strong>dinem</strong></span> <span class='ocrx_word' id='word_1_777' title='bbox 2394 4899 2534 4949; x_wconf 83' lang='lat' dir='ltr'><strong>intcr</strong></span> <span class='ocrx_word' id='word_1_778' title='bbox 2578 4894 2873 4964; x_wconf 72' lang='lat' dir='ltr'><strong>prmcipuas</strong></span> <span class='ocrx_word' id='word_1_779' title='bbox 2900 4890 3383 4946; x_wconf 80' lang='lat' dir='ltr'><strong>adminisuationis</strong></span> <span class='ocrx_word' id='word_1_780' title='bbox 3426 4906 3535 4944; x_wconf 78' lang='lat' dir='ltr'><strong>sua:</strong></span> <span class='ocrx_word' id='word_1_781' title='bbox 3571 4899 3753 4958; x_wconf 89' lang='lat' dir='ltr'><strong>partes</strong></span> 
     </span>
    </p>
   </div>
   <div class='ocr_carea' id='block_1_113' title="bbox 2186 4981 3749 5047">
    <p class='ocr_par' dir='ltr' id='par_1_113' title="bbox 2186 4981 3749 5047">
     <span class='ocr_line' id='line_1_113' title="bbox 2186 4981 3749 5047; baseline -0.008 -6"><span class='ocrx_word' id='word_1_782' title='bbox 2186 4988 2539 5047; x_wconf 89' lang='lat' dir='ltr'><strong>numerabat,</strong></span> <span class='ocrx_word' id='word_1_783' title='bbox 2569 4995 2626 5039; x_wconf 91' lang='lat' dir='ltr'><strong>ut</strong></span> <span class='ocrx_word' id='word_1_784' title='bbox 2655 4986 2828 5040; x_wconf 90' lang='lat' dir='ltr'><strong>nullus</strong></span> <span class='ocrx_word' id='word_1_785' title='bbox 2880 4985 3001 5038; x_wconf 87' lang='lat' dir='ltr'><strong>ﬁdei</strong></span> <span class='ocrx_word' id='word_1_786' title='bbox 3046 4981 3292 5037; x_wconf 79' lang='lat' dir='ltr'><strong>defensor</strong></span> <span class='ocrx_word' id='word_1_787' title='bbox 3322 4983 3463 5035; x_wconf 89' lang='lat' dir='ltr'><strong>domi</strong></span> <span class='ocrx_word' id='word_1_788' title='bbox 3491 4988 3749 5043; x_wconf 75' lang='lat' dir='ltr'><strong>maneret,</strong></span> 
     </span>
    </p>
   </div>
   <div class='ocr_carea' id='block_1_114' title="bbox 2187 5069 3755 5150">
    <p class='ocr_par' dir='ltr' id='par_1_114' title="bbox 2187 5069 3755 5150">
     <span class='ocr_line' id='line_1_114' title="bbox 2187 5069 3755 5150; baseline -0.01 -14"><span class='ocrx_word' id='word_1_789' title='bbox 2187 5082 2277 5135; x_wconf 85' lang='lat' dir='ltr'><strong>sed</strong></span> <span class='ocrx_word' id='word_1_790' title='bbox 2305 5079 2471 5150; x_wconf 88' lang='lat' dir='ltr'><strong>pulsis</strong></span> <span class='ocrx_word' id='word_1_791' title='bbox 2507 5077 2755 5132; x_wconf 91' lang='lat' dir='ltr'><strong>omnibus</strong></span> <span class='ocrx_word' id='word_1_792' title='bbox 2779 5074 3092 5131; x_wconf 80' lang='lat' dir='ltr'><strong>orthodoxis</strong></span> <span class='ocrx_word' id='word_1_793' title='bbox 3121 5074 3525 5127; x_wconf 91' lang='lat' dir='ltr'><strong>intruderentur</strong></span> <span class='ocrx_word' id='word_1_794' title='bbox 3554 5069 3755 5125; x_wconf 88' lang='lat' dir='ltr'><strong>doctri-</strong></span> 
     </span>
    </p>
   </div>
   <div class='ocr_carea' id='block_1_115' title="bbox 2189 5159 3755 5239">
    <p class='ocr_par' dir='ltr' id='par_1_115' title="bbox 2189 5159 3755 5239">
     <span class='ocr_line' id='line_1_115' title="bbox 2189 5159 3755 5239; baseline -0.01 -12"><span class='ocrx_word' id='word_1_795' title='bbox 2189 5187 2270 5227; x_wconf 66' lang='lat' dir='ltr'><strong>nte</strong></span> <span class='ocrx_word' id='word_1_796' title='bbox 2299 5169 2633 5239; x_wconf 87' lang='lat' dir='ltr'><strong>imperatoris</strong></span> <span class='ocrx_word' id='word_1_797' title='bbox 2672 5168 3067 5239; x_wconf 85' lang='lat' dir='ltr'><strong>astipulatores,</strong></span> <span class='ocrx_word' id='word_1_798' title='bbox 3098 5165 3380 5234; x_wconf 88' lang='lat' dir='ltr'><strong>impiormn</strong></span> <span class='ocrx_word' id='word_1_799' title='bbox 3418 5159 3755 5232; x_wconf 77' lang='lat' dir='ltr'><strong>syngrapbo-</strong></span> 
     </span>
    </p>
   </div>
   <div class='ocr_carea' id='block_1_116' title="bbox 2195 5258 3755 5327">
    <p class='ocr_par' dir='ltr' id='par_1_116' title="bbox 2195 5258 3755 5327">
     <span class='ocr_line' id='line_1_116' title="bbox 2195 5258 3755 5327; baseline -0.007 -10"><span class='ocrx_word' id='word_1_800' title='bbox 2195 5279 2309 5317; x_wconf 90' lang='lat' dir='ltr'><strong>rum</strong></span> <span class='ocrx_word' id='word_1_801' title='bbox 2331 5274 2628 5327; x_wconf 81' lang='lat' dir='ltr'><strong>exactores,</strong></span> <span class='ocrx_word' id='word_1_802' title='bbox 2663 5263 2741 5315; x_wconf 89' lang='lat' dir='ltr'><strong>vel</strong></span> <span class='ocrx_word' id='word_1_803' title='bbox 2772 5259 3097 5315; x_wconf 89' lang='lat' dir='ltr'><strong>deteriorum</strong></span> <span class='ocrx_word' id='word_1_804' title='bbox 3121 5260 3279 5312; x_wconf 89' lang='lat' dir='ltr'><strong>etiam</strong></span> <span class='ocrx_word' id='word_1_805' title='bbox 3312 5258 3628 5326; x_wconf 89' lang='lat' dir='ltr'><strong>scriptorum</strong></span> <span class='ocrx_word' id='word_1_806' title='bbox 3659 5268 3755 5306; x_wconf 83' lang='lat' dir='ltr'><strong>su-</strong></span> 
     </span>
    </p>
   </div>
   <div class='ocr_carea' id='block_1_117' title="bbox 2191 5342 3754 5418">
    <p class='ocr_par' dir='ltr' id='par_1_117' title="bbox 2191 5342 3754 5418">
     <span class='ocr_line' id='line_1_117' title="bbox 2191 5342 3754 5418; baseline -0.008 -10"><span class='ocrx_word' id='word_1_807' title='bbox 2191 5364 2390 5411; x_wconf 84' lang='lat' dir='ltr'><strong>ctores.</strong></span> <span class='ocrx_word' id='word_1_808' title='bbox 2416 5352 2522 5407; x_wconf 90' lang='lat' dir='ltr'><strong>Sed</strong></span> <span class='ocrx_word' id='word_1_809' title='bbox 2555 5361 2676 5405; x_wconf 88' lang='lat' dir='ltr'><strong>ante</strong></span> <span class='ocrx_word' id='word_1_810' title='bbox 2705 5352 2876 5418; x_wconf 88' lang='lat' dir='ltr'><strong>ipsum</strong></span> <span class='ocrx_word' id='word_1_811' title='bbox 2903 5347 3209 5416; x_wconf 68' lang='lat' dir='ltr'><strong>praafectum</strong></span> <span class='ocrx_word' id='word_1_812' title='bbox 3240 5356 3498 5400; x_wconf 85' lang='lat' dir='ltr'><strong>venerunt</strong></span> <span class='ocrx_word' id='word_1_813' title='bbox 3534 5344 3583 5396; x_wconf 91' lang='lat' dir='ltr'><strong>in</strong></span> <span class='ocrx_word' id='word_1_814' title='bbox 3613 5342 3754 5413; x_wconf 87' lang='lat' dir='ltr'><strong>Cap-</strong></span> 
     </span>
    </p>
   </div>
   <div class='ocr_carea' id='block_1_118' title="bbox 2195 5433 3757 5513">
    <p class='ocr_par' dir='ltr' id='par_1_118' title="bbox 2195 5433 3757 5513">
     <span class='ocr_line' id='line_1_118' title="bbox 2195 5433 3757 5513; baseline -0.004 -18"><span class='ocrx_word' id='word_1_815' title='bbox 2195 5445 2469 5513; x_wconf 87' lang='lat' dir='ltr'><strong>padociam</strong></span> <span class='ocrx_word' id='word_1_816' title='bbox 2499 5442 2678 5495; x_wconf 85' lang='lat' dir='ltr'><strong>Ariani</strong></span> <span class='ocrx_word' id='word_1_817' title='bbox 2708 5440 2963 5511; x_wconf 80' lang='lat' dir='ltr'><strong>episcopi,</strong></span> <span class='ocrx_word' id='word_1_818' title='bbox 2982 5454 3205 5508; x_wconf 89' lang='lat' dir='ltr'><strong>quorum</strong></span> <span class='ocrx_word' id='word_1_819' title='bbox 3230 5437 3329 5492; x_wconf 84' lang='lat' dir='ltr'><strong>dus</strong></span> <span class='ocrx_word' id='word_1_820' title='bbox 3360 5436 3567 5489; x_wconf 86' lang='lat' dir='ltr'><strong>videtur</strong></span> <span class='ocrx_word' id='word_1_821' title='bbox 3590 5433 3757 5489; x_wconf 65' lang='lat' dir='ltr'><strong>misse</strong></span> 
     </span>
    </p>
   </div>
   <div class='ocr_carea' id='block_1_119' title="bbox 2198 5534 2474 5604">
    <p class='ocr_par' dir='ltr' id='par_1_119' title="bbox 2198 5534 2474 5604">
     <span class='ocr_line' id='line_1_119' title="bbox 2198 5534 2474 5604; baseline -0.004 -15"><span class='ocrx_word' id='word_1_822' title='bbox 2198 5534 2474 5604; x_wconf 80' lang='lat' dir='ltr'><strong>Euippius.</strong></span> 
     </span>
    </p>
   </div>
   <div class='ocr_carea' id='block_1_120' title="bbox 2297 5668 2737 5736">
    <p class='ocr_par' dir='ltr' id='par_1_120' title="bbox 2297 5668 2737 5736">
     <span class='ocr_line' id='line_1_120' title="bbox 2297 5668 2737 5736; baseline 0 -13"><span class='ocrx_word' id='word_1_823' title='bbox 2297 5671 2350 5736; x_wconf 79' lang='lat' dir='ltr'><strong>tl)</strong></span> <span class='ocrx_word' id='word_1_824' title='bbox 2392 5670 2516 5723; x_wconf 83' lang='lat' dir='ltr'><strong>Naz.</strong></span> <span class='ocrx_word' id='word_1_825' title='bbox 2540 5685 2619 5721; x_wconf 91' lang='lat' dir='ltr'><strong>or.</strong></span> <span class='ocrx_word' id='word_1_826' title='bbox 2649 5668 2737 5723; x_wconf 71' lang='lat'><strong>‘20.</strong></span> 
     </span>
    </p>
   </div>
   <div class='ocr_carea' id='block_1_121' title="bbox 2299 5735 3027 5809">
    <p class='ocr_par' dir='ltr' id='par_1_121' title="bbox 2299 5735 3027 5809">
     <span class='ocr_line' id='line_1_121' title="bbox 2299 5735 3027 5809; baseline -0.011 -16"><span class='ocrx_word' id='word_1_827' title='bbox 2299 5757 2345 5808; x_wconf 71' lang='grc' dir='ltr'><strong><em>ο)</em></strong></span> <span class='ocrx_word' id='word_1_828' title='bbox 2389 5740 2540 5809; x_wconf 74' lang='lat' dir='ltr'><strong>Nyss.</strong></span> <span class='ocrx_word' id='word_1_829' title='bbox 2572 5741 2712 5805; x_wconf 67' lang='lat'><strong>5:2;</strong></span> <span class='ocrx_word' id='word_1_830' title='bbox 2750 5737 2878 5791; x_wconf 68' lang='grc' dir='ltr'><strong>Νη.</strong></span> <span class='ocrx_word' id='word_1_831' title='bbox 2907 5735 3027 5791; x_wconf 64' lang='grc'><strong>348.</strong></span> 
     </span>
    </p>
   </div>
  </div>
