4006 6450
1493 362 1647 418 VITA
1688 365 1747 419 S.
1782 364 2052 421 BASILB.

3247 380 3431 424 ιιδγιι

272 472 599 531 Nnmeratur
620 491 648 529 a
692 476 889 534 Basilio
929 478 1003 550 (η)
1033 477 1289 549 Enippius
1319 480 1455 536 inter
1484 480 1763 552 signiferos
1791 490 1837 543 Α
1865 483 2239 538 haereticorum
2266 482 2595 551 exspectatio
2619 496 2827 537 animos
2846 481 3110 537 movebat.
3143 481 3254 536 Cur
3284 491 3433 537 tanto

205 567 463 633 improba:
494 566 764 634 factionis,
780 585 898 639 qua:
919 570 1256 626 Eustathium
1284 582 1334 627 et
1358 572 1615 643 plurimos
1639 573 1769 628 alios

206 661 450 729 tle-posuit
497 677 636 715 anno
668 659 771 715 560
801 663 852 716 in
892 664 1120 719 concilio
1163 664 1767 734 ConstantinOpolitano.

206 749 257 803 In
291 749 407 818 ejus
437 753 771 819 potissimum
812 768 1003 807 nomen
1038 764 1327 825 eruperunt
1353 755 1612 811 Eustathii
1641 770 1771 824 que-

204 839 347 903 relae,
386 844 469 893 vel
509 842 687 909 petius
723 842 1001 897 horrendae
1034 844 1439 900 criminationes
1470 844 1659 899 litteris
1702 846 1769 898 ad

204 931 485 986 universas
517 931 785 987 Eeclesias
848 933 1025 988 tuissis
1072 935 1417 1006 consignatae.
1466 934 1689 990 Videtur
1719 936 1769 989 in

203 1020 411 1075 Galatia
447 1024 727 1091 episcopus
751 1023 933 1079 fuisse.
973 1024 1102 1079 Nam
1129 1042 1249 1079 cum
1278 1026 1503 1081 Arianos
1524 1042 1555 1079 e
1576 1026 1650 1094 (b)
1674 1025 1776 1078 Ga-

204 1111 332 1166 latia
388 1113 760 1168 accersivisset
795 1114 1141 1180 Eustathius;
1196 1117 1428 1183 exagitat
1469 1132 1586 1169 eum
1630 1116 1777 1169 Basi-

206 1204 307 1259 lius
386 1206 528 1275 quod
583 1208 672 1276 qui
730 1206 855 1260 olim
921 1206 1201 1278 Euippium
1270 1209 1570 1277 episcopum
1656 1224 1775 1265 esse

206 1306 520 1367 negaverat,
553 1314 690 1352 mmc
718 1313 926 1363 eorum,
959 1301 1048 1368 qui
1098 1303 1165 1355 ab
1217 1301 1307 1355 illo
1341 1303 1566 1356 ordinati
1624 1314 1773 1368 sunt,

206 1390 634 1443 communionem
682 1390 903 1445 ambiat.
946 1393 1157 1447 Initium
1198 1403 1372 1446 autem
1412 1397 1666 1460 praeclare.
1698 1395 1776 1448 l‘a-

207 1492 444 1541 ctorum,
470 1496 587 1547 quae
623 1479 851 1538 BnBlllUS
885 1484 935 1537 itt
966 1485 1065 1537 hac
1091 1484 1461 1553 persecutione
1499 1488 1689 1550 edidit,
1710 1486 1776 1540 ab

209 1573 369 1638 huius
400 1572 635 1627 hominis
664 1575 893 1629 adventu
918 1577 1216 1630 ducendum
1255 1586 1359 1631 est.
1394 1577 1523 1630 Nam
1564 1594 1660 1632 nec
1690 1580 1777 1631 ca-

210 1666 393 1717 nitiem
424 1663 657 1733 Enippii,
695 1682 793 1721 nec
815 1668 1166 1725 eruditionem
1208 1669 1472 1724 reveritus
1509 1680 1592 1723 est
1623 1668 1773 1722 Basi-

208 1753 331 1815 lius,
368 1769 466 1807 nec
499 1755 610 1822 ipsa
658 1754 825 1809 etiam
870 1756 1117 1809 amicitia:
1155 1754 1298 1824 jura,
1323 1774 1441 1826 qum
1471 1774 1647 1811 secum
1681 1759 1773 1810 ha-

208 1842 401 1896 lsehat:
444 1846 536 1898 sed
566 1861 714 1899 suam
748 1847 794 1899 ei
828 1846 1251 1901 communionem
1275 1858 1579 1902 constanter
1608 1863 1769 1916 uega-
1806 1818 1846 1876 Β

207 1934 302 1994 vit,
331 1944 387 1985 ιιι
417 1934 531 2002 ipse
564 1946 745 1989 narrat
781 1935 830 1986 in
857 1937 1012 2003 epist.
1042 1936 1161 1991 128.
1190 1936 1303 1991 Non
1344 1938 1508 1991 multo
1533 1948 1649 2007 post
1676 1939 1773 1993 ltus

210 2034 386 2078 motus
415 2025 483 2078 ad
520 2024 746 2079 tribunal
775 2025 970 2079 Christi
1015 2037 1195 2097 raptus
1235 2039 1317 2083 cst
1353 2028 1624 2098 Enippins.
1655 2029 1772 2084 .lam

208 2117 350 2167 enim
378 2117 605 2177 obierat,
640 2130 760 2168 cum
801 2117 1063 2171 scriberet
1107 2118 1338 2175 Basilius
1368 2136 1507 2175 anno
1536 2121 1639 2176 373
1665 2123 1772 2191 epi-

209 2208 402 2260 stolam
427 2222 549 2259 mox
575 2207 813 2261 citatam.
840 2208 1295 2275 Quemadmodum
1330 2212 1470 2266 enim
1505 2213 1556 2266 itt
1583 2214 1778 2280 episto'

210 2298 275 2353 lis
309 2299 433 2351 anni
458 2297 561 2352 576
594 2314 695 2352 non
728 2302 1011 2368 esprobrat
1034 2302 1311 2357 Eustatbio
1342 2304 1770 2357 communionem

210 2406 329 2443 cum
356 2390 602 2459 Euippio,
636 2392 729 2445 sed
765 2407 886 2447 cum
934 2393 1237 2448 hominibus
1264 2395 1331 2446 ab
1369 2394 1591 2463 Euippio
1623 2395 1770 2448 ordi-

210 2483 370 2544 natis,
394 2483 534 2549 quod
562 2494 875 2551 argumento
912 2493 1013 2547 est,
1042 2484 1188 2537 illum
1210 2484 1406 2538 obiisse
1431 2502 1444 2548 ;
1479 2486 1550 2538 ita
1580 2484 1629 2539 itt
1660 2485 1773 2555 epi-

212 2575 343 2628 stola
378 2574 480 2629 128
499 2591 618 2643 quae
652 2577 846 2645 scripta
881 2586 962 2630 est
988 2591 1127 2629 anno
1148 2576 1273 2640 573,
1295 2576 1533 2631 declarat
1567 2593 1625 2632 se
1666 2594 1776 2632 tem

215 2669 499 2721 absurdam
518 2667 860 2734 facturum,si
886 2679 1002 2737 post
1030 2680 1269 2735 negatam
1294 2669 1521 2739 Euippio
1548 2686 1779 2724 commu-

215 2759 449 2823 nionem,
473 2774 594 2812 cum
619 2759 920 2811 hominibus
937 2760 1075 2813 idem
1094 2761 1316 2828 Euippio
1338 2763 1706 2825 sentientibus,
1730 2764 1780 2817 id

214 2860 293 2901 est
320 2864 442 2903 cum
462 2850 673 2903 Arianis
699 2865 792 2918 per
817 2849 1169 2915 Eustathium,
1196 2853 1285 2919 qui
1314 2854 1515 2907 medius
1540 2869 1659 2908 esse
1675 2854 1780 2907 Ca-

216 2943 447 2998 tholicos
472 2944 609 2996 inter
639 2942 933 2996 ctArianos
969 2942 1193 3007 volebat,
1214 2942 1460 3011 conjungi
1492 2944 1777 2998 videretur.

286 3035 545 3101 Quamvis
579 3033 757 3087 Basilii
808 3049 995 3103 pugna:
1029 3050 1148 3086 cum
1201 3035 1405 3104 magnis
1432 3036 1783 3103 potestatibus

216 3142 321 3180 non
358 3126 640 3180 videantur
692 3135 816 3177 ante
860 3124 1469 3179 menscmNovembrem
1518 3126 1782 3190 evenisse,

219 3220 464 3287 (peregre
498 3216 637 3268 enim
671 3224 789 3269 erat
829 3213 1053 3268 Basilius
1085 3216 1314 3269 instante
1346 3215 1541 3288 hieme)
1577 3216 1783 3287 Euippii

219 3321 397 3363 tamen
418 3308 680 3361 adventus
716 3310 780 3360 ad
805 3308 951 3361 initia
980 3309 1307 3379 Septembris
1338 3309 1668 3367 referendus.
1702 3311 1788 3363 Di-

218 3402 423 3454 scimns
458 3401 598 3453 enim
622 3416 685 3455 ex
708 3399 967 3467 Gregorio
1007 3400 1343 3455 Nazianzeno
1377 3403 1661 3457 haereticos
1697 3402 1787 3455 die

221 3492 361 3545 feSto
384 3490 441 3544 S.
475 3490 779 3560 Eupsycltii,
799 3492 887 3559 qui
918 3492 1173 3560 septimus
1202 3501 1315 3544 erat
1344 3489 1703 3558 Septembris,
1734 3487 1787 3541 iu

223 3584 434 3637 insidiis
463 3583 746 3636 cullei-ams
776 3582 939 3635 fuisse
969 3584 1060 3650 (c),
1105 3597 1447 3651 magnumque
1470 3581 1609 3633 circa
1639 3579 1791 3635 Basi-

220 3676 351 3727 liam
386 3674 643 3725 exstitisse
672 3672 881 3735 bellum,
913 3670 1230 3734 cupientibus
1260 3672 1501 3725 nimirum
1533 3671 1790 3727 haereticis

222 3764 420 3817 tandem
436 3771 483 3816 et
505 3775 733 3830 apertam
761 3778 929 3815 vocem
956 3779 1020 3818 ea:
1048 3763 1306 3829 ipsiusmet
1330 3763 1511 3817 Basilii
1546 3780 1633 3817 ore
1656 3765 1791 3817 arri-

221 3871 363 3925 pere,
389 3866 444 3907 ut
492 3856 598 3921 ipse
624 3871 687 3908 ex
722 3854 955 3909 Ecclesia
985 3854 1347 3924 expelleretur,
1373 3858 1461 3925 qui
1487 3855 1628 3909 solus
1662 3871 1791 3922 pene

224 3948 460 4002 veritatis
490 3948 746 4019 igniculus
781 3949 1028 4012 restabat,
1064 3948 1245 4002 vicinis
1278 3948 1511 4001 omnibus
1538 3948 1703 4015 raptis
1731 3963 1792 3999 ac

223 4042 537 4109 subjugalis.
600 4042 719 4096 llzcc
758 4042 966 4095 dicebat
1007 4038 1297 4110 Gregorius
1325 4048 1610 4107 antequam
1643 4037 1792 4089 Basi-

222 4133 355 4187 liam
398 4130 680 4199 prtcfectus
714 4140 1071 4199 Oppugnatum
1108 4131 1370 4191 venisset;
1410 4130 1566 4198 idque
1590 4129 1794 4199 perspi-

225 4224 400 4277 cimus
433 4234 500 4273 ex
543 4222 761 4288 cpistola
806 4223 867 4276 τι
900 4220 1101 4285 Basilii,
1135 4220 1185 4273 in
1214 4234 1317 4288 qua
1354 4219 1579 4276 Basilius
1601 4222 1795 4276 litteris

224 4313 476 4383 Gregorii
512 4313 670 4366 modo
726 4315 905 4369 citatis
953 4314 1300 4381 respondens,
1334 4313 1524 4365 invitat
1567 4322 1794 4376 eum,ut

226 4407 329 4459 sibi
366 4406 509 4460 adsit
542 4405 607 4457 ad
658 4407 985 4471 propositum
1025 4415 1319 4469 certamen,
1354 4417 1517 4472 seque
1565 4404 1794 4470 ignaviae

1872 585 1995 629 ante
2042 574 2276 629 haeretici
2335 575 2699 645 exploratores
2752 574 3019 637 venirent,
3051 587 3154 626 non
3205 574 3434 629 obscura

1871 678 1954 720 est
1978 665 2132 720 ratio.
2165 664 2298 720 Cum
2332 681 2538 721 summa
2559 673 2705 719 esset
2730 663 2849 718 l‘esti
2889 660 2947 716 S.
2976 662 3254 733 Eupsycbii
3291 662 3433 718 cele-

1871 756 2059 817 britas,
2092 769 2154 809 ac
2185 770 2371 823 magna
2401 755 2673 809 hominum
2709 752 3005 820 frequentia
3040 766 3070 805 e
3111 752 3304 807 vicinis
3348 770 3433 809 re-

1870 849 2115 920 gionibus
2138 846 2407 902 conﬂuere
2427 846 2727 900 Caesaream
2771 846 2835 896 ad
2869 844 3008 896 hunc
3039 843 3179 897 diem
3205 844 3430 908 soleret;

1872 940 2279 1011 praeclarissima
2308 947 2426 993 erat
2449 939 2665 993 occasio
2693 935 3007 990 observandi
3026 933 3241 1000 Basilii;
3272 950 3429 1003 quam

1872 1031 2084 1102 quidem
2125 1045 2226 1083 ttott
2264 1028 2362 1082 hoc
2392 1036 2600 1081 tantum
2630 1043 2770 1079 anno
2801 1025 3138 1091 arripuerunt
3173 1022 3434 1087 haeretici,

1873 1122 1967 1176 sed
1994 1121 2156 1174 etiam
2181 1134 2321 1173 anno
2353 1117 2457 1172 574
2486 1136 2498 1171 :
2531 1127 2688 1186 atque
2723 1116 2860 1169 haud
2895 1117 3006 1169 scio
3032 1129 3095 1165 an
3116 1112 3276 1167 ctiam
3296 1112 3433 1175 375,

1873 1223 1930 1266 ut
1952 1212 2089 1267 intra
2120 1212 2357 1265 dicemus
2392 1211 2444 1263 in
2478 1210 2653 1276 capite
2684 1208 2974 1261 tricesimo.
3006 1205 3156 1271 Quod
3180 1204 3224 1257 si
3262 1204 3435 1258 haere-

1875 1303 1966 1358 tici
2006 1318 2149 1357 anno
2204 1302 2329 1369 ⁸574,
2361 1316 2467 1371 quo
2520 1299 2718 1353 Valens
2753 1301 2803 1352 in
2842 1297 3061 1353 Oriente
3100 1295 3432 1361 versabatur,

1874 1396 2169 1451 Casaream
2205 1393 2270 1448 ad
2321 1394 2461 1447 diem
2516 1392 2710 1445 festum
2736 1390 2791 1444 S.
2826 1387 3114 1458 Eupsychii
3152 1397 3431 1453 venerunt,

1874 1499 1931 1543 ut
1960 1486 2213 1542 Basilium
2252 1488 2623 1549 observarent,
2667 1483 2836 1536 multo
2885 1482 2934 1533 id
2971 1484 3144 1538 minus
3187 1484 3435 1537 omittere

1876 1578 1975 1633 hoc
1999 1590 2140 1631 anno
2166 1576 2263 1631 '57l
2316 1575 2633 1637 debuerunt,
2681 1587 2801 1625 cum
2846 1570 3024 1624 Basilii
3074 1572 3361 1627 accusandi
3382 1580 3437 1625 et

1873 1669 2115 1735 ejiciemli
2141 1668 2348 1735 cupiam
2378 1669 2531 1720 daret
2572 1665 2907 1734 imperatoris
2931 1664 2982 1717 in
3008 1663 3231 1718 llnititna
3257 1664 3435 1735 aliqua

1875 1760 2093 1829 regione
2116 1756 2503 1812 commorantis
2534 1756 2800 1810 vicinitas.

1948 1849 2010 1904 ll.
2046 1850 2311 1917 Denegata
2351 1846 2572 1917 Euippio
2598 1846 2820 1913 ejusque
2846 1846 3107 1901 similibus
3132 1845 3439 1901 communio

1881 1941 2213 1998 stomachum
2245 1940 2463 1993 haeresis
2496 1940 2733 2009 patronis
2768 1938 2947 1991 facere
2974 1938 3173 1992 debuit.
3207 1939 3310 1993 Sed
3356 1945 3440 1992 ta-

1880 2051 1999 2089 men
2033 2035 2259 2103 spatiqu
2294 2033 2509 2088 interim
2552 2033 2736 2086 habuit
2771 2031 2997 2086 Basilius
3030 2031 3236 2085 itineris
3269 2030 3439 2086 alicu-

1875 2126 1963 2197 jus
1990 2126 2320 2190 conficiendi,
2353 2140 2420 2179 ex
2466 2140 2572 2194 quo
2613 2140 2734 2179 eum
2776 2125 2956 2179 alllicti
3004 2125 3174 2186 cives,
3200 2130 3256 2177 ut
3278 2138 3440 2193 supra

1881 2220 2130 2285 diximus,
2170 2220 2399 2272 instante
2434 2218 2608 2271 hieme
2640 2231 2735 2286 per
2756 2218 2963 2271 litteras
2995 2224 3316 2272 revocarunt
3339 2214 3439 2285 (Δ).

1882 2311 1997 2366 Non
2025 2312 2192 2366 multo
2215 2322 2333 2380 post
2365 2312 2543 2381 erupit
2583 2309 2634 2363 in
2670 2309 2924 2363 Basilium
2961 2310 3287 2377 persecutio.
3324 2308 3437 2363 Non

1882 2418 1989 2457 uno
2013 2414 2187 2456 autem
2244 2402 2620 2471 impugnarunt
2655 2402 2834 2461 ηιηιΙο,
2880 2414 3054 2469 neque
3094 2413 3197 2452 una
3234 2414 3447 2468 aggres-

1882 2496 2051 2548 sione.
2076 2493 2311 2548 Adbibiti
2367 2492 2618 2556 insultas,
2674 2492 3091 2561 pollicitationes
3150 2500 3206 2544 et
3261 2490 3439 2545 minae.

1885 2587 2027 2642 Missi
2059 2602 2121 2639 ex
2152 2585 2390 2652 judicum
2428 2584 2633 2646 ordine,
2665 2598 2731 2636 ex
2780 2582 3018 2647 militari,
3068 2595 3134 2634 ex
3183 2596 3445 2650 gyna‘care

1885 2683 2043 2735 etiam
2068 2680 2321 2739 eunuchi,
2356 2677 2446 2745 qui
2480 2693 2600 2730 eum
2634 2676 2849 2729 ﬂectere
2878 2686 3217 2729 conarentur.
3252 2671 3445 2726 Missus

1886 2772 2050 2825 etiam
2102 2768 2189 2822 ille
2233 2768 2607 2829 Nabuzardan,
2656 2780 2947 2833 coquorum
2988 2767 3327 2834 praepositus,
3356 2778 3445 2816 ar-

1889 2861 1955 2914 tis
1986 2874 2095 2913 sua:
2131 2857 2336 2926 gladios
2375 2855 2648 2908 minitans.
2698 2853 2801 2907 Sed
2830 2854 2935 2906 duo
2965 2853 3229 2922 praecipue
3272 2861 3449 2905 certae-

1887 2952 2031 3005 miua
2069 2956 2455 3013 memorantur,
2486 2960 2715 3014 quorum
2748 2944 2973 2999 alterum
3007 2959 3036 2997 a
3063 2942 3321 3013 Gregorio
3345 2940 3451 2994 Na-

1888 3043 2145 3097 zianzeuo
2189 3040 2439 3101 refertur,
2476 3050 2764 3108 utrumque
2800 3054 2830 3092 a
2877 3036 3140 3107 Nysseno.
3176 3033 3267 3090 Sic
3291 3035 3450 3104 igitur

1889 3148 1954 3188 ex
1989 3130 2227 3201 Nysseno
2254 3140 2400 3198 gesta
2425 3144 2511 3183 res
2529 3138 2607 3183 es'

1959 3223 2028 3293 (e)
2059 3224 2316 3275 Auctores
2368 3220 2608 3273 noonulli
2663 3227 2819 3271 erant
2879 3216 3094 3279 Basilio,
3123 3224 3181 3268 ut
3222 3213 3450 3283 tempori

1887 3314 2063 3382 potius
2092 3312 2325 3373 cederet,
2350 3326 2507 3377 quam
2551 3324 2672 3363 cum
2718 3308 3037 3361 adversariis
3078 3316 3185 3360 tam
3213 3304 3453 3358 cruentis

1888 3401 2306 3456 conﬂictaretur.
2326 3399 2430 3455 Sed
2460 3401 2720 3469 ejusmodi
2755 3400 3097 3453 consiliorum
3132 3398 3306 3450 inanis
3327 3408 3457 3463 ope-

1902 3506 1979 3545 ra.
2021 3489 2256 3545 Vocatus
2285 3506 2312 3543 a
2345 3488 2595 3558 przcl'ecto
2625 3489 2870 3551 Basilius,
2890 3487 3051 3541 veluti
3077 3486 3313 3539 medicus
3334 3484 3455 3550 qui-

1891 3582 2010 3637 dam
2031 3592 2082 3637 et
2098 3581 2433 3636 consiliarius
2456 3581 2616 3635 venit.
2642 3578 2837 3632 Partim
2857 3577 3239 3639 blandientem,
3258 3579 3453 3645 partim

1899 3674 2193 3728 minantem
2221 3679 2425 3733 monet,
2452 3680 2509 3723 ut
2525 3670 2593 3725 ob
2614 3672 2882 3739 prmterita
2907 3667 3274 3736 ptrnitentiam
3296 3674 3419 3734 agat
3435 3704 3454 3730 ,

1892 3779 1956 3819 ac
1979 3764 2228 3831 deinceps
2248 3765 2563 3831 sanguinem
2598 3776 2873 3815 servorum
2911 3760 2999 3813 Dei
3039 3760 3191 3813 sitire
3223 3758 3455 3812 desinat.

1892 3852 2035 3908 Nihil
2058 3854 2201 3908 enim
2240 3853 2383 3906 illum
2415 3866 2571 3919 posse
2596 3854 2647 3904 in
2679 3865 2771 3905 eos
2800 3852 2887 3918 qui
2918 3849 3089 3903 solum
3116 3847 3207 3903 Dei
3233 3862 3455 3917 regnum

1892 3953 2169 4011 appetunt.
2205 3940 2322 3995 Non
2354 3939 2470 3995 lmdi
2507 3941 2766 3995 bonorum
2794 3941 3156 4010 publicatione
3197 3955 3342 4003 eum,
3369 3938 3456 3991 cui

1892 4031 2025 4086 lldes
2048 4034 2157 4086 sola
2187 4031 2451 4100 possessio
2471 4040 2551 4085 est
2578 4046 2593 4095 ;
2623 4044 2725 4083 non
2757 4030 2947 4083 exsilio
2979 4027 3191 4092 terreri,
3222 4026 3313 4096 qui
3336 4026 3464 4079 uui-

1894 4136 2102 4175 vcrsam
2122 4130 2322 4176 terram
2350 4122 2537 4176 eadem
2562 4120 2724 4174 animi
2753 4120 3020 4173 sententia
3039 4118 3232 4179 calcat,
3255 4130 3318 4169 ac
3339 4126 3459 4168 eam

1894 4213 2086 4284 partim
2134 4214 2362 4267 alienam
2435 4213 2741 4273 existimat,
2798 4211 2868 4263 ob
2934 4212 3147 4263 brevem
3216 4222 3458 4263 commo-

1896 4306 2181 4370 rationem,
2212 4306 2407 4373 partim
2442 4305 2734 4373 propriam,
2764 4302 2887 4369 quia
2910 4300 3087 4353 omnia
3116 4298 3224 4352 Deo
3257 4299 3463 4367 pariter

1897 4399 2157 4453 serviunt.
2209 4396 2399 4463 l‘lagas
2436 4405 2611 4448 autem
2659 4404 2715 4445 et
2749 4393 2956 4447 labores
2984 4407 3047 4444 ac
3098 4401 3322 4445 mortem
3362 4404 3461 4458 pro

227 4505 414 4550 notam
445 4513 473 4549 a
518 4496 783 4551 nonnullis
815 4495 1123 4551 hominibus
1180 4498 1409 4551 inustam
1459 4496 1783 4563 propulsatu-

1900 4486 2125 4540 veritatc
2156 4486 2383 4553 perpeti,
2419 4498 2484 4538 ne
2521 4482 2833 4537 mulieribus
2856 4480 3071 4549 quidem
3112 4479 3350 4535 terribile
3378 4478 3457 4530 vi-

226 4603 349 4643 rum
377 4597 583 4653 sperat,
620 4603 739 4642 cum
770 4588 1034 4655 pugnandi
1082 4598 1294 4658 tempus
1324 4586 1517 4641 aderit.

298 4677 627 4733 llarreticum
660 4692 845 4749 agmen
885 4678 1181 4733 Caesaream
1218 4689 1342 4735 ante
1366 4678 1671 4748 praefectum
1703 4692 1793 4732 ve-

233 4771 383 4827 nisse
415 4769 608 4837 probat
644 4772 805 4825 etiam
855 4767 1037 4824 Basilii
1085 4770 1305 4835 cpistola
1342 4769 1411 4825 69
1440 4770 1505 4823 ad
1544 4768 1600 4822 S.
1632 4767 1794 4823 Mele-

230 4862 389 4924 tium,
424 4858 478 4912 in
520 4873 621 4926 qua
655 4862 733 4916 sic
780 4861 1053 4929 loquitur:
1098 4857 1200 4911 llic
1246 4871 1451 4927 autem,
1484 4859 1671 4930 inquit.
1714 4876 1796 4914 res

230 4951 447 5004 incerte
473 4949 644 5002 adhuc
678 4961 725 5003 et
749 4953 943 5014 dubita,
965 4967 1081 5005 cum
1111 4950 1365 5019 Euippitss
1388 4953 1659 5021 ademerit
1680 4955 1795 5021 qui-

232 5042 374 5103 dem,
412 5042 503 5095 sed
538 5042 763 5093 nondum
786 5045 1066 5113 quidquam
1110 5044 1465 5097 declaraverit.
1525 5042 1797 5097 Mittantur

231 5134 445 5197 quidem
470 5146 515 5185 et
543 5149 849 5187 concursum
876 5137 1149 5203 quemdam
1178 5150 1377 5198 eorum,
1414 5138 1500 5202 qui
1530 5136 1707 5188 eadem
1731 5150 1792 5186 nc

233 5225 316 5277 illi
336 5228 588 5290 sentiunt,
618 5242 684 5281 ex
706 5226 947 5280 Armenia
982 5226 1241 5293 Tetrapoli
1265 5238 1311 5281 et
1332 5240 1396 5279 ex
1423 5225 1631 5280 Cilicia.
1656 5225 1793 5280 Nou-

235 5316 359 5370 dlllll
394 5333 527 5386 ergo
561 5316 840 5386 pra-lectus
870 5327 926 5371 et
966 5320 1081 5371 alize
1120 5326 1410 5386 potestates
1434 5318 1788 5372 advenerant:

236 5404 343 5458 into
366 5420 432 5459 ne
452 5406 899 5475 exspectabantur
927 5406 1160 5475 quidem,
1177 5407 1364 5462 saltem
1384 5417 1487 5463 tam
1511 5410 1650 5477 cito;
1681 5408 1793 5463 sola

300 5606 376 5744 γε)
417 5605 510 5675 Ep.
536 5605 663 5668 251,
693 5622 745 5659 n.
778 5605 813 5658 9
837 5615 888 5661 et
912 5608 963 5663 5.

324 5680 375 5743 lt)
415 5676 509 5744 Bp.
544 5675 671 5738 2M,
696 5692 751 5744 tt.
782 5677 814 5729 ι
840 5694 855 5739 ;
886 5693 963 5744 cp.

324 5680 375 5743 lt)
415 5676 509 5745 Bp.
544 5675 751 5745 2M,_tt.
782 5677 814 5729 ι
840 5694 855 5739 ;
886 5693 969 5745 cp.
1005 5678 1199 5745 251m.
1234 5676 1290 5744 Ξ,
1313 5679 1367 5733 5.

303 5743 372 5808 lc)
414 5743 509 5812 ει).
537 5746 629 5798 26.
668 5743 796 5799 Vide
818 5743 955 5799 urat.
976 5748 1064 5800 20.

1900 4580 2036 4645 deri,
2070 4577 2161 4632 sed
2193 4576 2443 4631 omnibus
2468 4575 2791 4630 Christianis
2813 4575 2914 4627 hoc
2941 4588 3207 4627 summum
3233 4570 3460 4625 felicita-

1902 4672 1971 4727 tis
2002 4684 2142 4732 esse,
2180 4669 2225 4722 si
2262 4669 2388 4738 quid
2436 4684 2533 4739 pro
2583 4670 2682 4723 hac
2737 4680 2831 4734 spe
2880 4666 3253 4735 gravissimum
3290 4661 3459 4731 perle-

1903 4772 2041 4818 rant.
2079 4760 2258 4815 Basilii
2288 4761 2585 4816 constantia
2624 4758 2683 4811 lit
2711 4759 2976 4827 qumdam,
3010 4757 3155 4812 velut
3186 4758 3238 4809 in
3277 4770 3458 4817 scena,

1900 4868 2249 4926 personarum
2303 4851 2628 4916 immutatio,
2667 4865 2731 4905 ac
2773 4852 3059 4905 mitescens
3088 4848 3368 4918 praefectus
3392 4843 3460 4899 ad

1900 4945 2277 5002 blandiemlum
2302 4954 2357 4999 et
2402 4945 2785 4999 assentandum
2829 4944 3178 4998 convertitur.
3207 4940 3460 4995 Basilium

1900 5047 2075 5108 regat,
2113 5049 2171 5093 ut
2203 5054 2268 5092 ne
2302 5038 2511 5092 modica
2542 5038 2613 5091 illi
2649 5048 2702 5091 ct
2744 5036 3134 5091 contemnenda
3166 5050 3251 5090 res
3283 5035 3463 5088 videa-

1902 5141 2007 5194 tur,
2044 5143 2295 5199 magnum
2349 5144 2532 5200 regem
2588 5129 2725 5197 plebi
2759 5144 2867 5185 stne
2897 5127 3210 5197 permistutn
3242 5127 3460 5187 habere,

1900 5224 2122 5293 ejusque
2166 5223 2479 5293 magistrqu
2511 5223 2624 5275 licri
2650 5238 2666 5289 ;
2695 5231 2747 5275 et
2780 5235 2899 5273 cum
2930 5220 3031 5274 hoc
3066 5217 3316 5287 consequi
3342 5230 3463 5285 pos-

1898 5317 1969 5371 sit
2003 5314 2116 5371 sola
2148 5316 2623 5371 consubstantialis
2653 5330 2781 5369 voce
2819 5331 2881 5371 es
2919 5310 3159 5383 symbolo
3200 5311 3460 5371 detracta,

1899 5409 2042 5479 quod
2071 5426 2233 5465 unum
2264 5414 2493 5481 postulat
2522 5411 2812 5482 imperator
2831 5448 2846 5475 ,
2876 5406 3094 5462 minime
3138 5411 3321 5461 contra
3348 5400 3466 5471 cjtts

1971 5607 2049 5748 is;
2084 5607 2371 5733 rari:-
