4038 6480
541 412 751 454 ιικυιιι

1895 397 2428 455 PBOLEGOMENA.

539 521 874 573 voluntatem
925 520 1122 573 reniat.
1173 520 1255 575 Ad
1291 522 1406 576 haec
1445 521 1694 586 Basilius,
1733 536 1986 592 magnum
2013 521 2114 576 sibi
2141 527 2188 581 Α
2217 522 2363 576 illum
2393 523 2706 591 compellans
2741 524 2994 594 (nondum
3024 524 3159 576 enim
3201 539 3315 576 eum
3348 523 3637 589 episcopum
3675 541 3765 576 vo—

539 620 593 662 et.
631 609 1018 677 peroptandum
1083 612 1274 676 videri,
1312 623 1368 666 ut
1403 615 1697 682 imperator
1746 613 2002 669 Ecclesiae
2041 615 2112 669 sit

541 702 853 769 particeps:
892 717 1141 766 magnum
1197 705 1338 756 enim
1397 705 1646 772 quiddam
1696 719 1816 758 esse
1874 704 2110 759 animam

541 787 772 851 saivare,
810 806 915 843 non
952 793 1108 844 tnodo
1137 792 1498 861 imperatoris,
1521 797 1613 848 sed
1636 796 1796 848 etiam
1827 794 2112 862 cujuslibet

539 874 792 934 ltominis.
820 881 923 935 Sed
958 891 1164 935 tantum
1203 885 1410 949 abesse,
1444 898 1501 939 ut
1542 886 1661 939 fidei
1691 887 1934 941 formulae
1959 889 2113 957 quid—

539 985 699 1037 quam
726 973 922 1026 addere
973 974 1099 1027 velit
1153 989 1246 1029 aut
1276 977 1578 1040 detrahere,
1621 988 1676 1030 ut
1706 993 1772 1032 ne
1800 979 1974 1048 ipsum
1999 980 2112 1047 qui-

540 1064 659 1114 tleltl
704 1065 943 1117 ordinem
989 1081 1174 1120 eorum
1236 1084 1354 1135 qtae
1392 1071 1588 1138 srripta
1642 1080 1784 1130 sunt,
1838 1066 2109 1123 iunnutari

539 1156 798 1223 patiatur.
835 1155 1236 1214 Narratdeiude
1251 1160 1525 1231 Nyssenus
1550 1162 1690 1215 aliud
1721 1162 1895 1216 Basilii
1937 1174 2111 1217 certa-

540 1263 662 1301 men
707 1264 826 1301 cum
887 1266 1182 1320 coqnorum
1247 1255 1532 1323 praeposito
1573 1254 1948 1318 Demosthene,
1993 1255 2106 1324 qui,

539 1352 757 1407 accepta
785 1358 813 1393 a
839 1341 1062 1398 Valente
1095 1346 1193 1398 bac
1218 1346 1514 1414 provincia,
1536 1346 1791 1399 Basiliam
1821 1347 2110 1402 vehemen-

541 1433 647 1485 tius
695 1447 979 1502 aggressus
1016 1447 1128 1500 est,
1187 1449 1448 1506 pra-settle
1489 1454 1675 1491 rursus
1715 1438 1982 1506 praelecto,
2016 1439 2107 1493 sed

539 1522 708 1575 nihilo
748 1526 916 1593 magis
961 1531 1246 1596 promovit.
1294 1531 1496 1584 Aderat
1535 1530 1658 1583 huic
1699 1531 1978 1584 certamini
2009 1533 2107 1584 itu-

537 1615 658 1683 pius
702 1616 915 1684 quidam
957 1635 1021 1674 ex
1077 1620 1318 1690 Illyrico,
1352 1637 1512 1687 quem
1569 1621 1840 1675 Valentem
1893 1622 2104 1676 Nursiae

539 1719 659 1759 esse
709 1710 1013 1778 suSpieatur
1059 1712 1450 1767 Tillemontius.
1483 1713 1595 1768 Non
1651 1716 1769 1768 sine
1824 1716 2005 1783 lepore
2035 1716 2109 1768 ait

539 1794 911 1854 Nazianzenus
930 1801 1005 1869 (ιι)
1039 1803 1179 1857 hunc
1219 1804 1646 1871 Demosthenem,
1677 1822 1798 1861 eum
1827 1809 1959 1863 artis
1999 1823 2108 1861 sua:

537 1888 742 1954 gladios
763 1891 1073 1956 minaretur,
1092 1910 1120 1946 a
1147 1893 1341 1950 Basilio
1363 1897 1428 1950 ad
1459 1897 1633 1965 ignem
1659 1898 1758 1966 ipsi
1787 1896 2106 1952 convenien-

541 1987 644 2030 tem
675 1982 1046 2036 transmissum
1080 1985 1262 2038 fuisse.

609 2069 758 2124 Num:
808 2073 963 2128 nobis
1009 2076 1305 2131 audiendus
1368 2077 1659 2149 Gregorius
1721 2078 2106 2144 Nazianzenus,

539 2163 628 2227 qui
658 2163 908 2216 omnibus
934 2166 1092 2219 rebus
1112 2168 1272 2235 gestis
1293 2169 1528 2223 interfurit
1547 2169 1643 2241 (b).
1665 2170 1858 2225 Narrat
1882 2173 1992 2240 ipse
2016 2173 2109 2226 ad-

537 2254 709 2309 fuisse
737 2269 794 2309 se
822 2265 876 2310 et
904 2257 1157 2322 audiisse,
1195 2277 1313 2314 eum
1343 2262 1574 2316 Basilius
1604 2279 1725 2316 euut
1759 2263 1975 2319 Valente
2008 2265 2106 2320 ite-

536 2363 654 2400 rmn
692 2349 741 2400 in
787 2349 1066 2403 ecclesiam
1101 2352 1346 2405 reuiente
1383 2351 1676 2407 collocutus
1721 2368 1822 2409 est.
1874 2355 2021 2421 Quod
2062 2357 2104 2410 si

537 2438 676 2490 idem
717 2438 785 2491 de
835 2441 1044 2494 czeteris
1088 2443 1247 2496 rebus
1293 2458 1397 2496 nor.
1427 2444 1589 2508 dicit,
1619 2461 1724 2498 non
1755 2445 1955 2500 idcirco
1987 2462 2104 2502 cre-

537 2527 745 2582 dendus
772 2539 851 2583 est
878 2530 1131 2584 abfuisse.
1163 2531 1295 2584 Nam
1321 2548 1441 2587 cum
1473 2535 1653 2589 Basilii
1683 2550 1959 2590 sermones
1987 2552 2104 2590 cmn

540 2616 763 2674 Valente
794 2634 898 2672 non
928 2620 1160 2686 referat,
1207 2621 1297 2675 sed
1328 2623 1598 2677 mirabiles
1629 2639 1690 2677 ac
1720 2627 2108 2692 quodammodo

539 2707 749 2763 divinos
794 2707 962 2763 fni~se
995 2720 1262 2764 assereret
1289 2750 1303 2773 ,
1337 2713 1527 2765 merito
1557 2711 1790 2765 adfuisse
1818 2728 1874 2766 se
1908 2725 2105 2778 monet,

537 2800 925 2854 uttestimonio
946 2802 1110 2855 robur
1139 2802 1322 2854 addat.
1362 2808 1433 2856 At
1474 2802 1660 2856 cadent
1701 2805 1881 2857 cautio
1924 2820 2110 2858 neces-

537 2890 681 2941 saria
719 2905 826 2943 non
875 2891 976 2944 fuit
1017 2893 1067 2945 in
1120 2893 1413 2948 referendis
1460 2892 1643 2948 Basilii
1690 2911 1810 2948 cum
1857 2896 2108 2962 praefecto

538 2979 899 3033 sermonibus.
943 2982 1122 3046 Quare
1183 2997 1301 3035 cum
1344 2984 1635 3052 Gregorius
1675 2987 2012 3052 promisisset
2051 3001 2108 3040 se

537 3085 846 3138 venturum,
877 3089 982 3127 non
1011 3074 1165 3127 video
1185 3090 1282 3128 cur
1313 3078 1493 3129 statim
1529 3093 1631 3129 non
1665 3080 1888 3131 venerit.
1932 3079 2108 3134 Moras

537 3166 612 3220 illi
642 3167 886 3221 morbum
934 3167 1120 3222 matris
1149 3167 1392 3222 attulisse
1429 3178 1579 3236 putat
1619 3167 2019 3235 'l‘illemoutius,
2056 3183 2109 3225 et

536 3258 602 3310 ad
635 3259 685 3311 id
719 3266 926 3327 tempus
957 3259 1122 3313 refert
1144 3271 1391 3328 quartam
1422 3260 1562 3316 illius
1585 3260 1888 3327 epistolam,
1923 3261 1974 3314 in
2003 3277 2106 3332 qua

540 3352 682 3404 hunc
712 3351 900 3402 matris
934 3351 1175 3426 mqrbum
1204 3363 1444 3416 excusat,
1472 3369 1567 3408 cur
1591 3371 1621 3409 a
1657 3354 1859 3408 Basilio
1892 3367 2109 3410 voratus

538 3457 645 3494 non
674 3449 941 3494 occurrat.
978 3439 1080 3494 Sed
1115 3441 1262 3496 valde
1292 3443 1479 3496 dubito
1531 3460 1595 3496 an
1632 3445 1758 3498 huic
1799 3446 1977 3499 Basilii
2025 3449 2108 3501 vel

539 3533 715 3598 potius
758 3532 1009 3585 liet'lesizc
1045 3536 1268 3601 tempori
1315 3535 1559 3587 morbum
1612 3538 1797 3588 matris
1847 3541 2110 3603 pra:tulis-

539 3632 640 3676 set.
695 3622 960 3676 Prrelerea
1015 3626 1148 3677 nihil
1183 3626 1344 3678 habet
1373 3627 1483 3679 haec
1510 3625 1735 3693 cpistola
1762 3627 1826 3678 de
1857 3628 2110 3693 gravissi-

539 3717 644 3765 mis
671 3714 916 3767 veniendi
963 3715 1170 3781 causis,
1227 3715 1357 3768 nihil
1403 3715 1469 3770 de
1506 3716 1784 3786 promissis
1823 3715 2108 3786 Gregorii:

541 3807 638 3858 sed
672 3822 922 3875 tuagnum
974 3808 1244 3876 significat
1279 3808 1490 3861 videndi
1540 3808 1720 3862 Basilii
1768 3808 2108 3871 desiderium,

541 3897 626 3949 cui
660 3896 1060 3951 satisfacturum
1095 3913 1154 3953 se
1189 3899 1338 3964 dicit,
1369 3899 1411 3952 si
1444 3899 1626 3954 Basilii
1666 3900 1914 3967 precibus
1946 3909 2115 3953 mater

543 3997 780 4038 sanetur.
813 3988 989 4050 Quare
1019 3988 1130 4041 inec
1161 3988 1381 4056 epistula
1411 3988 1477 4041 ad
1523 3989 1664 4041 aliud
1694 3998 1900 4057 tempus
1945 3990 2110 4058 perti-

545 4086 658 4140 net,
697 4086 749 4128 et
794 4091 911 4145 qua:
937 4075 1230 4144 Gregorius
1262 4079 1444 4142 refert,
1488 4093 1550 4130 ea
1588 4079 1805 4132 auribus
1835 4083 1945 4133 suis
1978 4081 2112 4134 bau-

542 4169 679 4222 sisse
707 4169 1006 4223 censendus
1046 4178 1148 4222 est.
1183 4168 1386 4223 Idcirco
1436 4168 1701 4238 prolixum
1745 4185 1808 4222 es
1847 4171 1962 4239 ejus
1991 4187 2112 4225 ora-

545 4261 689 4313 tione
720 4261 965 4313 vicesima
995 4260 1168 4314 locum
1192 4261 1278 4315 hic
1303 4275 1631 4330 apponemus
1655 4277 1668 4312 :
1693 4260 1855 4313 Eccui
1879 4262 2106 4324 tandem,

543 4351 736 4418 inquit,
775 4353 1068 4420 incognitus
1103 4353 1191 4405 ille
1243 4362 1339 4417 est,
1397 4355 1486 4421 qui
1531 4363 1640 4404 tum
1673 4353 1812 4418 apud
1862 4367 1952 4403 nos
1977 4367 2112 4417 prte-

543 4443 662 4511 fecti
696 4459 905 4497 munere
930 4445 1262 4513 fungebatur,
1309 4462 1424 4497 cum
1461 4455 1643 4514 suapte
1671 4445 1896 4498 audacia
1926 4443 2108 4495 adver-

2212 628 2332 666 care
2378 613 2714 682 dignabatur)
2748 623 2804 666 ut
2841 623 2985 667 tanto
3040 614 3339 682 imperatori
3378 614 3621 667 obsistere
3669 633 3767 667 au-

2211 702 2355 766 deas,
2384 708 2624 772 solusque
2640 703 2870 756 omnium
2895 705 3265 757 contumaciter
3295 716 3342 757 te
3376 705 3566 772 geras?
3596 703 3770 768 Quor-

2211 807 2344 855 sum,
2381 794 2643 860 respondit
2676 793 2937 858 Basilius,
2972 796 3080 848 lucc
3105 797 3272 848 oratio
3309 805 3525 860 spectat,
3548 805 3594 848 et
3625 813 3767 858 qua:-

2212 898 2330 934 nam
2379 882 2489 936 ha'c
2530 886 2861 938 contumacia
2913 895 2960 939 et
2989 887 3332 952 arrogantia?
3365 887 3592 939 nondum
3630 889 3766 940 enim

2211 974 2264 1025 id
2290 976 2416 1028 satis
2452 977 2705 1046 intelligo.
2751 976 3043 1042 Quoniam,
3086 977 3250 1043 inquit
3284 978 3399 1042 ille,
3438 979 3766 1043 imperatoris

2212 1064 2508 1133 religionem
2545 1068 2755 1120 minime
2794 1068 2943 1133 colis,
2978 1069 3216 1122 oumibus
3255 1069 3376 1121 aliis
3401 1071 3516 1137 jam
3547 1070 3747 1122 inclina

2212 1155 2276 1209 tis
2308 1173 2367 1207 ac
2395 1160 2668 1221 superatis.
2699 1157 2818 1211 Non
2842 1161 3002 1225 enim,
3031 1161 3199 1228 inquit
3231 1160 3481 1224 Basilius,
3515 1162 3626 1214 hcce
3659 1161 3763 1212 vult

2212 1249 2493 1313 imperator
2540 1265 2682 1302 meus
2736 1267 2753 1304 :
2805 1265 2893 1302 nec
2929 1266 3034 1302 rem
3066 1251 3229 1302 ullam
3273 1259 3501 1302 creatum
3547 1253 3768 1303 adorare

2209 1339 2461 1401 sustineo,
2485 1356 2599 1391 cum
2624 1354 2668 1392 et
2696 1344 2800 1408 ipse
2828 1360 2858 1394 a
2886 1341 2989 1394 Deo
3012 1353 3218 1395 creatus
3259 1343 3354 1395 sint
3374 1383 3389 1406 ,
3414 1353 3459 1395 et
3495 1343 3618 1394 deus
3658 1358 3769 1396 esse

2201 1433 2410 1503 jubear.
2445 1432 2554 1486 Nos
2587 1450 2723 1500 vero,
2751 1437 2912 1504 inquit
2951 1437 3056 1498 ille,
3090 1438 3214 1505 quid
3246 1438 3452 1489 tandem
3495 1436 3588 1488 tibi
3630 1437 3770 1489 vide-

2208 1525 2364 1577 mur?
2397 1523 2548 1577 Nihil
2583 1542 2729 1590 sane,
2777 1527 2937 1594 inquit
2970 1526 3224 1585 Basilius,
3259 1528 3381 1579 dum
3417 1529 3524 1580 htec
3551 1528 3767 1595 jubetis.

2207 1615 2315 1684 Age
2367 1631 2514 1678 vero,
2561 1616 2726 1673 inquit
2756 1615 2866 1681 ille,
2907 1633 3007 1668 non
3051 1634 3293 1686 magnum
3341 1627 3387 1670 et
3428 1617 3694 1682 honoriﬁci
3721 1633 3768 1670 tu

2207 1708 2472 1760 existimas
2518 1707 2587 1760 ad
2628 1716 2832 1761 nostras
2869 1718 3040 1775 partes
3079 1709 3319 1775 atljungi,
3365 1711 3629 1779 sociosque
3675 1725 3769 1762 nos

2207 1799 2435 1854 habere?
2477 1799 2556 1852 Ad
2598 1798 2708 1852 htrc
2764 1797 2991 1850 Basilius
3039 1812 3056 1849 :
3123 1794 3226 1849 Vos
3285 1799 3489 1866 quidem
3536 1799 3770 1866 prwfecti

2207 1892 2351 1956 estis,
2379 1901 2425 1944 et
2464 1892 2671 1959 quidem
2722 1889 2983 1951 illustres,
3037 1904 3138 1940 non
3187 1887 3390 1952 inficias
3449 1905 3528 1950 eo,
3562 1889 3771 1942 minime

2210 1995 2378 2037 tamen
2424 1985 2531 2038 Deo
2576 1984 2983 2052 praestantiora.
3028 1979 3211 2035 Socios
3252 1990 3423 2032 autem
3470 1979 3771 2033 eoshabere

2209 2073 2336 2125 mihi
2371 2073 2577 2139 quidem
2623 2074 2851 2138 amplum
2898 2081 2944 2124 et
2996 2069 3341 2138 honoriﬁcum
3382 2068 3538 2135 fuerit
3568 2069 3771 2137 (quidni

2208 2167 2366 2227 enim,
2398 2180 2512 2216 cum
2548 2165 2642 2230 ipsi
2675 2181 2874 2232 quoque
2914 2164 3006 2217 Dei
3047 2172 3302 2216 creaturtu
3331 2163 3444 2214 sitis
3465 2162 3545 2230 .9),
3579 2163 3671 2216 sed
3714 2173 3770 2214 ut

2207 2257 2340 2308 alios
2370 2256 2620 2323 quosdam
2654 2268 2716 2305 ex
2745 2253 2823 2304 his
2846 2291 2862 2316 ,
2890 2255 2976 2319 qui
3009 2255 3152 2306 nobis
3197 2255 3416 2320 subjecti
3461 2263 3600 2306 sunt.
3649 2251 3772 2306 Non

2206 2350 2340 2400 enim
2370 2361 2708 2414 personarum
2741 2343 3030 2411 dignitate.
3078 2346 3167 2392 ειμι]
3207 2347 3307 2412 ﬁde
3354 2345 3771 2397 christianismus

2208 2442 2514 2509 insignitur.
2565 2438 2679 2490 Hac
2720 2435 2955 2489 oratione
3009 2447 3291 2486 commotus
3351 2435 3658 2502 prtrfectus,
3711 2451 3773 2486 ac

2207 2528 2394 2598 majori
2435 2531 2512 2581 ira
2555 2543 2862 2584 succensus.
2912 2525 2975 2577 de
3016 2523 3260 2576 subsellio
3311 2527 3534 2577 surrexit
3561 2566 3575 2590 ,
3622 2536 3772 2592 atque

2209 2619 2557 2687 asperioribus
2609 2620 2774 2671 verbis
2809 2632 2924 2669 cum
2973 2631 3031 2668 eo
3082 2630 3232 2682 agere
3286 2616 3530 2676 perrexit.
3591 2613 3731 2679 Quid
3749 2615 3775 2666 ?

2210 2708 2526 2760 Potestatem
2569 2714 2702 2760 hanc
2747 2723 2847 2759 non
2892 2706 3249 2773 pertimescis?
3293 2701 3399 2754 Cur
3451 2719 3566 2754 vero
3613 2707 3772 2770 perti-

2208 2814 2506 2860 mescerent,
2541 2799 2706 2863 inquit
2755 2797 3027 2851 Basilius?
3061 2796 3198 2860 Quid
3232 2796 3315 2860 [iet
3337 2798 3360 2847 Σ)
3397 2794 3520 2862 quid
3557 2795 3772 2860 potiar?

2210 2889 2349 2955 Quid
2379 2889 2635 2958 patieris?
2664 2889 2838 2940 intulit
2871 2888 2956 2938 ille
2979 2929 2993 2951 ,
3023 2904 3182 2940 unum
3222 2903 3249 2939 e
3285 2896 3388 2936 tam
3420 2883 3617 2944 multis,
3649 2901 3768 2952 qua:

2206 2999 2332 3036 mete
2369 2992 2487 3036 sunt
2521 2981 2811 3047 potestatis.
2856 2982 3109 3043 Quwuam
3151 2979 3298 3032 lucc?
3321 2975 3590 3046 subjunxit
3621 2974 3772 3027 Basi-

2208 3075 2343 3136 lius,
2389 3075 2472 3140 fac
2523 3076 2660 3127 enim
2698 3072 3072 3140 intelligamus.
3108 3069 3396 3134 Bonorum,
3445 3067 3609 3135 inquit
3645 3067 3770 3129 .ille,

2136 3199 2177 3255 ε
2207 3165 2634 3231 proscriptionem
2658 3205 2672 3229 ,
2703 3163 2977 3225 exsilium,
3011 3163 3304 3222 cruciatus,
3345 3172 3581 3212 mortem.
3641 3156 3774 3209 Tum

2213 3252 2440 3305 Basilius
2468 3269 2484 3303 :
2511 3251 2567 3303 Si
2601 3256 2723 3320 quid
2752 3255 2894 3304 aliud
2919 3254 3092 3313 habes,
3127 3252 3178 3302 id
3202 3252 3344 3303 nobis
3375 3251 3632 3303 minitare.
3664 3246 3774 3300 H9-

2210 3359 2325 3395 rum
2355 3345 2492 3396 enim
2513 3383 2527 3406 ,
2551 3358 2666 3411 qua:
2697 3342 2864 3393 adhuc
2892 3344 3302 3394 commentor-usti
3325 3381 3336 3401 ,
3383 3341 3510 3392 nihil
3551 3357 3641 3394 nos
3691 3349 3774 3392 at-

2211 3435 2384 3502 tingit.
2417 3431 2655 3498 Quouunt
2687 3431 2883 3484 modo?
2925 3432 3090 3497 inquit
3133 3431 3242 3493 ille,
3275 3430 3557 3494 Quoniam,
3605 3432 3774 3499 inquit

2211 3525 2464 3591 Basilius,
2513 3525 2767 3576 bonorum
2813 3521 3181 3590 proscriptioni
3236 3521 3487 3573 obnoxius
3533 3538 3632 3574 non
3671 3536 3772 3587 est,

2210 3620 2300 3685 qui
2327 3617 2452 3670 nihil
2477 3616 2626 3668 habet
2651 3629 2667 3666 .'
2701 3615 2798 3667 nisi
2823 3614 2957 3682 forte
2992 3614 3176 3666 laceris
3190 3623 3234 3665 et
3262 3614 3461 3666 detritis
3484 3613 3624 3665 hisce
3640 3630 3774 3680 pan-

2213 3708 2291 3760 nis
2321 3710 2519 3775 indiges
2554 3726 2614 3761 uc
2655 3711 2833 3773 paucis
2872 3707 3083 3770 libellis,
3122 3708 3174 3758 in
3208 3706 3393 3774 quibus
3423 3723 3594 3758 omnes
3644 3709 3772 3757 mihi

2214 3795 2486 3865 facultates
2526 3807 2570 3850 et
2609 3801 2769 3865 capite
2808 3808 2949 3850 sunt.
2999 3798 3255 3850 Exsilium
3294 3809 3464 3850 autem
3511 3799 3651 3849 haud
3686 3815 3775 3849 co-

2213 3905 2430 3956 gnosco,
2463 3890 2551 3958 qui
2594 3890 2735 3942 nullo
2764 3892 2913 3940 modo
2951 3889 3368 3951 circumscriptus
3408 3905 3518 3939 sum
3541 3929 3556 3950 ,
3588 3907 3651 3939 uc
3682 3905 3766 3940 ue-

2213 3996 2309 4048 que
2339 3991 2525 4032 terram
2560 3983 2716 4042 hanc,
2747 3995 2902 4048 quam
2934 3995 3069 4030 nunc
3101 3978 3289 4041 incolo,
3317 3995 3483 4030 meam
3514 3980 3695 4043 habeo,
3724 3994 3768 4032 et

2211 4088 2324 4124 eam
2351 4087 2573 4132 onmem,
2610 4071 2665 4122 in
2687 4069 3116 4140 qutmtprojectus
3143 4070 3310 4136 fuero,
3343 4085 3434 4134 pro
3459 4085 3570 4120 mea
3597 4072 3728 4122 duco
3751 4086 3772 4122 :

2213 4163 2350 4225 imo,
2378 4171 2431 4213 ut
2478 4162 2666 4214 rectius
2712 4159 2926 4230 loquar,
2963 4161 3251 4212 universum
3297 4169 3484 4211 terram
3534 4160 3626 4212 Dei
3665 4179 3775 4214 esse

2211 4256 2341 4318 scio,
2371 4255 2519 4319 cujus
2568 4255 2766 4307 advena
2804 4270 2896 4321 ego
2930 4268 3043 4306 sum
3079 4263 3124 4303 et
3155 4255 3471 4321 peregrinus.
3503 4253 3627 4305 Jam
3663 4264 3772 4304 tor-

2212 4355 2387 4397 menta
2411 4346 2537 4414 quid
2573 4347 2806 4411 accipere
2836 4353 3055 4410 queant,
3096 4359 3210 4397 cum
3256 4363 3440 4414 corpus
3477 4347 3627 4406 desit,
3672 4347 3774 4398 nisi

2215 4436 2350 4503 forte
2417 4439 2638 4505 primum
2685 4438 2893 4505 plagam
2942 4436 3181 4491 dixeris:
3238 4439 3392 4500 huius
3443 4439 3578 4489 enim
3611 4441 3774 4492 mlius

540 4553 629 4590 sus
660 4552 753 4589 nos
778 4535 1066 4601 pra’set‘tim
1098 4536 1452 4604 irr/lannnatus
1488 4540 1630 4603 (nam
1661 4537 1724 4589 ab
1762 4537 1870 4589 illis
1908 4550 2109 4603 quoque
2141 4538 2185 4595 D
2211 4547 2362 4597 penes
2388 4542 2436 4584 te
2473 4531 2756 4583 arbitrium
2792 4541 2838 4582 et
2881 4541 3111 4597 potestas
3141 4540 3238 4585 est.
3275 4532 3416 4583 Mors
3440 4545 3592 4596 porro
3625 4533 3773 4583 benc-

541 4627 804 4687 iuitiatus,
828 4629 902 4678 vel
924 4627 1094 4692 potius
1115 4624 1380 4693 confectus
1413 4624 1629 4694 fuerat),
1668 4636 1776 4678 tum
1808 4627 1963 4678 etiam
1999 4639 2110 4675 am-

541 4717 700 4785 plius,
748 4732 905 4786 quant
964 4731 1165 4770 necesse
1215 4727 1369 4778 esset,
1416 4718 1721 4782 imperatori
1759 4716 2107 4778 subserviens,

541 4819 695 4875 atque
720 4823 784 4859 ea:
821 4822 880 4860 eo
924 4807 1063 4873 quod
1099 4807 1178 4857 illi
1228 4806 1468 4859 omnibus
1508 4806 1562 4858 in
1599 4804 1747 4858 rebus
1799 4811 2110 4872 obsequere-

540 4907 646 4959 tur,
674 4898 977 4950 diuturnius
1015 4898 1287 4962 imperium
1325 4899 1424 4950 sibi
1472 4901 1821 4951 conservans?
1852 4899 1932 4951 Ad
1975 4898 2112 4951 hunc

541 4989 791 5042 adversus
827 4987 1116 5042 Ecclesium
1143 4987 1443 5055 frementem
1473 4991 1739 5060 leonisqtte
1759 4992 1976 5058 speciem
2002 5007 2112 5059 pra:

545 5095 600 5131 se
629 5079 895 5146 ferentem,
927 5097 987 5131 ac
1032 5079 1194 5133 leonis
1238 5093 1377 5132 more
1412 5081 1736 5146 rugientem,
1770 5093 1920 5151 atque
1971 5083 2111 5149 ejus-

551 5171 719 5233 modi,
754 5182 809 5223 ut
851 5187 883 5222 a
925 5170 1101 5226 multis
1147 5188 1209 5225 ne
1241 5172 1377 5223 adiri
1397 5173 1602 5240 quidem
1626 5182 1792 5239 posset
1814 5212 1829 5234 ,
1855 5175 1934 5227 vir
1957 5174 2108 5239 fortis

538 5263 846 5326 adducitur,
878 5265 983 5316 imo
1010 5279 1127 5316 vero
1156 5264 1471 5333 ingreditur,
1497 5266 1708 5331 perinde
1737 5283 1798 5316 ac
1839 5267 2012 5317 sinon
2040 5266 2108 5317 ad

535 5351 816 5420 judicium,
851 5355 940 5407 sed
981 5356 1049 5405 ad
1084 5355 1269 5420 feriunt
1317 5364 1608 5408 uocaretur.
1647 5355 1885 5418 Quonam
1927 5364 2098 5408 autem

549 5449 723 5508 modo,
761 5447 836 5500 vel
855 5449 1085 5515 prtcfecti
1115 5451 1391 5502 audaciam
1415 5488 1428 5508 ,
1460 5448 1534 5500 vel
1570 5447 1752 5499 Basilii
1783 5450 2019 5499 virtutem
2049 5459 2096 5501 et

544 5538 875 5603 sapientiam,
905 5554 1006 5600 qua
1044 5539 1091 5590 ei
1127 5540 1332 5600 restitit,
1357 5539 1484 5590 satis
1507 5539 1663 5606 digna
1699 5541 1933 5591 oratione
1962 5555 2100 5590 com-

538 5625 779 5693 plectar?
813 5629 943 5691 Qun:
973 5640 1060 5682 tttu
1095 5639 1188 5694 est,
1220 5632 1402 5699 inquit,
1441 5632 1595 5698 ratio,
1623 5631 1746 5686 heus
1785 5645 1861 5696 tu,
1898 5633 2100 5686 nomine

614 5801 688 5870 (a)
718 5805 811 5858 Ur.
834 5805 923 5860 20.

2209 4625 2318 4689 ficii
2351 4625 2479 4676 mihi
2510 4623 2625 4674 loco
2665 4625 2760 4674 erit
2803 4638 2821 4674 .'
2854 4625 3006 4676 citius
3039 4625 3176 4676 enim
3203 4640 3279 4674 me
3311 4623 3377 4672 atl
3415 4622 3574 4673 Deum
3599 4635 3776 4674 trans-

2207 4717 2408 4777 mittet,
2445 4713 2530 4766 cui
2566 4715 2708 4776 vivo,
2733 4725 2780 4767 et
2811 4731 3021 4767 munere
3055 4731 3166 4767 meo
3197 4715 3415 4780 fungar,
3441 4716 3774 4779 mna-imaque

2205 4823 2270 4860 ea:
2316 4819 2462 4871 parte
2493 4815 2707 4858 mortem
2755 4808 2861 4859 obii
2883 4847 2895 4865 .
2923 4816 2969 4858 et
3014 4811 3082 4857 ad
3115 4822 3264 4867 quem
3294 4805 3612 4872 jampridem
3649 4821 3774 4872 pro-

2206 4918 2348 4966 pero.
2381 4901 2497 4966 Quo
2532 4915 2766 4953 sermone
2813 4899 3196 4966 obstupefactus
3219 4900 3496 4966 prtvfectus
3525 4917 3542 4951 :
3579 4896 3769 4962 Nemo,

2209 4992 2394 5062 inquit,
2419 5008 2498 5044 me
2521 4992 2826 5058 (nomenque
2853 5007 3001 5043 suum
3037 4990 3300 5058 adjuuxit)
3338 4994 3403 5043 ad
3439 4994 3572 5041 hunc.
3611 5006 3774 5056 usque

2207 5084 2344 5135 diem
2374 5086 2446 5133 ita
2482 5092 2552 5133 est
2589 5083 2878 5146 allocutus,
2914 5099 3003 5134 nec
3039 5083 3156 5147 pari
3202 5083 3472 5135 verborum
3509 5081 3768 5136 libertate.

2211 5175 2393 5244 Neque
2420 5174 2575 5237 enim,
2617 5178 2687 5227 ait
2725 5172 2976 5235 Basilius,
3006 5175 3228 5239 fortasse
3269 5178 3321 5228 in
3366 5175 3657 5240 episcopum
3691 5177 3773 5226 in-

2207 5267 2402 5321 cidisti.
2447 5265 2652 5335 Alioqui
2690 5269 2786 5320 hoc
2833 5282 3047 5334 prorsus
3087 5269 3239 5320 modo
3284 5267 3643 5329 disseruisset,
3677 5285 3772 5333 pro

2207 5359 2507 5426 huiusmodi
2550 5360 2700 5410 rebus
2740 5360 2792 5409 in
2827 5366 3089 5410 certarum
3128 5359 3354 5410 veniens.
3389 5355 3526 5409 Nam
3567 5362 3770 5409 cteteris

2205 5455 2411 5520 quidem
2439 5453 2491 5503 in
2518 5453 2689 5513 rebus,
2727 5470 2756 5504 ο
2786 5450 3050 5518 praefecte,
3087 5449 3338 5501 ntunsueti
3365 5459 3410 5501 et
3458 5449 3653 5514 placidi
3681 5466 3773 5501 su-

2207 5560 2343 5608 mus,
2381 5557 2533 5610 atque
2569 5544 2794 5594 omnium
2826 5541 3177 5608 ultjectissimi,
3209 5541 3644 5608 quemadmodum
3676 5543 3771 5592 hoc

2209 5632 2355 5685 nobis
2385 5635 2492 5700 lcgc
2542 5637 2897 5700 pt'a':crip.'um
2933 5642 3028 5694 est,
3069 5649 3128 5684 ac
3165 5649 3265 5684 non
3312 5631 3480 5682 dicam
3523 5633 3771 5683 tttll'Ct‘lItS

2285 5805 2354 5872 (tr)
2387 5803 2519 5860 una.
