4038 6466
1595 386 1753 445 VITA
1802 384 1858 439 S.
1905 383 2169 443 BASlLll.

3327 406 3485 443 ιιςι(

258 526 467 571 tantum
496 516 892 581 imperatorem,
922 512 1009 566 sed
1049 528 1110 564 ne
1163 510 1407 564 adversus
1438 507 1686 577 plebeium
1710 508 1823 576 qui-
1862 510 1906 562 A
1936 505 2071 561 vela.
2100 505 2306 561 Rursus
2337 505 2429 561 Dei
2458 507 2656 562 athleta
2686 506 2789 561 hoc
2816 516 3049 557 secundo
3077 505 3293 575 prndio,
3327 509 3490 561 etiam

258 612 378 664 dem
410 620 717 675 quemquam
752 614 800 660 et
850 607 1015 674 in/imi
1056 603 1255 658 ordinis
1299 604 1559 658 hominem
1594 600 1824 671 superci—

260 704 388 755 lium
420 696 730 754 attollimus.
772 697 962 751 Verum
1001 695 1088 748 ubi
1125 694 1265 752 Deus
1298 695 1443 750 nobis
1477 696 1823 761 periclitatur,

259 810 322 845 ac
352 790 677 858 proponitur,
716 803 823 844 tum
844 790 1050 841 demum
1071 789 1180 842 alia
1212 788 1387 842 omnia
1414 801 1508 853 pro
1546 787 1705 840 nihilo
1727 803 1826 855 pu-

261 890 452 946 tantes,
492 882 658 950 ipsum
691 881 861 933 solum
900 880 1181 935 intuemur.
1230 879 1376 947 Ignis
1412 889 1602 943 autem,
1641 890 1686 933 et
1708 879 1815 948 gla-

260 973 381 1025 dius
402 1012 418 1036 ,
448 984 497 1027 et
528 974 737 1037 bestico,
768 980 818 1025 et
850 972 1058 1041 ungula:
1089 987 1297 1026 carnem
1336 969 1655 1035 lacerantes,
1684 971 1827 1025 oolu-

260 1066 392 1129 ptati
445 1066 592 1119 nobis
636 1079 697 1117 ac
747 1062 951 1119 deliciis
993 1066 1165 1131 potius
1206 1071 1355 1127 sunt,
1402 1080 1558 1134 quam
1618 1065 1825 1119 terrori.

263 1157 498 1213 Proinde
521 1157 852 1213 contumeliis
878 1175 969 1212 uos
1003 1158 1167 1225 office,
1190 1158 1529 1223 comminare,
1554 1159 1640 1225 [ac
1669 1156 1825 1224 quid-

259 1253 382 1319 quid
418 1249 747 1315 collibuerit,
796 1258 1049 1317 potestate
1096 1258 1186 1301 tua
1238 1249 1410 1317 fruere
1441 1248 1663 1301 :oudiat
1718 1246 1826 1301 [tam

261 1344 418 1397 elinm
441 1343 746 1407 imperator,
774 1356 1095 1410 nequaquam
1128 1343 1360 1409 profecto
1386 1357 1479 1393 nos
1508 1340 1677 1392 vinces
1698 1379 1713 1399 ,
1738 1355 1827 1393 nec

261 1436 481 1503 efﬁcies,
522 1446 575 1488 ut
621 1436 794 1503 impia:
840 1433 1095 1486 doctrina:
1135 1434 1489 1485 assentiamur
1527 1447 1545 1484 .'
1578 1447 1641 1483 ne
1669 1430 1714 1483 si
1747 1430 1828 1485 Itis

260 1526 467 1594 quidem
498 1527 759 1580 atrociora
784 1524 1055 1577 miniteris.
1092 1521 1222 1575 Hcce
1248 1532 1521 1592 postquam
1550 1520 1827 1586 prtcfectus

261 1619 417 1684 dixit,
474 1630 624 1686 atque
664 1614 856 1678 audiit,
900 1617 1164 1685 ipsiusque
1222 1613 1599 1668 contentionem
1665 1613 1827 1665 animi

261 1728 373 1765 eam
408 1727 519 1765 esse
540 1709 797 1777 cognovit,
826 1719 882 1762 ut
912 1709 1055 1763 nulla
1091 1708 1164 1762 eis
1196 1723 1312 1760 eum
1344 1708 1743 1773 perterrefacere
1766 1722 1829 1758 ac

260 1814 510 1865 superare
558 1810 748 1866 posset,
794 1800 962 1867 ipsum
1009 1802 1219 1867 quidem
1266 1795 1409 1863 {oras
1458 1797 1635 1862 misit,
1678 1809 1831 1868 atque

1927 598 2120 667 prioris
2151 597 2375 667 gloriam
2428 597 2716 664 superavit.
2766 592 2922 649 Nulla
2964 594 3052 647 hic
3089 611 3220 651 sane
3261 599 3492 666 impera-

1926 690 2059 745 toris
2101 689 2399 759 prtesentite
2444 686 2709 755 insignia,
2762 688 2858 743 sed
2906 686 3166 755 quidquid
3198 689 3493 745 terribilius

1927 780 2043 843 fuit.
2081 782 2133 835 id
2163 781 2227 834 ad
2247 780 2484 851 judicent
2513 778 2675 832 refert
2708 779 3001 849 Gregorius
3029 775 3317 848 Nyssenus.

1997 873 2054 925 2ο
2102 871 2353 925 Testatur
2383 870 2675 938 Gregorius
2719 868 3088 928 Nazianzenus
3118 870 3192 942 (p.
3226 873 3348 943 351)
3384 877 3490 930 Va—

1928 962 2125 1016 lentem
2156 960 2471 1028 jamdudum
2507 960 2690 1016 Basilii
2732 962 2980 1018 audiendi
3022 964 3272 1035 cnpidum
3308 966 3489 1031 fuisse,

1926 1070 2045 1107 cum
2078 1054 2129 1107 in
2163 1053 2448 1108 ecclesiam
2474 1056 2670 1110 iterum
2698 1053 2861 1116 venit,
2896 1064 2950 1107 et
2983 1071 3101 1110 cum
3136 1072 3201 1113 eo
3228 1056 3371 1111 intra
3405 1073 3494 1113 ve-

1928 1146 2038 1198 lum
2067 1144 2363 1197 collocutus
2390 1154 2493 1199 est.
2524 1142 2771 1198 Nondum
2801 1159 2929 1213 ergo
2964 1143 3216 1200 Basilium
3252 1148 3497 1202 audierat

1926 1230 2308 1293 disserentem,
2342 1244 2405 1284 ac
2448 1230 2672 1299 proinde
2722 1247 2826 1283 non
2868 1232 3116 1286 adfuerat
3154 1250 3276 1288 cum
3317 1232 3497 1288 Mode-

1926 1332 2067 1377 stum
2108 1337 2172 1376 ac
2201 1322 2610 1377 Demosthenem
2642 1322 2870 1377 Basilius
2895 1332 3041 1377 tanta
3073 1326 3236 1379 animi
3278 1326 3497 1380 fortitu-

1926 1411 2052 1464 dine
2097 1411 2393 1478 superavit.
2442 1410 2578 1465 Hinc
2620 1412 2915 1483 Gregorius
2971 1422 3253 1482 postquam
3314 1414 3494 1468 Basilii

1926 1520 2049 1558 cum
2078 1502 2334 1571 praefecto
2369 1502 2607 1571 dialogos
2635 1505 2851 1570 retulit,
2880 1506 3074 1560 transit
3101 1506 3168 1558 ad
3205 1520 3265 1558 ea
3288 1520 3406 1575 qua:
3426 1508 3496 1561 ad

1926 1597 2097 1667 ipsum
2122 1594 2485 1661 imperatorem
2506 1592 2807 1662 prolocutus
2833 1604 2928 1651 est.

1997 1688 2053 1742 5°
2100 1684 2294 1740 Narrat
2342 1686 2483 1739 idem
2535 1683 2830 1755 Gregorius
2873 1689 2950 1755 (p.
2995 1687 3121 1759 550)
3173 1686 3496 1750 Modestum,

1930 1795 2089 1848 quam
2139 1777 2424 1833 celerrime
2476 1776 2666 1846 potuit,
2717 1776 2784 1830 ad
2836 1776 3212 1847 imperatorem
3261 1778 3498 1841 venisse.

259 1891 539 1957 ablegarit,
567 1908 668 1945 non
684 1894 799 1961 jam
828 1908 943 1944 cum
978 1891 1164 1942 iisdem
1196 1890 1351 1943 minis
1373 1929 1387 1953 ,
1414 1892 1503 1944 sed
1543 1907 1657 1945 cum
1693 1908 1825 1961 qua-

1931 1870 2087 1937 eique
2120 1886 2281 1939 quam
2314 1870 2548 1925 invictus
2579 1876 2725 1924 esset
2760 1886 2824 1924 ac
2854 1869 3233 1937 insuperabilis
3272 1869 3505 1946 Basilius

260 1984 383 2035 dant
434 1986 719 2036 reverentia
773 1992 820 2035 et
866 1981 1223 2035 sulmtissione.
1267 1980 1386 2049 Ipse
1421 1991 1628 2041 autem,
1669 1996 1827 2049 quam

260 2075 527 2129 celerrime
549 2077 739 2141 potuit,
762 2074 1124 2142 imperatorem
1165 2076 1345 2128 adiens
1370 2090 1387 2127 :
1411 2073 1724 2140 Imperator,
1747 2074 1830 2124 in-

257 2167 395 2234 quit,
421 2168 487 2219 ab
523 2168 681 2236 hujus
717 2164 965 2221 Ecclesia!
1005 2168 1235 2221 antistite
1274 2168 1396 2219 victi
1429 2181 1635 2220 sumus:
1671 2165 1827 2219 Minis

261 2256 503 2322 superior
525 2267 621 2315 cst.
647 2257 970 2311 sermonibus
1005 2257 1229 2323 ﬁrmior,
1273 2256 1538 2309 verborum
1562 2256 1827 2311 blanditiis

260 2349 475 2417 fortior.
516 2348 849 2420 Ignaviornm
882 2350 1018 2401 alius
1071 2350 1328 2416 quispiam
1372 2350 1656 2402 lentandus
1702 2360 1824 2404 est:

259 2447 378 2495 anic
408 2454 602 2505 autem,
636 2452 729 2495 aut
753 2444 824 2495 cis
849 2451 1022 2507 aperte
1049 2442 1317 2510 inferenda
1338 2486 1354 2509 ,
1391 2454 1480 2495 aut
1513 2459 1614 2495 non
1649 2457 1828 2506 exspe-

259 2534 525 2591 ctandum,
557 2542 611 2583 ut
642 2533 793 2584 minis
815 2532 982 2585 cedat.

336 2622 421 2674 ΙΙΙ.
459 2621 633 2675 Minus
661 2630 914 2674 accurate
943 2627 1189 2675 versatur
1235 2618 1606 2674 Tillemontius
1650 2618 1700 2672 in
1734 2619 1831 2671 lia-

260 2728 377 2764 rum
434 2727 611 2765 rerum
668 2711 806 2765 serie
885 2708 1234 2781 disponenda.
1314 2706 1447 2766 Nam
1520 2706 1828 2777 praefectum

258 2805 552 2867 existimat,
595 2814 713 2873 post
738 2805 967 2870 primum
1001 2809 1296 2864 certamen,
1322 2800 1388 2853 ad
1426 2799 1706 2855 Valentem
1740 2813 1830 2851 ac-

260 2895 514 2957 currisse,
538 2894 694 2962 eique
731 2894 780 2946 in
813 2894 1020 2955 urbem,
1052 2902 1106 2945 ut
1134 2889 1593 2944 aitTheodoretus
1617 2888 1710 2942 lib.
1750 2902 1824 2949 tv,

259 2999 307 3037 c.
353 2984 441 3046 19,
493 2984 785 3035 introeunti
827 2993 1099 3049 acceptam
1143 2980 1347 3032 cladem
1392 2993 1658 3032 narraSsc.
1690 2977 1826 3030 Tum

260 3073 540 3129 Valentem
581 3074 799 3137 iratum,
845 3071 983 3140 quod
1028 3085 1130 3123 non
1172 3071 1343 3138 primo
1387 3068 1586 3137 impetu
1629 3068 1829 3120 fractus

259 3178 402 3222 esset
433 3164 683 3230 Basilius,
714 3175 984 3219 certamen
1013 3162 1217 3233 ingredi
1252 3159 1519 3223 voluisse,
1553 3166 1608 3211 et
1633 3169 1829 3225 coquo-

260 3277 378 3314 rmn
423 3261 707 3328 praeposito
757 3256 1097 3312 Demostheni
1127 3254 1230 3308 hoc
1258 3266 1450 3305 munus
1477 3248 1827 3312 commisisse,

261 3351 587 3406 utBasilinm
620 3350 870 3402 audiente
900 3364 956 3403 se
988 3355 1338 3416 Oppugnaret.

333 3444 441 3496 Sed
496 3443 633 3495 inter
680 3441 902 3508 primum
941 3438 1081 3492 illam
1123 3452 1354 3507 pugnam
1395 3446 1450 3492 et
1495 3431 1832 3505 imperatoris

265 3537 555 3590 adventum
592 3532 753 3585 nmlta
778 3532 1218 3593 intercesserunt,
1248 3528 1513 3599 imprimis
1540 3528 1829 3582 secundum

273 3626 405 3680 illud
449 3640 569 3679 cmn
602 3637 894 3692 coquorum
949 3622 1230 3690 praeposito
1275 3630 1569 3683 certamen,
1612 3618 1695 3671 cui
1728 3631 1830 3670 non

267 3716 514 3773 interfuit
555 3716 869 3783 imperator.
945 3711 1213 3780 Decepere
1270 3709 1666 3765 Tillemontium
1722 3705 1835 3759 bzec

262 3812 428 3865 verba
458 3806 684 3877 Nysseni
722 3804 798 3876 (p.
827 3803 974 3873 3H),
1005 3801 1120 3856 ἀλλ’
1149 3800 1425 3870 ἐκδέχεται
1454 3797 1657 3851 πάλινὸ
1684 3794 1835 3865 βασι-

263 3902 389 3962 λεὺς
426 3896 523 3968 τὴν
570 3899 765 3965 πεῖραν
803 3893 984 3955 αὑτός.
1016 3890 1123 3946 Sed
1168 3892 1357 3944 iterum
1408 3888 1672 3957 experitur
1728 3886 1835 3952 ipse

263 3993 572 4060 imperator.
616 3987 685 4040 At
736 3986 1004 4054 quomodo
1048 3991 1302 4051 expertus
1332 3980 1422 4045 sit,
1454 3978 1834 4045 iudicantqme

264 4093 566 4151 sequuntur
596 4095 609 4131 :
641 4075 1091 4143 Quemadmodum
1112 4075 1277 4142 igitur
1297 4089 1451 4139 Opera
1480 4072 1628 4140 coqui
1652 4067 1834 4122 Nabu-

266 4176 491 4237 zardan,
520 4170 715 4240 inquit,
746 4168 994 4236 Assyrius
1022 4167 1146 4219 olim
1188 4162 1434 4230 templum
1474 4161 1833 4215 lsraelitarum

262 4269 442 4322 evertit
506 4282 523 4319 :
575 4266 650 4317 ita
692 4271 738 4316 et
786 4262 880 4313 iste
926 4258 1266 4311 Demostheni
1301 4257 1509 4309 cuidam
1555 4267 1834 4321 coquorum

262 4358 568 4427 prarposito,
594 4364 649 4406 ut
677 4353 797 4406 aliis
829 4349 1105 4403 andaciori
1126 4388 1142 4411 ,
1171 4350 1266 4398 ltac
1298 4346 1547 4398 mandata
1572 4342 1837 4402 provincia

262 4446 477 4515 putabat
537 4461 591 4496 se
650 4442 999 4511 perfecturum
1055 4436 1310 4507 quidquid
1372 4450 1643 4505 aggressus
1698 4440 1834 4485 erat.

262 4542 381 4608 Ipse
407 4537 572 4592 etiam
606 4535 973 4589 Nazianzenus
1005 4530 1080 4602 (p.
1118 4531 1243 4598 348)
1292 4530 1599 4599 praelectum
1630 4540 1829 4593 coquo-
1863 4548 1906 4601 ι)

265 4646 382 4685 rum
420 4635 671 4681 numerat
694 4627 833 4679 inter
863 4639 956 4679 eos
977 4665 991 4687 ,
1020 4621 1108 4691 qui
1138 4621 1202 4674 ad
1231 4619 1483 4674 Basilium
1523 4618 1668 4672 missi
1703 4627 1828 4670 sunt

265 4740 293 4777 a
338 4723 596 4784 Valente;
625 4719 767 4788 quod
807 4726 1122 4787 argumento
1150 4724 1235 4768 est
1264 4727 1367 4766 non
1410 4711 1718 4765 interfuisse
1749 4710 1832 4762 his

264 4814 461 4883 pugnis
514 4812 931 4881 imperatorem;
995 4807 1088 4863 sed
1134 4804 1280 4859 vices
1327 4818 1456 4859 suas
1505 4800 1836 4857 commisisse

262 4904 617 4960 Demostheni
662 4918 678 4954 :
729 4902 887 4968 idque
940 4900 1225 4953 conﬁrmat
1296 4892 1525 4966 Nysseni
1577 4894 1832 4946 narratio.

263 4997 401 5053 Nam
431 5012 556 5052 cum
592 4993 980 5050 Demosthenes
1017 4989 1197 5045 omnia
1238 4988 1523 5051 misceret,
1554 5000 1619 5039 ac
1643 4986 1836 5055 impius

262 5089 488 5160 quidam
516 5100 582 5139 ex
629 5084 867 5154 Illyrico,
898 5081 987 5150 qui
1036 5078 1257 5132 tabellas
1307 5075 1558 5130 manibus
1606 5074 1833 5138 ferebat,

260 5191 522 5249 proceres
549 5190 738 5229 omnes
782 5172 981 5226 adhoc
1028 5166 1393 5236 spectaculum
1448 5175 1830 5229 convocasset;

264 5276 502 5334 cumque
532 5274 721 5315 rursus
766 5258 900 5312 iram
939 5271 1089 5310 suam
1131 5251 1402 5307 Modestus
1446 5251 1830 5313 vehementius,

260 5371 428 5425 quam
467 5361 651 5414 antea,
682 5349 1015 5404 accendisset
1037 5388 1051 5409 ,
1075 5359 1242 5413 seque
1271 5358 1459 5398 omnes
1503 5344 1568 5397 ad
1596 5340 1833 5396 Valentis

262 5444 603 5502 iracundiam
634 5441 917 5510 fingerent,
942 5447 996 5491 et
1024 5452 1145 5490 cum
1170 5451 1233 5491 eo
1259 5435 1567 5504 indignante
1591 5432 1833 5499 indigna-

262 5546 478 5596 rentur.
507 5547 717 5588 summa
748 5539 867 5585 erat
897 5529 1203 5583 futurorum
1237 5524 1589 5594 exspectatio.
1625 5522 1830 5576 Rursus

262 5627 408 5681 enim
446 5624 536 5679 ille
570 5622 875 5691 prtcfectus,
911 5635 1096 5673 rursus
1140 5628 1371 5671 terrores
1406 5625 1460 5669 et
1499 5615 1654 5667 ntimo
1691 5616 1829 5683 prio-

264 5720 416 5771 ribus
439 5716 735 5787 graviores,
763 5727 827 5766 ac
872 5712 953 5765 ira
978 5711 1351 5765 vehementior
1392 5724 1404 5759 :
1438 5706 1711 5776 judicialis
1738 5724 1828 5775 ap-

264 5817 507 5876 paratus,
532 5821 825 5876 praecones,
858 5803 1211 5871 apparitores,
1253 5800 1492 5866 lictores,
1517 5798 1735 5855 canet-lli
1778 5809 1830 5853 ct

1932 1958 2276 2024 declarasse;
2302 1975 2471 2029 quare
2504 1967 2597 2013 aut
2627 1960 2731 2012 vim
2771 1960 2819 2013 ei
2850 1960 3218 2025 inferendam,
3259 1970 3352 2013 aut
3395 1977 3499 2013 non

1928 2048 2343 2119 exspectandum
2372 2063 2427 2104 ut
2450 2051 2607 2106 minis
2630 2052 2817 2106 cedat:
2844 2060 2952 2103 tum
2975 2065 3100 2103 vero
3128 2051 3501 2118 imperatorem

1932 2150 2091 2194 tanta:
2134 2140 2344 2194 virtutis
2376 2143 2733 2197 admiratione
2778 2156 2909 2195 sese
2959 2139 3261 2209 collegisse,
3298 2156 3360 2194 ac
3412 2155 3504 2194 ve-

1936 2232 2102 2286 tuisse
2128 2247 2194 2285 ne
2223 2231 2305 2285 vis
2335 2229 2533 2285 Basilio
2565 2232 2876 2296 inferretur,
2914 2243 2967 2285 et
3009 2247 3131 2285 cum
3182 2230 3325 2284 iliius
3356 2244 3503 2284 com.

1934 2320 2243 2375 munioncm
2295 2335 2399 2374 non
2450 2321 2676 2375 auderet
2704 2324 2953 2389 amplecti
2995 2322 3205 2391 (pudori
3251 2321 3395 2376 enim
3427 2321 3500 2375 illi

1930 2426 2043 2468 erat
2099 2417 2421 2486 immutatio)
2477 2415 2711 2469 tttaxime
2758 2416 3009 2468 decoram
3056 2416 3103 2467 ei
3136 2415 3502 2469 satisfaciendi

1929 2507 2069 2560 viam
2108 2508 2385 2575 quan-disse
2426 2493 2476 2561 et
2520 2506 2721 2559 ideirco
2769 2506 2822 2559 in
2848 2505 3130 2559 ecclesiam
3163 2505 3394 2559 venisse.
3423 2506 3502 2559 Ex

1932 2601 2128 2668 quibus
2173 2600 2495 2666 perspicitur
2534 2617 2631 2652 uec
2674 2597 2968 2652 Modestum
3024 2599 3207 2651 statim
3240 2606 3358 2666 post
3387 2596 3501 2666 pri-

1932 2705 2076 2744 tmtm
2103 2700 2381 2742 certamen
2412 2688 2477 2739 ad
2510 2687 2887 2753 imperatorem
2916 2685 3126 2738 venisse
3151 2684 3323 2751 (illum
3357 2683 3502 2739 enim

1931 2778 2085 2832 furiis
2134 2778 2367 2832 incendit
2414 2778 2525 2829 htec
2565 2776 2749 2843 prima:
2797 2776 2964 2829 eladis
3012 2773 3351 2844 ignominia),
3401 2789 3502 2829 nec

1932 2872 2209 2927 Valentem
2257 2869 2412 2923 alteri
2454 2866 2762 2922 interfuisse
2796 2882 3020 2935 pugnae;
3066 2867 3327 2934 siquidem
3371 2866 3504 2936 quid

1931 2965 1982 3018 in
2007 2980 2068 3019 ea
2096 2973 2303 3033 gestum
2328 2973 2492 3026 esset,
2523 2976 2590 3015 ex
2617 2958 2875 3029 praefecto
2892 2959 3163 3027 cognovit.

2002 3054 2183 3123 Neque
2203 3055 2363 3106 etiam
2409 3051 2857 3105 accuratissimus
2899 3049 3000 3103 luit
3027 3048 3405 3102 Tillemontius
3446 3046 3501 3100 in

1938 3146 2117 3201 Basilii
2146 3145 2336 3215 pugnis
2362 3143 2730 3197 numerandis.
2757 3141 2885 3206 Quae
2909 3141 3052 3193 enim
3077 3155 3259 3194 coram
3291 3154 3502 3209 ρεπενο-

1932 3240 2037 3292 sito
2078 3250 2372 3304 coquorum
2416 3243 2562 3304 gesta
2615 3244 2804 3287 narrat
2854 3230 3151 3303 Nyssenns,
3197 3232 3309 3284 hazc
3338 3228 3504 3283 Tille—

1932 3328 2169 3384 montius
2227 3328 2281 3381 in
2332 3327 2435 3381 duo
2482 3327 2690 3381 diversa
2742 3325 2923 3390 praelia
2986 3322 3196 3384 dividit,
3252 3320 3504 3389 quamvis

1932 3435 2092 3475 unum
2142 3432 2361 3489 prorsus
2389 3418 2680 3479 exstiterit,
2718 3414 2859 3483 quod
2895 3414 3134 3481 quidem,
3177 3412 3275 3463 etsi
3314 3408 3506 3478 praeci-

1933 3527 2050 3582 pua:
2070 3506 2410 3578 oppugnandi
2448 3516 2628 3574 partes
2675 3500 3017 3556 Demostheni
3058 3498 3362 3554 commissa:
3388 3498 3505 3553 fue-

1931 3611 2077 3663 runt,
2129 3599 2372 3653 omnium
2428 3606 2602 3649 tamen
2655 3604 2961 3665 magnatum
3006 3590 3507 3660 frequentia,quos

1932 3693 2130 3761 impius
2160 3690 2377 3760 quidam
2412 3703 2476 3741 ex
2524 3686 2737 3757 Illyrico
2772 3686 3045 3755 profectus
3081 3694 3506 3748 eouvocaverat,

1932 3800 1997 3837 ac
2022 3783 2191 3851 ipsius
2213 3780 2451 3851 prmfecti
2481 3778 2767 3848 prmsentia
2800 3776 3128 3831 celebratum
3152 3773 3273 3828 fuit.
3300 3774 3507 3840 Quam-

1934 3876 2015 3930 vis
2036 3885 2213 3930 autem
2238 3875 2373 3928 duas
2402 3882 2610 3926 tantum
2637 3870 2878 3938 insignes
2910 3883 3115 3938 pugnas
3142 3866 3344 3921 referat
3375 3866 3507 3938 Nys-

1932 3984 2124 4033 senus,
2148 3965 2439 4022 verisimile
2463 3976 2550 4019 est
2585 3973 2763 4017 tamen
2795 3961 2975 4032 plures
3017 3960 3149 4015 alias
3179 3958 3506 4014 sustinuisse

1932 4062 2188 4117 Basiliam
2231 4076 2247 4113 :
2278 4059 2439 4127 idque
2491 4057 2604 4125 ipse
2649 4070 2753 4109 non
2785 4055 3020 4108 obscure
3066 4051 3270 4106 indicat
3304 4054 3355 4102 in
3385 4049 3505 4117 epi-

1934 4153 2069 4209 stola
2102 4152 2166 4205 ad
2190 4149 2554 4211 Eustathium,
2587 4147 2674 4200 cui
2702 4154 2886 4198 narrat
2912 4144 3013 4197 sibi
3034 4144 3147 4210 jam
3190 4155 3394 4209 pugnas
3412 4137 3507 4193 alio

1933 4258 2088 4313 quas,
2120 4254 2317 4304 easque
2360 4238 2494 4291 satis
2528 4238 2875 4312 vehementes
2910 4233 3075 4287 fuisse
3123 4246 3242 4286 cum
3292 4231 3507 4300 magnis

1935 4334 2308 4407 potestatibus,
2353 4327 2609 4399 praefecto
2650 4335 2705 4381 et
2749 4323 2981 4379 cubiculi
3032 4321 3344 4392 prmliosito.
3395 4319 3504 4374 Na-

1936 4430 2224 4483 zianzenus
2270 4432 2324 4478 et
2356 4437 2423 4476 ex
2470 4419 2712 4489 judicum
2762 4416 2975 4479 ordine,
3010 4425 3065 4468 et
3093 4428 3159 4466 ex
3201 4411 3419 4466 militari
3450 4421 3506 4466 et

1934 4537 1998 4575 ex
2020 4519 2297 4589 Gynarcaeo
2320 4511 2590 4567 immissos
2611 4524 2730 4564 esse
2751 4508 2828 4562 ait
2844 4507 2936 4577 qui
2959 4505 3216 4559 Basiliam
3239 4518 3505 4574 oppugna-

1943 4626 2085 4676 rent,
2107 4626 2169 4664 ac
2197 4608 2335 4662 idem
2361 4618 2555 4657 munus
2576 4600 2675 4670 ipsi
2701 4600 2863 4655 etiam
2893 4610 3190 4666 coquorum
3221 4595 3505 4664 praeposito

1940 4703 2283 4761 commissum
2314 4696 2496 4752 fuisse.

2004 4796 2228 4851 Videtur
2261 4791 2438 4858 aliqua
2464 4788 2640 4841 inesse
2679 4787 2824 4839 inter
2867 4790 3156 4848 utrumque
3182 4776 3502 4847 Gregorium

1934 4886 2313 4957 discrepantia.
2336 4881 2465 4937 Nam
2492 4894 2614 4935 cum
2637 4885 2868 4945 uterque
2886 4874 3070 4927 eadem
3102 4870 3285 4924 Basilii
3320 4885 3503 4923 coram

1933 4980 2187 5052 praefecte
2210 4978 2348 5030 dicta
2366 4972 2598 5033 referat;
2625 4966 2899 5037 Nyssenus
2922 4965 3019 5018 hac
3036 4961 3217 5016 Basilii
3251 4970 3508 5015 constano

1935 5046 2006 5124 iis
2025 5070 2157 5123 iram
2178 5065 2416 5119 Valentis
2440 5074 2721 5115 accensam
2742 5055 2905 5109 fuisse
2926 5052 3079 5117 dicit,
3101 5065 3336 5117 eumque
3358 5046 3504 5101 vices

1932 5160 2114 5217 Basilii
2139 5160 2331 5213 iterum
2355 5149 2693 5224 oppugnandi
2727 5146 3059 5203 commisisse
3085 5138 3432 5197 Demostheni
3484 5154 3499 5191 :

1934 5263 2119 5308 contra
2155 5248 2523 5303 Nazianzenus
2569 5240 2899 5297 iracundiam
2941 5234 3287 5291 admirationi
3325 5230 3499 5284 locum

1932 5342 2183 5405 cessisse,
2197 5353 2261 5392 ac
2286 5339 2520 5391 vetuisse
2543 5335 2939 5401 imperatorem,
2961 5342 3027 5380 ne
3043 5324 3164 5392 quis
3179 5320 3376 5376 Basilio
3391 5320 3500 5373 vim

1934 5432 2179 5486 inferret.
2212 5429 2352 5497 Ergo
2378 5427 2636 5480 alteruter
2658 5420 2839 5475 Basilii
2876 5420 3031 5473 dicta.
3044 5432 3150 5470 non
3182 5414 3317 5469 satis
3338 5428 3501 5467 accu-

1932 5533 2049 5577 rato
2078 5520 2268 5576 ordine
2296 5517 2495 5572 retulit.
2524 5512 2657 5566 Nam
2691 5510 2757 5561 de
2786 5507 3023 5561 bistorim
3056 5520 3285 5567 summa,
3309 5501 3501 5571 pugnis

1933 5631 2036 5668 non
2099 5611 2262 5667 senth
2319 5605 2655 5670 commissis,
2701 5620 2764 5657 ac
2805 5600 3145 5671 optatissime
3182 5599 3502 5650 constantiae

1933 5705 2115 5760 Basilii
2140 5702 2286 5756 exitu
2319 5697 2546 5752 miriﬁce
2577 5696 2719 5748 inter
2751 5703 3037 5760 utrumque
3068 5687 3341 5741 convenit.

2002 5794 2088 5851 IV.
2133 5795 2263 5850 Dum
2292 5789 2519 5847 Basilius
2550 5787 2660 5843 ha'c
2685 5794 2912 5841 sustinet
2954 5780 3168 5852 praelia;
3197 5773 3499 5832 EustatLins
