4038 6470
520 430 659 468 LXXX

1879 402 2241 463 PBOLEGOM
2252 402 2378 455 ENA
2390 442 2402 456 .

519 526 851 581 Sebastentts
893 525 1049 577 mittit
1084 524 1129 575 ei
1157 538 1277 573 cum
1321 521 1517 573 litteris
1552 520 1898 585 Elcttsittinm,
1936 538 2096 574 ttnnm
2129 526 2169 577 Α
2198 528 2281 570 tus
2307 518 2574 585 impletur.
2608 516 2773 583 Atque
2815 513 2865 565 id
2893 513 3150 581 plerisque
3194 514 3362 567 adhuc
3404 512 3675 565 obscurum
3703 529 3750 568 ει

520 628 579 671 ιιι
618 616 913 672 verisimile
955 626 1057 679 est,
1124 630 1187 667 es
1246 614 1517 679 discipulis
1552 615 1680 673 suis,
1717 612 1807 678 qui
1859 616 2086 667 certanti

519 711 733 761 adesset
775 723 839 762 ac
878 706 1155 774 suppetias
1205 706 1364 759 ferret
1422 704 1640 758 Basilio.
1690 702 1996 771 Respondet
2040 706 2088 758 ci

517 800 750 853 Basilius
780 802 879 855 sibi
912 796 1012 868 (a),
1044 808 1327 864 antequam
1378 795 1519 850 illius
1559 798 1762 849 litteras
1802 795 2087 861 acciperet,

520 908 838 962 persuasum
864 891 1031 945 fuisse
1069 892 1132 944 de
1165 890 1303 943 illius
1333 905 1456 959 erga
1481 903 1683 947 omnes,
1708 889 1939 941 maxime
1963 900 2092 939 vero

518 998 646 1053 erga
686 1002 745 1042 se
784 984 1088 1046 cbaritate;
1134 982 1276 1035 illius
1311 992 1489 1037 autem
1532 980 1768 1047 acceptis
1808 977 1997 1033 litteris
2038 986 2092 1031 et

521 1087 811 1145 conspecto
851 1074 1142 1139 Eleusinia,
1187 1072 1390 1142 gratias
1439 1088 1495 1126 se
1549 1070 1655 1124 [leo
1704 1072 1897 1142 egisse,
1949 1069 2090 1136 quod

524 1169 625 1222 sibi
657 1168 813 1220 talem
847 1166 1144 1235 adjtttorctn
1174 1174 1226 1218 et
1263 1166 1681 1222 commilitonem
1714 1166 2090 1218 concessisset.

524 1255 723 1311 Narrat
745 1270 803 1308 se
827 1256 878 1307 in
904 1255 1099 1323 pugnis
1130 1256 1564 1319 vehementibus,
1598 1270 1730 1323 quas
1752 1255 1859 1322 jam
1892 1250 2093 1305 habue-

526 1358 611 1401 rat
651 1362 774 1400 cum
817 1347 1027 1413 magnis
1067 1348 1459 1417 p0testatibus,
1506 1345 1757 1415 pt'tefeCIo
1783 1352 1837 1396 et
1864 1341 2090 1397 cubiculi

524 1437 839 1503 praeposito,
868 1450 1083 1491 omnem
1111 1435 1366 1489 assultum
1413 1436 1729 1491 inconcusso
1767 1432 1949 1488 animo
1975 1448 2094 1487 sus-

526 1526 785 1589 tinuisse,
823 1526 932 1580 Deo
975 1526 1390 1581 imbecillitatem
1431 1526 1833 1581 corroborante.
1884 1522 2092 1593 Scripta

524 1619 739 1673 videtur
782 1618 899 1677 haec
954 1618 1175 1687 epistola
1224 1630 1348 1673 ante
1412 1618 1751 1686 imperatoris
1808 1617 2092 1670 adventum

526 1726 590 1765 ac
628 1712 764 1764 forte
788 1712 948 1763 etiam
980 1721 1105 1765 ante
1151 1712 1276 1765 illud
1317 1712 1606 1765 vehemens
1644 1723 1765 1763 cum
1799 1723 2094 1780 coquorum

526 1795 814 1865 prmposito
844 1802 1143 1861 certamen,
1174 1796 1237 1848 de
1264 1809 1369 1861 quo
1395 1792 1527 1845 nihil
1559 1792 1808 1849 Basilius.

2201 610 2519 674 incognitum
2546 615 2674 660 erat.
2729 603 2917 657 Vetttm
2945 618 3059 655 cum
3085 606 3245 662 dona,
3272 620 3387 673 qua:
3424 604 3633 667 ipscmet
3670 614 3755 670 e1-

2192 700 2402 769 [ecerut,
2427 702 2612 754 diutum
2634 712 2822 749 mensrv
2842 693 3105 763 offerenda
3126 707 3307 753 essent,
3335 713 3424 747 nec
3453 698 3752 764 quisquam,

2193 806 2243 847 ut
2268 812 2377 847 mos
2410 795 2628 861 ferebat.
2673 792 2832 843 simul
2867 808 2927 843 ea
2967 799 3169 857 caperet
3199 788 3359 859 (quod
3390 806 3489 844 mm
3520 792 3649 845 satis
3684 789 3757 841 li-

2192 897 2389 955 queret,
2424 901 2491 937 an
2542 903 2601 938 ea
2638 884 2867 937 Basi'ius
2918 893 3225 949 accepturus
3274 882 3445 947 esset)
3494 893 3601 936 tum
3637 896 3758 937 vero

2194 975 2464 1043 manifeste
2496 992 2551 1027 se
2575 977 2794 1043 aﬂ'ectus
2834 972 3085 1040 prodidit.
3128 972 3210 1025 lta
3238 970 3375 1026 enint
3403 971 3631 1025 titubare
3652 989 3757 1026 car-

2193 1073 2363 1136 pit,ut
2394 1067 2495 1118 nisi
2522 1068 2785 1132 quispiam
2842 1079 2906 1117 ex
2949 1064 3173 1116 sacrarii
3214 1063 3463 1117 ministris
3499 1064 3756 1117 vacillan-

2194 1172 2291 1214 tem
2315 1158 2583 1224 supposita
2616 1174 2774 1211 manu
2809 1156 3126 1220 retinuisset,
3156 1158 3341 1209 misere
3377 1156 3552 1225 utique
3588 1165 3634 1207 et
3673 1157 3758 1210 lu-

2195 1263 2370 1305 ctuose
2394 1249 2744 1318 prolapsurus
2782 1250 2963 1317 fuerit.

2269 1340 2567 1395 Verisimile
2614 1354 2719 1391 non
2754 1348 2835 1392 est
2872 1337 3148 1391 Valentem
3195 1334 3374 1389 Basilii
3425 1353 3581 1391 manu
3611 1350 3760 1389 com-

2196 1434 2501 1488 munionem
2534 1446 2745 1485 sacram
2787 1431 3086 1497 accepisse,
3123 1442 3245 1482 cutn
3282 1426 3579 1495 Gregorius
3613 1430 3759 1483 dicat

2196 1539 2314 1576 cum
2336 1541 2454 1578 cum
2490 1522 2687 1576 Basilio
2705 1520 3071 1588 perfunctorie
3089 1518 3519 1592 conjttnctionetn
3551 1521 3757 1574 iniisse.

2202 1612 2419 1667 Videtur
2450 1625 2626 1667 autem
2660 1610 2891 1665 Basilius
2948 1612 2999 1664 in
3048 1612 3186 1667 illius
3238 1612 3393 1665 donis
3426 1610 3760 1677 accipiendis

2198 1704 2316 1772 plus
2342 1705 2673 1758 consuluisse
2708 1702 2959 1756 Ecclesia:
2988 1703 3129 1771 paci,
3178 1720 3334 1771 quam
3378 1705 3549 1771 legum
3586 1701 3762 1753 eccle-

2200 1798 2537 1851 siasticarum
2570 1794 2840 1851 severitati
2874 1794 2968 1865 (ὁ).
2999 1795 3296 1847 Constantii
3323 1797 3457 1848 dona
3482 1794 3588 1849 alto
3611 1791 3758 1845 vultu

598 1884 807 1951 Scripta
860 1886 1021 1938 etiam
1080 1888 1131 1938 in
1167 1887 1263 1937 huc
1307 1883 1567 1937 horrenda
1621 1894 1917 1952 tempestate
1985 1886 2095 1952 epi-
2130 1868 2169 1921 Β
2200 1887 2388 1953 rejecit
2414 1887 2689 1952 Liberius,
2719 1887 2813 1942 sed
2846 1888 2897 1940 in
2943 1886 3211 1941 dissimilii
3248 1889 3553 1941 occasione.
3598 1885 3760 1940 Pares

525 1974 659 2027 stola
696 1975 764 2028 80
791 1975 857 2028 ad
885 1984 1125 2029 sanctum
1146 1974 1495 2027 Athanasium
1518 2014 1534 2035 ,
1574 1976 1659 2028 cui
1692 1975 1914 2027 Basilius
1943 1974 2092 2027 dolo-

526 2080 642 2120 rem
684 2081 839 2121 suum
886 2066 1153 2135 significat
1186 2066 1327 2134 quod
1368 2065 1597 2120 oblatam
1634 2069 1698 2119 ad
1724 2080 1782 2119 se
1827 2066 2096 2120 scribendi

528 2156 762 2224 aliquam
818 2160 1155 2211 occasionem
1192 2158 1640 2226 prmterntisissct.
1680 2156 2095 2213 Praeclarissime

528 2264 715 2302 secum
772 2249 855 2316 agi
911 2250 1271 2303 esistitnasset
1311 2248 1562 2313 Basilius,
1611 2248 1655 2301 si
1701 2249 1768 2302 ad
1817 2250 2095 2303 historiam

526 2340 652 2393 vita:
680 2356 789 2393 stne
816 2355 1164 2408 congressum
1189 2356 1310 2394 cum
1343 2338 1401 2394 S.
1427 2340 1723 2394 Athanasio
1761 2338 2066 2408 adiecisset.

597 2430 661 2487 V.
706 2429 798 2486 llis
831 2448 947 2501 qua:
977 2433 1040 2487 de
1068 2431 1261 2487 Basilio
1298 2441 1510 2485 narrata
1530 2431 1742 2487 fuerant
1768 2450 1795 2487 a
1822 2432 2092 2502 prml‘ecto,

524 2521 802 2589 perculsus
829 2532 907 2575 est
941 2522 1155 2585 Valens,
1177 2536 1239 2576 ac
1262 2522 1575 2575 instarlerri
1600 2520 2089 2589 imtnutatus,quod

529 2610 653 2679 igne
680 2611 896 2679 quidem
919 2610 1213 2676 etnollitttr,
1242 2613 1334 2667 sed
1362 2620 1540 2667 tamen
1568 2611 1695 2667 ferri
1723 2622 1970 2666 naturam
2001 2626 2093 2665 re-

529 2702 685 2757 tinet.
717 2703 903 2772 Itaque
939 2705 1101 2759 minis
1147 2705 1199 2759 itt
1242 2706 1651 2759 admirationem
1681 2706 1976 2767 conversis,
2012 2703 2095 2757 fa—

528 2802 676 2849 ctum
718 2812 872 2847 suum
920 2797 1212 2860 improbat,
1246 2797 1351 2849 vim
1387 2796 1585 2850 Basilio
1620 2804 1763 2849 vetat
1786 2795 2006 2859 inferri;
2040 2805 2096 2849 et

528 2900 654 2940 cum
692 2885 858 2953 ipsius
887 2887 1319 2940 communionem
1349 2886 1597 2953 amplecti
1638 2885 1805 2951 pudor
1835 2884 2093 2952 prohibe-

530 2985 635 3042 ret,
678 2976 911 3044 aliquam
946 2983 1121 3027 tamen
1172 2976 1219 3029 ei
1262 2973 1627 3027 satisfaciendi
1661 2974 1921 3028 rationem
1949 2989 2095 3042 qua:-

530 3065 702 3127 rebat,
725 3080 841 3134 qum
868 3064 970 3117 sibi
1003 3064 1253 3118 indecora
1280 3078 1383 3117 non
1406 3072 1571 3117 esset.
1604 3061 1755 3117 llanc
1778 3073 1957 3117 autem
1987 3079 2097 3117 ma-

532 3158 678 3210 xime
723 3158 972 3209 decoram
1015 3155 1299 3224 judicavit.
1355 3153 1527 3209 Sacro
1566 3155 1652 3208 die
1688 3154 1999 3223 Epiphaniae
2040 3155 2091 3208 in

534 3246 794 3313 templum
850 3246 1126 3313 ingressus
1190 3261 1311 3299 cum
1359 3246 1649 3299 satellitum
1694 3262 1874 3309 manu,
1910 3264 2097 3301 nume-

532 3349 652 3389 rum
681 3333 940 3386 laicorum
970 3338 1119 3385 ausit
1143 3372 1158 3395 ,
1208 3347 1375 3398 seque
1414 3345 1516 3387 hoc
1566 3337 1724 3388 modo
1765 3335 2101 3391 defunctorie

533 3441 654 3481 cum
690 3424 883 3477 Basilio
918 3424 1223 3492 conjunxit.
1282 3422 1506 3476 Videtur
1554 3421 1750 3476 Valens
1794 3425 2099 3479 Caesaream

534 3531 639 3570 non
669 3516 835 3570 multo
861 3525 986 3570 ante
1012 3516 1152 3568 diem
1184 3513 1381 3567 festum
1417 3508 1724 3567 advenisse.
1750 3513 1879 3566 Nam
1915 3513 1958 3567 si
1978 3529 2101 3582 spa-

537 3610 672 3663 tium
702 3608 885 3662 Ariatti
913 3605 1401 3663 habuissent-illius
1428 3606 1623 3660 iterum
1656 3606 1989 3668 incendendi,
2018 3606 2100 3660 fa-

537 3702 638 3757 cile
664 3701 737 3755 illi
764 3716 930 3755 novas
970 3700 1263 3754 iracundia:
1292 3697 1436 3753 faces
1459 3700 1848 3753 admovissent.
1880 3696 1936 3753 ιιι
1955 3699 2098 3753 enim

537 3812 642 3850 non
669 3795 835 3851 semel
869 3794 1231 3863 perfecerunt,
1270 3796 1340 3846 ita
1377 3802 1433 3845 ut
1470 3792 1710 3848 Valentis
1739 3794 1954 3847 animus
1979 3808 2103 3862 per-

534 3897 749 3956 petuam
787 3885 1036 3939 habuerit
1060 3883 1353 3937 iracundia:
1386 3884 1439 3935 itt
1473 3882 1727 3937 Basilintn
1768 3894 1822 3937 et
1851 3899 2103 3940 reveren-

534 3981 624 4035 tia:
657 3979 1096 4033 vicissitudinem.

606 4070 741 4125 Illud
773 4081 950 4123 autem
979 4068 1199 4121 minime
1234 4065 1670 4136 prtetcrenndttm
1691 4104 1706 4127 ,
1744 4066 1887 4133 quod
1912 4080 1977 4120 eo
2019 4067 2103 4120 die

536 4166 785 4218 evenisse
826 4160 1330 4229 narratGregorius
1381 4157 1769 4212 Nazianzenus.
1814 4153 2100 4226 Postquam

534 4255 693 4319 enim,
723 4254 917 4321 inquit,
944 4257 1086 4306 intus
1127 4253 1253 4320 fuit,
1282 4265 1436 4322 atque
1478 4252 1643 4319 ipsius
1682 4268 1834 4304 aures
1884 4251 2107 4320 psalmo-

539 4361 658 4399 rum
687 4356 865 4409 cantu,
903 4360 1006 4398 non
1032 4360 1178 4397 secus
1206 4360 1269 4397 ac
1295 4344 1526 4396 tonitrua
1573 4344 1796 4411 quodam
1827 4362 2107 4412 personue-

540 4449 685 4501 runt,
709 4438 968 4506 plebisque
994 4439 1209 4506 pelagus
1240 4435 1389 4499 vidit,
1436 4451 1744 4502 omnemque
1790 4436 2024 4488 ordinem
2055 4446 2103 4488 et

2197 1978 2407 2048 quidem
2424 1986 2578 2032 erant
2612 1977 2957 2031 Constantius
2985 1986 3039 2031 et
3071 1978 3267 2031 Valens
3293 1976 3481 2030 haeresi
3501 1976 3761 2031 eteatlto-

2200 2071 2312 2123 Iit-te
2335 2070 2453 2123 fidei
2481 2070 2623 2136 odio,
2650 2077 2705 2123 et
2727 2068 2861 2122 alter
2897 2069 3112 2137 quidem
3143 2058 3587 2133 catechttmenns,
3622 2068 3764 2122 alter

2197 2162 2263 2215 ah
2297 2160 2565 2215 haereticis
2604 2160 2906 2229 baptizatus
2940 2178 2952 2213 :
2990 2162 3085 2213 sed
3137 2158 3485 2213 Constantius
3527 2175 3621 2227 per
3664 2174 3762 2213 en-

2199 2254 2433 2306 nncltum
2454 2254 2741 2308 Eusebium
2765 2254 2899 2307 dona
2918 2252 3160 2305 mittebat
3179 2252 3557 2319 corrumpendi
3573 2265 3759 2313 causa;

2200 2355 2255 2395 at
2280 2344 2478 2398 Valens
2520 2346 2634 2413 ipse
2662 2344 2975 2413 suppliciter
3009 2340 3289 2406 offerebat,
3325 2348 3383 2393 ut
3415 2355 3524 2393 sua:
3564 2339 3617 2391 in
3655 2340 3758 2391 Ba—

2196 2435 2374 2490 silinm
2411 2435 2769 2489 observantiae
2809 2436 3043 2505 aliquam
3098 2431 3546 2501 signiﬁcationem
3580 2431 3757 2483 daret.

2196 2524 2451 2593 Quantam
2493 2534 2667 2578 autem
2712 2526 2796 2579 illa
2827 2526 3134 2580 exstiterint
3164 2524 3301 2577 dona
3324 2568 3338 2589 ,
3370 2536 3599 2591 quorum
3649 2520 3764 2588 opi-

2197 2618 2283 2672 fex
2328 2617 2539 2677 Valens.
2575 2632 2678 2672 non
2713 2618 2869 2669 facile
2892 2628 2974 2671 cst
3002 2628 3262 2671 statuere.
3318 2616 3462 2668 Dona
3497 2613 3653 2667 altari
3680 2613 3766 2665 of-

2198 2710 2323 2763 ferri
2357 2721 2607 2763 consneta
2642 2709 2891 2777 intelligit
2932 2707 3302 2762 Tlteodnrettts
3344 2709 3411 2777 (υ)
3446 2725 3459 2761 z
3498 2723 3626 2761 vasa
3662 2723 3761 2759 an-

2198 2818 2285 2857 rca
2317 2802 2532 2855 Nicctas
2565 2803 2729 2869 ipsius
2774 2800 3011 2854 Valentis
3061 2816 3221 2853 manu
3261 2799 3540 2853 fabricata.

2268 2894 2415 2947 Nulla
2442 2910 2507 2947 eo
2540 2897 2623 2946 die
2649 2894 2902 2947 Basiliutn
2927 2894 3069 2946 inter
3090 2901 3142 2946 et
3172 2891 3447 2947 Valentem
3474 2891 3622 2943 fuere
3641 2888 3756 2943 col—

2195 2982 2370 3053 loquia
2405 2985 2502 3052 ld).
2530 2984 2633 3037 Sed
2666 3000 2790 3038 cum
2840 2999 3026 3037 rursus
3082 2984 3133 3036 itt
3176 2983 3460 3037 ecclesiam
3496 2980 3755 3043 venisset,

2196 3074 2461 3129 satisfecit
2509 3077 2778 3129 diuturna:
2820 3075 3161 3142 colloquendi
3197 3092 3316 3129 cunt
3369 3074 3565 3128 Basilio
3603 3076 3757 3142 cupi-

2201 3166 2377 3229 ditati,
2438 3180 2501 3219 ac
2546 3165 2686 3217 intra
2729 3163 2905 3216 velum
2947 3165 3015 3216 ab
3058 3178 3124 3217 eo
3164 3174 3450 3231 susceptus
3483 3170 3587 3215 est.
3626 3160 3763 3216 Tum

2202 3273 2330 3311 vero
2371 3258 2601 3312 Basilius
2635 3257 2712 3311 sic
2748 3256 2957 3309 loeutus
2980 3266 3084 3317 est,
3116 3264 3172 3307 ttt
3205 3254 3498 3323 Gregorius
3543 3256 3631 3324 qui
3674 3255 3772 3308 ad-

2200 3359 2341 3412 erat,
2379 3349 2468 3403 bei
2505 3362 2662 3402 voces
2690 3346 2854 3401 fuisse
2889 3354 3136 3400 testetur.
3182 3344 3253 3398 De
3295 3347 3395 3399 hoc
3433 3346 3611 3399 Basilii
3645 3359 3768 3398 cum

2204 3437 2429 3493 Valente
2481 3454 2775 3509 congressu
2816 3439 2893 3493 sic
2951 3437 3187 3505 loquitur
3220 3435 3588 3490 Theodoretus
3634 3433 3706 3504 (ε)
3750 3449 3765 3487 :

2200 3528 2331 3582 Cum
2360 3528 2590 3582 Basilius
2632 3533 2774 3583 intra
2816 3545 2967 3581 sacra
2999 3528 3130 3590 rela,
3166 3530 3253 3580 ubi
3282 3529 3391 3596 ipse
3418 3528 3650 3587 sedebat,
3680 3542 3773 3577 ac-

2202 3622 2379 3673 cedere
2414 3616 2678 3671 Valentem
2703 3619 2974 3685 jussisset,
3020 3620 3184 3669 multa
3214 3619 3279 3669 ad
3314 3619 3460 3669 illum
3508 3616 3659 3667 verba
3687 3615 3770 3681 {e-

2200 3712 2269 3764 cit
2310 3711 2373 3763 de
2404 3719 2541 3762 recta
2562 3709 2683 3777 ﬁdei
2714 3710 2997 3770 doctrina;
3040 3724 3257 3771 eumque
3330 3706 3514 3759 Valens
3554 3706 3789 3759 libenter

2202 3801 2537 3856 auscultarit.
2570 3800 2763 3854 Aderat
2787 3813 2893 3851 tum
2922 3800 3135 3867 quidam
3160 3799 3365 3849 nomine
3381 3795 3771 3862 Demosthenes,

2203 3894 2494 3950 Castrensis
2546 3895 2682 3947 sacri
2732 3892 2936 3961 palatii,
2988 3893 3079 3957 qui
3119 3908 3235 3943 cum
3280 3890 3592 3959 magistrum
3630 3889 3771 3941 orbis

2203 3998 2463 4041 terrarum
2513 3988 2838 4056 objurgaret,
2898 3984 3283 4037 barbarismum
3328 3983 3568 4036 admisit.
3634 3980 3769 4035 Tum

2202 4079 2477 4131 subridens
2506 4078 2714 4129 divinus
2740 4076 2971 4129 Basilius
2994 4093 3012 4129 :
3051 4075 3287 4127 Vidimus
3308 4114 3323 4137 ,
3366 4076 3536 4141 inquit
3556 4114 3571 4137 ,
3610 4074 3772 4125 etiam

2203 4166 2600 4221 Demosthenem
2641 4168 2939 4220 litterarum
2979 4180 3264 4235 expertem.
3302 4166 3366 4219 Et
3404 4184 3517 4219 cum
3552 4168 3644 4220 ille
3693 4183 3778 4220 ve-

2204 4258 2491 4311 hementius
2519 4255 2822 4327 indignatus
2845 4259 3161 4323 minaretur,
3184 4259 3403 4322 subiecit
3424 4275 3643 4327 magnus
3666 4256 3777 4312 Ba-

2204 4350 2353 4403 silius
2380 4366 2397 4403 :
2430 4346 2597 4402 Tuum
2628 4365 2817 4402 munus
2845 4356 2945 4410 est,
2964 4348 3291 4410 iusrulorunt
3317 4350 3651 4403 condimenta
3676 4366 3771 4403 cn-

2208 4456 2343 4494 rare.
2368 4438 2557 4492 Divina
2593 4438 2731 4491 enim
2758 4438 3003 4505 dogmata
3026 4440 3281 4491 exaudire
3314 4455 3415 4491 non
3441 4450 3607 4507 potes,
3650 4454 3771 4491 cum

539 4531 966 4591 concinnitatem,
991 4544 1106 4596 quae
1135 4536 1242 4581 tam
1274 4528 1327 4580 in
1354 4527 1611 4589 sacrario,
1647 4542 1804 4594 quam
1828 4542 1986 4595 prape
2013 4543 2102 4599 s_a-
2135 4542 2179 4601 ο
2205 4545 2355 4581 aures
2401 4529 2591 4581 habeas
2628 4531 2942 4581 obstructas.
2989 4526 3057 4580 Et
3109 4526 3339 4581 Basilius
3399 4530 3610 4595 quidem
3668 4528 3777 4581 ista

538 4622 772 4675 crarium
798 4630 934 4681 erat,
964 4621 1254 4689 angelicam
1277 4620 1449 4687 potius
1478 4634 1636 4687 quam
1684 4617 1992 4678 humanam.
2018 4628 2103 4671 at-

536 4728 635 4783 que
662 4713 831 4780 ipsum
867 4712 1080 4774 quidem
1109 4721 1230 4762 ante
1259 4708 1508 4778 populum
1542 4716 1682 4760 recto
1706 4722 1924 4774 corpore
1952 4720 2099 4760 stan-

539 4816 662 4872 tem,
688 4803 895 4871 qualem
924 4802 1203 4870 Scriptura
1238 4801 1533 4857 Samuelem
1568 4800 1833 4865 describit,
1859 4815 1947 4853 nec
1982 4816 2103 4853 cor-

536 4912 685 4966 pore,
721 4911 811 4948 nec
835 4896 1021 4957 oculis,
1058 4910 1149 4946 nec
1185 4895 1385 4955 animo,
1408 4895 1625 4962 perinde
1653 4909 1715 4945 ac
1742 4893 1786 4945 si
1819 4891 1950 4945 nihil
1987 4893 2105 4946 novi

540 4987 857 5055 contigisset,
888 4985 1050 5038 ullam
1080 4987 1136 5037 in
1176 4994 1375 5049 partem
1422 5000 1473 5037 se
1506 4990 1814 5048 moventem,
1848 4982 1938 5034 sed
1966 4980 2103 5044 Deo,

541 5088 596 5130 ut
623 5079 699 5130 ita
729 5078 924 5141 dicam,
949 5090 994 5129 et
1026 5078 1186 5129 altari
1213 5076 1425 5145 aﬂixum
1448 5091 1462 5137 ;
1489 5091 1575 5129 eos
1602 5086 1800 5135 autem,
1847 5091 1877 5125 a
1920 5074 2107 5142 quibus

541 5170 867 5239 cingebatur,
900 5186 1017 5221 cum
1054 5171 1239 5221 timore
1281 5170 1510 5237 quodam
1543 5184 1604 5219 ac
1636 5167 1922 5219 reverentia
1960 5176 2105 5217 stan-

540 5271 654 5315 tes:
689 5262 822 5326 haec,
871 5263 1105 5330 inquam,
1150 5262 1307 5313 simul
1353 5272 1507 5330 atque
1533 5260 1794 5326 perspexit
1823 5258 1947 5329 (nec
1972 5260 2110 5311 enim

540 5354 713 5408 simile
731 5358 1012 5425 quidquam
1040 5370 1267 5419 unquam
1294 5354 1518 5421 viderat)
1544 5354 1833 5405 humanum
1860 5352 2111 5419 quiddam

541 5460 729 5512 passus
764 5454 861 5509 est,
900 5453 1053 5514 atque
1088 5446 1359 5497 oculorum
1406 5444 1651 5512 vertigine
1690 5458 1751 5493 ac
1780 5441 2003 5494 tenebris
2035 5457 2112 5493 to-

615 5680 694 5750 (a)
722 5678 890 5749 Epist.
925 5680 1011 5740 '79.
1047 5682 1135 5736 80.

620 5752 698 5821 ψ)
729 5752 926 5821 Athan.
954 5753 1021 5805 ad
1060 5752 1221 5803 Solit.

624 5815 701 5893 (τ)
731 5819 845 5877 Lib.
876 5838 948 5889 tv,
982 5837 1030 5877 c.
1064 5820 1167 5876 l9:
1199 5820 1331 5874 Νη.
1360 5829 1467 5876 tam
1518 5819 1579 5887 ll,
1611 5830 1721 5875 not.
1755 5834 1805 5888 p.
1835 5815 1955 5870 781.

2206 4620 2337 4673 dixit
2369 4618 2720 4672 Demostheni.
2753 4617 2944 4672 Valens
2978 4635 3092 4671 t-ero
3112 4628 3381 4685 tantOpere
3403 4636 3518 4672 eum
3550 4620 3770 4668 miratus

2208 4723 2307 4775 est,
2334 4720 2387 4763 ut
2414 4711 2765 4778 pulcherrima
2793 4727 2909 4777 qua!
2944 4709 3054 4763 illic
3089 4710 3309 4762 habebat
3344 4710 3544 4777 prwdia
3578 4721 3779 4773 paupe-

2212 4803 2354 4855 ribus
2382 4803 2673 4864 donacerit,
2704 4817 2925 4869 quorum
2952 4800 3040 4853 ille
3074 4817 3255 4853 curam
3292 4800 3519 4868 gerebat,
3551 4798 3639 4865 qui
3667 4806 3778 4850 toto

2213 4912 2426 4962 corpore
2447 4896 2675 4948 mutilati
2704 4893 2867 4947 multo
2900 4894 3101 4961 majore
3130 4894 3397 4946 curatione
3450 4890 3774 4958 indigebant.

2213 4987 2505 5041 Asseverat
2555 4986 2785 5041 Basilius
2836 4989 2886 5039 in
2920 4988 3077 5055 epist.
3134 4986 3225 5047 94,
3278 5000 3430 5037 suum
3470 4980 3777 5035 :edillcandi

2209 5080 2611 5148 ptochotmplzii
2673 5078 2956 5132 consilium
3024 5076 3229 5129 Valenti
3311 5084 3647 5143 perspectum
3712 5087 3779 5125 ac

2208 5168 2495 5239 probatum
2530 5166 2729 5229 fuisse;
2752 5168 2979 5235 ejusque
3006 5164 3326 5218 auctoritate
3372 5164 3575 5225 utitur,
3602 5170 3659 5213 ut
3695 5160 3778 5211 itt-

2208 5260 2408 5312 vidiam
2448 5259 2693 5327 repellat,
2723 5276 2883 5327 quam
2922 5260 3017 5327 ipsi
3076 5256 3311 5310 nonnulli
3353 5254 3598 5308 homines
3630 5251 3774 5321 apud

2208 5352 2489 5419 parantem
2508 5352 2575 5401 ob
2599 5360 2909 5417 susceptum
2933 5359 3091 5402 tanta!
3109 5348 3262 5401 molis
3284 5344 3565 5399 tedilicium
3588 5356 3781 5397 erearo

2211 5436 2509 5491 tentabant.
2550 5436 2617 5489 At
2664 5437 2727 5489 de
2766 5434 3006 5488 Valentis
3046 5431 3371 5486 ltberalitatc
3400 5444 3559 5499 quam
3611 5426 3779 5481 refert

2289 5676 2365 5745 (d)
2401 5675 2526 5729 ΝΜ.
2553 5692 2632 5729 or.
2662 5673 2749 5745 20.

2292 5743 2361 5817 (e)
2396 5746 2511 5801 Lib.
2546 5761 2614 5811 tv,
2653 5762 2702 5799 c.
2732 5743 2811 5796 l9.
