4038 6460
1617 400 1769 450 “TA
1812 399 1867 446 ὃ.
1908 397 2172 449 BASILII.

3319 414 3486 457 ικςςι

262 515 669 580 Theodorctns,
730 514 861 569 nihil
910 531 1130 585 prorsus
1182 516 1376 583 legitur
1424 518 1474 569 in
1523 515 1607 569 illa
1630 517 1822 571 °Uasilii
1854 521 1894 577 Α
1926 522 2028 571 seri
2053 518 2295 586 spiritum
2334 517 2595 585 abstulit,
2657 517 2953 587 prtcdicans
3000 521 3262 590 ingratam
3307 537 3486 576 eorum

258 614 508 679 epistola.

332 704 416 755 \‘l.
455 700 576 752 ll;rc
616 699 795 753 Basilii
832 699 1046 753 virtutis
1073 697 1358 751 admiratio
1388 696 1582 764 injecta
1628 696 1820 751 Valen-

260 798 327 850 tis
357 793 561 853 animo,
595 791 802 845 initium
839 792 936 842 l'uit
966 788 1107 842 illius
1140 789 1190 841 itt
1240 788 1582 858 Cappadoces
1636 789 1822 842 huma-

257 882 443 937 nitatis
473 898 485 933 :
519 882 631 935 htre
665 884 833 950 prima
869 880 1081 933 exstitit
1110 879 1441 947 tempestatis
1470 878 1695 932 sedatio.
1716 876 1818 932 Sed

256 975 364 1025 cito
414 972 716 1027 instabilem
755 971 896 1022 illius
942 973 1175 1023 animum
1212 968 1399 1021 Ariani
1441 968 1651 1023 artibus
1709 968 1820 1021 suis

257 1062 628 1115 immutarunt.
664 1060 775 1111 Non
800 1076 958 1112 unum
993 1070 1169 1113 autem
1202 1060 1489 1112 artiticium
1521 1059 1587 1113 ah
1617 1062 1693 1114 eis
1727 1058 1821 1111 ad-

254 1152 505 1207 hibitum.
554 1153 822 1205 Interdum
877 1152 1020 1206 enim
1062 1151 1380 1203 catholicam
1435 1151 1588 1204 fidem
1623 1162 1731 1217 prae
1762 1162 1819 1199 se

254 1244 520 1309 ferebant,
554 1262 615 1297 ac
642 1245 821 1299 Basilii
846 1246 1101 1298 doctrinae
1128 1244 1375 1297 assentiri
1406 1259 1463 1297 se
1490 1240 1815 1311 prolitehan-

256 1348 365 1403 tur,
396 1348 452 1390 nt
502 1347 732 1390 testatur
766 1338 820 1392 S.
869 1338 1113 1404 Epitraem
1156 1335 1251 1405 (τι).
1288 1335 1402 1389 Non
1432 1335 1632 1388 idcirco
1660 1331 1815 1385 Basi-

251 1430 355 1483 lius
388 1444 575 1482 eorum
612 1428 855 1483 fet-nudis
897 1435 990 1479 aut
1029 1428 1390 1479 communioni
1429 1426 1675 1479 cedebat.
1711 1424 1815 1476 Sed

251 1524 395 1585 inde,
430 1532 490 1574 ut
520 1523 806 1576 verisimile
838 1528 942 1581 est,
976 1533 1158 1572 ansam
1184 1520 1514 1587 arripiebant
1540 1517 1679 1569 illius
1726 1530 1816 1568 ac-

246 1615 469 1666 cusandi
503 1617 640 1683 apud
664 1611 957 1673 Valentem,
977 1619 1033 1663 ut
1060 1610 1288 1664 hominis
1327 1612 1394 1663 ab
1428 1608 1572 1662 omni
1608 1621 1820 1660 accom-r

248 1702 556 1754 modatione
600 1708 653 1751 et
694 1698 1066 1765 paciﬁcatione
1097 1698 1277 1754 alieni.
1324 1698 1418 1751 llis
1460 1697 1664 1751 artibus
1703 1698 1816 1750 vin-

246 1803 377 1843 cunt
407 1789 633 1856 improbi
657 1806 669 1850 ;
704 1790 949 1843 exsilium
975 1791 1301 1853 decernitur,
1323 1799 1579 1858 parantur
1607 1790 1807 1853 omnia,

1922 622 2160 662 mentem.

1992 703 2172 770 Neque
2195 701 2524 754 omittendus
2555 702 2706 756 nobis
2741 700 3087 769 Ruﬁnuslg),
3128 704 3217 770 qui
3256 719 3367 759 rem
3407 703 3485 759 sic

1922 794 2174 847 edisserit
2208 812 2220 845 :
2256 792 2387 849 Cum
2414 790 2646 845 Basilius
2675 809 2706 843 a
2743 793 2971 858 Valente,
3022 794 3193 860 inquit
3214 835 3227 855 ,
3260 795 3313 848 in
3344 797 3486 850 exsi-

1921 878 2047 931 liunt
2071 898 2164 947 pro
2191 882 2294 946 [ide
2330 890 2622 950 rogaretur,
2664 880 2921 936 exhibitas
2959 883 3029 936 ad
3061 884 3295 935 tribunal
3338 902 3476 949 priv-

1921 966 2064 1032 {ccti,
2121 971 2505 1040 terroribusque
2553 972 2572 1038 (
2599 978 2652 1021 ut
2683 969 2789 1023 illis
2826 975 2985 1025 moris
3014 983 3089 1026 est
3113 974 3355 1039 potestati
3381 974 3396 1039 )
3436 985 3483 1026 et

1921 1060 2076 1109 minis
2114 1062 2358 1113 maa‘imis
2401 1063 2487 1131 agi
2523 1062 2696 1129 erepit,
2735 1072 2781 1113 et
2808 1062 2908 1113 nisi
2938 1067 3207 1133 prwceptis
3234 1066 3486 1134 principis

1921 1152 2170 1214 obctliret,
2210 1152 2478 1205 interitum
2514 1156 2612 1207 sibi
2651 1153 2981 1222 jamjamque
3020 1168 3251 1222 speraret
3279 1158 3477 1221 impen-

1918 1242 2057 1293 dere.
2116 1240 2246 1295 Tum
2297 1242 2383 1296 ille
2450 1245 2757 1312 intrepidus,
2820 1255 2867 1297 et
2913 1249 3101 1313 absque
3142 1250 3252 1301 ulla
3313 1246 3480 1301 animi

1916 1335 2306 1401 perturbatione
2340 1334 2451 1387 ha'c
2470 1336 2568 1387 sibi
2595 1338 2863 1390 minitanti
2889 1336 3134 1403 pra'fecto
3160 1340 3485 1403 γεδειοιιάιεδε

1916 1426 2083 1494 fertur
2107 1428 2308 1493 .‘Atque
2339 1427 2538 1479 utinam
2571 1428 2768 1496 aliquid
2805 1428 2933 1481 mihi
2964 1436 3095 1479 esset
3125 1427 3270 1494 digni
3294 1446 3480 1482 mune-

1918 1518 2012 1579 ris,
2050 1518 2189 1584 quod
2215 1516 2456 1583 o/ferrem
2501 1517 2621 1568 huic
2647 1560 2661 1583 ,
2703 1520 2790 1585 qui
2840 1519 3095 1571 maturius
3116 1516 3377 1571 Basiliam
3419 1521 3484 1574 de

1920 1609 2053 1661 nodo
2088 1606 2229 1675 [ollis
2255 1606 2367 1673 ejus
2391 1606 2712 1661 absolveret!
2756 1607 2985 1678 Cumque
3028 1612 3245 1664 daretur
3281 1612 3327 1662 ei
3358 1627 3480 1674 nox,

1915 1718 2030 1768 qua:
2067 1707 2181 1753 erat
2216 1701 2387 1752 media
2417 1700 2484 1752 ad
2512 1700 2736 1767 spatium
2768 1700 3117 1766 deliberandi,
3148 1702 3483 1769 respondisse

1916 1791 2083 1844 denuo
2105 1787 2404 1858 perhibetur
2432 1805 2450 1841 :
2490 1788 2601 1858 Ego
2635 1788 2865 1841 crastino
2920 1790 3027 1855 ipse
3064 1808 3152 1844 ero
3174 1793 3263 1861 qui
3296 1808 3431 1844 nunc
3462 1808 3484 1845 :

246 1896 349 1931 nox
390 1880 599 1939 aderat,
635 1879 684 1932 iu
726 1890 976 1949 promptu
1030 1893 1242 1943 currus,
1276 1881 1326 1933 in
1372 1879 1558 1947 plausu
1588 1881 1768 1934 hostes
1789 1919 1805 1942 ,
1841 1868 1880 1922 Β
1910 1891 1964 1934 tu
2001 1892 2047 1935 te
2073 1884 2273 1935 utinam
2306 1897 2406 1933 non
2435 1881 2696 1934 mutares!
2720 1880 2783 1935 Et
2807 1881 2905 1934 illa
2939 1883 3146 1951 quidem
3172 1896 3320 1938 nocte
3342 1900 3479 1938 uxor

246 1970 298 2021 in
333 1969 475 2022 luctu
528 1971 635 2039 pii;
686 1972 978 2041 Gregorius
1008 1982 1060 2024 et
1104 1970 1193 2024 alii
1247 1973 1401 2025 amici
1449 1972 1585 2027 latus
1614 1973 1809 2026 alacris

242 2061 470 2117 viatoris
502 2064 789 2132 cingebant
827 2079 840 2115 :
880 2061 1108 2117 Basilius
1133 2063 1324 2119 exsilio
1358 2064 1674 2129 mulctatus,
1707 2064 1810 2118 hoc

245 2158 451 2203 tantum
489 2152 686 2219 negotii
718 2151 943 2221 suscipit
976 2169 989 2205 :
1033 2153 1122 2207 uni
1165 2168 1230 2207 ex
1265 2151 1480 2206 famulis
1532 2150 1808 2219 imperat,

241 2250 302 2292 ut
330 2255 390 2293 se
442 2240 683 2308 acceptis
727 2242 1073 2312 pugillaribus
1105 2253 1384 2312 sequatur.
1421 2241 1526 2295 Sed
1552 2241 1693 2298 Deu's
1729 2258 1809 2298 re-

242 2333 443 2387 scindit
483 2333 659 2388 exsilii
689 2334 967 2389 decretum
1008 2353 1020 2386 :
1081 2334 1221 2386 ﬁlius
1256 2330 1496 2387 Valentis
1525 2333 1578 2387 in
1616 2333 1807 2391 febrim

240 2425 456 2491 incidit,
499 2435 696 2478 etcum
729 2424 878 2478 illius
922 2424 1108 2478 morbo
1138 2424 1334 2478 nullam
1374 2439 1597 2495 prorsus
1640 2429 1810 2481 medi-

238 2521 419 2570 cinam
454 2528 607 2583 pater
656 2516 957 2578 inveniret,
1010 2515 1077 2570 ad
1118 2514 1373 2572 Basiliam
1406 2516 1667 2587 confugit,
1702 2534 1805 2573 non

238 2608 459 2675 quidem
492 2621 587 2674 per
610 2620 689 2671 se,
716 2606 784 2659 ob
806 2607 1185 2660 contumeliam
1214 2609 1371 2661 modo
1396 2608 1443 2660 ei
1473 2607 1692 2673 factam,
1712 2611 1807 2663 sed

242 2711 339 2765 per
379 2710 475 2750 eos
514 2710 648 2764 quos
683 2704 868 2750 sancto
893 2696 1145 2767 episcopo
1174 2695 1528 2750 amicissimos
1560 2709 1683 2750 esse
1716 2710 1809 2750 no—

239 2798 416 2853 verat,
448 2788 499 2842 id
528 2797 609 2842 est
642 2802 738 2858 per
784 2787 1094 2844 Terentium
1136 2798 1191 2844 et
1224 2786 1495 2844 Victorem
1524 2797 1617 2843 aut
1651 2788 1811 2844 Arin-

242 2884 464 2935 thaeum.
484 2880 615 2935 Nam
641 2882 911 2952 magistris
935 2883 1010 2937 rei
1043 2882 1289 2937 militaris
1320 2882 1421 2938 hoc
1446 2897 1637 2937 munus
1665 2896 1807 2937 com-

240 2973 463 3025 missum
479 2972 640 3025 fuisse
660 2972 821 3026 refert
837 2973 1553 3041 Theodoretustb).Accurrit
1567 2973 1811 3035 Basilius,

238 3063 466 3129 ejusque
520 3062 761 3131 ingressu
792 3063 959 3114 levior
989 3066 1047 3115 lit
1092 3064 1329 3127 morbus,
1362 3079 1460 3117 nec
1501 3063 1814 3117 dubitabant

1910 1971 2237 2037 imperatoris
2262 1968 2397 2023 velut
2430 1970 2714 2022 tortoribus
2744 1971 2944 2022 tradita
2976 1972 3281 2035 cruciatur;
3326 1973 3471 2040 ﬁlius

1910 2076 2026 2113 vero
2052 2062 2140 2129 qui
2163 2065 2234 2114 eis
2267 2071 2379 2115 erat
2411 2062 2618 2123 unicus,
2646 2060 2931 2113 exstinctus
2960 2070 3194 2128 puternw
3233 2064 3477 2126 impieta-

1910 2151 1974 2204 tis
2000 2152 2229 2204 creditur
2250 2154 2528 2208 exsolvisse
2553 2152 2831 2223 supplicia.
2861 2149 2945 2205 Ita
2964 2162 3084 2206 ante
3112 2152 3277 2207 lucem
3308 2155 3478 2221 missi,

1909 2246 1999 2315 qui
2026 2255 2266 2314 rogarent
2312 2244 2593 2311 Basiliam,
2631 2259 2685 2299 ut
2718 2247 2958 2316 precibus
2993 2248 3103 2300 suis
3136 2248 3479 2301 intercederet

1909 2355 2003 2407 pro
2033 2339 2132 2401 eis,
2174 2352 2235 2391 ne
2262 2338 2419 2391 etiam
2447 2338 2570 2406 ipsi,
2594 2352 2640 2392 et
2672 2341 2879 2409 quidem
2910 2340 3075 2393 multo
3089 2340 3293 2410 justius
3327 2340 3479 2393 simi-

1910 2430 2029 2483 liter
2056 2431 2347 2483 interirent.

1985 2522 2090 2577 VII.
2124 2521 2256 2577 Victi
2284 2533 2339 2577 at
2369 2537 2471 2577 non
2498 2520 2775 2591 defatigati
2810 2522 2995 2576 Ariani
3018 2539 3120 2575 non
3155 2523 3323 2577 multo
3353 2534 3475 2593 post

1913 2611 1978 2663 ad
2011 2627 2239 2680 pugnam
2280 2612 2575 2675 redierunt,
2603 2622 2657 2667 et
2681 2610 2948 2666 infirmam
2976 2610 3219 2665 Valentis
3246 2623 3476 2666 mentem

1914 2703 2066 2756 novis
2105 2703 2312 2757 artibus
2340 2706 2575 2771 aggressi
2632 2712 2777 2759 sunt.
2819 2702 2967 2757 Hanc
2996 2714 3174 2757 autem
3212 2703 3483 2772 imprimis

1912 2795 2085 2850 aleam
2121 2794 2496 2860 adhibuerunt,
2515 2810 2634 2863 quis
2664 2811 2883 2864 perraro
2908 2796 3146 2857 fallebat.
3184 2806 3243 2849 ut
3278 2794 3479 2850 Basilio

1918 2896 2097 2941 stante
2142 2886 2272 2941 nihil
2312 2901 2372 2942 se
2406 2900 2723 2956 promovere
2748 2902 2923 2954 posse,
2969 2903 3032 2944 eo
3060 2888 3297 2959 relegato
3330 2900 3485 2944 ciete-

1913 2994 2004 3034 ros
2033 2979 2187 3033 facile
2213 2994 2464 3034 cessuros
2503 2979 2746 3033 dicerent
2776 2976 2870 3049 (lt).
2906 2977 3091 3033 Gravis
3128 2981 3264 3032 enim
3285 2980 3373 3033 itte
3388 2997 3483 3033 no-

1916 3074 1991 3125 bis
2024 3083 2117 3135 est,
2143 3074 2379 3135 aiebant,
2412 3072 2486 3126 vel
2523 3073 2693 3124 solum
2720 3082 3046 3137 conspectus.
3080 3069 3285 3123 Etenim
3326 3071 3477 3124 valde

237 3157 329 3223 qui
374 3157 632 3219 aderant,
665 3156 793 3225 quin
845 3155 1014 3209 ﬁlium
1050 3156 1338 3225 imperator
1380 3155 1698 3210 incolumem
1729 3170 1815 3209 re-
1840 3201 1882 3258 ϐ
1916 3161 2208 3213 contrarius
2250 3161 2395 3213 nobis
2438 3170 2511 3213 est
2548 3162 2601 3212 in
2650 3162 2974 3214 sermonibus
2998 3178 3016 3214 :
3047 3173 3321 3229 propterea
3362 3163 3482 3230 ﬁeri

237 3248 503 3316 cepisset,
535 3249 577 3302 si
613 3263 720 3302 non
751 3248 893 3302 dulci
928 3262 1080 3316 aquae
1114 3248 1309 3303 salsam
1345 3248 1670 3314 miscuisset,
1706 3247 1806 3303 Ba-

236 3338 416 3390 siliam
448 3352 643 3391 vocans
670 3351 723 3391 et
752 3339 1019 3392 limreticis
1051 3339 1297 3393 credens.
1323 3339 1496 3406 Atque
1529 3340 1641 3393 haec
1689 3338 1806 3407 qui-

246 3428 370 3482 dem
407 3428 700 3495 Gregorius
742 3428 1134 3490 Nazianzenus,
1165 3430 1318 3498 cujus
1340 3430 1697 3483 narrationem
1726 3445 1811 3483 ac-

236 3529 425 3572 curate
457 3520 699 3586 sequitur
733 3519 1066 3574 Sozomenus
1117 3520 1217 3588 (c);
1253 3529 1307 3574 et
1350 3520 1493 3589 quod
1520 3520 1809 3592 Gregorius

235 3611 313 3665 ait
344 3610 619 3664 Valentem
651 3626 802 3681 aquze
854 3610 996 3665 dulci
1038 3610 1233 3665 salsam
1271 3612 1573 3677 miscuisse,
1614 3613 1665 3666 id
1699 3613 1799 3667 So-

236 3717 501 3757 zomenus
524 3703 909 3772 interpretatur
932 3705 998 3756 de
1043 3702 1312 3756 haereticis
1348 3716 1451 3755 una
1485 3718 1605 3757 cum
1636 3701 1789 3756 Basi-

249 3797 324 3849 lio
358 3797 655 3860 advocatis,
684 3806 741 3848 ut
763 3811 858 3864 pro
888 3792 1129 3849 Valentis
1157 3794 1267 3847 filio
1308 3804 1682 3863 precnrentur.
1726 3795 1806 3848 Ex

243 3885 589 3942 Theodoreto
635 3888 714 3955 (d)
757 3888 1030 3941 Dominica
1079 3888 1317 3953 Augusta
1365 3886 1571 3952 magnis
1605 3887 1806 3941 dolori-

234 3980 359 4043 bus,
387 3978 492 4043 vel,
528 3988 583 4033 ut
612 3981 687 4031 ait
712 3980 963 4032 bocrates
993 3975 1086 4047 (ε),
1125 3976 1406 4030 horrendis
1435 3976 1565 4032 visis
1587 3988 1795 4045 vexata,

237 4068 453 4125 Valenti
493 4079 681 4123 auctor
706 4067 827 4135 fuit,
854 4077 912 4121 ut
936 4068 1191 4122 Basilium
1217 4080 1542 4123 accerseret.

308 4159 416 4215 Res
446 4178 474 4215 a
510 4162 568 4215 S.
600 4159 840 4230 Ephrazm
880 4160 945 4230 (f)
995 4160 1075 4215 sic
1118 4168 1367 4214 narratur
1401 4177 1415 4213 :
1468 4160 1603 4214 Dum
1650 4162 1801 4231 gravi

236 4255 421 4304 niorbo
464 4253 783 4304 detineretur
829 4253 970 4318 [ilius
1007 4253 1259 4320 tyranni,
1314 4252 1566 4321 rogabant
1626 4257 1797 4307 virum

236 4346 396 4406 hunc,
433 4352 491 4396 ut
515 4362 608 4409 pro
646 4360 706 4398 eo
734 4352 1069 4412 precaretur;
1091 4342 1181 4395 illo
1202 4359 1314 4397 vero
1334 4354 1647 4410 proponente
1676 4361 1803 4398 con-

237 4436 491 4487 ditionem
532 4450 548 4486 :
580 4432 637 4487 Si
682 4452 798 4488 eum
848 4433 976 4488 mihi
1006 4435 1307 4497 tradideris,
1356 4444 1409 4486 ut
1444 4435 1703 4487 adducant
1733 4435 1800 4487 ad

1916 3252 2111 3321 nequit,
2135 3252 2439 3319 imperator,
2472 3258 2528 3303 ut
2560 3249 2689 3318 ﬁdes
2725 3262 2904 3304 nostra
2944 3267 3274 3321 progressum
3305 3253 3479 3319 capiat

1911 3344 1957 3395 si
1986 3343 2083 3395 iste
2129 3342 2287 3396 adsit.
2343 3340 2541 3397 lterum
2574 3358 2704 3414 ergo
2734 3344 3037 3398 decernitur
3068 3343 3342 3407 exsilium,
3371 3345 3467 3397 sed

1913 3434 2052 3488 Deus
2087 3448 2224 3487 novo
2253 3434 2513 3489 miraculo
2561 3450 2717 3489 suum
2745 3434 3002 3489 Ecclesiae
3034 3434 3352 3488 Caesariensi
3382 3448 3479 3503 ps-

1910 3534 2110 3580 storem
2142 3527 2396 3586 servavit,
2434 3526 2577 3593 quod
2611 3541 2641 3577 a
2667 3525 2725 3578 S.
2768 3524 3017 3594 Ephrmtn
3058 3524 3119 3596 (i)
3159 3525 3239 3579 sic
3287 3540 3480 3579 narra-

1910 3623 1997 3667 tur
2031 3633 2043 3667 :
2075 3613 2278 3665 [lorum
2306 3614 2652 3676 sermonibus,
2678 3613 2869 3680 inquit,
2893 3612 3138 3666 inductus
3170 3615 3476 3679 imperator,

1909 3707 2130 3772 suscepit
2161 3703 2212 3755 in
2242 3703 2483 3757 exsilium
2523 3719 2641 3756 eum
2681 3703 2926 3756 mittere:
2971 3703 3150 3755 statim
3177 3718 3294 3756 vero
3326 3704 3474 3755 cala-

1910 3809 2045 3855 mus,
2080 3793 2169 3861 qui
2206 3808 2308 3845 non
2342 3792 2623 3845 sustineret
2656 3792 2836 3861 iniquo
2886 3790 3177 3846 subservire
3219 3792 3440 3846 consilio
3461 3830 3478 3855 ,

1909 3884 2048 3936 ultro
2090 3883 2393 3951 confractus
2446 3889 2561 3948 est,
2619 3883 2945 3951 insipientem
2994 3884 3270 3946 erudiens,
3320 3898 3482 3950 quam

1907 3990 2114 4028 enorme
2140 3974 2347 4042 [acinus
2370 3983 2581 4042 patrare
2598 3972 2741 4027 vellet
2760 3974 2817 4027 in
2845 3989 3045 4027 servum
3070 3970 3290 4036 Christi,
3316 3972 3474 4025 unius

1906 4065 1959 4120 in
1990 4064 2150 4119 Patre
2180 4077 2226 4119 et
2257 4064 2399 4119 Filio
2423 4075 2469 4118 et
2495 4064 2698 4133 Spiritu
2728 4072 2910 4117 sancto
2939 4063 3239 4115 divinitatis
3273 4078 3474 4131 pra'co-

1906 4174 2043 4220 nem,
2067 4158 2253 4229 quique
2272 4159 2343 4210 ita
2364 4174 2465 4210 non
2488 4157 2763 4211 sentientes
2791 4166 2881 4209 aut
2907 4156 3192 4224 loquentes,
3220 4168 3476 4223 tanquam

1909 4266 2064 4303 canes
2099 4249 2310 4303 rabidos
2343 4250 2608 4315 sapienter
2636 4249 2997 4317 redarguebat.
3034 4248 3358 4301 Cuntautem
3374 4262 3478 4300 non

1907 4341 2120 4395 sentiret
2145 4342 2210 4404 is,
2241 4340 2474 4393 inanimo
2497 4339 2703 4393 calamo
2732 4340 3102 4403 insensibilior,
3128 4339 3271 4406 [ilius
3299 4352 3479 4389 revera

1904 4433 2119 4496 erroris,
2141 4433 2423 4485 secundum
2451 4447 2650 4501 quoque
2674 4432 2891 4499 sumpsit
2925 4432 2992 4483 ad
3023 4427 3475 4488 subscribendum,

238 4512 634 4578 immaculatum
679 4527 835 4593 ﬁdem
856 4564 873 4591 ,
909 4524 1221 4589 liberemque
1257 4524 1320 4577 ab
1353 4527 1493 4578 omni
1540 4525 1803 4593 impietate
1838 4533 1881 4590 υ
1905 4535 1951 4577 et
1984 4526 2053 4577 ad
2075 4524 2234 4592 ﬁnem
2259 4524 2625 4592 imponendum
2649 4522 2799 4575 mala:
2822 4521 3106 4583 voluntati;
3140 4533 3316 4572 verum
3340 4520 3477 4571 hunc

238 4620 455 4670 Arianae
493 4616 854 4673 doctrinte:et
888 4618 999 4685 ipso
1026 4618 1337 4669 assentiente
1358 4630 1378 4678 ,'
1421 4615 1600 4669 statim
1641 4613 1800 4669 Basi-

240 4708 341 4762 lius
371 4725 468 4775 pro
502 4708 813 4775 imperatore
864 4718 1069 4762 terreno
1101 4724 1224 4776 erga
1268 4710 1523 4761 ctelestem
1553 4709 1805 4762 interces-

238 4816 327 4854 sor
346 4802 549 4855 exstitit
578 4802 800 4867 ;9btutit
831 4804 927 4855 viri
960 4802 1301 4870 promissum,
1343 4801 1491 4867 eique
1529 4802 1807 4854 sanitatem

239 4892 337 4960 ﬁlii
369 4896 566 4950 retulit.
600 4891 667 4946 Ut
710 4905 880 4947 autem
911 4905 1167 4961 serpentes
1189 4894 1426 4946 viderunt
1447 4907 1665 4959 puerum
1691 4908 1803 4946 ser-

239 4996 440 5050 vatum,
478 5002 659 5040 rursus
689 4986 813 5041 levis
832 4987 1165 5054 imperatoris
1188 4995 1407 5039 mentem
1425 4985 1798 5052 depravarunt,

238 5078 457 5147 ejusque
492 5079 662 5147 ﬁlium
706 5089 973 5146 acceptum
1022 5080 1356 5148 baptizarunt
1385 5093 1546 5146 aqua,
1580 5093 1681 5129 non
1718 5085 1801 5127 ta-

240 5187 355 5223 men
385 5170 626 5238 Spiritu;
660 5171 911 5223 docebant
942 5170 1197 5239 abnegare
1243 5166 1444 5221 Filium
1482 5167 1618 5232 Dei;
1662 5170 1798 5221 inte-

240 5264 350 5314 rius
380 5261 695 5325 irretientes,
720 5272 767 5315 et
790 5262 1308 5315 exteriusinduentes
1332 5277 1349 5322 ,'
1384 5261 1515 5328 [oris
1533 5258 1800 5313 Christum

240 5354 431 5418 induit,
457 5356 601 5406 intus
630 5354 905 5408 dilacerat.
940 5352 1115 5419 Quare
1146 5370 1249 5407 non
1301 5353 1466 5407 multo
1506 5364 1642 5421 post,
1695 5352 1799 5405 nti-

334 5534 388 5600 a)
410 5530 585 5587 Cotel.
620 5538 752 5585 tom.
774 5530 836 5584 111
867 5530 1211 5602 “leuantem.

336 5604 386 5672 b)
423 5602 541 5655 Lih.
577 5618 652 5666 tv,
680 5604 847 5672 c.Al9.

309 5670 378 5743 (ε)
404 5674 524 5728 Lih.
554 5687 630 5737 vi,
653 5687 703 5727 c.
740 5670 825 5743 lli.

309 5742 390 5811 (ἀ)
425 5744 549 5798 Lib.
584 5757 656 5806 tv,
686 5756 732 5811 c.
769 5742 852 5797 l9.

316 5820 386 5887 (ι)
426 5815 567 5871 Ibid.
606 5828 654 5868 c.
681 5810 771 5866 26.

1913 4616 2157 4670 similiter
2192 4616 2451 4684 confringi
2476 4616 2623 4679 vidit,
2648 4630 2738 4667 nec
2770 4616 2879 4681 pati
2910 4611 3035 4664 velle
3057 4610 3477 4663 communionem

1910 4708 2062 4772 mali,
2097 4709 2237 4777 quod
2264 4710 2371 4775 ipse
2403 4708 2576 4775 facere
2602 4709 2885 4760 nitebatur.
2912 4703 3051 4769 Quid
3073 4704 3298 4767 conaris,
3322 4719 3351 4756 ο
3374 4705 3481 4755 im-

1910 4806 2144 4868 perator,
2174 4799 2227 4849 in
2253 4799 2579 4865 peregrinam
2613 4812 2730 4848 eum
2757 4795 2943 4863 ejicere
2966 4796 3249 4860 regionem,
3269 4792 3358 4860 qui
3391 4792 3475 4844 in-

1910 4889 2260 4943 habitatorem
2296 4888 2448 4940 habet
2477 4888 2716 4941 universa
2761 4883 3095 4951 complentem
3116 4883 3141 4936 .’
3162 4881 3271 4937 Cur
3292 4897 3476 4950 capere

1908 4989 2076 5034 tentas
2103 4980 2233 5032 nulli
2272 4976 2717 5046 expugnabilem?
2762 4973 2939 5040 Quare
2968 4975 3177 5027 civitate
3219 4971 3372 5041 pellis
3397 4974 3477 5052 εἰς

1907 5088 2014 5125 vem
2047 5073 2161 5127 coeli
2180 5072 2204 5123 ?
2235 5068 2377 5122 Nam
2410 5070 2453 5121 si
2483 5070 2691 5121 tertium
2722 5066 3212 5135 auoquecalamum
3239 5078 3474 5129 sumpse-

1902 5166 1993 5225 ris,
2016 5180 2191 5218 cernes
2212 5163 2518 5225 contritum,
2551 5159 2831 5221 nolentem,
2859 5173 2949 5210 nec
2970 5154 3063 5209 tibi
3086 5163 3471 5223 coeperantut.

1904 5257 2053 5323 Quod
2090 5258 2265 5323 utique
2297 5256 2452 5307 etiam
2492 5252 2731 5321 contigit.
2769 5249 2909 5304 Tunc
2953 5258 3129 5316 aperte
3164 5243 3386 5299 victoria
3431 5259 3464 5295 a

1901 5349 2099 5401 cunctis
2126 5346 2415 5417 prcedicata
2465 5344 2581 5412 fuit,
2631 5354 2739 5395 tum
2782 5341 2987 5395 illustre
3026 5348 3282 5407 troporum
3323 5333 3463 5391 iuvi-

1994 5525 2060 5596 (ι’)
2086 5523 2254 5596 Gotel.
2286 5529 2325 5577 t.
2369 5520 2433 5576 III
2494 5520 2730 5576 Monum.
2761 5521 2989 5584 [ἐρείκη
3017 5534 3071 5589 p.
3101 5516 3187 5570 65.

1985 5594 2058 5667 (g)
2086 5594 2202 5667 Lib.
2227 5610 2304 5667 xi,
2339 5609 2387 5647 e.
2419 5598 2470 5667 9.

1984 5657 2061 5733 (ἱι)
2093 5665 2260 5718 Cutcl.
2293 5673 2422 5733 tom.
2454 5663 2541 5731 111,
2569 5661 2805 5716 Monum.
2834 5658 3005 5726 Eccl.,
3033 5672 3087 5727 Ρ.
3114 5657 3206 5712 δι.

1982 5734 2044 5805 (ι)
2078 5736 2206 5789 Ibid.
2234 5750 2287 5804 ρ.
2313 5732 2402 5788 65.
