4038 6452
550 426 736 466 ιςςιιι

1915 406 2442 466 Ρηυιλσολιεκλ.

551 528 620 577 eti
649 524 893 582 hominis,
930 521 1121 576 calami
1155 531 1256 576 tres
1286 522 1621 585 exstiterunt,
1648 521 1954 575 Trinitatem
1990 539 2113 575 con-
2148 534 2193 588 Α
2223 524 2553 580 calamorum
2596 527 2645 579 in
2669 523 2956 580 scribendo
2988 525 3161 578 exsilii
3203 525 3420 580 decreto
3456 522 3777 582 fractorum.

551 618 948 669 substantialem
1008 615 1317 683 praedicanti
1370 615 1777 681 patrocinantcs.
1837 613 2023 667 Manus
2052 616 2121 667 ad

549 707 918 775 proferendam
948 706 1255 760 sententiam
1287 705 1589 771 festinabat,
1608 717 1653 759 et
1681 708 1872 758 calami
1902 723 2016 759 eam
2040 707 2121 756 iu-

545 798 749 866 justam
778 798 1225 850 demonstrarunt.
1261 795 1451 848 Manus
1476 813 1690 863 pravum
1710 799 1970 851 calculum
1991 798 2121 852 dare

551 886 908 957 properabam
951 888 1143 943 calami
1178 904 1297 941 vero
1334 888 1489 941 inane
1528 888 1761 940 studium
1802 889 2114 943 retinebant.

554 984 757 1038 imbres
786 982 1172 1037 miraculorum
1216 981 1415 1052 pluisse
1457 984 1530 1036 ait
1569 984 1646 1050 (p.
1677 981 1767 1051 (54)
1807 982 1941 1036 idem
1980 985 2117 1037 scri-

552 1084 698 1144 ptor,
735 1089 898 1143 seque
947 1076 1050 1129 hoc
1099 1090 1261 1127 unum
1313 1077 1379 1129 de
1415 1073 1665 1128 omnibus
1697 1088 1937 1128 narrare.
1972 1075 2115 1129 Idem

552 1167 866 1222 miraculum
892 1176 1074 1219 narrat
1103 1163 1474 1220 Theodorctus
1502 1164 1602 1234 (a),
1635 1167 1885 1233 additque
1919 1164 2115 1219 Valen-

554 1268 686 1321 tem,
714 1273 838 1311 cum
870 1258 1107 1312 secundo
1140 1267 1193 1311 et
1224 1260 1383 1311 tertio
1403 1256 1642 1313 calamus
1701 1258 1888 1309 fuisset
1922 1260 2116 1311 contri-

552 1360 658 1409 tus,
694 1351 881 1401 dextra
916 1349 1098 1402 subito
1128 1347 1338 1402 concuti
1370 1361 1433 1401 ac
1470 1357 1699 1402 tremere
1722 1346 1970 1412 coepisse.

630 1438 761 1493 VIII.
813 1438 988 1493 Locus
1038 1440 1255 1508 quidam
1285 1436 1529 1505 Gregorii
1578 1436 1904 1490 Nazianzeui
1941 1438 2115 1492 minus

550 1542 700 1588 recte
734 1532 1034 1586 intellectus
1056 1532 1107 1583 in
1132 1532 1397 1584 maximas
1415 1529 1815 1583 Tillemoatium
1841 1530 2115 1600 angustias

551 1624 798 1691 coniecit.
840 1622 1127 1691 Postquam
1168 1621 1687 1691 retulitGregorius,
1718 1620 1988 1675 Valentem
2018 1620 2114 1670 Ba-

551 1718 654 1769 silii
692 1716 1049 1768 admiratione
1106 1714 1408 1783 perculsum
1470 1715 1724 1774 Vetuisse,
1758 1726 1823 1765 ne
1848 1714 1927 1765 vis
1948 1713 1996 1764 ei
2030 1711 2112 1763 in—

552 1808 801 1869 ferretur,
841 1818 895 1861 et
927 1810 1049 1861 dum
1075 1809 1211 1861 dona
1246 1806 1428 1871 offert,
1458 1809 1651 1860 mirum
1680 1807 1729 1858 in
1752 1808 1967 1859 modum
2002 1820 2114 1859 tre-

549 1902 749 1954 muisse
787 1916 847 1952 ac
902 1901 1191 1966 titubasse,
1242 1915 1475 1970 cumque
1524 1915 1709 1953 rursus
1739 1898 1791 1952 in
1823 1900 2111 1954 ecclesiam
2144 1880 2185 1934 Β

549 1995 804 2057 venisset,
842 1996 982 2048 intra
1018 1995 1190 2049 velum
1225 1997 1434 2049 divinas
1458 1993 1638 2047 Basilii
1667 2008 1829 2047 voces
1856 1994 2111 2060 audiisse;

552 2099 853 2155 postquam,
910 2088 1162 2155 inquam.
1220 2087 1329 2138 lure
1372 2088 1639 2143 narravit,
1698 2086 1878 2139 statim
1916 2086 2111 2141 addit:

552 2179 697 2246 Αὐτὴ
717 2180 922 2243 γίνεται
952 2182 1046 2246 τῆς
1081 2177 1170 2227 τοῦ
1198 2177 1458 2245 βασιλέως
1490 2178 1615 2248 περὶ
1646 2179 1793 2246 ἡμᾶς
1816 2176 2115 2249 φιλανθρω-

552 2268 678 2329 πίας
711 2269 874 2337 ἀρχὴ,
908 2270 997 2319 καὶ
1030 2268 1359 2331 κατασταπις
1392 2268 1602 2339 πρώτη,
1628 2269 1786 2321 τοῦτο
1812 2270 1871 2321 τὸ
1904 2270 2112 2339 λῆμμα,

549 2359 647 2427 τῆς
677 2359 795 2412 τότε
828 2360 1138 2430 δ;οχλούςη;
1178 2362 1437 2431 ἐπηρείας
1473 2362 1531 2414 τὸ
1560 2362 1807 2414 πλεῖστον
1842 2360 2027 2428 ὥσπερ
2062 2377 2114 2410 τι

552 2450 730 2521 ῥεῦμα
780 2451 1040 2505 διέλυσεν.
1082 2451 1197 2506 Hoc
1237 2454 1438 2505 exstitit
1478 2454 1830 2521 imperatoria:
1869 2468 1990 2519 erga
2020 2466 2114 2502 nos

550 2547 891 2600 humanitatis
917 2557 965 2599 et
1001 2548 1287 2600 clementia?
1307 2547 1621 2613 principium
1645 2560 1663 2597 :
1697 2545 1805 2598 lta'c
1834 2544 2003 2611 prima
2030 2560 2113 2596 se-

551 2638 697 2689 datio
726 2652 744 2690 :
771 2640 878 2690 Ita'c
910 2641 1115 2692 occasio
1147 2638 1431 2690 maximam
1461 2637 1816 2705 impressionis
1834 2634 1975 2688 illius
1992 2651 2116 2698 par-

552 2735 675 2787 tem,
704 2743 807 2794 qua
829 2736 938 2780 tum
976 2727 1316 2788 vexabantur,
1350 2743 1454 2780 non
1484 2742 1629 2781 secus
1658 2743 1717 2779 ac
1743 2728 1936 2795 ﬂuctus
1962 2742 2118 2796 quos-

550 2820 697 2881 dam,
720 2819 871 2890 fregit
903 2837 964 2873 ac
996 2821 1254 2875 dissolvit.
1290 2819 1413 2874 Ila'c
1455 2818 1624 2875 refert
1646 2819 2025 2873 Tillemontius
2052 2819 2116 2871 ad

551 2908 843 2962 secandum
882 2907 1118 2962 Valentis
1148 2910 1200 2961 in
1233 2910 1518 2962 ecclesiam
1558 2910 1886 2978 ingressum,
1907 2924 1969 2963 ac
1994 2910 2117 2961 inde

552 3006 700 3052 certo
756 2998 930 3069 colligi
962 3002 1256 3060 existimat,
1294 3000 1550 3053 Basilium
1605 3014 1668 3051 ac
1712 3014 1901 3052 omnes
1948 3000 2113 3051 etiam

550 3088 904 3159 Cappadocia:
932 3089 1191 3143 ecclesias
1222 3089 1425 3158 reliquo
1460 3086 1697 3141 Valentis
1731 3087 1944 3158 imperii
1978 3097 2117 3141 tem-

553 3196 706 3247 pore,
732 3180 813 3235 vel
854 3180 1044 3236 saltem
1076 3181 1208 3235 satis
1239 3180 1331 3235 diu
1364 3190 1485 3250 post
1517 3179 1703 3234 Basilii
1736 3196 1857 3235 cum
1889 3180 2114 3235 Valente
2141 3219 2183 3278 C

552 3270 918 3339 colloquium,
977 3288 1161 3341 pacem
1213 3274 1517 3329 retinuisse.
1575 3272 1679 3325 Sed
1735 3272 2117 3325 animadvertit

552 3360 927 3416 Tilletttontius
955 3362 1162 3432 longam
1198 3364 1339 3415 illam
1369 3379 1576 3431 pacem,
1615 3378 1776 3430 quam
1813 3364 2111 3417 secundum

554 3451 794 3505 Valentis
843 3452 895 3504 in
944 3452 1229 3507 ecclesiam
1275 3453 1576 3518 ingressum
1614 3463 1967 3505 consecutam
1993 3466 2115 3504 esse

550 3553 722 3612 putat,
753 3545 1028 3597 conciliari
1056 3560 1159 3598 non
1196 3558 1351 3612 posse
1377 3558 1499 3599 cum
1520 3544 1918 3613 persecutione,
1950 3558 2112 3612 quam

551 3633 729 3689 statim
764 3644 948 3689 narrat
971 3633 1263 3705 Gregorius
1304 3644 1585 3703 postquam
1639 3635 1705 3689 de
1734 3634 1975 3689 secundo
2007 3632 2115 3687 Va-

552 3726 713 3779 lentis
739 3725 792 3778 in
827 3727 1117 3782 ecclesiam
1159 3727 1401 3796 ingressu
1433 3726 1642 3780 locutus
1674 3736 1777 3780 est.
1815 3726 1941 3782 llzec
1966 3726 2110 3780 enirn

552 3817 876 3884 persecutio,
900 3818 950 3869 in
984 3832 1087 3887 qua
1110 3818 1383 3873 decretum
1414 3817 1609 3873 Basilio
1630 3820 1876 3873 exsilium
1900 3820 2118 3873 morbus

549 3905 754 3959 Galatae
780 3909 999 3971 avertit,
1024 3909 1112 3960 diu
1137 3908 1341 3963 differri
1373 3925 1477 3965 non
1512 3921 1723 3981 potest;
1753 3911 2019 3978 siquidem
2049 3925 2115 3964 ex

550 3995 835 4052 Tltemistii
861 3999 1107 4052 oratione
1131 4014 1271 4053 anno
1296 4000 1426 4064 575,
1450 4003 1798 4069 pronuntiata
1833 4018 1885 4055 tu
1916 4016 2116 4054 annum

552 4088 818 4144 decimum
842 4088 1109 4155 Valentis,
1132 4090 1240 4159 iam
1277 4101 1544 4146 mortuum
1571 4107 1689 4147 esse
1713 4091 1958 4146 Galatam
1990 4106 2115 4162 per-

553 4174 799 4243 apicitur.
834 4176 977 4231 Solvi
1010 4186 1190 4245 posset
1218 4176 1523 4241 diliicultas,
1559 4178 1605 4232 si
1651 4192 1757 4247 qua
1795 4176 2003 4231 ratione
2034 4175 2118 4229 ni-

556 4276 762 4321 teretur
790 4266 932 4335 quod
982 4278 1169 4321 narrat
1215 4266 1505 4332 Socrates,
1546 4280 1714 4325 totam
1764 4283 1878 4324 rem
1919 4268 2115 4322 Antio-

551 4355 690 4409 chia
719 4366 923 4425 gestam
950 4371 1092 4421 esse,
1120 4372 1294 4427 eoque
1333 4362 1661 4416 accersitum
1700 4360 1979 4414 Basilium.
2013 4360 2113 4415 Va-

549 4446 737 4512 lesius,
771 4448 860 4518 qui
884 4445 1021 4504 hanc
1046 4450 1356 4519 opinionem
1390 4453 1586 4506 merito
1612 4452 1811 4517 rejicit,
1832 4451 2116 4508 Valentem

2225 614 2330 669 Sed
2367 616 2582 683 conjicit
2616 616 2699 668 vel
2751 614 3046 669 Antiochiae
3089 630 3207 667 rem
3248 628 3453 685 gestam
3502 629 3655 675 esse,
3688 618 3779 666 ubi

2222 722 2324 759 non
2348 709 2517 762 semel
2537 709 2669 763 inita
2694 708 2761 761 de
2783 708 3029 775 pellendo
3045 706 3241 761 Basilio
3256 710 3479 765 consilia
3503 730 3515 776 ;
3540 709 3622 765 vel
3643 709 3782 764 hanc

2219 811 2411 851 novam
2437 799 2863 866 persecutionem
2888 808 3013 853 ante
3036 798 3332 853 secundum
3357 800 3595 856 Valentis
3617 802 3669 855 in
3693 814 3784 855 ec-

2220 888 2435 941 clesiam
2475 892 2774 960 ingressum
2809 891 3121 960 contigisse,
3150 892 3229 946 vel
3257 892 3308 945 in
3334 889 3442 942 alio
3474 893 3780 949 (lassaream

2222 978 2456 1035 Valentis
2486 985 2741 1047 adventu,
2774 981 2864 1051 qui
2896 980 2949 1033 in
2985 982 3125 1037 hanc
3159 983 3344 1038 urbem
3369 980 3547 1037 redire
3581 986 3779 1053 potuit,

2217 1072 2313 1126 etsi
2350 1086 2453 1124 non
2486 1072 2683 1141 legitur
2710 1075 2955 1130 rediisse.

2286 1162 2354 1215 At
2412 1162 2612 1216 inutilis
2650 1180 2868 1232 prorsus
2917 1162 3129 1216 videtur
3189 1173 3266 1218 tot
3324 1164 3759 1232 conjecturarum

2215 1263 2376 1318 Opera
2419 1249 2472 1304 in
2528 1265 2585 1303 re
2627 1266 2720 1304 sua
2772 1262 2963 1321 sponte
2998 1250 3172 1306 soluta
3216 1261 3271 1305 et
3330 1256 3613 1325 explicata.
3647 1255 3778 1309 Nam

2216 1345 2330 1399 lucc
2358 1345 2604 1415 Gregorii
2639 1346 2797 1399 verba
2833 1362 2845 1395 :
2893 1345 3006 1399 Hoc
3036 1345 3133 1410 fuit
3169 1345 3504 1409 imperatoris
3533 1362 3657 1416 erga
3686 1362 3777 1399 uos

2215 1434 2560 1491 humanitatis
2585 1438 2813 1502 initium,
2842 1437 2953 1491 lucc
2977 1440 3148 1506 prima
3184 1451 3355 1489 rerum
3388 1440 3613 1504 sedatio,
3645 1449 3777 1502 κιο..

2215 1542 2318 1580 non
2375 1529 2683 1584 referuntur
2714 1530 2778 1581 ad
2833 1530 2959 1583 illud
3006 1530 3249 1584 Valentis
3279 1529 3421 1581 intra
3450 1533 3626 1585 velum
3655 1548 3777 1588 cum

2215 1615 2412 1673 Basilio
2440 1619 2785 1687 colloquium,
2806 1621 2898 1672 sed
2929 1621 2995 1673 ad
3031 1620 3175 1673 illam
3200 1618 3381 1673 Basilii
3419 1619 3632 1674 virtutis
3682 1625 3779 1676 ad-

2214 1709 2576 1774 mirationem,
2617 1724 2721 1779 qua
2780 1712 3058 1774 perculsus
3091 1710 3287 1765 Valens
3334 1712 3501 1766 vetuit
3561 1712 3612 1764 ei
3670 1714 3778 1767 vim

2217 1798 2423 1855 inferri.
2462 1802 2518 1854 Id
2576 1811 2721 1872 patet
2770 1802 2823 1854 I'
2851 1816 2915 1855 ex
2970 1810 3078 1857 tota
3114 1804 3441 1857 narrationis
3472 1804 3631 1856 serie.
3684 1804 3777 1856 Ait

2213 1894 2354 1948 enim
2382 1892 2673 1963 Gregorius
2703 1894 2978 1950 Valentem
3006 1934 3023 1960 ,
3053 1894 3137 1948 liis
3168 1910 3285 1963 qua:
3320 1895 3554 1949 Basilius
3596 1910 3777 1964 gesse-

2217 1996 2299 2039 rat
2330 1985 2548 2048 auditis,
2592 1986 2643 2037 in
2680 1996 2883 2040 tantam
2931 1987 3074 2043 illius
3102 1987 3317 2041 virtutis
3365 1990 3776 2045 admirationem

2215 2076 2450 2139 venisse,
2488 2084 2545 2129 ut
2590 2076 2637 2129 ei
2694 2079 2801 2129 vim
2837 2078 3025 2133 inferri
3073 2082 3338 2144 vetuerit,
3374 2080 3533 2152 eique
3560 2081 3780 2137 satisfa—

2215 2169 2390 2222 ciendi
2442 2184 2605 2224 causa
2656 2169 2706 2221 in
2770 2171 3059 2225 ecclesiam
3118 2176 3346 2237 venerit,
3376 2176 3463 2229 tibi
3501 2177 3567 2229 ad
3601 2176 3774 2229 solum

2215 2256 2397 2313 Basilii
2442 2270 2715 2329 aspectum
2746 2262 3074 2315 contremuit
3101 2273 3156 2316 et
3201 2265 3468 2328 titubavit,
3498 2281 3559 2319 ac
3593 2275 3777 2333 postea

2215 2351 2429 2405 rediens
2485 2354 2699 2424 longum
2751 2355 2890 2408 illius
2947 2355 3155 2409 videndi
3188 2363 3242 2408 et
3283 2356 3528 2409 audiendi
3565 2357 3779 2409 deside-

2216 2444 2353 2497 rituu
2389 2445 2643 2514 explevit.
2666 2446 2818 2513 Quod
2847 2462 2975 2518 ergo
2997 2448 3178 2502 statim
3203 2448 3350 2502 addit
3374 2446 3513 2500 banc
3548 2448 3780 2516 primam

2216 2532 2382 2588 fuisse
2418 2539 2751 2605 tempestatis
2795 2538 3149 2605 sedationem,
3182 2542 3233 2594 id
3283 2538 3568 2594 manifeste
3613 2538 3783 2593 refero

2215 2633 2305 2679 tur
2338 2626 2401 2680 ad
2428 2642 2691 2682 summam
2739 2626 2923 2684 Basilii
2967 2632 3021 2685 in
3063 2633 3359 2688 certamine
3393 2633 3779 2694 constantiam,

2218 2718 2371 2784 cuius
2400 2719 2697 2776 admirator
2718 2724 2924 2779 exstitit
2954 2723 3173 2788 Valens,
3232 2733 3288 2778 et
3344 2725 3545 2778 ideirco
3578 2723 3629 2777 in
3688 2738 3779 2777 ec-

2218 2810 2434 2865 clesiam
2469 2814 2649 2868 venire
2672 2816 2859 2869 statuit
2886 2827 2939 2870 et
2962 2831 3083 2869 eum
3116 2817 3313 2870 Basilio
3333 2815 3585 2883 colloqui.

2286 2904 2344 2957 2ο
2371 2904 2513 2957 Idem
2554 2906 2781 2973 probant
2820 2916 2902 2959 na:
2951 2922 3129 2969 voces,
3176 2906 3305 2960 Ila'c
3330 2908 3504 2972 prima
3554 2906 3782 2965 sedatio,

2218 3008 2335 3060 qute
2384 2993 2435 3046 in
2478 2994 2919 3063 interpretatione
2950 2994 3093 3051 Billii
3146 2998 3361 3052 omissae
3412 2996 3590 3052 fucum
3644 2992 3789 3053 féce-

2217 3093 2361 3137 runt.
2396 3082 2553 3137 Certa
2593 3085 2734 3140 enim
2765 3093 2819 3140 et
2849 3085 3124 3156 explorata
3161 3103 3247 3143 res
3277 3097 3360 3143 est
3395 3098 3523 3141 tunc
3548 3094 3783 3156 primum

2219 3176 2459 3230 sedatam
2521 3175 2686 3232 fuisse
2739 3186 3133 3249 tempestatem,
3185 3194 3305 3233 cum
3344 3177 3535 3231 Valens
3582 3176 3787 3230 Basilio

2220 3272 2389 3324 vetuit
2419 3268 2717 3324 molestiam
2745 3271 2984 3324 exhiberi
3022 3289 3035 3323 :
3062 3271 3203 3339 quod
3234 3270 3449 3338 quidem
3480 3270 3652 3323 vetuit
3685 3283 3790 3323 an-

2221 3367 2433 3427 tequam
2470 3360 2522 3412 in
2556 3358 2836 3413 ecclesiam
2868 3359 3095 3412 veniret.
3152 3359 3211 3412 5°
3248 3356 3361 3412 Huc
3390 3360 3601 3414 accedit
3629 3361 3785 3414 testi-

2219 3450 2458 3502 monium
2489 3447 2735 3520 Gregorii
2773 3448 3019 3518 Nysscui,
3060 3450 3149 3520 qui
3183 3449 3364 3503 Basilii
3417 3451 3471 3504 in
3504 3452 3785 3506 sustinen-

2218 3539 2301 3592 dis
2332 3540 2571 3607 prtefecti
2606 3541 2899 3595 assultibus
2946 3544 3264 3598 constantia:
3304 3554 3579 3613 acceptam
3618 3544 3791 3597 refert

2218 3630 2689 3701 tranquillitatem,
2716 3649 2876 3703 quam
2919 3635 3254 3704 Cappadocia
3294 3652 3358 3691 ex
3384 3637 3636 3691 omnibus
3658 3651 3792 3706 pro-

2218 3722 2410 3775 vinciis
2438 3719 2649 3776 Valenti
2672 3724 2930 3791 subjectis
2960 3726 3071 3777 sola
3098 3738 3315 3791 experta
3340 3737 3445 3782 est.
3478 3727 3568 3780 Sic
3610 3728 3790 3795 loqui-

2221 3823 2310 3867 tur
2338 3811 2607 3885 Nyssenus
2632 3812 2707 3886 (ὁ)
2744 3832 2757 3866 :
2791 3815 2900 3868 Καὶ
2944 3814 3104 3869 πάλιν
3156 3819 3185 3871 ὁ
3236 3817 3473 3889 ἀθλητὴς
3520 3817 3615 3871 τοῦ
3649 3818 3790 3872 Θεοῦ

2218 3907 2331 3966 τοῖς
2354 3902 2625 3974 δευτέροις
2656 3906 2763 3959 τῶν
2808 3904 3053 3973 ἀγώνιον,
3090 3909 3183 3961 καὶ
3228 3909 3327 3980 τὴν
3358 3909 3454 3963 ἐπὶ
3500 3912 3612 3973 τοῖς
3656 3928 3796 3981 προσ

2218 3993 2443 4049 λαϐοῦσι
2471 3995 2629 4062 δόξαν
2686 3997 3170 4069 ὑπερϐαλλόμενος.
3214 4000 3278 4053 Ei
3330 3999 3387 4053 δὲ
3437 3998 3618 4071 ζητεῖς
3663 4000 3791 4055 τού-

2216 4103 2327 4139 των
2379 4085 2480 4150 τὰς
2507 4087 2829 4155 ἀποδείξεις,
2856 4091 2935 4152 είς
2969 4089 3108 4143 αὐτὰ
3137 4090 3328 4161 βλέψον
3363 4090 3431 4144 τὰ
3465 4091 3789 4161 πράγματα..

2218 4178 2377 4231 Ποῖον
2412 4181 2510 4232 οὐκ
2540 4180 2859 4249 ἐπενείματο
2892 4182 3055 4235 τόπον
3083 4181 3191 4235 τῶν
3221 4182 3555 4253 Ἐκκλησιῶν
3580 4184 3615 4253 ἡ
3640 4200 3795 4254 τηνι-

2218 4268 2393 4321 καῦτα
2448 4271 2833 4339 καταστροφή;
2883 4274 3035 4323 ποῖον
3076 4272 3292 4340 ἔμεινεν
3337 4272 3485 4335 ἔθνος
3529 4272 3631 4343 τῆς
3676 4274 3791 4328 τῶν

2218 4357 2505 4429 etipsthth
2537 4360 2857 4423 ἐπιστασίας
2878 4360 3210 4432 ἀπείρατονς
3245 4362 3328 4424 τίς
3358 4361 3465 4414 τῶν
3505 4364 3648 4417 κατὰ
3687 4362 3790 4425 τὰς

2232 4449 2557 4520 Ἐκκλησίας
2579 4450 3005 4523 εὐδοκιμούντων
3019 4453 3119 4506 οὐκ
3144 4452 3440 4524 ἀπεικάσθη
3452 4454 3561 4507 τῶν
3585 4455 3788 4518 πόνων;

550 4541 829 4595 existimat
855 4557 977 4596 cum
1001 4542 1206 4613 aliquot
1236 4557 1408 4598 annos
1453 4544 1757 4599 Antiochia:
1790 4544 2115 4599 traduxisset

2219 4543 2370 4604 ποῖος
2390 4539 2610 4610 διέφυγε
2635 4540 2761 4604 λαὸς
2784 4542 2883 4611 τὴν
2916 4542 3172 4611 τοιαύτην
3200 4539 3495 4613 ὲιτήρειανς
3524 4544 3586 4597 ού
3617 4541 3792 4612 Συρία.

552 4641 618 4679 ac
645 4627 838 4682 deinde
862 4628 1111 4683 rediisset
1144 4628 1473 4693 Caesaream,
1514 4631 1566 4684 in
1606 4633 1705 4686 hoc
1737 4634 1977 4686 secundo
2023 4633 2117 4687 ad-

550 4726 712 4773 ventu
751 4721 1180 4789 persecutionem
1230 4721 1649 4791 redintegrasse.
1701 4722 1807 4777 Sed
1833 4722 1960 4777 huic
1993 4737 2117 4777 sen-

553 4809 737 4862 tentiae
765 4809 947 4863 obstat
993 4824 1139 4866 mors
1191 4808 1418 4867 Galatae.
1468 4826 1587 4880 qua:
1622 4820 1731 4865 tam
1766 4826 1891 4867 sero
1914 4811 2117 4867 dill'erri

554 4914 658 4953 non
688 4908 885 4968 potest.
920 4899 1103 4956 Satius
1125 4916 1253 4972 ergo
1279 4902 1490 4957 videtur
1539 4902 1885 4958 Tillemonno
1919 4919 1947 4956 a
1980 4902 2115 4958 Gre—

553 4990 686 5059 θυι-ἥ
713 4992 1036 5046 auctoritate
1058 4995 1355 5058 discedere,
1409 5003 1463 5050 et
1496 4993 1820 5049 Theodoreti
1854 4996 2119 5050 inhaerere

556 5084 877 5145 testimonio,
905 5085 995 5153 qui
1025 5087 1300 5141 decretum
1331 5085 1529 5141 Basilio
1544 5086 1789 5141 exsilium
1808 5096 1861 5139 et
1878 5086 2119 5140 morbum

552 5174 756 5229 Galata:
812 5176 891 5230 sic
926 5187 1138 5240 narrat,
1190 5186 1250 5231 ut
1277 5189 1405 5233 ante
1462 5179 1755 5233 secundum
1794 5175 2035 5233 Valentis
2064 5178 2115 5232 iu

550 5266 833 5322 ecclesiam
863 5267 1160 5337 ingressum
1190 5271 1438 5325 evenisse
1474 5271 1777 5325 videantur.

617 5357 908 5429 Postquam
944 5360 1129 5429 pedem
1158 5376 1224 5415 ex
1263 5362 1363 5417 hoc
1393 5364 1738 5417 incommodo
1770 5360 1975 5416 referre
2015 5374 2107 5415 co-

548 5461 710 5507 natus
738 5462 819 5507 est
844 5450 1246 5517 Tillemontius,
1275 5454 1421 5506 aliud
1462 5454 1510 5508 ei
1542 5454 1804 5515 occurrit,
1843 5452 2109 5505 diuturnae

552 5542 690 5611 paci,
719 5557 839 5610 qute
861 5543 1149 5597 secundum
1183 5543 1422 5600 Valentis
1473 5546 1527 5599 iu
1567 5544 1866 5600 Ecclesiam
1896 5544 2106 5615 ingrcs-

547 5650 663 5691 sum
694 5645 875 5690 secuta
902 5645 1004 5700 est,
1025 5637 1225 5705 pariter
1242 5654 1566 5710 repugnans,
1600 5638 1917 5695 miraculum
1943 5639 2103 5693 trium

620 5820 695 5890 (a)
719 5819 777 5876 L.
808 5836 883 5886 tv,
914 5837 963 5879 c.
998 5822 1081 5878 l9.

2216 4633 2381 4691 πᾶσα,
2408 4630 2499 4683 καί
2540 4628 2648 4682 τῶν
2685 4631 2944 4703 ποταμῶν
2988 4633 3022 4703 ή
3082 4633 3220 4703 μέση
3248 4674 3263 4697 ,
3320 4633 3479 4704 μέχρι
3516 4634 3622 4686 τῶν
3650 4632 3789 4703 πρὸς

2213 4724 2340 4785 τοὺς
2379 4720 2686 4793 βαρϐάρους
2720 4723 2894 4793 ὅρων·
2931 4722 2991 4775 οὑ
3018 4723 3257 4795 Φοινίκη,
3299 4726 3393 4777 καὶ
3432 4722 3787 4793 Παλαιστίνη,

2214 4812 2605 4886 καὶἈρῤαϐία,
2631 4815 2725 4867 καὶ
2753 4815 3045 4881 Αἴγυπτος,
3078 4816 3173 4869 καὶ
3196 4816 3265 4871 τὰ
3283 4816 3409 4885 ἔθνη
3435 4816 3534 4885 τῆς
3556 4814 3787 4885 Λιϐύης.

2213 4904 2318 4967 ἕως
2348 4906 2441 4957 τοῦ
2480 4904 2750 4975 τέρματος
2780 4905 2879 4974 τῆς
2912 4904 3036 4958 καθ’
3076 4908 3227 4977 ἡμᾶς
3256 4907 3606 4978 οἰκουμένης,
3629 4907 3689 4961 οὐ
3716 4908 3787 4962 τὰ

2218 4997 2309 5049 ἐπὶ
2336 4995 2460 5049 τάδε
2491 4996 2687 5059 πάντα,
2717 4996 2966 5049 Ποντικοὶ
2989 5037 3004 5060 ,
3044 5000 3138 5051 καὶ
3164 4999 3404 5061 Κίλικες,
3427 4999 3641 5062 Λύκιοι,
3671 5001 3787 5052 Δυ-

2216 5084 2316 5146 δοὶ,
2347 5083 2579 5146 Πισίδαι,
2608 5084 2913 5154 Πάμφυλοι,
2962 5088 3166 5158 Κᾶρες,
3214 5087 3635 5157 Ἑλλησπόντιοι,
3691 5105 3789 5159 νη-

2219 5177 2426 5238 σιῶται,
2480 5175 2642 5245 μέχρι
2685 5176 2780 5247 τῆς
2822 5177 3180 5248 Προποντίδος
3226 5179 3429 5249 αὑτῆςς
3476 5180 3537 5233 οὐ
3580 5180 3650 5232 τὰ
3693 5181 3789 5234 ἐπὶ

2215 5268 2435 5338 Θρᾴκης
2462 5268 2661 5329 πάντα,
2685 5267 2790 5329 ἓως
2818 5264 2887 5338 ἦν
2914 5272 2947 5339 ἡ
2978 5270 3188 5341 Θρᾴκη,
3219 5270 3312 5323 καὶ
3336 5271 3405 5325 τὰ
3440 5271 3569 5343 περὶ
3610 5271 3787 5340 αὐτὴν

2213 5356 2364 5427 εθνη,
2396 5357 2502 5420 ἓως
2548 5357 2684 5427 πρὸς
2717 5357 2809 5411 τὸν
2842 5359 3042 5429 Ἰστρὸν
3071 5360 3263 5426 aii-:6»);
3311 5361 3363 5413 τί
3411 5361 3519 5414 τῶν
3568 5362 3789 5415 πάντων

2213 5448 2304 5500 ἐπὶ
2330 5448 2603 5517 σχήματος
2634 5447 2835 5517 ἔμεινε,
2868 5449 3001 5519 πλὴν
3024 5451 3071 5502 εἰ
3105 5451 3177 5520 μή
3206 5468 3258 5504 τι
3290 5452 3679 5523 προκατείχετο
3706 5450 3787 5520 τῷ

2212 5540 2437 5611 τοιούτῳ
2462 5540 2650 5609 κακιῖη
2708 5540 2845 5595 ἀλλὰ
2882 5543 3041 5613 μόνος
3078 5544 3143 5596 ἐκ
3176 5544 3392 5598 πάντων
3426 5546 3453 5597 ὁ
3480 5543 3765 5599 Καππαδό-

2213 5650 2359 5695 κειος
2376 5631 2522 5696 λαὸς,
2546 5633 2644 5703 τῆς
2669 5634 2856 5717 κοινῆς
2874 5634 2981 5688 τῶν
3016 5635 3349 5707 Ἑκκλησιῶν
3368 5638 3651 5707 συμφορᾶς
3682 5637 3785 5690 οὐκ

2281 5816 2354 5885 (ιι)
2388 5834 2400 5871 1
2441 5816 2667 5875 Eunoni.
