4038 6442
1581 376 1741 432 ἮΤᾸ
1780 378 1837 433 S.
1881 376 2143 435 BASlLll.

3242 396 3454 439 LXXXIII

213 488 484 562 ὲπῄτῦετο
504 506 515 517 ·
552 488 609 540 ὃν
642 488 671 539 ὀ
702 489 870 558 μέγας
898 487 1177 559 πρόμαχος
1202 488 1355 557 ἡμῶν
1384 489 1477 540 ἐπὶ
1531 487 1636 540 τῶν
1679 506 1781 541 πει-

1889 504 2105 557 prorsus
2136 495 2219 542 est
2255 487 2380 541 alibi
2411 502 2571 559 quam
2606 486 2868 542 Ctesarcze
2897 488 3131 555 dixisse;
3170 505 3451 563 nunquam

217 582 447 654 ρασμῶν
466 578 778 632 διεσώσατο.
824 578 1025 630 Iterum
1061 595 1335 647 generosus
1384 592 1555 632 noster
1592 579 1786 631 athleta

216 677 271 725 in
308 674 594 725 certamine
617 671 956 737 conspicitur,
986 669 1210 739 gloriam
1242 671 1432 737 prioris
1470 670 1787 738 pugnatlon-

216 781 277 830 ge
302 778 640 829 exsuperans.
682 760 835 825 Quod
870 761 915 813 si
973 762 1194 829 hujusce
1221 763 1293 814 rei
1320 764 1450 827 petis
1490 772 1638 815 testes
1662 801 1677 823 ,
1706 778 1784 815 res

217 855 363 919 ipsas
406 856 628 906 intuere.
664 852 827 919 Quem
890 853 1025 906 enim
1078 852 1247 903 locum
1296 853 1545 903 intactum
1582 852 1786 920 reliquit

218 948 467 1012 temporis
511 942 651 996 illius
698 942 1018 996 calamitas?
1044 940 1299 1005 Quianam
1354 958 1476 1010 gens
1523 941 1786 995 hrcretica:

218 1038 525 1090 mutationis
560 1046 606 1089 et
647 1035 990 1103 grassationis
1019 1049 1198 1098 expers
1246 1035 1483 1086 mansit?
1524 1032 1653 1097 Quis
1694 1050 1784 1087 eo-

217 1144 334 1179 rum
391 1130 479 1196 qui
527 1128 583 1179 in
627 1127 856 1180 Ecclesia
905 1127 1184 1193 ﬂorebant,
1238 1142 1338 1178 non
1385 1124 1613 1192 tlejectus
1650 1136 1723 1179 est
1754 1143 1785 1179 a

219 1220 405 1282 (mutis
430 1228 477 1271 ct
510 1218 775 1270 labaribus
796 1218 946 1270 suis?
978 1216 1107 1281 Quis
1133 1216 1351 1285 populus
1395 1216 1784 1271 insultationem

218 1308 367 1360 illam
398 1309 578 1376 e/fugit
602 1309 626 1360 .9
652 1305 771 1360 Non
798 1305 953 1377 Syria
978 1308 1239 1365 universa,
1273 1322 1373 1358 non
1405 1304 1783 1372 Mesopotamia

220 1416 383 1467 usque
410 1400 479 1451 ad
505 1400 635 1467 ﬁnes
665 1399 1030 1463 barbarorum,
1059 1417 1170 1452 non
1213 1396 1507 1461 I’htenicfa,
1531 1416 1632 1452 non
1683 1401 1784 1453 i’a-

220 1492 452 1555 ltrstina,
484 1507 584 1543 non
644 1491 863 1550 Arabia,
891 1506 992 1542 non
1029 1488 1315 1557 /quptus,
1352 1505 1453 1541 non
1487 1491 1672 1543 incola:
1696 1489 1784 1543 Li-

220 1584 332 1649 bya:
359 1596 519 1649 usque
543 1579 609 1631 ad
642 1580 887 1631 terminos
921 1582 1086 1632 nostri
1135 1578 1306 1641 orbis;
1334 1596 1433 1631 non
1466 1580 1579 1644 alii,
1604 1584 1691 1649 qui
1731 1583 1782 1634 in

218 1691 277 1724 eo
311 1676 525 1739 degunt,
584 1669 809 1735 Pontici,
851 1669 1065 1730 Cilices,
1111 1668 1279 1737 Lycii,
1332 1670 1510 1739 Lydi,
1573 1673 1779 1735 Pisidii,

220 1759 549 1831 Pamphylii,
603 1760 790 1824 Cures,
848 1760 1213 1826 Hellespontii,
1256 1763 1489 1815 insulani
1522 1779 1679 1832 usque
1714 1765 1783 1813 ad

1886 578 2028 631 enim
2076 578 2413 631 Antiochiam
2445 578 2739 632 accersitus
2766 577 3013 633 Basilius.

1956 665 2215 721 Catsarete
2246 668 2408 720 etiam
2464 666 2690 720 collocat
2731 665 3023 736 Gregorius
3058 666 3454 741 Nazianzenus,

1887 771 2007 824 quae
2062 758 2319 824 praefecto
2356 756 2599 811 Modesto
2644 758 3003 827 contigerunt.
3038 758 3087 813 ls
3128 762 3297 826 enim,
3327 779 3451 816 cum

1888 847 2069 903 Basilii
2111 849 2472 904 constantiam
2519 858 2575 902 et
2611 850 2773 903 animi
2808 850 3171 907 fortitudinem
3198 864 3454 919 expertus

1887 948 2053 1005 esset,
2086 938 2228 993 illius
2260 939 2399 1009 apud
2437 939 2603 993 Deum
2642 941 2999 1009 patrocinium
3039 944 3227 996 sensit.
3260 944 3453 1015 digre-

1887 1030 2053 1094 tabat,
2088 1030 2264 1098 inquit
2314 1028 2689 1083 Nazianzenus
2718 1029 2792 1100 (p.
2860 1030 3005 1097 532),
3065 1030 3453 1100 illacrymabat,

1885 1123 2329 1191 distorquebatur,
2355 1121 2613 1175 Basilium
2647 1122 2960 1184 accersebat,
2988 1120 3288 1175 obsecrabat
3314 1141 3332 1179 :
3354 1124 3457 1179 Sa-

1886 1216 2234 1283 tisfactionem
2292 1216 2470 1279 habes,
2524 1215 2809 1281 clamabat,
2863 1218 2931 1268 da
2982 1216 3226 1270 salutem.
3272 1217 3452 1288 Atque

1887 1308 2023 1361 hanc
2050 1307 2265 1377 quidem
2294 1307 2545 1376 precibus
2572 1305 2754 1361 Basilii
2786 1318 3109 1361 consecutus
3135 1317 3221 1361 est
3247 1349 3262 1372 ,
3293 1309 3455 1379 idque

1888 1398 1998 1465 ipse
2043 1396 2333 1459 fatebatur,
2358 1405 2409 1450 et
2453 1396 2656 1457 multis,
2687 1397 2776 1465 qui
2814 1412 2925 1451 rem
2960 1397 3300 1466 ignorabant,
3332 1414 3452 1468 per-

1886 1490 2164 1546 suadebat.
2196 1488 2349 1543 Unde
2378 1488 2538 1541 etiam
2558 1486 2739 1541 Basilii
2772 1489 3002 1543 virtutes
3025 1488 3208 1543 mirari
3236 1499 3289 1545 et
3312 1504 3452 1560 pra!-

1885 1582 2067 1634 dicare
2098 1596 2201 1633 non
2236 1580 2462 1643 destitit,
2498 1593 2561 1633 ac
2611 1580 2924 1633 occasiones
2973 1582 3107 1635 bene
3134 1582 3200 1636 de
3222 1581 3312 1636 illo
3343 1596 3456 1637 me-

1888 1672 2036 1723 rendi
2064 1686 2329 1739 quaerere,
2362 1672 2608 1739 quamvis
2644 1671 2695 1723 in
2730 1671 2908 1736 fidem,
2953 1687 3061 1741 qna
3101 1672 3175 1726 illi
3220 1671 3455 1726 Basilius

1886 1763 2170 1815 sanitatem
2224 1763 2623 1830 impetraverat.
2654 1763 2877 1831 aequior,
2902 1763 3136 1831 quandiu
3186 1765 3315 1819 vixit
3353 1763 3455 1819 Va-

217 1858 385 1921 t‘psam
422 1854 813 1921 Propontidem,
836 1867 938 1903 non
990 1863 1163 1918 gentes
1197 1851 1455 1916 Tltracia',
1495 1870 1596 1921 qua
1644 1864 1783 1919 patet
1818 1827 1859 1883 Β
1894 1854 2033 1916 lens,
2067 1863 2122 1906 et
2150 1852 2320 1905 lenior
2351 1853 2518 1907 fuisse
2558 1869 2663 1907 non
2697 1854 2959 1910 videatur.

222 1944 473 2007 Thracia,
497 1957 541 1996 et
564 1945 771 2011 ﬁnitimi
797 1943 985 2011 quique
1003 1960 1161 2011 usque
1181 1944 1249 1995 ad
1275 1945 1441 2011 ipsum
1464 1944 1787 1999 Danubium?

220 2034 352 2099 Qua:
399 2051 464 2087 ex
507 2037 587 2087 Itis
636 2034 874 2085 omnibus
924 2036 1201 2100 provinciis
1257 2036 1579 2087 calamitatis
1627 2037 1785 2104 hujus

216 2142 397 2191 expers
417 2126 538 2192 fuit,
573 2126 671 2176 nisi
696 2124 830 2190 [orte
854 2124 945 2174 illa
991 2140 1106 2191 qua;
1138 2134 1292 2176 antea
1324 2125 1419 2176 ltoc
1455 2126 1593 2178 malo
1644 2136 1786 2179 tene-

218 2218 414 2269 batur?
435 2218 577 2268 solus
603 2231 665 2266 ea:
688 2216 925 2267 omnibus
961 2215 1183 2281 populus
1215 2216 1501 2284 Cappadox
1549 2234 1784 2273 commu-

219 2324 332 2359 nem
380 2305 580 2357 cladem
618 2315 664 2357 et
724 2312 1016 2358 (erumnam
1060 2323 1160 2360 non
1187 2310 1365 2375 sensit,
1395 2324 1545 2376 quem
1567 2326 1785 2379 magnus

219 2410 389 2451 noster
434 2409 791 2467 propugnator
839 2416 903 2453 ea:
957 2402 1194 2453 omnibus
1254 2403 1623 2455 tentutionibus
1673 2406 1782 2456 eri-

215 2492 347 2555 puit.

282 2620 340 2675 ι’
383 2620 458 2675 Ex
506 2622 692 2675 iisdem
734 2623 931 2687 verbis,
984 2622 1109 2677 lIa'c
1165 2624 1336 2691 prima
1387 2626 1611 2689 sedatio,
1666 2626 1783 2682 luce

215 2714 410 2767 clarius
478 2726 562 2769 est
626 2725 997 2783 tempestatem
1036 2732 1138 2769 non
1195 2717 1361 2769 semel
1410 2720 1699 2772 excitatam
1728 2729 1784 2772 et

216 2808 454 2859 sedatam
512 2807 721 2860 tuisse:
781 2808 938 2875 idque
988 2809 1269 2859 confirmat
1316 2806 1647 2875 Gregorius,
1685 2810 1777 2878 qui

220 2895 425 2950 Calata:
445 2898 614 2950 morbi
637 2907 689 2950 et
711 2898 897 2950 mortis
918 2898 1277 2949 narrationem
1304 2898 1381 2951 sic
1400 2899 1584 2965 incipit
1607 2900 1783 2952 εἜτε-

216 3007 304 3061 pou
323 2990 380 3042 δὲ
401 2988 509 3041 τῶν
539 2988 839 3059 εἰρημένων
890 3004 989 3039 ουκ
1025 2988 1270 3051 ἔλαττον,
1302 2988 1492 3041 ἐνίκων
1528 2990 1576 3041 ai
1619 3008 1782 3062 πονη-

216 3081 318 3152 ροί,
349 3091 456 3135 etc.
490 3080 737 3149 Sequitur
758 3079 904 3130 aliud
928 3079 990 3131 iis
1020 3095 1137 3143 qua:
1170 3082 1311 3132 dicta
1355 3090 1476 3133 sunt
1515 3098 1616 3135 non
1648 3083 1783 3149 infe-

213 3176 320 3227 rius
350 3187 369 3223 :
390 3172 662 3226 vincebant
692 3170 935 3238 improbi,
973 3183 1079 3225 etc.
1109 3172 1285 3239 Quare
1314 3188 1487 3241 neque
1527 3176 1649 3237 hoc,
1685 3190 1782 3228 tte-
1810 3161 1855 3223 (ἶ

210 3279 315 3333 que
339 3268 670 3318 calamorum
714 3264 1001 3317 fractorum
1031 3266 1346 3320 miraculum
1370 3309 1385 3331 ,
1416 3278 1539 3320 ante
1591 3266 1782 3323 Valen-

213 3357 281 3407 tis
315 3354 367 3406 itt
418 3352 706 3406 ecclesiam
769 3356 1058 3409 adventum
1122 3356 1374 3410 collocari
1426 3359 1643 3420 debent,
1688 3370 1780 3412 aut

209 3445 551 3499 Antiochiam
606 3446 908 3499 transferri.
948 3446 1089 3499 Mors
1135 3446 1338 3501 Galam:
1397 3450 1661 3515 posterior
1699 3456 1779 3501 est

209 3536 518 3590 sccundoitt
553 3534 835 3589 ecclesiam
878 3535 1133 3595 adventu,
1172 3536 1261 3601 qui
1294 3533 1528 3586 Valentis
1563 3533 1777 3603 longum

209 3630 459 3682 audiendi
487 3627 1016 3682 Basiliidcsiderium
1053 3626 1309 3694 implevit.
1347 3624 1595 3681 Nondum
1649 3642 1779 3696 ergo

210 3719 359 3770 illum
392 3718 486 3769 lilii
522 3731 683 3768 causa
711 3718 1035 3769 accersitum
1069 3717 1334 3769 audierat.
1383 3715 1547 3771 Multo
1589 3719 1782 3773 absur-

207 3810 326 3862 dius
361 3809 415 3861 id
446 3807 745 3861 Antiochia:
779 3808 1074 3877 fingeretttr
1132 3809 1441 3878 comigisse.
1496 3809 1779 3881 Nunquam

206 3900 352 3955 enim
385 3914 452 3955 eo
488 3900 786 3954 accersitus
815 3896 1067 3960 Basilius.
1098 3916 1196 3955 nec
1240 3917 1386 3955 ntors
1423 3902 1627 3957 Galata:
1661 3903 1779 3956 lon-

204 3996 346 4066 gius,
384 3993 576 4063 tttjam
612 3982 743 4061 dixi,
774 3994 976 4048 differri
1005 4003 1202 4063 potest.
1258 3995 1523 4049 Prmterea
1575 3995 1779 4067 Grego-

205 4089 321 4140 rius
355 4086 437 4141 sic
473 4087 630 4154 hujus
663 4087 907 4140 miraculi
967 4086 1331 4141 narrationem
1373 4086 1684 4152 concludit,
1720 4096 1779 4143 ttt

206 4178 334 4229 illud
382 4192 503 4228 cum
535 4178 746 4230 cmtcris
799 4176 957 4230 rebus
986 4185 1143 4229 antea
1187 4177 1423 4229 narratis
1452 4192 1670 4232 necesse
1707 4182 1779 4233 sit

202 4268 461 4322 Ctﬁsarea:
485 4269 789 4337 contigisse.
827 4270 915 4321 Ait
952 4271 1093 4323 enim
1127 4285 1140 4320 :
1175 4268 1255 4319 Τὰ
1292 4267 1391 4337 μὲν
1439 4270 1575 4340 πρὸς
1629 4271 1774 4324 ὲκεί-

202 4377 324 4421 νους
356 4357 505 4428 αὐτῷ
530 4360 753 4414 τοιαῦτα.
780 4360 874 4414 καὶ
896 4362 972 4422 εἰς
1002 4359 1146 4412 τοῦθ’
1175 4358 1381 4427 ἥκοντα
1402 4360 1609 4426 τέλους.
1644 4363 1774 4427 Qua:

200 4469 318 4503 cum
351 4450 459 4504 illis
498 4450 621 4518 egit,
656 4466 847 4519 nempe
888 4468 1010 4505 cum
1065 4450 1284 4505 Valente
1347 4459 1402 4504 ct
1462 4456 1718 4521 prtnfccto
1755 4492 1771 4518 ,
1804 4491 1848 4545 D

202 4544 331 4596 talia
354 4544 613 4607 exstitere,
651 4552 697 4595 et
715 4557 831 4594 eum
857 4543 1013 4609 linem
1053 4544 1308 4597 habuere.

271 4676 363 4731 lX.
405 4678 509 4732 Sed
552 4694 670 4749 qua:
702 4676 767 4729 ad
814 4675 1056 4730 Galalatn
1113 4686 1378 4750 spectant,
1422 4692 1483 4731 ea
1540 4679 1772 4736 libenter

202 4769 799 4826 fatetnr'l'illemontius
831 4785 933 4822 non
965 4770 1092 4823 alibi
1136 4787 1301 4841 qnam
1350 4771 1610 4826 Bassareu:
1637 4789 1768 4829 con-

209 4865 403 4935 tigisse.
438 4861 506 4913 At
555 4877 658 4917 non
702 4866 772 4918 ita
817 4876 1039 4915 aversus
1069 4873 1151 4917 est
1189 4864 1256 4918 ab
1284 4878 1467 4918 eorum
1493 4865 1768 4932 Opinione,

205 4956 286 5021 -ιιιί
322 4964 434 5006 tres
470 4950 708 5005 calamos
732 4963 825 5007 aut
857 4950 1181 5013 Antiochiae,
1206 4964 1297 5006 aut
1333 4954 1383 5005 in
1414 4952 1517 5007 alio
1568 4954 1768 5011 Valen-

199 5045 262 5095 tis
291 5044 597 5098 Caesaream
624 5044 855 5095 adventu
884 5045 1081 5098 fractos
1110 5042 1279 5098 fuisse
1322 5046 1656 5100 existimant.
1690 5044 1767 5101 Ne

199 5135 296 5189 hoc
327 5138 544 5206 quidem
578 5134 891 5189 miraculum
924 5136 1185 5190 Cmsarea:
1220 5136 1591 5191 auferendum.
1623 5135 1766 5191 Prte-

197 5234 441 5295 terqttam
504 5228 645 5295 quod
699 5225 894 5279 Valens
938 5237 1063 5281 ante
1098 5240 1297 5277 annum
1328 5226 1432 5280 378
1489 5226 1611 5295 litigi
1655 5241 1761 5280 non

194 5328 365 5385 potest
406 5319 707 5374 Caesaream
752 5318 1001 5383 rediisse,
1050 5327 1270 5372 sanctus
1319 5318 1565 5384 I'Jphrrcm
1597 5325 1762 5371 testa—

194 5420 280 5462 tur
332 5412 564 5466 Arianos
622 5414 934 5479 impetras-e
977 5412 1223 5466 exsilium
1260 5408 1466 5473 Basilii,
1508 5425 1630 5464 cum
1672 5409 1764 5462 dc-

194 5513 559 5557 mnnstrarent
597 5503 803 5559 Valenti
843 5503 997 5556 Iidem
1027 5519 1176 5557 suam
1208 5518 1272 5557 eo
1317 5510 1583 5571 praesente
1639 5516 1763 5570 pro-

191 5594 339 5665 gredi
399 5610 505 5648 non
564 5610 721 5664 posse
763 5614 777 5649 :
832 5596 972 5667 quod
1008 5599 1222 5668 quidem
1275 5609 1371 5650 eos
1401 5593 1762 5662 improbabile

262 5805 334 5875 (tt)
364 5804 460 5876 Ep.
494 5806 586 5859 80.

1958 1942 2025 1996 Χ.
2076 1942 2193 1998 iam
2238 1943 2474 1998 diximus
2512 1944 2791 1998 Valentem
2837 1960 2939 1998 non
2983 1944 3149 2000 multo
3176 1955 3298 2002 ante
3337 1946 3453 2016 Epi-

1889 2036 2102 2105 phaniae
2127 2037 2265 2090 diem
2298 2036 2508 2091 venisse
2532 2035 2858 2101 Cmsaream,
2885 2039 2955 2091 ita
2988 2046 3044 2093 ut
3080 2041 3312 2108 spatium
3346 2056 3450 2094 non

1888 2128 2176 2181 habuerint
2220 2127 2406 2181 Ariani
2448 2127 2589 2183 illius
2633 2128 2815 2181 animo
2863 2143 3027 2182 novas
3066 2129 3211 2183 iaces
3266 2134 3453 2185 admo-

1887 2221 2063 2275 vendi.
2091 2218 2218 2286 Qua:
2244 2228 2421 2275 autem
2456 2220 2619 2290 gessit
2670 2218 2903 2271 Basilius
2941 2234 3061 2271 cum
3112 2222 3325 2289 magnis
3360 2237 3454 2289 po-

1889 2313 2172 2366 testatibus
2202 2327 2263 2366 ac
2295 2312 2490 2366 deinde
2511 2327 2632 2365 cum
2673 2311 2787 2378 ipso
2816 2308 3055 2371 Valente,
3080 2324 3142 2364 ea
3180 2313 3453 2366 immerito

1886 2403 2122 2456 nonnulli
2160 2404 2225 2455 ad
2254 2417 2451 2455 annum
2491 2402 2596 2457 570
2624 2412 2678 2457 et
2702 2401 2796 2455 571
2840 2403 3079 2456 referunt
3112 2418 3126 2454 :
3163 2418 3265 2457 nec
3296 2419 3453 2458 com-

1886 2493 2095 2547 modior
2124 2489 2365 2546 Socratis
2414 2501 2467 2546 et
2498 2492 2823 2547 Theodoreti
2876 2495 3165 2560 sententia,
3197 2495 3288 2565 qui
3326 2511 3448 2550 cum

1886 2582 2098 2653 Syriam
2127 2592 2180 2637 et
2218 2582 2421 2637 vicinas
2445 2582 2691 2653 regiones
2722 2592 2845 2635 ante
2879 2599 2907 2635 a
2942 2583 3166 2638 Valente
3206 2586 3448 2639 devictas

1887 2682 2125 2738 narrent,
2152 2689 2312 2743 qnam
2336 2683 2735 2743 Oppugnarelnr
2760 2672 3011 2738 Basilius,
3043 2684 3365 2743 sequeretur
3383 2690 3449 2727 ex

1884 2781 2069 2821 corum
2101 2767 2411 2820 narratione
2440 2754 2722 2819 Valentem
2753 2782 2784 2820 e
2823 2767 2978 2837 Syria
3016 2765 3318 2821 Caesaream
3360 2781 3453 2821 ve-

1886 2859 2050 2922 nisse,
2080 2858 2240 2923 idque
2272 2871 2375 2909 non
2409 2856 2569 2910 citius
2603 2872 2743 2910 anno
2772 2857 2878 2911 372
2919 2867 3169 2911 exeunte.
3199 2856 3269 2912 At
3326 2872 3450 2927 per-

1884 2947 2087 3001 secutio
2129 2948 2194 2999 ad
2236 2961 2436 2999 annum
2468 2946 2565 3001 371
2611 2958 2894 3002 exeuntem
2929 2958 2985 3002 ct
3020 2949 3123 3001 572
3153 2950 3447 3017 ineuntem,

1885 3036 1935 3090 id
1969 3044 2070 3098 est,
2104 3035 2170 3088 ad
2200 3036 2494 3089 secundum
2532 3035 2716 3089 Basilii
2739 3038 3078 3107 episcopatus
3115 3051 3312 3091 annum
3346 3053 3446 3093 ne-

1885 3130 2122 3183 cessario
2152 3128 2454 3183 referenda.
2495 3126 2704 3181 Nullum
2729 3130 2874 3183 enim
2930 3134 3325 3198 persecutionis
3361 3148 3452 3185 ve—

1887 3222 2103 3291 sdginm
2149 3234 2289 3276 anno
2326 3219 2433 3273 370
2483 3228 2709 3275 exeunte
2746 3229 2802 3274 et
2834 3222 3050 3276 ineunte
3094 3222 3217 3285 571,
3256 3223 3307 3275 id
3346 3232 3449 3286 est,

1884 3314 2056 3381 primo
2085 3311 2265 3366 Basilii
2326 3314 2667 3379 episcopatus
2708 3327 2866 3364 anno.
2926 3310 3135 3366 Recens
3180 3322 3306 3367 tunc
3332 3324 3451 3367 erat

1883 3402 1950 3452 :Ilt
1988 3401 2327 3453 ordinatione
2358 3399 2611 3464 Basilius,
2646 3401 2879 3455 nondum
2906 3410 3092 3471 egerat
3119 3417 3240 3456 cum
3285 3403 3451 3457 Atha—

1882 3489 2032 3543 nasio
2057 3491 2121 3541 de
2152 3490 2493 3557 pacilicandis
2523 3490 2775 3546 Ecclesiis
2801 3507 2813 3542 :
2848 3492 2947 3547 hoc
2973 3494 3114 3545 enim
3154 3494 3442 3547 consilium

1882 3594 1983 3632 non
2010 3581 2269 3652 suscepit,
2298 3582 2396 3635 nisi
2428 3583 2742 3650 compositis
2776 3582 2938 3635 rebus
2987 3582 3318 3638 domesticis.
3375 3584 3447 3638 At

1880 3686 1946 3725 ex
1972 3672 2194 3741 epistola
2226 3672 2299 3741 (α)
2329 3674 2395 3726 ad
2424 3674 2783 3726 Athanasium
2808 3673 2858 3727 in
2905 3674 3020 3744 ipso
3056 3677 3451 3745 persecutionis

1879 3773 2011 3817 testu
2043 3765 2273 3832 scripta,
2306 3764 2417 3833 jam
2471 3766 2640 3818 multa
2694 3766 2830 3818 inter
2874 3775 3161 3834 utrumque
3224 3777 3340 3821 acta
3392 3778 3450 3822 et

1880 3856 2174 3909 deliberata
2210 3854 2375 3910 fuisse
2432 3857 2771 3925 perspicitur.
2816 3855 2953 3909 Hinc
3000 3854 3231 3910 Basilius
3261 3856 3313 3911 itt
3340 3873 3444 3912 una

1878 3956 1933 4001 et
1960 3949 2146 4003 eadem
2192 3946 2417 4015 cpistola
2448 3945 2523 4016 (b)
2583 3947 2869 4001 certiorem
2922 3946 3053 4002 facit
3089 3947 3357 4003 Meletium
3389 3957 3447 4003 et

1878 4040 1944 4092 de
1976 4018 2223 4108 suscepto
2249 4036 2473 4092 Romam
2523 4037 2767 4093 mittendi
2811 4039 3063 4094 Dorothei
3091 4039 3344 4103 consilio,
3393 4048 3450 4094 et

1877 4130 1943 4184 de
1972 4129 2358 4198 persecutionis
2394 4128 2571 4195 minis,
2623 4145 2742 4184 cum
2776 4130 2889 4198 jam
2932 4132 3237 4187 advenisset
3283 4131 3449 4201 Euip-

1877 4222 1996 4290 pius
2020 4229 2074 4274 et
2100 4219 2192 4275 alii
2215 4230 2655 4290 exspectarentur
2677 4221 2884 4275 Ariani.

1948 4311 2131 4383 Neque
2190 4314 2352 4367 etiam
2400 4328 2543 4367 anno
2585 4313 2691 4367 37?.
2746 4323 2978 4367 exeunte
3003 4320 3057 4367 et
3095 4313 3316 4371 ineunte
3341 4317 3448 4373 5'75

1874 4405 2125 4460 collocari
2188 4406 2355 4475 possit
2407 4405 2728 4474 persecutio.
2778 4403 2909 4459 Nam
2970 4405 3123 4461 initio
3176 4410 3301 4461 anni
3344 4411 3449 4465 575

1878 4498 2098 4550 consilia
2128 4498 2259 4551 inita
2285 4505 2411 4551 sunt
2444 4497 2507 4550 de
2536 4497 2783 4567 pellendo
2841 4496 3060 4563 Basilio,
3111 4500 3205 4555 sed
3261 4502 3444 4555 Antio-

1878 4586 2032 4647 chiae,
2067 4603 2172 4641 non
2227 4588 2506 4653 (insumat,
2532 4597 2590 4642 ut
2630 4588 2957 4657 perspicitur
2999 4603 3065 4641 ex
3092 4590 3313 4658 cpistola
3345 4591 3448 4645 ιεο

1876 4692 1995 4747 qnzc
2026 4679 2177 4732 initio
2215 4680 2338 4733 anni
2368 4680 2470 4733 375
2513 4678 2710 4747 scripta
2743 4688 2842 4733 est.
2915 4676 3183 4735 Prtctcrea
3240 4681 3448 4737 refrixit

1876 4767 2207 4836 aliquantum
2240 4770 2476 4823 amicitia
2505 4768 2759 4822 Basiliunt
2814 4767 2955 4821 inter
2996 4780 3051 4825 et
3102 4770 3444 4826 Eustathiutn

1877 4874 2020 4913 anno
2054 4858 2161 4912 δῖε).
2191 4870 2421 4914 exeunte
2471 4870 2563 4913 aut
2618 4860 2841 4914 ineunte
2872 4860 2997 4923 373,
3044 4876 3168 4915 cum
3221 4863 3444 4931 pertldia

1876 4948 2103 5002 duorum
2154 4948 2421 5002 Eustathii
2476 4948 2884 5016 discipulorum,
2937 4964 3071 5020 quos
3132 4951 3274 5005 domi
3335 4966 3447 5006 sttte

1876 5040 2111 5096 habebat
2140 5040 2397 5103 Basilius,
2424 5038 2477 5093 in
2501 5040 2674 5095 oculis
2700 5043 2864 5095 totius
2892 5042 3129 5094 civitatis
3156 5042 3443 5111 erupisset.

1870 5136 1941 5189 At
1970 5150 2091 5190 cum
2124 5131 2355 5186 Basilius
2384 5133 2780 5201 persecutionis
2812 5132 3100 5189 nrocellatn
3125 5136 3441 5197 sustineret,

1869 5226 2173 5281 conﬁdebat
2224 5226 2529 5293 Enstatltio,
2562 5239 2624 5280 ut
2668 5242 2789 5281 cum
2824 5226 3084 5292 maxime,
3117 5236 3171 5283 et
3219 5226 3442 5282 missum

1871 5322 1937 5373 ah
1978 5336 2045 5374 eo
2071 5320 2423 5384 Eleusinium,
2461 5334 2584 5375 cum
2627 5334 2834 5373 summa
2863 5321 3003 5389 grati
3037 5318 3201 5373 animi
3232 5320 3442 5389 signiti-

1871 5412 2107 5473 catione,
2134 5420 2190 5463 ut
2227 5410 2490 5479 optimum
2540 5408 2841 5478 adjutorem
2882 5419 2937 5461 et
2988 5408 3441 5471 eommilitonem,

1872 5500 2105 5570 excepit.
2133 5497 2344 5553 Pariter
2376 5509 2676 5569 repugnant
2709 5513 2851 5552 anno
2880 5498 2985 5553 575
3036 5515 3159 5569 qua:
3186 5500 3442 5567 deinceps

1874 5592 2247 5657 narrabimus;
2304 5591 2355 5645 in
2402 5590 2590 5661 primis
2631 5605 2882 5661 maguum
2944 5590 3073 5645 illttd
3128 5589 3437 5654 :cdificium,

1947 5801 2017 5867 (lt)
2044 5798 2135 5867 Ειι.
2172 5798 2260 5851 68.
