4038 6456
569 395 766 435 1]ὶίιῖ

1948 374 2472 434 PROLEGOJIENA.

570 508 712 565 quon
737 510 856 548 cum
890 492 1116 549 Basilius
1136 492 1292 564 paulo
1319 501 1440 563 post
1458 493 1755 548 discessum
1775 493 2012 550 Valentis
2046 497 2133 550 in-
2165 501 2210 557 Α
2241 504 2438 561 turum,
2457 495 2500 549 si
2517 494 2854 550 occasionem
2876 493 2943 549 tle
2959 492 3077 549 aliis
3093 494 3229 549 bene
3246 494 3482 548 merendi
3501 494 3813 564 negligeret.

570 588 815 655 ceperit,
859 587 971 654 jam
1007 596 1183 641 tamen
1231 585 1569 656 excipiendis
1615 587 1920 657 hospitibus
1956 598 2137 656 aptum

570 689 688 733 erat
712 694 854 733 anno
889 678 1015 733 575.

640 772 801 825 Venit
828 770 1009 840 itaque
1040 770 1344 826 Caesaream
1366 771 1560 826 Valens
1592 786 1734 826 anno
1762 771 1861 826 37I
1887 780 2137 837 exeunte,

568 864 729 932 idque
775 864 992 916 omnium
1042 880 1238 918 nexum
1280 875 1335 917 et
1377 864 1722 932 conjunetum
1760 874 1845 919 est
1881 879 2004 919 cum
2058 881 2141 919 re-

568 968 687 1007 rum
714 953 852 1008 illius
886 964 1160 1024 gestarum
1193 956 1441 1009 historia.
1477 958 1607 1009 Nam
1639 971 1759 1009 cum
1794 956 2137 1011 Antiochiam

568 1056 779 1117 peteret
802 1048 948 1101 lento
984 1049 1197 1111 itinere,
1228 1059 1346 1102 erat
1368 1050 1593 1121 Ancyra:
1625 1048 1767 1104 Julio
1791 1064 1975 1103 mense
2013 1048 2139 1102 anni

564 1139 688 1203 57I,
720 1150 777 1194 ut
802 1152 951 1195 certo
986 1143 1306 1211 perspicitur
1336 1158 1399 1195 ex
1450 1142 1563 1211 lege
1606 1142 1671 1195 76
1726 1142 1791 1196 de
1826 1141 2138 1195 decurioni.

563 1232 666 1285 bus
688 1233 806 1285 data
832 1233 883 1285 in
919 1232 1019 1286 hac
1049 1233 1179 1287 urbe
1227 1248 1285 1287 ιιι
1330 1234 1404 1287 Id.
1460 1232 1595 1297 Jul.,
1625 1234 1888 1287 Gratiano
1916 1234 1980 1286 A.
2009 1231 2049 1287 II
2083 1242 2136 1287 et

562 1318 740 1375 Probo
761 1339 892 1389 css.,
918 1325 1037 1379 cod.
1070 1324 1277 1379 Thcod.
1313 1326 1407 1379 lib.
1432 1342 1529 1389 xu,
1553 1337 1634 1379 ιιι.
1664 1326 1715 1391 1,
1744 1342 1797 1397 p.
1824 1326 1950 1381 426.
1999 1325 2133 1380 Cum

564 1426 691 1481 ergo
716 1413 855 1467 illius
880 1416 1144 1469 emissarii
1190 1426 1243 1469 et
1290 1431 1656 1486 pratcnrsores
1690 1417 1923 1485 episcopi
1955 1415 2135 1472 Caesa-

563 1518 712 1557 ream
768 1509 1012 1559 venerint
1060 1522 1240 1561 tnense
1306 1507 1609 1575 Septembri
1666 1506 1905 1574 ejusdem
1962 1510 2131 1574 anui,

562 1612 791 1664 Clllllque
829 1598 1103 1651 Valentem
1144 1599 1404 1653 Ca'sarea:
1446 1598 1640 1653 festum
1679 1598 1994 1669 Epiphanie
2040 1614 2133 1654 ce-

562 1687 798 1742 lebrasse
841 1700 1072 1754 constet;
1131 1691 1309 1743 nullus
1356 1691 1594 1755 profecto
1652 1692 1930 1747 dubitandi
1983 1691 2134 1746 locus

560 1781 689 1850 quin
747 1781 795 1835 id
848 1798 987 1835 anno
1030 1782 1136 1834 572
1176 1782 1393 1835 ineunte
1443 1784 1749 1853 contigerit.
1779 1782 1890 1838 IIuc
1922 1783 2132 1837 accedit

561 1875 856 1928 auctoritas
888 1874 1130 1943 Gregorii
1157 1872 1379 1943 Nysseni
1413 1873 1511 1944 (α),
1538 1876 1630 1945 qui
1679 1886 1910 1931 testatur
1942 1876 2135 1929 Valen-

564 1974 667 2017 tem
700 1966 860 2020 rebus
901 1981 1088 2019 contra
1136 1966 1400 2022 barbaros
1444 1967 1677 2022 feliciter
1713 1969 1877 2037 gestis
1904 1968 2129 2030 elatum,

559 2069 681 2110 cum
705 2056 1090 2125 eIPrOpontide
1121 2074 1435 2126 progressus
1466 2059 1772 2129 Bithyniam
1810 2073 1876 2111 ex
1936 2061 2133 2127 impro-

559 2146 677 2200 viso
710 2157 997 2212 vastasset,
1028 2164 1090 2200 ac.
1119 2149 1385 2204 Galatiam
1421 2151 1570 2203 nullo
1620 2152 1837 2216 negotio
1877 2152 2129 2220 cepisset,

558 2240 637 2295 sic
673 2242 882 2295 tandem
934 2244 985 2295 in
1030 2241 1465 2312 Cappadociam,
1523 2261 1641 2314 qua:
1696 2248 1937 2315 proxima
1990 2256 2128 2313 erat,

557 2334 887 2401 pervenisse.
919 2333 1221 2388 Ca‘sarcam
1244 2349 1373 2404 ergo
1408 2336 1603 2391 Valens
1643 2340 1827 2393 eodem
1865 2355 2006 2393 anno
2038 2356 2130 2394 ve-

558 2426 660 2489 nit,
689 2441 796 2494 quo
817 2426 1090 2481 Galatiam
1117 2430 1456 2497 peragravit;
1488 2445 1549 2484 ac
1593 2432 1748 2485 valde
1795 2431 2047 2486 Socrates
2078 2442 2129 2488 et

558 2514 929 2570 Theodoretus
995 2516 1396 2573 hallttciuantur
1446 2521 1536 2589 qui
1573 2520 1685 2587 jam
1728 2519 1942 2589 Syriam
1970 2530 2023 2574 et
2054 2522 2130 2574 vi-

557 2608 708 2663 cinas
744 2624 994 2678 regiones
1033 2612 1360 2665 Arianorum
1412 2612 1600 2664 ditioni
1640 2612 1911 2679 sulijectas
1963 2612 2130 2666 fuisse

555 2712 784 2772 putant,
817 2718 939 2757 cum
980 2702 1227 2757 Ctesarea
1288 2712 1615 2773 oppugnata.
1676 2702 1957 2758 Consentit
2006 2719 2128 2759 cum

554 2791 803 2864 Nysscn‘o
848 2794 1224 2849 Nazianzenus
1283 2794 1377 2866 (ιι),
1432 2796 1525 2866 qui
1588 2794 1868 2850 Valentem
1922 2804 2126 2863 narrat,

557 2898 679 2937 cum
717 2884 923 2938 vicinos
981 2899 1171 2939 omnes
1227 2884 1519 2955 impietatis
1566 2887 1759 2940 robore
1796 2901 1858 2939 ac
1889 2888 2126 2956 potentia

556 2978 873 3044 domuisset,
900 2993 964 3033 ac
991 2980 1178 3032 ditioni
1227 2994 1336 3031 sure
1360 2978 1620 3047 quidquid
1674 2979 1890 3033 onrium
1925 2979 2123 3034 habue-

554 3080 662 3134 rat,
683 3070 1023 3139 subjecisset,
1062 3069 1140 3122 sic
1174 3070 1389 3123 tandem
1426 3072 1727 3137 peragratis
1753 3072 2003 3124 omnibus
2041 3086 2126 3126 re-

2315 586 2559 642 Delatum
2600 602 2793 640 munus
2842 586 3094 640 Ecclesia:
3154 585 3449 639 Innocentii
3485 597 3605 654 pest
3645 590 3815 656 ipsius

2241 688 2468 733 mortem
2521 678 2769 732 curandae
2830 676 3063 731 Basilius
3141 691 3170 730 a
3228 690 3286 731 se
3342 677 3702 745 deprecatur.
3759 691 3817 733 ut

2240 770 2413 838 majus
2466 771 2671 823 viribus
2715 770 2856 832 suis,
2907 770 3159 839 quodque
3210 784 3276 825 ex
3320 779 3467 825 tanto
3528 772 3816 827 intervallo

2241 859 2400 913 facile
2456 860 2821 915 administrari
2846 877 2952 916 non
3004 861 3197 929 possit.
3240 860 3409 915 Alteri
3457 871 3637 914 autem
3679 868 3811 929 peli-

2246 954 2375 1007 tioni
2408 952 2637 1007 libenter
2670 954 2878 1017 annuit,
2900 968 2965 1008 ac
3006 952 3380 1007 Innocentium
3406 952 3608 1006 laudat.
3645 955 3808 1021 quod.

2241 1053 2297 1097 ut
2326 1044 2551 1115 Moyses,
2583 1058 2952 1099 successorem
3002 1060 3157 1099 suum
3220 1044 3401 1098 videre
3440 1045 3588 1099 velit.
3624 1044 3808 1113 Itaque

2240 1150 2443 1190 memor
2475 1136 2615 1191 illius
2647 1138 2935 1201 minarum,
2965 1137 3234 1207 simulque
3286 1138 3639 1193 considerans
3684 1139 3815 1191 civi-

2242 1233 2401 1279 tatem
2438 1226 2665 1295 amplam
2718 1240 2841 1281 esse
2900 1234 2953 1280 et
3011 1228 3301 1291 celebrem,
3334 1243 3467 1296 opus
3513 1228 3808 1283 Innocentii

2237 1320 2377 1386 apml
2418 1320 2612 1374 multos
2655 1319 2885 1384 clarum,
2914 1329 3151 1389 tempora
3208 1321 3465 1384 dillicilia,
3509 1323 3811 1391 magnoin-

2237 1407 2473 1477 digentia
2512 1410 2875 1479 gubernatore
2902 1410 2970 1465 ob
2996 1411 3276 1467 continuas
3307 1412 3605 1483 procellas,
3643 1414 3810 1481 probe

2238 1501 2503 1557 intellexit
2548 1519 2650 1557 non
2680 1503 2953 1572 juniorem
3003 1504 3234 1572 aliquem
3291 1505 3608 1560 mittendum
3660 1520 3807 1568 esse,

2235 1593 2327 1661 qui
2385 1596 2448 1647 ad
2484 1596 2692 1663 negotia
2728 1605 2937 1649 tantum
2984 1596 3254 1651 exteriora
3289 1597 3517 1652 idoneus
3562 1597 3654 1653 sit.
3701 1597 3807 1649 Sed

2236 1687 2681 1756 circumspiciens
2707 1688 2757 1742 in
2794 1688 3056 1743 Ctesarete
3089 1688 3449 1757 presbyterio,
3486 1690 3648 1759 elegit
3686 1706 3810 1760 pre-

2238 1778 2588 1833 tiosissimum
2617 1794 2733 1844 vas,
2772 1780 3049 1835 alumnum
3081 1781 3225 1836 beati
3259 1780 3607 1851 Hermogenis
3631 1791 3687 1837 et
3737 1782 3807 1838 ab

2234 1888 2298 1928 eo
2337 1875 2667 1928 ordinatum.
2692 1874 3066 1944 presbyterum
3096 1875 3339 1930 ecclesia:
3394 1890 3425 1928 a
3466 1875 3648 1930 multis
3692 1876 3806 1943 jam

2234 1967 2410 2030 annis,
2441 1968 2699 2036 gravibus
2725 1981 2788 2021 ac
2827 1967 3201 2021 constantibus
3228 1966 3466 2020 moribus
3497 1966 3806 2036 prmditum,

2234 2060 2586 2115 reverendum
2626 2060 2971 2123 adeuntibus,
2994 2060 3340 2115 adversantes
3373 2059 3423 2112 iu
3487 2069 3808 2113 mansuetu-

2234 2151 2361 2206 dine
2414 2152 2818 2221 corripientem,
2882 2152 3116 2222 peritum
3170 2166 3479 2213 canonum,
3530 2150 3805 2204 hominem

2234 2255 2504 2298 accurata:
2553 2244 2697 2310 fidei,
2724 2246 2776 2298 in
2813 2246 3111 2300 continenti
3180 2255 3235 2299 et
3286 2243 3522 2299 ascetico
3560 2242 3808 2297 instituto

2234 2337 2498 2392 hactenus
2528 2335 2835 2405 degentem,
2875 2338 2976 2391 etsi
3028 2338 3171 2393 illius
3198 2352 3419 2393 carnem
3450 2351 3806 2406 consumpse-

2232 2439 2317 2484 rat
2355 2430 2478 2484 vita:
2536 2429 2860 2491 austeritas;
2926 2442 3213 2496 pauperem
3267 2445 3332 2484 ac
3384 2430 3559 2484 nullos
3594 2431 3646 2484 in
3700 2431 3807 2483 hoc

2230 2518 2429 2571 mundo
2456 2518 2660 2572 reditus
2691 2517 3079 2586 possidentem,
3108 2520 3240 2572 adeo
3289 2528 3345 2571 ut
3377 2534 3444 2573 ne
3500 2520 3656 2586 panis
3691 2520 3807 2588 qui-

2232 2609 2351 2663 dem
2378 2612 2474 2679 ipsi
2511 2612 2663 2679 copia
2691 2619 3023 2681 suppeteret,
3044 2612 3137 2663 sed
3171 2608 3355 2664 labore
3386 2626 3639 2664 manuum
3682 2628 3803 2665 cum

2233 2701 2491 2757 fratribus
2524 2705 2723 2757 victum
2753 2705 2853 2758 sibi
2877 2711 3237 2774 campararet.
3277 2700 3432 2755 Hunc
3464 2703 3647 2756 statim
3688 2704 3806 2757 mit-

2232 2804 2346 2851 tere
2378 2797 2636 2864 potuisset
2681 2796 2945 2851 Basilius:
2981 2798 3073 2851 sed
3104 2795 3230 2865 quia
3252 2792 3613 2850 -lnnocentius
3638 2796 3804 2851 alium

2230 2889 2479 2959 petierat,
2506 2888 2735 2958 probum
2784 2889 2932 2943 illum
2975 2890 3215 2959 quidem,
3270 2889 3364 2944 sed
3410 2888 3580 2943 altero
3639 2888 3799 2958 longe

2230 2982 2538 3037 inferiorem
2564 2998 2579 3046 ;
2615 2992 2766 3051 rogat
2800 2981 3167 3037 Innocentium
3200 2982 3450 3046 Basilius,
3470 2993 3551 3047 ut,
3581 2984 3623 3037 si
3652 2983 3803 3053 ejus-

2231 3072 2375 3127 modi
2408 3074 2580 3125 virum
2607 3073 2905 3137 desideret,
2934 3074 3111 3128 ntittat
3144 3073 3377 3142 aliquem
3417 3088 3483 3128 ex
3512 3072 3800 3139 fratribus,

555 3162 800 3232 gionibus
820 3160 1123 3216 Caesaream
1155 3176 1466 3230 aggressum
1496 3176 1637 3216 esse.
1668 3158 1861 3230 Liquet
1895 3161 2125 3214 Nazian-
2154 3186 2197 3243 ο
2231 3166 2319 3232 qui
2344 3180 2464 3218 eum
2498 3168 2641 3219 circa
2669 3166 2868 3236 jejnnia
2904 3176 3143 3223 assumat
3177 3184 3191 3221 :
3222 3166 3268 3220 si
3298 3165 3568 3220 neminem
3613 3166 3800 3231 habet,

556 3268 749 3307 aenum
797 3252 941 3323 loqui
982 3252 1045 3307 de
1107 3252 1414 3322 regionibus
1448 3251 1841 3323 Cappadociam
1884 3253 2025 3307 inter
2077 3260 2132 3307 et

554 3341 1077 3412 Constantinopolim
1106 3343 1426 3412 interiectis,
1458 3358 1595 3414 quas
1630 3344 1775 3399 lente
1808 3343 2132 3415 peragrabat

556 3436 757 3491 Valens
793 3450 936 3488 anno
972 3434 1098 3502 ⁸571,
1138 3452 1241 3489 ιιοη
1278 3435 1450 3491 solum
1479 3448 1536 3491 ut
1567 3438 1767 3507 ubique
1803 3440 2125 3493 catholicam

554 3530 714 3583 fidem
764 3528 1090 3599 opprimeret
1170 3529 1263 3583 sed
1300 3531 1459 3583 etiam
1492 3539 1548 3584 ut
1576 3544 1702 3586 vere
1755 3532 1971 3586 ineunte
1998 3534 2125 3588 anni

553 3621 660 3677 372
697 3636 728 3677 e
780 3620 1118 3689 Cappadocia
1148 3623 1351 3690 egredi,
1406 3631 1458 3677 et
1499 3622 1866 3681 intolerabiles
1924 3623 2127 3681 Cilicia:

553 3713 761 3769 calores
792 3712 895 3767 vita
906 3726 963 3767 re
994 3719 1199 3782 posset.

1130 3802 1359 3860 CAPUT
1399 3802 1543 3859 XXI.

551 3897 595 3953 l.
630 3898 700 3952 De
722 3900 941 3965 cpistola
966 3900 1056 3953 81.
1115 3899 1175 3957 ll.
1212 3898 1406 3954 Scribit
1438 3899 1730 3955 Athanasio
1765 3900 2001 3958 Basilius
2023 3922 2123 3961 an-

624 3983 829 4036 tequam
869 3970 1032 4042 flama
1082 3972 1256 4023 redeat
1292 3970 1588 4042 Daret/reus
1621 3987 1640 4025 :
1704 3984 1853 4042 rogat
1898 3991 2013 4028 eum
2067 3988 2120 4030 ut

620 4057 768 4110 prior
800 4041 990 4092 scribat
1034 4042 1327 4110 episcopisa
1358 4040 1444 4094 Ili.
1489 4043 1639 4096 Elia:
1668 4040 1779 4097 hoc'
1820 4061 1958 4098 anno
2013 4046 2121 4101 572

617 4128 809 4237 gigantes
842 4111 1211 4179 Cappadociw.
1264 4109 1351 4163 IV.
1388 4110 1462 4166 De
1498 4116 1733 4183 epistolis
1783 4113 1972 4171 Bastlt'i
2021 4119 2119 4173 85-

618 4275 660 4329 I.
699 4274 967 4343 Scriptura
1026 4273 1254 4343 conjicio
1283 4284 1408 4330 ante
1442 4274 1924 4349 Quadragesimam
1964 4281 2120 4351 hujus

550 4366 676 4421 anui
708 4365 813 4419 572
842 4366 1121 4432 epistolam
1152 4366 1212 4421 8|
1252 4368 1317 4421 ad
1374 4369 1741 4425 Innocentium
1782 4372 2116 4441 episcolium,

547 4455 615 4511 ad
654 4469 811 4525 quem
843 4455 1009 4509 etiam
1040 4466 1221 4510 exstat
1272 4457 1496 4525 epistola
1525 4460 1710 4515 Basilii
1751 4460 1843 4515 50.
1880 4461 1927 4515 Is
1982 4476 2120 4530 pra:-

2230 3270 2389 3324 quem
2424 3256 2623 3320 mittat,
2663 3258 2850 3310 saltent
2876 3260 2941 3310 ad
2971 3275 3029 3314 se
3057 3258 3278 3317 scribat.

2304 3346 2528 3401 Videtur
2558 3346 3033 3416 Quadragesimam
3070 3350 3351 3417 designare
3388 3349 3639 3413 Basilius,
3674 3366 3799 3405 cum

2228 3438 2598 3494 Innocentium
2632 3449 2803 3507 rogat,
2832 3449 2889 3491 ut
2928 3439 3156 3507 aliquem
3190 3443 3391 3504 mittat,
3426 3440 3519 3508 qui
3572 3455 3801 3496 venera-

2230 3532 2391 3588 bilem
2450 3532 2596 3586 illum
2650 3533 3024 3602 presbyterum
3086 3530 3231 3584 circa
3278 3530 3482 3599 jejunia
3540 3546 3800 3588 assumat.

2226 3630 2335 3684 Cur
2361 3639 2543 3683 autem
2573 3628 2686 3683 lucc
2710 3641 2853 3681 anno
2879 3624 2985 3680 572
3020 3634 3201 3696 putem
3226 3624 3541 3696 contigisse,
3581 3627 3681 3681 hoc
3707 3640 3805 3694 po-

2229 3722 2494 3775 tissimum
2541 3721 2780 3774 adducor
2832 3728 3187 3791 argumento,
3232 3720 3374 3788 quod
3420 3734 3544 3774 cum
3570 3717 3805 3774 Basilius

2228 3811 2425 3867 multos
2460 3811 2561 3863 hoc
2590 3826 2733 3863 anno
2772 3813 3053 3880 episcopos
3092 3811 3356 3865 creaverit
3396 3811 3805 3880 (multiplicatos

2226 3904 2369 3959 enim
2416 3900 2582 3956 fuisse
2626 3902 2966 3971 episeOpatus
3011 3912 3240 3955 testatur
3263 3902 3631 3958 Nazianzenus
3663 3900 3798 3977 [u']),

2224 4012 2331 4051 non
2363 3996 2575 4050 videtur
2606 4008 2877 4049 summum
2916 3991 3060 4044 illum
3097 3994 3292 4055 virum,
3328 4009 3434 4061 quo
3465 3999 3805 4064 pmstantioo

2224 4106 2337 4145 rem
2362 4090 2627 4144 neminem
2654 4087 2853 4141 habere
2868 4092 3100 4154 poterat,
3127 4085 3589 4154 praetermissurus
3608 4088 3799 4154 fuisse,

2221 4199 2344 4239 cum
2379 4182 2448 4253 (e)
2492 4182 2789 4252 prmsertim
2822 4178 3192 4241 Pwmenium,
3249 4193 3408 4248 quem
3455 4180 3602 4235 dedit
3640 4182 3802 4237 Sata-

2222 4278 2478 4339 lensibus,
2517 4276 2744 4330 libenter
2768 4274 3028 4330 Caesarea:
3062 4272 3391 4337 retinuisset,
3425 4290 3523 4329 nec
3552 4277 3711 4329 matri
3741 4284 3800 4330 et

2224 4368 2475 4423 Ecclesiae
2520 4367 2717 4437 lugenti
2751 4366 3103 4429 abstulisset,
3146 4364 3189 4419 si
3222 4381 3380 4436 quem
3413 4370 3462 4423 ei
3502 4368 3801 4420 invenisset

2223 4474 2407 4528 parem
2434 4460 2499 4514 ad
2539 4476 2733 4515 munus
2766 4461 3111 4527 episcopatus
3140 4462 3534 4515 sustinendum.
3578 4455 3804 4513 Videtur

546 4558 666 4603 erat
710 4563 915 4619 magum
947 4547 1087 4614 urbi,
1136 4564 1243 4601 non
1273 4564 1460 4619 parutn
1514 4552 1758 4608 Cazsarea
1782 4556 2026 4620 distanti,
2052 4570 2117 4610 ac
2152 4544 2195 4599 D
2225 4550 2339 4603 hmc
2366 4548 2545 4604 Basilii
2581 4548 2874 4605 liberalitas
2909 4546 2960 4600 iu
2985 4549 3346 4604 concedendis
3381 4562 3447 4599 ex
3477 4561 3575 4599 sua
3612 4545 3797 4602 Eccle-

547 4640 601 4692 in
632 4639 997 4709 perfungendo
1030 4640 1243 4710 egregie
1270 4642 1610 4710 episcopatus
1643 4660 1867 4701 munere
1898 4648 2111 4703 laudem

546 4740 600 4784 et
628 4732 823 4785 famam
876 4732 1097 4800 adeptus
1122 4742 1258 4785 erat.
1289 4732 1511 4801 Magnus
1540 4737 1682 4791 enim
1711 4750 1829 4793 erat
1877 4741 2114 4809 Spiritus

544 4825 715 4879 sancti
757 4824 1105 4891 glorificator,
1136 4827 1359 4897 ejusque
1410 4826 1704 4883 divinitatis
1740 4830 1993 4887 defensor
2017 4832 2110 4904 (ε).

548 4918 652 4971 Sed
679 4931 802 4969 cum
835 4917 1121 4970 admodum
1150 4930 1308 4972 rotate
1355 4929 1642 4989 provectus
1678 4932 1841 4989 esset,
1874 4938 1937 4978 ac
1962 4924 2111 4993 gregi

544 5024 642 5064 suo
675 5020 793 5077 post
825 5020 1050 5063 mortem
1082 5022 1234 5061 suam
1271 5020 1553 5076 metueret,
1596 5014 1803 5081 rogavit
1831 5014 2112 5081 Basiliam,

545 5112 601 5154 ut
638 5118 823 5155 curam
856 5102 1107 5157 Ecclesiae
1131 5116 1241 5157 suae
1278 5113 1394 5167 post
1428 5114 1654 5158 mortem
1683 5119 1833 5156 suam
1872 5107 2115 5174 suscipe-

545 5203 647 5257 ret,
669 5210 732 5248 ae
757 5211 897 5249 nunc
933 5198 997 5247 ad
1024 5211 1081 5249 se
1120 5196 1358 5249 mitteret
1385 5212 1415 5251 e
1448 5197 1594 5251 clero
1629 5211 1725 5249 suo
1762 5210 2107 5264 prazstantem

543 5285 773 5356 aliquem
804 5287 1177 5354 virtun,quem
1207 5302 1571 5340 succcssmem
1601 5302 1755 5341 suum
1787 5289 1936 5343 virus
1965 5288 2109 5341 desi-

543 5387 752 5445 gnaret.
786 5379 901 5443 Quo
936 5380 1105 5449 magis
1138 5379 1397 5433 Basilium
1428 5388 1715 5435 exacueret
1747 5382 1811 5433 ad
1838 5397 1946 5434 rem
1975 5380 2109 5433 tanti

541 5472 820 5533 momenti,
850 5472 1155 5525 minabatur
1179 5487 1235 5527 se
1268 5473 1314 5527 ei
1354 5470 1500 5525 litem
1532 5487 1714 5527 coram
1738 5472 1965 5529 Domino
1992 5472 2111 5527 illa.

614 5610 689 5680 (α)
720 5610 784 5662 In
816 5610 1047 5664 Ennom.

614 5685 687 5749 (bj
713 5681 951 5735 λιιι-(δι’.
986 5687 1074 5737 2U.

612 5756 683 5818 (ε)
718 5752 810 5817 Ει).
845 5751 931 5807 50.

617 5822 694 5891 (ά)
729 5820 820 5873 Ur.
848 5824 937 5874 20.

2224 4642 2301 4696 sia
2338 4642 2639 4713 episcopis,
2687 4640 2759 4693 ita
2790 4637 2990 4694 clerum
3030 4642 3415 4697 Ca‘Saricnsutt
3451 4640 3793 4707 exhausisse,

2224 4747 2280 4790 ut
2304 4738 2572 4792 neminem
2610 4732 2677 4803 (Ῑ)
2728 4731 2949 4788 haberet
2976 4750 3119 4788 anno
3144 4733 3247 4787 575
3272 4772 3287 4797 ,
3319 4747 3477 4801 quem
3506 4734 3796 4805 Amphilo-

2221 4830 2343 4885 chio
2381 4830 2629 4889 donaret,
2678 4834 2959 4895 propterea
2990 4828 3132 4897 quod
3169 4827 3214 4879 is
3245 4840 3403 4895 quem
3446 4828 3793 4898 promiserat,

2220 4924 2510 4979 accedente
2542 4918 2607 4973 ad
2638 4928 2868 4974 veterem
2901 4923 3144 4974 morbum
3176 4933 3310 4973 nova
3336 4922 3613 4976 oculorum
3635 4923 3795 4992 agri-

2226 5014 2428 5079 tutlinc,
2466 5013 2639 5079 impar
2661 5010 2785 5065 huic
2818 5011 2969 5066 oneri
3005 5009 3178 5062 factus
3206 5024 3371 5066 esset.

2293 5106 2353 5159 ιι,
2392 5104 2650 5170 Quarmis
2679 5103 2930 5164 Basilius,
2978 5105 3215 5170 quandin
3252 5104 3511 5161 Ctesarca:
3549 5105 3650 5161 ῐυὶι
3685 5108 3793 5163 Va-

2220 5198 2356 5266 lens,
2392 5198 2479 5251 vix
2526 5198 2689 5252 ullum
2726 5199 2866 5252 diem
2913 5198 2981 5251 ab
3008 5194 3331 5253 Arianorum
3374 5200 3583 5253 insidiis
3620 5212 3792 5257 tutum

2217 5290 2501 5353 habuerit,
2534 5292 2664 5344 nihil
2711 5301 2887 5345 tamen
2923 5291 2988 5342 de
3035 5303 3132 5343 suo
3176 5290 3636 5359 pacilicandartttn
3687 5296 3791 5349 Ec-

2216 5383 2505 5437 clesiarum
2535 5383 2713 5437 studio
2760 5380 3083 5436 remittebat.
3141 5383 3277 5439 Tutu
3330 5398 3452 5437 cum
3492 5384 3793 5441 Athanasio

2219 5474 2294 5545 (θ)
2339 5475 2607 5530 scriberet
2650 5490 2791 5531 anno
2841 5474 3201 5545 prxcedenti,
3254 5491 3402 5547 spem
3438 5477 3485 5531 ci
3532 5477 3792 5535 afferebat

2287 5619 2356 5685 (ρ)
2386 5618 2485 5685 Ep.
2520 5617 2641 5669 I02.

2288 5689 2359 5755 (ι’)
2394 5690 2486 5753 l‘.p.
2517 5688 2647 5740 an.

2288 5768 2359 5826 lg)
2394 5756 2560 5825 Epist.
2600 5758 2688 5811 69.
