4038 6444
1640 347 1801 404 VITA
1839 348 1897 403 S.
1940 348 2200 404 BASILII.

3339 366 3516 409 ιιςκν

268 464 409 530 fore,
435 469 494 521 u't
526 478 716 522 omnes
758 461 898 517 illius
936 463 1141 534 judicio
1179 464 1611 531 paciﬁcationem
1653 465 1839 521 Eccle-
1870 469 1915 525 Α
1944 465 2145 519 rexerit
2170 506 2183 529 ,
2238 463 2528 535 inquirere.
2582 462 2755 518 Ellam
2806 464 2905 516 hoc
2946 478 3139 520 munus
3194 464 3515 519 sustinuime

268 560 474 615 siarum
498 557 918 614 committerent.
951 558 1005 611 ld
1044 558 1257 612 tandem
1285 567 1606 613 consecutus
1631 570 1715 615 est
1743 558 1844 612 Ba-

268 653 439 715 silius,
472 653 610 705 forte
638 651 748 718 ipsa
779 650 1150 720 persecutione
1180 652 1387 705 animos
1418 667 1445 703 a
1479 651 1841 706 contentioni-

266 744 363 799 bus
397 742 464 794 ad
510 744 811 797 communis
848 741 970 794 lidci
1011 739 1374 797 defensionem
1416 754 1705 797 revocante
1739 743 1839 813 (α).

268 834 475 891 Scribit
509 850 638 903 ergo
668 833 968 889 Athanasio
1012 835 1271 903 quidquid
1317 834 1369 885 in
1415 832 1750 903 Cappadocia
1788 845 1841 890 et

267 927 515 982 ﬁnitimis
562 929 694 982 locis
723 940 915 979 sanum
946 937 1050 993 est,
1098 942 1225 981 vere
1255 940 1395 979 nunc
1435 926 1500 978 ad
1531 941 1716 981 eorum
1749 928 1841 995 qui

267 1020 407 1072 idem
441 1024 721 1081 sentiunt,
752 1021 1185 1074 communionem
1216 1028 1377 1086 atque
1414 1020 1671 1073 unitatem
1718 1033 1841 1085 pro-

266 1113 501 1179 pendere
535 1133 550 1167 :
586 1125 816 1179 eumque
849 1112 1048 1165 idcirco
1084 1122 1267 1179 rogat,
1328 1119 1384 1162 ut
1426 1110 1593 1176 nobis,
1644 1108 1837 1177 inquit,

268 1206 505 1259 omnibus
534 1204 731 1257 seribas
758 1204 1029 1269 epistolam
1067 1218 1248 1265 unam,
1278 1219 1393 1273 qua:
1424 1206 1549 1274 quid
1579 1202 1838 1270 agendum

267 1301 329 1352 sit
358 1302 660 1353 admonent.
705 1295 961 1351 Volehant
986 1296 1129 1349 enint
1155 1296 1411 1366 episcopi,
1453 1310 1589 1363 quos
1613 1293 1842 1347 Basilius

264 1406 386 1446 Cum
421 1388 1081 1459 Athanasioconjungere
1120 1388 1387 1452 studebat,
1439 1386 1841 1440 utAthanasins

267 1485 416 1553 prior
457 1480 736 1535 scriberet.
792 1480 900 1533 Sed
932 1481 1054 1548 quia
1101 1479 1335 1545 suspecti
1386 1476 1684 1534 Athanasio
1722 1492 1842 1530 esse

264 1582 535 1643 poterant,
592 1574 656 1627 ob
715 1586 775 1624 ea
812 1586 928 1638 ane
958 1571 1086 1625 olim
1118 1579 1403 1639 gesserant
1451 1581 1736 1637 antequam
1775 1571 1842 1623 ab

264 1664 483 1719 At‘ianis
527 1662 901 1729 discederent;
946 1665 1249 1719 obtestatur
1298 1678 1416 1716 eum
1471 1660 1734 1726 Basilius,
1786 1673 1841 1715 ut

265 1758 366 1810 sibi
423 1761 519 1811 bas
566 1755 629 1808 ad
680 1756 957 1825 episcopos
1008 1756 1217 1808 litteras
1262 1756 1482 1809 mittat:
1533 1771 1636 1809 non
1691 1756 1839 1823 prius

272 1866 331 1904 se
360 1866 455 1905 eas
486 1850 759 1915 daturum,
801 1864 961 1917 quam
1000 1861 1315 1911 responsum
1369 1846 1436 1897 ab
1486 1846 1564 1900 eis
1610 1861 1834 1913 accepe-

263 1943 336 1995 rit
370 1965 381 1995 ;
417 1942 499 1994 sin
544 1942 733 2004 minus,
779 1941 976 2009 inquit,
1010 1950 1253 2007 peccator
1291 1954 1378 1992 ero
1414 1939 1465 1991 in
1512 1948 1561 1991 te
1607 1941 1843 1991 omnibus

264 2033 449 2086 diebus
483 2033 605 2086 vita:
636 2049 784 2086 mete.

336 2124 471 2179 Erat
510 2139 641 2177 sane
679 2122 955 2193 periniqna
1003 2122 1262 2185 conditio,
1309 2121 1377 2175 ab
1408 2119 1707 2175 Athanasio
1748 2136 1843 2189 po-

264 2217 470 2272 stulare
517 2215 695 2284 utqui
732 2215 801 2270 ab
838 2217 917 2270 eis
945 2215 1102 2270 laesus
1137 2213 1334 2279 fuerat,
1374 2214 1522 2283 prior
1567 2213 1681 2281 ipse
1712 2214 1845 2266 scri-

264 2308 438 2362 beret.
478 2305 594 2361 Non
616 2321 681 2360 ex
705 2306 922 2369 Basilio,
951 2322 1055 2359 non
1084 2320 1148 2357 ex
1197 2306 1409 2357 Meletio
1461 2314 1635 2357 ortam
1672 2306 1845 2357 credi-

266 2400 438 2455 derim
466 2398 726 2468 ejusmodi
762 2398 1149 2456 conditionem,
1182 2410 1300 2463 quae
1329 2395 1444 2462 paci
1504 2393 1724 2448 obstare
1755 2413 1846 2463 νηα

268 2502 408 2546 terat
441 2508 504 2546 ac
534 2508 719 2546 revera
747 2488 999 2551 obstitit,
1036 2487 1128 2541 sed
1164 2487 1233 2540 ab
1261 2487 1567 2543 hominibus
1597 2505 1699 2542 non
1737 2499 1841 2543 tam

266 2599 455 2651 pacem
485 2582 865 2653 appetentibns
899 2594 1059 2647 quam
1088 2581 1452 2635 metuentibus
1479 2622 1493 2645 ,
1538 2584 1737 2653 quibus
1768 2596 1845 2635 ta-

265 2691 387 2729 men
424 2676 657 2729 Basilius
696 2683 751 2728 et
780 2672 1045 2736 Meletius,
1082 2682 1138 2727 ut
1175 2673 1318 2726 inter
1364 2675 1612 2729 homines
1635 2691 1846 2730 earun-

265 2768 386 2822 dem
418 2767 651 2838 partium
684 2768 859 2822 studio
893 2767 1209 2835 coniunctos
1244 2762 1358 2820 ﬁeri
1404 2765 1579 2830 solet,
1611 2780 1716 2819 non
1763 2780 1844 2819 ce-

266 2860 398 2915 dere
425 2875 531 2914 non
556 2868 867 2931 potuerunt.

336 2973 556 3039 Scripta
594 2972 709 3024 haec
756 2970 979 3038 cpistola
1012 2978 1298 3037 antequam
1340 2970 1641 3024 Dorotbeus
1671 2969 1840 3023 Roma

266 3062 542 3126 rediisset,
576 3077 640 3116 ac
679 3061 817 3115 forte
866 3063 1028 3115 etiam
1058 3072 1342 3129 antequam
1373 3061 1569 3115 Valens
1597 3062 1842 3115 Οιυεθιω

1947 556 2299 627 perspicimus
2323 571 2388 608 ex
2421 557 2577 623 epist.
2611 557 2700 621 9t,
2738 569 2860 625 qua:
2888 556 3087 622 scripta
3123 568 3207 611 est
3239 556 3343 612 hoc
3374 572 3515 613 anno

1944 644 2069 711 572,
2106 655 2230 701 ante
2277 660 2516 699 menSem
2553 643 2790 700 Junium.
2850 646 2904 699 In
2958 646 3057 699 hac
3105 647 3326 715 epistola
3354 646 3509 701 Basi-

1945 740 2046 793 lius
2080 738 2247 791 Eliam
2292 738 2577 805 regendam
2607 736 3005 807 Cappadociam
3060 738 3285 794 invitum
3320 759 3510 801 susce-

1943 834 2086 903 pisse
2112 833 2260 895 dicit,
2295 842 2351 883 ut
2376 846 2540 900 opera
2579 831 2812 900 collapsa
2848 834 3196 896 instauraret,
3246 834 3358 889 loca
3408 854 3512 892 non

1946 926 2184 981 habitata
2229 922 2417 976 incolis
2464 922 2718 991 repleret,
2765 938 2829 976 ac
2862 941 2970 980 uno
2997 924 3164 980 verbo
3193 926 3509 983 solitudines

1945 1015 1997 1070 in
2030 1016 2191 1068 urbes
2224 1015 2649 1069 translormaret.
2683 1014 3049 1085 Praeterquam
3077 1019 3221 1089 quod
3252 1018 3365 1073 ltrec
3395 1022 3506 1089 epi.

1944 1105 2077 1162 stola
2109 1105 2176 1160 94
2214 1107 2279 1159 ad
2318 1108 2597 1174 prmsidem
2641 1107 2809 1160 Ellam
2861 1107 3171 1165 manilestas
3219 1111 3381 1165 habet
3408 1112 3506 1165 bu-

1937 1197 2026 1268 jus
2054 1198 2179 1251 anni
2226 1197 2330 1251 572
2370 1209 2541 1262 notas,
2582 1210 2637 1252 ut
2666 1198 2803 1260 intra
2837 1200 3157 1263 videbimus,
3211 1204 3323 1264 ipsa
3366 1213 3513 1257 certe

1943 1290 2296 1361 Cappadocia:
2325 1292 2561 1359 pictura,
2600 1306 2763 1360 quain
2803 1291 2855 1344 in
2890 1290 3069 1343 Basilii
3104 1294 3281 1345 verbis
3311 1293 3517 1362 perspi-

1942 1387 2133 1451 cimus,
2151 1386 2372 1438 miriliee
2388 1385 2636 1455 congruit
2662 1398 2781 1439 cum
2807 1383 3168 1451 Superioribus
3201 1384 3390 1440 litteris
3415 1386 3513 1456 (ὁ),

1944 1479 1997 1532 in
2055 1479 2248 1546 quibus
2290 1476 2547 1530 Ca‘sarea:
2590 1477 2641 1532 in
2680 1476 3023 1533 solitudinem
3062 1488 3276 1532 mutata:
3321 1494 3517 1533 terum-

1944 1584 2043 1623 nas
2089 1569 2353 1637 deplorat.
2403 1568 2579 1633 Quare
2638 1572 2845 1639 primus
2897 1571 3106 1623 exstitit
3170 1570 3353 1635 Elias,
3423 1573 3515 1640 qui

1943 1660 2276 1730 provinciam
2313 1663 2365 1714 in
2399 1662 2543 1715 hunc
2575 1671 2774 1715 statum
2804 1665 3077 1717 redactam
3115 1663 3408 1732 acciperet.

2014 1776 2189 1832 Minus
2218 1786 2471 1831 accurate
2498 1792 2560 1831 ac
2584 1776 2765 1831 minus
2795 1793 2947 1846 aeque
2973 1781 3037 1832 de
3072 1778 3160 1833 illo
3188 1778 3307 1833 viro
3332 1794 3518 1835 sense-

1948 1878 2071 1924 runt
2094 1870 2432 1923 eruditorum
2467 1869 2706 1923 nonnulli
2734 1911 2748 1934 ,
2784 1869 2836 1923 iu
2866 1870 2950 1923 his
2981 1870 3356 1926 Tillemontius
3377 1912 3391 1936 ,
3426 1873 3517 1942 qui

1946 1973 2067 2013 eum
2100 1978 2240 2015 anno
2271 1962 2371 2017 571
2406 1962 2756 2032 Cappadocia
2799 1961 3075 2031 praefuisse
3105 1974 3159 2016 et
3182 1980 3301 2017 cum
3338 1967 3518 2019 inimi-

1945 2049 2025 2104 cis
2080 2048 2263 2102 Basilii
2326 2053 2671 2121 conjuuetmn
2726 2050 2894 2105 fuisse
2943 2052 3338 2105 existimarunt.
3400 2053 3519 2119 Quo

1946 2154 2088 2193 anno
2118 2141 2322 2193 rexerit
2347 2141 2766 2209 Cappadociam,
2808 2141 2921 2209 jam
2954 2142 3320 2211 probavimus.
3362 2143 3520 2196 Chri-

1946 2233 2179 2285 stianum
2212 2232 2359 2285 illum
2387 2244 2441 2285 et
2472 2234 2706 2286 amicum
2736 2244 2895 2288 vocat
2927 2233 3179 2298 Basilius,
3214 2235 3408 2289 nedum
3443 2235 3519 2289 iu-

1948 2336 2027 2378 ter
2057 2325 2305 2379 inimicos
2336 2333 2602 2379 numeret.
2646 2322 2892 2393 Magnum
2937 2326 2985 2378 ei
3027 2326 3243 2392 pietatis
3276 2329 3519 2381 testimo-

1946 2419 2090 2470 nium
2137 2418 2356 2479 tribuit,
2393 2433 2512 2471 cum
2547 2428 2761 2470 veretur
2804 2431 2871 2471 ne
2914 2417 3359 2473 altercationibus
3398 2424 3522 2487 epi-

1946 2525 2229 2576 scoporum
2264 2510 2573 2563 vulneretur
2613 2510 2756 2563 illius
2794 2510 2993 2575 anima,
3031 2528 3148 2581 qua!
3175 2528 3306 2578 puro
3343 2516 3521 2569 suain

1947 2600 2110 2652 Deum
2160 2602 2348 2667 pietate
2404 2601 2681 2669 perfectam
2736 2601 2965 2671 religiosi
3016 2606 3188 2656 cultus
3230 2606 3517 2659 mercedem

1945 2693 2209 2760 percipere
2243 2692 2410 2746 debet.
2446 2692 2551 2747 Sed
2582 2695 2724 2761 quod
2758 2708 2971 2748 omnem
3004 2698 3306 2765 ambigendi
3339 2698 3516 2752 locttm

1944 2784 2247 2854 praecludit,
2280 2785 2419 2838 idem
2451 2794 2536 2839 est
2586 2784 2677 2838 ille
2706 2800 2926 2853 praeses,
2961 2800 3119 2853 quem
3160 2786 3387 2841 Basilius
3417 2791 3518 2843 hoc

1944 2891 2087 2929 anno
2118 2874 2224 2929 572
2262 2876 2519 2944 dignitate
2546 2874 2809 2942 dejectum
2837 2891 3020 2929 mense
3045 2875 3179 2931 Maio
3204 2888 3296 2931 aut
3327 2878 3516 2946 Junio,

1941 2973 1998 3019 et
2034 2966 2086 3018 in
2117 2966 2354 3035 periculo
2382 2982 2485 3019 non
2518 2964 2622 3019 levi
2653 2965 3003 3019 constitutum
3035 2966 3339 3035 Sophronio
3372 2985 3518 3022 com-

1945 3057 2185 3115 mendat.
2231 3056 2382 3123 Quod
2417 3058 2560 3110 enim
2594 3055 2660 3109 de
2688 3054 2814 3108 Elite
2843 3057 3041 3123 pietate
3075 3068 3130 3111 et
3159 3060 3391 3112 amicitia
3425 3075 3515 3114 se-

264 3155 632 3219 discessisset,
663 3166 752 3207 aut
798 3154 984 3208 Saltem
1042 3166 1162 3222 post
1204 3164 1450 3206 vexatam
1476 3154 1543 3206 ab
1578 3167 1642 3205 eo
1670 3153 1843 3207 Ca-sa-
1869 3172 1913 3228 ο
1945 3162 2067 3200 cum
2099 3148 2461 3201 intercedente
2488 3148 2698 3201 dixerat
2721 3150 2770 3202 in
2802 3150 3025 3218 epiStola
3051 3149 3139 3215 94,
3175 3151 3311 3205 idem
3340 3152 3407 3205 de
3431 3152 3520 3207 illo

265 3264 437 3304 ream.
486 3246 543 3301 ιιι
575 3249 717 3303 enim
758 3248 996 3301 indicare
1036 3245 1204 3315 possit
1234 3256 1389 3299 cauta
1436 3253 1491 3299 et
1520 3242 1745 3299 obscura
1778 3246 1841 3299 de

264 3343 645 3412 persecutione
689 3339 939 3409 loquendi
985 3339 1143 3392 ratio.
1190 3338 1479 3405 Contparat
1512 3337 1654 3390 enim
1688 3335 1841 3389 Basi-

264 3432 367 3486 lius
411 3430 666 3486 Ecclesia:
704 3430 842 3482 tnala
887 3444 1008 3482 cum
1056 3428 1338 3495 naufragio
1385 3427 1575 3495 partim
1617 3428 1684 3477 ob
1714 3441 1843 3479 can-

265 3538 380 3579 sam
408 3532 691 3577 externam
720 3534 869 3572 mare
907 3520 1267 3587 exagitantem
1299 3525 1523 3581 exorto,
1556 3516 1749 3587 partim
1774 3515 1843 3569 ob

265 3614 640 3685 navigantium
687 3613 789 3665 sibi
842 3612 1068 3665 invicem
1108 3610 1439 3663 obSIantiom
1478 3610 1844 3679 perturbatio-

266 3723 413 3762 nem.
448 3706 585 3761 Tum
624 3704 767 3759 addit
802 3717 863 3759 se
906 3703 956 3755 in
997 3701 1095 3754 hac
1139 3700 1489 3754 similitudine
1524 3713 1835 3755 sermonem

264 3800 612 3866 concludere,
666 3812 787 3850 cum
823 3809 919 3849 nec
948 3792 1230 3847 Athanasii
1276 3791 1559 3861 prudentia
1610 3790 1840 3856 amplius

263 3894 561 3963 quidquam
594 3890 865 3957 requirat,
913 3899 1013 3938 nec
1070 3898 1250 3936 rerum
1296 3890 1469 3935 status
1502 3881 1592 3935 det
1634 3880 1842 3934 dicendi

264 3986 597 4039 libertatem.
627 3981 874 4034 Nondum
895 3983 1045 4029 certe
1068 3975 1301 4027 redierat
1320 3974 1484 4027 ltoma
1506 3971 1838 4035 Dorotlteus;

266 4079 359 4133 sed
410 4076 563 4129 brevi
612 4087 733 4127 eum
786 4070 1083 4125 rediturum
1140 4068 1399 4136 sperabat
1450 4064 1704 4129 Basilius,
1752 4063 1842 4129 qui

267 4169 626 4226 Athanasium
661 4176 829 4234 rogat,
860 4172 919 4216 ut
946 4161 1159 4217 litteras
1188 4160 1290 4215 sibi
1320 4160 1385 4213 ad
1412 4160 1694 4229 episcopos
1720 4156 1843 4210 mit-

267 4273 346 4320 tat
381 4264 465 4316 vel
504 4276 599 4331 per
644 4259 877 4328 aliquem
923 4272 954 4310 e
1001 4255 1143 4309 clero
1185 4253 1580 4317 Alexandrino,
1627 4252 1706 4305 vel
1748 4265 1843 4319 per

267 4358 597 4415 Dorotbeum
648 4355 954 4409 diaconum.
1025 4348 1177 4402 Hanc
1236 4358 1413 4401 tamen
1466 4344 1841 4399 Tillemontius

267 4450 549 4521 epistolam
586 4461 725 4502 anno
757 4446 853 4500 571
901 4443 1159 4512 scriptam
1203 4448 1378 4510 putat,
1415 4448 1702 4506 antequam
1734 4434 1841 4487 Do-

268 4518 490 4599 rotbeus
526 4556 592 4595 ex
629 4539 805 4609 primo
838 4538 1031 4592 itinere
1054 4533 1433 4588 Alexandriam
1486 4538 1738 4598 suscepto
1786 4527 1839 4581 in
1873 4518 1917 4573 D

269 4633 667 4707 Cappadociam
702 4633 976 4685 rediisset.
1011 4626 1115 4682 Sed
1156 4630 1220 4681 ad
1251 4641 1313 4681 ea
1345 4640 1463 4695 quae
1495 4623 1838 4693 praasentiam

265 4727 512 4782 Valentis
550 4732 644 4779 aut
693 4724 885 4777 saltem
937 4720 1242 4789 graviorem
1290 4718 1717 4789 persecutionem
1760 4716 1843 4767 in-

265 4822 447 4876 dicare
500 4817 742 4888 possint,
796 4816 925 4870 illud
988 4813 1152 4868 etiam
1206 4811 1451 4872 accedit.
1502 4810 1643 4879 quod
1686 4807 1843 4861 Basi-

268 4914 369 4968 lius
396 4914 449 4966 in
482 4914 583 4965 hac
612 4908 863 4980 epistola,
892 4917 948 4960 ttt
969 4908 1079 4977 jam
1107 4904 1537 4967 observavimus,
1577 4914 1835 4956 consecu-

268 5016 379 5061 tum
413 5020 473 5059 se
500 5018 623 5058 esse
664 5003 876 5058 nuntiet
910 5001 960 5055 id
988 5000 1131 5068 quod
1166 5000 1218 5055 in
1257 4996 1484 5068 epistola
1519 5010 1662 5049 anno
1708 5010 1837 5062 prae-

267 5100 427 5156 terito
460 5097 661 5166 scripta
700 5095 938 5149 futurum
982 5092 1269 5161 sperabat,
1298 5099 1358 5144 ut
1382 5103 1570 5143 omnes
1597 5086 1838 5141 Athana-

267 5193 331 5248 sii
354 5190 562 5261 judicio
609 5186 957 5259 pacificanda:
986 5184 1238 5239 Ecclesia:
1277 5183 1493 5237 modum
1535 5180 1842 5235 committe-

268 5295 408 5342 rent.
463 5282 733 5337 Prazterea
770 5280 894 5334 huic
913 5278 1097 5333 Basilii
1132 5276 1371 5345 epistola:
1406 5288 1722 5345 responsum
1756 5270 1841 5323 af-

268 5380 403 5435 feret
441 5377 616 5431 Roma
667 5373 883 5428 rediens
926 5370 1265 5435 Dorotbeus,
1318 5378 1378 5421 ut
1426 5367 1586 5420 modo
1632 5363 1842 5419 videbi-

268 5488 422 5619 m‘iil:
456 5561 685 5619 Plurimi
717 5560 966 5622 interest,
998 5558 1118 5627 quis
1141 5555 1538 5627 Cappadociam
1574 5554 1674 5609 hoc
1698 5565 1844 5603 anno

336 5796 411 5869 (α)
451 5796 551 5866 εν.
589 5792 657 5847 82

506 5888 779 5947 ΡΑτιιοι..
829 5884 945 5944 Gtt.
996 5879 1236 5943 XXIX.

1944 3240 2173 3306 prteside
2224 3238 2483 3307 dignitate
2542 3240 2771 3309 spoliato
2831 3250 3059 3295 testatur
3115 3243 3167 3295 in
3229 3244 3388 3312 epist.
3428 3243 3521 3311 9n,

1942 3347 2064 3385 cum
2095 3346 2218 3383 eum
2253 3332 2562 3388 elaborasse
2594 3343 2841 3398 teSIatur,
2876 3343 2938 3388 ut
2972 3350 3050 3388 res
3087 3334 3515 3390 Christianorum

1942 3428 2010 3477 ad
2049 3424 2317 3492 antiquum
2358 3426 2516 3479 decus
2569 3436 2851 3490 revocaret,
2905 3426 2958 3479 id
3011 3436 3113 3491 est,
3165 3436 3222 3480 ut
3270 3428 3517 3482 luere-sim

1943 3530 2210 3574 everteret
2252 3532 2307 3571 et
2352 3536 2536 3586 pacem
2571 3521 2713 3573 inter
2748 3519 3053 3573 Catholieos
3089 3520 3379 3574 stabiliret.
3424 3520 3519 3575 llis

1942 3613 2087 3666 enim
2136 3613 2292 3665 rebus
2342 3613 2618 3677 antiquum
2648 3610 2902 3664 Ecclesiae
2954 3612 3117 3662 decus
3158 3610 3335 3661 metiri
3389 3609 3527 3664 solet.

1944 3702 2197 3766 Basilius,
2247 3710 2307 3753 ut
2338 3702 2662 3770 perspicitur
2689 3718 2755 3755 ex
2789 3707 2949 3785 epist.
2974 3701 3064 3755 9‘2.
3100 3700 3367 3756 Praeterea
3394 3717 3528 3771 pra:-

1944 3802 2037 3843 ses
2070 3788 2159 3842 ille
2181 3827 2197 3851 ,
2232 3788 2315 3840 cui
2365 3788 2617 3856 abrogata
2650 3787 2887 3857 dignitas
2927 3804 3110 3842 mense
3140 3790 3280 3841 Maio
3310 3801 3405 3843 aut
3432 3788 3529 3845 Ju-

1946 3881 2037 3935 nio
2084 3878 2239 3946 hujus
2267 3880 2393 3933 anni
2425 3879 2550 3946 372,
2588 3879 2985 3950 Cappadociam
3017 3881 3343 3938 brevissimo
3388 3887 3529 3941 rexit

1945 3983 2206 4043 tempore,
2245 3988 2343 4027 nec
2369 3988 2487 4027 eam
2532 3974 2667 4028 alius
2693 3983 2817 4027 ante
2848 3974 2997 4028 illum
3035 3986 3252 4030 rexerat
3274 4017 3289 4037 ,
3321 3992 3386 4031 ex
3415 3993 3529 4045 quo

1945 4075 2023 4122 tot
2064 4067 2217 4120 malis
2249 4075 2304 4120 et
2350 4067 2613 4121 aerumnis
2652 4062 2855 4120 amicta
2886 4077 3023 4119 erat.
3069 4066 3220 4121 Unde
3250 4068 3527 4127 Basilius:

1946 4158 2130 4213 Patria
2162 4168 2343 4213 nostra
2396 4174 2486 4225 per
2518 4160 2781 4213 somnium
2809 4158 2981 4213 ditata
3011 4172 3121 4225 est,
3172 4164 3281 4215 uiro
3324 4166 3529 4233 quidem

1942 4252 2241 4314 commissa,
2282 4250 2488 4321 qualem
2522 4268 2624 4305 non
2673 4252 2835 4305 alium
2870 4254 3050 4305 dicunt
3088 4255 3177 4322 qui
3214 4272 3293 4309 res
3330 4269 3529 4313 nostris

1942 4344 2337 4413 antiquissimos
2384 4345 2577 4411 sciunt,
2613 4346 2667 4398 in
2698 4348 2913 4401 rectoris
2950 4350 3121 4403 sedem
3149 4353 3526 4416 conscendisse,

1944 4442 2033 4492 sed
2064 4442 2168 4493 cito
2198 4455 2257 4493 eo
2288 4440 2495 4508 privata
2533 4440 2864 4509 improbitate
2896 4444 3298 4510 nonnullorum,
3340 4449 3431 4517 qui
3464 4464 3530 4501 ea:

1947 4532 2088 4585 illius
2117 4532 2277 4585 libero
2307 4540 2356 4586 et
2390 4536 2562 4586 nescio
2592 4536 2959 4589 ostentationis
2996 4537 3170 4589 animo
3201 4554 3383 4590 ansam
3410 4539 3528 4591 belli

1948 4622 1996 4675 ei
2028 4622 2287 4691 inferendi
2312 4626 2645 4691 arripuerunt
2678 4634 2725 4677 et
2746 4626 3038 4678 calumnias
3067 4630 3112 4677 ei
3138 4626 3520 4684 instruxerunt.

1949 4712 2015 4768 Et
2041 4724 2222 4783 postea
2251 4733 2265 4770 :
2301 4714 2430 4780 Qua:
2454 4732 2516 4769 ne
2536 4716 2714 4770 multis
2737 4716 2946 4787 quidem
2972 4717 3125 4770 annis
3147 4717 3212 4775 ab
3235 4720 3341 4771 alio
3367 4721 3522 4787 ﬁam,

1951 4806 2062 4859 lucc
2091 4806 2227 4860 brevi
2257 4817 2481 4876 tempore
2507 4807 2571 4860 ab
2603 4824 2660 4862 eo
2694 4808 2945 4877 perfecta.
3001 4806 3047 4863 ls
3074 4824 3201 4879 ergo
3236 4810 3371 4866 alius
3403 4828 3527 4871 esse

1952 4916 2057 4955 non
2091 4908 2287 4969 potest,
2322 4915 2484 4968 quam
2518 4900 2685 4963 Elias,
2714 4900 2804 4971 qui
2836 4900 3227 4971 Cappadociam
3254 4905 3523 4960 molestis-

1950 4993 2088 5047 simo
2115 4992 2396 5046 divisionis
2428 5002 2670 5060 tempore
2706 4994 2993 5063 regendam
3044 4998 3327 5065 suscepit;
3366 4998 3525 5067 idque

1952 5084 2299 5145 conﬁrmant,
2336 5099 2453 5151 qua:
2491 5085 2557 5139 de
2589 5086 2797 5140 duobus
2836 5088 2955 5139 aliis
3007 5087 3329 5157 presidibus
3374 5089 3529 5145 dice-

1950 5191 2094 5241 mus,
2127 5174 2364 5229 Masinto
2402 5186 2455 5229 et
2481 5174 2785 5246 Antipatro,
2818 5193 3047 5247 quorum
3082 5180 3219 5234 alter
3254 5183 3356 5235 hoc
3381 5197 3530 5237 anno

1951 5272 2095 5325 circa
2121 5270 2340 5325 Junium
2369 5286 2627 5333 mensem,
2662 5271 2800 5325 alter
2848 5288 2990 5327 anno
3026 5274 3132 5328 575
3167 5276 3315 5329 circa
3338 5277 3527 5346 Augu-

1952 5373 2094 5417 stum
2123 5377 2361 5416 mensem
2396 5362 2754 5432 gubernacula
2792 5364 3146 5435 Cappadociae
3186 5370 3353 5439 cepit.
3396 5369 3526 5424 Plu-

1951 5455 2100 5509 ribus
2130 5455 2250 5508 aliis
2297 5453 2546 5508 laudibus
2584 5455 2757 5508 virum
2797 5468 3023 5511 exornat
3066 5458 3325 5522 Basilius;
3379 5460 3527 5515 solus

1952 5562 2069 5601 esse
2092 5548 2392 5611 videbatur,
2420 5548 2509 5616 qui
2534 5548 2827 5619 provincia;
2853 5550 3073 5605 vulnera
3101 5567 3295 5608 sanare
3318 5562 3527 5623 posset,

2031 5777 2105 5849 to)
2142 5777 2236 5847 Ep.
2268 5776 2353 5841 7t,
2396 5776 2482 5830 75.
