4038 6466
483 398 681 441 nant
1849 375 2376 433 PROLFLGOMENA.

486 507 731 559 sincerus
760 515 895 569 mqu.
931 509 1132 558 custos.
1158 495 1394 551 aﬂ‘abilis
1425 498 1672 567 injuriam
1705 499 2049 562 patientibus,
2083 503 2127 555 Α
2159 496 2314 549 facile
2342 509 2608 549 summum
2651 493 2800 548 illum
2833 492 3029 556 virum,
3067 493 3258 558 Eliam,
3307 503 3590 562 agnosces,
3633 491 3728 560 qui

487 596 746 652 terribilis
791 592 1251 658 delinquentibus,
1283 590 1563 658 aequabilis
1604 600 1656 645 et
1691 590 1829 644 idem
1865 605 2056 661 paupc-
2161 604 2318 656 supra
2355 588 2537 642 Basilii
2573 586 2822 653 penicillo
2860 586 3102 656 depictus
3129 597 3234 638 est.

491 692 640 746 ribus
681 695 733 741 et
781 685 1055 739 divitibus.
1112 683 1262 748 Quod
1308 693 1488 736 autem
1543 699 1569 737 a
1608 684 1918 737 muneribus
1944 697 2059 733 om-
2233 679 2403 731 Tanta
2452 689 2567 733 erat
2606 678 2690 732 his
2741 678 3077 746 temporibus
3125 676 3405 731 calamitas
3449 672 3728 744 Cappado-

491 785 635 836 ninm
667 777 900 832 maxime
944 774 1296 838 abhorrebat,
1346 775 1395 829 id
1448 785 1505 829 ut
1555 775 1722 828 levius
1755 775 1962 828 caeteris
1994 773 2055 825 il-
2163 778 2278 841 ciae,
2317 782 2373 826 nt
2403 790 2506 827 una
2547 788 2641 826 vox
2675 771 2876 839 ubique
2911 773 3224 828 audiretur.
3272 778 3586 820 exacturum
3615 803 3632 828 ,
3675 769 3733 815 et

491 873 592 927 lius
644 868 927 922 virtutibus
987 867 1512 932 przntermittendum
1569 866 1866 918 videbatur.
1928 864 2058 917 (ium
2163 881 2346 920 eorum
2383 882 2410 917 a
2441 867 2636 934 quibus
2663 863 2980 932 exigebatur
3009 905 3023 927 ,
3070 863 3268 932 quique
3304 856 3530 925 ﬂagellis
3561 854 3737 910 emde-

491 963 741 1018 eximiam
778 961 905 1015 Elite
933 957 1159 1030 efﬁgiem
1211 960 1293 1012 his
1338 958 1607 1013 Color-ibus
1657 958 1922 1027 depictam
1969 959 2061 1011 ha-
2166 959 2385 1022 bantur,
2422 967 2479 1010 ut
2516 966 2751 1012 testatur
2785 953 3014 1007 Basilius
3047 953 3098 1006 in
3131 952 3289 1021 epist.
3320 946 3411 1006 74.
3450 964 3503 999 n.
3533 948 3585 999 5.
3636 943 3735 1000 Vi-

490 1059 733 1120 beamns,
772 1055 985 1109 facilius
1014 1052 1264 1107 nonnulla
1294 1052 1360 1106 ad
1390 1069 1511 1107 eum
1541 1051 1863 1122 pertinentia
1907 1052 2059 1105 dein-
2165 1055 2322 1108 detur
2371 1050 2656 1106 molestum
2707 1046 2838 1104 illud
2877 1056 3091 1112 tempus
3142 1055 3364 1113 pravam
3419 1038 3558 1090 hanc
3609 1051 3738 1092 con-

490 1162 617 1214 CePS
644 1146 1040 1214 dignoscemus.
2166 1144 2501 1199 suetudinem
2546 1141 2823 1195 induxisse
2856 1136 2938 1191 vcl
2975 1133 3164 1188 saltem
3197 1131 3436 1191 auxisse,
3465 1134 3522 1178 ut
3554 1124 3739 1181 rustici

562 1237 649 1292 IV.
684 1238 784 1291 Tot
813 1253 873 1290 ac
904 1245 1049 1289 tanta
1086 1236 1342 1288 virtutum
1372 1241 1692 1290 ornamenta
1732 1233 1938 1287 animos
1969 1231 2060 1285 ad-

2165 1239 2232 1292 οι)
2268 1235 2546 1306 vectigalia
2584 1249 2635 1286 tn
2674 1230 3052 1302 jusjurandum
3079 1224 3441 1293 adigerentur.
3496 1215 3610 1269 Non
3646 1219 3740 1271 de-

493 1334 744 1387 (Ῑῖιιετυηι
772 1329 991 1395 Basilio,
1023 1339 1102 1395 ιιι,
1137 1344 1256 1382 Cm"
1287 1327 1354 1380 ³1)
1397 1329 1513 1397 ίνεο
1544 1328 1810 1396 Ρναθδίάθν
1843 1335 1952 1377 ῑυιη
1997 1324 2062 1376 ab
2167 1332 2376 1386 sinebat
2403 1327 2631 1384 Basilius
2683 1326 2735 1378 in
2786 1324 2930 1377 omni
2985 1327 3251 1375 conventu
3305 1324 3358 1369 ct
3409 1317 3460 1367 in
3513 1307 3741 1380 privatis

495 1425 580 1487 iis,
633 1423 722 1491 qui
757 1425 857 1476 sub
905 1422 1020 1489 ipso
1056 1421 1290 1488 aliquam
1327 1419 1812 1473 administrationis
1857 1427 2062 1486 partem
2168 1424 2448 1493 colloquiis
2471 1422 2572 1475 hoc
2610 1417 2797 1472 vitium
2833 1414 3133 1476 inscctari;
3175 1407 3268 1462 sed
3320 1407 3537 1461 tandem
3581 1415 3643 1456 ea
3672 1399 3741 1454 de

491 1514 789 1584 serebant.
841 1513 1004 1565 "Nlla
1052 1521 1255 1578 ιιειθτει
1280 1552 1294 1574 ν
1329 1526 1393 1563 οε
1440 1511 1607 1566 “bere
1640 1514 1982 1572 θιιιηοηοτεῑς
2019 1510 2062 1562 Si
2170 1532 2228 1571 re
2260 1513 2606 1571 scribendum
2646 1525 2765 1564 esse
2817 1507 2967 1562 duxit
3007 1507 3072 1558 ad
3121 1501 3444 1559 censitorem
3476 1498 3563 1569 (ad
3600 1497 3742 1549 hunc

493 1609 620 1678 quid
662 1608 773 1662 fieri
814 1604 1024 1658 videret
1065 1619 1171 1657 non
1205 1605 1418 1658 decore.
1467 1602 1604 1659 Hinc
1634 1606 1953 1659 censitorem
1989 1600 2064 1672 (τι)
2168 1609 2312 1665 enim
2359 1609 2556 1676 scripia
2597 1602 2810 1656 videtur
2851 1600 2966 1653 tunc
3020 1597 3243 1665 cpistola
3279 1592 3346 1648 35
3390 1589 3742 1657 inscriptione

494 1700 777 1760 hortatur,
835 1711 993 1766 quem
1051 1696 1189 1749 fama
1239 1696 1409 1766 magis
1462 1713 1621 1767 quam
1679 1695 2068 1750 consuetudine
2170 1702 2441 1772 carens),
2490 1699 2575 1754 cui
2633 1697 2974 1751 demonstrat
3049 1691 3149 1743 hoc
3211 1682 3587 1756 jusjurandum
3643 1692 3744 1732 nec

494 1801 739 1856 noverat,
767 1802 845 1856 ut,
865 1805 987 1844 cum
1016 1788 1278 1856 ejusmodi
1308 1804 1504 1843 munus
1534 1789 1847 1856 susceperit,
1882 1787 1931 1839 in
1962 1803 2068 1856 quo

2171 1795 2521 1863 vectigalibus
2545 1790 2802 1861 prodesse
2830 1797 2884 1841 et
2911 1783 3276 1840 certissimam
3309 1775 3604 1844 perniciem
3628 1773 3741 1824 ani-

497 1885 897 1956 Cappadociam
928 1882 1148 1936 omnino
1180 1879 1294 1934 solo
1325 1890 1592 1950 arquatum
1625 1880 1928 1934 instaurare
1955 1895 2070 1949 pos
2103 1851 2143 1904 Β
2174 1851 2360 1940 ηιῃδιῖε
2397 1851 2616 1938 inici-ie.

496 1985 584 2047 sit,
641 1981 959 2035 miserorum
1008 1991 1278 2031 :erumnas
1320 1978 1547 2038 allevet',
1601 1976 1756 2045 eique
1788 1992 2068 2031 commen-
2238 1976 2367 2029 Erat
2398 1973 2698 2027 Dorotlieus
2731 1970 3034 2039 presbyter,
3067 1971 3124 2018 ut
3151 1975 3315 2029 supra
3352 1959 3605 2019 vidimus,
3642 1952 3745 2006 Ba-

495 2076 588 2128 dat
621 2087 772 2126 suam
805 2070 1091 2140 quamdam
1136 2069 1564 2138 possessionem,
1593 2083 1712 2136 quae
1750 2071 1890 2123 circa
1927 2070 2069 2124 Cha-
2173 2069 2275 2122 silii
2326 2067 2687 2122 collactancus
2726 2083 2739 2117 :
2773 2061 2858 2116 cui
2910 2075 3029 2113 cum
3087 2056 3436 2114 frumentum,
3485 2048 3625 2119 quod
3678 2042 3745 2097 ad

499 2180 782 2219 manenem
809 2163 915 2216 sita
946 2162 1164 2216 tribulis
1194 2159 1544 2229 premebatur
1581 2178 1595 2214 :
1636 2175 1786 2214 suam
1819 2172 2069 2230 peracute
2175 2158 2538 2212 necessarium
2568 2153 2689 2208 vita:
2727 2167 2881 2206 usum
2916 2147 3168 2209 habebat,
3209 2141 3427 2210 quidam
3459 2141 3508 2192 in
3541 2133 3746 2190 Berisia

497 2272 719 2323 vocans,
755 2271 870 2326 quae
896 2265 1012 2309 erat
1045 2254 1200 2304 unius
1227 2266 1291 2305 ex
1321 2251 1534 2306 amicis.
1571 2252 1784 2321 Scripta
1816 2228 1928 2308 hare
1954 2254 2066 2321 epi-
2175 2249 2541 2317 diripuissent,
2590 2255 2742 2316 rogat
2770 2241 2995 2296 Basilius
3022 2235 3094 2306 (b)
3128 2232 3471 2305 praepositum
3506 2228 3650 2297 pagi,
3683 2233 3743 2278 ut

498 2349 632 2403 stola
664 2364 767 2402 non
809 2346 979 2400 multo
1009 2353 1129 2414 post
1153 2342 1474 2398 divisionem
1504 2343 1874 2412 Cappadociae,
1910 2360 2066 2412 quam
2177 2341 2303 2394 illud
2352 2341 2635 2393 restituere
2663 2344 2958 2404 cogantur,
2991 2343 3091 2384 nec
3126 2327 3204 2381 eis
3258 2323 3416 2377 liceat
3440 2320 3652 2387 culpam
3688 2318 3742 2370 in

495 2439 760 2502 Basilius,
808 2445 867 2489 ut
916 2434 1122 2489 recenti
1166 2435 1346 2490 adhuc
1382 2435 1605 2487 vulnere
1635 2477 1648 2500 ,
1703 2435 1910 2487 omnino
1957 2433 2068 2487 solo
2175 2432 2310 2484 alios
2340 2431 2584 2497 rejicere.

497 2541 759 2604 minatum
789 2529 1084 2584 existiiuat.
2244 2520 2524 2575 Manifesta
2560 2527 2642 2573 est
2681 2517 2923 2587 epistola:
2973 2507 3317 2582 octogesima:
3361 2511 3526 2560 sexta:
3556 2511 3747 2554 neces-

572 2624 841 2694 Scriptam
867 2622 1134 2675 credimus
1157 2619 1221 2669 ad
1244 2617 1409 2670 Eliam
1433 2617 1713 2686 epistolam
1738 2626 2068 2687 sequentem.
2174 2615 2353 2670 situdo
2399 2627 2519 2666 cum
2549 2610 2876 2680 octogesima
2922 2607 3148 2673 septima
3177 2643 3191 2668 ,
3235 2615 3355 2671 qua:
3399 2608 3451 2652 et
3493 2597 3545 2649 in
3597 2591 3747 2647 codi-

498 2719 549 2775 ιε
575 2719 904 2789 provinciam
945 2715 1016 2765 ita
1060 2709 1308 2765 afﬂictam
1345 2720 1399 2766 et
1449 2709 1802 2764 deformatam
1847 2726 2070 2780 aceepe-
2175 2710 2327 2764 cibus
2377 2706 2659 2763 l-larlreano
2710 2711 2765 2756 et
2808 2699 3069 2755 Vaticano
3117 2705 3172 2749 et
3221 2694 3463 2762 pluribus
3511 2687 3633 2742 aliis
3673 2684 3752 2738 al-

497 2819 613 2874 rat,
644 2818 720 2874 ut,
755 2807 1000 2876 quamvis
1042 2821 1232 2861 omnes
1278 2821 1404 2860 suas
1449 2806 1802 2877 cogitationes
1843 2807 1908 2860 ad
1955 2822 2072 2860 eam
2177 2811 2346 2855 teram
2397 2797 2646 2868 sequitur
2687 2808 2810 2849 cum
2870 2790 2974 2844 hac
3014 2785 3411 2853 inscriptione,
3456 2782 3597 2848 ὑπὲρ
3642 2775 3753 2828 τῶν

497 2902 880 2958 sublevandam
918 2899 1188 2960 incitaret,
1222 2898 1476 2950 nonnulla
1524 2908 1701 2951 tamen
1744 2898 1949 2950 faceret
1995 2900 2075 2951 in-
2176 2894 2354 2946 αὐτῶν
2383 2933 2397 2957 ,
2440 2894 2504 2945 de
2537 2890 2721 2942 iisdem
2761 2885 2955 2947 rebus;
3008 2890 3062 2934 et
3104 2892 3288 2932 revera
3335 2875 3397 2928 de
3424 2871 3612 2926 eodem
3645 2867 3755 2937 agit

497 2998 664 3060 vitus,
707 3004 800 3049 aut
843 2994 957 3049 fieri
1005 2993 1241 3054 sineret,
1283 2990 1450 3060 ipsius
1508 2991 1828 3044 humanitati
1883 3005 2072 3057 parum
2177 2985 2526 3053 presbytero,
2555 2980 2647 3048 qui
2681 2974 2825 3045 quod
2873 2972 3090 3025 unicum
3127 2966 3362 3022 habebat
3395 2965 3516 3017 vita:
3550 2968 3760 3015 susten-

500 3088 878 3158 εοηὲνυεηιῖθο
911 3087 1108 3142 Senem
1140 3082 1426 3154 quemdam
1455 3097 1577 3136 cum
1607 3082 1841 3149 diploma
1869 3082 2072 3152 regium
2177 3076 2352 3128 tandzc
2391 3069 2720 3142 przesidium,
2757 3079 2822 3119 eo
2856 3061 3118 3132 spoliatus
3156 3069 3257 3115 est.
3290 3056 3470 3124 Quare
3500 3067 3623 3107 cum
3653 3048 3759 3100 Ba-

498 3180 729 3249 publicis
754 3179 1066 3233 muneribus
1087 3183 1387 3238 exemerat,
1433 3185 1542 3229 tum
1585 3175 1697 3244 ipsa
1737 3182 1862 3228 ante
1898 3190 2074 3245 regem
2105 3185 2150 3248 ς
2180 3167 2332 3221 silius
2363 3167 2506 3220 dicat
2537 3164 2588 3218 in
2625 3157 2852 3231 epistola
2897 3157 3224 3227 octogesima
3264 3152 3488 3219 septima
3523 3160 3580 3200 se
3617 3144 3757 3198 scri-

501 3281 751 3326 senectus
797 3271 1191 3323 immunitatem
1235 3267 1478 3320 dederat.
1512 3267 1836 3320 Beuelicium
1871 3234 2076 3336 regium
2110 3234 2150 3248 υ
2182 3261 2351 3327 psisse
2381 3257 2446 3309 ad
2483 3255 2829 3326 praepositum
2886 3249 3110 3320 patriae,
3165 3245 3288 3298 inde
3331 3239 3630 3310 colligimus
3688 3234 3755 3288 ad

500 3364 917 3420 conlirtnaverat
941 3376 1165 3432 praeses,
1209 3358 1304 3413 sed
1356 3371 1478 3412 eum
1519 3371 1707 3410 rursus
1750 3358 1854 3409 alia
1890 3360 1973 3410 via
2027 3359 2077 3412 in
2182 3349 2325 3403 hunc
2355 3350 2696 3417 praepositum
2731 3345 2996 3415 scriptam
3033 3353 3155 3394 esse
3184 3334 3466 3406 epistolam
3491 3327 3761 3399 octogesi-

502 3456 716 3525 negotia
750 3464 1116 3524 protraxerat,
1157 3451 1298 3505 illius
1334 3458 1550 3520 nepote,
1587 3446 1677 3513 qui
1711 3447 1946 3500 nondum
1978 3461 2078 3499 an-
2182 3458 2324 3495 mam
2354 3451 2585 3504 sextam,
2609 3449 2663 3494 et
2696 3438 3025 3493 Dorothenm
3059 3430 3161 3486 loci
3195 3429 3364 3492 illius,
3417 3439 3574 3494 quem
3610 3418 3765 3474 Basi-

499 3562 595 3601 nos
628 3557 861 3615 quatuor
892 3555 1050 3598 natus
1084 3555 1199 3597 erat
1222 3582 1238 3606 ,
1290 3541 1455 3597 curia:
1497 3539 1735 3594 addicto.
1788 3535 1920 3589 Nam
1957 3551 2075 3590 cum
2181 3531 2285 3583 lius
2321 3531 2554 3597 patriam
2591 3527 2842 3596 appellat,
2879 3523 3256 3596 presbyterum
3293 3516 3481 3570 fuisse.

502 3637 762 3705 puerulus
807 3636 947 3690 inter
970 3635 1199 3689 curiales
1232 3632 1500 3687 recenseri
1549 3644 1656 3686 non
1710 3638 1926 3699 posset,
1981 3641 2080 3680 nec
2259 3618 2554 3685 Utramque
2581 3624 2756 3668 autem
2793 3615 3081 3683 epistolam
3116 3612 3182 3665 ad
3215 3612 3356 3662 hunc
3384 3618 3583 3659 annum
3622 3598 3765 3653 refe-

503 3731 701 3784 trihuta
731 3730 993 3796 colligere
1017 3771 1032 3792 ,
1081 3737 1174 3780 aut
1212 3727 1471 3780 militibus
1517 3738 1787 3777 annonam
1823 3720 2078 3790 suppedi-
2186 3716 2375 3778 rimus,
2409 3709 2532 3780 quia
2561 3706 2887 3775 octogesima
2919 3703 3153 3773 septima
3187 3700 3253 3752 ad
3283 3697 3566 3767 przcsidem
3592 3691 3766 3744 Eliam

503 3834 659 3889 :are;
690 3837 912 3876 necesse
957 3829 1072 3873 erat
1125 3819 1306 3871 miseri
1349 3818 1500 3871 senis
1548 3816 1804 3870 canitiem
1848 3789 2080 3867 dedeco-
2185 3809 2394 3862 videtur
2426 3803 2642 3871 scripta.
2692 3799 2905 3855 Laudat
2937 3797 3173 3851 Basilius
3218 3792 3270 3844 in
3315 3789 3468 3854 Elia,
3504 3796 3562 3840 ut
3604 3798 3769 3852 supra

504 3915 647 3977 rari,
688 3923 743 3967 et
770 3912 911 3980 quod
951 3911 1188 3965 solamen
1231 3908 1485 3962 orbitatis
1532 3920 1652 3959 esse
1701 3906 1984 3967 debuerat,
2030 3904 2082 3956 id
2189 3899 2439 3960 vidimus,
2479 3909 2746 3949 summam
2783 3893 2838 3946 in
2879 3891 3001 3961 jure
3028 3883 3388 3943 de‘scribendo
3421 3877 3768 3948 aequabilita-

502 4007 550 4058 ei
581 4006 633 4058 in
657 4003 999 4058 occasionem
1026 3997 1504 4054 innumerabilium
1527 3996 1790 4049 malorum
1814 3993 2079 4050 converti.
2189 4001 2320 4052 tem,
2343 4001 2739 4057 ,magnumque
2779 3984 2904 4039 fidei
2937 3980 3220 4037 catholica:
3274 3984 3331 4030 et
3381 3973 3531 4043 pacis
3589 3969 3775 4024 eccle-

504 4099 693 4168 ltaque
722 4095 972 4160 Basilius,
1023 4096 1114 4164 qui
1159 4107 1445 4148 commune
1495 4089 1796 4161 perfugium
1830 4096 1950 4141 erat
1982 4086 2083 4140 mi-
2185 4080 2418 4136 siasticae
2450 4081 2708 4133 studium.
2766 4077 2945 4142 Quare
2974 4087 3096 4127 cum
3126 4086 3272 4136 eum,
3320 4066 3388 4121 ad
3437 4079 3596 4134 quem
3630 4061 3776 4115 seria

507 4207 776 4254 sororum,
828 4198 883 4242 et
917 4187 1138 4257 parvulo
1173 4195 1229 4240 et
1261 4186 1374 4239 seni
1423 4151 1856 4238 misericordiam
1886 4179 2078 4251 praesi-
2184 4174 2262 4227 bit
2317 4169 2599 4240 epistolam
2625 4167 2715 4228 87.
2748 4180 2851 4218 non
2897 4163 3053 4217 modo
3092 4176 3197 4214 non
3229 4156 3546 4228 permittere
3575 4151 3775 4205 debere

506 4286 589 4337 dis
623 4283 893 4350 implorat.
1886 4243 1904 4251 ’
2183 4267 2341 4332 dicit,
2386 4264 2476 4317 sed
2531 4261 2695 4315 etiam
2737 4259 2864 4311 totis
2914 4255 3121 4308 viribus
3154 4250 3422 4318 impedire
3475 4243 3774 4313 quominus

586 4373 709 4426 llaec
739 4380 917 4424 autem
945 4365 1254 4436 contigisse,
1290 4379 1411 4418 cum
1436 4362 1793 4418 Caesariensis
1825 4362 1958 4416 ordo
1988 4359 2081 4414 ab-
2183 4358 2299 4413 ιιωο
2329 4352 2755 4412 conunittantnr,
2781 4346 3013 4415 maxime
3039 4343 3256 4412 quidem
3295 4339 3346 4392 in
3375 4351 3567 4394 omnes
3595 4331 3776 4387 homi-

509 4465 633 4519 latis
676 4463 947 4535 plerisque
996 4458 1404 4529 magistratibus
1435 4471 1573 4526 pene
1607 4455 1958 4514 concidisset.
1999 4453 2082 4507 vel
2187 4468 2314 4516 nes;
2345 4451 2429 4504 sin
2469 4446 2646 4499 minus
2674 4441 2864 4496 saltem
2892 4445 3081 4493 contra
3110 4436 3478 4504 presbyteros,
3516 4443 3603 4481 eos
3628 4438 3766 4494 pm:—

508 4561 680 4627 ipsum
724 4557 926 4611 clamat
960 4554 1209 4625 praesidis
1245 4551 1471 4616 factum,
1503 4564 1664 4619 quem
1711 4548 1906 4600 talibus
1944 4562 2086 4617 praa-
2120 4536 2161 4589 Ῑ)
2191 4547 2368 4600 sertim
2393 4583 2406 4606 ,
2439 4540 2640 4608 inquit,
2673 4535 2762 4603 qui
2801 4532 2944 4586 nobis
2974 4528 3246 4582 unanimes
3292 4535 3413 4579 sunt
3451 4531 3500 4578 et
3532 4516 3774 4574 eamdem

509 4655 678 4707 ditum
711 4649 949 4705 moribus
973 4687 989 4713 ,
1024 4648 1212 4715 quales
1240 4644 1501 4714 praedicat
1533 4641 1799 4700 Basilius.
1837 4639 1949 4692 sola
1990 4654 2081 4692 ne-
2189 4635 2401 4706 pietati:
2436 4634 2572 4686 ciam
2607 4630 2828 4690 ineunt;
2869 4624 3003 4688 lucc,
3050 4621 3293 4688 inquam,
3324 4631 3445 4672 cum
3478 4612 3628 4678 dicit,
3661 4623 3774 4663 non

509 4744 737 4797 cessitas
771 4755 963 4810 cogere
990 4738 1186 4808 potuit,
1219 4746 1278 4789 ut
1303 4751 1422 4790 cum
1459 4749 1589 4789 sene
1633 4744 1689 4788 et
1723 4734 1865 4787 illius
1894 4742 2089 4801 nepote
2190 4729 2355 4782 alium
2404 4726 2618 4778 videtur
2668 4718 2869 4786 alloqui
2930 4730 3090 4784 quam
3137 4712 3330 4767 Eliam.
3393 4709 3578 4777 Neque
3623 4704 3773 4759 enim

511 4835 699 4888 durius
746 4843 948 4903 ageret.
1009 4832 1210 4885 Deinde
1242 4845 1372 4883 vero
1416 4843 1655 4897 praeses,
1703 4827 1786 4881 cui
1840 4799 2001 4880 senex
2035 4833 2091 4878 et
2194 4821 2357 4874 alium
2390 4818 2652 4871 habemus
2687 4808 3042 4881 Cappadocia:
3081 4805 3389 4876 praesidem,
3429 4799 3570 4870 apud
3602 4811 3773 4868 quem

513 4944 645 4998 puer
677 4927 1128 4982 commendantur
1157 4965 1172 4987 ,
1217 4924 1425 4975 amicus
1476 4929 1595 4974 erat
1640 4918 1864 4993 Basilii,
1914 4925 1974 4970 ut
2023 4931 2088 4970 ex
2197 4915 2312 4968 hmc
2344 4905 2771 4978 reprehendendi
2801 4912 2856 4957 et
2903 4897 3317 4957 commendandi
3353 4895 3492 4949 ratio
3522 4888 3774 4945 adhiberi

513 5023 668 5076 initio
702 5029 756 5073 et
802 5019 904 5072 line
944 5016 1185 5084 epistola:
1226 5027 1406 5083 patet,
1440 5028 1504 5067 ac
1541 5026 1752 5066 summa
1783 4982 1980 5076 iniure
2009 5012 2094 5061 de-
2194 5003 2458 5074 potuerit.
2495 4998 2836 5067 Perspicitur
2871 4994 3036 5047 etiam
3093 5005 3160 5045 ex
3207 4989 3400 5042 iisdem
3445 4985 3625 5040 verbis
3666 4980 3775 5036 alia

516 5112 800 5168 scribendo
831 5119 885 5162 et
920 5108 1258 5163 calamitosis
1301 5105 1554 5173 juvandis
1610 5101 1940 5156 constantia.
1994 5097 2092 5150 Mi-
2193 5095 2312 5148 laus
2338 5093 2491 5156 Elite,
2527 5102 2736 5145 summa
2770 5103 2893 5142 cum
2927 5083 3125 5138 Basilio
3154 5080 3413 5134 amicitia.

517 5206 665 5260 rifice
689 5204 805 5259 hmc
837 5202 1108 5272 quadrant
1161 5215 1282 5253 cum
1328 5200 1500 5253 libero
1529 5196 1659 5250 Elia:
1689 5204 1744 5248 et
1794 5193 1976 5247 nescio
2008 5205 2091 5244 as-
2270 5186 2325 5239 In
2376 5184 2624 5253 sequenti
2678 5179 2906 5250 epistola
2950 5175 3017 5230 88
3065 5173 3220 5226 facile
3267 5169 3578 5241 agnoscitur
3631 5167 3775 5220 idem

516 5299 836 5353 sentatiouis
867 5302 1064 5350 animo.
1095 5294 1306 5361 Quibus
1349 5294 1599 5346 laudibus
1631 5292 1675 5344 si
1711 5289 1879 5342 addas
1906 5285 2088 5340 Basilii
2199 5277 2377 5341 Elias,
2411 5277 2503 5346 qui
2565 5291 2661 5342 pro
2709 5284 2919 5325 summa
2969 5281 3065 5320 sua
3131 5264 3462 5318 humanitate
3516 5264 3780 5314 hactenus

515 5405 724 5454 votum,
751 5393 892 5461 quod
933 5391 1141 5457 prtcsidi
1173 5388 1238 5440 ab
1269 5387 1524 5439 omnibus
1563 5385 1708 5438 illius
1748 5380 2092 5434 administrao
2204 5370 2582 5440 Cappadocum
2611 5367 2867 5419 misertus
2894 5369 3032 5423 erat,
3064 5369 3118 5412 et
3148 5372 3267 5410 cum
3302 5356 3406 5409 illis
3441 5352 3780 5422 indulgenter

519 5487 718 5539 tionem
754 5483 988 5552 expertis
1032 5481 1214 5535 deberi
1252 5479 1401 5541 dicit,
1444 5488 1497 5530 ut
1540 5478 1679 5528 omni
1709 5475 1974 5526 hominum
2007 5487 2095 5538 ge-
2204 5473 2423 5535 egerat,
2458 5476 2715 5530 nusquam
2767 5477 2798 5512 a
2843 5456 2944 5509 leni
2990 5454 3080 5506 illo
3123 5469 3327 5505 morum
3380 5463 3593 5501 suorum
3639 5455 3784 5498 statu

517 5575 626 5629 neri
655 5575 1004 5635 custodiatur,
1039 5571 1376 5639 prwfecturas
1415 5583 1478 5620 ea:
1508 5566 1845 5634 prwfecturis
1883 5578 2087 5632 gerem,
2204 5558 2470 5610 discedens
2522 5557 2583 5606 ob
2628 5561 2817 5604 metum
2862 5563 3081 5610 eorum,
3134 5560 3256 5608 quae
3312 5560 3342 5594 α
3388 5537 3786 5593 sublimioribus

519 5679 564 5720 et
591 5665 722 5718 alios
773 5681 927 5737 atque
963 5667 1090 5718 alios
1140 5680 1236 5717 sua
1279 5659 1740 5715 administratione
1789 5655 2090 5722 adjuvaus;
2201 5647 2542 5721 potestatibus
2570 5643 2924 5698 imminebant.
2960 5639 3199 5707 Tempus
3231 5637 3393 5691 etiam
3425 5631 3628 5686 ootime
3659 5645 3788 5684 con-

583 5847 657 5916 (α)
690 5845 784 5914 Ee-
814 5845 900 5902 85-
2282 5831 2329 5897 b)
2366 5827 2463 5890 Ep.
2495 5826 2581 5881 86.
