4038 6468
1566 397 1727 453 ἮΎΑ
1770 397 1826 453 S.
1861 394 2132 451 BASILII.

3271 411 3490 452 ιιι-ιιγη

222 526 378 597 gruit.
428 522 560 577 Nam
600 522 843 592 plerique
884 520 1295 591 magistratuum
1336 528 1493 573 erant
1537 518 1588 571 in
1630 520 1792 587 agris.
1828 521 1867 577 Α
1903 516 2101 574 nianis.
2158 513 2243 582 qui
2290 528 2353 567 eo
2395 514 2611 567 nomine
2642 520 2861 566 vocatur
2907 513 2959 567 in
3000 511 3224 580 epistola
3266 512 3489 569 Liberii;

226 619 346 673 Hlue
371 619 515 671 enim
547 624 911 678 secesserant,
968 623 1023 666 ut
1054 613 1286 666 vidimus
1323 613 1375 664 in
1423 610 1794 679 Superioribus

223 710 458 779 epistolis
491 710 590 781 (a),
630 709 869 761 animum
899 708 950 759 in
984 715 1059 758 tot
1094 704 1349 758 aerumnis
1378 703 1791 771 despondentes.

224 803 350 857 Cum
382 812 563 857 autem
602 807 1056 869 appropinquaret
1101 807 1344 866 tempus,
1395 797 1535 864 quod
1582 796 1647 848 ad
1687 794 1797 848 sol-

226 895 450 949 vendum
490 908 679 945 aurum
724 889 1160 959 comparatitium
1208 888 1686 955 praestituebatur,
1742 895 1796 938 et

226 984 287 1035 ad
329 984 703 1052 praescriptam
734 995 997 1036 summam
1048 979 1250 1046 aliquid
1300 979 1531 1043 deesset,
1566 977 1797 1031 Basilius

226 1076 528 1128 universam
561 1076 832 1127 civitatem
875 1072 1123 1124 hortatus
1152 1081 1255 1131 est,
1296 1081 1353 1123 ut
1390 1086 1540 1124 suam
1570 1070 1796 1139 quisque

225 1166 515 1235 symbolam
547 1167 716 1219 daret.
766 1163 869 1217 Sed
922 1164 1359 1232 perincommode
1397 1162 1667 1215 ceciderat
1691 1202 1705 1225 ,
1744 1173 1799 1217 ut

227 1258 462 1325 plerique
498 1258 910 1325 magistratuum
940 1254 1073 1307 urbe
1103 1256 1372 1307 abessent.
1408 1254 1586 1319 Quare
1622 1254 1793 1307 Eliam

229 1356 394 1417 rogat,
431 1358 488 1400 ut
520 1348 599 1402 vel
633 1362 896 1400 summam
949 1347 1088 1407 auri,
1120 1345 1295 1413 qualis
1325 1345 1588 1399 hactenus
1618 1347 1795 1416 colligi

226 1452 487 1511 potuerat,
525 1443 573 1493 in
623 1441 913 1493 thesauros
950 1442 1164 1505 mittat;
1193 1438 1458 1507 reliquum
1491 1448 1673 1507 postea
1713 1456 1800 1494 so—

227 1536 388 1589 lutum
421 1535 481 1587 iri
513 1534 830 1600 pollicetur:
867 1534 971 1596 Vel,
1007 1534 1050 1586 si
1087 1543 1252 1585 totum
1280 1546 1499 1585 necesse
1526 1542 1611 1587 est
1638 1533 1800 1608 mitti,

225 1628 294 1680 ita
323 1636 381 1680 ut
424 1611 554 1678 nihil
596 1640 820 1693 prorsus
855 1625 1127 1691 reliquum
1170 1623 1275 1688 sit,
1322 1624 1554 1691 spatium
1589 1641 1800 1687 eorum,

224 1719 308 1786 qui
339 1718 471 1769 urbe
503 1718 750 1781 aberant,
780 1717 1242 1771 adinoueudorum
1269 1716 1553 1769 concedat.
1582 1715 1795 1780 Scripta

224 1823 345 1877 ergo
396 1808 511 1861 haec
560 1809 783 1875 epistola
848 1810 948 1863 hoc
994 1823 1135 1861 anno
1178 1806 1283 1859 57'2
1330 1809 1472 1861 circa
1520 1806 1798 1860 Martium.

226 1900 353 1953 Nam
384 1908 597 1967 tempus
630 1901 747 1954 auri
780 1900 1148 1968 eomparatitii
1178 1900 1463 1970 colligendi
1496 1917 1522 1953 a
1545 1900 1800 1953 Kalendis
1834 1884 1880 1943 Β
1978 1924 2038 1976 ε.
2077 1924 2413 1979 Alhanasius
2438 1924 2546 1991 ille,

224 1994 561 2060 Septembris
594 1994 659 2047 ad
691 1993 807 2046 Kal.
838 1992 1007 2060 April.
1036 1994 1448 2055 exlendebatur,
1484 2002 1540 2045 ut
1583 1992 1633 2045 in
1667 1991 1798 2046 Nota

222 2088 288 2141 ad
321 2087 461 2140 hanc
493 2087 775 2155 epistolam
812 2085 1238 2138 observavimus.

784 2174 1012 2229 CAPUT
1068 2173 1231 2228 XXII.

223 2269 262 2325 ί.
293 2271 357 2325 S.
387 2268 709 2321 Atnanasius
774 2265 1045 2323 respondet
1092 2263 1294 2316 Basilio
1345 2280 1436 2331 per
1484 2262 1802 2317 Dorotlieum

294 2342 461 2393 Roma
494 2346 849 2389 revertentem.
881 2334 1050 2403 Negat
1080 2352 1132 2387 se
1167 2336 1393 2400 priorem
1426 2351 1571 2399 posse
1597 2332 1651 2387 S.
1688 2334 1803 2386 life-

288 2411 415 2463 letio
448 2407 689 2461 scribere.
733 2405 792 2459 ll.
828 2403 1094 2457 Probatur
1119 2406 1462 2455 Athanasium
1498 2406 1667 2465 illum,
1714 2405 1803 2470 qui

289 2497 344 2533 se
384 2497 417 2530 tt
456 2477 665 2529 Melelio
691 2478 802 2529 sine
834 2477 1199 2528 communione
1229 2476 1502 2525 dimissum
1543 2476 1798 2539 queritur,

292 2548 713 2602 Alexandrinum
765 2564 891 2599 esse.
950 2546 1031 2597 Ill.
1068 2544 1358 2595 Dorotlieus
1400 2546 1565 2594 reddit
1598 2542 1803 2595 Basilio

292 2621 495 2672 litteras
536 2616 976 2670 Occidentalium.
1017 2616 1101 2665 IV.
1129 2612 1365 2665 Basilius
1404 2615 1673 2679 respondet
1714 2630 1804 2679 per

293 2686 552 2745 Sabinum
576 2690 874 2739 diaconum.
900 2685 958 2737 γ.
990 2683 1221 2750 Epistola
1246 2687 1534 2735 communis
1564 2684 1805 2737 Orienta-

291 2760 423 2812 lium
463 2760 620 2810 missa
662 2773 752 2821 per
790 2756 1025 2805 eumdem
1059 2752 1334 2806 Sabinum.
1389 2754 1471 2806 Vl.
1498 2753 1806 2809 Consulitur

292 2830 528 2884 Basilius
557 2828 618 2879 de
644 2825 939 2878 domesticis
976 2824 1447 2877 communionibus.

289 2946 332 2999 l.
373 2944 547 3011 Supra
594 2940 824 2993 vidimus
866 2938 1169 3007 episcopos,
1226 2954 1360 3007 quos
1407 2936 1635 2992 Basilius
1683 2953 1803 2992 cum

222 3036 522 3089 Athanasio
572 3030 899 3101 conjungere
943 3032 1173 3092 volebat,
1218 3030 1437 3097 petiisse
1478 3043 1533 3084 ut
1565 3032 1806 3085 Athana-

223 3130 337 3183 sius
375 3127 526 3196 prior
552 3127 617 3179 ad
648 3141 706 3179 se
750 3124 1034 3185 scriberet,
1087 3133 1141 3175 et
1181 3124 1306 3191 quid
1337 3128 1599 3193 agendum
1637 3127 1707 3178 sit
1742 3126 1807 3179 ad

1902 609 2011 663 Sed
2067 619 2241 661 tamen
2282 609 2350 659 ita
2387 607 2514 660 mihi
2544 605 2828 675 quadrare
2878 606 3056 660 omnia
3103 605 3366 666 videntur,
3416 610 3486 658 ita

1902 712 2022 768 apta
2046 717 2163 754 esse
2186 711 2236 753 et
2274 702 2489 762 innexa,
2513 711 2570 752 ut
2593 700 2655 752 ad
2679 700 2839 753 alium
2861 714 3022 769 quam
3055 714 3301 769 magnum
3322 700 3494 753 Atha-

1904 793 2111 846 uasium
2147 792 2335 846 referri
2382 808 2484 844 nou
2517 792 2740 859 possint.

1975 886 2030 936 1ο
2070 884 2213 937 later
2270 884 2573 951 episcopos,
2635 897 2770 949 quos
2825 882 3054 936 Basilius
3112 898 3230 936 cum
3299 899 3493 955 magno

1902 977 2198 1030 Athanasio
2247 976 2573 1043 conjungere
2619 986 2842 1029 conatus
2881 986 2980 1034 est.
3026 978 3293 1047 prmeipua
3354 979 3494 1030 illius

1905 1085 2033 1123 cura
2074 1070 2172 1123 fuit
2197 1079 2413 1123 sanctus
2453 1068 2716 1122 Meletius.
2761 1068 2892 1122 lliuc
2921 1072 3080 1122 etiam
3126 1079 3289 1139 atque
3325 1076 3489 1125 etiam

1905 1162 2041 1231 petit
2062 1161 2113 1214 in
2145 1160 2388 1228 epistolis
2417 1157 2506 1222 66,
2546 1159 2610 1211 67
2636 1169 2688 1211 et
2718 1158 2807 1221 69,
2859 1169 2915 1211 ut
2946 1159 3156 1212 initium
3204 1160 3497 1227 pacifican-

1905 1255 1984 1307 dzn
2018 1252 2273 1307 Ecclesia:
2319 1252 2386 1303 ab
2428 1251 2765 1304 Autioeheua
2811 1250 3050 1305 Ecclesia
3099 1251 3344 1305 ducatur.
3389 1252 3495 1306 llas

1906 1344 2091 1414 procul
2120 1345 2280 1398 dubio
2305 1345 2517 1398 litteras
2551 1344 2773 1407 iudicat,
2802 1360 2927 1398 cum
2965 1344 3040 1398 ait
3075 1346 3291 1400 llleletio
3327 1362 3385 1400 se
3419 1349 3496 1400 ni-

1908 1438 1982 1493 hil
2026 1437 2217 1492 litteris
2260 1438 2372 1492 suis
2411 1451 2747 1505 promovere.
2810 1438 2877 1491 At
2926 1447 2983 1490 tit
3042 1437 3311 1492 Meletiuni
3372 1454 3495 1493 cum

1909 1530 2289 1585 Macedoniano
2359 1530 2536 1597 aliquo
2591 1528 2965 1599 conjungeret,
3028 1546 3135 1583 non
3195 1532 3405 1587 videtur
3445 1534 3495 1587 id

1908 1640 2030 1678 eum
2086 1624 2242 1678 valde
2296 1623 2638 1689 sollicitasse,
2710 1638 2807 1677 nec
2867 1623 2970 1676 ulla
3035 1639 3255 1693 prorsus
3324 1637 3500 1682 evstat

1910 1735 1969 1771 ea
2016 1720 2080 1772 de
2124 1732 2181 1772 re
2216 1717 2460 1786 epistola,
2501 1717 2705 1772 nullum
2740 1718 2882 1772 illius
2921 1718 3120 1772 laboris
3176 1736 3500 1776 monumen-

1915 1820 2048 1865 tum.

2584 1925 2649 1980 de
2683 1940 2791 1995 quo
2826 1930 3065 1994 loquitur
3099 1927 3344 1994 Basilius,
3374 1947 3499 2001 pro-

1910 2032 2108 2085 pensus
2138 2026 2333 2071 eratut
2359 2017 2776 2087 coniungeretur
2812 2033 2930 2071 eum
2966 2019 3213 2084 Meletio;
3247 2025 3340 2076 sed
3365 2025 3499 2080 nihil

1910 2107 1977 2161 ab
2012 2122 2076 2162 eo
2131 2108 2408 2177 impetrari
2460 2118 2696 2178 poterat,
2736 2110 2833 2162 nisi
2865 2109 3110 2165 Meletius
3138 2113 3313 2182 aliqua
3345 2131 3497 2170 com-

1912 2200 2185 2253 munionis
2217 2200 2370 2269 signa
2400 2201 2546 2270 prior
2576 2201 2893 2271 impertiret.
2918 2203 2987 2255 At
3021 2206 3143 2272 quis
3174 2206 3289 2261 haec
3324 2219 3501 2276 postuo

1912 2292 2024 2347 lare
2053 2295 2244 2361 potuit,
2278 2295 2378 2347 uisi
2424 2310 2652 2362 magnus
2674 2295 3022 2362 Athanasius,
3064 2300 3145 2351 eui
3188 2302 3349 2367 paulo
3372 2313 3500 2359 ante

1911 2381 2137 2437 Basilius
2162 2384 2239 2455 (Δ)
2267 2385 2687 2454 significaverat,
2722 2389 3005 2456 episcopos
3029 2402 3209 2459 petere
3239 2401 3295 2443 ut
3322 2392 3495 2447 Atha-

1913 2476 2097 2529 nasius
2130 2478 2196 2528 ad
2228 2489 2321 2528 eos
2352 2478 2496 2544 prior
2529 2479 2829 2532 scriberet?
2861 2480 3177 2535 Necessario
3214 2500 3342 2554 ergo
3366 2502 3499 2540 eon-

1907 2566 2091 2635 junela
2118 2567 2292 2637 magni
2320 2568 2597 2623 Athanasii
2632 2572 2909 2640 responsio
2938 2588 3059 2626 cum
3084 2575 3364 2642 postulatis
3386 2580 3500 2647 cpi-

1914 2674 2224 2728 scoporum.

1983 2772 2041 2825 5°
2081 2772 2321 2839 Querelzn
2351 2773 2655 2839 Athanasii,
2686 2776 2825 2845 quod
2854 2792 2880 2829 a
2913 2775 3124 2833 Meletio
3148 2779 3407 2835 dimissus
3432 2780 3504 2834 sit

1912 2864 2031 2917 sine
2069 2867 2469 2929 communione,
2526 2869 2864 2920 manifestam
2911 2869 3113 2925 habent
3153 2874 3505 2926 necessitudi-

1915 2970 2037 3008 nem
2072 2970 2193 3008 eum
2229 2956 2294 3009 iis
2326 2972 2443 3024 qua:
2472 2955 2743 3011 Meletium
2780 2959 2921 3013 inter
2959 2973 3015 3014 et
3055 2978 3305 3032 maguum
3328 2966 3505 3018 Atha-

1916 3049 2127 3103 nasium
2176 3050 2275 3103 sub
2307 3048 2531 3104 Joviano
2566 3050 3007 3106 intercesserunt.
3062 3054 3193 3108 Rem
3230 3056 3504 3111 illustrant

1919 3142 2034 3196 hinc
2058 3143 2220 3195 verba
2247 3141 2425 3195 Basilii
2455 3144 2507 3196 iu
2531 3144 2755 3211 epistola
2780 3144 2885 3198 258
2914 3147 2978 3199 ad
3005 3146 3379 3215 Epiphaniam,
3414 3152 3503 3204 ubi

223 3220 591 3288 pacificandas
628 3215 898 3269 Ecclesias
923 3224 1239 3283 exponeret.
1264 3216 1491 3270 Basilius
1516 3218 1589 3289 (b)
1620 3234 1805 3272 eorum

1919 3233 1996 3285 sic
2030 3233 2284 3299 loquitur,
2336 3251 2388 3284 ιι.
2424 3235 2457 3287 ὗ
2496 3256 2508 3286 ;
2559 3234 2712 3285 Ἐπεὶ
2750 3235 2844 3286 καὶ
2876 3240 2903 3288 ὁ
2940 3238 3361 3307 μακαριώτατος
3397 3241 3503 3293 πά-

221 3309 490 3381 postulata
529 3306 829 3360 Athanasio
859 3305 1200 3376 signiﬁcavit,
1244 3323 1305 3360 ac
1331 3321 1451 3359 eum
1492 3312 1715 3378 rogavit,
1758 3318 1813 3359 ut

220 3406 323 3461 sibi
364 3408 460 3457 has
494 3402 700 3455 litteras
732 3401 990 3467 mitteret,
1044 3401 1157 3454 sive
1200 3417 1293 3468 per
1330 3401 1563 3470 aliquem
1609 3417 1638 3455 e
1670 3401 1811 3455 clero

219 3496 611 3561 Alexandrino,
643 3496 756 3551 sive
791 3509 889 3562 per
914 3492 1260 3557 Dorotheum,
1295 3509 1453 3562 quem
1500 3495 1809 3547 redeuntem

220 3590 549 3644 Alexandria
584 3588 939 3641 transiturum
964 3587 1188 3640 sciebat.
1225 3586 1371 3640 Satis
1400 3598 1699 3654 opportune
1729 3604 1813 3641 rc-

221 3680 321 3731 diit
366 3678 694 3742 Dorotheus,
730 3686 786 3728 ut
824 3678 872 3730 ei
915 3676 1247 3728 Athanasius
1279 3676 1363 3728 his
1397 3678 1678 3743 postulatis
1724 3694 1810 3731 re-

219 3784 420 3837 sponsa
474 3768 857 3820 committeret.
912 3764 1046 3817 Nam
1098 3766 1347 3831 Basilius,
1398 3782 1463 3821 eo
1494 3769 1813 3824 adveniente

218 3861 550 3923 Ciesaream,
597 3858 813 3925 scripsit
868 3854 926 3910 S.
975 3856 1208 3921 Meletio,
1251 3873 1485 3929 eumque
1529 3862 1593 3915 de
1626 3875 1815 3916 sancto

219 3949 524 4004 Athanasio
545 3950 621 4002 sic
656 3946 944 4017 alloquitur
973 3948 1083 4019 (c):
1119 3948 1240 4001 Jam
1286 3952 1427 4019 quod
1472 3953 1539 4005 ad
1586 3969 1817 4005 reveren-

218 4048 499 4099 dissimum
534 4045 828 4111 episcopum
860 4043 1205 4096 Athanasium
1234 4045 1449 4104 attinet,
1476 4046 1631 4111 probe
1656 4048 1817 4098 scien-

220 4147 327 4190 tem
347 4139 595 4191 eximiam
619 4148 763 4189 tuam
794 4136 1130 4204 prudentiam
1162 4138 1398 4199 monebo,
1430 4138 1545 4203 ﬁeri
1569 4155 1670 4190 non
1690 4155 1813 4202 pos-

218 4249 275 4286 se
310 4240 364 4283 ut
396 4231 525 4282 meis
556 4229 741 4281 litteris
770 4229 972 4299 aliquid
992 4240 1374 4297 promoventur,
1412 4243 1501 4284 aut
1530 4232 1815 4302 quidquam

218 4339 407 4379 eorum
438 4337 556 4390 qua:
576 4329 773 4388 oportet
798 4321 1123 4388 perﬁciatur,
1151 4321 1250 4374 nisi
1285 4332 1329 4374 et
1354 4336 1385 4373 a
1411 4324 1552 4376 vobis
1582 4325 1671 4393 qui
1696 4337 1815 4376 tunc

219 4420 391 4487 ipsius
415 4414 830 4470 communionem
858 4415 1307 4482 procrastinastis,
1345 4416 1479 4470 hanc
1508 4419 1677 4485 ipsum
1713 4419 1817 4469 ali-

220 4522 329 4577 qua
374 4517 530 4573 pacta
582 4505 829 4569 accipiat.
875 4502 1036 4556 Aiunt
1066 4507 1202 4557 enim
1239 4506 1405 4570 ipsum
1449 4509 1658 4560 omnino
1689 4525 1816 4575 pro-

1917 3343 2024 3388 ποις
2067 3324 2404 3389 ἈΟανὰσ-ιος,
2450 3326 2677 3390 ἐπιστὰς
2719 3328 2827 3379 ἀπὸ
2873 3329 3305 3402 Ἀλεξανδρείας,
3360 3334 3504 3389 πάνυ

1914 3416 2166 3469 ἐϐούλετο
2226 3417 2374 3487 αὐτῷ
2418 3416 2517 3487 τὴν
2584 3419 2720 3491 πρὸς
2777 3422 2939 3475 αὐτὸν
3003 3426 3287 3479 κοινωνίαν
3336 3444 3505 3481 κατα-ι

1916 3510 2245 3582 πραχθῆναι.
2322 3511 2483 3564 Ἀλλᾶ
2554 3515 2724 3585 κακίᾳ
2789 3516 3112 3585 συμὸούλων
3179 3521 3259 3582 εἰς
3320 3520 3507 3593 ἕτερον

1916 3604 2106 3676 καιρὸν
2176 3605 2478 3676 ὑπερετέοη
2553 3607 2730 3660 αὐτῶν
2801 3610 2835 3680 ἠ
2901 3610 3200 3680 συνάφεια·
3273 3612 3349 3677 ὡς
3408 3616 3509 3670 οὐκ

1916 3696 2169 3768 ὤφειλεν.
2226 3697 2367 3751 Ναιιι
2403 3711 2447 3750 et
2476 3700 2807 3756 beatissimus
2845 3720 2984 3772 papa
3016 3706 3357 3771 Athanasius,
3389 3726 3505 3761 cum

1916 3789 2242 3842 Alexandria
2270 3793 2509 3853 venisset,
2540 3791 2756 3843 omnino
2786 3793 3017 3860 aptabat,
3052 3805 3104 3845 ut
3124 3796 3224 3847 sibi
3255 3813 3371 3848 cum
3396 3799 3507 3863 ipso

1918 3884 2214 3934 communio
2247 3883 2650 3949 conciliaretur;
2703 3888 2790 3938 sed
2824 3886 3033 3938 malitia
3078 3888 3507 3943 consiliariorum

1917 3974 1974 4025 in
2000 3974 2148 4027 aliud
2180 3984 2379 4041 tempus
2404 3977 2569 4029 dilata
2588 3993 2763 4029 eorum
2794 3977 3113 4045 conjunctio,
3140 3986 3278 4051 quod
3309 3986 3508 4038 utinam

1918 4083 2022 4119 non
2049 4068 2329 4122 et'enisset.’
2360 4069 2491 4123 Cum
2512 4071 2593 4122 his
2623 4070 2821 4130 verbis.
2855 4070 2921 4124 In
2943 4075 3093 4125 aliud
3124 4086 3321 4138 tempus
3344 4077 3508 4130 dilata

1918 4171 2096 4210 eorum
2127 4158 2447 4225 conjunctio,
2482 4172 2672 4228 nempe
2705 4157 2763 4216 S.
2800 4162 3076 4217 Athanasii
3109 4175 3164 4218 et
3192 4166 3249 4221 S.
3288 4166 3505 4227 Meletii,

1919 4247 2263 4301 manifestam
2304 4249 2466 4301 habet
2507 4251 2964 4306 necessitudinem
3009 4255 3138 4308 illud
3177 4258 3415 4325 epistolae
3441 4259 3510 4313 89

1922 4339 1988 4392 ad
2054 4339 2349 4402 Meletium,
2394 4338 2495 4403 Qui
2550 4350 2673 4395 tunc
2733 4343 2919 4411 ipsius,
2971 4362 3164 4416 nempe
3203 4348 3510 4414 Athanasii,

1921 4431 2335 4483 communionem
2364 4435 2821 4502 procrastinastis.

1993 4522 2165 4576 Dilata
2202 4539 2332 4593 ergo
2370 4522 2547 4580 fuerat
2577 4525 2845 4579 Meletinm
2890 4526 3034 4582 inter
3068 4540 3122 4584 et
3153 4534 3509 4590 Athanasium

221 4598 476 4696 pendere,
520 4604 574 4647 ut
612 4595 876 4696 nobiscum
906 4593 1280 4696 c'onjungat-ur,
1324 4607 1371 4650 et
1401 4596 1654 4696 quidquid
1678 4608 1820 4666 pote-
1851 4610 1895 4665 Ι)
1925 4618 2271 4675 communio;
2307 4633 2407 4672 nec
2438 4619 2542 4672 alio
2570 4635 2712 4674 nunc
2742 4631 2987 4687 spectant
3008 4626 3288 4680 Athanasii
3324 4643 3509 4696 quere~

223 4688 294 4739 rit
336 4685 677 4750 collaturum,
723 4687 812 4738 sed
851 4682 1024 4737 dolere
1065 4686 1201 4750 quod
1233 4696 1279 4737 et
1312 4694 1432 4738 tunc
1464 4685 1713 4739 dimissus
1747 4688 1815 4741 sit

220 4781 339 4833 sine
362 4778 745 4844 communione,
773 4787 818 4829 et
849 4776 1135 4829 etiamnum
1165 4779 1423 4844 promissa
1456 4788 1699 4831 maneant
1735 4778 1809 4829 ir-

222 4873 357 4926 rita.

300 4981 367 5035 ιι.
401 4980 518 5034 Non
561 4988 711 5049 putat
738 4980 1115 5036 Tillemoutius
1160 4981 1271 5036 haec
1317 4982 1382 5036 de
1415 4998 1609 5050 magno
1641 4983 1814 5035 Atha-

221 5073 387 5127 nasio
442 5072 666 5141 intelligi
723 5087 917 5141 posse;
974 5088 1145 5141 neque
1180 5073 1323 5125 enim
1373 5074 1653 5142 probabile
1696 5090 1817 5127 esse

221 5173 481 5224 sanetum
514 5164 781 5220 Meletiam
810 5165 859 5217 ei
895 5182 1130 5234 unquam
1161 5167 1455 5235 denegasse
1478 5168 1817 5221 communio-

222 5272 354 5311 nem
382 5269 556 5319 suam,
582 5256 740 5325 idque
770 5265 1051 5324 postquam
1078 5258 1220 5311 illam
1252 5258 1609 5323 promisisset.
1637 5259 1815 5323 Quare

224 5352 408 5406 Satius
442 5364 562 5404 esse.
588 5360 739 5417 putat
774 5348 933 5403 alium
958 5350 1316 5404 Athanasium
1358 5350 1679 5420 intelligere.
1713 5367 1818 5405 non

228 5442 385 5495 illum
417 5442 634 5513 quidem
668 5442 1011 5511 Auryranum
1060 5440 1146 5513 (is
1171 5442 1311 5497 enim
1353 5444 1577 5497 concilio
1623 5442 1821 5496 Meletii

228 5530 557 5589 interfuerat
594 5548 733 5586 anno
758 5532 907 5604 565),
944 5536 1037 5589 sed
1092 5535 1230 5593 forte
1273 5551 1435 5590 unum
1472 5552 1535 5590 ex
1578 5536 1826 5592 Maccdo-

308 5776 387 5843 (α)
430 5776 525 5845 Ep.
553 5778 643 5837 ιι,
673 5779 761 5846 75,
788 5779 876 5834 76.

310 5848 385 5913 (ὁ)
424 5847 519 5914 Ep.
552 5849 636 5902 82.

1925 4706 2009 4774 lae,
2044 4709 2135 4777 qui
2183 4713 2433 4779 quamvis
2471 4710 2653 4764 Basilii
2694 4714 2947 4781 precibus
2975 4716 3268 4784 plurimum
3300 4722 3511 4776 tribue-

1920 4808 2027 4863 ret,
2075 4802 2288 4870 roganti
2336 4812 2540 4867 tamen,
2577 4814 2633 4857 ut
2665 4805 2814 4873 prior
2860 4806 3069 4863 litteras
3108 4815 3511 4869 communionis

1926 4891 2212 4959 scriberet,
2241 4894 2463 4949 minime
2493 4896 2705 4961 annuit,
2733 4899 3078 4955 committere
3109 4904 3295 4957 uolens
3323 4914 3374 4958 ut
3407 4907 3509 4958 ite-

1928 5002 2047 5041 rum
2095 4988 2483 5056 despiceretur.
2531 4991 2645 5045 Etsi
2697 4993 2843 5046 enim
2898 4993 3127 5049 Basilius
3181 4997 3233 5049 in
3285 4998 3510 5062 epistola

1926 5080 1990 5132 ad
2023 5078 2385 5148 Epiphaniutn
2431 5081 2641 5151 culpam
2694 5100 2798 5139 non
2853 5087 3029 5153 rejicit
3082 5089 3398 5143 nominatim
3458 5092 3509 5144 in

1924 5171 2131 5226 amicos
2162 5170 2382 5237 Meletii,
2417 5178 2594 5242 potius
2631 5192 2793 5245 quam
2826 5179 3133 5245 Athanasii,
3170 5184 3264 5237 sed
3306 5199 3417 5237 rem
3458 5186 3508 5237 iu

1925 5262 2180 5329 ambiguo
2220 5262 2511 5331 relinquit;
2564 5275 2740 5320 tamen
2781 5284 2843 5321 ex
2896 5272 2996 5324 hac
3024 5273 3248 5340 epistola
3282 5273 3350 5327 89
3388 5290 3507 5344 per-

1921 5351 2207 5418 Spicimus,
2246 5367 2351 5406 non
2397 5369 2495 5421 per
2534 5355 2915 5425 Athanasium,
2955 5364 3049 5415 sed
3104 5379 3198 5431 per
3235 5364 3506 5420 Meletium

1924 5446 2164 5508 stetisse,
2192 5447 2483 5515 quominus
2510 5452 2816 5505 communio
2842 5454 2983 5509 inter
3012 5464 3298 5526 utrumque
3330 5457 3509 5509 firma-

1926 5550 2099 5597 retur.
2131 5556 2197 5594 ac
2229 5542 2455 5610 proinde
2493 5545 2858 5612 consiliarios,
2906 5551 2996 5619 qui
3047 5566 3157 5605 rem
3191 5549 3511 5620 inzcrpelta-

2001 5780 2071 5847 (τ)
2115 5781 2208 5849 Ep.
2243 5781 2330 5841 89,
2360 5802 2410 5837 ιι,
2442 5786 2495 5838 2.

2002 5852 2077 5916 (it)
2122 5855 2212 5918 t-gp.
2244 5852 2329 5905 82.
