4038 6506
516 438 763 483 LXXXVIII

1857 428 2396 486 PBOLEGOMENA.

516 551 667 609 runt,
722 553 827 595 non
868 537 927 596 S.
958 539 1264 599 Athanasii.
1311 537 1405 594 sed
1450 539 1621 594 sancti
1657 538 1852 596 Meletii
1887 543 2094 599 amicos
2124 555 2168 612 Α
2199 547 2335 602 nihil
2368 545 2479 600 fere
2511 545 2576 600 de
2607 548 2766 602 rebus
2801 546 3203 604 ecclesiasticis.
3235 546 3325 603 lla:
3351 555 3527 603 autem
3562 549 3778 609 Damasi

519 634 707 690 fuisse.
739 631 796 688 ln
822 647 930 703 quo
960 648 1089 688 sane
1125 632 1311 687 mirari
1341 633 1507 698 subit,
1548 648 1645 688 cur
1671 648 1792 688 eum
1828 632 1885 688 S.
1929 633 2094 691 Mele-

517 727 579 782 tii
622 726 758 782 nihil
792 727 963 798 magis
1007 727 1292 781 interesset
1329 726 1394 780 ad
1421 725 1561 794 juris
1588 728 1669 780 sui
1712 736 1765 782 et
1792 743 1973 783 causa
2003 730 2096 783 de-

517 820 838 888 fensionem,
878 837 1037 891 quam
1066 821 1582 879 communicatorem
1611 819 1808 874 habere
1839 820 1897 875 S.
1925 822 2095 875 Atha-

515 913 748 978 nasium,
784 913 941 968 rebus
964 915 1080 969 suis
1110 929 1217 967 tam
1249 913 1386 966 male
1424 911 1774 966 consuluerit.
1809 909 1914 966 Sed
1952 913 2091 966 idem

515 1003 592 1058 illi
614 1005 792 1058 evenit
813 1019 876 1058 ac
903 1003 1121 1070 Basilio,
1149 1021 1208 1058 ut
1233 1003 1285 1056 in
1322 1001 1512 1054 amicis
1541 1009 1595 1053 et
1617 1003 2094 1056 communicatori-

514 1094 616 1150 bus
664 1096 780 1150 suis
827 1095 1116 1150 nonnullos
1173 1095 1401 1149 haberet
1446 1090 1601 1161 longe
1642 1093 1725 1145 sui
1779 1093 2088 1154 dissimiles,

514 1189 606 1256 qui
638 1187 947 1244 differendae
980 1204 1102 1244 cum
1135 1185 1438 1241 Athanasio
1466 1183 1863 1240 communionis
1899 1197 2092 1239 causas

515 1281 878 1338 innectereut.

582 1374 700 1430 Non
729 1374 911 1431 lavent
932 1371 1275 1430 Tillemontio
1302 1369 1416 1425 haec
1455 1369 1637 1426 Basilii
1686 1370 1848 1425 verba
1879 1388 1892 1424 :
1927 1369 2091 1423 Aiunt

511 1471 651 1524 enim
684 1473 852 1540 ipsum
877 1470 1091 1524 omnino
1114 1471 1432 1536 propendere
1465 1476 1522 1520 ut
1567 1465 1834 1520 nobiscum
1869 1465 2092 1533 conjun-

479 1571 688 1633 -gatur.
727 1560 984 1626 Quamvis
1008 1559 1152 1615 enim
1183 1559 1416 1616 Basilius
1459 1557 1841 1614 communione
1878 1565 1933 1610 et
1957 1555 2093 1609 ami-

510 1655 636 1709 citia
695 1653 1162 1722 conjunctissitnus
1219 1668 1343 1708 cum
1405 1661 1593 1707 sancto
1647 1649 1949 1704 Athanasio
2005 1663 2092 1703 es-

509 1758 614 1812 set,
667 1748 790 1817 quia
845 1757 1023 1801 tamen
1091 1746 1236 1801 illius
1280 1744 1711 1802 communionem
1762 1743 1874 1798 suis
1925 1741 2087 1797 etiam

510 1841 700 1896 amicis
738 1840 1028 1895 conciliare
1057 1838 1272 1902 avebat,
1305 1837 1506 1892 idcirco
1544 1843 1802 1904 tanquam
1852 1849 1990 1888 unus
2020 1849 2083 1887 ex

2197 640 2264 694 ad
2294 638 2554 692 Basilium
2579 638 2772 696 littera:
2802 656 2908 696 non
2937 640 3104 696 solius
3127 641 3338 696 Damasi
3371 641 3546 706 fuere,
3576 644 3669 698 sed
3699 654 3780 699 to-

2202 733 2308 786 tius
2358 732 2573 786 concilii
2618 730 2845 787 Romaui
2889 734 3269 801 episcoporum
3329 735 3398 790 93
3432 751 3498 790 ex
3535 735 3683 790 Italia
3724 748 3779 792 et

2196 821 2389 886 Gallia,
2419 820 2564 892 quod
2598 822 2663 876 de
2687 823 2847 878 rebus
2883 823 3079 894 Illyrici
3105 824 3424 891 habebatur,
3449 840 3568 879 cum
3601 826 3774 879 Doro-

2199 915 2355 970 theus
2383 915 2625 978 advenit,
2648 926 2741 969 aut
2759 917 2945 972 saltem
2969 917 3129 986 paulo
3161 926 3447 988 antequam
3475 918 3774 974 adveniret.

2198 1007 2521 1080 Synodicam
2555 1010 2768 1064 concilii
2807 1011 3092 1081 epistolam
3127 1011 3349 1079 pertulit
3386 1012 3620 1066 Sabinus
3661 1013 3778 1066 dia-

2197 1115 2385 1167 conus,
2434 1102 2669 1172 primum
2721 1103 2935 1173 quidem
2994 1105 3062 1160 ad
3120 1104 3352 1175 Illyrios,
3397 1120 3529 1173 quos
3573 1119 3633 1157 ea
3677 1120 3774 1173 pu-

2199 1193 2466 1248 tissimum
2506 1194 2805 1263 spectabat,
2855 1195 3048 1250 deinde
3089 1197 3143 1250 in
3175 1195 3468 1266 Egyptum
3498 1206 3552 1249 et
3583 1197 3774 1250 Orien-

2199 1295 2306 1340 tem
2367 1299 2487 1339 cum
2570 1285 2766 1340 litteris
2831 1286 2898 1340 ad
2959 1287 3310 1342 Athanasium
3376 1297 3431 1341 et
3493 1287 3769 1341 Basilium.

2202 1377 2298 1431 Vix
2321 1377 2536 1433 dubium
2559 1389 2641 1434 est
2667 1379 2794 1447 quin
2823 1393 2947 1433 eum
2981 1379 3277 1435 Dorotheus
3315 1395 3629 1451 perpetuum
3675 1383 3774 1435 viae

2196 1469 2449 1523 comitem
2521 1469 2808 1536 habuerit;
2878 1469 3040 1524 ambo
3107 1470 3249 1524 enim
3321 1470 3480 1524 simul
3541 1470 3776 1524 advene-

2195 1566 2343 1614 runt.

2263 1651 2356 1711 IV.
2399 1654 2628 1711 Basilius
2655 1664 2844 1711 sancto
2872 1655 3086 1711 Meletio
3111 1655 3322 1709 nuntiat
3349 1657 3421 1727 (f)
3445 1658 3570 1727 quid
3595 1658 3775 1725 priva-

2191 1748 2286 1805 tim
2314 1763 2412 1803 suo
2446 1751 2663 1804 nomine
2689 1751 3028 1820 scripsisset;
3071 1752 3162 1804 sed
3206 1750 3325 1818 quia
3352 1762 3769 1806 consentaneum

2192 1847 2328 1904 erat,
2360 1846 2420 1893 ut
2444 1838 2676 1908 aliquem
2723 1841 3000 1896 mitterent
3035 1839 3358 1905 Orientales,
3395 1843 3484 1910 qui
3521 1859 3770 1897 commu-

510 1931 614 1986 illis
649 1931 904 1999 loquitur.
946 1930 1086 1984 Hinc
1124 1931 1176 1984 in
1221 1927 1451 1998 epistoia
1482 1925 1573 1991 82,
1608 1926 1960 1980 Athanasium
1997 1939 2086 1978 ro-
2117 1921 2162 1976 Β
2195 1943 2290 1983 nes
2310 1929 2517 1985 litteras
2546 1931 2800 1999 deferret,
2836 1945 2992 2002 rogat
3019 1935 3313 2000 Meletium,
3347 1944 3404 1988 ut
3436 1935 3530 1988 has
3560 1935 3771 1990 litteras

506 2034 619 2096 gat,
677 2034 730 2076 ut
795 2024 938 2076 nobis
995 2022 1258 2086 omnibus,
1313 2020 1507 2090 inquit,
1570 2018 1767 2073 scribas
1811 2017 2084 2086 epistolam

507 2129 687 2173 uuam,
718 2129 834 2180 qua:
869 2113 994 2184 quid
1017 2113 1274 2183 agendum
1303 2113 1372 2166 ait
1396 2112 1698 2164 admoneat.
1745 2108 1895 2163 Licet
1923 2110 2084 2163 etiam

507 2206 943 2260 animadvertere
971 2221 1131 2275 quam
1160 2214 1352 2261 cautus
1379 2212 1518 2259 esset
1545 2201 1777 2257 Basilius
1803 2202 1854 2256 in
1882 2201 1970 2256 his
2001 2217 2086 2256 re-

508 2299 610 2354 bus
664 2299 1125 2364 administrandis,
1175 2300 1288 2368 qui,
1328 2295 1576 2365 quamvis
1624 2310 1882 2365 responsa
1912 2296 2082 2350 Atha-

512 2393 653 2449 nasii
724 2408 821 2463 per
880 2392 1204 2447 Dorotheum
1267 2389 1599 2458 accepisset,
1655 2388 1837 2442 arcani
1904 2397 2081 2443 tamen

510 2486 722 2555 tegendi
774 2499 958 2549 causa,
1009 2485 1176 2538 utitur
1222 2483 1306 2539 his
1353 2481 1554 2546 verbis,
1614 2480 1771 2535 Aiunt
1820 2481 1956 2536 enim
2003 2483 2082 2551 ip-

505 2596 644 2644 sum,
669 2589 775 2633 etc.

582 2669 667 2724 lll.
709 2670 854 2724 Misit
897 2669 1060 2724 etiam
1098 2669 1156 2724 S.
1193 2671 1524 2726 Athanasius
1573 2671 1631 2727 S.
1655 2669 1852 2724 Basilio
1879 2667 1955 2738 (a)
1993 2665 2083 2719 lit-

502 2775 669 2827 teras,
699 2779 832 2832 quas
859 2763 927 2816 ab
966 2762 1253 2818 Occidente
1289 2776 1598 2834 acceperat,
1644 2772 1702 2817 ut
1741 2777 1835 2816 eas
1881 2759 2079 2813 Basilio

505 2854 853 2924 perferendas
899 2861 1136 2906 curaret.
1179 2853 1288 2906 llas
1339 2853 1508 2907 Roma
1556 2854 1738 2908 attulit
1778 2853 2081 2908 Dorotheus

505 2947 786 3008 diaconus,
833 2945 915 2998 vel
962 2943 1198 2998 Sabinus
1246 2942 1529 3007 diaconus,
1564 2946 1653 3013 qui
1698 2945 1746 2999 ei
1791 2958 1972 2999 comes
2004 2941 2076 3013 (b)

500 3037 713 3093 videtur
739 3037 1024 3106 adjunctus
1051 3035 1217 3090 fuisse
1247 3035 1316 3088 ab
1342 3034 1791 3099 Occidentalibus,
1833 3044 1887 3088 et
1929 3034 2079 3086 Basi-

500 3127 574 3183 lio
621 3128 902 3197 epistolam
949 3125 1217 3180 Valeriani
1250 3125 1512 3195 Aquileiae
1545 3125 1785 3194 episcopi
1826 3124 2076 3178 reddidit.

502 3221 754 3284 Basilius,
787 3218 1045 3273 facultate
1074 3219 1253 3274 oblata
1289 3218 1471 3274 Sabini
1501 3217 1736 3280 diaconi,
1764 3216 1983 3285 scripsit
2006 3213 2076 3285 (ε)
2112 3283 2152 3304 Α

2200 2029 2412 2074 exaret.
2436 2022 2648 2092 Scripta
2681 2023 2898 2092 quidem
2927 2027 3232 2081 comm-unis
3253 2024 3495 2095 epistola,
3529 2025 3622 2079 sed
3648 2043 3767 2081 eam

2195 2107 2342 2163 solus
2367 2111 2578 2167 rediens
2603 2113 2835 2171 Sabinus
2859 2117 3095 2184 pertulit,
3130 2132 3228 2173 nec
3250 2119 3541 2188 quisquam
3571 2118 3770 2171 missus

2194 2196 2548 2258 O'rientalium
2584 2207 2818 2260 nomine.
2861 2207 3029 2277 Hujus
3072 2208 3314 2277 epistolae
3358 2207 3577 2277 conjicit
3608 2206 3770 2262 Tille-

2194 2295 2429 2349 montius
2456 2305 2731 2351 auctorem
2756 2313 2876 2352 esse
2898 2310 3140 2354 sanctum
3172 2300 3464 2365 Mcletium,
3500 2300 3583 2355 cui
3619 2300 3770 2353 Basi-

2190 2386 2294 2441 lius
2331 2389 2432 2442 ltoc
2463 2402 2658 2442 munus
2679 2388 2964 2444 detulerat.
2995 2390 3100 2446 Sed
3127 2401 3305 2447 tamen
3332 2394 3554 2448 omnino
3583 2391 3766 2448 Basilii

2191 2480 2387 2550 stylum
2418 2480 2640 2535 redolet.

2265 2572 2523 2628 Videntur
2541 2583 2724 2628 autem
2764 2573 2901 2629 tituli
2938 2573 2990 2628 in
3029 2574 3113 2629 his
3139 2575 3383 2637 epistolis
3421 2578 3766 2633 librariorum

2191 2663 2400 2717 incuria
2435 2665 2642 2721 confusi
2675 2676 2730 2721 et
2758 2667 3053 2737 perturbati
3079 2665 3263 2721 fuisse.
3302 2666 3434 2720 Nam
3469 2685 3589 2722 cum
3617 2670 3771 2724 Basi-

2189 2756 2295 2810 lius
2329 2756 2476 2811 dicat
2512 2757 2564 2811 in
2600 2759 2824 2826 epistola
2855 2760 2927 2814 89
2981 2774 3040 2814 se
3089 2759 3373 2829 scripsisse
3421 2759 3488 2814 ad
3528 2760 3687 2815 Italos
3712 2772 3769 2816 ct

2192 2848 2405 2916 Gallos;
2438 2866 2670 2920 cumque
2711 2851 2980 2906 Meletium
3026 2862 3196 2922 roget,
3240 2861 3296 2907 ut
3330 2867 3673 2907 communem
3699 2855 3768 2906 ad

2187 2942 2559 2999 Occidentales
2612 2945 2895 3014 epistolam
2954 2945 3139 3010 dictet,
3201 2947 3386 3001 nescio
3441 2959 3550 3015 quo
3610 2953 3769 3014 pacto

2188 3032 2435 3100 contigit,
2461 3042 2520 3086 ut
2543 3034 2749 3102 privata
2769 3034 2995 3104 epistola
3033 3034 3488 3100 Occidentalibus,
3515 3050 3767 3090 commu-

2187 3122 2270 3176 nis
2305 3123 2468 3176 ltalite
2508 3134 2563 3177 et
2598 3124 2781 3180 Galliae
2815 3127 3083 3197 episcopis
3123 3128 3511 3183 inscriberetur
3559 3145 3574 3182 :
3622 3125 3768 3199 quod

2185 3226 2373 3270 contra
2409 3218 2711 3285 oportebat.

501 3317 568 3370 ad
593 3314 819 3385 Illyrios,
851 3323 903 3368 et
931 3314 997 3367 ad
1026 3313 1188 3367 Italiae
1222 3322 1276 3367 et
1297 3311 1482 3366 Gallia:
1511 3311 1815 3381 episcopos,
1845 3283 1898 3363 et
1917 3283 2081 3378 quos-
2110 3283 2155 3344 δ
2258 3307 2311 3362 In
2357 3283 2459 3362 hac
2490 3309 2717 3378 epistola
2758 3326 2918 3378 quam
2951 3283 3182 3369 Basilius
3217 3315 3289 3387 (g)
3336 3315 3480 3372 Italis
3512 3327 3565 3372 et
3599 3316 3769 3373 Gallis

505 3410 627 3463 dam
669 3407 823 3472 alios,
874 3408 964 3476 qui
1017 3408 1265 3475 privatim
1293 3407 1506 3460 litteras
1547 3406 1612 3458 ad
1645 3420 1764 3458 eum
1795 3404 2076 3458 dederant.

500 3500 580 3556 Ex
619 3501 684 3555 iis
717 3500 899 3554 Basilii
941 3499 1183 3569 epistolis
1231 3499 1351 3553 dua:
1377 3507 1610 3562 exstant,
1649 3513 1752 3550 una
1780 3495 2076 3568 generatim

502 3589 939 3646 Occidentalibus
968 3589 1247 3658 inscripta,
1283 3592 1453 3642 altera
1482 3586 1774 3641 Valeriano
1823 3585 2080 3652 Aquileia:

502 3681 776 3750 episcopo,
806 3679 896 3747 qui
930 3679 998 3732 oh
1033 3680 1362 3732 vicinitatem
1387 3678 1586 3748 Illyrici
1613 3676 1895 3745 episc0pus
1925 3675 1976 3727 in
2011 3675 2080 3726 ti-

505 3771 614 3823 tutu
651 3771 869 3825 dicitur.
909 3767 1074 3840 Illyrii
1103 3778 1279 3822 autem
1310 3779 1362 3822 et
1388 3769 1555 3822 Italiae
1580 3782 1643 3821 ac
1665 3767 1849 3823 Gallite
1873 3768 2081 3835 episco-

501 3864 552 3932 pi
582 3877 687 3917 non
713 3864 1012 3932 generatim
1038 3861 1426 3925 Orientalibus,
1466 3861 1562 3916 sed
1592 3859 1690 3915 soli
1723 3859 1917 3914 Basilio
1942 3859 2080 3914 scri-

500 3972 660 4033 psere
689 3973 702 4008 :
738 3971 838 4011 nec
876 3958 1030 4011 video
1055 3956 1184 4026 quid
1212 3953 1558 4009 Tillemontio
1585 3953 1913 4023 persuaserit
1933 3968 2081 4008 com-

507 4064 724 4104 munem
765 4046 1187 4102 Occidentalium
1227 4046 1292 4098 ad
1327 4042 1629 4098 Orientales
1663 4042 1943 4110 epistolam
1976 4057 2076 4096 non

499 4142 756 4201 defuisse.
791 4141 976 4210 Neque
1009 4142 1152 4194 enim
1181 4152 1277 4193 suo
1307 4138 1526 4189 nomine
1560 4135 1792 4190 Basilius
1819 4135 2080 4189 rescribe-

501 4242 586 4290 ret
613 4234 777 4290 Italia:
805 4243 858 4288 et
887 4232 1074 4288 Galliae
1097 4229 1393 4301 episcopis,
1421 4227 1463 4281 si
1489 4243 1677 4282 eorum
1710 4227 1900 4280 litterae
1935 4242 2082 4280 com-

503 4345 694 4383 munes
734 4329 832 4398 ipsi
859 4343 981 4382 cum
1018 4327 1138 4380 aliis
1169 4325 1418 4380 fuissent.
1466 4322 1731 4376 Praeterea
1777 4320 2080 4376 Orientales

501 4419 556 4474 in
581 4434 667 4489 ep.
701 4417 771 4472 92
801 4417 1000 4470 nullam
1026 4415 1094 4469 ab
1121 4413 1555 4469 Occidentalibus
1583 4423 1856 4482 acceptam
1880 4411 2082 4480 episto-

501 4513 609 4566 lam
662 4515 986 4565 memorant.
1030 4507 1190 4562 Solus
1236 4507 1466 4560 Basilius
1499 4507 1575 4575 (ιι)
1607 4508 1810 4578 gratias
1861 4505 1969 4576 agit
2010 4504 2079 4558 ob

499 4612 783 4672 acceptum
817 4616 878 4656 ex
913 4613 1099 4655 eorum
1122 4597 1315 4652 litteris
1345 4598 1619 4652 solatium.
1662 4596 1847 4666 Neque
1895 4597 1946 4649 id
1981 4595 2080 4649 mi-

503 4711 624 4751 rum
655 4695 823 4748 videri
851 4693 1029 4756 debet,
1060 4706 1182 4746 nam
1224 4691 1370 4747 solus
1405 4690 1635 4745 Basilius
1674 4690 1904 4742 Damaso
1944 4690 2080 4741 scri-

506 4791 692 4856 pserat
719 4797 733 4834 :
764 4792 819 4835 et
843 4781 1195 4835 Athanasium
1232 4789 1536 4851 rogaverat,
1576 4788 1634 4833 ut
1661 4781 1891 4848 aliquem
1917 4793 1945 4830 e
1969 4779 2078 4833 suis

503 4876 718 4932 clericis
756 4875 1011 4927 comitem
1050 4871 1327 4927 Dorotlieo
1349 4872 1522 4937 daret,
1557 4886 1790 4940 suasque
1823 4868 2078 4940 adjunge-

503 4977 588 5024 ret
617 4968 848 5021 litteras.
879 4966 1060 5032 Quare
1086 4981 1204 5019 cum
1229 4966 1561 5020 Athanasius
1584 4963 1764 5018 Basilii
1794 4962 2074 5034 epistolam

500 5059 727 5114 Romam
775 5058 1036 5121 misisset,
1075 5056 1311 5111 vicissim
1359 5058 1623 5112 Damasus
1671 5056 1797 5110 huic
1833 5055 2075 5125 epistulae

497 5167 754 5223 respousa
781 5152 847 5205 ad
873 5151 1228 5206 Athanasium
1257 5151 1421 5217 misit,
1449 5161 1505 5204 ut
1530 5166 1589 5205 ea
1616 5151 1814 5204 Basilio
1846 5152 2078 5204 redden-

495 5248 566 5302 da
603 5255 838 5300 curaret.
873 5245 948 5300 Eo
983 5247 1152 5315 magis
1178 5243 1352 5297 hacin
1385 5259 1440 5296 re
1466 5245 1694 5298 Basilius
1717 5259 1853 5313 opus
1891 5242 2077 5295 habuit

496 5342 556 5397 S.
585 5343 901 5406 Athanasio,
930 5341 1072 5410 quod
1099 5341 1212 5407 ipse
1239 5353 1325 5392 res
1351 5347 1527 5392 tantas
1553 5339 1703 5392 solus
1726 5337 1941 5407 aggredi
1969 5351 2070 5389 non

496 5433 752 5499 audebat,
812 5432 972 5500 idque
1012 5446 1107 5500 per
1145 5443 1383 5482 canones
1435 5444 1539 5481 non
1576 5427 1734 5482 licere
1775 5428 1850 5479 ait
1894 5427 1943 5478 iu
1980 5442 2068 5492 ep.

495 5524 624 5580 Nl.
647 5523 826 5576 Voluit
847 5522 1067 5589 quidem
1093 5524 1241 5576 solus
1266 5521 1505 5576 scribere
1539 5535 1678 5574 anno
1709 5519 1815 5573 “575
1849 5518 1940 5589 le).
1971 5520 2065 5572 sed

568 5646 642 5708 (a)
685 5641 784 5707 Ep.
823 5638 910 5693 90.

569 5712 642 5778 (ὁ)
686 5715 778 5776 Ep.
813 5711 902 5764 91.

571 5789 640 5848 (ι’)
685 5781 777 5846 Ιξὶν.
805 5782 872 5831 90
886 5821 896 5831 .

595 5855 645 5913 (1)
691 5849 786 5910 Ep.
825 5849 912 5902 90.
950 5864 1001 5898 tt.
1034 5849 1084 5900 1.

595 5855 645 5913 rt)
691 5853 786 5910 Ep.
825 5853 912 5902 90.
950 5864 1001 5898 tt.
1034 5853 1084 5900 1.

571 5853 643 5981 te)
689 5917 781 5979 Lp.
815 5916 939 5975 9.31),
971 5934 1019 5966 tt.
1053 5917 1106 5965 ‘2.

2184 3413 2279 3453 suo
2305 3401 2525 3470 scripsit
2557 3401 2793 3467 nomine,
2827 3400 3069 3455 laetitiam
3097 3418 3249 3457 suam
3279 3405 3544 3474 signiﬁcat
3575 3422 3641 3462 ex
3668 3423 3766 3461 eo-

2181 3508 2301 3546 rum
2350 3492 2550 3547 -Iitteris
2583 3502 2884 3562 acceptam,
2937 3510 3002 3548 ex
3044 3497 3238 3565 quibus
3274 3511 3541 3550 summam
3570 3514 3762 3553 eorum

2183 3585 2525 3638 coacordiam
2580 3593 2634 3639 et
2676 3585 2934 3639 unitatem
2980 3596 3354 3658 perspexerat.
3411 3586 3515 3642 Sed
3553 3598 3609 3641 ut
3639 3605 3770 3658 pro-

2185 3675 2357 3740 prium
2384 3690 2538 3728 suum
2569 3691 2688 3731 esse
2711 3678 2856 3731 ducit
2879 3676 3090 3734 felicem
3124 3680 3336 3735 illorum
3374 3679 3630 3738 Ecclesiae
3652 3694 3770 3737 sta-

2186 3773 2319 3830 tum,
2346 3765 2417 3818 ita
2445 3781 2538 3819 eos
2567 3780 2740 3838 rogat,
2776 3785 2834 3824 ιιι
2873 3773 3108 3827 vicissim
3137 3772 3372 3830 Orientis
3420 3777 3578 3830 malis
3613 3791 3770 3830 com-

2183 3865 2520 3909 moveantur.
2585 3858 2812 3928 Egregie
2851 3862 3118 3918 describit
3164 3865 3262 3921 has
3305 3880 3599 3929 aerumnas,
3643 3881 3770 3936 qua

2179 3948 2288 4018 jam
2319 3963 2415 4019 per
2451 3958 2620 4004 totum
2647 3951 2831 4004 orbem
2862 3966 3290 4018 personueraut.-
3317 3957 3539 4012 Nuntiat
3575 3959 3770 4015 Patres

2180 4052 2236 4096 et
2278 4043 2594 4097 traditiones
2621 4044 2917 4110 contemni,
2969 4056 3288 4101 novaturum
3322 4063 3624 4104 commenta
3666 4053 3763 4106 do-

2183 4136 2402 4200 minari,
2437 4135 2644 4192 abactis
2677 4137 2980 4206 pastoribus
3021 4137 3176 4208 lupus
3221 4139 3489 4194 introduci
3526 4141 3768 4198 :‘domus

2183 4228 2449 4281 orationis
2491 4229 2733 4283 desertas
2768 4245 2920 4297 esse;
2979 4229 3298 4285 solitudines
3339 4230 3765 4288 lamentantibus

2185 4319 2411 4372 refertas
2440 4334 2579 4374 esse.
2610 4321 2779 4387 llogat
2809 4337 2938 4390 ergo
2973 4319 3137 4376 italiae
3167 4332 3221 4376 et
3250 4321 3431 4378 Gallite
3455 4324 3761 4393 epiScopos,

2183 4420 2242 4465 ut
2273 4411 2487 4465 tandem
2522 4410 2760 4467 Orientis
2796 4413 2994 4468 auxilio
3017 4417 3254 4469 veniant.
3282 4415 3546 4470 Assentiri
3580 4431 3640 4470 se
3662 4416 3765 4472 de-

2182 4505 2352 4558 clarat
2397 4505 2463 4558 iis
2505 4507 2777 4574 omnibus,
2823 4521 2943 4576 quae
2978 4509 3235 4564 canonice
3281 4518 3402 4565 acta
3434 4506 3650 4564 fuerant
3704 4511 3763 4566 in

2187 4596 2390 4666 synodo
2416 4597 2684 4655 ROIIIaua.

2261 4687 2468 4758 Scripta
2503 4699 2583 4744 est
2627 4693 2679 4744 in
2731 4689 2974 4745 eamdem
3021 4692 3344 4746 sententiam
3395 4690 3622 4761 epistola
3676 4707 3764 4747 se-

2187 4796 2355 4849 quens
2384 4780 2460 4852 (ll)
2486 4785 2549 4834 ad
2585 4783 2945 4848 Valerianum,
2970 4786 3120 4853 cujus
3149 4785 3469 4839 cltaritatem
3500 4800 3564 4840 co
3589 4786 3764 4854 magis

2190 4873 2420 4924 miratur
2455 4871 2712 4936 Basilius,
2768 4878 2908 4941 quod
2963 4875 3008 4928 is
3037 4876 3184 4943 prior
3229 4875 3541 4945 scripserat,
3601 4873 3764 4941 trullis

2184 4965 2537 5033 compellatus
2565 4967 2778 5018 litteris.
2825 4965 3053 5020 NeCesse
3095 4980 3215 5021 esse
3250 4969 3345 5034 ait,
3379 4969 3424 5022 si
3469 4966 3626 5021 modo
3652 4982 3760 5021 non

2177 5056 2288 5124 jam
2323 5055 2633 5109 conclusum
2672 5065 2752 5108 est
2783 5057 2961 5108 mundi
2995 5063 3225 5125 tempus,
3281 5061 3375 5111 sed
3418 5057 3595 5111 adhuc
3635 5058 3762 5113 vita:

2186 5149 2434 5204 humanae
2486 5150 2601 5203 dies
2661 5157 2968 5219 supersunt,
3030 5157 3089 5202 ιιι
3152 5149 3528 5205 Occidentales
3597 5151 3758 5205 tidem

2184 5239 2422 5297 Orientis
2453 5252 2732 5305 renovent,
2767 5251 2820 5294 et
2853 5243 3138 5303 bonorum,
3174 5258 3292 5310 quae
3313 5244 3377 5295 ab
3409 5240 3628 5297 Oriente
3665 5258 3759 5296 ac-

2183 5343 2462 5403 ceperunt,
2518 5333 3009 5389 remunerationem
3075 5333 3146 5388 illi
3208 5336 3260 5388 in
3317 5345 3560 5402 tempore
3631 5349 3756 5404 per-

2180 5429 2415 5482 solvant.

2252 5519 2314 5572 V.
2365 5518 2612 5586 Epistula:
2642 5517 2705 5588 (i)
2736 5517 2903 5572 Gallis
2928 5528 2980 5572 et
2999 5516 3143 5572 Italis
3169 5516 3382 5585 scripta:
3408 5514 3757 5573 subscribuut

2252 5635 2327 5705 (ί)
2365 5635 2462 5705 Ep.
2496 5635 2584 5687 89.

2252 5711 2326 5775 (ρ)
2370 5708 2464 5771 En-
2493 5706 2580 5756 90-

2254 5781 2329 5839 (It)
2376 5776 2466 5839 Ep.
2498 5776 2582 5829 91.

2258 5842 2318 5912 (ί)
2362 5843 2457 5908 Ep.
2494 5844 2580 5893 92.
