4038 6446
1553 392 1709 445 ΥΙΤΑ
1756 390 1814 442 S.
1856 389 2115 442 BASILII.

3241 388 3441 428 Lxxstﬁ.

208 520 442 589 Episcopi
477 518 565 581 5-2,
595 517 735 572 inter
769 530 902 587 quos
933 515 1170 585 insignes
1206 521 1331 570 sunt
1376 525 1593 567 sanctus
1614 513 1773 565 Meie-
1804 514 1849 570 Α
1894 509 2096 564 Pascha
2134 502 2331 563 dimitti
2368 502 2512 572 velit,
2557 503 2681 575 quia
2728 512 2982 569 responsa
3022 493 3319 551 Samosatis
3349 507 3446 544 ex-

209 615 329 677 tius,
377 609 435 661 S.
472 607 734 664 Eusebius
777 607 1191 673 Samosatensis,
1244 613 1461 659 sanctus
1519 605 1769 666 Basilius.

210 699 497 767 Gregorius
529 699 781 767 Theologi
826 706 1000 764 pater,
1051 697 1294 765 Pelagius
1318 694 1626 759 Laodieacze,
1660 697 1772 748 An-

210 794 406 843 thimus
428 788 759 862 Tyanorum,
814 770 1119 842 Theodotus
1163 786 1583 853 Nicopolitanns,
1622 786 1772 838 Vitus

212 880 536 934 Uairhorttm
570 883 621 933 in
656 878 1062 946 Mesopotamia,
1086 880 1355 933 Abraham
1383 876 1686 931 Urimorum
1722 876 1773 927 in

213 970 389 1038 Svria,
435 975 523 1042 qui
555 971 782 1023 concilio
814 973 1149 1025 Antiocheno
1192 968 1433 1021 interfuit
1459 984 1597 1021 anno
1628 965 1731 1019 365
1759 983 1772 1028 ;

215 1064 348 1116 alter
394 1066 661 1118 Abraham
711 1062 1028 1125 Batnorum,
1081 1062 1143 1113 ad
1180 1076 1337 1129 quem
1382 1071 1557 1115 exstat
1594 1057 1776 1110 Basilii

214 1154 457 1221 epistola,
495 1153 639 1205 Zeno
668 1154 815 1223 Tyri,
866 1153 1199 1215 Eusrathius,
1246 1160 1301 1205 ut
1354 1148 1643 1204 verisimile.
1676 1155 1773 1210 est,

217 1244 566 1300 Sebastcnust
596 1246 697 1307 Pro
720 1247 935 1304 Narses,
962 1244 1085 1311 legit
1120 1242 1356 1297 Valesius
1390 1244 1584 1293 Barses
1615 1237 1779 1292 Edes-

219 1354 308 1390 ste.
342 1336 449 1389 Sed
476 1353 595 1390 cum
643 1339 686 1391 is
726 1340 865 1390 inter
893 1345 1192 1403 postremos
1217 1333 1540 1390 subscribat,
1565 1330 1780 1398 conjicit

220 1426 591 1481 Tillemontius
648 1442 769 1480 eum
815 1425 1010 1492 potius,
1063 1425 1152 1493 qui
1183 1426 1379 1475 Bassus
1410 1421 1626 1482 dicitur,
1662 1436 1780 1473 esse

218 1517 436 1571 Barsam
522 1519 758 1571 Edessze.
840 1512 945 1570 Pro
1015 1517 1175 1569 lati-io
1250 1516 1475 1568 libenter
1550 1512 1780 1581 legerent

218 1605 459 1661 Otreium
496 1607 925 1662 Melitincnsem..
950 1608 1156 1661 Favent
1186 1607 1310 1660 huic
1338 1603 1615 1657 sententiae
1648 1618 1781 1655 uou-

220 1699 343 1751 nulli
387 1698 622 1758 codices,
678 1697 729 1750 in
773 1700 967 1767 quibus
1017 1698 1208 1765 legitur
1251 1695 1486 1748 Atreius.
1528 1692 1780 1757 Iosaeem,

218 1794 329 1845 sive
382 1789 617 1842 Isaacem
675 1790 1046 1844 Tillemontius
1110 1787 1356 1840 eumdem
1422 1802 1541 1841 esse
1599 1787 1783 1841 exiSti-

221 1890 349 1942 mat,
398 1894 463 1932 ac
515 1880 777 1935 lsacocem
826 1880 1093 1933 Armenia:
1138 1878 1356 1947 majoris
1385 1879 1482 1947 (α).
1526 1879 1780 1946 Equidem
1818 1853 1859 1909 Β

220 1985 316 2039 pro
343 1984 407 2022 eo
438 1971 578 2038 quod
612 1979 694 2023 est
724 1972 773 2021 in
804 1969 961 2021 editis
997 1969 1254 2039 Ἰωσάκης
1286 1970 1533 2021 libentius
1560 1970 1786 2035 legerem

235 2060 508 2130 Ἰσαάκης.
549 2062 637 2114 Sic
662 2061 803 2112 enim
842 2061 892 2113 iu
925 2061 1080 2127 epist.
1114 2062 1235 2122 I58,
1260 2076 1378 2112 cum
1411 2068 1637 2124 quatuor
1661 2072 1786 2108 mss.

225 2153 488 2207 haberent
532 2152 813 2221 Ἰωσάκης,
842 2154 989 2220 sequi
1028 2152 1185 2205 malui
1217 2153 1349 2203 alios
1387 2151 1621 2203 melioris
1658 2160 1793 2201 nota)

225 2247 277 2299 in
339 2246 538 2314 quibus
600 2247 792 2314 legitur
842 2246 1115 2312 Ἰσαάκης.
1170 2243 1267 2295 IIic
1321 2254 1496 2295 autem
1555 2242 1684 2295 nihil
1740 2242 1791 2295 in

226 2346 479 2392 contextu
540 2338 864 2391 mutavimus
932 2335 1001 2388 ob
1068 2350 1330 2389 summam
1391 2334 1631 2388 codicum
1704 2351 1794 2388 ve-

228 2440 402 2485 terum
464 2430 903 2501 discrepantiam,
961 2431 1056 2484 sed
1112 2441 1288 2482 tamen
1338 2427 1571 2481 lsaacem
1632 2428 1796 2480 inter-

232 2532 477 2590 pretatus
545 2538 692 2580 sum,
746 2521 1037 2590 Gregorius
1087 2530 1264 2573 autem
1320 2520 1455 2571 alter
1519 2534 1621 2569 non
1663 2518 1797 2569 alius

232 2615 443 2666 Videtur
492 2626 613 2665 esse
668 2627 831 2682 quam
890 2611 1187 2681 Nyssenus,
1243 2625 1399 2679 quem
1457 2607 1798 2675 probavimus

227 2709 335 2776 jam
389 2719 503 2760 tum
558 2706 726 2761 fuisse
777 2705 1105 2775 episcopum.
1161 2703 1350 2758 (Sceleri
1391 2703 1545 2756 nobis
1581 2716 1798 2771 prorsus

232 2801 417 2870 ignoti.

300 2893 445 2946 Nihil
477 2892 867 2961 significantius
901 2892 1002 2944 hac
1045 2889 1290 2958 epistola,
1328 2887 1459 2941 nihil
1484 2888 1549 2939 ad
1588 2901 1801 2955 permo-

234 2987 442 3038 vcmlos
487 2985 697 3036 animos
734 2984 932 3049 aptius.
987 2981 1247 3033 Fatentur
1286 2978 1431 3043 justo
1477 2978 1568 3030 Dei
1602 2978 1801 3045 judicio

231 3076 504 3140 evenisse,
537 3085 757 3139 ut,cum
786 3072 1155 3128 Occidentales
1175 3071 1380 3125 tristem
1414 3068 1651 3125 Orientis
1686 3076 1803 3121 sta-

235 3178 343 3221 tum
388 3167 703 3231 didicerint,
739 3166 970 3218 nomium
1007 3173 1181 3216 tamen
1214 3174 1367 3228 opem
1414 3158 1649 3211 tulerint.
1696 3154 1799 3210 Sed

237 3202 343 3221 tu...
388 3202 703 3231 υιυηωωι,
1008 3202 1181 3216 ......ν..
1215 3202 1367 3228 ore...
1418 3202 1649 3211 .-.-....-.
1696 3202 1798 3210 η-.-

236 3276 377 3313 nunc
411 3258 822 3312 demississimis
856 3255 1105 3325 precibus
1140 3262 1349 3322 rogant,
1374 3259 1430 3303 ut
1458 3251 1669 3303 tandem
1701 3248 1799 3299 ali-
1831 3202 1879 3262 ϐ

234 3350 450 3418 quando
477 3356 816 3411 succurrant,
859 3347 944 3398 tthi
973 3344 1151 3398 omnia
1187 3359 1215 3395 a
1263 3342 1461 3395 Sabino
1499 3340 1799 3392 didicerint.

234 3442 349 3495 Non
379 3442 524 3494 enim
553 3454 709 3492 uuam
743 3436 1033 3507 periclitari
1078 3434 1395 3495 Eeelesiam,
1436 3431 1529 3483 sed
1569 3429 1739 3484 ferme
1774 3444 1801 3481 a

235 3532 437 3587 ﬁnibus
468 3529 663 3598 Illyrici
700 3542 872 3597 usque
897 3529 962 3580 ad
999 3526 1324 3580 Thebaidem
1365 3523 1612 3579 haeresim
1654 3535 1807 3590 gras-

235 3625 367 3679 sari.
408 3623 548 3678 Hinc
596 3621 833 3676 confusa:
866 3620 1117 3674 Ecclesia:
1150 3619 1315 3687 leges,
1346 3616 1685 3686 episcopatus
1713 3612 1806 3664 im-

239 3718 426 3787 pietati
456 3716 508 3769 in
534 3713 817 3784 praemium
841 3712 1167 3781 propositus.
1203 3712 1421 3763 Summa
1455 3704 1707 3775 peccandi
1740 3703 1804 3755 li-

235 3814 445 3871 bertas,
499 3806 764 3877 epise0pis
800 3806 977 3859 omnia
1023 3804 1088 3856 ad
1128 3802 1351 3871 gratiam
1402 3811 1456 3853 et
1482 3797 1807 3865 voluptatem

239 3919 430 3958 eorum
466 3900 812 3961 facientibus,
838 3912 867 3950 a
900 3895 1094 3965 quibus
1131 3895 1497 3963 episcopatum
1529 3904 1807 3957 accepere.

242 3992 500 4047 Nonnulli
525 4005 711 4044 ansam
749 4003 896 4043 sanae
926 3986 1189 4041 doctrina:
1215 3984 1502 4053 arripiunt,
1532 3992 1590 4036 ut
1622 3983 1811 4034 adver-

243 4084 423 4137 sarios
455 4081 806 4135 ulciscantur.
850 4077 952 4130 Alii
991 4076 1314 4131 discordiam
1342 4073 1512 4136 alunt,
1550 4081 1608 4125 ut
1631 4070 1813 4124 crimi-

242 4192 312 4229 na
339 4190 438 4229 sua
472 4173 745 4229 occultent
797 4172 985 4241 Populi
1014 4186 1111 4240 pro
1135 4169 1405 4223 moenibus
1430 4166 1583 4221 εἰ]υεί
1606 4164 1702 4219 sub
1727 4164 1814 4218 dio

240 4282 439 4339 preces
469 4266 722 4329 fundunt,
749 4279 812 4319 ac
840 4262 1172 4331 precationis
1194 4262 1407 4321 domos,
1435 4268 1492 4311 ut
1524 4255 1814 4325 impietatis

244 4358 461 4415 scholas
486 4357 717 4426 fugiunt.
742 4356 1021 4425 Rogantur
1045 4366 1175 4421 ergo
1198 4349 1591 4407 Occidentales.
1622 4358 1679 4401 ut
1708 4348 1817 4401 cito

244 4452 428 4522 plures
484 4449 535 4503 in
584 4450 858 4503 Orientem
897 4446 1092 4499 fratres
1129 4443 1369 4504 mittant,
1412 4452 1468 4495 ut
1508 4455 1612 4494 non
1645 4440 1815 4493 solum

245 4545 513 4613 gravitate
569 4556 690 4602 sua,
744 4541 835 4594 sed
875 4540 1036 4593 etiam
1085 4549 1311 4588 numero
1362 4534 1569 4602 pondus
1621 4541 1673 4584 et
1722 4546 1819 4582 au-

246 4638 553 4690 ctoritatem
617 4634 844 4687 habeant
896 4632 961 4685 ad
1021 4626 1270 4683 haeresim
1336 4626 1708 4686 evertendam,
1767 4632 1820 4674 et

246 4728 591 4782 concordiam
634 4725 774 4778 ittter
814 4738 907 4776 eos
955 4722 1041 4790 qui
1090 4720 1229 4773 idem
1271 4717 1508 4771 sentiunt
1537 4716 1821 4769 restituen-

245 4824 391 4873 dam.

319 4910 453 4963 Cum
505 4906 828 4969 Dorotheus,
875 4903 964 4973 qui
1021 4902 1352 4971 aliquantum
1403 4900 1454 4953 in
1507 4896 1721 4966 Illyrico
1766 4906 1819 4949 et

247 5001 597 5057 Alexandria:
649 5009 890 5053 moratus
938 5005 1040 5057 est,
1090 5005 1217 5048 ante
1266 4994 1471 5047 Pascha
1517 4990 1818 5044 Ciesaream

248 5094 566 5157 advenerit;
620 5093 670 5145 id
705 5099 1023 5159 argumento
1056 5098 1139 5142 est
1181 5087 1465 5140 concilium
1519 5084 1821 5136 Romanum

252 5202 361 5240 non
389 5186 567 5240 serius
597 5183 763 5237 initiis
788 5182 910 5233 anni
933 5180 1037 5233 372
1070 5178 1307 5231 habitum
1335 5177 1498 5230 fuisse
1527 5176 1623 5244 (ὁ).
1650 5172 1823 5242 Rogat

252 5282 398 5332 enim
454 5276 727 5331 Meletiqu
785 5273 1034 5337 Basilius,
1091 5280 1149 5324 ut
1201 5271 1384 5323 statim
1443 5277 1563 5337 post
1612 5266 1819 5320 Pascha

254 5370 615 5429 Dorotneum,
646 5365 711 5419 ad
742 5365 1040 5434 propositas
1077 5377 1165 5415 res
1198 5352 1531 5429 peragetidas
1564 5357 1818 5409 dimittat.

256 5462 332 5515 Ex
375 5474 483 5529 quo
529 5460 731 5513 frustra
778 5454 1032 5523 conjicias
1077 5452 1306 5507 voluisse
1356 5449 1632 5511 Basilium,
1671 5458 1727 5501 ut
1782 5448 1825 5499 is

260 5553 487 5607 Romam
511 5551 737 5604 rediret.
768 5548 1049 5601 ltationem
1076 5546 1216 5601 enim
1242 5542 1409 5605 addit,
1438 5556 1534 5596 cur
1564 5555 1684 5595 eum
1710 5549 1827 5609 post

328 5758 409 5825 (η)
446 5757 661 5825 Socrat.
694 5753 798 5825 lib.
822 5769 902 5815 ιιι,
936 5768 979 5807 c.
1012 5750 1095 5804 15.

328 5822 405 5899 (b)
444 5826 538 5896 Ep.
572 5822 659 5888 89,
689 5840 741 5877 It.
774 5824 828 5876 3.

1874 602 2173 670 spectabat.

1959 691 2045 745 Vl.
2100 688 2380 746 Consuluit
2440 688 2689 742 Basilium
2743 695 2991 740 matrona
3043 679 3320 746 quaedam,
3375 688 3445 726 att

1884 785 2011 837 utile
2060 788 2130 838 sit
2170 781 2409 852 quotidie
2457 778 2883 843 communicare,
2930 782 2986 828 et
3035 772 3085 822 in
3138 766 3446 821 domesticis

1885 874 2353 927 communionibus
2384 887 2448 924 an
2484 870 2641 923 liceat
2674 868 2844 929 laicis,
2880 868 3102 921 absente
3133 860 3445 928 presbytero

1884 978 1976 1019 aut
2007 969 2253 1031 diacono,
2286 963 2713 1020 communionem
2738 959 2951 1027 pmpria
2983 970 3141 1008 manu
3176 951 3443 1015 accipere.

1894 1060 2102 1114 Laudat
2130 1058 2355 1111 Basilius
2394 1052 2825 1108 communionem
2864 1049 3256 1116 quotidianam,
3288 1054 3445 1108 quam

1890 1164 2066 1205 tamen
2098 1150 2296 1203 fatetur
2331 1148 2467 1215 apud
2496 1143 2855 1199 Ca'sarienses
2882 1139 3133 1191 usitatam
3166 1154 3269 1189 non
3304 1146 3445 1187 esse.

1888 1238 1994 1293 llos
2025 1236 2165 1292 enim
2215 1244 2402 1304 quater
2432 1230 2653 1299 singulis
2691 1223 3117 1280 hebdomadilms
3148 1218 3453 1271 communi-

1890 1343 2039 1392 care,
2068 1326 2340 1381 Dominica
2362 1323 2469 1384 die,
2495 1329 2686 1389 quarta
2712 1318 2816 1383 die,
2844 1316 2893 1366 in
2920 1313 3213 1365 Parasceve
3240 1318 3292 1361 et
3321 1307 3453 1360 Sab-

1888 1421 2035 1479 hato,
2068 1428 2121 1471 et
2145 1417 2263 1468 aliis
2298 1416 2510 1475 diebus,
2541 1412 2581 1463 si
2608 1410 2777 1463 Sancti
2806 1404 3034 1471 alicujus
3064 1408 3315 1453 occurrat
3338 1413 3451 1451 me-

1889 1513 2081 1565 moria.
2139 1508 2306 1561 Alteri
2369 1502 2649 1572 quu‘stioui
2705 1499 2990 1568 respondet
3046 1494 3176 1548 nihil
3233 1505 3453 1559 prorsus

1892 1600 2217 1656 incommodi
2270 1612 2406 1660 esse,
2472 1596 2513 1648 si
2564 1593 2684 1661 quis
2734 1585 3122 1659 persecutionis
3175 1592 3449 1649 tempore,

1887 1696 2107 1749 absente
2154 1689 2467 1761 presbytero
2505 1696 2559 1740 et
2600 1685 2846 1741 diacono,
2898 1674 3291 1731 Eucharistiam
3326 1686 3456 1739 pro-

1888 1789 2002 1857 pria
2035 1802 2192 1840 manu
2221 1782 2474 1850 accipiat.
2507 1780 2560 1832 ld
2593 1777 2733 1831 enim
2771 1783 2823 1828 et
2860 1770 3152 1825 monachos
3182 1768 3232 1820 in
3265 1764 3456 1819 solitu-

1892 1880 2128 1941 dinibus,
2158 1889 2211 1932 et
2256 1884 2693 1943 unumquemque
2735 1868 2799 1920 de
2838 1865 2990 1931 plebe
3030 1857 3365 1913 Alexandriae
3403 1861 3459 1907 et

1894 1972 1943 2024 in
1991 1972 2225 2040 Aigypto
2267 1970 2443 2021 facere
2486 1962 2681 2025 solere,
2717 1968 2775 2011 ut
2810 1953 3201 2010 Eueharistism
3239 1949 3453 1999 domum

1892 2062 2159 2123 auferant,
2212 2067 2266 2111 et
2296 2074 2391 2125 per
2433 2071 2492 2110 se
2530 2053 2627 2123 ipsi
2668 2046 3091 2105 communicent.
3123 2041 3290 2093 Porro
3334 2050 3456 2089 cum

1894 2153 2223 2208 sacrificium
2258 2150 2512 2202 sacerdos
2544 2142 2793 2207 absolvit,
2823 2140 2863 2193 si
2896 2138 3017 2206 quis
3051 2135 3115 2187 ab
3146 2147 3210 2184 eo
3246 2128 3458 2183 Eucha-

1894 2245 2104 2299 ristiatn
2134 2242 2199 2294 ad
2228 2240 2410 2309 plures
2438 2238 2547 2290 dies
2579 2235 2828 2303 accipiat,
2862 2233 2905 2284 is
2936 2246 2964 2283 a
3007 2224 3288 2281 sacerdote
3329 2235 3461 2273 cen-

1895 2350 2045 2393 setur
2070 2334 2337 2401 accipere,
2373 2330 2583 2399 quoties
2612 2326 2821 2396 propria
2853 2338 3009 2375 manu
3043 2312 3429 2372 communicat.

1967 2431 2112 2483 lianc
2142 2425 2422 2495 epistolam
2455 2423 2600 2477 circa
2644 2431 2843 2471 annum
2871 2413 2975 2467 572
3010 2410 3263 2476 scriptam
3294 2404 3467 2473 conji-

1896 2522 2091 2581 cimus,
2135 2518 2255 2585 quia
2302 2514 2607 2584 persecutio
2651 2505 2936 2579 prtesentia
2992 2499 3232 2556 Valentis
3282 2498 3466 2566 ingrag

1897 2626 2121 2665 vesceris
2166 2610 2218 2662 in
2249 2606 2466 2660 Oriente
2495 2614 2547 2657 et
2594 2601 2838 2656 finitimis
2880 2596 3031 2657 locis,
3076 2592 3288 2644 videtur
3321 2586 3448 2653 ejus-

1899 2704 2039 2758 modi
2090 2698 2372 2769 quaastioni
2423 2696 2597 2750 IOCllln
2648 2693 2876 2746 dedisse.
2923 2684 3181 2751 Quamvis
3221 2683 3361 2734 enim
3410 2678 3449 2731 it

1899 2794 2141 2863 pluribus
2165 2789 2296 2844 locis
2326 2784 2609 2845 Catholici,
2641 2792 2700 2833 ut
2726 2792 2892 2845 supra
2925 2776 3177 2832 vidimus,
3207 2770 3326 2825 odio
3357 2769 3456 2820 ha:-

1900 2890 2033 2940 resis
2075 2895 2226 2938 cura
2266 2880 2451 2933 urbem
2498 2877 2595 2929 sub
2627 2874 2712 2927 dio
2762 2876 3129 2941 precarentur,
3170 2876 3343 2930 neque
3383 2858 3465 2913 hia

1902 2976 2253 3031 conventibus
2278 2970 2576 3039 presbyteri
2606 2975 2660 3019 et
2686 2963 2899 3017 diaconi
2926 2960 3195 3017 deessent,
3226 2964 3285 3007 ut
3317 2962 3468 3021 patet

1902 3084 1967 3120 ex
2038 3066 2129 3119 lib.
2184 3079 2238 3118 tv
2304 3057 2653 3119 Theodoreti,
2704 3056 2791 3109 ubi
2858 3052 3129 3106 Modestus
3181 3046 3467 3100 Edessena

1907 3158 2048 3224 plebi
2102 3170 2199 3223 pro
2237 3153 2505 3207 mmnibus
2545 3149 2724 3203 effusa:
2768 3156 2988 3213 parcere
3031 3149 3278 3199 coactus,
3321 3133 3470 3188 solos

1909 3252 2087 3309 duces.
2126 3247 2177 3299 id
2220 3254 2301 3299 est
2346 3243 2689 3313 presbyteros
2712 3247 2767 3291 et
2808 3238 3080 3297 diaconos,
3116 3227 3470 3294 aggreditur;

1909 3356 2011 3394 non
2036 3350 2210 3412 tamen
2239 3335 2518 3408 probabile
2539 3343 2621 3388 est
2647 3330 2973 3385 sacrificium
3000 3326 3098 3377 sub
3122 3323 3208 3374 dio
3230 3320 3468 3373 oblatum

1909 3410 2092 3493 fuisse,
2128 3430 2219 3482 sed
2239 3404 2465 3479 tantum
2496 3424 2546 3475 in
2589 3420 2813 3487 privatis
2850 3416 3074 3470 aedibus.
3123 3409 3272 3465 Unde
3315 3404 3468 3458 Basi-

1907 3524 2011 3576 lius
2050 3522 2099 3574 in
2131 3522 2288 3587 epist.
2319 3516 2450 3579 ‘lI3,
2483 3533 2535 3568 ιι.
2571 3514 2643 3566 5:
2686 3512 2881 3564 Vocant
2919 3506 3112 3557 altaria
3145 3502 3289 3555 cultu
3313 3497 3474 3566 spiri-

1910 3612 2059 3665 tunli.
2110 3610 2233 3663 Non
2273 3609 2386 3678 jam
2440 3613 2715 3657 conuentus
2769 3598 3260 3653 Christianorum...
3314 3604 3474 3658 nequ:

1912 3704 2058 3753 beata
2092 3700 2185 3752 illa
2233 3699 2525 3750 animarum
2577 3692 2879 3755 exsultatio,
2920 3703 3037 3757 qua:
3086 3701 3149 3737 ea:
3188 3679 3476 3753 synaxibus

1912 3806 1958 3847 et
1991 3790 2457 3846 communicatione
2485 3789 2744 3838 donorum
2768 3779 3123 3849 spiritualium
3154 3816 3168 3839 ,
3195 3771 3473 3827 animabus

1913 3885 2230 3940 credentium
2260 3882 2310 3933 in
2332 3881 2612 3933 Dominum
2637 3874 2949 3928 innascitur.
2970 3871 3146 3933 Quare
3171 3881 3232 3919 cu
3246 3880 3295 3917 ιιι
3317 3862 3479 3917 sacri-

1916 3978 2092 4031 lieium
2130 3989 2234 4027 non
2264 3982 2372 4024 tam
2416 3971 2727 4035 frequenter
2766 3960 3028 4016 celebrari
3067 3966 3265 4025 posset,
3313 3969 3475 4023 quam

1914 4068 2087 4137 pietas
2149 4062 2384 4117 fidelium
2423 4060 2665 4126 Optabat,
2712 4066 2933 4107 necesse
2976 4058 3095 4102 erat
3146 4056 3203 4101 ut
3262 4060 3477 4100 sacrum

1918 4158 2228 4210 alimentqu
2260 4151 2359 4206 sibi
2392 4153 2442 4201 iu
2474 4148 2666 4200 multos
2695 4144 2809 4197 dies
2835 4140 3197 4211 providerent.

1990 4248 2171 4302 Basilii
2200 4262 2302 4299 non
2333 4257 2452 4297 esse
2479 4242 2616 4294 hanc
2640 4236 2915 4305 epistolam
2949 4232 3256 4298 suspicatur
3282 4223 3484 4278 doctis-

1921 4344 2091 4396 simus
2135 4338 2400 4393 Arnaldus
2449 4332 2518 4402 (c)
2572 4348 2584 4384 :
2638 4330 2730 4383 sed
2793 4326 2995 4381 nullam
3051 4319 3319 4389 opinionis
3373 4331 3485 4370 sua:

1923 4436 2183 4487 rationem
2222 4428 2399 4481 affert.
2430 4423 2657 4492 Conjicit
2689 4415 3069 4473 Tillemontius
3094 4408 3347 4479 longioris
3373 4408 3488 4475 epi-

1850 4550 1901 4607 ι)
1927 4524 2076 4578 stulte
2102 4522 2459 4590 fragmentum
2488 4531 2629 4576 eSse,
2659 4521 2717 4565 et
2741 4507 2971 4562 Cmsaria
2984 4522 3030 4558 ιιι
3065 4500 3375 4563 Patriciam,
3401 4497 3489 4551 cui

1930 4617 2181 4684 inscripta
2206 4623 2307 4674 est,
2338 4625 2562 4663 uxorem
2591 4618 2707 4658 esse
2733 4599 2963 4657 Petronii
3000 4593 3237 4667 patricii,
3262 4590 3349 4661 qui
3380 4590 3488 4643 Vat-

1929 4702 2085 4755 lentis
2125 4715 2280 4754 socer
2325 4697 2442 4755 fuit,
2487 4710 2549 4747 ac
2578 4692 2722 4745 solus
2768 4690 2849 4743 his
2898 4684 3227 4752 temporibus
3279 4680 3490 4751 patricii

1928 4788 2472 4862 tIignitatemItabttil.
2504 4786 2609 4840 Sed
2638 4793 2693 4834 ut
2719 4780 2965 4834 omittam
2993 4775 3229 4830 Gmsario
3268 4770 3495 4841 patricio

1929 4884 2210 4955 epistolam
2250 4878 2469 4935 inscribi
2511 4876 2563 4931 in
2609 4874 2793 4929 codice
2826 4867 3157 4929 Colbertiuo,
3188 4880 3253 4918 ac
3286 4861 3491 4929 simpli-

1925 4980 2061 5032 citer
2098 4975 2334 5029 Caesarie
2360 4972 2412 5057 ito
2445 4984 2550 5021 uno
2574 4983 2636 5020 ex
2673 4965 2855 5033 Regiis
2883 4961 3189 5024 codicibus;
3219 4964 3366 5011 certe
3396 4955 3489 5008 ho:

1928 5068 2175 5126 Patricia:
2206 5045 2395 5118 nomen
2424 5078 2525 5114 non
2554 5055 2859 5111 necessario
2883 5051 3196 5120 dignitatem
3224 5045 3479 5111 designat.

2487 5149 2714 5207 CAPUT
2749 5146 2931 5203 XXIII.

2011 5252 2285 5306 Autliiutus
2321 5246 2605 5317 Tyiinensis
2643 5241 3037 5317 metropolitano
3066 5234 3194 5317 λιιι-α
3229 5233 3280 5311 in
3312 5247 3497 5317 secun-

2014 5301 2542 5387 i—iim-C’nppatlaociam
2576 5315 2672 5366 sibi
2703 5301 2937 5379 arrogat.
2973 5307 3034 5361 II.
3060 5301 3340 5387 Gregorius
3380 5301 3494 5387 ἐγα-

2010 5371 2291 5444 ;ὶ(ιη;εηιιξ
2325 5389 2521 5442 Basilio
2555 5400 2760 5452 operam
2792 5371 3344 5452 suantjiorrigitz'lllL
3371 5371 3497 5422 lla"

2008 5464 2262 5515 «(assensio
2288 5440 2539 5525 ortaipost
2572 5440 2857 5525 discessum
2899 5440 3147 5525 Valentis.
3178 5443 3261 5523 I_V.
3299 5440 3498 5517 Pugnm

2011 5550 2167 5601 prope
2201 5529 2405 5583 Susimn
2428 5512 2652 5580 'interest
2695 5519 2978 5589 Gregorius
3016 5532 3075 5569 ac
3111 5515 3310 5567 rediens
3352 5512 3499 5565 ordi-

2022 5734 2089 5807 (ε)
2130 5734 2287 5805 Freq.
2327 5750 2456 5787 com.
2488 5730 2580 5785 lib.
2604 5745 2644 5796 ι,
2673 5744 2719 5782 c.
2757 5724 2810 5779 8.
