4038 6478
535 429 598 466 sc
1871 405 2399 462 PliOLECOhIENA.

603 539 757 580 mitur
809 527 1134 580 Susiinormn
1182 527 1465 588 t~pi.-.-rt>nns.
1490 561 1499 570 ι
1521 526 1580 578 γ.
1630 527 1980 594 Reprehensus
2040 527 2099 578 ob
2135 534 2178 586 Α
2207 525 2490 580 discordia:
2516 535 2710 595 repetit
2739 540 2801 580 ex
2832 526 3053 589 invidia,
3084 525 3460 594 episcoporum
3491 523 3766 588 videiicct,

602 601 733 650 hunc
774 599 1149 648 ordinutimmn
1184 595 1430 646 lius-inus.
1475 597 1554 647 \'|.
1599 596 1812 650 Peracta
1860 609 1930 649 est
1985 596 2098 648 Na-

605 669 797 726 zianzi,
831 677 876 716 et
921 668 1032 728 ipso
1076 668 1155 717 a’ie
1185 663 1459 732 Gregorius
1500 671 1787 720 orationem
1823 667 2098 731 septimam

603 738 924 802 pronuntiat.
962 735 1065 787 Vli.
1098 733 1269 786 Paulo
1298 745 1406 794 post
1437 737 1683 788 invisitnr
1709 756 1739 790 a
1784 735 2018 801 Nysseno
2051 747 2095 787 et

605 809 891 858 orationem
942 815 1142 857 sextum
1199 805 1366 856 habet.
1418 805 1548 857 \‘lli.
1601 806 1758 870 Fuqit
1816 806 2097 872 Gregorius

605 876 820 940 objectis
856 873 1094 929 Snsimis.
1127 887 1173 925 et
1204 876 1432 926 dolorem
1471 893 1621 927 suum
1667 877 1864 931 Basilio
1895 876 2100 944 signi/i-

601 955 684 999 ent
714 948 947 1012 pluribus
974 944 1188 998 litteris.

603 1079 642 1134 l.
681 1078 883 1134 Divisio
916 1079 1287 1149 Cappatlocim,
1325 1094 1387 1132 ex
1429 1097 1530 1149 qua
1573 1091 1645 1135 tot
1693 1081 1828 1134 mala
1868 1082 1918 1134 in
1961 1083 2097 1136 hanc

531 1171 863 1240 provinciam
913 1171 1125 1225 ﬂuxisse
1169 1171 1422 1230 vidimus.
1479 1174 1543 1224 ad
1596 1173 1763 1240 ipsius
1813 1175 1973 1228 etiam
2022 1176 2093 1226 rei

532 1261 909 1316 ecclesiasticae
955 1261 1412 1329 perturbationem
1462 1262 1797 1318 redundavit.
1851 1267 1926 1333 (tt)
1985 1267 2094 1315 Au-

533 1353 736 1407 thimus
761 1352 1055 1422 Tyancnsis
1089 1353 1371 1420 cpiscopus
1405 1354 1766 1406 contendebat
1795 1356 1932 1408 hanc
1967 1353 2097 1406 civi-

534 1453 720 1505 tatem,
755 1457 870 1509 qua:
914 1442 1164 1494 secundae
1213 1441 1566 1510 Cappadocia:
1615 1444 1925 1512 metropolis
1962 1441 2095 1494 facta

533 1533 728 1594 fuerat,
775 1532 962 1586 eodem
993 1532 1113 1598 jure
1153 1534 1204 1586 in
1240 1533 1624 1589 ecclesiasticis
1653 1535 1812 1588 rebus
1851 1550 1968 1588 esse
2003 1535 2096 1586 de-

533 1624 680 1678 bere.
723 1622 922 1676 Contra
965 1623 1193 1677 Basilins
1229 1627 1393 1678 veteri
1439 1627 1815 1679 consuetudini
1853 1641 1916 1677 ac
1960 1625 2099 1677 divi-

529 1711 666 1761 sioni
717 1726 747 1764 a
791 1710 1031 1780 patribus
1072 1711 1229 1765 iactae
1278 1713 1669 1766 inlunrendum.
1714 1713 1895 1766 Basilii
1936 1729 2100 1768 causa

530 1801 717 1856 multis
746 1802 1054 1855 nominibus
1087 1803 1260 1870 potior
1287 1803 1454 1857 videri
1485 1813 1715 1872 poterat.
1752 1804 1905 1869 Nam,
1937 1813 1994 1857 ut
2024 1806 2103 1860 ait

531 1893 584 1944 in
630 1909 686 1946 re
733 1892 890 1943 simili
931 1891 1271 1946 Innocentius
1308 1893 1363 1959 Ι,
1401 1895 1452 1947 in
1499 1895 1720 1964 epistola
1759 1897 1822 1948 ad
1865 1897 2098 1952 Alexan-

530 1987 686 2036 drum
717 1983 1135 2048 Antiochenum,
1178 2001 1280 2036 non
1316 1986 1458 2038 decet
1508 1986 1576 2038 ad
1625 1985 1965 2039 mobilitatem
2013 2005 2100 2040 ne-

531 2080 832 2132 cessitatum
882 2079 1268 2130 mundanorum
1298 2077 1394 2130 Dei
1435 2076 1722 2130 Ecclesium
1758 2080 2098 2140 commutari;

529 2174 849 2238 honoresque
870 2181 958 2220 aut
983 2170 1258 2222 divisiones
1281 2169 1493 2235 perpeti,
1519 2185 1649 2235 quas
1671 2187 1765 2236 pro
1790 2172 1902 2223 suis
1925 2173 2099 2222 causis

532 2261 797 2328 faciendas
825 2261 1034 2312 duxerit
1065 2261 1365 2328 imperator.
1403 2259 1531 2323 Sed,
1561 2262 1702 2331 quod
1739 2262 1978 2314 Anthimi
2013 2277 2100 2316 res

530 2355 815 2426 plurimum
849 2354 1130 2420 promovit,
1162 2354 1427 2422 episcopis
1461 2354 1813 2422 Cappadociae
1854 2370 1958 2408 non
1989 2356 2099 2408 dis-

531 2445 717 2512 plicuit
773 2444 987 2497 occasio
1068 2444 1343 2511 rejiciendi
1398 2445 1603 2507 Basilii,
1653 2445 1739 2497 cui
1797 2446 1970 2498 tribus
2030 2446 2096 2499 dc

531 2536 712 2589 causis
755 2536 914 2590 amici
969 2551 1070 2590 non
1110 2545 1280 2589 erant.
1323 2533 1453 2586 Nam
1504 2549 1600 2588 nec
1636 2534 1686 2588 iu
1738 2535 1840 2590 ﬁde
1871 2551 1994 2590 cum
2035 2551 2100 2589 eo

529 2628 964 2689 consentiebant,
998 2626 1097 2679 nisi
1130 2634 1388 2694 quantum
1435 2625 1483 2677 id
1517 2624 1668 2694 ipsis,
1707 2635 1930 2696 cogente
1959 2627 2097 2681 mul-

532 2719 776 2779 titudine,
817 2717 1119 2771 faciendum
1169 2725 1324 2781 erat;
1367 2732 1465 2770 nec
1509 2728 1827 2786 conceptmn
1861 2719 2098 2773 dolorem

529 2823 594 2860 ex
644 2808 786 2861 illius
835 2809 1174 2862 ordinatione
1223 2808 1631 2875 deposuerant:
1677 2818 1728 2860 et
1772 2807 1940 2876 gloria
1991 2819 2096 2861 tam

531 2898 687 2966 longe
719 2899 785 2951 ab
829 2913 892 2951 eo
920 2900 1164 2966 superari
1196 2901 1636 2952 molestissimum
1671 2900 1774 2952 illis
1801 2910 1940 2961 erat,
1975 2899 2100 2952 licet

532 2990 691 3044 fateri
725 2990 1115 3057 turpissimum.
1149 2990 1272 3043 llzec
1297 2991 1553 3044 discimus
1580 3005 1645 3045 ex
1675 2991 1962 3060 Gregorio,
1995 3007 2094 3045 cu-

524 3083 618 3149 jus
649 3081 1015 3135 testimonium
1056 3082 1341 3135 conﬁrmat
1377 3081 1611 3137 Basilius
1646 3082 1697 3136 in
1733 3082 1956 3151 cpistola
1987 3081 2055 3138 98
2081 3124 2108 3147 ,.

533 3177 583 3229 in
635 3191 738 3245 qua
781 3174 857 3244 (ιι.
909 3174 964 3241 2)
1013 3175 1090 3228 sic
1141 3176 1373 3244 loquitur
1418 3177 1483 3230 de
1527 3176 1793 3246 episcopis
1851 3177 2099 3231 secunda:
2129 3203 2167 3251 (ς

529 3266 882 3334 Cappadocia:
914 3285 926 3318 :
964 3265 1250 3335 Postquam
1299 3267 1539 3330 alterius,
1576 3267 1771 3334 inquit,
1815 3269 2097 3334 provincia:

532 3373 715 3410 nomen
742 3358 1057 3423 habuerunt,
1090 3358 1266 3409 subito
1303 3358 1670 3409 existimarunt
1699 3374 1754 3410 se
1791 3373 1855 3409 ea:
1899 3359 2006 3409 alia
2038 3375 2100 3410 ac

531 3466 623 3502 nos
651 3451 858 3502 natione
886 3459 932 3500 et
960 3459 1107 3516 gente
1129 3463 1262 3509 esse,
1293 3456 1601 3518 tantumque
1629 3465 1721 3502 nos
1759 3449 2094 3516 ignorarunt,

532 3552 782 3612 quantum
815 3540 904 3611 qui
947 3540 1147 3593 nullum
1191 3556 1405 3606 prorsus
1448 3540 1738 3610 periculum
1782 3540 1970 3610 fecere,
2006 3557 2099 3594 nec

533 3649 760 3698 unquam
789 3634 840 3684 in
877 3631 1194 3699 colloquium
1224 3643 1490 3684 venerunt.
1532 3633 1608 3686 De
1636 3633 1765 3701 ipsis
1797 3633 1959 3686 etiam
1983 3633 2098 3700 epi-

533 3725 713 3789 scopis
739 3723 924 3789 primze
951 3721 1298 3786 Cappadocia:
1325 3731 1636 3787 querentem
1673 3721 1975 3775 videbimus
1997 3721 2101 3776 Ba-

532 3813 710 3865 silium
756 3813 809 3865 in
855 3812 1097 3881 epistolis
1129 3811 1253 3864 anni
1285 3811 1562 3880 sequentis
1591 3812 1656 3866 ad
1699 3813 1756 3866 S.
1806 3813 2098 3868 Eusebium

531 3907 989 3959 Samosatensem.

612 3999 889 4052 \nthimus
927 4000 1026 4051 hoc
1077 3997 1329 4066 przesidio
1381 3997 1622 4052 munitus
1663 3997 1829 4066 cmpit
1857 4012 2094 4054 conven-

534 4102 617 4144 tus
638 4106 664 4142 a
695 4091 893 4144 Basilio
919 4099 1185 4154 avertere,
1227 4091 1432 4144 reditus
1469 4091 1722 4146 Ecclesia:
1744 4091 2100 4146 Caesariensis

533 4176 786 4244 diripere,
831 4176 1192 4230 Ecclesiarum
1243 4179 1590 4248 presbyteros
1646 4181 1845 4248 partim
1887 4194 2096 4234 sermo-

532 4285 658 4321 num
706 4269 984 4322 blanditiis
1035 4269 1274 4336 allicere,
1320 4272 1518 4340 partim
1562 4271 1838 4339 expellere
1873 4282 1926 4325 et
1965 4272 2099 4325 alios

533 4362 886 4416 substituere.
945 4361 1001 4415 Si
1037 4361 1167 4429 quid
1219 4371 1396 4416 autem
1454 4363 1520 4416 de
1584 4362 1774 4417 Basilii
1835 4364 2100 4417 reditibus

535 4450 888 4517 praedaretur,
937 4453 1231 4518 speciosam
1277 4453 1562 4508 latrocinio
1607 4463 1662 4507 et
1689 4454 1929 4506 avaritia:
1965 4469 2099 4508 cau-

539 4556 654 4591 sam
715 4541 1068 4607 prmtexebat,
1119 4541 1254 4594 lilios
1298 4542 1610 4610 Spirituales
1653 4554 1708 4596 et
1763 4544 2016 4608 animas,
2045 4552 2098 4596 et
2130 4533 2176 4589 υ

537 4630 655 4684 fidei
690 4630 1024 4694 doctrinam,
1067 4629 1304 4698 itemque
1350 4632 1504 4698 illud,
1538 4633 1800 4687 tributum
1841 4649 1945 4686 non
1981 4649 2101 4688 esse

536 4723 803 4776 ha'reticis
831 4724 1185 4792 pendendum.

605 4811 667 4866 il.
709 4813 841 4867 Erat
868 4814 1132 4880 ejusmodi
1163 4813 1358 4869 bellum
1389 4822 1441 4868 et
1465 4815 1734 4884 episcopis
1763 4831 1984 4884 prorsus
2017 4818 2100 4869 inn-

536 4898 846 4968 honestum,
891 4917 948 4958 et
994 4903 1206 4973 populis
1243 4906 1627 4974 perniciosum.
1678 4907 1812 4961 Cum
1862 4910 2101 4962 audisset

531 4995 824 5063 Gregorius
855 4995 1052 5049 Basilio
1094 4996 1372 5050 molestias
1410 4999 1674 5064 exhiberi,
1705 4999 1945 5052 debitum
1973 4999 2098 5052 huic

535 5087 755 5154 tempori
809 5087 1042 5140 oiiicium
1097 5102 1201 5140 non
1261 5090 1612 5156 przetermisit
1662 5090 1761 5160 (ὁ).
1814 5089 1981 5144 Suam
2047 5093 2101 5144 ei.

531 5179 727 5230 obtulit
755 5193 1001 5247 operam,
1033 5194 1201 5247 seque
1229 5179 1536 5232 Czesaream
1573 5189 1856 5232 venturum
1891 5183 2097 5249 promi-

530 5272 620 5330 sit.
675 5271 716 5322 si
763 5272 830 5323 ita
866 5271 1059 5324 Basilio
1095 5271 1389 5332 videretur,
1430 5279 1542 5320 tum
1586 5281 1642 5321 ut
1692 5285 1815 5323 cum
1871 5271 2096 5322 consilio

530 5362 762 5428 juvaret,
818 5371 925 5413 tum
987 5371 1042 5414 ut
1093 5361 1444 5412 contumelias
1497 5375 1616 5412 cunt
1672 5376 1736 5413 eo
1784 5361 2094 5428 partiretur.

530 5454 844 5520 Quanquam
894 5453 1133 5505 declarat
1173 5468 1229 5504 sc
1277 5467 1380 5504 non
1417 5461 1682 5514 metuere,
1727 5465 1792 5504 nc
1836 5451 1962 5518 quid
1999 5451 2096 5501 Ba-

531 5545 684 5598 silius
741 5546 1019 5616 indiguum
1095 5545 1429 5616 philusoyhia
1489 5545 1812 5598 committat.
1866 5542 2092 5597 Causmu

595 5679 667 5744 (ei
721 5679 842 5734 Nat.
873 5699 954 5735 or.
989 5682 1080 5738 ‘20.

601 5754 673 5816 tit)
719 5752 844 5804 λιιι.
879 5768 961 5817 cp.
1005 5754 1093 5806 ‘23.

614 5821 679 5894 (c)
729 5825 892 5891 Lpist.
925 5823 1010 5877 8'2.

2189 2724 2498 2791 amplitudo
2551 2721 2846 2786 agebantur
2887 2735 2897 2769 :

2204 617 2398 686 quibus
2441 617 2541 672 huc
2574 617 2759 670 vitium
2793 619 3036 671 attribuit
3064 617 3118 670 in
3151 625 3292 668 orat.
3319 616 3412 667 ‘20.
3450 615 3556 671 Sed
3584 628 3762 669 tamen

2205 709 2383 777 plures
2429 722 2493 760 cx
2553 709 2639 766 iis,
2691 708 2778 775 qui
2834 707 3015 760 Basilii
3058 709 3197 762 latus
3252 706 3558 775 cingebant,
3612 717 3763 762 extra

2203 801 2410 867 culpam
2461 817 2564 853 non
2599 816 2718 854 csse
2767 801 3097 866 pronuntiat,
3130 810 3187 854 ut
3238 802 3327 870 qui
3361 802 3635 852 commoda
3668 816 3764 852 sua

2205 909 2297 960 per
2327 891 2582 943 Basilium
2613 899 2875 960 quzcrant,
2913 901 2969 944 ct
3007 891 3360 946 dissensionis
3397 889 3636 943 fomitem
3667 907 3761 945 ac-

2203 985 2450 1036 cendant.
2487 980 2683 1036 Censet
2726 983 3101 1036 Tillemontius
3151 983 3416 1036 Eustalhii
3469 981 3765 1050 discipulos

2203 1074 2270 1124 ab
2311 1087 2374 1126 eo
2425 1072 2696 1136 designari
2738 1092 2748 1126 :
2799 1088 2972 1142 neque
3018 1074 3129 1125 lucc
3171 1072 3537 1140 improbabilis
3581 1073 3767 1138 conje-

2202 1176 2370 1216 ctura.
2404 1162 2626 1218 Videtur
2676 1165 2820 1216 enim
2861 1165 3142 1218 Eustathio
3191 1165 3397 1218 amicus
3441 1180 3543 1218 non
3596 1164 3762 1217 fuisse

2201 1258 2508 1320 Anthimus,
2542 1258 2632 1326 qui
2685 1272 2806 1309 cmn
2843 1258 3115 1311 ha:relicis
3147 1258 3479 1325 pendendum
3510 1271 3611 1309 non
3641 1271 3762 1308 esse

2204 1351 2458 1400 trilmtum
2485 1349 2707 1413 diceret,
2742 1360 2846 1400 tam
2881 1348 3164 1403 inheneste
3195 1349 3532 1402 conviciandi
3569 1363 3760 1402 ansam

2203 1443 2415 1496 aliunde
2441 1441 2681 1509 arripere
2715 1456 2816 1492 non
2867 1442 3056 1507 potuit,
3104 1457 3264 1510 quant
3313 1455 3377 1494 ex
3411 1438 3594 1492 Basilii
3636 1454 3760 1492 eum

2204 1533 2484 1587 Eusmthio
2534 1531 2931 1598 conjunctione.
2975 1531 3261 1600 Postquam
3311 1531 3570 1585 Basiliqu
3626 1534 3769 1586 inter

2201 1636 2250 1676 ct
2281 1624 2614 1679 Eustathium
2647 1634 2796 1692 rupta
2828 1625 3156 1689 communio,
3187 1625 3416 1679 Basilius
3446 1623 3759 1676 Authimnm

2202 1723 2357 1768 vocat
2388 1715 2691 1767 unanimem
2721 1729 2873 1767 suum
2902 1716 2954 1767 in
2985 1714 3145 1782 epist.
3177 1714 3303 1774 ‘2l0,
3334 1733 3385 1768 ιι,
3416 1714 3468 1770 5.
3508 1712 3621 1766 Non
3657 1712 3761 1763 im-

2203 1807 2475 1874 probabile
2519 1821 2646 1875 ergo
2676 1819 2756 1860 est
2786 1807 3050 1860 Eustathii
3086 1806 3399 1872 discipulos,
3445 1823 3563 1860 cum
3605 1802 3767 1857 intel-

2202 1899 2424 1966 ligerent
2471 1899 2597 1966 quid
2641 1899 2704 1949 de
2735 1901 2860 1966 ipsis
2895 1900 3120 1951 sentiret
3172 1897 3482 1961 Anthimus,
3527 1913 3623 1967 pro
3654 1911 3755 1950 sua

2202 2001 2353 2058 parte
2381 1989 2620 2045 fomitem
2650 1990 3003 2042 dissensionis
3034 1989 3354 2043 incendisse.

2273 2082 2587 2138 Necessario
2626 2081 2905 2134 referenda
2937 2091 3022 2133 est
3054 2082 3117 2132 ad
3146 2095 3285 2145 eam,
3323 2094 3482 2148 quam
3515 2081 3762 2142 dicimus,

2201 2174 2523 2228 discordiam
2562 2173 2678 2227 liiBC
2707 2170 3034 2225 Nazianzeni
3067 2169 3315 2236 cpistola.
3357 2168 3427 2222 Ut
3453 2171 3595 2221 cnim
3631 2171 3767 2221 invi-

2202 2266 2344 2317 diam
2377 2266 2750 2335 episcopnrum
2778 2275 2828 2316 et
2858 2261 3026 2315 factas
3055 2260 3258 2314 Basilio
3294 2259 3517 2325 injurias
3542 2270 3767 2326 prmler-

2203 2357 2409 2408 mittam
2432 2395 2445 2418 ,
2484 2356 2593 2423 ipsa
2631 2356 2716 2406 illa
2759 2371 2902 2421 Spes,
2930 2367 3093 2422 quam
3132 2350 3232 2404 sibi
3260 2349 3556 2418 Gregorius
3585 2349 3765 2400 inesse

2204 2458 2450 2508 testatur,
2485 2447 2615 2500 nihil
2649 2447 2911 2500 facturum
2945 2446 3219 2509 Basilium,
3243 2444 3383 2512 quod
3416 2440 3759 2509 pltilOSOpltia

2203 2541 2478 2608 indignum
2506 2539 2597 2603 sit,
2624 2540 2822 2606 optimc
2845 2538 3092 2603 congruit
3118 2533 3377 2602 ejusmodi
3407 2530 3758 2590 dissensioni,

2203 2632 2252 2684 iu
2285 2645 2391 2700 qua
2432 2645 2535 2683 non
2572 2631 2699 2682 iides
2731 2640 2821 2680 aut
2859 2629 3124 2686 doctrina,
3173 2627 3265 2678 sed
3306 2625 3505 2678 reditus
3537 2633 3590 2676 et
3621 2622 3767 2676 sedis

2948 2718 3140 2768 deinde
3188 2730 3314 2766 vero
3367 2715 3618 2768 exhibita:
3662 2714 3764 2766 Illa:

2202 2811 2456 2864 molestia:
2483 2810 2543 2862 ob
2576 2821 2825 2860 recentem
2857 2823 3030 2859 rerum
3067 2805 3420 2868 uacationem,
3455 2814 3502 2856 et
3545 2812 3658 2855 orta
3683 2817 3766 2855 ex,

2200 2902 2479 2967 sap/tisttca
2509 2901 2736 2970 quadam
2779 2910 2823 2953 et
2865 2901 3062 2952 usitata
3095 2912 3295 2960 eorum,
3327 2898 3414 2964 qui
3445 2911 3618 2948 rerum
3669 2912 3767 2964 po-

2201 2993 2427 3055 tiuntur,
2466 2993 2770 3045 curiositate
2805 2995 3034 3060 negotia,
3065 3005 3168 3044 non
3206 2999 3430 3060 possunt
3459 2991 3526 3044 ad
3555 2989 3763 3057 Cappa-

2201 3086 2370 3140 docia:
2408 3086 2720 3140 divisionem
2757 3099 2861 3137 non
2899 3083 3105 3137 referri.

2274 3179 2358 3232 lli.
2409 3179 2732 3232 Divisionem
2781 3176 2990 3227 civilem
3043 3173 3395 3241 Cappadociae
3433 3186 3536 3223 non
3579 3169 3766 3223 statim

2203 3278 2388 3324 secuta
2442 3277 2523 3320 est
2578 3265 2962 3320 ecclesiastica:
3017 3262 3305 3330 provincia:
3353 3261 3568 3314 divisio.
3628 3259 3767 3315 Nam

2204 3362 2373 3428 prima
2407 3359 2506 3415 sub
2532 3358 2738 3412 initium
2775 3355 2966 3409 hiemis
2994 3355 3262 3418 instituta,
3289 3353 3455 3407 altera
3480 3367 3608 3405 vero
3636 3363 3760 3421 post

2201 3453 2494 3504 discessum
2530 3449 2788 3511 Valentis,
2820 3448 2868 3500 id
2899 3457 3000 3508 est,
3031 3448 3176 3500 circa
3223 3460 3460 3499 mensem
3506 3443 3765 3498 Martium

2201 3542 2361 3609 hujus
2390 3539 2514 3594 anui
2539 3539 2661 3594 572.
2699 3540 2801 3592 Res
2826 3538 3036 3609 probari
3072 3546 3244 3606 potest
3269 3551 3373 3589 non
3402 3536 3648 3590 obscuris
3675 3535 3761 3587 in-

2202 3633 2374 3687 diciis.

2277 3727 2325 3780 ιυ
2378 3725 2598 3778 Summa
2641 3733 2757 3777 erat
2794 3723 3168 3792 episcoporum
3197 3720 3482 3774 concordia
3514 3719 3771 3772 smviente

2202 3819 2595 3888 persecutione,
2648 3826 2706 3870 ut
2755 3824 2980 3870 testatur
3027 3813 3256 3868 Basilius
3294 3813 3364 3882 (c)
3411 3812 3464 3864 in
3501 3809 3721 3880 epistola
3749 3849 3766 3874 ,

2203 3927 2362 3980 quam
2397 3921 2521 3963 tunc
2551 3911 2615 3963 ad
2662 3911 2720 3963 S.
2754 3907 3113 3961 Athanasium
3147 3905 3439 3959 scribebat.
3477 3903 3584 3957 Nec
3635 3918 3770 3958 sane

2201 4016 2382 4074 aptmn
2415 4014 2532 4059 erat
2565 4003 2746 4056 litibus
2786 4001 3173 4070 persequendis
3214 3999 3315 4053 hoc
3349 4007 3584 4065 tempus,
3620 3997 3768 4066 quod

2199 4099 2410 4150 animos
2449 4099 2513 4148 ad
2547 4099 2848 4150 communis
2880 4109 3056 4147 causa:
3092 4091 3457 4145 defensionem
3508 4103 3767 4142 revocare

2201 4189 2402 4242 debuit.
2438 4187 2698 4240 Praeterea
2731 4200 2831 4238 non
2864 4187 3044 4237 statim
3076 4182 3277 4250 Tyanis
3305 4181 3539 4233 secunda
3567 4189 3769 4234 metro-

2201 4279 2337 4349 polis
2368 4279 2680 4340 constituta,
2721 4276 2811 4329 sed
2858 4290 2984 4344 pars
3031 4273 3194 4327 curia:
3223 4271 3536 4325 Podandum
3593 4274 3768 4340 primo

2205 4364 2456 4418 translata
2505 4364 2726 4418 fuerat:
2776 4364 2914 4416 unde
2949 4377 3052 4414 non
3106 4363 3300 4413 mirum
3347 4368 3449 4423 est,
3506 4361 3548 4413 si
3593 4361 3772 4414 serius

2205 4465 2325 4507 Irata
2363 4454 2620 4507 Anthimo
2645 4453 3038 4520 jurisdictionis
3065 4450 3174 4504 sibi.
3194 4450 3509 4518 arrogandze
3530 4451 3766 4504 occasio.

2271 4545 2328 4596 2ο
2369 4542 2457 4596 Sic
2498 4543 2744 4596 discessit
2771 4542 3013 4595 Caesarea
3044 4539 3238 4593 Valens
3261 4549 3318 4592 ut
3349 4538 3543 4593 Basilio
3569 4542 3767 4591 mirum

2203 4636 2252 4688 in
2281 4637 2496 4688 modum
2531 4634 2752 4687 faveret.
2781 4633 2958 4697 Quare
2988 4633 3030 4685 si
3060 4646 3124 4684 eo
3155 4641 3421 4698 praesente
3451 4639 3763 4684 controver-

2200 4727 2277 4780 sia
2312 4727 2611 4794 erupisset,
2644 4726 2774 4778 satis
2805 4726 2952 4776 dura:
2996 4723 3240 4776 Anthimi
3281 4732 3461 4791 partes
3494 4721 3769 4785 fuissent,

2202 4814 2290 4881 qui
2321 4822 2494 4866 tamen
2529 4813 2595 4865 ab
2629 4813 2756 4881 ipsis
2787 4811 2951 4865 initiis
2983 4811 3129 4864 velut
3179 4813 3229 4864 in
3267 4810 3488 4865 victoria
3521 4809 3769 4863 exsulta-

2203 4907 2313 4959 bat.
2339 4908 2408 4958 At
2438 4905 2708 4958 Valentem
2737 4919 2796 4958 ea
2824 4905 2888 4955 de
2918 4919 2972 4955 re
3005 4918 3109 4956 non
3143 4904 3303 4956 modo
3332 4902 3463 4954 nihil
3490 4903 3768 4963 statuisse,

2206 4998 2296 5050 sed
2343 5013 2406 5050 ne
2449 4997 2713 5050 audivisse
2760 4997 2974 5065 quidem
3025 4995 3148 5048 inde
3178 4995 3357 5063 colligi
3388 5004 3584 5061 potest,
3627 4996 3769 5063 quod

2208 5097 2326 5156 post
2367 5087 2480 5156 ejus
2515 5088 2806 5142 discessum
2848 5090 3137 5141 Anthimus
3169 5097 3223 5140 ct
3274 5089 3323 5140 ei
3372 5087 3611 5141 faventes
3655 5088 3772 5155 cpi-

2206 5181 2348 5245 seopi
2378 5180 2480 5248 (Δ),
2513 5189 2570 5232 ιιι
2605 5180 2656 5232 in
2693 5196 2749 5233 re
2788 5195 3008 5246 prorsus
3059 5181 3262 5248 integra
3294 5192 3347 5231 et
3393 5179 3593 5231 intacta
3628 5193 3768 5246 pra:-

2207 5271 2374 5324 sidem
2412 5270 2684 5334 adierunt,
2723 5287 2957 5341 eumque
2987 5275 3036 5324 in
3071 5287 3194 5324 suas
3227 5284 3407 5338 partes
3434 5272 3650 5323 trahere
3682 5284 3772 5323 co-

2209 5361 2313 5411 nati
2354 5370 2496 5414 sunt.
2528 5360 2646 5427 Ipse
2677 5363 2838 5415 ctiam
2875 5362 3100 5416 Basilius
3125 5365 3192 5428 (ε)
3234 5379 3353 5415 cum
3393 5361 3620 5426 praeside
3649 5369 3773 5426 post

2208 5453 2547 5521 imperatoris
2578 5453 2874 5508 discessum
2905 5469 3065 5521 agere
3096 5471 3153 5505 ea
3188 5454 3253 5506 de
3288 5468 3345 5505 rc
3375 5452 3630 5504 voluerat.
3663 5452 3768 5505 Sed

2205 5559 2262 5596 se
2297 5544 2410 5611 ipse
2447 5547 2721 5613 repressit,
2764 5555 2874 5600 tum
2907 5561 2970 5599 nc
2998 5546 3196 5602 bumini
3228 5553 3305 5600 tot
3336 5545 3560 5614 negotiis
3597 5560 3762 5599 occu-

2274 5679 2350 5747 id)
2391 5682 2480 5749 l'jp.
2513 5685 2601 5737 91.

2281 5759 2348 5820 (ι’)
2385 5753 2512 5806 llud.
