4038 6466
1615 396 1779 454 ῊΤΑ
1819 398 1842 454 ε

1950 399 2190 455 ςΑεοιιιι.
3425 405 3514 450 xct

255 530 390 594 pato
420 533 616 574 novum
643 531 779 572 onus
804 516 1045 580 adderet,
1079 524 1191 570 tum
1225 528 1290 569 ne
1313 529 1500 585 puram
1535 516 1679 572 illius
1712 519 1829 572 ani-
1871 528 1917 581 Α
1947 521 2228 574 ordinatus
2274 529 2371 574 est.
2420 519 2617 574 Locum
2652 517 2870 589 egregie
2917 517 3174 572 describit
3225 515 3515 584 Gregorius

260 627 410 666 mam
430 613 802 680 episcoporum
823 608 1201 663 altercationes
1219 607 1495 664 lzederent.
1523 609 1635 664 Non
1663 611 1834 666 multo

263 714 446 756 tamen
487 713 607 770 post
647 701 938 755 discessum
994 699 1230 754 Valentis
1273 701 1477 755 exarsit
1532 702 1830 772 dissensio;

261 795 538 859 siquidem
570 793 864 856 Gregorius
892 792 1223 847 Sasimorum
1255 793 1558 861 episcopus,
1587 804 1644 847 ut
1676 797 1833 850 modo

260 885 589 946 videbimus,
629 892 755 936 ante
785 882 986 936 Pascha
1021 883 1179 952 hujus
1232 884 1354 938 anni
1409 884 1512 938 372
1554 887 1834 943 ordinatus

261 987 367 1039 est,
399 977 541 1043 quod
575 977 626 1028 in
658 975 798 1028 diem
835 984 1080 1028 octavum
1112 976 1312 1044 Aprilis
1342 975 1548 1031 incidit.

335 1064 424 1119 IV.
466 1065 741 1119 Auxilium
786 1063 925 1116 enim
961 1080 989 1116 a
1036 1063 1295 1134 Gregorio
1325 1076 1664 1133 peramanter
1686 1067 1836 1122 obla-

265 1171 403 1222 tum,
434 1157 621 1225 procul
663 1157 822 1210 dubio
861 1156 1090 1211 Basilius
1139 1157 1368 1210 libenter
1395 1157 1496 1210 sibi
1539 1158 1752 1224 ascivit,
1781 1169 1835 1213 et

264 1252 527 1316 amicum,
557 1260 616 1303 ut
643 1251 849 1304 veniret
876 1265 1037 1319 quam
1068 1249 1366 1312 celerrime,
1403 1253 1628 1320 rogavit.
1661 1252 1834 1306 Ambo

265 1343 428 1396 simul
460 1343 688 1413 profecti
724 1352 848 1396 sunt
889 1343 954 1396 ad
988 1353 1222 1395 montem
1255 1341 1491 1396 Taurum
1517 1383 1531 1408 ,
1566 1345 1653 1399 ubi
1686 1344 1836 1400 locus

267 1437 488 1503 quidam
525 1444 643 1488 erat
673 1435 786 1489 sive
833 1434 1062 1489 ecclesia
1113 1434 1210 1486 sub
1259 1435 1432 1488 sancti
1482 1435 1694 1492 Orestis
1741 1453 1834 1490 no-

268 1529 435 1590 mine,
464 1527 606 1579 unde
635 1540 839 1582 annuos
882 1526 1082 1579 reditus
1112 1526 1355 1594 capiebat
1389 1529 1672 1598 episcopus
1721 1528 1836 1583 Ca:-

267 1616 550 1670 sariensis.
599 1616 733 1668 Dum
773 1618 1015 1677 redeunt,
1049 1616 1338 1672 Authimus
1372 1633 1567 1687 praeter
1621 1629 1835 1674 aetatem

266 1721 422 1761 suam
468 1717 522 1761 et
569 1707 927 1776 episcopalem
982 1708 1300 1775 gravitatem
1347 1724 1468 1763 cum
1517 1710 1832 1779 praedatoria

266 1814 430 1852 manu
470 1801 745 1869 angustias
777 1809 1004 1865 occupat
1039 1799 1138 1868 (a).
1176 1809 1230 1854 et
1273 1802 1601 1854 transeuntis
1650 1799 1832 1854 Basilii

267 1889 448 1953 mulis,
479 1891 567 1958 qui
613 1890 770 1943 rebus
803 1903 868 1942 ex
901 1899 1092 1944 sancto
1130 1888 1321 1944 Oreste
1353 1892 1621 1959 perceptis
1651 1894 1831 1946 onusti
1870 1879 1910 1932 Β

267 1979 520 2034 videntur
569 1978 753 2043 fuisse,
800 1979 899 2032 iter
936 1980 1283 2043 intercludit;
1315 1997 1437 2034 nam
1482 1982 1746 2035 lactentes
1787 1995 1842 2036 et

267 2086 396 2125 aves
445 2080 500 2125 et
550 2071 654 2123 alia
709 2070 974 2139 ejusmodi
1029 2072 1151 2124 inde
1205 2074 1538 2142 percipiebat
1587 2073 1836 2130 Basilius.

265 2165 571 2220 Conimissa
609 2164 723 2217 hate.
773 2180 948 2234 pugna
996 2181 1163 2236 prope
1205 2167 1438 2222 Sasima.
1479 2168 1610 2221 Nam
1641 2170 1842 2240 Grego-

269 2259 380 2310 rius
407 2255 600 2325 tb)non
629 2255 744 2308 sine
767 2256 1042 2310 stomacho
1066 2256 1277 2324 jocatur
1301 2260 1350 2311 in
1382 2258 1634 2313 Basilium
1658 2277 1672 2324 ;
1698 2263 1840 2329 quod

266 2363 324 2400 se
356 2346 690 2400 Sasimorum
732 2349 1044 2418 episcopum
1078 2350 1465 2413 constituisset,
1495 2359 1551 2403 ut
1575 2367 1694 2404 cum
1733 2353 1842 2405 An-

268 2440 437 2492 tbimo
494 2438 692 2494 bellum
744 2454 977 2510 gereret,
1009 2441 1052 2495 si
1098 2442 1312 2510 quando
1357 2443 1400 2493 is
1449 2440 1634 2494 Basilii
1670 2444 1843 2498 mulos

266 2530 556 2600 arriperet,
583 2533 858 2603 angustias
883 2544 1066 2588 tenens
1085 2543 1136 2584 et
1161 2531 1305 2585 velut
1331 2532 1554 2587 Amalec
1586 2535 1840 2590 lsraelem

267 2639 544 2678 coercens.
580 2623 723 2678 Idem
755 2625 885 2678 dicit
915 2625 964 2677 in
1006 2623 1247 2677 carmine
1274 2622 1342 2676 de
1369 2625 1480 2678 vita
1505 2639 1628 2690 sua,
1655 2643 1846 2697 nempe

267 2717 452 2769 datum
485 2732 544 2770 se
584 2715 750 2770 fuisse
786 2715 1038 2782 Sasimis,
1081 2716 1206 2783 quia
1253 2715 1460 2770 bellica:
1506 2716 1844 2773 fortitudinis

267 2807 696 2877 signiﬁcationes
737 2805 962 2861 dederat
1005 2806 1071 2860 ad
1116 2805 1300 2860 Basilii
1349 2822 1528 2862 causa:
1574 2808 1844 2864 defensio-

268 2915 411 2949 nem.
446 2895 596 2952 Unde
629 2900 792 2950 etiam
835 2901 1030 2971 colligo
1061 2917 1183 2955 eum
1221 2902 1530 2956 interfuisse
1563 2901 1636 2953 illi
1674 2918 1840 2970 prope

271 2990 516 3042 Sasimos
557 3005 786 3059 pugna}:
821 3008 924 3044 non
953 2993 1095 3045 enim
1127 2992 1267 3044 aliud
1301 3002 1511 3058 tempus
1562 2991 1736 3057 video,
1787 2993 1840 3046 in

267 3096 376 3149 quo
410 3081 724 3134 bellicosum
773 3097 831 3134 se
875 3080 1054 3133 Basilii
1104 3081 1336 3135 amicum
1369 3092 1628 3150 pra-stare
1658 3093 1845 3151 potue-

266 3174 356 3226 rit.
389 3172 592 3225 Locum
627 3173 892 3238 integrum
927 3172 1176 3224 referam.

330 3306 556 3369 Τούτοις
593 3307 646 3375 μ’
680 3308 706 3359 ὁ
738 3309 1076 3379 πεντήκοντα
1110 3310 1545 3379 pugnandum;

335 3379 698 3447 Στενούμενος
730 3378 946 3431 δέδωκε
978 3381 1077 3448 τῆς
1110 3378 1390 3449 εὐψυχίας.

333 3451 448 3502 Καὶ
471 3451 623 3502 ταῦτ’
655 3452 720 3502 ἶν’
749 3450 1085 3520 ἁρπάζοντος
1110 3451 1267 3504 ἄλλοι)
1298 3453 1430 3520 πρὸς
1467 3451 1605 3518 βίαν,

337 3521 725 3591 [περικρατήσῃ
759 3523 856 3588 τὴν
893 3521 1157 3588 καθέδραν
1187 3521 1452 3581 καινίσας,

346 3590 671 3661 Ἡμεῖςγὰρ
702 3590 852 3661 eote)
886 3590 1276 3661 τῶν-Ἀρηΐῳν
1310 3590 1478 3658 φίλων

333 3655 432 3731 Τὰί
454 3655 672 3731 spagi-
707 3655 835 3724 (καῖ
865 3655 1142 3731 γὰρ-ἦμέν
1165 3655 1400 3731 ﬁnxit-mi
1438 3662 1597 3730 ποτε)

335 3730 448 3781 Καὶ
478 3730 648 3782 δεινὸν
675 3731 827 3784 οὐδὲν
856 3729 1121 3801 τραύματ’
1159 3729 1523 3803 ηὐλογημένα.

338 3842 459 3916 llis,
486 3845 758 3914 quinquies
791 3861 871 3900 me
904 3846 1287 3916 chorepiscopis
1321 3851 1493 3899 decem

336 3915 558 3986 Donavit
587 3926 789 3979 arctus,
823 3917 958 3968 ntira
989 3920 1187 3971 antoris
1211 3915 1434 3986 pignora
1454 3918 1474 3968 .'

334 3985 503 4056 Atque
538 3989 587 4040 itl
619 3988 852 4055 quidem,
878 3997 932 4038 ut
963 3989 1197 4054 rapiente
1229 3985 1332 4040 non
1356 3991 1508 4056 probe
1534 3990 1702 4043 altero

347 4054 532 4109 Victor
557 4054 806 4117 maneret,
838 4057 1040 4122 erigens
1080 4059 1254 4109 sedem
1283 4054 1417 4111 hanc
1443 4076 1591 4114 nove.

337 4125 482 4178 Nam
518 4128 794 4180 bellicosus
820 4126 895 4178 illi
921 4126 1122 4178 anticus
1152 4130 1326 4179 exstiti

337 4193 545 4270 Iit-ima
569 4198 725 4265 (acer
758 4198 949 4250 etenim
980 4207 1026 4248 et
1063 4208 1309 4270 strenuus
1343 4201 1609 4265 quondam
1637 4199 1736 4270 fni)

345 4264 632 4321 Benedicta
665 4283 770 4320 non
797 4278 870 4320 est
901 4268 1329 4337 conquerendum
1358 4264 1428 4320 ad
1466 4264 1702 4326 vulnera.

337 4389 475 4442 Dum
523 4383 824 4438 Caesaream
879 4385 1016 4438 redit
1070 4385 1315 4446 Basilius,
1367 4384 1580 4440 videtur
1631 4391 1846 4447 venisse

265 4477 631 4538 Nazianzum,
658 4472 840 4540 ibique
867 4471 1202 4525 Sasimorum
1229 4475 1542 4542 episcopum
1564 4478 1847 4532 ordinasse

1946 613 1999 666 in
2029 612 2269 666 carmine
2296 612 2359 665 de
2392 609 2512 664 Vita
2540 625 2657 676 sua,
2683 611 2772 664 ubi
2803 611 2918 664 haec
2949 609 3223 680 leguntur:

2089 723 2334 796 ξῖαθμός
2369 741 2451 796 τις
2489 725 2724 796 ἐπὶνμὲν
2745 724 2884 796 μέσῃ
2912 723 3171 796 λεωφορῳ

2083 791 2192 866 Τῆς
2219 791 2616 866 Καππαδοκῶν,
2646 795 2705 866 ὃς
2732 791 2927 862 exige
2959 791 3043 866 ei;
3063 791 3283 866 περισσὴν
3307 794 3445 853 ὁδόν.

2086 865 2363 935 Ἀνυδρος,
2382 866 2596 934 ἆχλους,
2627 865 2734 917 οὐδ’
2761 866 2895 927 ὅλως
2929 865 3230 988 ὲλεύθεὲος,

2086 935 2285 988 Asti/th
2320 934 2590 988 ἀπευκτὸν
2622 937 2715 987 καὶ
2751 937 2928 988 στενὸν
2955 937 3110 988 attenti
3149 952 3230 988 οιο

2083 934 2285 1006 Δεινῶς
2311 934 2590 1006 ἀπευκτὸν
2622 937 2731 1006 καὶγ
2751 937 2928 1006 στενὸν
2955 934 3282 1006 κωμύδριον.

2082 1005 2246 1078 ᾕόῗις
2267 1004 2334 1058 τὰ
2364 1007 2556 1070 πάντα,
2589 1008 2681 1058 καὶ
2707 1005 2887 1078 ψόφοι,
2917 1007 3010 1059 σὺν
3035 1004 3263 1078 appetat.

2084 1073 2316 1148 Opﬁvot,
2346 1077 2658 1148 στεναγμοὶ,
2689 1073 3016 1148 πράκτορες,
3048 1073 3519 1148 σὲρἐϐλαι,πὲδαι·

2080 1145 2220 1216 Λᾳὸς
2242 1145 2284 1198 δ’
2306 1147 2416 1198 ὅσοι
2444 1145 2581 1212 ξένοι
2608 1163 2666 1197 τε
2688 1148 2781 1198 καὶ
2813 1145 3167 1216 πλάνώμενόι.

2072 1214 2219 1278 Αὕτη
2250 1217 2503 1286 Σασίμων
2529 1217 2636 1270 τῶν
2663 1216 2809 1274 ἐμῶν
2836 1214 3117 1286 ἐκκλησία.

2087 1350 2153 1403 In
2189 1353 2345 1419 regia:
2371 1353 2540 1406 medio
2573 1353 2665 1405 via:
2691 1364 2765 1406 est
2798 1354 2940 1406 vicus
2981 1354 3132 1416 situs,

2095 1419 2200 1493 Qui
2224 1423 2418 1474 scindit
2447 1423 2504 1475 in
2531 1433 2630 1476 tres
2661 1439 2714 1476 se
2743 1425 2879 1486 vias,
2912 1423 3135 1493 lymphis
3164 1439 3373 1483 carens,

2088 1490 2287 1544 Exsors
2313 1494 2519 1556 airoris,
2557 1493 2717 1545 libero
2746 1490 2996 1560 indignus
3019 1497 3148 1556 viro,

2084 1561 2401 1629 Arctumque
2423 1579 2640 1630 prorsus
2681 1564 2943 1631 Oppidum,
2970 1565 3116 1616 triste
3132 1575 3179 1616 et
3209 1563 3384 1617 nimis.

2091 1631 2190 1684 llic
2208 1642 2396 1685 cuncta
2424 1636 2692 1699 strepitus,
2733 1633 2901 1696 pulvis
2929 1633 3011 1685 hic
3043 1650 3158 1686 cum
3189 1635 3455 1698 curribus,

2087 1701 2362 1775 I_Janienta,
2386 1704 2559 1771 ﬂetus,
2586 1703 2846 1775 carnifex,
2868 1714 2912 1756 et
2941 1705 3250 1775 compedes,]

2090 1771 2402 1842 Iormenta:
2436 1775 2568 1826 ciues
2597 1774 2824 1835 hospites
2851 1775 2954 1839 hic,
2985 1785 3028 1826 et
3057 1771 3194 1842 uagi.

2089 1841 2222 1894 Erat
2254 1845 2364 1895 haec
2387 1858 2619 1895 meorum
2647 1842 2974 1897 Sasimorutn
3004 1841 3246 1904 ecclesia.

2018 1974 2082 2031 ν.
2119 1976 2230 2032 Hac
2257 1978 2602 2035 ordinatione
2624 1980 2817 2035 vulnus
2857 1981 3167 2051 impositum
3199 1981 3352 2036 cordi
3383 1985 3522 2036 Gre-

1946 2070 2105 2139 gorii,
2132 2073 2272 2140 quod
2308 2073 2451 2127 nulla
2480 2074 2566 2128 die
2599 2074 2795 2128 obduci
2833 2077 3026 2144 potuit.
3075 2075 3330 2132 Pluribus
3389 2076 3527 2131 locis

1946 2163 2237 2231 exprobrat
2270 2162 2466 2217 Basilio
2491 2163 2778 2219 elationem
2803 2165 3277 2234 animiquamdam
3311 2163 3524 2234 magni-

1949 2256 2135 2308 tudine
2167 2255 2310 2308 sedis
2333 2253 2593 2312 amatam.
2617 2257 2872 2324 Queritur
2898 2257 3077 2326 elapso
3105 2256 3362 2312 decennio
3379 2256 3522 2325 quod

1947 2357 2068 2396 cum
2105 2344 2232 2396 olim
2263 2359 2322 2398 se
2356 2345 2589 2400 Basilius
2620 2346 2882 2418 Gregorio
2913 2365 3017 2401 non
3053 2347 3358 2418 praeferret,
3387 2357 3441 2401 et
3480 2345 3526 2400 si

1946 2433 2289 2500 praetulisset,
2351 2436 2734 2492 dissentientes
2797 2439 3074 2492 habuisset
3108 2452 3290 2505 aequos
3345 2451 3527 2490 rerum

1946 2525 2343 2592 aestimatores;
2377 2540 2563 2596 postea
2594 2531 2645 2582 in
2689 2529 3022 2599 amplissimo
3059 2531 3354 2585 collocatus
3389 2530 3528 2592 loco.

1947 2619 2184 2673 amicum
2217 2635 2322 2674 non
2351 2620 2520 2690 pluris
2569 2637 2732 2690 quant
2781 2620 2996 2677 simium
3035 2623 3241 2677 fecerit.
3293 2622 3370 2675 Eo
3397 2621 3531 2674 libe-

1947 2711 2061 2764 rius
2091 2713 2142 2765 in
2187 2712 2285 2766 has
2321 2714 2573 2780 querelas
2612 2715 2950 2784 erumpebat,
2983 2715 3124 2784 quod
3167 2728 3380 2776 eorum,
3413 2728 3538 2782 qua:

1947 2802 2132 2856 Basilii
2166 2818 2328 2856 causa
2363 2803 2588 2873 fecerat,
2629 2817 2796 2862 testes
2845 2820 3001 2861 erant
3028 2807 3233 2861 Pontus
3271 2817 3323 2860 et
3351 2806 3537 2860 C:esa-

1950 2911 2062 2962 rea,
2090 2910 2153 2948 ac
2195 2897 2294 2964 ipsi
2336 2895 2539 2953 Basilio
2579 2916 2738 2954 suum
2771 2902 3171 2970 approbaverat
3207 2899 3416 2952 vivendi
3477 2899 3532 2951 in

1948 2987 2242 3042 solitudine
2273 2990 2586 3059 consilium,
2618 3005 2903 3062 postquam
2938 3001 3194 3060 parentes
3219 3005 3251 3045 e
3279 2990 3390 3043 vita
3426 2990 3538 3043 mi-

1949 3094 2221 3148 grassent.
2259 3081 2448 3151 Itaque
2515 3087 2772 3141 amicitia:
2835 3085 3075 3140 colenda:
3145 3085 3380 3148 laudem,
3426 3097 3537 3150 qua

1952 3175 2098 3227 illum
2149 3175 2420 3229 fatebatur
2470 3177 2759 3240 excellere,
2806 3178 2906 3232 hac
2950 3179 3003 3230 in
3037 3194 3092 3230 re
3122 3177 3169 3229 ei
3204 3175 3532 3245 denegabat.

2024 3266 2310 3320 Multorum
2336 3282 2467 3321 sane
2502 3269 2554 3320 in
2592 3269 2856 3338 vituperia
2886 3268 3071 3322 incidit
3098 3267 3348 3330 Basilius,
3380 3266 3533 3320 fidis-

1952 3359 2088 3411 simo
2128 3359 2304 3411 amico
2339 3373 2405 3413 ac
2439 3361 2644 3430 optime
2679 3361 2746 3416 de
2778 3376 2837 3416 se
2871 3363 3065 3416 merito
3102 3363 3152 3416 in
3200 3362 3532 3431 episcopales

1950 3464 2107 3502 curas
2145 3461 2345 3518 printer
2378 3452 2548 3521 ipsius
2598 3451 2927 3507 voluntatem
2975 3454 3244 3521 coejecto,
3277 3462 3331 3506 et
3390 3455 3531 3520 quod

1951 3544 2131 3599 minus
2177 3543 2418 3600 habebat
2445 3545 2840 3610 excusationis,
2890 3545 3006 3599 viro
3039 3553 3116 3598 tot
3165 3559 3229 3598 ac
3258 3555 3404 3598 tanta
3445 3545 3535 3599 ha-

1951 3639 2098 3693 benti
2133 3639 2386 3693 Ecclesia:
2418 3637 2670 3709 juvandee
2714 3639 3068 3692 instrumenta
3114 3639 3168 3691 in
3212 3637 3535 3692 obscurissi-

1952 3747 2097 3782 mum
2126 3730 2379 3801 angulum
2404 3741 2456 3782 et
2477 3730 2729 3782 omnibus
2747 3729 2869 3781 vitae
2893 3728 3194 3783 connnodis
3213 3729 3530 3782 destitutum

1951 3820 2402 3890 relegato(d).Qui
2427 3818 2698 3872 levissime
2718 3818 3203 3886 reprehendebant,
3225 3821 3528 3890 neglectum

1955 3929 2018 3965 ac
2045 3921 2413 3980 contemptum
2438 3909 2604 3964 fuisse
2622 3909 2940 3980 Gregorium
2959 3913 3232 3975 dicebant,
3257 3924 3309 3967 et
3334 3929 3361 3965 a
3380 3913 3532 3966 Basi-

1955 4002 2047 4066 lio,
2093 4013 2380 4072 postquam
2413 4003 2580 4073 ipsius
2615 4017 2780 4072 opera
2814 4019 2941 4058 usus
2991 4004 3189 4069 fuerat,
3226 4005 3383 4058 veluti
3433 4021 3536 4060 vas

1953 4095 2221 4163 quoddam
2266 4097 2518 4168 ignobiie,
2569 4097 2866 4165 projectum
2917 4096 3009 4165 (e).
3051 4097 3128 4150 Ne
3176 4098 3273 4164 ipsi
3311 4098 3538 4170 quidem

1953 4184 2184 4239 Eusebio
2215 4185 2584 4239 Samosatcusi
2623 4183 2845 4252 probata
2877 4184 2989 4238 haec
3022 4184 3317 4244 ordinatio.

2026 4275 2428 4344 Reprehensum
2495 4277 2546 4328 in
2612 4273 2812 4329 Basilio
2881 4275 3174 4330 elationem
3237 4277 3404 4331 animi
3464 4277 3537 4330 li-

1954 4370 2144 4424 benter
2196 4370 2461 4438 arripiunt
2511 4370 2776 4433 nonnulli,
2840 4379 2899 4422 ut
2943 4370 3207 4438 ejusmodi
3253 4372 3531 4424 hominum

1955 4463 2298 4514 sanctitatem
2360 4475 2465 4513 non
2528 4471 2730 4514 tantam
2785 4458 2950 4513 fuisse
3019 4463 3268 4528 probent,
3326 4471 3537 4530 quanta

266 4567 615 4631 Gregorium.
651 4562 767 4618 Non
795 4562 940 4616 enim
973 4562 1022 4614 id
1049 4562 1306 4617 Caesarea:
1334 4566 1559 4627 factum,
1587 4577 1644 4620 ut
1670 4570 1842 4621 existi-

1957 4555 2111 4622 vulgo
2169 4553 2532 4608 existimatur.
2601 4555 2705 4607 Sed
2774 4553 2889 4620 ipse
2951 4552 3240 4622 Gregorius
3290 4554 3354 4622 (f)
3414 4568 3525 4608 lunt

270 4659 442 4715 mavit
479 4655 862 4711 Tillemontius
890 4652 988 4723 (e).
1027 4653 1257 4710 Basilius
1297 4670 1418 4709 cum
1463 4673 1564 4713 nec
1606 4659 1847 4713 Anthimi

269 4749 554 4806 malefaCta
598 4747 801 4802 imitari
838 4744 1017 4808 vellet,
1058 4759 1157 4800 nee
1192 4760 1304 4800 rem
1339 4747 1608 4816 negligere
1634 4789 1648 4813 ,
1697 4759 1850 4818 Opta-

270 4844 543 4896 tissimum
595 4839 893 4891 remedium
923 4835 1216 4903 exeogitat,
1249 4846 1304 4892 et
1329 4839 1678 4906 episcopatus
1712 4839 1847 4892 inul-

270 4936 520 5003 tiplicare
567 4933 776 4991 statuit,
828 4941 886 4985 ut
929 4933 1104 5000 ipsum
1150 4928 1435 4984 dissidium
1475 4932 1539 4984 ad
1594 4929 1848 4985 Ecclesia:

266 5026 560 5080 utilitatem
589 5033 965 5079 convertatur.
1003 5023 1113 5077 Hoc
1143 5024 1430 5076 consilium
1465 5026 1551 5079 diu
1584 5025 1842 5078 multum-

267 5132 373 5186 que
409 5116 582 5170 doluit
623 5115 908 5184 Gregorio,
938 5118 1027 5184 qui
1059 5132 1178 5170 cum
1222 5115 1528 5183 episeOpale
1562 5132 1700 5170 onus
1735 5115 1846 5168 for-

268 5209 523 5269 midaret,
574 5221 637 5259 ac
678 5220 903 5276 prorsus
938 5207 1168 5274 fugeret,
1201 5206 1335 5262 adeo
1366 5207 1416 5260 ei
1466 5209 1664 5262 institit
1698 5208 1850 5260 Basi-

271 5299 394 5365 lius,
431 5298 726 5368 adjuvante
750 5299 994 5368 Gregorii
1021 5312 1192 5368 patre,
1219 5309 1278 5353 ut
1305 5302 1519 5353 tandem
1546 5301 1737 5354 cedere
1764 5314 1851 5352 co-

268 5406 510 5462 geretur,
538 5403 592 5446 et
622 5393 665 5446 si
707 5395 885 5446 minus
917 5392 1179 5456 animum,
1208 5392 1397 5447 saltem
1429 5402 1587 5461 caput
1624 5393 1845 5445 ordina—

274 5487 398 5541 tioni
469 5486 834 5541 submitteret.
907 5482 1092 5556 Itaque
1151 5486 1489 5543 Sasimorum
1559 5485 1848 5556 episcolius

341 5718 416 5780 in.)
445 5716 573 5770 Naz.
618 5732 702 5786 ep.
736 5719 823 5782 5t,
856 5733 936 5773 or.
968 5715 1057 5772 9.0.

343 5788 416 5849 th)
466 5787 604 5840 Ibid.

340 5861 412 5923 (τ)
456 5858 584 5913 ΝΜ,
618 5875 699 5914 0r.
733 5859 821 5913 9.0.

1951 4663 2073 4700 cum
2117 4645 2182 4698 de
2212 4644 2415 4700 Basilio
2443 4646 2709 4714 queritur,
2748 4643 2800 4697 in
2837 4659 2942 4713 quo
2972 4646 3143 4714 posita
3199 4645 3359 4699 fuerit
3413 4647 3534 4700 haec

1952 4739 2116 4792 astitui
2157 4739 2339 4805 elatio,
2373 4741 2451 4792 sic
2485 4737 2716 4806 explicat
2754 4757 2766 4790 :
2807 4737 2928 4790 Nisi
2952 4739 3067 4806 quis
3091 4749 3285 4803 tamen,
3327 4739 3531 4805 inquit.

1950 4837 2045 4889 hoc
2066 4853 2211 4914 aime
2258 4852 2350 4902 pro
2390 4833 2534 4886 illius
2561 4835 2878 4903 purgatione
2909 4832 3159 4902 accipiat,
3187 4831 3326 4901 quod
3360 4831 3528 4884 subli-

1950 4934 2144 4996 miora,
2171 4945 2329 5000 quant
2358 4944 2456 4997 pro
2495 4929 2718 4982 hominis
2768 4925 3069 4980 conditione
3093 4927 3338 4989 sentiens,
3372 4935 3529 4996 atque

1950 5023 2096 5086 hinc,
2144 5022 2290 5089 prius
2334 5020 2492 5073 etiam
2524 5037 2679 5088 quam
2731 5021 2835 5071 vita
2887 5017 3178 5081 excederet,
3239 5018 3529 5087 digressus,

1953 5115 2130 5166 omnia
2172 5114 2239 5164 ad
2269 5113 2510 5178 spiritum
2544 5109 2798 5175 referebat
2823 5125 2842 5162 :
2872 5117 3026 5176 atque
3068 5109 3312 5161 amicitia:
3336 5108 3527 5180 ofﬁcia,

1948 5223 2065 5274 qua!
2097 5207 2293 5269 alioqui
2338 5213 2515 5255 sancte
2543 5201 2761 5265 colebat,
2801 5202 2882 5253 hic
2908 5200 3078 5253 solum
3121 5201 3522 5266 aspernabatur,

1951 5301 2038 5352 ubi
2077 5299 2242 5349 Deum
2265 5299 2507 5364 anteponi
2550 5295 2819 5360 oportebat
2865 5304 3018 5360 atque
3068 5295 3385 5363 antiquiores
3428 5294 3526 5345 lm-

1953 5396 2069 5443 bere
2101 5407 2178 5442 res
2201 5394 2250 5441 in
2287 5405 2372 5452 spe
2395 5387 2616 5455 positas,
2642 5403 2799 5454 quam
2830 5385 3042 5455 fragiles
3069 5397 3112 5438 et
3145 5388 3533 5444 caducaleaec

1953 5484 2245 5553 Gregorius
2295 5483 2362 5535 de
2405 5479 2602 5534 Basilio
2631 5479 2682 5533 in
2727 5477 2922 5534 cazlum
2971 5490 3178 5536 evecta.
3215 5479 3323 5536 Nec
3369 5481 3528 5539 aliter

2018 5715 2096 5784 (ά)
2126 5715 2256 5768 Nm.
2296 5732 2380 5786 ep.
2413 5716 2500 5770 31.

2023 5790 2094 5854 (e)
2125 5787 2222 5854 Ep.
2253 5786 2341 5851 98,
2371 5802 2422 5842 lt.
2465 5787 2520 5842 2.

2025 5857 2089 5928 (f)
2115 5855 2205 5913 Or.
2236 5857 2326 5913 20.
