4038 6464
511 425 622 469 κει

1860 404 2388 462 ΡειοιεουλιεΝΑ.

513 541 636 579 eum
669 523 727 580 in
764 526 921 580 ternis
951 533 1255 579 versantem
1298 524 1558 579 allocutus
1594 535 1696 590 est,
1741 533 1798 580 ut
1835 535 1982 592 patet
2016 542 2078 581 ex
2110 533 2153 589 Α
2185 528 2473 582 solaretur.
2545 524 2611 579 Et
2670 521 2791 592 quia
2849 515 3211 572 Nazianzenus
3254 515 3306 569 in
3356 515 3600 570 oratione
3637 513 3742 585 (λ),

512 617 596 671 his
628 617 804 672 verbis
839 617 916 687 (a)
951 633 966 668 :
1009 616 1124 672 Οὐκ
1153 617 1386 687 ἦνεγκας
1420 617 1480 669 τὸ
1519 616 1735 687 πνεῦμα.
1773 615 1874 686 τῆς
1905 617 2081 686 φιλίας

514 709 734 782 statiua:
771 708 1042 780 δεύτερονο
1081 709 1200 761 ἐπεὶ
1243 707 1351 760 τῶν
1397 709 1492 779 μὲν
1539 708 1709 762 ἄλλων
1745 709 1875 771 ἴσως
1904 710 2081 779 ἡμεῖς,

512 803 667 875 ἡμῶν
693 803 750 856 δὲ
782 804 843 857 τὸ
868 802 1085 871 πνεῦμά
1113 818 1194 854 σοι
1226 799 1405 870 πολλῷ
1449 798 1789 871 τιμιώτερον.
1829 799 2084 867 Spiritum

511 894 756 947 anticitiaz
771 893 1076 954 post/rabere
1098 892 1305 943 minime
1320 891 1640 954 sustinuisti,
1663 888 2083 957 quandoquidem

514 993 570 1035 ut
599 1000 689 1037 nos
720 983 895 1050 pluris
935 984 1184 1051 fortasse,
1215 997 1370 1050 quam
1403 980 1534 1034 alios
1576 996 1750 1032 omnes
1783 980 1928 1032 ducis
1966 994 1984 1031 :
2009 979 2086 1031 ita

513 1092 721 1128 rursum
745 1074 1003 1144 Spiritum
1025 1074 1174 1127 nobis
1199 1073 1351 1141 longe
1377 1072 1674 1139 anteponis.

583 1165 668 1220 νι.
725 1166 876 1221 lianc
922 1165 1315 1220 ordinationem
1370 1178 1472 1216 non
1525 1162 1807 1225 Caesareae,
1851 1161 1937 1216 sed
1980 1159 2085 1213 Na-

514 1259 687 1313 zianzi
719 1266 992 1327 peractam
1013 1270 1134 1311 esse
1166 1263 1396 1309 testatur
1426 1253 1540 1321 ipse
1562 1251 1851 1323 Gregorius
1875 1251 1970 1324 (b),
1994 1251 2085 1322 qui

513 1351 768 1406 Basilium
803 1351 1016 1405 venisse
1036 1346 1368 1401 Nazianzum
1406 1346 1559 1400 dicit.

741 1443 877 1496 Ἀλλ’
901 1439 1034 1512 ἧκεν
1061 1443 1189 1512 ἡμῖν
1212 1439 1321 1493 τῶν
1349 1438 1516 1509 φίλων
1535 1441 1562 1492 ό
1591 1437 1844 1506 φίλτατος

803 1513 1068 1576 Βασιλίος,
1103 1522 1210 1566 etc.

726 1625 830 1682 Sed
858 1627 991 1680 venit
1021 1625 1089 1678 ad
1115 1640 1206 1678 nos
1233 1625 1464 1677 ontnium
1496 1621 1838 1676 charissima:

802 1697 1060 1762 Basilius,
1093 1705 1200 1750 etc.

515 1811 652 1868 Tum
681 1821 873 1867 narrat
903 1811 1174 1880 quomodo
1213 1817 1368 1880 patre
1391 1805 1648 1862 Basiliam
1678 1806 1969 1876 adjuvante
1993 1803 2089 1861 de-

2183 635 2344 689 quam
2377 617 2566 673 habuit
2595 630 2774 670 coram
2813 611 3076 682 Nysseno,
3109 609 3177 664 ab
3206 609 3374 663 amico
3400 620 3523 660 eum
3559 606 3744 663 venire

2183 710 2335 774 dicit,
2367 708 2458 778 qui
2492 721 2589 760 nec
2617 706 2812 758 virtute
2862 701 3082 756 inferior
3124 710 3262 763 erat,
3298 713 3398 754 nec
3421 699 3601 753 minus
3622 699 3744 753 dili-

2186 804 2373 870 gebat;
2436 799 2578 853 hunc
2631 797 2859 850 amicum
2923 793 3294 846 Tillemontius
3357 790 3746 858 interpretatur

2188 893 2246 947 S.
2296 891 2562 946 Meletiutn
2619 898 2711 942 aut
2761 887 2818 942 S.
2861 887 3147 941 Eusebium
3201 883 3632 938 Samosatenum.
3676 880 3747 934 At

2191 983 2435 1054 proiecto
2464 981 2673 1036 amicus
2711 979 2795 1034 ille
2833 996 2933 1034 non
2970 979 3104 1031 alius
3127 986 3230 1041 est,
3255 990 3417 1044 quam
3455 976 3569 1043 ipse
3593 972 3748 1026 Basi-

2196 1077 2318 1129 lius.
2355 1074 2638 1143 Postquam
2664 1072 2803 1125 enim
2832 1071 3199 1124 Nazianzenus
3222 1069 3273 1119 in
3299 1065 3559 1120 orationis
3587 1078 3748 1118 exor-

2189 1170 2277 1223 dio
2327 1170 2561 1221 amicum
2603 1167 2703 1222 sibi
2738 1166 2804 1218 ab
2837 1164 3008 1218 amico
3057 1161 3241 1215 venire
3274 1158 3430 1221 dixit,
3471 1166 3581 1210 tum
3613 1155 3750 1228 petit

2189 1269 2467 1316 oratorum
2513 1274 2661 1312 more
2703 1257 2768 1310 ab
2799 1254 3157 1318 audientibus,
3194 1267 3261 1306 an
3286 1265 3396 1305 rem
3429 1248 3628 1302 clarius
3656 1249 3750 1300 de-

2193 1354 2339 1424 pingi
2376 1350 2562 1412 velint,
2604 1350 2896 1417 statimque
2922 1346 3139 1416 Moysen
3164 1356 3217 1398 et
3253 1347 3520 1398 Aaronem
3555 1339 3607 1392 in
3638 1354 3751 1392 me-

2190 1445 2335 1498 dium
2368 1442 2608 1502 adducit,
2653 1440 2827 1508 iisque
2854 1443 3106 1506 peracute
3139 1435 3277 1489 inter
3311 1449 3370 1488 se
3401 1433 3744 1498 comparatis.

2191 1537 2382 1590 iterum
2419 1532 2660 1602 postulat
2717 1530 2785 1583 ab
2814 1527 3168 1590 auditoribus,
3213 1539 3278 1576 an
3315 1538 3420 1577 non
3468 1521 3751 1592 perspicue

2189 1627 2564 1695 cognominem
2611 1637 2790 1685 suum,
2839 1622 2891 1674 id
2939 1629 3022 1675 est
3074 1614 3411 1684 Gregorium,
3468 1623 3522 1667 et
3565 1610 3755 1666 unani-

2198 1736 2361 1784 mem,
2397 1720 2448 1774 id
2485 1728 2565 1774 est
2596 1717 2876 1779 Basilium,
2906 1713 3100 1782 pictrix
3134 1709 3306 1764 oratio
3327 1704 3609 1760 eﬂinxcrit.
3643 1702 3755 1756 Ho-

2192 1831 2307 1865 rum
2342 1812 2493 1876 alter,
2537 1810 2730 1879 inquit,
2785 1823 2876 1861 nos
2909 1808 3058 1859 unxit
3100 1820 3160 1857 ac
3189 1803 3407 1855 latentes
3442 1799 3496 1850 in
3527 1797 3753 1849 medium

516 1917 703 1977 ceptus
727 1904 907 1960 fuerit.
947 1905 1232 1966 Przeterea,
1268 1917 1375 1971 quo
1409 1901 1496 1955 die
1523 1901 1802 1956 ordinatus
1819 1910 1924 1965 est,
1957 1915 2084 1953 ora-
2119 1879 2160 1932 Β
2187 1907 2502 1975 produxit...
2534 1921 2635 1958 non
2675 1913 2729 1956 ut
2765 1903 2977 1971 dignum
3001 1905 3112 1952 erat
3140 1913 3198 1950 eo
3222 1895 3408 1962 spiritu
3434 1889 3521 1958 qui
3561 1889 3613 1941 in
3641 1891 3753 1955 ipso

519 2002 718 2055 tionem
750 2000 938 2054 habuit
967 2014 1148 2053 coram
1170 2005 1322 2066 patre
1343 2007 1398 2050 et
1415 1993 1634 2058 Basilio,
1663 2004 1717 2048 et
1737 1994 1856 2048 aliis
1881 1994 2090 2062 cpisco-

514 2094 600 2165 pis
648 2091 738 2162 qui
783 2106 905 2147 eum
952 2091 1360 2145 ordinaverunt.
1416 2089 1486 2141 At
1531 2086 1852 2154 Gregorium
1904 2099 2087 2138 senem

515 2184 674 2250 huius
707 2183 1070 2239 ordinationis
1107 2196 1271 2236 causa
1301 2179 1604 2234 Cassaream
1632 2175 1865 2239 venisse,
1898 2192 1986 2231 res
2006 2185 2090 2230 est

518 2293 644 2331 eum
672 2293 767 2332 sua
802 2287 994 2346 sponte
1037 2274 1430 2345 improbabilis,
1477 2281 1588 2325 tum
1625 2272 1836 2326 silentio
1871 2271 2089 2326 minime

517 2369 979 2434 prmtermittenda
1021 2383 1050 2422 a
1093 2366 1374 2435 Gregorio,
1413 2365 1503 2434 qui
1545 2365 1720 2420 simile
1751 2363 1920 2433 patris
1964 2363 2088 2427 iter,

525 2462 707 2516 Basilii
747 2475 910 2514 causa
963 2469 1292 2529 susceptum,
1336 2471 1389 2514 ut
1421 2475 1648 2515 summa:
1676 2457 1841 2510 animi
1874 2455 2092 2510 lortitu-

517 2555 663 2611 dinis
690 2555 743 2607 in
779 2553 940 2608 elleto
971 2567 1196 2623 corpore
1225 2554 1522 2622 specimen,
1560 2551 1877 2605 admiratur.
1911 2547 2091 2616 Septi-

524 2663 607 2700 ma
638 2655 723 2701 est
773 2645 887 2700 haec
930 2647 1107 2699 oratio
1135 2646 1277 2698 inter
1307 2645 1587 2699 orationes
1615 2641 1882 2711 Gregorii.
1906 2640 2093 2693 Miscet

516 2737 765 2793 lmdibus
823 2738 1002 2792 Basilii
1069 2738 1359 2806 vituperia,
1404 2746 1460 2789 et
1504 2734 1767 2804 obsequio
1818 2731 2089 2802 querelas,

517 2831 663 2898 quod
690 2839 914 2884 coactus
950 2828 1141 2899 magis,
1174 2843 1333 2898 quam
1355 2827 1729 2898 persuadendo
1757 2825 1928 2880 victus
1964 2825 2092 2878 luis-

521 2933 626 2980 ret.
652 2923 946 2993 Postquam
979 2931 1160 2976 autem
1203 2922 1453 2989 exposuit
1482 2936 1579 2975 cur
1614 2921 1982 2990 episc0patum
2012 2918 2094 2970 fit-

514 3017 676 3085 gerit,
716 3032 778 3071 ac
818 3014 1073 3070 nonnullo
1115 3013 1370 3082 temporis
1405 3013 1580 3080 spatio
1640 3025 1775 3078 opus
1819 3007 2090 3070 habuerit,

517 3117 577 3160 ut
600 3122 657 3159 se
687 3106 801 3174 ipse
834 3105 1132 3173 colligeret,
1177 3117 1242 3155 ac
1279 3101 1494 3153 tandem
1546 3097 1859 3152 melioribus
1888 3096 2095 3164 cogita-

521 3199 761 3252 tionibus
814 3195 1170 3252 subeuntibus
1199 3192 1276 3264 (p.
1311 3191 1456 3259 1M),
1504 3188 1728 3259 Spiritui
1785 3201 1903 3240 sese
1936 3187 2087 3240 daret

521 3292 588 3344 ad
640 3290 1028 3354 ministerium;
1081 3297 1194 3341 tum
1236 3298 1366 3341 vero
1411 3283 1477 3338 ad
1513 3282 1793 3350 episcopos
1835 3294 1862 3332 a
1897 3278 2093 3347 quibus

522 3382 806 3435 ordinatus
837 3379 1033 3444 iuerat,
1064 3392 1125 3431 ac
1152 3375 1472 3431 nominatim
1517 3374 1581 3426 ad
1617 3382 1824 3441 patrem
1853 3385 1915 3424 ac
1948 3369 2096 3423 Basi-

520 3471 651 3526 lium
704 3470 1002 3524 orationem
1057 3467 1351 3532 convertit,
1392 3463 1545 3519 etab
1575 3464 1653 3517 eis
1702 3461 1859 3526 petit,
1889 3469 1946 3513 ut
1993 3459 2096 3513 sibi

516 3567 781 3635 Optimam
817 3561 1070 3617 Ecclesia:
1099 3559 1345 3630 regendae
1377 3557 1642 3611 rationem
1671 3555 1907 3605 tradant.

591 3654 842 3710 Adluisse
888 3652 1096 3722 aliquos
1122 3666 1153 3703 e
1187 3650 1482 3705 Sasimensi
1516 3645 1713 3714 populo
1745 3645 1954 3712 legatos
1980 3640 2099 3694 exi-

528 3748 713 3803 stimat
753 3745 1153 3805 Tillemontius.
1209 3741 1368 3809 idque
1413 3738 1709 3807 colligite!
1741 3750 1805 3789 eo
1829 3733 1968 3803 quod
2022 3732 2100 3785 ait

527 3839 822 3910 Gregorius
859 3838 947 3907 (p..
974 3837 1100 3905 145)
1144 3849 1201 3890 se
1239 3832 1469 3901 Spiritui
1508 3831 1740 3884 cessisse
1781 3828 1860 3890 εἰς
1898 3840 2101 3894 καταρ‹

531 3934 714 4004 τισμδν
737 3931 831 3986 τοῦ
848 3930 978 3985 λαοῦ
1001 3930 1213 3991 τούτου,
1237 3927 1304 3980 ad
1331 3924 1689 3990 perfectionem
1713 3919 1869 3989 hujus
1891 3917 2098 3986 populi:

530 4037 583 4080 et
617 4027 715 4080 sub
747 4026 907 4078 linem
952 4022 1214 4076 orationis
1251 4037 1265 4072 :
1323 4015 1392 4069 Et
1431 4032 1532 4079 me,
1569 4025 1615 4068 et
1652 4029 1756 4066 una
1785 4025 1985 4064 mecum
2011 4024 2101 4062 sa-

529 4136 670 4173 crum
710 4118 846 4171 [tunc
869 4131 1074 4186 gregem
1121 4113 1341 4182 pascite,
1371 4107 1706 4178 ποιμαίνοιτε
1733 4105 1826 4158 καὶ
1869 4117 2100 4173 συμποι-

530 4210 793 4282 pulverea.
849 4208 956 4263 Sed
1007 4221 1166 4274 supra
1217 4203 1294 4273 (e)
1335 4199 1742 4255 observavimus
1783 4195 2101 4264 Gregorium

531 4303 858 4373 Nyssenum,
906 4299 1009 4352 etsi
1058 4298 1319 4353 Cmsarea:
1365 4309 1470 4348 non
1527 4288 1867 4360 loquebatur,
1901 4285 2103 4339 dixisse

530 4406 710 4450 tamen
757 4394 823 4450 de
853 4391 1099 4446 Basilio:
1147 4388 1393 4441 Testatur
1441 4387 1525 4439 hic
1569 4382 1792 4454 papulas
1825 4394 1973 4450 quem
2014 4391 2104 4452 per

529 4488 878 4546 sacerdotium
905 4483 1057 4537 duxit
1085 4481 1154 4537 ad
1195 4480 1290 4536 Dei
1309 4479 1718 4544 promissionem,
1751 4471 2102 4543 quemadmo-

2188 2008 2295 2062 est;
2330 1999 2465 2050 alter
2488 2000 2622 2051 venit
2655 2007 2706 2050 ut
2736 2013 2827 2049 nos
2854 1995 3147 2048 consoletur
3178 2006 3237 2043 ac
3261 1994 3558 2052 componat,
3583 1979 3759 2049 Spiri-

2189 2093 2364 2159 tuique
2385 2087 2781 2154 mansuefaciut.

2261 2183 2422 2238 Venit
2457 2196 2586 2251 ergo
2619 2178 2943 2231 Nazianzum
2976 2175 3286 2246 Nyssenns;
3325 2179 3379 2224 et
3405 2183 3523 2223 cum
3547 2181 3575 2219 a
3605 2160 3758 2216 Basi-

2189 2277 2261 2331 lio
2302 2275 2496 2328 missus
2549 2269 2729 2334 fuerit,
2766 2267 3020 2320 adxenire
3050 2281 3154 2320 non
3187 2263 3360 2333 potuit
3389 2256 3648 2329 postridie
3670 2267 3763 2305 or-

2191 2367 2510 2429 diuatiouis,
2551 2372 2608 2416 ut
2644 2357 2977 2432 perabsurde
3005 2355 3200 2425 legitur
3225 2354 3277 2407 in
3310 2351 3464 2405 titulo
3495 2343 3760 2403 orationis

2191 2471 2357 2514 sextte
2381 2454 2733 2514 Nazianzeui.
2766 2451 2868 2505 Sed
2903 2458 3077 2503 tamen
3116 2444 3397 2511 perpaucis
3453 2448 3573 2510 post
3614 2435 3764 2491 ordi-

2194 2553 2469 2606 nationem
2498 2546 2683 2601 diebus
2731 2542 2968 2596 advenit.
3022 2538 3154 2592 Nam
3196 2536 3309 2590 hmo
3359 2533 3556 2592 oratio,
3596 2542 3762 2597 quam

2192 2654 2373 2695 coram
2399 2653 2462 2693 eo
2493 2637 2865 2690 Nazianzenus
2911 2631 3046 2684 festo
3081 2625 3312 2696 quodam
3352 2628 3650 2689 martyrum
3676 2617 3767 2669 die

2195 2732 2403 2794 habuit,
2445 2729 2497 2781 in
2534 2726 2775 2781 eamdem
2805 2738 3026 2794 prorsus
3062 2718 3383 2775 sententiam
3417 2709 3766 2781 pronuntiata

2192 2833 2296 2884 est,
2329 2836 2390 2875 ac
2418 2821 2641 2890 septima
2671 2830 2854 2870 coram
2890 2813 3107 2866 Basilio.
3153 2811 3440 2878 Vituperat
3482 2800 3627 2856 enim
3658 2797 3768 2850 Ba-

2193 2916 2371 2970 silium
2397 2889 2537 2983 quod
2572 2909 2673 2964 sibi
2701 2908 2806 2962 vim
2834 2904 3094 2966 intulerit,
3129 2902 3220 2957 sed
3251 2909 3429 2954 tamen
3467 2906 3620 2949 suum
3668 2889 3772 2942 ob-

2195 2981 2437 3076 sequium
2487 3003 2776 3074 signilicat.
2841 2998 2998 3052 Dolet
3053 2994 3196 3065 quod
3256 2989 3553 3060 Gregorius
3592 2981 3769 3039 serius

2197 3098 2426 3158 venerit,
2453 3093 2619 3149 veluti
2651 3102 2770 3161 post
2790 3091 2995 3145 cladem
3022 3085 3300 3148 auxilium,
3325 3089 3446 3150 post
3475 3084 3770 3147 tempesta-

2200 3200 2302 3242 tem
2329 3187 2674 3257 gubernator,
2712 3193 2831 3249 post
2869 3180 3175 3235 cicatricem
3217 3173 3480 3229 medicina
3525 3171 3600 3240 (p.
3638 3166 3767 3229 158,

2198 3283 2342 3351 Ml).
2385 3280 2490 3335 Sed
2519 3286 2699 3332 tamen
2735 3288 2794 3328 se
2833 3288 2976 3326 nunc
3001 3271 3196 3325 cedere
3220 3258 3275 3321 et
3310 3264 3558 3319 ﬁduciam
3582 3259 3769 3314 conci-

2196 3348 2323 3443 pere
2351 3370 2621 3432 declarat;
2645 3364 2786 3436 quod
2828 3369 3146 3432 argumento
3169 3367 3250 3410 est
3279 3357 3396 3408 hate
3412 3353 3609 3405 dixisse
3631 3348 3772 3404 Gre-

2197 3438 2429 3534 gorium,
2469 3471 2756 3529 antequam
2806 3455 3033 3524 lugeret.
3082 3447 3238 3503 Nulla
3275 3443 3481 3498 mentio
3522 3438 3773 3500 Gregorii

2198 3558 2364 3626 patris
2399 3557 2454 3609 in
2481 3555 2588 3609 hac
2616 3551 2863 3607 oratione
2893 3564 2906 3602 :
2949 3543 3087 3601 forte
3111 3540 3237 3612 quia
3268 3534 3523 3605 templum
3562 3540 3775 3600 marty-

2203 3623 2342 3712 rum,
2366 3647 2459 3717 qui
2495 3661 2561 3702 eo
2597 3647 2685 3700 die
2726 3641 3063 3702 colebantur,
3095 3631 3320 3690 nimium
3355 3628 3489 3684 urbe
3515 3623 3776 3690 distabat,

2200 3755 2360 3811 quam
2393 3749 2451 3792 Ill
2485 3753 2648 3792 senex
2680 3752 2743 3791 80
2770 3740 3037 3804 pergeret.

2281 3831 2408 3890 VIII.
2461 3832 2559 3887 Vix
2612 3828 2885 3899 Nyssenus
2939 3821 3210 3877 Nazianzo
3255 3817 3599 3878 discesserat,
3648 3823 3775 3865 cum

2199 3927 2496 3998 Gregorius
2547 3923 2826 3991 deceptum
2889 3931 2950 3972 se
2992 3926 3110 3968 esse
3158 3909 3349 3964 sensit.
3402 3908 3779 3960 Recursarunt

2203 4021 2343 4075 illius
2365 4020 2545 4072 animo
2589 4015 2768 4085 priora
2803 4009 3050 4065 fastidia:
3089 4003 3219 4057 vidit
3249 4001 3388 4054 hanc
3425 3997 3496 4066 (e)
3532 3993 3778 4048 Sasimo—

2205 4127 2322 4166 rum
2352 4111 2531 4163 sedem
2569 4107 2686 4160 sine
2718 4102 2981 4172 sanguine
3019 4093 3252 4153 obtineri
3289 4106 3394 4145 non
3429 4102 3586 4154 posse
3615 4101 3630 4138 :
3665 4099 3774 4139 non

2206 4204 2515 4260 habiturum
2546 4211 2605 4252 se
2655 4196 2746 4251 ubi
2773 4196 2981 4250 senium
3013 4197 3198 4262 ponat,
3233 4184 3328 4238 sed
3363 4178 3586 4235 subinde
3632 4185 3781 4232 tecto

2205 4295 2482 4366 expulsum
2517 4290 2580 4345 iri
2618 4305 2634 4344 :
2691 4304 2796 4344 non
2846 4287 3153 4340 adfuturum
3193 4289 3386 4347 panem
3433 4285 3590 4340 quem
3650 4281 3779 4321 cum

2209 4387 2418 4456 hospite
2470 4382 2769 4453 partiatur;
2817 4377 3023 4430 nullum
3083 4370 3304 4426 omnino
3358 4365 3474 4421 fore
3529 4361 3776 4414 laborum

2211 4452 2484 4541 fructum,
2523 4490 2622 4533 nec
2657 4485 2836 4530 tamen
2883 4469 2987 4523 ulla
3032 4465 3280 4521 ablutura
3317 4458 3527 4514 urbium
3572 4452 3779 4503 incom-

531 4585 655 4635 dum
690 4580 853 4634 etiam
898 4577 1096 4631 ibidem
1143 4577 1219 4628 ait
1249 4572 1531 4634 Basiliam,
1575 4542 1802 4621 urbanos
1844 4562 2094 4619 tumultus

2210 4572 2387 4626 moda.
2428 4568 2520 4622 lli's
2537 4567 2919 4637 cogitationum
2962 4558 3162 4613 aculeis
3194 4546 3555 4624 pungentibus
3582 4542 3777 4595 iterum

530 4685 577 4728 et
597 4670 896 4727 materiales
920 4669 1015 4722 hos
1043 4667 1300 4719 tumultus
1324 4662 1548 4734 fugisse.
1575 4658 1692 4714 Non
1725 4659 1860 4710 alius
1891 4657 2101 4710 videtur

530 4779 651 4821 esse
698 4778 891 4819 sensus
937 4757 1266 4815 Nazianzeni
1317 4755 1628 4810 verborum.
1670 4751 1862 4806 Dicere
1907 4747 2104 4818 potuit,

532 4854 1085 4913 Nazianzenosmanu
1112 4849 1484 4909 monstrando,
1523 4860 1580 4899 se
1615 4844 1679 4897 ad
1716 4841 2101 4913 perfectionem

537 4950 696 5018 hujus
723 4947 900 5017 populi
941 4943 1302 5000 constitutum
1335 4953 1458 4995 esse
1495 4936 1835 5005 episcopum,
1859 4933 2106 5000 quamvis

537 5043 873 5097 Sasimorum
899 5045 1064 5099 esset,
1110 5051 1215 5089 non
1255 5031 1510 5086 Naziauzi
1542 5029 1847 5096 episcopus.
1881 5026 1956 5078 Eo
1993 5040 2105 5076 ma-

528 5139 614 5204 gis
643 5129 935 5201 probanda:
969 5127 1229 5196 ejusmodi
1270 5125 1512 5180 rationes
1549 5121 1825 5193 loquendi,
1861 5122 2002 5190 quod
2051 5121 2101 5171 in

535 5224 774 5283 Ecclesia
802 5237 905 5276 una
935 5231 1019 5275 est
1042 5220 1297 5274 cathedra
1323 5228 1378 5270 et
1412 5233 1551 5270 unus
1579 5231 1727 5285 grex.

607 5319 712 5376 VII.
750 5316 882 5370 Illud
934 5313 1098 5369 etiam
1130 5327 1233 5366 non
1283 5311 1423 5365 belle
1452 5310 1703 5379 Opinatus
1727 5320 1808 5363 est
1844 5307 2108 5361 Baronius

537 5409 851 5482 Gregorium
876 5403 1175 5476 Nyssenum
1209 5403 1469 5472 postridie
1495 5401 1853 5455 ordinationis
1876 5398 2110 5452 Nazian-

539 5508 651 5565 κεξυί
683 5507 986 5561 Caesaream
1029 5503 1262 5567 venisse,
1300 5510 1359 5555 ιιι
1393 5500 1768 5570 cognominem
1797 5513 1951 5553 suum
1976 5511 2104 5552 con-

608 5712 686 5781 lo)
717 5712 808 5767 Or.
849 5713 901 5768 5.

611 5779 686 5847 (ὁ)
712 5785 889 5833 tiarnt.
929 5782 992 5833 de
1028 5779 1140 5834 Vit.

611 5851 684 5917 (ε)
714 5849 842 5916 Cap.
879 5851 960 5912 li,
997 5868 1047 5902 n.
1076 5851 1128 5901 i.

2209 4662 2368 4731 fuglt,
2405 4672 2468 4711 ac
2501 4657 2807 4713 solitudinis
2843 4651 3051 4705 deliciis
3076 4644 3389 4717 perfruitur.

2281 4720 2613 4808 i’ermolesta
2663 4748 2762 4802 fuit
2793 4743 2989 4799 Basilio
3029 4736 3273 4806 Gregorii
3307 4730 3454 4798 iuga,
3504 4742 3608 4797 qua
3656 4720 3781 4790 qui-

2209 4847 2330 4902 dem
2355 4844 2583 4899 consilia
2615 4856 2709 4895 sua
2743 4837 2972 4908 perverti
2999 4834 3205 4893 videns,
3231 4841 3351 4880 cum
3375 4837 3442 4876 eo
3469 4813 3781 4887 expostula-

2209 4942 2286 4994 vit
2318 4953 2422 4992 non
2466 4936 2582 4990 sine
2615 4905 2779 4987 animi
2817 4927 3003 4984 offensi
3035 4931 3089 4977 et
3125 4917 3348 4976 subirati
3376 4905 3784 4984 signiﬁcationi-

2213 5035 2335 5086 bus.
2389 5030 2460 5083 At
2491 5026 2783 5097 Gregorius
2830 5023 2905 5090 (ί)
2947 5021 3000 5074 in
3052 5011 3424 5082 respondendo
3465 5017 3568 5058 non
3601 4999 3784 5053 minus

2213 5127 2533 5185 vehemens,
2587 5127 2747 5188 negat
2784 5117 2883 5170 sibi
2922 5112 3066 5165 litem
3107 5106 3437 5162 inferendam
3470 5109 3588 5148 esse
3637 5092 3783 5161 quod

2215 5217 2457 5272 fraudem
2514 5187 2727 5268 tandem
2792 5206 3078 5274 aliquando
3138 5196 3385 5257 senserit,
3439 5187 3783 5261 periniquum

2214 5310 2359 5363 enim
2410 5320 2550 5368 esse,
2597 5313 2650 5357 ut
2698 5302 2836 5356 idem
2877 5294 3064 5363 injuria
3099 5288 3360 5343 aﬂiciatur
3385 5293 3442 5336 et
3474 5286 3787 5332 accusetur.

2219 5400 2466 5455 lleclarat
2490 5413 2546 5451 se
2575 5412 2722 5449 arma
2745 5394 2882 5446 ferre
2912 5404 3018 5442 nou
3051 5399 3226 5452 posse,
3254 5389 3306 5433 et
3331 5389 3428 5445 pro
3465 5369 3788 5427 lactentibus

2214 5505 2266 5551 et
2289 5492 2481 5548 avibus
2513 5487 2694 5542 Basilii
2734 5497 2983 5554 tauquam
3030 5494 3125 5550 pro
3155 5473 3439 5531 animabus
3476 5475 3530 5522 et
3565 5459 3789 5519 canoni-

2301 5697 2370 5766 (ὀὶ
2396 5695 2522 5766 Naz.
2550 5708 2630 5766 or.
2666 5696 2730 5745 6.

2297 5759 2364 5831 le)
2393 5763 2624 5831 Canusi
2658 5766 2723 5817 de
2763 5759 2870 5816 Vit.

2301 5834 2363 5897 (ll
2394 5830 2662 5895 Epist.3l.
