4038 6464
450 443 567 483 ΕΝ

1805 409 2330 468 PllOLEGOMENA.

451 549 674 618 scripta.
708 547 806 600 V'is
854 545 998 600 enim
1040 541 1307 596 aediﬁcare
1353 546 1594 607 cmperat
1637 533 1887 598 Basilius,
1919 549 2032 587 ma-
2058 537 2104 592 Α
2135 531 2278 584 ditur
2311 529 2377 582 ab
2407 527 2506 581 hac
2535 527 2615 581 sui
2655 526 2704 579 in
2737 534 2942 593 patrem
2977 532 3028 576 et
3056 523 3307 576 Basiliam
3338 521 3576 589 obsequii
3626 519 3727 605 εἴη

455 645 590 697 teria
629 642 892 695 hactenus
934 644 1266 705 comportata
1312 650 1326 686 :
1375 648 1510 701 opus
1559 639 1735 684 autem
1780 645 1884 682 non
1938 642 2032 696 po-

457 738 556 789 tuit
585 734 763 790 serius
797 733 1034 799 incipere
1063 731 1162 798 (a),
1194 727 1466 796 siquidem
1517 727 1626 794 jam
1679 732 1862 791 aptum
1907 731 2026 774 erat

456 839 511 880 et
545 835 793 892 paratum
832 823 1137 890 hospitibus
1169 816 1552 885 suscipiendis.
1577 815 1689 884 jam
1717 811 2032 865 monasterii

461 921 634 972 forma
661 919 774 971 suis
816 914 1061 968 absoluta
1094 909 1334 964 numeris
1364 919 1488 962 ante
1517 907 1674 960 linem
1735 903 1859 956 anni
1911 901 2033 955 573.

463 1015 640 1076 Quare
675 1021 874 1061 mutuae
909 1006 1012 1058 illa:
1050 1003 1432 1058 altercationes
1480 999 1875 1067 episcoporum,
1920 993 2038 1061 qui-

467 1110 564 1156 bus
590 1102 818 1155 Basilius
851 1101 1086 1151 animam
1117 1095 1247 1149 Elia:
1290 1093 1404 1147 laedi
1440 1092 1676 1153 nolebat,
1722 1089 1854 1142 nihil
1894 1088 2038 1140 aliud

461 1204 590 1249 sunt
621 1209 782 1261 quam
804 1190 1171 1244 dissensiones
1208 1203 1327 1240 cum
1357 1185 1614 1238 Anthimo
1648 1193 1704 1237 et
1746 1183 1894 1245 aliis;
1930 1195 2037 1233 non

464 1291 607 1343 enim
661 1286 806 1340 aliud
865 1299 1090 1353 prorsus
1141 1280 1398 1348 suspicari
1438 1279 1585 1338 licet.
1643 1274 2041 1330 neeimmerito

469 1393 678 1450 tempus
743 1375 1005 1447 ejusmodi
1071 1373 1470 1428 dissensionum
1526 1384 1591 1424 ex
1649 1368 1751 1422 hac
1815 1364 2040 1437 epistola

466 1470 877 1527 constituimus.

540 1584 654 1639 Hoc
711 1582 1189 1653 plochotrophium
1258 1579 1310 1632 in
1367 1575 1628 1630 suburbio
1675 1573 1952 1627 conditum
2012 1586 2042 1624 a

473 1678 639 1730 fratre
680 1675 867 1729 laudat
899 1675 1199 1746 Nyssenus.
1235 1672 1435 1725 Novam
1480 1669 1750 1720 civitatem
1785 1664 1858 1735 (b)
1892 1673 2043 1717 extra

472 1771 779 1824 Cznsaream
841 1768 1075 1836 appellat
1127 1765 1499 1819 Nazianzenus
1537 1760 1628 1828 (c).
1685 1758 1814 1811 Erat
1867 1764 2043 1808 autem

476 1859 782 1928 hospitibus
831 1873 886 1913 et
936 1859 1238 1928 peregrinis
1292 1854 1642 1914 destinatum,
1697 1860 1806 1903 tum
1859 1849 1929 1902 iis
1957 1848 2043 1916 qui

476 1955 587 2008 cito
621 1963 929 2014 transeunt,
963 1963 1074 2004 tum
1111 1950 1178 2003 iis
1209 1949 1298 2014 qui
1327 1944 1535 1998 medela
1573 1943 1752 2010 aliqua
1788 1939 2047 2008 indigent.

479 2049 573 2102 llis
618 2049 802 2100 verbis
846 2047 1153 2100 indicantur
1190 2039 1416 2108 leprosi,
1453 2037 1543 2106 qui
1594 2051 1714 2089 cum
1746 2033 2055 2090 civitatibus

485 2142 838 2208 pellerentur,
866 2153 971 2192 non
1007 2134 1280 2189 immerito
1330 2133 1473 2186 inter
1517 2130 1760 2196 hospites
1805 2136 1858 2180 et
1899 2141 2053 2195 pere-

479 2232 664 2301 grinos
698 2230 1055 2284 habebantur.
1104 2226 1197 2281 His
1249 2225 1527 2296 praecipue
1564 2220 1836 2289 provisum
1893 2217 2058 2270 fuisse

478 2325 584 2376 hoc
614 2323 902 2391 hospitium
941 2329 1208 2376 testantur
1241 2316 1616 2370 Nazianzenus
1651 2311 1729 2383 (Δ)
1774 2320 1826 2363 et
1877 2307 2055 2362 Theo-

481 2416 704 2469 doretus
731 2413 799 2484 (θ)
840 2432 856 2469 :
889 2428 994 2466 non
1024 2421 1202 2465 tamen
1239 2410 1490 2462 videnlur
1526 2403 1736 2458 exclusi
1766 2401 1930 2454 fuisse
1966 2397 2058 2451 alii

483 2523 549 2562 ex
579 2507 805 2561 civitate
842 2514 934 2558 aut
957 2520 1021 2558 ex
1051 2504 1169 2556 aliis
1199 2502 1328 2554 locis
1349 2498 1696 2554 advenientes
1724 2492 1929 2560 mgroti.
1956 2489 2060 2544 Sed

484 2599 754 2667 praecipue
786 2598 837 2649 in
873 2597 1118 2662 leprosos
1165 2593 1362 2645 enituit
1402 2589 1640 2643 Charitas
1677 2585 1882 2648 Basilii,
1926 2595 2061 2650 quos

487 2692 572 2743 vir
597 2688 794 2742 nobilis
822 2695 875 2739 et.
906 2686 1173 2739 nobilibus
1208 2693 1358 2735 ortus
1392 2679 1627 2734 osculari
1686 2691 1788 2728 non
1847 2673 2062 2725 dubita-

488 2785 604 2845 bat,
635 2796 741 2834 non
782 2780 847 2834 ad
900 2780 1115 2832 inanem
1173 2775 1396 2845 gloriam
1440 2775 1620 2842 (nemo
1672 2771 1814 2822 enim
1866 2767 1931 2820 ab
1965 2766 2066 2818 hoc

487 2875 622 2926 vitio
656 2873 933 2935 remotior,
971 2869 1143 2938 inquit
1175 2867 1565 2927 Nazianzenus,
1609 2863 1700 2916 sed
1735 2870 1791 2913 ut
1819 2859 1953 2913 alios
1998 2857 2066 2927 (Ι)

489 2964 736 3031 iixcmplo
781 2979 874 3016 suo
924 2962 988 3014 ad
1041 2974 1324 3026 corporum
1352 2955 1680 3010 curationem
1712 2951 1941 3006 libenter
1971 2965 2064 3004 ac-

498 3057 694 3110 cedere
722 3055 960 3107 doeeret.
1001 3049 1109 3104 Nec
1139 3064 1265 3102 vero
1297 3047 1406 3100 sola
1437 3045 1626 3098 civitas
1660 3043 1802 3095 illius
1835 3042 2067 3094 charita-

495 3156 605 3200 tem
636 3146 826 3205 sensit,
863 3143 956 3198 sed
1007 3141 1058 3195 in
1097 3154 1262 3208 pagos
1285 3138 1446 3191 etiam
1497 3131 1892 3187 sollicitudines
1943 3144 2069 3183 suas

494 3238 833 3296 extendebat.
854 3248 913 3286 ac
947 3233 1196 3285 omnibus
1243 3227 1422 3299 populi
1476 3221 1780 3296 praepositis
1822 3222 2071 3274 humani-
2101 3239 2141 3294 ς

499 3341 658 3382 latent
692 3330 744 3381 ἱη
779 3341 1062 3393 pauperes,
1089 3333 1145 3376 ut
1185 3337 1470 3376 commune
1498 3328 1773 3372 certamen
1809 3328 2072 3384 propone-

498 3425 610 3474 bat.
646 3420 798 3475 Unde
825 3416 899 3488 (g)
940 3415 1136 3487 singuli
1177 3415 1552 3484 chorepiscepi
1593 3414 1845 3467 videntur
1874 3412 1923 3466 in
1980 3425 2076 3479 pa-

497 3515 580 3585 gis
613 3513 712 3567 sibi
755 3511 1061 3564 commissis
1091 3522 1382 3563 commune
1423 3506 1640 3574 aliquod
1674 3505 1925 3559 habuisse
1955 3515 2074 3574 pto-

500 3602 910 3672 cbotrophium.

575 3736 650 3808 (Ir)
681 3733 986 3806 Smpissime
1033 3734 1084 3786 in
1118 3731 1589 3802 ptorhotrophinm
1626 3728 1879 3783 veniebat
1930 3726 2082 3781 Basi-

504 3827 630 3892 lius,
670 3843 771 3879 non
808 3824 1003 3885 solum,
1033 3832 1091 3873 nt
1136 3837 1427 3889 pauperum
1463 3835 1650 3873 curam
1703 3825 1937 3888 gereret,
1988 3816 2083 3871 sed

506 3920 669 3970 etiam
704 3926 763 3970 ut
813 3914 1202 3968 monasterium
1250 3912 1526 3975 inviseret,
1555 3909 1694 3978 quod
1727 3911 1795 3962 ibi
1831 3920 2081 3964 constru-

511 4030 524 4056 ι
546 4019 657 4060 tum
689 4018 827 4061 erat.
861 4005 1109 4058 hlonachi
1139 4002 1282 4056 enim
1327 4010 1483 4055 erant
1513 4002 1656 4054 servi
1700 4001 1775 4054 illi
1816 4001 1932 4065 Dei,
1961 4002 2081 4069 qui-

510 4101 611 4154 bus
641 4100 931 4168 assignatze
962 4106 1116 4151 erant
1137 4096 1279 4148 aedes
1307 4093 1614 4150 inferiores.
1637 4093 1713 4148 Ex
1747 4094 1849 4147 hoc
1879 4092 1995 4144 loco
2024 4092 2083 4160 (i)

512 4193 802 4261 perscribit
839 4190 1214 4256 Amphilochia
1246 4187 1559 4241 lleraclidas
1583 4187 1760 4240 audita
1796 4200 1860 4240 ex
1890 4185 2089 4240 Basilio

515 4288 830 4337 monasticae
860 4286 982 4336 vitze
1013 4292 1303 4350 praecepta.
1333 4280 1555 4335 Przefuit
1578 4290 1630 4333 et
1669 4278 2001 4333 monasmrio
2035 4288 2090 4332 et

516 4374 935 4445 ptochotmpbio
981 4375 1064 4426 vir
1120 4373 1334 4426 eximiae
1390 4371 1630 4434 virtutis,
1687 4370 1952 4424 Sacerdos
1997 4385 2092 4423 no-

517 4471 692 4530 mine;
741 4469 832 4521 sed
854 4468 901 4521 ei
937 4477 1226 4535 utrumque
1253 4464 1639 4528 ministerium,
1665 4462 1806 4530 quod
1841 4460 2090 4526 Basilius,

516 4571 577 4614 u-t
611 4560 908 4613 verisimile
953 4570 1057 4624 est,
1097 4559 1444 4613 commiserat
1469 4555 1560 4625 (j),
1597 4555 1871 4609 llelladius
1906 4552 2089 4606 Basilii

521 4667 807 4711 successor
854 4654 1088 4717 indignis
1138 4651 1307 4704 modis
1351 4649 1647 4716 abrogavit.
1698 4647 2094 4703 Celeberrimus

520 4748 621 4800 fuit
664 4747 751 4799 hic
803 4746 953 4800 locus
986 4759 1048 4797 ac
1101 4742 1423 4794 Basiliatlem
1482 4739 1664 4794 vocari
1720 4739 1935 4793 solitum
1975 4753 2095 4792 esse

525 4837 784 4890 discimus
829 4851 894 4890 ex
940 4832 1173 4903 quodam
1211 4831 1416 4883 scholio
1452 4831 1504 4883 in
1555 4830 1789 4898 antiquis
1822 4828 2095 4884 codicibus

521 4940 644 4998 post
684 4928 920 4997 regulam
971 4925 1124 4979 brev.
1154 4925 1282 4991 286,
1321 4934 1553 4994 reperto.
1597 4922 1801 4975 Laudat
1837 4921 2096 4976 Sozome-

526 5038 626 5073 nus
660 5018 733 5088 (Ιί)
776 5019 1035 5072 eximium
1067 5018 1354 5086 quemdam
1403 5015 1872 5082 chorepiscopum,
1910 5010 2101 5080 Prapi-

529 5111 674 5165 dium
711 5112 948 5174 nomine,
976 5125 1137 5178 quem
1170 5108 1421 5162 Basiliadi
1466 5105 1741 5174 pra-luisse
1779 5112 2027 5158 testatur.

598 5223 663 5279 ll.
701 5222 815 5276 Non
841 5225 930 5278 diu
969 5221 1204 5292 perstitit
1227 5221 1280 5274 in
1308 5221 1426 5289 fuga
1456 5217 1763 5287 Gregorius,
1795 5218 1881 5285 qui
1922 5230 1978 5270 se
2002 5214 2103 5268 hac

538 5336 633 5372 Jun
670 5317 721 5370 in
765 5331 819 5370 re
848 5317 1024 5370 minus
1059 5315 1251 5369 fortem
1294 5328 1356 5365 ac
1392 5324 1710 5380 generosum
1739 5309 1936 5365 fatetur
1959 5321 2099 5371 esse,

553 5427 584 5462 n
613 5413 686 5464 ira
725 5409 895 5479 patris
945 5407 1286 5478 perferenda.
1316 5405 1627 5460 Orationem
1663 5404 1905 5472 quintam
1945 5415 2101 5456 exor-

607 5553 680 5626 (α)
716 5555 813 5626 Ep.
846 5553 967 5607 130.

606 5625 680 5694 (ὁ)
717 5627 767 5676 In
802 5625 969 5676 llasil.

606 5697 678 5764 (rt)
703 5696 796 5747 Or.
821 5695 912 5747 ‘20.

610 5769 686 5832 tu)
723 5767 855 5817 "Diti.

614 5836 683 5900 (ei
710 5835 824 5888 Lib.
862 5851 932 5902 Iv,
966 5852 1013 5891 c.
1047 5836 1127 5890 19.

613 5907 679 5963 (Γ)
710 5909 842 5962 Ibid.

2135 621 2508 691 gnilicatione.
2555 619 2718 673 Οὐδὲν
2759 619 3122 689 ἰσχυρότερον,
3158 616 3348 684 inquit,
3374 616 3578 685 γήρως,
3615 614 3709 666 καὶ

2136 715 2295 768 οὐδὲν
2353 713 2532 782 φιλίας
2600 710 3040 780 αἰδεοίμώτερον.
3087 707 3223 760 Ὑπὸ
3279 707 3481 759 τούτων
3538 705 3710 775 ἦχοην

2139 810 2272 876 ὑμῖν
2303 805 2415 874 ἐγὼ
2447 807 2666 875 δέσμιος
2705 805 2761 855 ἐν
2794 801 3033 872 Χριστῷ,
3056 801 3228 862 δεθεὶς
3250 800 3351 851 οὐκ
3377 799 3598 852 ἁλύσεσι
3627 814 3708 850 σι·-

2143 902 2357 971 δηραῖς,
2411 897 2546 952 ἀλλὰ
2590 899 2701 959 τοῖς
2731 895 2943 957 ἀλύτοις
2971 896 3186 964 δεσμοῖς
3227 892 3322 945 τοῦ
3377 892 3708 962 πνεύματος.

2153 991 2305 1044 Nihil
2351 1000 2612 1044 senectute
2643 989 2853 1058 fortius,
2885 988 3014 1039 nihil
3060 985 3291 1038 amicitia
3344 983 3706 1038 venerabilius.

2147 1085 2225 1137 Ab
2256 1083 2336 1136 his
2359 1099 2449 1152 ego
2503 1083 2570 1133 ad
2606 1097 2693 1134 vos
2748 1081 2932 1132 ductus
2963 1095 3099 1141 sum,
3151 1079 3348 1130 vinctus
3392 1077 3447 1129 in
3475 1074 3706 1141 Christo,

2149 1191 2248 1228 non
2275 1175 2470 1226 catenis
2499 1173 2702 1241 ferreis,
2732 1173 2820 1224 sed
2861 1169 3208 1222 tenacissimis
3241 1168 3451 1235 spiritus
3491 1167 3709 1221 vinculis

2144 1267 2487 1320 constrictus.
2546 1265 2638 1318 llis
2670 1278 2800 1316 sane
2854 1262 3032 1315 verbis
3077 1260 3277 1313 indicat
3322 1257 3613 1326 Gregorius
3651 1269 3713 1311 se

2144 1359 2322 1426 aliquo
2363 1373 2429 1411 ex
2455 1357 2571 1410 loco
2606 1355 2938 1408 Nazianzum
2981 1353 3193 1412 venire;
3231 1365 3292 1404 ac
3320 1349 3546 1416 proinde
3598 1349 3714 1402 haec

2149 1451 2323 1505 oratio
2362 1465 2466 1502 non
2500 1446 2680 1501 statim
2711 1457 2830 1514 post
2859 1445 3248 1498 ordinationem
3276 1449 3330 1495 et
3365 1451 3487 1494 ante
3513 1438 3716 1493 oratio-

2147 1558 2268 1597 nem
2302 1542 2618 1610 septimam,
2649 1550 2707 1592 ut
2741 1540 2912 1591 visum
2944 1549 3026 1591 est
3056 1534 3421 1596 Tillemontio,
3455 1532 3548 1586 sed
3595 1541 3717 1599 post

2153 1632 2392 1687 reditum
2429 1645 2496 1684 ex
2525 1631 2644 1698 fuga
2680 1628 3019 1696 pronuntiata
3076 1635 3177 1681 est.
3235 1625 3322 1680 Sic
3363 1625 3525 1678 etiam
3576 1620 3715 1691 quod

2153 1723 2301 1776 addit
2329 1736 2388 1776 se
2423 1731 2578 1773 antea
2604 1719 2722 1771 aliis
2757 1719 2936 1772 omnia
2968 1716 3265 1784 reliquisse,
3305 1725 3360 1767 ut
3394 1728 3574 1769 secum
3596 1710 3721 1781 phi-

2151 1814 2548 1881 losopharetur,
2572 1819 2624 1865 et
2646 1809 2772 1862 Elia:
2789 1808 3090 1862 Carmelnm
3113 1822 3175 1860 ac
3198 1806 3419 1859 Joannis
3447 1808 3718 1859 desertum

2083 1879 2123 1932 Β
2155 1879 2436 1974 cogitasse,
2472 1903 2521 1955 id
2557 1901 2800 1970 proiecto
2833 1898 3010 1953 dicere
3038 1914 3138 1950 non
3165 1898 3334 1964 potuit
3360 1896 3476 1965 ipso
3509 1895 3721 1948 ordina-

2160 1997 2318 2050 tionis
2344 1994 2668 2048 Sasimensis
2698 1993 2805 2056 die,
2854 2007 3013 2060 quam
3034 2005 3137 2044 non
3163 1989 3438 2058 przecessit
3466 1985 3721 2050 solitudo,

2157 2090 2250 2143 sed
2277 2089 2455 2157 potius
2481 2086 2767 2143 sacerdotii
2798 2085 2949 2138 labor
2998 2086 3047 2137 in
3077 2092 3225 2152 patre
3258 2079 3578 2146 adjuvando.

2232 2179 2566 2234 Tillemoutii
2603 2178 2909 2248 Opinionem
2942 2175 3136 2229 clarius
3174 2171 3423 2227 refellunt
3468 2184 3586 2238 quas
3643 2183 3727 2222 se—

2160 2282 2424 2341 quuntur.
2465 2272 2555 2325 Ait
2588 2285 2646 2323 se
2670 2279 2824 2322 antea
2858 2270 3049 2323 fortem
3082 2266 3363 2336 quemdam
3413 2273 3468 2318 et
3510 2264 3729 2329 insupe-

2160 2363 2385 2419 rabilem
2407 2361 2506 2416 sibi
2529 2360 2703 2414 visum
2733 2374 2880 2422 esse;
2915 2374 2976 2412 ac
3008 2375 3077 2412 ne
3103 2358 3487 2412 amantissimis
3513 2355 3729 2424 quidem

2164 2456 2248 2510 his
2285 2453 2551 2508 fratribus
2580 2465 2862 2506 sermones
2894 2449 3121 2512 dedisse,
3145 2460 3203 2500 ut
3231 2464 3412 2502 secum
3443 2449 3554 2516 ipse
3584 2455 3734 2500 tran-

2163 2548 2329 2617 quille
2359 2545 2858 2616 philosopharetur,
2897 2557 3192 2610 secumque
3218 2542 3331 2609 ipse
3375 2551 3429 2594 et
3457 2556 3576 2593 eum
3624 2540 3737 2608 spi-

2172 2642 2277 2693 ritu
2305 2639 2632 2706 colloquium
2691 2636 2931 2690 haberet.
2961 2634 3041 2687 An
3081 2642 3255 2701 potest
3285 2630 3621 2685 manifestius
3648 2633 3734 2684 in-

2170 2731 2338 2785 dicari
2364 2731 2596 2785 solitudo
2625 2736 2676 2782 in
2705 2745 2868 2798 quam
2900 2744 2956 2782 se
2988 2725 3301 2794 receperat?
3329 2722 3434 2777 Sed
3461 2723 3599 2790 quod
3626 2738 3741 2776 am-

2173 2824 2388 2892 bigendi
2417 2823 2592 2877 locum
2621 2837 2835 2875 omnem
2877 2820 3182 2889 praecludit,
3220 2821 3461 2870 recantat
3486 2828 3741 2880 quaecun-

2168 2931 2272 2987 que
2299 2925 2418 2985 post
2447 2916 2843 2970 ordinationem
2875 2913 3060 2967 dolore
3091 2911 3353 2965 suadente
3393 2908 3444 2960 in
3480 2904 3739 2958 Basiliam

2169 3011 2414 3078 asperius
2447 3008 2676 3064 dixerat.
2724 3006 2848 3060 Jam
2894 3007 3033 3058 enim
3077 3006 3212 3057 irent
3258 3002 3446 3072 abjicio
3492 2998 3743 3067 (Audiens

2173 3103 2428 3156 mansueti
2465 3111 2510 3152 et
2539 3101 2783 3152 lwtentur
2813 3097 2987 3166 !_Psal.
3027 3111 3222 3158 xxxni,
3248 3092 3306 3165 5]
3338 3094 3388 3161 ),
3437 3103 3747 3158 manumque

2176 3198 2332 3257 hanc,
2358 3205 2471 3260 qua:
2500 3188 2627 3240 mihi
2674 3188 2776 3238 vim
2807 3187 3008 3247 attulit,
3047 3187 3255 3253 placido
3286 3185 3434 3237 vultu
3460 3181 3744 3248 conspicio,

2178 3301 2239 3336 ac
2273 3280 2484 3350 spiritui
2516 3275 2758 3339 arrideo,
2791 3274 3018 3342 mihique
3042 3285 3354 3326 commotum
3386 3285 3565 3340 pectus
3592 3272 3750 3324 seda-

2181 3386 2287 3440 tur,
2315 3372 2549 3438 reditque
2587 3368 2756 3429 ratio;
2801 3375 2955 3434 atque
3009 3363 3265 3426 amicitia,
3302 3362 3471 3412 instar
3520 3362 3751 3428 ﬂamma:

2180 3465 2449 3533 consOpita
2491 3472 2536 3515 et
2571 3460 2852 3520 exstincta,
2893 3469 3078 3507 rursus
3112 3468 3176 3505 ea:
3203 3467 3360 3520 parvo
3395 3450 3625 3519 igniculi)
3670 3467 3756 3502 re-

2179 3560 2396 3620 viviscit,
2423 3567 2472 3611 et
2501 3555 2778 3609 excitatur.
2822 3549 3081 3602 Renuerat
3115 3544 3377 3599 consolari
3402 3545 3582 3597 anima
3615 3559 3758 3608 utea,

2183 3659 2231 3704 et
2253 3651 2512 3702 anxietate
2559 3643 2881 3714 afﬁciebatur
2929 3642 2983 3693 iu
3021 3655 3100 3692 me
3145 3639 3358 3707 spiritus
3384 3653 3549 3689 meus.
3585 3633 3711 3687 Dixi
3737 3648 3758 3685 :

2189 3741 2476 3807 Nunquam
2504 3740 2558 3788 iu
2598 3745 2863 3804 posterum
2901 3732 3151 3785 amicitia:
3173 3731 3329 3797 fidem
3364 3728 3584 3782 habebo.
3617 3727 3762 3781 Ante

2188 3831 2582 3886 ordinationem
2609 3825 2846 3878 amicitia
2889 3822 3144 3874 Basilium
3177 3824 3318 3874 inter
3351 3829 3405 3873 et
3433 3819 3761 3889 Gregorium

2191 3925 2410 3980 turbata
2447 3935 2553 3975 non
2585 3917 2797 3981 fuerat;
2830 3915 2939 3968 iras
2963 3906 3105 3966 inter
3139 3925 3232 3963 eos
3271 3910 3382 3963 sola
3419 3911 3586 3962 movit.
3613 3909 3764 3962 ordi-

2192 4019 2362 4080 natio,
2399 4024 2454 4068 et
2477 4011 2620 4082 quod
2650 4007 2944 4078 Gregorius
2967 4002 3169 4059 fatetur
3192 4016 3250 4056 se
3273 4001 3495 4066 dixisse,
3532 3999 3664 4053 nulli
3705 4014 3766 4055 se

2195 4109 2452 4174 deinceps
2480 4104 2655 4157 amico
2696 4102 2855 4154 ﬁdem
2885 4099 3220 4157 habiturum,
3258 4093 3308 4146 id
3336 4092 3608 4161 conceptis
3637 4105 3764 4146 ver-

2195 4199 2279 4252 bis
2310 4196 2439 4250 dicit
2490 4196 2541 4248 in
2595 4192 2836 4248 clausula
2865 4189 3108 4259 epistola:
3146 4186 3238 4249 51,
3273 4199 3433 4253 quam
3469 4194 3589 4253 post
3619 4181 3770 4250 abje-

2198 4299 2341 4342 ctum
2375 4285 2739 4355 gubernanda:
2780 4281 3114 4336 Sasimorum
3171 4276 3424 4332 Ecclesia:
3477 4277 3766 4330 consilium

2195 4379 2430 4450 scripsit.
2459 4378 2596 4445 Quin
2624 4379 2784 4430 etiam
2808 4386 2929 4426 cum
2954 4371 3267 4440 obsequium
3310 4384 3464 4424 suum
3498 4369 3550 4421 in
3576 4368 3777 4421 oratio-

2200 4476 2358 4529 nibus
2388 4472 2418 4524 7
2459 4482 2513 4524 et
2541 4471 2597 4533 6,
2636 4482 2740 4521 non
2789 4466 2907 4518 sine
2935 4465 3170 4534 querelis
3198 4473 3252 4518 et
3280 4462 3484 4516 aculeis
3521 4460 3572 4512 in
3617 4457 3772 4514 Basi-

2127 4591 2172 4646 D
2202 4569 2330 4622 lium
2370 4573 2625 4627 testetur,
2665 4562 2716 4613 in
2752 4559 2853 4614 hac
2882 4560 3070 4629 quinta
3103 4558 3352 4612 oratione
3381 4553 3517 4606 adeo
3549 4553 3685 4608 lenis
3716 4564 3774 4608 et

2207 4663 2449 4732 placatus
2478 4665 2582 4720 est,
2617 4651 2845 4706 utnulla
2884 4661 3009 4706 tunc
3035 4651 3150 4716 eius
3181 4649 3362 4702 animo
3397 4647 3643 4701 videatur
3685 4661 3775 4700 re-

2208 4754 2414 4808 sedisse
2462 4746 2718 4812 ollensio;
2762 4756 2968 4800 etcum
3007 4742 3189 4798 Basilii
3221 4739 3503 4794 consilium
3559 4741 3611 4792 in
3649 4753 3778 4792 ora-

2207 4848 2351 4900 tione
2383 4851 2558 4904 sexta,
2591 4840 2810 4909 dignum
2847 4855 2954 4893 non
2987 4837 3152 4890 luisse
3180 4834 3322 4886 dicat
3342 4848 3405 4887 eo
3436 4834 3648 4900 spiritu,
3682 4832 3776 4898 qui

2206 4950 2325 4994 erat
2358 4938 2410 4989 in
2447 4933 2678 4997 Basilio;
2709 4946 2849 4985 nune
2882 4931 3020 4984 idem
3067 4926 3351 4979 consilium
3387 4926 3451 4978 ad
3481 4935 3626 4976 astra
3675 4924 3786 4978 tol-

2203 5036 2266 5088 lit
2294 5050 2308 5086 :
2336 5029 2593 5096 Spiritum
2641 5025 2908 5088 amicitiae,
2945 5021 3121 5089 inquit
3151 5020 3212 5091 (ἱ)
3238 5060 3251 5083 ,
3277 5016 3582 5085 post/labere
3611 5016 3778 5069 mini-

2203 5143 2283 5180 me
2313 5119 2611 5177 sustinuisti
2648 5114 3089 5185 (quandoquidem
3127 5123 3181 5166 ut
3211 5128 3302 5164 nos
3335 5110 3502 5177 pluris
3525 5109 3775 5175 fortasse.

2210 5237 2364 5290 quam
2390 5218 2522 5270 alios
2558 5231 2733 5268 omnes
2757 5212 2904 5264 ducis
2936 5212 3051 5263 :ita
3078 5225 3280 5261 rursum
3324 5205 3578 5272 Spiritum
3628 5207 3780 5258 nobis

2211 5310 2362 5378 longe
2391 5305 2706 5374 anteponis).
2757 5301 2879 5354 Non
2928 5318 3111 5366 passus
3161 5317 3210 5352 es
3249 5298 3501 5352 talentum
3555 5297 3785 5351 interra

2213 5401 2475 5470 defossum
2501 5415 2653 5464 aeque
2677 5396 2917 5448 obrutum
2953 5393 3132 5450 latere.
3175 5391 3292 5446 Non
3325 5406 3509 5458 passus
3535 5405 3587 5444 es
3618 5391 3785 5444 lusor.

2280 5543 2354 5610 (g)
2396 5541 2492 5607 Ep.
2529 5539 2630 5591 M9.
2658 5548 2709 5591 ct
2734 5538 2850 5590 ΗΒ.

2283 5616 2360 5680 th)
2389 5613 2481 5673 lip.
2516 5610 2631 5662 1350.

2283 5685 2344 5749 (ξ)
2381 5680 2510 5732 tum.

2283 5753 2346 5818 Ui
2379 5753 2502 5804 an.
2535 5765 2617 5817 ep.
2649 5750 2772 5803 ‘2I6.

2286 5825 2356 5886 Ui)
2385 5821 2498 5872 Lib.
2531 5839 2603 5885 γι,
2635 5839 2680 5875 c.
2720 5821 2804 5873 δε,

2289 5893 2346 5960 (Ι)
2384 5891 2474 5943 Οι·.
2509 5892 2558 5943 5.
