4038 6444
1605 404 1756 459 \‘lTﬁ.
1802 405 1856 455 ὃ.
1905 400 2168 456 ΒᾹΞΙΕῖΙ.

3407 421 3434 460 Χ
3443 420 3503 462 (ἒν

265 541 386 582 nam
420 524 595 577 modio
629 523 830 578 diutius
862 524 1049 577 obduci
1081 541 1094 586 ;
1127 524 1219 577 hoc
1264 528 1397 579 enim
1451 527 1623 578 lumen
1662 542 1830 579 meum
1859 540 1906 593 Α
1938 525 2238 575 orationem
2306 519 2680 576 Tiliemoutius
2730 519 2798 592 te)
2847 519 3009 573 refert
3050 523 3112 574 ad
3159 538 3356 576 annum
3402 523 3504 577 373

262 632 537 684 meamque
566 619 965 686 negotiationem
989 633 1097 670 esse
1123 619 1411 672 existimas.

336 707 464 758 Illud
493 715 669 760 autem
710 724 813 759 non
851 707 1004 757 valde
1040 707 1344 762 abstrusum
1374 717 1479 770 est,
1511 711 1649 778 quod
1680 710 1754 764 ait
1777 722 1835 762 se

263 814 330 850 ne
369 795 455 850 bis
484 800 699 868 quidem
725 798 1112 852 amantissimis
1147 801 1403 854 fratribus
1441 811 1593 854 antea
1627 817 1834 856 sermo-

264 902 384 939 nem
419 887 696 958 impertire
720 887 971 941 voluisse.
1005 888 1134 943 Nam
1182 907 1303 945 cum
1359 891 1580 960 fugisset
1628 895 1676 946 in
1710 893 1834 946 soli-

264 977 530 1044 tudinem,
595 989 752 1045 atque
807 979 875 1031 ibi
925 980 1118 1035 festum
1175 981 1430 1047 paschale
1483 986 1828 1046 traduxisset,

262 1073 437 1124 caruit
467 1071 683 1124 interim
720 1072 1059 1138 optatissima
1099 1073 1243 1125 illius
1270 1087 1400 1125 voce
1457 1076 1693 1129 Ecclesia
1727 1074 1832 1128 Na.

266 1163 548 1223 ziauzena,
607 1171 658 1213 ut
719 1164 997 1217 evidenter
1043 1163 1264 1232 probant
1312 1180 1428 1233 qua!
1480 1176 1827 1232 sequuntur:

264 1251 455 1319 Utpote
487 1252 577 1320 qui
628 1256 801 1306 omnia
853 1253 1198 1317 reliquissem,
1233 1267 1285 1306 ut
1337 1258 1399 1309 ab
1447 1258 1586 1309 omni
1625 1258 1828 1325 negotio

262 1347 487 1412 feriatus
527 1346 812 1413 tranquille
844 1345 1261 1412 philosopliarer,
1291 1363 1591 1417 mecumque
1637 1348 1742 1415 ipse
1783 1359 1829 1400 et

262 1451 380 1488 cum
415 1435 609 1502 spiritu
645 1437 957 1504 colloquium
981 1436 1241 1490 haberem.
1281 1439 1394 1492 Non
1433 1441 1587 1492 video
1638 1454 1734 1491 cur
1779 1438 1827 1492 id

261 1526 645 1583 'l‘illemontius
707 1529 962 1580 Caisarca:
1027 1529 1225 1583 dictum
1300 1533 1481 1600 potius
1536 1531 1825 1596 existimet,

257 1632 419 1684 quam
448 1619 724 1673 Nazianzi.
758 1619 872 1672 Dixti
901 1619 1217 1688 Gregorium
1259 1622 1509 1688 paschale
1546 1621 1740 1676 festum
1776 1624 1827 1676 in

257 1707 550 1761 solitudine
583 1709 778 1776 egisse,
812 1710 934 1778 quia
957 1710 1111 1777 hujus
1138 1717 1338 1778 quinta:
1362 1711 1640 1777 orationis,
1669 1729 1826 1780 quam

256 1802 447 1853 statim
485 1808 608 1866 post
640 1801 871 1853 reditum
902 1805 1304 1867 pronuntiatam
1337 1803 1499 1857 fuisse
1535 1815 1700 1872 patet,
1733 1821 1828 1859 au-

1938 631 2000 669 ae
2035 614 2412 669 ba~reticorum
2464 614 2694 680 aliquem
2747 629 2899 669 antea
2942 613 3232 669 Doarorum
3285 616 3505 686 episco-

1939 723 2062 776 pum
2097 708 2259 760 fuisse
2295 713 2478 774 putat;
2522 721 2627 773 quo
2650 708 2872 775 expulso
2897 705 3158 760 Eulalium
3189 722 3217 759 a
3242 708 3504 778 Gregorio

1935 801 2240 853 ui-uinatum
2275 798 2459 864 fuisse,
2488 814 2594 851 non
2619 809 2925 866 exspectato
2961 799 3030 852 ob
3070 813 3234 851 mora:
3288 803 3500 867 pericu-

1937 891 2042 942 lum
2097 889 2280 944 Basilii
2318 903 2607 942 consensu.
2659 885 2763 940 Sed
2812 888 2968 942 facile
3008 895 3091 941 est
3121 889 3350 953 probare
3380 898 3501 941 tunc

1934 985 2162 1051 primum
2224 981 2413 1034 Doaris
2469 980 2814 1033 constitutum
2868 982 3174 1049 episcopum
3205 979 3390 1044 fuisse,
3425 980 3502 1031 id-

1934 1086 2037 1142 que
2072 1074 2312 1126 fervente
2352 1071 2604 1125 Basilium
2641 1071 2780 1123 inter
2820 1079 2871 1122 et
2913 1074 3226 1125 Antbimum
3259 1071 3499 1126 dissidio.

2009 1166 2175 1234 Digna
2209 1171 2336 1218 sunt
2366 1179 2485 1233 qum
2517 1163 2898 1216 notenturbmc
2926 1163 3341 1233 verbaGregorii
3378 1161 3455 1232 (tl)
3485 1179 3500 1214 :

1936 1256 2171 1320 Δέξασθε
2232 1255 2388 1323 λόγον
2448 1255 2754 1308 νεόκτιστον
2815 1251 2905 1302 ἐπὶ
2956 1254 3243 1322 νεοκτίστῳ
3310 1251 3501 1322 ποιμέο

1935 1361 2004 1395 νι.
2045 1343 2248 1396 Novam
2285 1354 2492 1413 propter
2520 1358 2707 1396 novum
2731 1349 2992 1406 pastorem
3035 1341 3319 1394 orationem
3362 1343 3503 1396 acci-

1931 1436 2056 1503 pite.
2089 1436 2256 1489 Vocat
2278 1437 2580 1489 orationem
2607 1435 2918 1487 νεόκτιστον
2960 1433 3028 1486 οὶ)
3084 1434 3323 1485 materia:
3348 1449 3502 1502 pror-

1931 1541 2024 1580 Sus
2065 1525 2294 1579 insolitae
2336 1525 2652 1590 novitatem,
2699 1527 3007 1579 νεόκτιστον
3049 1533 3343 1591 pastorem,
3375 1523 3500 1591 quia

1935 1620 2077 1672 hunc
2112 1618 2344 1688 primum
2408 1618 2582 1670 Doara
2615 1619 2929 1686 episc0pnm
2984 1625 3325 1685 acceperant.
3363 1614 3502 1669 lnl‘e-

1934 1712 2044 1764 rius
2066 1711 2206 1765 hanc
2231 1710 2726 1778 interpretationem
2742 1710 3044 1772 coulirmat,
3070 1724 3189 1761 cum
3208 1708 3311 1758 ait:
3330 1708 3502 1777 Προσ-

1933 1802 2104 1874 Οήκην
2149 1804 2337 1876 ἱερέων
2383 1799 2990 1876 ἐπραγματευσάμεοπ,
3041 1800 3138 1869 οὐχ
3178 1797 3498 1870 ὑφαίρεσιν⁸

255 1896 400 1948 ditor
428 1894 530 1946 fuit
567 1893 818 1960 Basilius,
847 1911 1004 1963 quem
1064 1896 1417 1963 improbabile
1461 1905 1544 1950 est
1584 1898 1823 1952 Caesarea

1936 1895 2220 1962 αἱρετικῶν
2273 1897 2624 1967 ἀνατροπὴν,
2678 1893 2778 1946 οὐκ
2841 1892 3131 1962 ὀρθοδόξων
3187 1891 3500 1944 ἐλάττωσιν.

256 1983 450 2037 diebus
501 1984 726 2038 Pascha:
789 1985 1048 2042 abfuisse.
1079 1988 1148 2041 At
1189 2003 1308 2041 cum
1365 1991 1581 2059 scripsit
1632 1990 1830 2059 epistof

257 2075 363 2126 lam
403 2074 472 2128 9'5
499 2076 746 2145 (scripsit
789 2089 966 2132 autem
1021 2081 1109 2135 die
1151 2055 1678 2148 duodecimalliaii),
1711 2055 1831 2134 red:-

259 2165 371 2216 iiiat
407 2178 472 2217 ex
503 2169 735 2232 quodam
778 2166 993 2235 itinere,
1058 2169 1196 2236 quod
1227 2169 1451 2235 proinde
1503 2184 1605 2220 non
1663 2169 1830 2222 multo

255 2267 380 2325 post
414 2257 624 2312 Pascha
662 2271 978 2315 susceperat
1009 2277 1022 2311 :
1057 2260 1252 2328 vixque
1280 2259 1496 2312 dubiant
1547 2268 1654 2326 est,
1697 2261 1826 2328 quin

255 2361 387 2404 tunc
423 2351 752 2417 Nazianzum
786 2352 1012 2404 venerit.

327 2443 412 2498 Ill.
442 2445 556 2497 Non
594 2445 670 2514 (η)
700 2445 828 2498 solis
862 2444 1098 2497 Sasimis
1125 2443 1490 2513 episcopatum
1524 2444 1698 2497 erexit
1729 2444 1831 2497 Ba-

253 2539 433 2598 silius.
461 2538 556 2590 sed
590 2536 835 2604 pluribus
883 2537 1001 2590 aliis
1035 2537 1166 2590 locis
1198 2537 1338 2589 idem
1377 2537 1696 2592 benelicium
1740 2552 1830 2591 ac-

253 2629 441 2682 cessit.
467 2629 662 2682 Narrat
691 2628 986 2699 Gregorius
1012 2627 1379 2684 Nazianzenus
1418 2631 1518 2684 hoc
1544 2629 1826 2684 dissidium

254 2721 320 2773 ad
357 2719 615 2775 Ecclesiae
663 2719 952 2774 utilitatem
979 2736 1302 2776 conrversum
1355 2738 1383 2774 a
1417 2721 1613 2776 Basilio
1642 2722 1829 2786 fuisse,

253 2813 431 2878 patria
468 2812 724 2864 nimirum
766 2809 1002 2879 pluribus
1048 2812 1303 2877 epist-apis
1356 2810 1675 2862 communita
1715 2827 1734 2864 :
1769 2825 1832 2861 ea:

252 2919 354 2966 quo
386 2911 490 2953 tres
533 2901 954 2967 pratclarissimm
1004 2917 1082 2952 res
1117 2909 1429 2956 consecutw.
1463 2899 1602 2950 Nam
1641 2910 1686 2952 et
1717 2900 1832 2952 ani-

255 3009 465 3044 marum
494 3009 625 3044 cura
665 2993 839 3060 major
876 3001 1118 3056 suscepta
1158 2999 1256 3052 est,
1302 3002 1348 3042 et
1377 2992 1618 3059 qua'libet
1648 2991 1830 3043 civitas

250 3096 536 3149 proventus
553 3102 674 3137 suos
695 3085 877 3137 habuit
906 3104 923 3140 :
945 3094 990 3136 et
1021 3082 1209 3136 bellant
1239 3083 1336 3135 hac
1362 3084 1562 3136 ratione
1578 3099 1831 3151 compres-

249 3192 368 3229 sum
407 3187 453 3228 et
481 3177 790 3229 exstinctum
826 3187 921 3229 est.
952 3174 1129 3246 Hujus
1168 3175 1396 3237 consilii,
1432 3174 1627 3243 inquit,
1655 3189 1832 3227 uereor

257 3283 320 3318 ne
346 3267 483 3319 velut
514 3269 777 3335 appendix
810 3268 1049 3336 quantum
1078 3266 1285 3332 fuerim.
1331 3264 1533 3331 Quibus
1555 3281 1619 3319 ex
1656 3265 1831 3319 verbis

253 3366 422 3424 patet,
463 3357 706 3425 pluribus
737 3359 789 3411 in
821 3359 953 3412 locis
979 3357 1108 3408 olim
1137 3357 1395 3410 Caesarea:
1440 3356 1698 3423 subjectis
1732 3358 1832 3409 Ba-

255 3451 441 3503 silium
485 3466 653 3505 novos
681 3452 1023 3519 episcopatus
1054 3450 1423 3516 constituisse,
1457 3459 1511 3504 et
1559 3465 1682 3504 cum
1733 3450 1833 3505 boc

254 3543 488 3598 consilio
539 3544 766 3597 materia
819 3544 1176 3599 dissensionis
1208 3554 1488 3613 amputata
1519 3552 1681 3607 esset,
1731 3543 1834 3596 An-

254 3637 489 3690 tbimum
527 3635 791 3691 libentius
820 3638 885 3690 ad
939 3639 1088 3708 pacis
1140 3638 1480 3692 conditiones
1516 3636 1829 3690 accessisse.

254 3733 408 3796 Quod
453 3743 631 3786 autem
667 3733 889 3803 proprio
914 3743 1086 3787 marte
1120 3733 1246 3788 t'ecit
1281 3731 1511 3786 Basilius
1536 3730 1587 3783 in
1638 3730 1704 3783 iis
1757 3729 1835 3782 lo-

253 3829 353 3886 ris,
392 3841 513 3893 qure
544 3826 835 3879 Antbimus
864 3827 914 3879 in
941 3828 1198 3880 ditionem
1233 3839 1385 3878 suam
1420 3822 1700 3876 vindicare
1728 3835 1830 3874 non

253 3925 530 3981 potuerat,
561 3917 702 3969 idem
735 3918 949 3970 videtur
971 3919 1023 3970 in
1059 3917 1176 3970 aliis
1198 3913 1414 3985 oppidis
1447 3913 1829 3976 controversis,

252 4008 371 4073 ipso
400 4009 784 4061 consentiente
801 4007 1080 4073 Antbimo,
1115 4007 1313 4062 factum
1343 4006 1529 4085 fuisse,
1549 4016 1831 4075 postquam

254 4099 321 4146 ad
355 4097 506 4165 pacis
539 4097 875 4151 conditiones
898 4107 1212 4168 perventum
1251 4106 1353 4152 est.
1402 4096 1534 4151 Nam
1583 4093 1828 4157 Basilius,

255 4196 544 4257 postquam
591 4205 914 4260 congressus
951 4199 1031 4244 est
1086 4206 1205 4242 cum
1261 4189 1528 4259 episcopis
1579 4186 1832 4241 secunda:

257 4280 639 4346 Cappadocia.
684 4284 893 4352 rogavit
925 4292 1173 4337 sanctum
1210 4283 1501 4337 Eusebium
1530 4289 1590 4333 ut
1619 4279 1670 4331 in
1698 4277 1836 4344 Cap—

253 4371 538 4438 padociam
575 4372 804 4433 veniret,
855 4372 1065 4440 sibique
1117 4387 1272 4439 opem
1321 4372 1487 4424 ferret
1523 4368 1595 4438 (b)
1618 4369 1686 4419 ad
1711 4384 1833 4419 con-

254 4463 588 4515 stitutionrm
619 4465 1000 4530 episcoporum.
1053 4463 1383 4530 Supereraut
1426 4477 1556 4530 ergo
1597 4459 1685 4513 alii
1720 4458 1832 4529 epi-

1935 1988 2247 2042 Sarerdotes
2281 2008 2469 2056 augere
2498 1989 2820 2050 studuimus,
2878 2005 2977 2038 non
3026 1987 3360 2049 subtrahere;
3395 1989 3503 2037 Ita:-

1933 2078 2120 2130 reticos
2143 2089 2383 2136 evertere,
2404 2096 2505 2130 non
2531 2081 2845 2132 orthodoxus
2872 2078 3201 2129 imminuere.
3226 2073 3339 2127 Non
3359 2073 3500 2127 aliud

1933 2176 2147 2238 tempus
2204 2170 2446 2222 occurrit
2500 2170 2552 2222 in
2610 2169 2842 2222 Historia
2911 2169 3079 2222 sancti
3135 2166 3345 2231 Basilii,
3395 2180 3506 2236 quo

1932 2262 2280 2330 multiplicati
2318 2263 2633 2317 sacerdotes
2663 2260 2864 2313 fuerint
2897 2260 2949 2312 in
2981 2259 3338 2328 Cappadocia,
3362 2273 3501 2326 prae-

1933 2362 2014 2405 ter
2043 2353 2170 2407 illud
2196 2370 2317 2408 cum
2350 2355 2608 2408 Antbimo
2635 2352 2943 2406 dissidium.

2003 2445 2383 2500 Vebementem
2418 2448 2557 2500 banc
2581 2447 2905 2500 discordiam
2937 2441 3224 2497 manifeste
3256 2440 3502 2494 indicant

1931 2554 2051 2606 qua:
2077 2552 2104 2590 a
2139 2538 2399 2607 Gregorio
2428 2538 2479 2590 in
2521 2540 2898 2605 presbyterum
2929 2535 3237 2604 quemdam,
3267 2533 3501 2586 calidum

1932 2631 2172 2684 Antltimi
2227 2630 2457 2698 partium
2509 2628 2883 2688 defensorem,
2918 2627 3187 2678 dicuntur.
3238 2624 3328 2677 Sic
3358 2623 3500 2675 enim

1933 2739 2055 2776 eum
2093 2721 2379 2790 compellat
2418 2740 2429 2774 :
2468 2721 2531 2771 Τί
2574 2719 2700 2788 φῆς,
2748 2712 2792 2770 ὦ
2834 2719 2933 2768 παῖ
2979 2715 3155 2768 Δαθὰν
3194 2716 3288 2767 καὶ
3327 2713 3503 2765 Ἀϐει-

1937 2814 2067 2885 ρὼν,
2099 2815 2192 2867 καὶ
2219 2812 2491 2884 στρατηγὲ
2527 2810 2899 2880 ἁσωφρὸνιστε
2925 2825 2938 2874 ;
2981 2810 3008 2860 ὀ
3055 2806 3199 2860 κατὰ
3229 2805 3507 2867 Μωῦσέως

1930 2906 2226 2974 τολμήσας,
2264 2905 2357 2957 καὶ
2383 2906 2569 2974 χεῖρας
2597 2902 2829 2970 ἐπαφεὶς
2868 2903 3020 2971 ἡμῖν,
3072 2898 3262 2968 ὥσπερ
3312 2897 3506 2948 ἐκεῖνοι

1932 2997 2030 3058 τὰς
2059 2995 2308 3062 γλώσσας
2347 2996 2564 3064 μεγάλῳ
2593 2994 2919 3064 Οεράποντις
2953 2993 3053 3043 οὑκ
3099 2988 3352 3060 ἔφριξαςς
3403 2988 3506 3040 οὐκ

1933 3088 2275 3158 ὲνετρὰπης;
2337 3089 2436 3139 οὐκ
2484 3086 2748 3157 ἕῤῥευσὰν
2799 3102 2878 3136 σοι
2922 3082 3092 3136 ταῦτα
3147 3080 3508 3150 διανοουμένῳ

1939 3181 2080 3233 κατὰ
2105 3182 2205 3251 γῆς
2228 3181 2284 3231 αἱ
2311 3178 2542 3249 σάρκεςς
2588 3173 2706 3231 εἶτα
2737 3177 2836 3240 τὰς
2866 3179 3051 3247 χεῖρας
3077 3174 3277 3236 ταύτας
3297 3171 3508 3225 ἀνατεί-

1935 3290 2047 3334 νεις
2074 3271 2151 3342 τῷ
2176 3271 2322 3341 Θεῷ;
2355 3267 2472 3324 εἶτα
2521 3269 2665 3342 δῶρα
2714 3268 3038 3339 προσάξεις;
3074 3263 3190 3316 εἶτα
3234 3260 3508 3333 ὑπερεύξῃ

1933 3365 2101 3428 λαοῦς
2139 3361 2408 3433 φοϐοῦμαι
2442 3363 2514 3433 μή
2567 3378 2696 3414 ποτε
2742 3358 2997 3412 τοσοῦτον
3041 3358 3075 3426 ἡ
3126 3354 3370 3426 ῥομφαία
3411 3353 3505 3405 τοῦ

1934 3456 2069 3509 Θεοῦ
2100 3455 2339 3524 κατιωθῆ
2383 3455 2475 3506 καὶ
2515 3453 2865 3522 ἠρεμήσειεν.
2901 3447 3039 3502 Οὔτε
3077 3446 3156 3517 τῷ
3190 3445 3407 3514 ποιμένι
3430 3441 3510 3513 τῷ

1937 3549 2014 3618 σῷ
2059 3549 2200 3618 μέγα
2220 3566 2270 3599 τι
2309 3545 2569 3615 ἐχαρίσω,
2617 3543 2709 3595 καὶ
2760 3540 2955 3594 σαυτὸν
2982 3538 3050 3591 τὰ
3099 3539 3329 3608 μέγιστα
3378 3533 3508 3605 ὲζηο·

1942 3639 2174 3706 μίωσας,
2203 3631 2567 3704 ἀλλοτριώσας
2618 3630 2843 3683 σεαυτὸν
2896 3627 2998 3695 τῆς
3041 3625 3134 3679 τοῦ
3175 3622 3309 3677 Θεοῦ
3350 3623 3507 3695 χάρι-

1937 3746 2048 3790 τος.
2085 3727 2225 3792 Quid
2269 3726 2371 3788 ais,
2413 3723 2496 3790 ﬁli
2549 3722 2773 3774 Dat/iam
2800 3728 2846 3770 et
2883 3717 3098 3778 Abiron,
3139 3726 3184 3768 et
3221 3717 3329 3766 duo:
3368 3712 3510 3763 milio

1939 3822 2069 3871 toris
2105 3827 2413 3883 contumax,
2449 3814 2539 3884 qui
2568 3815 2822 3866 adversus
2857 3808 3058 3863 Mosem
3102 3807 3370 3873 insurgere
3414 3818 3512 3853 au-

1937 3931 2026 3969 sus
2054 3930 2106 3968 es
2128 3914 2152 3966 ?
2174 3913 2264 3982 qui
2285 3927 2470 3964 manus
2495 3911 2547 3963 in
2576 3923 2692 3970 nos,
2723 3904 3164 3977 quemadmodum
3193 3901 3270 3953 illi
3299 3901 3510 3970 linguas

1937 4010 1990 4061 in
2040 4023 2286 4075 magnum
2331 4007 2479 4056 illum
2531 4003 2622 4055 Dei
2653 4018 2882 4062 servum,
2908 3997 3220 4050 immisisti?
3258 3995 3381 4049 Non
3417 4012 3519 4046 co-

1939 4099 2231 4151 Itort'uisti?
2263 4114 2364 4150 non
2392 4098 2588 4164 pudore
2619 4094 2851 4160 sit/fusus
2889 4090 2982 4142 es?
3039 4105 3141 4140 non
3181 4095 3291 4140 ha'c
3332 4086 3510 4140 animo

1936 4189 2164 4257 agitanti
2188 4203 2368 4240 carnes
2391 4186 2443 4238 in
2485 4195 2683 4237 terram
2721 4183 2967 4248 collapsa:
3008 4182 3170 4233 sunt?
3206 4179 3271 4230 Et
3320 4187 3504 4246 postea

1942 4295 2130 4332 manus
2159 4278 2254 4330 has
2284 4292 2491 4329 sursum
2539 4275 2606 4326 at!
2657 4273 2823 4325 Deum
2879 4270 3098 4324 tendes?
3151 4277 3329 4337 postea
3363 4267 3508 4317 dona

1945 4374 2171 4440 offeres?
2198 4381 2373 4440 postea
2406 4369 2665 4422 orationes
2690 4383 2782 4431 pro
2809 4365 3001 4433 populo
3043 4364 3229 4430 fundes
3254 4364 3277 4416 ?
3323 4357 3513 4412 Vereor

1938 4467 2171 4535 equidem
2199 4481 2259 4517 ne
2289 4463 2382 4516 Dei
2421 4462 2627 4531 gladius
2649 4461 2836 4512 tantliu-
2873 4457 3164 4523 rubiginem
3207 4453 3508 4513 contrahat,

253 4557 402 4626 είδορί
439 4555 724 4609 ordinandi
774 4567 966 4623 prmtcr
1016 4570 1109 4609 eos
1156 4570 1288 4624 quos
1341 4554 1568 4608 Basilius
1615 4553 1665 4607 in
1717 4554 1831 4620 ipso
1865 4565 1906 4621 Ι)
1942 4571 1986 4611 et
2017 4559 2367 4626 conquiescat.
2403 4554 2515 4607 Nec
2550 4570 2579 4605 a
2621 4564 2833 4619 pastore
2866 4561 2955 4601 tuo
2992 4549 3254 4616 ingentem
3278 4545 3511 4613 aliquam

254 4647 618 4701 dissensionis
641 4656 772 4700 testu
809 4649 1173 4707 ordinaverat,
1219 4661 1281 4698 ac
1313 4645 1538 4715 proinde
1584 4645 1696 4698 haec
1735 4659 1830 4713 pa-

257 4740 336 4790 ris
365 4741 610 4793 conditio
637 4742 778 4793 inter
823 4741 955 4793 alias
985 4741 1254 4808 proposita
1293 4739 1411 4802 fuit,
1443 4746 1503 4790 ut
1540 4737 1659 4792 novi
1712 4739 1828 4804 epi-

259 4844 518 4898 scopatus
549 4835 601 4887 in
629 4835 993 4887 controversis
1017 4834 1149 4887 locis
1184 4833 1543 4902 erigerentur.

331 4926 645 4980 Tricesiune
704 4927 876 4980 sancti
929 4925 1173 4992 Gregorii
1230 4923 1552 4977 Nazianzcni
1599 4921 1827 4976 orationi

253 5017 435 5069 locum
466 5017 612 5071 dedit
663 5029 876 5072 erectus
931 5017 1191 5085 ejusmodi
1248 5020 1587 5086 episenpatus
1621 5016 1671 5069 in
1707 5029 1834 5082 quo-

256 5111 382 5163 dam
422 5109 646 5178 oppido,
670 5112 736 5165 de
769 5127 1018 5179 quocum
1066 5126 1254 5180 magna
1288 5111 1586 5165 exstitisset
1611 5109 1831 5162 dimica-

257 5202 367 5265 tio,
436 5203 668 5270 repulsis
712 5204 950 5256 Antbimi
996 5203 1208 5268 amicis,
1248 5203 1537 5270 Gregorius
1585 5202 1654 5254 ibi
1701 5216 1823 5253 cum

260 5296 386 5347 aliis
427 5295 717 5363 episcopis,
751 5298 975 5350 absente
1030 5296 1269 5364 quidem,
1305 5299 1396 5349 sed
1437 5295 1622 5361 procul
1667 5294 1830 5347 dubio

263 5388 602 5439 assentiente
645 5373 863 5452 Basilio,
891 5387 1201 5456 episcopum
1240 5388 1527 5439 ordinaxit.
1565 5385 1826 5453 Oppidum

263 5477 391 5530 illud
429 5477 600 5528 Doara
654 5488 876 5532 vocalttr
935 5481 1075 5546 apud
1134 5479 1304 5531 lilium
1351 5486 1825 5529 cnmmeulatorem

259 5571 428 5623 nancti
490 5570 762 5639 Gregorii,
827 5570 1108 5641 cpiscopus
1165 5586 1291 5624 vero
1352 5567 1613 5623 Eulalius.
1679 5567 1830 5621 lianc

327 5747 402 5816 (α)
431 5746 523 5804 (tr.
549 5749 640 5801 9D.

328 5820 401 5884 (bl
431 5819 523 5884 l‘fp.
558 5822 678 5875 101).

1938 4652 2166 4718 gratiam
2209 4648 2392 4710 tniisti,
2421 4656 2467 4697 et
2509 4647 2727 4712 teipsum
2761 4644 2991 4696 maximo
3027 4640 3334 4692 detrimento
3370 4635 3512 4688 mul-

1939 4744 2064 4796 tasti
2087 4783 2100 4806 ,
2143 4742 2363 4809 teipsum
2409 4739 2641 4793 videlicet
2667 4754 2698 4789 a
2727 4736 2825 4788 Dei
2849 4735 3024 4802 gratia
3053 4741 3309 4785 avertens.
3350 4727 3512 4781 Hunc

1941 4836 2315 4905 presbyterum
2344 4847 2446 4886 non
2490 4831 2761 4885 immerito
2789 4827 2977 4880 ducem
3011 4823 3297 4877 militarem
3328 4819 3512 4889 appel-

1941 4931 2019 4980 lat
2042 4927 2362 4994 Gregorius,
2394 4925 2519 4994 qaia
2567 4939 2665 4992 pro
2703 4922 2961 4975 Antbimo
2993 4918 3339 4972 vehementer
3372 4929 3506 4967 con-

1944 5028 2024 5069 tra
2064 5016 2317 5069 Basiliam
2349 5022 2679 5084 pugnaverat
2710 5026 2772 5064 ac
2807 5023 2996 5062 manus
3025 5009 3076 5061 in
3111 5008 3284 5074 ipsum
3317 5002 3514 5072 iniece-

1945 5119 2029 5163 rat
2061 5109 2404 5177 Gregorium.
2448 5105 2644 5158 Pastor
2675 5103 2788 5168 ille,
2824 5120 2849 5154 a
2883 5119 2988 5170 quo
3045 5100 3334 5170 presbyter
3379 5111 3505 5164 gra-

1943 5204 2070 5254 tiam
2124 5204 2262 5254 inire
2297 5201 2560 5260 voluerat,
2594 5199 2730 5250 alius
2768 5211 2888 5250 esse
2935 5211 3038 5249 nou
3076 5194 3304 5253 videtur,
3344 5203 3505 5256 quam

1937 5294 2266 5357 Antbimus;
2312 5293 2471 5360 idque
2499 5303 2812 5360 argumento
2841 5299 2941 5353 est,
2970 5293 3323 5357 pugnatorem
3358 5280 3504 5334 illum

1942 5386 2236 5438 Boarorum
2269 5385 2580 5453 episcopum
2636 5399 2737 5436 non
2771 5382 2956 5445 fuisse,
3011 5379 3105 5433 sed
3156 5375 3334 5445 potius
3365 5369 3506 5441 Tya-

1942 5492 2162 5530 nensem
2192 5476 2424 5544 aliquem
2463 5477 2863 5546 presbyterum,
2894 5472 3046 5542 cujus
3076 5480 3346 5541 pastorem
3387 5479 3507 5521 esse

1940 5568 2254 5621 Autbitnum
2281 5566 2569 5631 Gregorius
2602 5565 2951 5637 agnoscebat.

2013 5747 2080 5814 (τ)
2110 5746 2260 5798 Tum.
2299 5744 2384 5807 ΙΧ,
2410 5765 2463 5816 p.
2493 5745 2613 5797 ὅθι.

2018 5821 2090 5883 (ιι)
2119 5817 2249 5870 Naz.
2288 5836 2367 5871 or.
2399 5819 2483 5870 ΞΟ.
