4038 6446
1543 366 1697 420 VITA
1735 365 1789 420 S.
1836 366 2094 422 BASILII.

3311 386 3453 429 ιςνιι

212 490 335 553 sibi,
374 490 562 545 saltem
607 498 662 542 ut
698 498 821 541 natu
872 488 1077 555 majori,
1128 489 1375 555 injuriam
1412 501 1517 539 non
1558 486 1718 540 faciat
1752 508 1765 541 :
1799 493 1845 549 Α
1873 488 1991 541 dua:
2028 488 2174 541 illum
2205 502 2378 542 causa!
2418 489 2717 542 Ctesaream
2766 489 2987 557 vestigia
3021 486 3224 543 referre
3254 503 3445 558 coege-

213 582 352 650 quod
383 584 424 635 si
454 598 573 636 sese
604 590 833 636 ostentet
861 592 1019 647 atque
1049 579 1249 639 efferat.
1278 596 1338 635 ac
1361 591 1628 651 tanquam
1667 597 1773 634 mc-

214 673 568 739 tropolitnnus
615 686 644 724 e
693 672 974 736 superiore
1028 670 1140 721 loco
1186 683 1359 735 parva:
1408 670 1643 723 civitatis
1694 669 1774 722 vel

216 760 389 826 pocius
436 760 629 811 nullius
676 758 987 825 episcopum
1029 757 1348 827 alloquatur,
1399 760 1498 813 sibi
1554 774 1770 828 quoque

215 852 557 917 Superciliunt
585 866 701 904 esse
726 852 864 917 quod
891 861 1141 917 opponat.

284 943 549 995 (Steterunt
593 942 816 997 libenter
865 945 1069 1012 accepit
1110 942 1338 996 Basilius
1378 941 1767 1006 conditionem,

216 1050 330 1103 qua:
372 1036 439 1087 ab
468 1035 723 1089 Antltitno
770 1036 1056 1097 ferebatur,
1086 1046 1141 1088 ιιι
1169 1036 1233 1089 de
1278 1034 1598 1088 restituenda
1638 1049 1769 1099 pace

213 1128 514 1180 communis
562 1128 786 1180 iniretur
834 1126 1169 1179 deliberatio.
1222 1125 1385 1191 llujus
1439 1126 1513 1178 rei
1583 1133 1770 1178 testem

211 1220 471 1273 habemus
501 1219 773 1286 epistolam
808 1218 875 1271 ad
907 1228 1148 1272 senatum
1178 1218 1537 1287 Tyanensem,
1572 1217 1621 1269 in
1663 1233 1767 1286 qua

211 1311 445 1365 declarat
490 1326 550 1365 se
590 1311 765 1363 omnia
803 1311 1019 1379 quidem
1062 1310 1296 1366 Authimi
1350 1310 1592 1373 consilia,
1648 1325 1767 1362 om-

211 1418 409 1471 nesque
451 1402 753 1454 molitiones
784 1402 1112 1469 pervidisse;
1153 1400 1245 1453 sed
1281 1410 1454 1452 tamen
1494 1399 1621 1451 nihil
1668 1399 1769 1453 sibi

211 1508 325 1549 esse
375 1508 508 1563 pace
558 1494 847 1560 antiquius.
902 1492 1217 1546 Persuasum
1281 1491 1430 1544 enim
1485 1491 1584 1544 sibi
1630 1506 1767 1557 esse,

210 1587 339 1641 nihil
369 1601 427 1638 se
460 1600 615 1651 posse
662 1586 833 1639 solum
878 1583 1155 1652 perﬁcere,
1202 1585 1481 1651 magisque
1530 1584 1770 1653 indigere

212 1694 265 1734 se
302 1676 720 1746 uniuscnjusque
768 1677 991 1730 fratrum
1046 1676 1280 1741 auxilio,
1329 1692 1489 1746 quam
1547 1676 1768 1729 alteram

209 1789 425 1828 manum
469 1773 686 1829 alterius
714 1788 832 1842 ope.
874 1772 1053 1842 Itaque
1089 1783 1294 1827 eertum
1329 1775 1427 1827 sibi
1474 1789 1592 1828 esse
1629 1774 1775 1842 pacis

210 1880 369 1919 causa
408 1881 510 1920 nec
559 1866 790 1919 laborem
835 1865 997 1919 ullum
1045 1867 1475 1934 prmtermittere,
1526 1882 1625 1921 non
1675 1867 1774 1920 hu-
1808 1853 1850 1907 Β

210 1960 333 2017 mile
380 1961 525 2013 dictu
567 1960 854 2028 quidquam
892 1968 981 2011 aut
1024 1957 1205 2021 factu,
1257 1973 1359 2011 non
1408 1958 1614 2012 itineris
1658 1959 1775 2012 lon-

210 2053 503 2120 gitudinem
552 2053 754 2116 vereri,
802 2066 905 2103 nou
962 2049 1251 2117 quidquam
1309 2049 1449 2102 aliud
1488 2051 1771 2105 molestum

207 2145 490 2212 refugere,
551 2152 608 2195 ut
658 2141 954 2195 mercedem
1014 2139 1401 2209 paciﬁcationis
1468 2156 1772 2211 consequa-

208 2247 313 2290 tur.

278 2331 363 2386 Vl.
407 2330 591 2383 Basilii
640 2343 760 2383 cum
820 2327 1167 2397 Cappadociae
1211 2329 1459 2383 secundae
1513 2325 1778 2397 episcopis

204 2424 517 2494 congressui
549 2439 724 2478 moras
752 2424 929 2477 attulit
957 2424 1058 2477 iter
1094 2424 1144 2476 in
1168 2420 1501 2475 Armeniam.
1532 2419 1772 2473 Vocatus

204 2516 377 2569 fuerat
428 2514 662 2569 Basilius
702 2530 730 2567 a
763 2514 819 2568 S.
852 2513 1062 2568 Meletio
1112 2523 1167 2567 et
1201 2509 1477 2564 Theodoto
1518 2508 1581 2559 ad
1633 2506 1774 2560 diem

201 2608 401 2661 festum
436 2607 611 2660 medio
647 2620 830 2660 mense
857 2604 1015 2658 Junio
1042 2602 1440 2664 celebrandum,
1480 2606 1533 2652 ut
1561 2597 1628 2651 de
1664 2596 1770 2650 Eu-

202 2700 400 2755 statltio
428 2708 481 2752 et
517 2697 695 2752 Basilii
722 2711 839 2749 cum
873 2708 935 2747 eo
965 2692 1366 2755 conimunione,
1400 2705 1519 2760 qure
1571 2689 1770 2745 multos

202 2792 451 2857 ltedebat,
484 2789 681 2857 aliquid
710 2785 870 2841 statui
897 2795 1094 2855 posset.
1120 2784 1403 2839 Sentiehat
1445 2799 1643 2851 magno
1674 2784 1775 2838 stbi

204 2886 305 2938 hac
346 2884 399 2935 in
443 2896 502 2933 re
538 2878 788 2948 prtesidio
817 2876 1052 2930 futurum
1084 2876 1372 2932 Eusebium
1422 2875 1769 2929 Samosaten-

204 2990 337 3028 sem.
378 2971 428 3026 Is
456 2971 602 3023 enim
649 2985 771 3024 cum
821 2969 1026 3024 amicus
1062 2979 1179 3023 erat
1207 2965 1523 3029 Eustathio,’
1550 2966 1651 3031 vir,
1689 2966 1775 3019 iti-

203 3072 322 3122 dem
352 3075 411 3120 ut
442 3064 691 3129 Basilius,
726 3064 1011 3133 probitatis
1047 3064 1264 3116 minime
1289 3061 1632 3129 suspiciosa);
1666 3066 1777 3113 tum

200 3175 333 3213 vero
369 3172 528 3211 nemo
565 3157 735 3226 magis
772 3156 1013 3219 idoneus,
1042 3154 1131 3221 qui
1169 3168 1266 3220 pro
1294 3167 1503 3205 summa
1539 3167 1634 3206 sua
1677 3167 1773 3206 au-

206 3254 459 3306 ctoritate
501 3260 555 3301 et
605 3246 856 3301 maximis
901 3247 967 3300 de
1024 3246 1080 3298 S.
1128 3244 1339 3298 Meletio
1396 3260 1462 3299 ac
1526 3245 1773 3299 universa

204 3340 443 3396 Ecclesia
486 3336 692 3393 meritis
743 3337 954 3404 iniquas
1012 3336 1347 3405 suspiciones
1382 3345 1773 3405 compesceret.

207 3434 515 3501 Scripserat
541 3430 607 3485 ad
641 3443 762 3484 eum
794 3428 1023 3483 Basilius
1073 3426 1289 3496 triginta
1338 3426 1511 3480 tribus
1543 3436 1665 3481 ante
1699 3426 1777 3482 fe-

201 3537 346 3582 stum
376 3524 595 3590 diebus;
632 3523 724 3577 sed
756 3537 879 3577 cum
926 3535 1147 3575 summa:
1177 3528 1356 3574 essent
1392 3521 1646 3589 temporis
1675 3534 1775 3571 an-

202 3620 421 3690 gustia,
472 3626 757 3683 antequam
811 3627 1067 3681 responsa
1125 3610 1422 3664 Satnosatis
1472 3610 1771 3677 acciperet,

198 3711 302 3763 viae
330 3722 389 3761 se
416 3705 707 3766 commisit,
738 3715 795 3757 ut
824 3704 888 3755 ad
919 3703 1060 3755 diem
1091 3710 1272 3770 posset
1303 3702 1565 3755 indictum
1595 3701 1771 3754 locum

200 3795 437 3865 assequi.
470 3793 877 3848 Transeundum
913 3801 1088 3846 autem
1134 3789 1381 3845 Sebastia
1433 3790 1558 3857 fuit,
1591 3792 1774 3860 ibique

200 3886 676 3952 commorandum,
721 3895 778 3941 ut
810 3888 875 3942 de
918 3886 1181 3941 Eustathii
1232 3886 1335 3941 ﬁde
1382 3897 1529 3940 certa
1578 3886 1772 3939 indicia

198 3980 500 4051 Nicopolim
546 3978 930 4049 perferrentur.
962 3980 1038 4032 Ac
1080 3979 1284 4046 primus
1329 3979 1540 4045 quidem
1577 3978 1690 4031 dies
1722 3980 1773 4030 in

202 4072 527 4139 disputando
583 4072 881 4139 insumptns
916 4068 1110 4121 nullam
1146 4079 1346 4120 certam
1398 4068 1586 4122 habuit
1635 4083 1770 4122 con-

198 4166 517 4219 clusionem.
540 4161 611 4214 At
637 4160 911 4230 postridie,
945 4160 1188 4228 quamvis
1225 4161 1421 4214 Basilio
1454 4161 1773 4217 accessisset

201 4257 498 4309 vehemens
529 4253 889 4316 adversarius,
924 4251 1226 4305 Pannenius
1257 4253 1515 4307 Sebastize
1550 4254 1771 4323 presby-

200 4357 322 4411 ter;
374 4346 453 4399 sic
521 4352 700 4398 tamen
758 4341 986 4396 Basilius
1031 4354 1082 4396 et
1124 4342 1333 4412 objecta
1385 4343 1666 4408 dissolvit,
1720 4354 1776 4397 et

197 4438 523 4492 catholicam
596 4434 895 4491 doctrinam
951 4445 1075 4489 ante
1132 4436 1315 4491 oculos
1372 4437 1657 4503 exposuit,
1718 4446 1777 4489 ut

199 4532 342 4584 nulla
383 4546 605 4599 prorsus
649 4532 699 4583 in
737 4545 794 4585 re
826 4528 1190 4583 dissentirent.
1213 4527 1398 4597 Itaque
1419 4537 1774 4582 surrexerunt
1807 4558 1854 4617 υ

197 4625 342 4678 circa
382 4624 573 4676 horam
615 4638 811 4676 nonam
845 4624 909 4677 ad
943 4621 1292 4692 precandum,
1323 4629 1376 4674 et
1411 4620 1613 4690 gratias
1642 4637 1770 4689 ege-

197 4722 329 4766 runt
364 4712 492 4775 Deo,
539 4712 680 4781 quod
732 4711 872 4765 idem
908 4712 1133 4778 sentire,
1182 4709 1432 4780 idemque
1477 4710 1621 4779 loqui
1676 4713 1772 4767 de-

196 4806 385 4859 disset.

272 4895 449 4951 Probe
478 4893 683 4948 sciebat
714 4892 943 4950 Basilius
977 4891 1250 4961 privatum
1284 4892 1385 4947 hoc
1423 4889 1770 4957 colloquium,

196 5004 303 5041 non
339 4988 474 5042 satis
515 4986 724 5053 insigne
773 4993 1174 5040 monumentum
1222 4983 1341 5037 ﬁdei
1387 4983 1651 5037 Eustatltii
1686 4982 1773 5036 fu-

196 5086 405 5140 turum,
443 5077 544 5131 nisi
593 5076 796 5142 scripto
840 5075 1042 5145 aliquid
1088 5076 1517 5143 consignaretur.
1562 5073 1668 5128 Sed
1707 5083 1764 5127 ttt

198 5168 404 5218 faceret
438 5164 746 5218 accuratius
772 5179 835 5219 ac
870 5163 1203 5234 diligentius,
1236 5162 1356 5216 ﬁdei
1386 5160 1669 5216 formulam
1703 5162 1771 5215 ab

197 5254 311 5321 ipse
356 5253 636 5308 Theodoto
683 5254 927 5323 accipere
977 5254 1209 5316 volebat,
1244 5262 1301 5305 ut
1350 5268 1453 5305 una
1496 5261 1551 5305 et
1584 5251 1770 5305 eadem

192 5355 360 5413 Opera
396 5345 503 5397 duo
550 5356 991 5414 consequeretur,
1021 5362 1219 5414 nempe
1259 5356 1311 5401 et
1360 5343 1639 5400 Eustatltio
1685 5358 1772 5396 re-

198 5447 341 5490 ctam
380 5436 539 5490 lidem
588 5437 956 5505 persuaderet,
1000 5448 1057 5493 et
1103 5438 1245 5493 illius
1274 5438 1598 5493 adversariis
1647 5446 1767 5505 post

198 5537 448 5596 acceptas
503 5526 739 5593 ipsorum
792 5527 1160 5594 conditiones,
1218 5528 1423 5583 nullum
1479 5530 1761 5585 contradi-

197 5618 354 5669 cendi
385 5617 561 5671 locum
602 5618 954 5687 relinqueret.

266 5708 668 5775 Colloquiorunt
716 5726 837 5762 cum
883 5710 1163 5765 Eustathio
1195 5721 1407 5779 optatus
1437 5711 1615 5766 exitus
1649 5712 1758 5763 Ba-

196 5801 372 5852 siliunt
410 5802 689 5864 incitabat,
720 5812 775 5853 ut
815 5810 957 5855 recta
992 5800 1284 5869 Nicopolim
1330 5814 1597 5870 pergeret.
1643 5804 1748 5855 Sed

1886 586 2025 632 runt.
2056 576 2187 630 Nam
2221 579 2544 643 Theodotus,
2577 579 2665 631 ubi
2713 593 2832 631 eum
2867 595 2985 632 cum
3021 578 3298 633 Eustatltio
3328 593 3449 633 esse

1883 672 2154 737 Cognovit,
2186 680 2468 739 antequam
2508 672 2735 724 disceret
2778 688 2878 739 qua
2919 671 2987 726 de
3012 688 3172 724 causa
3214 673 3262 724 id
3296 671 3455 725 fecis-

1884 772 1984 828 set,
2008 773 2058 815 et
2088 765 2211 831 quid
2236 779 2303 815 ex
2332 778 2620 828 congressu
2653 774 2974 817 consecutus
3004 774 3170 825 esset,
3202 778 3304 816 non
3330 762 3443 830 jam

1884 851 2033 903 illuttt
2065 853 2129 905 ad
2168 864 2485 905 conventum
2522 856 2817 905 vocandum
2852 870 2971 906 esse
3014 853 3295 919 judicavit,
3348 866 3448 907 nec

1884 958 2204 1011 quemquam
2248 944 2392 997 misit
2435 944 2521 1011 qui
2561 945 2751 997 iterum
2798 948 3109 999 admoneret
3140 955 3233 997 aut
3285 945 3448 998 dedu-

1884 1047 2048 1091 ceret.
2099 1038 2202 1090 Res
2245 1052 2308 1091 eo
2363 1038 2637 1091 molestior
2687 1037 2787 1089 fuit
2828 1038 3041 1100 Basilio,
3096 1037 3236 1105 quod
3291 1038 3441 1090 illum

1884 1142 2037 1186 antea
2075 1132 2439 1202 perfunctorie
2469 1148 2561 1200 per
2613 1130 2908 1185 Hellenium
2952 1133 3290 1185 invitaverat.
3323 1131 3439 1184 Alia

1883 1228 2101 1279 suberat
2127 1241 2288 1280 causa
2317 1226 2469 1296 longe
2502 1226 2735 1295 gravior.
2765 1226 2992 1291 Accepit
3015 1225 3157 1278 enint
3186 1223 3447 1277 Sebastite

1884 1316 2117 1378 litteras,
2169 1316 2365 1385 quibus
2417 1327 2701 1370 venturum
2754 1332 2811 1370 se
2860 1316 3125 1369 Eusebius
3178 1317 3448 1383 negabat,

1884 1411 2172 1479 statimque
2223 1408 2437 1463 refrixit
2497 1409 2771 1477 cupiditas
2803 1408 2967 1462 eundi
3024 1407 3350 1476 Nicopolim,
3396 1418 3453 1460 et

1884 1502 2243 1575 perfunCtoria
2296 1501 2553 1555 invitandi
2610 1501 2741 1554 ratio
2781 1502 3020 1554 animum
3077 1501 3260 1554 subiit.
3314 1500 3450 1552 Nam

1883 1613 2003 1651 cum
2048 1596 2281 1651 Eusebio
2316 1610 2379 1650 ne
2419 1595 2733 1665 gravissima
2766 1594 2978 1662 quidem
3013 1594 3323 1647 discrimina
3360 1607 3445 1645 re-

1884 1688 2226 1751 formidabat,
2259 1689 2376 1742 sine
2407 1703 2473 1742 eo
2513 1686 2596 1741 vel
2646 1686 2935 1741 levissimis
2964 1686 3136 1753 impar
3171 1686 3270 1740 sibi
3304 1683 3455 1738 tide-

1882 1780 2058 1833 batur.
2096 1777 2273 1845 Quare
2300 1779 2469 1832 satius
2498 1792 2618 1831 esse
2648 1778 2797 1831 duxit
2830 1778 3030 1831 omisso
3061 1778 3145 1829 die
3187 1776 3323 1830 festo
3354 1776 3451 1827 Ni-

1880 1872 2105 1940 copolim
2150 1871 2251 1926 alio
2297 1880 2535 1937 tempore
2568 1869 2857 1937 proﬁcisci,
2889 1877 3094 1923 etcum
3135 1868 3345 1922 Meletio
3385 1870 3452 1922 de

1882 1966 2040 2019 rebus
2062 1963 2441 2019 ecclesiasticis
2472 1961 2721 2030 colloqui,
2749 1960 2830 2014 vel
2857 1960 3015 2013 etiam
3042 1976 3162 2013 cum
3198 1975 3261 2013 eo
3286 1960 3456 2013 Eusc-

1878 2057 2023 2111 bium
2061 2056 2312 2108 invisere.
2339 2054 2453 2120 Qua
2490 2054 2555 2106 de
2594 2068 2653 2107 re
2683 2052 2894 2120 utrique
2913 2052 3145 2119 scripsit,
3173 2052 3454 2120 utriusque

1880 2159 2137 2216 reSponsa
2166 2153 2505 2213 exspectans.
2541 2141 2644 2194 Sed
2697 2141 2887 2194 litteris
2920 2142 2983 2193 ad
3016 2148 3261 2193 sanctum
3295 2138 3454 2193 Mele-

1881 2241 2011 2293 ti'um
2065 2238 2203 2291 idem
2249 2252 2476 2304 prorsus
2511 2233 2689 2288 evenit
2736 2248 2799 2286 ac
2840 2233 3080 2300 pluribus
3118 2232 3256 2294 aliis,
3295 2239 3349 2284 ιιι
3386 2231 3455 2284 ad

1880 2347 1976 2386 nos
2007 2346 2110 2383 non
2150 2330 2509 2399 pervenirent.
2560 2327 2675 2380 Dixi
2742 2326 3033 2387 Basilium,
3107 2339 3227 2376 cum
3281 2323 3453 2378 Seba-

1878 2423 1996 2478 SIite
2036 2431 2197 2485 esset,
2250 2422 2456 2475 litteras
2506 2420 2718 2473 Eusebii
2757 2418 3051 2487 accepisse.
3101 2416 3205 2470 Res
3254 2431 3349 2484 per
3393 2430 3456 2471 se

1876 2524 2043 2585 patet.
2068 2515 2156 2568 Ait
2183 2515 2323 2570 enim
2352 2529 2410 2569 se
2437 2513 2593 2567 lectis
2639 2513 2719 2565 his
2748 2512 2945 2564 litteris
2980 2510 3292 2579 repudiasse
3321 2522 3459 2563 con-

1877 2608 2052 2662 silium
2101 2608 2259 2660 eundi
2297 2605 2615 2674 Nicopolim,
2656 2614 2938 2673 propterea
2996 2605 3132 2671 quod
3184 2614 3448 2657 venturus

1878 2718 1985 2756 non
2016 2711 2131 2756 erat
2167 2694 2447 2754 Eusebius.
2492 2698 2562 2751 At
2595 2698 2700 2752 hoc
2732 2696 3020 2751 consilium
3058 2709 3161 2747 non
3198 2692 3450 2761 repudia-

1877 2793 1975 2857 vit,
2005 2793 2107 2846 nisi
2136 2806 2257 2845 cum
2286 2790 2548 2844 Sebastiae
2576 2798 2752 2852 esset;
2784 2788 2943 2856 idque
2972 2786 3246 2855 conceptis
3270 2784 3455 2838 verbis

1880 2882 2117 2938 declarat
2167 2882 2217 2934 in
2255 2879 2480 2947 epistola
2528 2878 2819 2947 sequenti,
2865 2892 2924 2930 se
2972 2892 3003 2931 e
3038 2876 3214 2928 medio
3260 2874 3458 2928 itinere

1881 2973 2085 3028 tristem
2121 2987 2392 3026 reversum
2423 2983 2562 3024 esse.
2615 2968 2775 3021 Forte
2822 2967 3009 3025 etiam,
3055 2976 3342 3033 antequam
3383 2978 3451 3017 ex

1880 3063 1981 3118 hac
2016 3063 2148 3117 urbe
2197 3060 2519 3121 discederet,
2555 3056 2787 3111 Eusebio
2822 3054 3101 3123 rescripsit
3151 3053 3288 3107 hanc
3345 3053 3459 3118 epi-

1882 3155 2071 3209 stolam
2106 3154 2173 3209 98
2201 3155 2253 3208 in
2284 3168 2387 3221 qua
2435 3164 2855 3220 congressurum
2906 3163 2967 3203 se
3001 3148 3131 3200 dicit
3180 3161 3304 3200 cum
3343 3144 3458 3215 epi-

1881 3248 2059 3317 sc0pis
2093 3247 2341 3300 secundae
2376 3244 2750 3312 Cappadocize,
2775 3251 2829 3296 et
2861 3257 2979 3294 eum
3016 3240 3292 3292 Enstathio
3323 3253 3458 3292 con—

1882 3354 2122 3410 gressum
2158 3352 2297 3402 esse,
2327 3337 2413 3390 cui
2461 3327 2829 3389 testimoniu'm
2865 3344 3025 3387 recta:
3072 3331 3194 3385 ﬁdei
3245 3330 3455 3385 tribuit.

1884 3430 2140 3497 Loquitur
2163 3429 2327 3482 etiam
2358 3426 2423 3481 de
2452 3426 2724 3480 nonnullis
2756 3426 3129 3493 episcoporum
3166 3422 3358 3476 litteris
3385 3420 3454 3475 ad

1882 3520 2169 3577 Eusebium
2198 3536 2302 3575 non
2328 3520 2572 3585 perlatis,
2597 3528 2649 3571 et
2681 3518 2746 3570 de
2778 3516 3061 3577 [‘almatio,
3090 3514 3179 3583 qui
3210 3512 3445 3565 Maximo

1882 3610 2095 3683 praesidi
2148 3611 2213 3664 ad
2270 3610 2671 3679 persecutiones
2726 3604 3097 3667 ministrabat,
3148 3603 3199 3657 id
3251 3604 3456 3663 estad

1882 3704 2190 3759 exactiones
2238 3702 2579 3756 tributorum.
2638 3699 2746 3754 IIas
2808 3699 3182 3769 episcoporum
3242 3696 3449 3750 litteras

1883 3798 2129 3861 Basilius,
2161 3796 2311 3862 culpa
2342 3809 2552 3859 eorum,
2597 3794 2687 3861 qui
2724 3793 2893 3858 ipsius
2946 3793 3155 3847 litteras
3212 3804 3316 3842 non
3357 3804 3455 3842 cu-

1884 3897 2127 3943 raverant
2170 3886 2530 3956 perferendas,
2559 3884 2624 3936 ad
2658 3883 2946 3939 Eusebium
2988 3901 3090 3939 non
3137 3887 3460 3955 pervenisse

1884 3982 2030 4035 dicit.
2074 3978 2283 4034 Videtur
2313 3985 2488 4029 autem
2520 3974 2600 4029 vel
2649 3975 2855 4030 litteras
2894 3976 3318 4031 Occidentalium
3362 3977 3456 4029 de-

1883 4073 2119 4142 signare,
2148 4070 2236 4139 qui
2269 4068 2368 4135 ipsi
2418 4066 2780 4136 scripserant,
2823 4067 2907 4120 vel
2945 4070 3115 4121 sancti
3169 4066 3362 4120 Meletii
3404 4077 3458 4118 et

1884 4159 2166 4221 Theodoti,
2199 4157 2287 4224 qui
2332 4171 2455 4210 eum
2498 4159 2562 4210 ad
2612 4157 2753 4210 diem
2804 4156 2997 4210 festum
3050 4157 3225 4209 medio
3269 4171 3454 4210 mense

1880 4253 2039 4307 Junio
2088 4250 2461 4305 celebrandum
2517 4250 2895 4302 iuvitaverant.
2945 4248 3074 4312 Quis
3127 4249 3214 4303 ille
3286 4248 3452 4304 fuerit

1883 4344 2194 4407 Palmatius,
2239 4342 2331 4411 qui
2379 4356 2436 4395 se
2489 4338 2703 4391 Maximi
2768 4338 3071 4392 ministrum
3146 4340 3458 4408 praebebat,

1883 4437 2038 4507 plane
2072 4436 2291 4490 nescio:
2329 4432 2468 4500 quod
2499 4441 2676 4483 autem
2706 4430 2782 4484 ait
2808 4429 3037 4486 Basilius
3064 4446 3185 4485 eum
3219 4432 3453 4487 Maximo

1884 4530 2216 4584 ministrasse
2256 4525 2391 4596 πρὸς
2428 4523 2552 4586 τοὺς
2594 4521 2888 4593 διωγμούς,
2938 4524 3007 4576 ad
3051 4526 3454 4592 persecutiones,

1883 4624 1935 4679 id
1966 4624 2031 4677 de
2069 4618 2441 4687 persecutione
2491 4616 2749 4670 Ecclesiae
2781 4617 2981 4669 dictum
3029 4632 3133 4671 non
3167 4630 3317 4685 puto,
3365 4621 3457 4671 sed

1882 4716 1947 4767 de
1989 4711 2360 4766 exactionibus
2403 4709 2750 4762 tributorum.
2783 4706 2934 4761 llunc
2973 4709 3117 4762 enim
3163 4707 3455 4763 Maximum

1882 4804 2110 4859 Basilius
2155 4804 2208 4857 in
2254 4800 2559 4871 epist.II7,
2613 4800 2783 4853 virum
2835 4800 2990 4871 longe
3055 4803 3316 4870 Optimum
3366 4818 3458 4870 ap-

1881 4896 2061 4967 pellat,
2108 4896 2248 4965 quod
2281 4896 2347 4948 de
2397 4904 2740 4963 persecutore
2788 4894 3038 4948 Ecclesiae
3086 4909 3190 4947 non
3250 4897 3457 4948 videtur

1883 4973 2127 5043 dicturus
2172 4985 2357 5041 fuisse.
2410 4984 2747 5040 Probabilius
2786 4986 2947 5039 multo
2985 4996 3065 5039 est
3100 4987 3241 5040 hunc
3273 4988 3457 5056 praesi-

1881 5080 2024 5146 dem,
2048 5094 2170 5133 cum
2199 5078 2361 5133 sciret
2394 5078 2582 5138 Ellam,
2611 5079 2694 5131 cui
2725 5078 3072 5143 succedebat,
3103 5079 3154 5132 in
3189 5079 3455 5133 maximas

1884 5168 2156 5223 molestias
2193 5168 2261 5221 ob
2308 5182 2459 5221 suam
2510 5168 2560 5221 in
2595 5167 2940 5237 Cappadoces
2993 5170 3266 5222 lenitatem
3320 5170 3457 5224 inci-

1882 5262 2043 5324 disse,
2090 5259 2335 5313 strictum
2366 5270 2422 5314 et
2450 5273 2724 5327 severum,
2770 5261 2956 5315 Saltem
2995 5260 3169 5325 initio,
3205 5261 3367 5316 fuisse
3398 5261 3452 5315 in

1881 5351 2153 5421 exigendis
2185 5352 2420 5407 tributis.

1954 5443 2058 5497 Sed
2091 5443 2142 5495 in
2179 5441 2263 5497 his
2296 5442 2488 5496 litteris
2520 5458 2579 5496 ea
2617 5442 2884 5510 praecipue
2933 5442 3289 5505 observanda,
3337 5455 3454 5507 qum

1872 5536 1938 5589 de
1961 5534 2222 5605 Gregorio
2246 5535 2501 5589 dicuntur
2527 5552 2539 5585 :
2566 5532 2828 5587 therum
2872 5534 3091 5604 fratrem
3118 5532 3452 5601 Gregorium,

1872 5626 2077 5694 inquit,
2119 5627 2301 5680 vellent
2345 5637 2393 5679 et
2439 5643 2529 5696 ego
2587 5625 2880 5680 Ecclesium
2924 5629 3209 5694 gubernare
3249 5626 3457 5694 ingenio

1868 5732 1961 5767 suo
1998 5731 2195 5782 parem.
2229 5716 2308 5769 Ea
2344 5730 2518 5771 autem
2562 5729 2671 5769 erat
2716 5717 2955 5770 Ecclesia
3000 5718 3168 5769 armti:
3213 5733 3328 5779 qua:
3361 5720 3456 5767 sub

1865 5806 1971 5856 sole
2012 5816 2111 5869 est,
2147 5808 2197 5857 in
2231 5824 2387 5858 unum
2422 5809 2653 5860 col/ccta.
2698 5807 2826 5858 Cum
2865 5817 3035 5858 auten
3082 5809 3197 5873 ﬁeri
3256 5806 3309 5857 id
3347 5823 3451 5859 non
