4038 6512
525 422 688 464 XCVIII

1871 409 2381 468 PBOLEGOMEHA.

520 531 704 592 queat,
751 522 1025 592 episcopus
1058 525 1149 588 sit,
1203 541 1302 577 non
1339 541 1400 578 ex
1454 525 1565 578 loco
1618 541 1978 582 ornamentum
2021 549 2112 584 ac-
2140 535 2188 591 Α
2217 531 2360 585 bium
2383 531 2576 586 invitat
2610 531 2663 587 in
2693 531 3111 606 Cappadociam,
3148 545 3205 589 ut
3230 535 3332 591 sibi
3368 538 3419 592 in
3444 539 3785 597 constituen-

521 615 750 681 cipiens,
793 619 884 667 sed
934 615 1048 668 loco
1100 632 1165 669 ex
1213 633 1322 670 sese
1373 618 1591 672 addens.
1646 618 1786 672 Nam
1839 623 1935 674 viri
1991 639 2106 676 rere

521 708 700 776 magni
734 719 807 760 est
836 725 938 762 non
973 711 1173 777 magnis
1203 721 1404 762 tantum
1432 728 1609 778 parem
1644 730 1774 778 esse,
1802 717 1890 766 sed
1919 717 2101 778 etiam,

521 812 638 866 qua:
668 814 830 865 parva
855 809 974 851 sunt
1007 799 1261 866 facultate
1294 818 1484 870 magna
1514 803 1706 869 facere.
1741 804 1814 857 De
1844 804 2103 874 Gregorio

521 886 770 956 Nysseuo
820 889 1194 945 Tillemontius
1231 893 1318 945 hic
1363 894 1446 961 agi
1493 895 1793 957 existimat,
1844 897 2101 966 deceptus

520 979 607 1033 his
645 981 869 1034 vocibus
901 981 1033 1052 ἐμὸν
1067 983 1178 1046 τόν,
1213 983 1430 1051 fratrem
1469 1001 1658 1049 meum,
1705 1003 1841 1056 quas
1874 1004 1977 1057 ope
2015 1005 2100 1045 co-

519 1070 698 1125 dicum
746 1088 934 1127 novem
963 1074 1382 1130 eliminavimus.
1421 1077 1503 1130 Ad
1539 1077 1782 1133 codicum
1831 1096 1962 1134 mss.
2001 1097 2100 1136 auo

519 1166 826 1218 ctoritatem
874 1167 1082 1222 accedit
1125 1169 1238 1222 haec
1293 1169 1428 1222 ratio
1463 1169 1560 1239 (α),
1606 1173 1747 1240 quod
1793 1171 2094 1244 Nyssenus,

517 1255 620 1308 etsi
671 1256 874 1312 invitus
921 1260 987 1313 ad
1037 1267 1143 1313 tam
1181 1259 1408 1315 sublime
1461 1262 1822 1318 ministerium
1876 1277 2099 1323 evectus

517 1355 623 1410 est,
651 1363 757 1400 non
788 1357 964 1403 tamen
995 1351 1224 1414 videtur,
1254 1363 1499 1420 suscepta
1531 1356 1698 1410 semel
1728 1359 2098 1423 ordinatione,

517 1439 918 1507 rccalcrtrasse,
944 1451 1003 1497 ut
1025 1443 1318 1514 Gregorius
1344 1463 1358 1500 :
1389 1445 1498 1501 imo
1528 1447 1860 1505 Nazianzum
1895 1453 2099 1508 missus

515 1546 621 1601 cst,
651 1544 712 1590 ut
749 1537 993 1608 Gregorii
1028 1540 1265 1596 dolorem
1300 1558 1368 1597 ex
1398 1545 1741 1599 ordinatione
1762 1557 2097 1616 conceptum

517 1630 873 1698 abstergeret.
900 1630 1166 1688 Praeterea
1198 1633 1475 1702 Nyssenus
1513 1636 1578 1690 de
1616 1652 1768 1692 more
1810 1639 2093 1695 ordinatus

518 1730 635 1784 cst,
688 1722 992 1792 postulante
1059 1726 1215 1793 plebe
1282 1735 1337 1780 et
1403 1726 1570 1793 clero,
1628 1732 2097 1788 consentientibus

517 1819 810 1883 provinciae
876 1819 1164 1889 cpisc0pis,
1215 1830 1273 1875 ut
1325 1831 1472 1892 patet
1521 1838 1586 1878 ex
1640 1826 1797 1896 epist.
1845 1827 1972 1883 2‘25.
2021 1831 2090 1883 At

507 1911 854 1969 iVazianzeno
890 1914 1035 1970 solus
1081 1915 1331 1981 Basilius,
1375 1917 1666 1986 adjuvante
1711 1921 1878 1992 ipsius
1914 1932 2090 1992 patre,

500 2005 615 2060 hoc
655 2023 793 2062 onus
856 2010 1167 2076 imposuit:
1213 2013 1352 2068 unde
1416 2015 1469 2066 in
1535 2014 1731 2069 multas
1794 2017 2093 2084 reprehen-

510 2101 695 2155 siones
729 2102 987 2167 incurrit,
1031 2104 1173 2172 quod
1225 2113 1430 2159 tantum
1469 2106 1640 2160 virum
1691 2107 1902 2162 Sasima
1952 2109 2092 2163 rele-

507 2200 711 2258 gassct.

585 2282 694 2337 lloc
727 2292 904 2336 autem
955 2284 1117 2339 semel
1161 2287 1472 2353 constituto,
1507 2289 1615 2342 ruit
1648 2289 1861 2358 penitus
1901 2290 2092 2358 opinio

506 2373 855 2441 Tillemoutii,
885 2378 976 2446 qui
1008 2378 1408 2434 Nazianzenum
1451 2399 1636 2437 mense
1678 2382 1821 2438 Julio
1857 2385 2085 2438 ordina-

511 2477 626 2520 tum
679 2467 842 2520 fuisse
891 2471 1186 2525 contendit.
1243 2470 1586 2526 Betraheuda
1644 2473 1757 2527 haec
1810 2476 2082 2529 ordinatio

508 2567 634 2612 ante
665 2557 857 2612 festum
889 2557 1143 2624 Paschm;
1190 2563 1458 2629 siquidem
1491 2563 1548 2615 S.
1596 2563 1856 2619 Eusebius
1890 2565 2090 2621 litteris

507 2650 664 2718 paulo
712 2657 833 2718 post
881 2649 1088 2703 Pascha
1127 2643 1347 2719 scriptis
1397 2655 1751 2722 respondens,
1801 2657 1941 2710 hanc
1987 2658 2088 2711 sibi

505 2741 899 2793 ordinationem
958 2739 1138 2794 minus
1193 2741 1413 2810 probari
1481 2743 1767 2813 signiﬁcat.
1819 2744 2088 2800 Praeterea

505 2832 623 2884 alia:
678 2841 969 2899 suppetunt
1023 2834 1278 2886 rationes.
1336 2833 1467 2887 Nam
1520 2836 1576 2888 1ο
1627 2837 1710 2891 bis
1761 2835 2089 2890 Nazianzum

510 2924 658 2978 venit
681 2923 922 2977 Basilius
957 2922 1113 2988 hujus
1145 2925 1502 2982 ordinationis
1533 2943 1724 2993 causa,
1769 2928 1936 2982 semel
1973 2928 2091 2996 qui-

504 3015 626 3069 dem
664 3031 785 3069 cum
833 3014 1154 3085 Gregorium
1198 3017 1491 3083 ordinavit,
1536 3019 1731 3074 iterum
1779 3037 1927 3086 vero,
1966 3037 2086 3075 cum

506 3107 819 3161 redeuntem
869 3121 898 3160 e
952 3106 1073 3176 fuga
1141 3107 1346 3162 invisit.
1399 3107 1470 3159 At
1520 3108 1754 3175 primum
1813 3109 1914 3161 iter
1965 3119 2088 3162 ante

506 3199 712 3254 Pascha
749 3199 1136 3254 collocandum.
1182 3200 1314 3253 Nam
1360 3200 1437 3271 (b)
1486 3209 1606 3268 post
1647 3198 1852 3253 Pascha
1892 3201 2087 3254 'circu-

506 3297 638 3350 itum
673 3297 958 3363 queindam
1011 3297 1170 3350 rebus
1217 3296 1541 3351 necessariis
1588 3295 1905 3365 urgentibus
1955 3309 2087 3348 con-

505 3387 674 3442 fecit:
709 3389 832 3441 inde
873 3404 1124 3444 reversus
1155 3390 1302 3445 circa
1349 3391 1489 3443 diem
1525 3389 1901 3444 duodecimum
1938 3387 2085 3451 Maii,

506 3481 806 3535 Sebastiam
854 3497 910 3536 se
950 3482 1174 3535 contulit
1210 3497 1391 3535 mense
1415 3479 1619 3535 Junio:
1653 3481 1847 3535 iterum
1884 3481 1935 3532 in
1983 3481 2086 3532 Ar-

503 3574 737 3628 meniam
781 3588 963 3629 mense
985 3571 1129 3628 Julio
1159 3574 1372 3640 longum
1409 3582 1462 3628 et
1496 3572 1776 3627 molestum
1810 3573 1915 3626 iter
1956 3587 2080 3626 sus—

503 3665 669 3732 cepit.
699 3664 788 3717 Bis
835 3680 963 3733 crgo
1006 3675 1123 3733 post
1154 3664 1358 3718 Pascha
1388 3663 1716 3716 Nazianzum
1747 3662 1932 3715 venire
1976 3678 2082 3715 non

505 3756 710 3824 potuit;
757 3770 940 3810 mense
979 3765 1157 3810 autem
1203 3754 1345 3808 Julio
1383 3771 1449 3809 ne
1499 3754 1665 3808 semel
1699 3753 1914 3821 quidem
1951 3753 2002 3806 id
2033 3752 2082 3806 ei

504 3848 770 3918 integrum
819 3849 938 3903 fuit.
969 3848 1027 3901 2°
1059 3847 1294 3902 Basilius
1325 3846 1377 3900 in
1411 3844 1636 3916 epistola
1671 3844 1758 3911 98,
1789 3859 1908 3914 qua:
1955 3846 2087 3898 seri-

502 3948 593 4007 pta
632 3947 713 3993 est
741 3939 883 3993 circa
919 3939 1156 3994 medium
1188 3953 1428 3991 mensem
1457 3935 1695 4001 Junium,
1731 3937 1946 3990 nuntiat
1979 3936 2086 3992 En-

502 4017 652 4084 scbio
683 4045 740 4083 se
769 4031 917 4083 brevi
947 4044 1360 4097 congressurum
1391 4045 1513 4082 cum
1544 4030 1809 4100 episcopis
1833 4030 2083 4083 secunda:

501 4122 876 4190 Cappadocize.
905 4122 974 4173 At
1005 4121 1090 4174 hic
1124 4134 1451 4190 congressus
1484 4136 1586 4175 neu
1637 4123 1809 4175 solum
1844 4131 1962 4189 post
1993 4138 2083 4175 or-

500 4214 829 4268 dinationem
862 4212 1110 4284 Gregorii
1145 4213 1473 4269 constitutus
1513 4222 1617 4275 est,
1646 4219 1737 4267 sed
1769 4215 1932 4266 etiam
1962 4223 2083 4281 post

501 4306 619 4376 ejus
661 4305 843 4375 fugam
872 4316 926 4360 et
973 4306 1198 4360 reditum
1245 4317 1300 4360 et
1344 4306 1565 4361 inutiles
1612 4315 1843 4361 conatus
1889 4322 2074 4373 capes-

501 4398 653 4452 sendi
685 4399 1030 4466 episcopatus
1071 4407 1125 4452 et
1159 4399 1424 4468 colloquia
1462 4415 1585 4454 cum
1617 4399 1898 4452 Authimo.
1934 4398 2078 4452 Cou-

497 4506 698 4546 vencre
727 4492 943 4546 tandem
983 4491 1248 4558 episcopi,
1279 4503 1338 4545 ut
1369 4491 1529 4546 modo
1580 4491 1907 4555 videbimus,
1953 4503 2078 4546 ante

503 4583 628 4636 illud
661 4585 783 4648 iter,
820 4582 960 4651 quod
1004 4597 1187 4637 mense
1228 4581 1368 4637 Julio
1391 4581 1626 4638 Basilius
1671 4583 1724 4636 in
1759 4584 2074 4636 Armeniam
2111 4609 2152 4662 θ

501 4675 758 4744 suscepit.
806 4674 960 4730 Nulla
1010 4690 1137 4744 ergo
1186 4675 1394 4730 ratione
1431 4673 1621 4728 nititur
1677 4675 1862 4744 opinio
1911 4673 2076 4727 Ttlle-

504 4767 717 4821 montii.

571 4857 628 4911 In
653 4858 752 4912 hac
780 4856 1152 4928 episcoporum
1178 4855 1533 4926 Cappadociae
1555 4855 1766 4928 synodo
1797 4870 1900 4923 pax
1932 4856 2074 4910 inter

500 4947 757 5004 Basilium
792 4961 846 5005 et
865 4949 1177 5004 Anthimum
1202 4965 1262 5003 ea
1287 4952 1604 5005 conditione
1631 4952 1841 5006 sancita
1875 4961 1981 5018 est,
2019 4960 2077 5004 ut

493 5043 839 5111 episcopatus
875 5042 1395 5110 nntltiplicarentur;
1449 5043 1590 5111 quod
1641 5042 1856 5110 quidem
1892 5043 1942 5096 in
1973 5044 2075 5097 Ee-

502 5133 679 5188 clcsia:
724 5132 1062 5186 commodum
1116 5133 1344 5186 cessisse
1377 5141 1601 5184 testatur
1643 5131 1938 5200 Gregorius
1973 5131 2066 5201 (ε).

501 5225 680 5279 Mense
706 5221 864 5279 Juuio
884 5233 1134 5286 exeunte,
1160 5225 1241 5276 vel
1273 5225 1489 5276 ineunte
1522 5221 1662 5276 Julio
1692 5223 1807 5276 hace
1831 5225 2071 5292 synodus

502 5317 836 5383 collocanda,
895 5333 1000 5371 non
1055 5317 1227 5371 solum
1272 5317 1393 5383 quia
1454 5314 1684 5370 Basilius
1737 5317 1790 5370 in
1847 5318 2071 5384 epistola

503 5412 681 5465 medio
705 5425 886 5464 mense
913 5409 1071 5464 Junio
1101 5411 1300 5478 scripta
1332 5409 1475 5462 brevi
1498 5407 1730 5461 futuram
1763 5410 2072 5473 nuntiabat,

504 5506 596 5559 sed
651 5505 812 5557 etiam
842 5503 967 5570 quia
1005 5503 1185 5557 statim
1217 5518 1278 5555 ac
1327 5501 1485 5555 rediit
1535 5518 1598 5555 ex
1657 5502 1869 5564 itinere,
1929 5505 2070 5568 quod

498 5596 692 5650 iterum
736 5596 786 5647 iu
819 5594 1128 5649 Armeniam
1169 5595 1351 5648 habuit
1411 5609 1593 5648 mense
1643 5591 1787 5648 Julio
1814 5634 1827 5658 ,
1893 5591 2061 5646 Euse-

771 5815 782 5826 .
815 5775 933 5829 ἓΞᾶ

2211 623 2293 677 dis
2326 625 2590 694 episcopis
2625 641 2844 694 operam
2898 638 3102 681 navet:
3144 644 3305 696 quam
3357 630 3571 698 quidem
3631 635 3780 701 pacis

2209 712 2574 768 conditionem
2633 717 2802 770 fuisse
2857 715 3112 770 diximus.
3172 719 3367 774 Habita
3413 735 3541 791 ergo
3603 722 3783 777 fuerat

2207 804 2444 873 synodus
2478 816 2766 876 antequam
2794 808 3248 877 proficisceretur.

2277 895 2386 950 VII.
2424 897 2840 954 Praeclarissime
2876 911 3053 954 actum
3089 917 3210 956 cum
3252 903 3471 970 Basilio,
3502 907 3642 974 quod
3669 908 3781 959 Au-

2210 985 2362 1041 thimi
2415 987 2841 1044 benevolentiam
2896 992 3282 1060 recollegisset.
3317 994 3422 1049 Sed
3470 998 3578 1051 cito
3627 1013 3780 1054 nova:

2206 1090 2639 1146 supervenerunt
2664 1081 2943 1136 molestiae.
2976 1084 3206 1153 Accepit
3240 1087 3550 1141 mandatum
3603 1091 3776 1158 impc-

2208 1169 2401 1224 ratoris
2449 1185 2570 1225 cum
2615 1171 2811 1226 litteris
2844 1175 3055 1230 comitis
3081 1175 3347 1242 Terentii,
3402 1188 3459 1231 ut
3499 1180 3776 1235 Armenias

2206 1261 2488 1332 episcopos
2517 1265 2693 1318 daret.
2725 1264 2842 1318 Non
2869 1266 2920 1320 id
2949 1283 3078 1324 sane
3109 1269 3396 1324 molestum
3437 1271 3539 1324 fuit
3569 1273 3773 1327 homini

2208 1353 2340 1406 nihil
2377 1357 2614 1424 optatius
2664 1358 2906 1426 habenti,
2964 1374 3121 1427 quam
3149 1371 3207 1416 ut
3238 1363 3492 1417 Ecclesia?
3513 1379 3673 1420 causa
3701 1366 3777 1418 la-

2200 1443 2439 1498 boraret.
2497 1445 2609 1502 lmo
2673 1457 2782 1502 tota
2822 1464 2906 1503 res
2967 1453 3359 1517 perhonoriﬁca
3411 1454 3639 1520 Basilio;
3677 1472 3776 1511 nec

2204 1537 2336 1590 satis
2387 1539 2568 1594 mirari
2611 1556 2851 1609 possum,
2888 1556 2986 1596 cur
3023 1558 3130 1612 quo
3165 1555 3403 1614 tempore
3449 1547 3684 1601 lueretici
3719 1564 3774 1602 ιιι

2206 1637 2283 1683 tot
2320 1630 2590 1686 Ecclesias
2639 1635 2948 1703 pastoribus
2987 1633 3158 1703 pulsis
3193 1638 3345 1704 lupos
3401 1638 3771 1704 intrudebant,

2207 1735 2405 1776 vacuas
2435 1723 2707 1780 Armeniae
2740 1726 3012 1782 Ecclesias
3059 1742 3165 1782 non
3216 1732 3550 1797 occuparint.
3610 1730 3772 1786 Forte

2201 1828 2382 1869 comes
2435 1815 2722 1872 Terentius
2786 1822 3150 1891 cognitionem
3209 1820 3314 1875 illis
3365 1821 3519 1890 hujus
3556 1823 3772 1878 consilii

2201 1912 2500 1980 praaripuit,
2531 1922 2586 1967 et
2635 1929 2665 1969 a
2715 1913 2942 1969 Valente
2971 1917 3246 1971 decretum
3288 1915 3413 1968 illud
3447 1916 3768 1984 impetravit,

2198 2011 2482 2071 antequam
2512 2019 2722 2059 summa
2758 2004 2939 2061 Basilii
2975 2009 3227 2062 virtutum
3265 2006 3573 2071 admiratio,
3609 2025 3770 2077 quam

2197 2094 2442 2149 Caesarea
2497 2098 2783 2155 discedens
2833 2099 3255 2170 signiﬁcaverat,
3309 2114 3374 2154 ex
3425 2101 3542 2171 ejus
3591 2103 3773 2157 animo

2197 2185 2522 2241 elaberetur.
2553 2187 2809 2246 Libenter
2840 2193 3021 2257 itaque
3070 2194 3168 2247 via:
3205 2209 3324 2248 sese
3365 2195 3635 2248 commisit
3669 2195 3773 2248 Ba-

2196 2277 2350 2332 silius
2385 2277 2464 2348 (α)
2489 2322 2502 2344 ,
2553 2279 2645 2332 sed
2674 2296 2794 2334 cum
2823 2284 2873 2336 ei
2919 2283 3229 2339 Theodotus
3283 2285 3661 2340 sollicitudinis
3691 2301 3774 2339 so-

2194 2369 2310 2423 cius
2350 2371 2644 2438 adjunctus
2677 2382 2843 2434 esset,
2898 2376 3169 2429 metuebat
3203 2377 3456 2443 Basilius,
3515 2377 3567 2432 id
3621 2379 3767 2446 quod

2193 2461 2412 2526 accidit,
2443 2478 2511 2517 ne
2543 2463 2829 2534 singulare
2856 2465 3090 2519 hominis
3115 2468 3391 2535 ingenium
3423 2480 3478 2524 et
3499 2471 3770 2538 suspieio-

2195 2553 2421 2622 nesjam
2453 2566 2653 2607 mense
2701 2550 2862 2607 Junio
2911 2554 3231 2622 signiﬁcate
3270 2558 3559 2625 plurimum
3611 2577 3772 2616 noce-

2194 2656 2334 2703 rent.
2374 2645 2479 2700 Sed
2543 2656 2744 2712 tamen,
2811 2657 2870 2700 ut
2929 2646 3209 2701 Theodoto
3263 2649 3642 2715 satisfaceret,
3703 2669 3772 2709 ac

2192 2751 2376 2792 eorum
2411 2755 2532 2809 qua:
2561 2749 2766 2808 egerat,
2799 2755 2981 2794 coram
3021 2739 3289 2809 locuplete
3338 2750 3476 2796 teste
3499 2747 3764 2800 rationem

2193 2831 2465 2897 redderet,
2499 2833 2648 2886 venit
2703 2834 2897 2888 Getasa
2944 2835 3000 2889 in
3042 2851 3230 2905 agrum
3281 2834 3337 2890 S.
3391 2836 3611 2900 Meletii,
3677 2840 3769 2892 ubi

2193 2919 2510 2976 Theodotus
2547 2923 2814 2989 interfuit,
2857 2927 3122 2995 simulque
3162 2927 3429 2982 Diodorus
3461 2929 3766 2998 presbyter.

2261 3012 2338 3067 lbi
2376 3023 2662 3069 accusatus
2693 3029 2723 3066 a
2761 3013 3042 3070 Theodoto
3067 3018 3134 3072 ob
3170 3016 3606 3086 coniunctionem
3642 3032 3767 3069 cum

2193 3106 2472 3160 Eustathio
2499 3145 2518 3168 ,
2546 3107 2680 3160 dixit
2710 3121 2769 3161 se
2791 3122 2857 3161 ex
2889 3123 3183 3179 congressu
3237 3120 3588 3166 consecutum
3621 3124 3767 3173 esse,

2193 3197 2614 3252 utEustathium
2654 3199 2706 3252 in
2732 3201 2986 3255 omnibus
3033 3202 3132 3256 sibi
3184 3203 3568 3258 assentientem
3597 3204 3767 3258 habe—

2195 3296 2293 3340 ret.
2325 3287 2459 3340 Tum
2494 3286 2831 3358 Theodotus,
2880 3293 3226 3349 Eustathium
3277 3310 3525 3365 negasse,
3581 3297 3765 3350 statim

2189 3395 2253 3433 ac
2289 3379 2534 3434 discessit
2556 3384 2623 3434 ab
2647 3396 2711 3435 eo
2739 3382 2993 3446 Basilius,
3041 3389 3260 3453 suisque
3284 3387 3460 3456 ipsum
3485 3387 3764 3456 discipulis

2187 3469 2482 3536 afﬁrmare,
2513 3485 2572 3525 se
2599 3472 2739 3524 nulla
2761 3487 2991 3542 prorsus
3013 3475 3070 3526 in
3106 3492 3163 3530 re
3187 3491 3306 3530 cum
3338 3479 3539 3533 Basilio
3570 3483 3635 3536 de
3659 3483 3768 3536 ﬁde

2186 3565 2544 3618 consensisse.
2575 3564 2655 3619 Ad
2684 3565 2799 3619 hmo
2827 3565 3082 3630 Basilius,
3113 3583 3215 3622 non
3251 3584 3374 3623 eum
3416 3586 3536 3626 esse
3561 3573 3768 3628 Eusta-

2189 3657 2383 3721 thium,
2411 3659 2500 3727 qui
2533 3674 2675 3712 nunc
2707 3659 2834 3726 huc,
2871 3675 3014 3714 nunc
3051 3660 3176 3716 illuc
3223 3659 3456 3730 feratur,
3486 3679 3609 3718 cum
3659 3666 3766 3719 sibi

2187 3750 2410 3804 miriﬁce
2472 3750 2526 3804 in
2581 3759 2689 3804 tota
2726 3752 2833 3806 vita
2868 3761 3117 3818 constet;
3171 3765 3265 3810 aut
3309 3757 3362 3811 in
3428 3758 3591 3812 rebus
3630 3759 3766 3812 tanti

2185 3843 2447 3895 momenti
2474 3854 2527 3896 et
2549 3845 2792 3898 omnium
2814 3845 2957 3899 fama
2996 3849 3280 3904 celebratis
3300 3853 3609 3916 mentiatur,
3641 3867 3768 3907 cum

2187 3931 2525 3987 mendacium
2561 3935 2727 3985 etiam
2765 3936 2817 3986 in
2855 3937 3092 3991 minimis
3121 3951 3180 3991 ut
3213 3939 3471 3996 horribile
3508 3942 3768 4011 quiddam

2183 4035 2482 4077 aversetur.
2543 4023 2649 4078 Sed
2694 4032 2873 4077 tamen
2919 4029 3330 4095 preponendum
3363 4030 3412 4084 ci
3457 4046 3576 4084 csse
3606 4033 3768 4088 libel-

2185 4114 2291 4167 lum
2316 4114 2461 4180 ﬁdei,
2491 4115 2574 4170 cui
2605 4115 2893 4170 nihildesit
2919 4116 2984 4170 ad
3023 4128 3183 4172 recta:
3217 4117 3339 4172 ﬁdei
3365 4120 3671 4195 specimen;
3718 4125 3769 4179 si

2183 4207 2571 4262 subscribendo
2597 4211 2951 4273 assentiatur,
2983 4224 3295 4265 mansurum
3323 4227 3382 4266 se
3407 4213 3460 4266 in
3484 4212 3600 4284 ejus
3625 4228 3775 4269 com-

2184 4299 2470 4362 munione;
2505 4299 2587 4352 sin
2613 4309 2789 4353 autem
2833 4312 3064 4368 recuset,
3109 4303 3175 4354 ab
3226 4302 3343 4370 ejus
3380 4307 3770 4374 conjunctione

2182 4390 2568 4445 discessurum.
2595 4390 2826 4446 Probata
2858 4393 2978 4447 haec
3007 4394 3244 4448 conditio
3294 4396 3512 4453 Meletio
3558 4409 3614 4454 et
3639 4399 3772 4455 Dio-

2182 4483 2333 4546 doro,
2378 4498 2484 4538 nec
2513 4485 2628 4553 ipse
2663 4484 2976 4540 Theodotus
3011 4487 3290 4552 dissensit,
3343 4491 3434 4545 sed
3487 4493 3768 4563 peramice

2183 4575 2438 4629 Basilium
2485 4576 2735 4630 hortatus
2783 4584 2885 4639 est,
2924 4586 2982 4630 ut
3029 4577 3326 4650 NicOpolim
3379 4583 3768 4654 descenderet,

2188 4677 2299 4720 tum
2325 4667 2578 4723 Ecclesia:
2625 4668 2928 4724 inviseudre
2957 4687 3142 4739 causa,
3175 4683 3286 4728 tum
3319 4683 3376 4728 ut
3423 4690 3548 4730 eum
3583 4678 3764 4735 Theo-

2186 4760 2343 4813 dotus
2370 4757 2550 4814 Satala
2590 4777 2763 4830 usque
2807 4762 3122 4830 deduceret,
3157 4780 3216 4820 ac
3242 4781 3462 4835 operam
3502 4770 3553 4823 in
3586 4774 3768 4826 omni-

2187 4852 2288 4905 bus
2323 4859 2563 4905 navaret.
2593 4851 2688 4904 llis
2727 4854 2800 4906 ita
2832 4855 2969 4908 actis
3007 4854 3312 4927 Nicopolim
3364 4859 3525 4913 rediit
3575 4859 3760 4916 Theo-

2185 4945 2364 5008 dotus,
2407 4944 2604 5000 Basilio
2651 4944 2864 5001 Getasis
2920 4949 3129 5003 relicto.
3191 4950 3260 5003 At
3310 4951 3398 5006 ubi
3457 4953 3760 5022 Nicopolim

2185 5037 2401 5089 advenit
2424 5035 2671 5102 Basilius,
2707 5037 2788 5092 sic
2831 5055 2953 5094 eum
2981 5048 3263 5095 aversatus
3294 5052 3376 5096 est
3415 5043 3759 5112 Theodotus,

2185 5138 2244 5181 ut
2277 5143 2450 5198 neque
2479 5130 2545 5184 ad
2576 5131 2883 5196 matutinas,
2929 5145 3105 5199 neque
3136 5133 3207 5185 ad
3235 5135 3569 5205 vespertinas
3625 5151 3756 5197 pre-

2184 5237 2274 5277 ces
2304 5238 2579 5278 assumere
2606 5223 2856 5280 voluerit.

2251 5317 2637 5374 Permolestum
2673 5317 2724 5372 id
2777 5317 2979 5372 Basilio
3011 5318 3235 5385 accidit,
3289 5335 3396 5374 non
3450 5328 3630 5376 tamen
3662 5337 3760 5376 sua

2183 5410 2350 5480 ipsius
2375 5425 2539 5465 causa
2589 5409 2809 5480 (fatetur
2841 5411 2985 5465 enim
3021 5428 3083 5468 se
3113 5414 3334 5482 dignum
3369 5411 3537 5468 fuisse
3559 5415 3654 5484 qui
3679 5415 3761 5472 sic

2184 5505 2550 5573 tractaretur),
2584 5504 2677 5559 scd
2727 5506 2855 5575 quia
2911 5509 3164 5562 mandata
3224 5510 3569 5578 imperatoris
3596 5511 3759 5578 perﬁ-

2182 5610 2323 5650 cere.
2350 5606 2403 5650 et
2429 5597 2714 5666 episcopos
2742 5601 3009 5656 Armenia:
3061 5601 3192 5657 dare
3246 5617 3348 5657 non
3401 5611 3638 5671 poterat,
3672 5602 3759 5659 sic

2261 5773 2328 5845 (ς)
2359 5775 2455 5830 0r.
2483 5778 2572 5830 20.

2248 5851 2324 5911 (t1)
2359 5849 2452 5913 Ep.
2478 5851 2567 5903 U9.
