4038 6448
1602 364 1759 420 VITA
1800 364 1856 418 S.
1903 364 1981 417 BA
1994 362 2163 417 SILll.

3372 378 3493 417 XClK

258 482 453 539 all‘ecto
480 494 605 549 erga
639 493 698 535 se
720 493 969 534 curarum
1008 479 1173 543 socio,
1207 477 1358 548 cujus
1388 492 1547 547 opera
1576 479 1829 547 sperabat
1859 484 1901 541 Α
1932 478 2098 531 Porro
2131 476 2196 530 ad
2225 490 2343 529 eam
2383 490 2495 529 rem
2523 478 2813 532 necessarii
2848 490 3006 535 erant
3035 478 3223 536 saltem
3274 480 3491 549 triginta

259 589 321 632 se
356 575 575 629 idoneos
604 573 748 627 viros
797 573 1165 635 inventurum,
1214 586 1277 624 eo
1323 573 1465 639 quod
1503 573 1552 623 in
1588 572 1703 638 ejus
1738 586 1827 639 pa.

259 669 426 725 racia
463 685 567 722 non
604 668 852 720 deessent
880 674 934 718 et
958 665 1197 733 religiosi
1222 676 1273 719 et
1309 666 1622 734 prudentes,
1652 677 1705 719 et
1731 666 1829 719 Iin-

258 778 376 831 guae
410 760 591 828 periti,
642 768 695 811 et
740 759 830 825 qui
893 756 1129 823 reliquos
1183 758 1355 825 gentis
1395 772 1520 809 usus
1584 758 1828 824 proprios

256 853 484 907 scirent.
543 849 645 902 Sed
708 858 883 901 tamen
938 846 1079 915 quod
1118 848 1168 899 in
1224 849 1339 913 ipso
1391 847 1548 899 situm
1580 857 1731 909 erat,
1775 847 1829 900 id

259 946 479 999 minime
512 942 880 1011 negligendum
918 948 1089 1001 ratus,
1128 939 1306 992 Satala
1338 942 1579 1006 pervenit
1615 940 1828 993 infirmo

260 1038 547 1091 admodum
589 1048 850 1101 corpore;
893 1047 1075 1099 pacem
1113 1032 1414 1097 Composuit
1460 1032 1599 1085 inter
1628 1032 1830 1099 episco-

256 1145 356 1199 pos
383 1127 673 1187 Armeniae,
695 1140 891 1193 eosque
928 1139 957 1176 a
1002 1138 1208 1177 summa
1242 1122 1593 1176 indifferentia
1634 1138 1696 1176 ac
1731 1139 1826 1175 ne-

255 1220 507 1289 gligentia
557 1218 619 1271 ad
673 1218 941 1270 sincerum
988 1230 1084 1283 pro
1135 1212 1388 1267 Ecclesiis
1443 1214 1534 1268 Dei
1591 1215 1825 1268 studium

257 1324 516 1364 revocare
538 1318 762 1361 conatus
789 1314 896 1367 est,
940 1320 1002 1358 ac
1041 1306 1104 1358 de
1147 1304 1412 1357 nonnullis
1474 1319 1591 1371 qua:
1619 1302 1827 1357 indiffe-

254 1411 441 1454 renter
494 1400 545 1451 in
577 1396 835 1450 Armenia
890 1395 1104 1465 peccari
1144 1395 1412 1457 Solebant,
1442 1394 1655 1464 regulas
1692 1410 1828 1463 pra:-

254 1493 494 1561 scripsit.
545 1490 768 1557 Accepit
816 1507 845 1540 ει
882 1487 1191 1540 Satalorum
1244 1486 1481 1539 Ecclesia
1531 1485 1824 1553 suffragia,

254 1585 450 1653 quibus
476 1582 786 1649 rogabatur,
825 1589 883 1632 ut
930 1580 1237 1648 episcopum
1295 1578 1400 1631 illis
1450 1577 1622 1630 daret.
1672 1576 1825 1632 Cum

254 1674 415 1727 etiam
450 1671 577 1725 illud
621 1671 667 1724 ei
704 1669 823 1732 fuit,
870 1678 927 1723 ut
959 1670 1023 1723 de
1053 1668 1290 1738 aspersis
1322 1667 1524 1737 Cyrillo
1571 1669 1824 1737 episcopo

253 1760 573 1815 criminibus
614 1761 918 1828 inquireret
954 1782 965 1813 ;
1004 1775 1121 1826 qua:
1148 1774 1269 1811 cum
1322 1760 1388 1811 ab
1419 1758 1647 1811 inimicis
1690 1773 1822 1812 eon-

254 1854 379 1907 ficta
440 1866 559 1906 esse
622 1852 984 1919 cognovisset,
1046 1851 1207 1919 idque
1250 1849 1347 1918 ipsi
1398 1864 1579 1904 coram
1623 1848 1823 1904 Basilio

253 1942 547 1997 manifeste
599 1941 832 1995 confessi
888 1954 1108 2007 essent;
1168 1932 1421 2011 populum
1488 1942 1822 1997 Satalensem

250 2035 458 2106 Cyrillo
491 2036 843 2089 mediocriter
865 2035 1121 2104 placavit.
1151 2036 1219 2090 ita
1242 2046 1300 2089 ut
1330 2050 1433 2087 non
1458 2034 1569 2101 jam
1598 2034 1665 2089 ab
1686 2036 1823 2089 illius

250 2132 633 2183 communione
672 2129 1002 2197 refugerent.
1037 2129 1112 2181 Ex
1166 2130 1249 2183 his
1289 2128 1466 2198 colligi
1516 2143 1619 2181 non
1667 2128 1824 2181 debet

248 2222 509 2293 Cyrillum
539 2237 725 2276 eorum
760 2221 1065 2289 episcopum
1102 2218 1291 2273 fuisse.
1324 2218 1645 2275 Iamdudum
1681 2219 1821 2272 enim

246 2315 504 2384 episcOpo
539 2314 815 2373 carebant,
843 2322 900 2363 ut
929 2311 1085 2364 modo
1113 2311 1433 2366 videbimus.

325 2404 456 2458 VIII.
484 2405 673 2456 Redux
701 2402 1004 2457 Caesaream
1034 2402 1282 2464 Basilius,
1301 2403 1384 2459 vel
1412 2402 1596 2468 etiam,
1618 2414 1819 2459 utcon-

240 2496 364 2568 j'ct
428 2495 832 2558 Tillemontins,
886 2503 1177 2563 antequam
1244 2496 1441 2549 Salalis
1497 2496 1819 2561 discederet,

246 2606 362 2643 rem
423 2604 639 2643 eumem
684 2586 751 2641 ab
804 2588 1009 2657 origine
1067 2586 1322 2641 Terentio
1370 2587 1704 2657 perscripsit,
1766 2598 1821 2642 et

240 2680 374 2750 quid
406 2681 471 2733 ad
506 2678 869 2734 exhaurienda
923 2677 1263 2745 imperatoris
1314 2678 1561 2731 mandata
1616 2682 1821 2748 praesti-

246 2772 421 2834 tisset,
454 2772 581 2840 quid
614 2771 765 2838 plura
795 2779 1052 2837 praestare
1081 2769 1472 2839 prohibuisset,
1527 2772 1823 2825 accuratis-

243 2863 385 2917 sime
428 2863 699 2929 exposuit.
738 2860 1009 2931 Scriptam
1041 2876 1161 2915 esse
1206 2860 1405 2915 Salalis
1451 2861 1588 2914 hanc
1622 2863 1821 2929 cpisto—

244 2952 355 3004 Iam
386 2952 453 3003 99
484 2952 562 3020 (η.
602 2951 657 3019 4)
715 2950 892 3019 colligi
918 2960 1098 3019 posset
1127 2966 1189 3002 ex
1217 2950 1297 3004 his
1332 2951 1552 3005 verbis:
1586 2948 1657 3002 Et
1684 2968 1820 3004 nunc

241 3060 360 3097 cum
392 3043 576 3096 Satnta
608 3044 853 3094 venissent
877 3059 993 3095 cum
1028 3042 1122 3094 tali
1151 3058 1389 3110 corpore,
1420 3052 1522 3097 etc.

1932 578 2043 620 tres
2075 567 2211 631 dies,
2252 579 2309 619 ut
2334 567 2564 620 vidimus
2590 583 2654 621 ex
2688 572 2845 637 epist.
2878 570 2965 623 93.

2000 658 2151 712 Circa
2202 660 2340 712 idem
2394 669 2604 728 tempus
2658 663 2859 728 scripta
2910 664 3140 731 epistola
3177 666 3298 720 101.
3359 664 3495 721 Cum

1925 749 2073 805 enim
2107 750 2171 803 de
2203 758 2376 803 morte
2408 735 2631 820 insignis
2672 768 2913 819 personae
2960 756 3255 823 didicisset,
3308 760 3493 812 statim

1931 842 1994 895 ad
2027 857 2171 903 eum,
2204 844 2267 896 ad
2294 858 2454 911 quem
2503 845 2804 913 praecipuus
2857 848 3011 899 dolor
3043 850 3273 917 redibat,
3303 867 3499 905 conso-

1930 934 2075 988 landi
2123 951 2279 989 causa
2318 937 2557 1004 scripsit,
2618 938 2885 991 infirmam
2924 940 3285 995 valetudinem
3332 958 3498 998 excu-

1930 1040 2075 1089 sans,
2129 1042 2226 1080 cur
2277 1029 2468 1081 adesse
2515 1044 2618 1082 non
2658 1040 2858 1097 posset,
2899 1042 2952 1085 et
3001 1034 3212 1103 negotia
3263 1034 3331 1089 ob
3397 1036 3499 1090 iter

1930 1118 2186 1185 majorem
2216 1119 2264 1171 in
2301 1120 2517 1174 modum
2550 1135 2731 1176 aucta.

2001 1209 2327 1272 Satalenscs,
2360 1220 2415 1264 nt
2448 1228 2609 1281 supra
2649 1216 2898 1280 vidimus,
2927 1216 3210 1287 suffragia,
3245 1218 3360 1273 sive
3404 1220 3500 1272 de-

1929 1314 2134 1357 cretum
2170 1302 2440 1373 publicum
2473 1306 2780 1361 obtulerant
2811 1309 3030 1372 Basilio,
3067 1326 3298 1377 eumque
3342 1327 3499 1379 roga-

1930 1394 2079 1457 bant,
2138 1404 2194 1447 ut
2250 1396 2356 1449 sibi
2410 1397 2723 1466 episcopum
2775 1401 2948 1453 daret.
3006 1400 3081 1455 Eo
3137 1402 3350 1470 dignior
3377 1410 3499 1454 erat

1928 1485 2111 1541 Basilii
2146 1488 2510 1545 sollicitudine
2562 1493 2675 1547 hmc
2705 1493 2967 1557 Ecclesia,
3002 1497 3144 1565 quod
3179 1496 3497 1564 jamdudum

1928 1580 2182 1649 episc0po
2223 1583 2479 1635 deStituta
2530 1586 2922 1653 propemodum
2959 1590 3013 1641 in
3064 1590 3235 1642 ruinis
3257 1590 3494 1659 jacebat.

1928 1666 1981 1719 lu
2008 1671 2238 1737 petendo
2262 1682 2440 1724 autem
2469 1673 2723 1741 episcopo
2756 1678 2890 1728 adeo
2944 1677 3260 1731 institerunt
3288 1689 3342 1732 et
3367 1693 3496 1733 con-

1930 1759 2238 1826 tenderunt,
2292 1771 2349 1813 ut
2381 1762 2609 1816 Basilius
2656 1778 2840 1817 coram
2878 1766 3105 1822 Domino
3149 1770 3495 1837 promiserit,

1926 1851 2057 1905 nihil
2093 1850 2170 1914 se,
2197 1854 2337 1921 quod
2364 1855 2581 1923 quidem
2614 1871 2778 1924 penes
2812 1872 2870 1910 se
2894 1857 3055 1923 foret,
3096 1861 3496 1927 przetermissu-

1925 1961 2066 2000 rum.
2096 1944 2282 2013 Colligi
2332 1957 2512 2015 posset
2543 1950 2859 2004 nominatim
2886 1951 2952 2004 ab
2988 1952 3052 2005 iis
3101 1952 3323 2021 petitum
3373 1950 3493 2006 Pte—

1926 2039 2160 2093 menium
2199 2040 2596 2110 presbyterum.
2634 2040 2766 2094 Nam
2794 2043 3025 2097 Basilius
3057 2042 3136 2112 (a)
3170 2044 3411 2097 declarat
3439 2058 3498 2097 se

1923 2132 2441 2199 consanguinitatem
2495 2140 2548 2184 et
2603 2134 3052 2187 consuetudinem
3090 2135 3189 2187 sibi
3224 2150 3345 2187 cum
3394 2135 3496 2188 hcc

1923 2218 2040 2273 viro
2071 2220 2521 2287 intercedentem,
2553 2220 2733 2290 populi
2791 2221 3043 2290 gemitus,
3080 2222 3344 2275 universa;
3374 2221 3495 2273 Pw-

1924 2310 2087 2364 menii
2123 2312 2461 2380 cognationis
2493 2326 2556 2365 ac
2583 2313 2770 2366 matris
2803 2312 2969 2379 ipsius
2993 2311 3263 2381 lacrymas
3300 2327 3490 2365 cormn

1922 2401 2207 2472 postulatis
2254 2404 2650 2470 posthabuisse.
2708 2403 2969 2456 Hortatur
3024 2414 3083 2456 ut
3136 2404 3243 2457 Deo
3292 2405 3495 2471 gratias

1922 2501 2104 2560 agant,
2131 2492 2272 2560 quod
2298 2501 2482 2547 votum
2516 2508 2671 2546 suum
2722 2494 3119 2562 adimpleverit.
3172 2496 3275 2547 Sed
3313 2504 3494 2548 tamen

1922 2584 2037 2637 Inec
2067 2584 2246 2639 dicere
2272 2585 2445 2653 potuit
2478 2582 2955 2650 Basilius,etiamsi
2985 2585 3282 2654 generatim
3314 2587 3489 2638 virum

1921 2677 2205 2748 petiissent
2259 2681 2323 2731 ad
2364 2680 2699 2747 reparandas
2730 2678 2980 2732 Ecclesia:
3018 2694 3127 2731 sure
3163 2679 3347 2732 ruinas
3376 2678 3493 2731 ido-

1924 2785 2103 2824 neum.
2156 2771 2422 2824 Pratmisit
2471 2768 2701 2833 Niciam,
2754 2772 2845 2837 qui
2898 2771 2962 2822 ad
2993 2770 3303 2824 Satalenses
3340 2768 3497 2839 huius

1925 2862 2122 2915 laetitia:
2176 2864 2422 2914 nuntium
2481 2860 2768 2929 perferret.
2816 2860 3029 2929 Scripta
3092 2863 3205 2915 hmc
3264 2864 3494 2929 epistola

1924 2953 2325 3022 magistratibus
2380 2970 2392 3004 :
2444 2966 2711 3021 sequens,
2771 2967 2891 3023 qum
2945 2952 3158 3008 brevior
3211 2962 3335 3018 est,
3396 2956 3493 3005 sed

1924 3054 2101 3097 tamen
2150 3044 2201 3096 in
2256 3044 2498 3097 eamdem
2548 3046 2751 3115 scripta
2804 3047 3153 3111 sententiam,
3183 3046 3491 3099 universam

318 3134 537 3187 Littera:
602 3133 660 3191 S.
728 3136 983 3197 EnSebii,
1062 3149 1182 3203 qua:
1239 3150 1430 3189 suaves
1488 3151 1701 3204 semper
1763 3145 1817 3192 et
1846 3178 1893 3237 Ο
1924 3142 2129 3211 plebem
2158 3141 2463 3209 compellat,
2502 3156 2819 3195 concessum
2865 3142 2972 3195 illis
3010 3142 3268 3194 nuntians
3316 3148 3495 3208 pasto-

238 3241 440 3303 optataa
491 3231 689 3285 Basilio
738 3230 1039 3292 veniebant,
1096 3246 1216 3282 cum
1270 3229 1318 3284 ei
1378 3229 1431 3282 in
1489 3231 1703 3293 regione
1726 3234 1820 3282 Ar-

240 3327 437 3380 menia:
476 3324 673 3385 vicina,
708 3330 829 3391 post
873 3330 948 3374 tot
998 3320 1274 3374 molestias
1327 3321 1566 3374 redeunti
1601 3323 1820 3376 reddita:

240 3419 497 3477 fuissent,
541 3423 747 3467 tantum
782 3412 981 3468 ltetitim
1034 3412 1351 3476 attulerunt,
1383 3422 1637 3481 quantum
1669 3415 1819 3468 navi-

240 3510 515 3577 gantibus,
550 3506 700 3576 gravi
725 3514 840 3559 orta
872 3511 1218 3572 tempestate,
1256 3503 1345 3557 fax
1371 3505 1579 3559 eminus
1610 3505 1817 3561 lucens.

241 3602 440 3656 lteditu
479 3616 597 3664 suo,
656 3596 904 3665 quamvis
953 3596 1056 3649 sibi
1087 3595 1365 3651 videretur
1398 3612 1427 3648 a
1468 3611 1565 3649 suo
1592 3612 1817 3663 corpore

238 3694 440 3753 deseri,
478 3701 533 3745 et
584 3691 633 3743 in
678 3704 899 3759 magnas
930 3686 1267 3741 difficultates
1291 3686 1586 3750 incidisset,
1635 3688 1815 3741 tandin

240 3784 503 3852 neglectis
538 3781 789 3834 Ecclesia!
822 3780 981 3832 rebus
1013 3817 1027 3840 ,
1090 3776 1345 3845 sperabat
1405 3786 1580 3831 tamen
1636 3792 1694 3831 se
1718 3791 1817 3844 ope

239 3891 457 3944 precum
492 3872 703 3927 Eusebii
739 3872 1017 3926 Samosata
1055 3869 1277 3922 iturum.
1310 3867 1414 3923 Sed
1446 3868 1656 3922 interim
1694 3884 1815 3921 eum

240 3976 416 4035 rogat,
453 3972 509 4015 ut
541 3964 844 4018 Czesaream
897 3962 1076 4015 veniat
1108 3964 1171 4015 ad
1212 3962 1354 4015 diem
1406 3961 1598 4014 festum
1638 3962 1809 4014 sancti

242 4054 558 4125 Bupsychii,
591 4054 675 4107 die
707 4055 937 4121 septimo
997 4049 1351 4117 Septembris.
1403 4049 1498 4103 His
1552 4050 1697 4105 enim
1759 4066 1817 4105 se

239 4149 472 4217 negotiis
518 4144 807 4213 implicari,
859 4158 977 4211 qua:
1028 4142 1229 4195 auxilio
1265 4141 1537 4211 indigeant
1571 4142 1806 4204 Eusebii,

238 4250 353 4292 tum
408 4238 476 4290 ad
531 4238 975 4290 constitutiOnem
1038 4237 1435 4303 episc0porum,
1474 4249 1577 4302 qua
1636 4234 1697 4287 de
1759 4249 1815 4289 re

238 4332 382 4388 inter
415 4330 696 4399 episcopos
734 4326 1085 4398 Cappadociae
1123 4316 1307 4381 mense
1340 4323 1498 4379 Junio
1549 4340 1815 4381 convene-

234 4436 349 4487 ται,
405 4436 515 4477 tum
567 4420 630 4475 ad
692 4420 1131 4475 deliberationem
1205 4428 1258 4473 et
1324 4418 1811 4471 considerationem

1924 3250 2035 3288 rem
2066 3234 2167 3287 hoc
2194 3234 2410 3303 dignum
2441 3233 2680 3286 nomine.
2742 3232 2796 3285 In
2850 3248 2957 3300 quo
3013 3232 3151 3286 forte
3190 3231 3378 3285 alludit
3425 3232 3492 3286 ad

1922 3341 2115 3381 nomen
2148 3325 2424 3381 Pmmenii.

2476 3414 2705 3470 CAPUT
2748 3415 2914 3471 XXV.

1920 3506 1961 3559 l.
1997 3509 2059 3562 S.
2098 3508 2327 3579 Basilius
2387 3512 2723 3577 conqueritur
2780 3510 2921 3579 apud
2969 3508 3294 3579 prmfectum,
3346 3509 3487 3579 quod

1988 3578 2159 3631 clerici
2190 3576 2537 3632 Cwsarienses
2568 3580 2746 3629 censui
2778 3578 2975 3628 addicti
3005 3576 3223 3644 fuerint.
3275 3576 3366 3632 Il.'
3397 3578 3491 3633 In-

1989 3649 2105 3701 uisit
2136 3648 2193 3704 S.
2233 3646 2535 3701 Eusebium.
2578 3646 2798 3698 Rediens
2818 3645 3001 3699 scribit
3027 3650 3101 3699 ad
3121 3648 3261 3713 filias
3297 3648 3481 3701 Teren-

1992 3722 2052 3771 tti
2089 3733 2132 3773 et
2167 3722 2234 3771 ad
2281 3717 2550 3784 quemdam
2600 3718 2841 3769 militent.
2894 3718 2974 3770 HI.
3027 3716 3151 3768 Tres
3200 3719 3392 3770 littera:
3428 3722 3490 3771 de

1995 3791 2195 3857 negotio
2244 3788 2469 3857 Julittw.
2506 3786 2637 3840 Inde
2677 3801 2801 3839 nata
2850 3790 3055 3839 occasio
3107 3787 3368 3857 scribendi
3420 3790 3490 3841 ad

1992 3856 2303 3911 Mnifestum.
2342 3856 2427 3910 IV.
2480 3858 2835 3910 Andronicum
2863 3861 3044 3909 ducent
3076 3856 3287 3923 placare
3330 3874 3490 3911 cona-

1989 3940 2077 3979 tur
2108 3928 2433 3981 Domitiano.
2482 3927 2544 3981 V.
2598 3925 2787 3979 Pncent
2823 3928 3066 3980 conciliat
3094 3929 3148 3978 in
3174 3929 3489 3996 presbyterio

1992 3998 2257 4051 Tarsensi.
2304 3998 2390 4051 Vl.
2446 3996 2733 4063 Simplicia:
2782 3999 3121 4051 temeritatem
3168 3998 3486 4065 comprimit.

1990 4069 2098 4123 Vll.
2131 4068 2206 4121 De
2230 4070 2378 4137 epist.
2410 4067 2663 4120 115-117.
2695 4065 2822 4118 Vlll.
2854 4066 3114 4118 Proditur
3143 4083 3173 4117 a
3207 4068 3489 4134 discipulis

1986 4140 2273 4193 Eustatltii.
3489 4164 3499 4175 .

1986 4231 2025 4285 l.
2070 4232 2343 4286 Modestus
2374 4228 2681 4299 prarfectus,
2711 4229 2800 4297 qui
2828 4228 3084 4283 Basilium
3119 4245 3218 4297 pro
3248 4246 3307 4284 se
3343 4231 3490 4283 utill-

1920 4334 1999 4378 ter
2017 4334 2327 4391 precantem
2353 4333 2621 4387 senserat,
2657 4338 2753 4392 pro
2776 4322 2893 4375 aliis
2918 4323 3161 4389 precanti
3197 4322 3486 4389 plurimmn

1919 4430 2134 4483 semper
2165 4413 2390 4468 honoris
2434 4414 2640 4468 habuit.
2687 4412 2850 4466 Suam
2885 4414 3021 4479 apud
3054 4414 3202 4465 illum
3255 4414 3485 4481 gratiam

237 4532 427 4573 eorum
458 4531 574 4580 qua:
604 4516 659 4566 in
690 4529 805 4575 nos,
840 4512 1037 4580 inquit,
1076 4512 1357 4563 meditatur
1383 4506 1621 4576 Gregorii
1659 4505 1795 4576 Nys-
1842 4523 1883 4577 υ
1918 4507 2151 4561 Basilius
2182 4521 2322 4574 saepe
2356 4506 2709 4575 interposuit;
2737 4506 2829 4559 sed
2860 4505 3029 4573 prima
3058 4507 3299 4558 omnium
3339 4508 3489 4560 vide-

236 4612 345 4664 seni
374 4607 709 4673 simplicitas.
730 4604 818 4676 qui
837 4606 1060 4673 synodos
1086 4604 1221 4674 cogit
1242 4604 1492 4671 Ancyrm,
1522 4617 1610 4652 nec
1640 4599 1805 4651 ullum

236 4702 387 4756 nobis
440 4699 733 4753 insidiandi
764 4701 974 4750 modum
1024 4697 1393 4766 praetermittit.
1455 4694 1652 4747 Lucem
1685 4693 1812 4747 huic

237 4796 354 4850 loco
408 4793 604 4848 afferre
638 4801 863 4847 conatus
923 4805 1040 4843 sum
1082 4789 1134 4842 in
1187 4798 1335 4841 nota.
1400 4785 1628 4839 Pertulit
1667 4786 1809 4839 hanc

244 4887 530 4956 epistolam
567 4884 706 4936 idem
745 4884 1025 4944 diaconus,
1052 4879 1141 4949 qui
1172 4880 1377 4934 litteras
1408 4877 1621 4931 Eusebii
1666 4886 1809 4929 attn-

235 4981 408 5041 lerat;
442 4988 635 5032 etcum
662 4975 919 5029 Basilium
953 4976 1267 5028 redeuntem
1298 4974 1348 5025 in
1377 4973 1590 5041 regione
1620 4972 1811 5023 Arme-

238 5074 341 5127 niae
392 5071 572 5125 vicina
629 5070 915 5137 attigisset,
975 5068 1183 5121 videtur
1236 5080 1358 5120 cum
1402 5079 1465 5117 eo
1509 5061 1807 5115 stat'eatn

237 5168 473 5221 venisse.
511 5161 788 5215 Narranda
825 5162 874 5214 ei
936 5161 1191 5229 relinquit
1248 5156 1499 5220 Basilius,
1551 5168 1670 5223 qua:
1705 5152 1803 5206 sibi

238 5262 289 5313 in
322 5254 580 5312 Armenia
612 5262 927 5308 evenerant.

306 5350 425 5404 Non
467 5346 684 5400 dubium
722 5355 804 5399 est
828 5344 956 5412 quin
1002 5342 1225 5396 Basilius
1253 5356 1317 5394 ex
1353 5339 1453 5393 hoc
1484 5340 1675 5393 itinere
1712 5354 1807 5393 re-

235 5443 398 5496 dierit
434 5451 618 5492 mense
663 5432 841 5496 Julio;
873 5447 995 5487 nam
1020 5432 1151 5485 satis
1184 5442 1469 5502 supererat
1511 5433 1795 5501 temporis.

236 5544 290 5588 ut
335 5530 602 5584 Eusebius
634 5526 775 5581 illius
814 5524 1021 5579 litteras
1052 5526 1299 5595 accipere
1344 5535 1550 5597 posset,
1585 5542 1647 5579 ac
1679 5526 1804 5579 Cre-

237 5636 446 5682 saream
502 5620 687 5672 venire
744 5616 809 5671 ad
874 5616 1015 5673 diem
1088 5618 1375 5689 septimum
1436 5618 1792 5688 Septembris.

306 5802 383 5875 (α)
425 5799 521 5871 Ep.
572 5799 688 5855 102.

1925 4610 2008 4653 tur
2031 4600 2269 4653 Ecclesia
2296 4598 2645 4653 Ctesarieusis
2691 4608 3028 4665 precatorem
3060 4598 3313 4653 habuisse
3340 4599 3490 4655 Basi-

1922 4694 2073 4748 linm.
2110 4692 2243 4746 Cum
2285 4694 2585 4747 censitores
2639 4691 2824 4745 censui
2869 4690 3205 4745 addixissent
3262 4692 3489 4748 clericos

1917 4782 2294 4845 Caesarienses,
2348 4798 2411 4836 ac
2466 4797 2557 4835 eos
2612 4791 2822 4835 tantum
2873 4782 3239 4848 excepissent,
3294 4785 3490 4853 quibus

1919 4882 2051 4925 artas
2080 4872 2474 4923 immunitatem
2502 4872 2680 4936 dabat,
2722 4880 3006 4941 propterea
3053 4874 3195 4941 quod
3239 4876 3487 4931 mandata

1923 4961 2279 5014 imnmnitatis
2327 4962 2687 5015 concedenda:
2736 4978 2763 5014 a
2818 4964 3076 5031 praefecto
3128 4966 3401 5033 accepisse
3432 4983 3493 5021 se

1923 5061 2212 5119 negarent;
2266 5050 2503 5121 confugit
2560 5054 2625 5107 ad
2658 5052 2970 5122 praelectum
3028 5055 3283 5121 Basilius,
3333 5058 3491 5125 eique

1920 5146 2249 5199 demonstrat
2283 5155 2335 5199 et
2372 5146 2539 5215 ipsius
2568 5145 2724 5199 fama:
2774 5158 2828 5201 et
2878 5148 3220 5217 imperatoris
3274 5150 3491 5203 ramum:

1920 5238 2146 5305 perutile
2192 5238 2456 5303 futurum,
2490 5248 2547 5292 ut
2588 5239 2762 5307 aliqua
2798 5240 3113 5295 immunitas
3158 5242 3493 5295 concedatur

1920 5332 2156 5403 episcopi
2205 5335 2429 5389 arbitrio
2482 5335 2865 5406 dispensanda.
2904 5335 3071 5389 Multa
3125 5336 3337 5390 suntin
3389 5336 3493 5391 hac

1921 5426 2147 5497 epistola
2182 5426 2441 5495 difﬁcilia,
2488 5445 2607 5499 qua:
2636 5430 2686 5483 in
2719 5432 2865 5484 notis
2890 5439 3120 5484 conatus
3145 5443 3266 5481 sum
3307 5429 3494 5497 expla-

1920 5536 2067 5577 nare.

1992 5613 2204 5687 Scripta
2242 5624 2421 5673 autem
2454 5616 2664 5673 videtur
2690 5618 2834 5673 circa
2877 5618 3017 5670 hunc
3048 5626 3277 5668 annum.
3303 5613 3495 5671 Adhuc
