4038 6498
554 423 585 458 "-
1897 399 2434 459 PBOLEGOMENA.

552 521 697 576 enim
750 521 987 574 recentia
1026 527 1183 574 erant
1235 523 1588 590 Cappadocia:
1641 520 1884 584 vulnera,
1917 523 2000 576 cui
2059 525 2112 575 in
2143 530 2188 586 Α
2219 531 2420 575 mosata
2452 518 2736 582 deduxere,
2771 518 2900 573 nihil
2939 518 3047 574 fere
3076 520 3394 584 habuerunt,
3423 521 3525 576 nisi
3557 519 3770 579 difﬁcil-

552 627 718 681 gcnua
763 610 1030 663 inclinata:
1073 625 1228 679 opem
1289 611 1525 679 praefecti
1573 611 1802 668 Basilius
1847 613 2113 681 implorat.

551 701 818 754 Praeterea
842 699 952 768 jam
981 700 1048 754 de
1087 702 1248 754 rebus
1274 704 1652 759 communibus
1680 703 1968 772 scripserat
1991 719 2117 771 prte-

550 794 715 855 fecw,
752 803 1042 860 antequam
1080 793 1128 846 ei
1184 795 1424 862 privatos
1453 797 1834 850 commendare
1864 795 2116 862 iucmpis—

550 894 654 948 set,
717 883 876 950 idque
927 884 1198 953 colligitur
1246 900 1310 940 ex
1344 886 1435 940 his
1473 889 1650 941 verbis
1700 887 1938 955 epistola:
1992 885 2112 950 107,

549 991 668 1044 qua:
701 975 786 1027 vix
817 976 989 1028 serius
1016 978 1116 1030 hoc
1143 991 1288 1031 anno
1312 988 1542 1032 exeunte
1575 979 1734 1032 scribi
1765 978 1973 1046 potuit:
2004 976 2114 1045 Ego

547 1069 706 1129 enim,
743 1067 936 1133 inquit,
966 1068 1145 1122 decere
1171 1085 1272 1122 non
1300 1072 1475 1139 putavi
1510 1081 1710 1124 tantum
1738 1071 1863 1123 mihi
1889 1070 2113 1122 licentia:

545 1172 750 1209 sumere
777 1173 894 1208 cum
934 1165 1079 1209 tanto
1129 1157 1347 1226 judice;
1399 1175 1457 1212 eo
1505 1159 1644 1229 quod
1699 1159 1927 1210 nondum
1963 1158 2011 1211 ei
2052 1160 2115 1212 de

545 1244 654 1296 ulla
703 1261 758 1298 re
804 1246 1006 1314 privata
1041 1249 1358 1314 scripserim,
1420 1265 1698 1318 rerearque
1746 1265 1808 1302 ne
1833 1265 1933 1318 quo
1962 1259 2112 1316 pacto

544 1351 651 1389 rem
696 1336 982 1405 improbet:
1013 1338 1200 1407 quippe
1247 1356 1363 1392 cum
1411 1341 1600 1392 summi
1629 1341 1726 1392 viri
1762 1343 1818 1392 in
1852 1339 2107 1407 ejusmodi

546 1428 721 1491 rebus,
765 1438 818 1481 ut
861 1429 1019 1494 nosti,
1047 1429 1205 1494 facile
1236 1432 1556 1484 irascantur.
1589 1429 1709 1484 Jatn
1746 1447 1873 1498 ergo
1909 1431 2108 1498 aliquid

542 1522 837 1588 scripserat
880 1520 947 1574 de
985 1521 1149 1575 rebus
1186 1522 1586 1578 communibus.
1638 1524 1753 1591 Ipsa
1801 1523 2063 1576 timiditas
2090 1562 2107 1589 ,

541 1623 701 1676 quam
739 1625 848 1678 pra:
897 1624 957 1663 se
993 1610 1095 1664 fert
1131 1611 1286 1665 initio
1337 1613 1601 1680 epistolae,
1662 1623 1979 1681 argumento
2026 1623 2107 1666 est

541 1701 780 1752 nondum
812 1701 1094 1754 invitatum
1125 1701 1292 1757 fuisse
1325 1717 1354 1754 a
1383 1703 1659 1772 przefecto,
1707 1713 1766 1758 ut
1804 1717 1944 1772 saepe
1975 1703 2108 1758 scri-

539 1790 715 1848 beret.
745 1789 1018 1846 Immerito
1064 1807 1192 1862 ergo
1241 1794 1357 1848 hinc
1406 1794 1632 1862 epistola
1683 1807 1712 1845 a
1766 1792 2106 1846 Tillemontio

2221 609 2343 661 lima
2374 609 2580 676 negotia
2615 617 2705 660 aut
2731 609 3075 676 gravissimas
3105 610 3394 664 molestias.
3448 611 3623 677 Quare
3653 629 3774 668 cum

2221 697 2450 752 Basilius
2481 698 2536 751 in
2567 699 2788 767 epistola
2812 698 2911 752 l06
2934 701 3035 752 iter
3065 701 3328 767 quoddam
3364 715 3771 768 commemoret,

2220 791 2273 844 in
2300 805 2404 856 quo
2451 805 2506 842 se
2535 790 2700 842 multa
2735 805 2762 843 a
2793 791 2897 845 Deo
2927 791 3182 845 beneficia
3215 794 3490 861 accepisse
3523 804 3772 863 testatur,

2218 881 2319 934 iter
2350 880 2723 935 Samosatense
2770 881 2992 938 indicari
3042 884 3287 952 conjicio.
3333 884 3548 939 Viderat
3585 887 3635 940 in
3672 889 3774 944 hac

2216 971 2651 1040 peregrinatione
2689 973 2909 1028 militem
2967 977 3276 1043 quemdam,
3331 976 3483 1044 cujus
3535 978 3770 1045 perfecta

2217 1073 2338 1117 erat
2361 1063 2460 1118 sub
2498 1065 2713 1117 militari
2762 1073 2908 1120 veste
2938 1067 3196 1134 charitas,
3234 1068 3465 1136 acceptis
3493 1069 3560 1122 ab
3587 1084 3649 1123 eo
3681 1070 3771 1122 lit-

2217 1156 2348 1210 teris
2379 1157 2662 1224 respondet
2692 1156 2936 1220 Basilius.
2970 1172 3196 1229 eumque
3227 1160 3291 1213 ad
3318 1163 3770 1226 perseverandum

2215 1247 2482 1302 hortatur.

2289 1338 2374 1393 ΙΙΙ.
2404 1338 2554 1394 Circa
2589 1339 2689 1393 hoc
2733 1347 2938 1408 tempus
2982 1339 3197 1409 scriptae
3245 1340 3495 1395 videntur
3530 1353 3637 1398 tres
3679 1359 3769 1398 se-

2211 1442 2437 1501 quentcs
2465 1430 2726 1499 epistolae,
2761 1431 2954 1502 quibus
2994 1433 3276 1486 materiam
3314 1433 3575 1488 dederunt
3599 1427 3770 1492 uiole-

2210 1532 2290 1576 sta
2327 1522 2525 1578 Julittae
2559 1524 2752 1591 vidum,
2788 1525 2968 1579 Basilii
3013 1526 3347 1594 propinquat,
3395 1528 3633 1583 exhibita
3675 1544 3772 1582 ne-

2209 1615 2371 1683 gotia.
2407 1615 2533 1669 Eam
2578 1618 2724 1669 enim
2784 1626 2924 1670 tutor
2957 1617 3098 1670 illius
3135 1617 3404 1670 hrcredum
3451 1621 3671 1687 urgebat
3700 1622 3770 1673 ob

2207 1708 2474 1777 ingentem
2513 1709 2746 1776 pecunia:
2782 1724 3069 1774 summam,
3098 1724 3256 1777 quam
3308 1722 3428 1764 eum
3458 1710 3770 1778 persolvere

2208 1797 2316 1852 cito
2347 1815 2449 1853 non
2478 1809 2679 1869 posset,
2705 1801 2812 1870 egit
2836 1799 3064 1856 Basilius
3085 1815 3202 1854 cum
3229 1802 3516 1862 creditore,
3550 1814 3606 1854 ut
3632 1812 3768 1854 tem-

541 1881 773 1936 refertur
816 1883 882 1936 ad
912 1898 1115 1937 annum
1163 1883 1289 1951 576,
1343 1888 1440 1940 sub
1481 1884 1685 1939 vicario
1737 1885 2110 1940 Demosthene.
2143 1883 2185 1936 B
2215 1904 2312 1958 pus
2349 1892 2516 1945 vidua:
2549 1895 2887 1948 concederet.
2928 1892 3182 1948 Promisit
3222 1893 3312 1947 ille
3355 1909 3535 1947 coram
3564 1893 3766 1947 Basilio

538 1972 651 2026 Non
677 1975 848 2027 solum
873 1985 1102 2044 tempus,
1151 1977 1242 2030 sed
1285 1977 1446 2032 etiam
1489 1991 1731 2046 persona:
1766 1991 1829 2030 ac
1856 1992 1940 2031 res
1993 1976 2100 2030 dis-

539 2073 782 2131 crepant.
838 2063 934 2118 llic
990 2067 1132 2120 enim
1187 2069 1366 2135 agitur
1430 2066 1495 2121 de
1548 2067 1938 2132 censitoribus,
1995 2067 2103 2121 illic

540 2157 606 2211 de
637 2157 857 2211 vicario.
890 2157 990 2213 llic
1037 2160 1249 2224 censui,
1297 2159 1404 2214 illic
1444 2161 1607 2216 curia:
1636 2161 1960 2216 addicuntur
1989 2160 2101 2215 'cle-

537 2247 661 2300 rici.

605 2338 669 2391 ll.
700 2337 814 2392 Non
849 2338 1015 2392 semel
1048 2339 1148 2393 hoc
1180 2353 1323 2393 anno
1352 2340 1411 2393 S.
1444 2339 1728 2395 Eusebium
1755 2339 1990 2396 Basilius
2019 2344 2097 2395 in-

538 2429 750 2496 vitavit,
802 2438 861 2483 ut
906 2430 1286 2484 Cazsariensem
1323 2430 1618 2486 Ecclesiam
1661 2433 1948 2488 inviseret.
1993 2433 2098 2486 Sed

536 2521 638 2576 hoc
689 2521 1005 2577 beneﬁcium
1063 2522 1350 2591 impetrare
1382 2538 1486 2576 non
1520 2525 1692 2592 potuit
1732 2542 1745 2579 :
1786 2525 1926 2591 quod
1980 2525 2099 2591 qui-

536 2616 655 2670 dem
711 2617 906 2668 mirum
953 2630 1055 2669 non
1105 2615 1337 2670 videtur.
1368 2614 1502 2670 Cum
1550 2615 1694 2669 enim
1748 2615 1926 2669 multa:
1979 2616 2095 2670 aliae

534 2719 710 2758 causae
738 2714 982 2758 sanctum
1014 2719 1196 2758 senem
1240 2705 1486 2759 detinere
1545 2714 1858 2773 potuerunt,
1895 2715 2006 2760 tum
2041 2708 2094 2760 in

533 2793 726 2862 primis
754 2794 1002 2846 vicinitas
1039 2792 1298 2858 Valentis,
1350 2809 1467 2862 qua:
1501 2803 1787 2862 perpetuas
1837 2797 2094 2851 excubias

531 2888 599 2942 ad
661 2887 838 2958 gregis
912 2886 1215 2940 custodiam
1273 2887 1602 2958 pustulabat.
1666 2888 1843 2952 Quare
1895 2888 2092 2941 Basilio

529 2981 765 3034 eundum
821 2979 923 3032 fuit
980 2978 1286 3044 Samosata,
1339 2987 1397 3031 ut
1449 2977 1737 3031 Eusebium
1785 2979 2006 3031 videret.
2039 2979 2090 3032 Id

530 3079 710 3124 autem
733 3079 1055 3123 consecutus
1083 3078 1166 3122 est
1193 3071 1296 3122 hoc
1317 3084 1456 3122 anno
1479 3068 1603 3122 572.
1636 3067 1767 3122 Nam
1801 3069 1853 3123 in
1885 3070 2092 3123 duabus

529 3157 774 3226 epistolis
799 3157 879 3226 (α)
907 3173 1049 3210 anno
1079 3156 1325 3224 sequenti
1351 3158 1568 3224 scriptis
1604 3167 1830 3210 teetatur
1869 3173 1927 3210 se
1949 3173 2090 3210 anno

2209 1985 2262 2029 et
2291 1977 2394 2032 alio
2430 1979 2542 2032 viro
2569 1979 2822 2046 dignitate
2847 1980 3079 2049 insigni;
3116 1997 3281 2048 seque
3321 1989 3530 2049 tempus
3552 1980 3767 2045 quidem

2207 2068 2420 2123 brevius
2488 2069 2724 2124 scribere
2765 2070 3012 2135 dicebat,
3073 2070 3163 2123 sed
3214 2071 3438 2139 amplius
3479 2085 3767 2124 concessu-

2206 2174 2343 2212 rum.
2388 2158 2576 2212 Postea
2619 2159 2899 2213 immemor
2927 2158 3173 2228 promissi
3217 2159 3426 2212 viduam
3460 2175 3646 2213 rursus
3673 2175 3767 2209 ve-

2207 2263 2333 2303 xare
2359 2251 2538 2318 cmpit.
2567 2250 2841 2322 Signiﬁcat
2867 2252 2952 2304 illa
2977 2250 3213 2305 dolorem
3242 2265 3392 2303 suum
3421 2249 3634 2313 Basilio,
3673 2251 3762 2316 qui

2205 2338 2252 2391 ei
2305 2341 2551 2394 rescribit
2606 2341 2911 2395 consolandi
2956 2357 3147 2407 causa;
3203 2356 3364 2410 seque
3402 2351 3454 2396 et
3509 2341 3765 2395 creditori

2205 2429 2482 2498 scripsisse
2507 2438 2730 2483 testatur
2763 2440 2818 2482 ut
2843 2431 3098 2497 pudorem
3137 2432 3185 2484 ei
3232 2433 3519 2498 incuteret,
3544 2444 3597 2487 et
3635 2434 3763 2488 llel-

2203 2520 2344 2575 ladio
2385 2519 2618 2591 praefecti
2656 2521 2972 2586 domestico,
3012 2531 3066 2574 ut
3097 2521 3194 2575 hoc
3227 2521 3275 2574 ei
3307 2523 3578 2591 negotium
3610 2539 3763 2577 com-

2203 2609 2652 2663 mendareLNam
2694 2610 2761 2664 ad
2803 2611 3109 2680 pra-fectum
3160 2612 3330 2679 ipsum
3377 2611 3610 2665 scribere
3656 2627 3761 2664 non

2201 2701 2449 2755 audebat.

2270 2792 2455 2846 Tutori
2497 2791 2763 2846 lncredum
2791 2789 2988 2844 Julitta:
3017 2789 3243 2844 Basilius
3273 2789 3455 2843 mirari
3492 2803 3548 2842 se
3579 2788 3759 2843 decla-

2200 2891 2303 2947 rat,
2344 2897 2438 2934 cur
2491 2882 2632 2948 quod
2668 2881 2849 2935 verbis
2901 2882 3176 2947 conceptis
3227 2895 3409 2933 coram
3469 2895 3528 2932 se
3574 2889 3626 2932 et
3655 2880 3763 2932 alio

2198 2975 2312 3028 viro
2347 2976 2686 3044 promiserat,
2724 2975 2775 3028 id
2832 2991 2973 3028 nunc
3000 2977 3214 3043 exsequi
3264 2975 3416 3028 nolit.
3456 2973 3674 3028 Fatetur
3701 2990 3763 3028 se

2197 3066 2339 3120 illius
2370 3066 2708 3120 liberalitatis
2740 3065 2937 3119 famam
2961 3082 3080 3119 cum
3117 3068 3214 3118 hoc
3239 3064 3556 3134 implacabili
3593 3066 3643 3119 in
3681 3066 3763 3118 vi-

2196 3159 2352 3212 duata
2379 3158 2557 3212 animo
2584 3159 2873 3213 conciliare
2901 3174 3002 3212 non
3025 3172 3198 3224 posse.
3233 3155 3466 3210 Retocat
3491 3158 3537 3210 ei
3565 3158 3615 3210 in
3640 3173 3761 3210 me-

533 3253 805 3321 przeterito
851 3251 955 3306 tnel
986 3251 1359 3307 dulcissimum
1413 3249 1668 3304 Ecclesiae
1701 3249 2094 3305 Satnosatensis
2123 3234 2163 3291 (ἶ
2202 3249 2419 3302 moriam
2451 3248 2590 3302 aliud
2615 3251 2960 3318 promissum.
2990 3248 3118 3302 Nam
3147 3250 3414 3319 pollicitus
3432 3260 3566 3312 erat,
3591 3249 3633 3302 si
3660 3265 3761 3300 au-

528 3347 870 3415 degustassc.
905 3347 1054 3410 Quod
1090 3355 1268 3398 autem
1298 3344 1444 3399 addit
1472 3353 1715 3397 extremo
1765 3351 1971 3397 tantum
2015 3345 2094 3398 di-

527 3438 639 3506 gito
663 3438 978 3505 degustasse
1003 3475 1018 3500 ,
1053 3444 1364 3503 argumento
1398 3442 1479 3487 est
1517 3449 1624 3487 non
1661 3435 1747 3488 diu
1793 3449 1914 3487 eum
1952 3436 2088 3504 apud

529 3528 819 3584 Eusebium
867 3529 1050 3583 fuisse.
1104 3525 1367 3581 Redeunti
1418 3525 1666 3593 promisit
1715 3526 1980 3580 Eusebius
2034 3540 2091 3579 se

529 3636 672 3673 anno
723 3621 967 3688 sequenti
1016 3620 1071 3672 in
1117 3615 1510 3686 Cappadociam
1566 3626 1845 3670 venturum
1884 3635 1896 3670 :
1931 3627 2091 3686 atque

532 3709 634 3763 hoc
673 3708 996 3776 promissum
1043 3710 1344 3761 Caesaream
1392 3705 1629 3762 referens
1667 3706 1925 3773 Basilius,
1975 3724 2090 3762 ma-

529 3818 691 3873 gnam
726 3801 938 3856 Eusebii
971 3802 1233 3854 adventus
1263 3803 1715 3869 exspectationem
1747 3803 1928 3858 movit.

600 3895 923 3964 SperaVerat
952 3893 1179 3946 Basilius
1207 3891 1277 3963 (b)
1310 3893 1548 3945 visurum
1573 3907 1629 3946 se
1657 3891 1953 3948 Samosatis
1976 3897 2088 3948 dia-

524 3987 770 4039 conissas
817 3983 1054 4037 Terentii
1109 3983 1321 4037 comitis
1381 3982 1538 4050 ﬁlias,
1604 3999 1738 4053 quas
1769 4025 1783 4047 ,
1827 3995 1886 4038 ut
1937 3987 2088 4040 bona:

528 4076 728 4130 radicis
752 4077 890 4128 bona
926 4074 1189 4144 germina,
1220 4090 1320 4128 nec
1372 4074 1838 4128 circumstantium
1871 4076 2087 4129 haereti-

530 4180 718 4218 corum
748 4165 902 4217 turba
954 4163 1230 4231 decipere,
1266 4178 1365 4216 nec
1401 4163 1573 4214 ventis
1622 4164 1872 4216 secundis
1934 4173 2088 4217 utens

527 4255 740 4309 novitas
767 4268 981 4307 movere
1011 4263 1277 4321 potuerat.
1312 4253 1426 4306 Non
1460 4253 1785 4306 mediocrem
1821 4253 2084 4320 jacturain

527 4358 649 4397 esse
687 4344 855 4407 duxit,
913 4343 1054 4409 quod
1108 4358 1200 4395 eas
1253 4359 1358 4395 non
1418 4343 1715 4396 invenisset
1765 4343 2083 4397 Samosatis.

528 4435 634 4489 Sed
665 4443 716 4488 ut
754 4435 948 4488 litteris
995 4441 1394 4501 compensaret,
1454 4432 1597 4498 quod
1628 4432 1898 4500 colloquio
1928 4432 2086 4502 perﬁ-

524 4540 648 4579 cere
699 4540 807 4579 non
866 4532 1129 4592 potuerat,
1197 4523 1376 4577 oblata
1440 4519 1694 4576 facultate
1755 4521 2081 4590 SOphronii,

523 4632 681 4687 quem
733 4618 896 4669 filium
932 4615 1187 4684 appellat,
1238 4615 1413 4667 laudat
1450 4628 1542 4667 eas
1593 4613 1661 4666 ob
1704 4626 1971 4665 summum
2003 4627 2085 4664 ca-

527 4708 737 4762 tholica:
782 4707 900 4760 ﬁdei
945 4705 1179 4760 studium
1215 4712 1274 4759 et
1307 4705 1371 4756 ad
1406 4701 1861 4772 persevcrantiam
1901 4701 2084 4755 horta-

523 4811 627 4854 tur.

597 4889 655 4944 3.
690 4885 982 4942 Eusebium
1012 4886 1292 4957 presbyter
1327 4882 1572 4938 Basilius
1603 4883 1806 4946 invisit,
1842 4893 1899 4936 ut
1925 4897 2082 4950 supra

524 4981 778 5036 vidimus.
835 4979 941 5032 Sed
975 4979 1040 5029 ad
1075 4977 1176 5030 iter
1207 4978 1362 5045 hujus
1409 4976 1536 5029 anni
1588 4976 1692 5028 372
1748 4975 2081 5027 referendam

530 5072 816 5142 epistolam
853 5071 917 5124 ad
958 5069 1293 5122 diaconissas
1352 5067 1540 5136 probat
1599 5067 1956 5121 circumstans
1996 5065 2083 5118 illa

522 5164 798 5216 hominum
824 5162 1102 5214 veritatem
1131 5159 1586 5229 corrumpentium
1617 5158 1793 5222 turba,
1821 5168 2082 5226 prmsente

520 5253 726 5307 scilicet.
755 5256 806 5309 in
839 5252 994 5324 Syria
1038 5250 1284 5305 Valente.
1311 5251 1576 5305 ClBlCl'lllll
1620 5265 1724 5303 non
1759 5251 1927 5304 multo
1961 5261 2081 5319 post

519 5348 749 5400 reditum
778 5349 889 5400 haec
920 5346 1142 5413 scripsit
1176 5363 1190 5397 :
1219 5344 1556 5413 Sephronius
1580 5343 1722 5396 enim
1760 5343 1870 5404 ille,
1915 5358 2075 5411 quem

519 5440 684 5490 tilium
717 5438 966 5503 appellat,
1004 5437 1143 5490 idem
1192 5435 1397 5487 videtur
1449 5450 1601 5496 esse,
1655 5434 1745 5501 qui
1792 5447 1931 5487 anno
1969 5432 2072 5485 57').

519 5539 765 5591 exeunte,
793 5529 934 5580 omni
969 5528 1167 5582 scelere
1198 5525 1448 5579 Basilium
1477 5527 1751 5580 laceravit.

584 5621 763 5677 Basilii
798 5620 1269 5690 peregrinationes,
1299 5620 1362 5675 iis
1391 5617 1627 5686 exceptis
1658 5631 1777 5688 qua:
1806 5617 1952 5672 illum
1986 5617 2078 5670 Sa-

587 5805 659 5876 tn)
691 5807 853 5875 Epist.
898 5805 994 5859 ita
1019 5803 1212 5859 et137.

2199 3349 2314 3386 rum
2345 3337 2408 3386 de
2438 3350 2541 3402 quo
2570 3347 2910 3401 convenerat,
2946 3339 3241 3406 acciperet,
3291 3340 3506 3391 chartas
3536 3353 3752 3404 omnes,

2196 3433 2304 3477 tum
2334 3442 2424 3478 sas
2455 3441 2570 3493 «tua:
2594 3441 2770 3480 coram
2815 3429 3108 3498 judieibus,
3145 3438 3252 3480 tum
3287 3443 3378 3481 eas
3416 3444 3531 3497 qua:
3569 3430 3757 3499 priva-

2197 3517 2289 3569 tim
2345 3517 2622 3582 confectae,
2662 3520 2836 3573 viduae
2866 3521 3211 3572 traditurum.
3254 3518 3428 3573 Mouet
3453 3535 3580 3590 ergo
3606 3521 3759 3575 illum

2195 3606 2447 3672 Basilius,
2488 3620 2544 3663 ut
2574 3625 2726 3678 Opem
2752 3618 2805 3664 et
2837 3609 3256 3664 misericordiam
3283 3611 3371 3664 Dei
3405 3613 3505 3666 sibi
3535 3614 3643 3681 ipse
3667 3614 3764 3667 du.

2194 3700 2323 3753 riori
2351 3701 2538 3769 agendi
2576 3701 2782 3755 ratione
2817 3713 2921 3753 non
2963 3698 3299 3754 intercludat.

2263 3790 2432 3860 Negat
2479 3791 2847 3845 'l'illemontius
2878 3791 2942 3844 ad
2999 3790 3100 3844 hoc
3152 3791 3418 3859 negotium
3483 3795 3760 3863 pertinere

2191 3881 2471 3951 epistolam
2503 3892 2833 3950 sequentem.
2875 3881 2978 3935 Sed
3028 3892 3198 3935 tamen
3237 3884 3460 3938 miriﬁce
3490 3897 3540 3939 et
3570 3901 3759 3954 perso-

2191 3993 2272 4032 na:
2328 3986 2381 4031 et
2430 3992 2513 4030 res
2543 3978 2907 4030 consentiunt.
2945 3974 3286 4028 Commendat
3325 3979 3465 4030 enim
3518 3977 3756 4033 Basilius

2190 4068 2402 4120 viduam
2437 4082 2464 4119 a
2509 4066 2773 4119 tutoribus
2805 4065 3078 4118 hmredum
3122 4064 3262 4119 illius
3290 4077 3554 4121 vexatam.
3587 4067 3756 4121 Com-

2191 4162 2406 4215 mendat
2443 4175 2557 4214 eam
2598 4174 2699 4212 non
2745 4159 3016 4227 praefecto.
3060 4162 3149 4214 sed
3177 4160 3418 4214 Helladio
3464 4160 3668 4226 comiti,
3697 4170 3759 4215 u‘.

2191 4254 2398 4307 dixerat
2429 4252 2481 4306 in
2514 4251 2735 4318 epistola
2767 4250 2886 4304 l07.
2917 4249 3028 4304 Non
3068 4263 3240 4304 tatnen
3271 4252 3406 4304 idem
3439 4261 3586 4319 rogat
3611 4254 3758 4319 qm.d

2190 4343 2241 4397 in
2268 4343 2505 4412 epistolis
2535 4343 2983 4411 praecedentibus,
3025 4351 3077 4392 ut
3107 4349 3314 4409 tempus
3339 4344 3662 4395 concedatur
3684 4343 3753 4395 ad

2189 4434 2525 4501 solvendum,
2577 4434 2668 4486 sed
2714 4442 2772 4484 ut
2821 4432 3162 4485 remittantur
3214 4448 3408 4496 usura‘,
3463 4433 3597 4485 forte
3635 4431 3753 4500 jam

2189 4525 2478 4593 persoluta,
2520 4524 2643 4593 quia
2677 4539 2857 4578 coram
2898 4523 3093 4579 Basilio
3145 4524 3222 4578 sic
3266 4535 3416 4593 pacta
3461 4522 3653 4589 fuerat,
3692 4535 3756 4579 ut

2189 4632 2364 4670 usura:
2393 4616 2800 4680 redonarentur,
2830 4617 2874 4670 si
2909 4629 3106 4671 sortem
3142 4616 3394 4670 solveret.
3432 4611 3541 4667 Hoc
3577 4615 3752 4684 ipsum

2185 4708 2429 4777 estquod
2459 4709 2695 4762 creditor
2749 4709 3090 4777 promiserat,
3134 4719 3189 4759 ut
3223 4708 3271 4758 in
3318 4705 3626 4759 memoriam
3659 4721 3751 4760 re-

2186 4800 2315 4869 digit
2347 4799 2572 4854 Basilius
2619 4801 2671 4853 iu
2718 4799 3036 4866 praecedenti
3077 4797 3323 4868 cpistola,
3378 4796 3416 4848 si
3462 4813 3648 4850 aurum
3683 4795 3752 4847 de

2185 4907 2285 4961 quo
2326 4899 2628 4943 convenerat
2684 4891 2961 4956 acciperet,
3009 4891 3216 4942 chartas
3265 4901 3460 4954 omnes,
3510 4901 3617 4939 tum
3658 4901 3750 4940 ea:

2189 5000 2302 5055 qua:
2341 4999 2515 5036 coram
2556 4983 2842 5051 judicibns,
2885 4991 2992 5035 tum
3037 4997 3150 5052 qua:
3190 4981 3430 5047 privatim
3476 4979 3749 5045 confcctw,

2189 5076 2307 5126 huic
2340 5075 2506 5127 vidua:
2542 5075 2880 5126 traditurum.
2921 5074 3011 5128 llis
3052 5088 3181 5126 sane
3214 5074 3390 5128 verbis
3424 5073 3746 5139 promissum

2189 5178 2363 5217 usurse
2400 5163 2732 5216 remittenda:
2763 5164 3084 5217 continetur.
3119 5162 3192 5216 De
3221 5165 3403 5218 eodem
3429 5174 3555 5229 ergo
3585 5175 3751 5227 nego-

2190 5255 2260 5306 tio
2295 5254 2377 5306 his
2412 5254 2462 5304 in
2498 5253 2736 5322 epistolis
2765 5255 2957 5323 agitur.
2990 5252 3093 5305 Sed
3124 5269 3242 5308 cum
3270 5255 3602 5321 importunus
3629 5266 3747 5304 cre-

2189 5348 2330 5400 ditor
2365 5347 2467 5400 duo
2509 5347 2862 5416 promisisset,
2911 5359 3287 5400 concessurum
3329 5360 3388 5398 se
3439 5355 3645 5412 tempus
3691 5354 3749 5398 et

2185 5453 2370 5491 usuras
2399 5438 2754 5490 remissurum
2781 5453 2793 5500 ;
2827 5434 2908 5486 vel
2940 5433 3163 5491 Basilius
3210 5436 3287 5490 bis
3326 5434 3534 5504 scripsit
3565 5431 3748 5488 Hella-

2185 5529 2291 5593 dio,
2350 5530 2577 5598 primum
2605 5529 2822 5598 quidem
2871 5535 2927 5579 ut
2960 5536 3165 5598 tempus
3190 5528 3423 5590 daretur,
3462 5523 3651 5579 deinde
3685 5535 3744 5579 ut

2185 5632 2360 5672 usurze
2405 5619 2847 5672 remitterentur:
2883 5619 2963 5673 vel
2993 5620 3190 5674 idcirco
3226 5619 3289 5673 de
3321 5613 3498 5669 usuris
3534 5622 3743 5668 tantum

2246 5798 2316 5862 (ὁ)
2355 5798 2523 5860 Epist.
2559 5798 2677 5854 105.
