4038 6474
1570 418 1728 478 ἮΤΑ
1768 418 1826 473 S.

1930 415 2132 471 \SlLll.
3432 421 3480 464 Ct

220 549 480 620 loquitur,
510 548 655 620 quia,
692 557 980 617 antequam
1008 546 1242 599 mitteret
1268 540 1550 612 epistolam
1580 542 1647 595 ad
1678 540 1799 595 Hel-
1834 545 1875 601 Α
1909 541 1958 591 in
1998 539 2135 593 hanc
2174 536 2360 591 urbem
2404 531 2723 586 iutercludet
2757 528 3017 585 Enstatliii
3051 528 3297 599 perﬁdia,
3349 544 3469 597 qua:

222 642 446 707 ladium,
478 643 725 695 audierat
745 640 1069 694 creditarem
1099 652 1125 689 a
1156 636 1308 688 tidua
1335 632 1636 687 absolutum
1660 647 1801 695 esse,

228 747 327 788 nec
357 740 537 787 tamen
579 733 630 786 in
666 746 729 785 co
764 740 909 785 stare
942 725 1083 797 quod
1112 724 1349 779 secundo
1389 721 1506 776 loco
1539 722 1802 792 promise-

229 836 335 876 rat.

296 911 408 967 Has
448 920 630 966 autem
670 908 926 978 epistolas
961 906 1104 961 circa
1136 920 1335 960 annum
1382 904 1489 960 ’572
1514 912 1798 959 exeuntem

226 1003 456 1071 scriptas
506 998 846 1067 conjicimus,
893 997 1020 1066 quia
1068 996 1283 1063 scriptae
1330 1006 1458 1050 sunt
1515 1002 1803 1061 antequam

229 1093 459 1148 Basilius
504 1091 844 1146 timiditatem
876 1088 1021 1143 illam
1045 1086 1406 1157 deposuisset,
1435 1101 1554 1156 qure
1594 1085 1742 1139 illum
1772 1100 1803 1139 a

233 1181 537 1237 scribendis
583 1178 836 1250 prmfecto
887 1176 1080 1231 litteris
1120 1175 1446 1231 deterrebat.
1497 1174 1666 1228 Porro
1698 1188 1805 1227 non

230 1275 442 1329 videtur
469 1273 557 1327 illa
600 1271 856 1325 timiditas
895 1268 986 1324 diu
1041 1270 1164 1340 ejus
1206 1269 1387 1323 animo
1428 1268 1706 1330 insedisse,
1738 1281 1804 1320 ex

229 1382 337 1437 quo
364 1365 596 1437 gratiam
624 1364 738 1418 iniit
763 1378 793 1417 a
825 1362 1079 1433 praefecto
1118 1361 1258 1432 (iniit
1292 1369 1471 1413 autem
1501 1373 1644 1413 anno
1692 1356 1803 1413 372

234 1458 499 1527 ineunte),
526 1470 701 1524 neque
745 1455 977 1523 spatium
1031 1467 1171 1507 anno
1216 1451 1423 1522 longius
1454 1450 1808 1520 interponen-

233 1551 361 1605 dum
399 1549 544 1601 inter
585 1546 795 1600 initium
833 1546 1100 1600 scribendi
1131 1552 1185 1598 et
1223 1542 1528 1597 devinctum
1576 1543 1812 1595 benevo-

234 1642 394 1699 lentia
421 1640 664 1694 animum
695 1637 951 1707 pra-fecti.
989 1634 1090 1690 Tot
1114 1635 1257 1689 enim
1288 1635 1537 1689 homines
1567 1632 1812 1689 Modesto

232 1732 655 1798 commendavit,
690 1740 768 1785 tot
818 1732 883 1784 ad
915 1736 1040 1784 euiu
1078 1736 1287 1782 litteras
1324 1726 1489 1791 dedit,
1521 1737 1580 1781 ut
1620 1727 1671 1780 id
1706 1741 1809 1780 non

234 1820 480 1874 videatur
499 1818 758 1873 extremis
785 1816 907 1871 vita:
929 1818 1085 1872 annis
1109 1818 1415 1886 incmpisse.
1442 1817 1548 1872 Res
1569 1825 1716 1887 patet
1742 1831 1811 1871 ex

231 1911 473 1981 epistolis
514 1911 643 1975 279,
673 1909 802 1966 280.
843 1908 1070 1964 Videtur
1117 1911 1202 1965 his
1241 1910 1436 1964 litteris
1473 1909 1686 1963 initium
1714 1909 1811 1961 de-
1844 1902 1885 1957 B

234 2004 377 2059 disse
402 2003 681 2058 llelladius
710 2016 914 2067 eomes,
956 2016 1116 2072 quem
1151 2002 1439 2058 verisimile
1466 2013 1567 2068 eet,
1595 2001 1812 2071 cognita

219 2095 417 2153 cBasilii
450 2099 503 2151 in
529 2094 729 2152 Julitta:
759 2096 974 2167 negotio
996 2094 1302 2159 timiditate,
1336 2108 1435 2163 pro
1466 2108 1677 2148 summa
1714 2108 1813 2149 sua

233 2192 376 2262 apud
403 2190 720 2261 praefectum
742 2190 916 2261 gratia
946 2197 998 2243 et
1027 2187 1351 2241 auctoritate
1374 2201 1486 2241 rem
1510 2186 1811 2254 indicasse;

235 2286 381 2341 unde
415 2291 620 2350 ortum,
665 2293 725 2337 ut
759 2280 1015 2336 Basilium
1047 2278 1337 2348 praefectus
1367 2278 1641 2335 conﬁdere
1659 2279 1819 2350 jube-

237 2387 321 2432 ret
344 2391 411 2432 ac
434 2376 502 2431 ad
530 2390 590 2430 se
616 2374 872 2429 scribere.

310 2465 443 2522 Post
480 2474 587 2519 tam
623 2464 976 2520 honoriﬁcum
1016 2464 1327 2520 mandatum
1357 2464 1558 2534 scripta
1591 2463 1817 2534 epistola

238 2558 362 2622 110,
401 2558 457 2612 in
506 2571 633 2627 qua,
666 2572 761 2612 cur
797 2556 1059 2614 hactenus
1094 2558 1332 2613 scribere
1364 2571 1526 2611 ausus
1561 2570 1666 2609 non
1698 2556 1819 2609 fue-

236 2654 331 2720 rit,
359 2651 612 2723 quamvis
643 2650 930 2721 plurimum
957 2658 1199 2721 cuperet,
1242 2657 1403 2705 tanta:
1427 2647 1709 2717 potestatis
1735 2660 1822 2700 re-

236 2742 538 2799 verentiam
564 2750 810 2799 exettsat.
837 2739 1194 2796 Commendat
1240 2737 1401 2791 Tauri
1441 2736 1663 2800 incolas,
1714 2737 1823 2791 eis-

232 2847 344 2906 que
406 2832 574 2887 nimia
609 2830 740 2886 ferri
795 2831 996 2885 tributa
1046 2827 1403 2899 pendentibus
1432 2826 1821 2882 humanitatem

238 2924 485 2999 praefecti
522 2922 791 2994 implorat.
825 2920 882 2977 ln
934 2920 1180 2991 sequenti
1219 2917 1442 2987 epistola
1502 2933 1599 2987 pro
1649 2917 1825 2974 amico

239 3017 295 3071 in
340 3014 521 3070 sulam
553 3014 832 3072 accersito.
876 3021 931 3068 et
954 3011 1159 3067 idcirco
1186 3010 1287 3066 sibi
1326 3018 1597 3063 metuente
1638 3008 1824 3063 Mode-

238 3117 388 3165 stum
422 3114 595 3178 rogat.
644 3114 722 3170 ut,
760 3105 803 3160 si
843 3104 925 3159 vir
968 3104 1057 3159 ille
1088 3103 1219 3157 nihil
1265 3101 1531 3170 peccavit,
1579 3100 1827 3156 veritatis

242 3200 512 3256 beneﬁcio
540 3200 764 3261 vincat;
810 3195 856 3250 si
885 3195 1013 3265 quid
1055 3192 1318 3262 peccavit,
1352 3206 1447 3246 sua
1489 3206 1654 3247 causa
1697 3192 1749 3246 id
1778 3193 1826 3248 ei

1905 644 2047 683 anno
2086 628 2190 682 5ῖὸ
2216 626 2417 695 erupit.

1978 721 2039 778 ν.
2074 720 2359 777 Tarsensis
2390 717 2627 772 Ecclesia
2662 715 2759 785 (ιι),
2800 722 3016 768 mortuo
3038 711 3275 775 Silvano,
3298 713 3351 767 in
3372 727 3488 765 ma-

1907 832 2008 870 nus
2043 814 2422 869 haereticorum
2455 812 2693 877 delapsa.
2720 809 2918 860 luctum
2951 814 3005 860 et
3038 804 3268 875 gemitus
3297 804 3487 860 Basilii

1908 905 2207 976 presbyteri
2255 912 2641 959 commoverat.
2689 898 2794 954 Sed
2850 914 2953 952 non
3007 898 3235 952 defuere
3280 897 3484 966 egregii

1908 997 2229 1068 presbyteri,
2258 996 2346 1065 qui
2379 994 2536 1049 tidem
2577 994 2676 1047 sub
2709 992 2963 1045 haeretico
3001 991 3255 1061 episcopo
3291 988 3485 1045 defen-

1910 1093 2121 1156 derent,
2153 1099 2208 1143 et
2239 1089 2307 1143 ab
2327 1086 2444 1157 ejus
2474 1084 2854 1140 communione
2879 1082 3086 1150 plebem
3116 1092 3480 1145 removentes,

1910 1180 2206 1236 Eeclesiam
2242 1192 2338 1246 per
2367 1192 2426 1232 se
2449 1177 2545 1245 ipsi
2580 1185 2846 1246 regerent.
2876 1172 3077 1227 Nomen
3107 1171 3347 1227 haeretici
3374 1174 3491 1241 epi-

1911 1272 2056 1341 scopi
2090 1286 2194 1323 non
2231 1268 2502 1338 proditum
2530 1266 2823 1321 memor-ite.
2854 1264 2925 1319 At
2955 1278 3051 1318 nec
3079 1262 3336 1317 Basilium
3365 1279 3486 1318 cum

1909 1380 1974 1419 eo
2004 1362 2454 1426 communicasse,
2498 1373 2597 1413 nec
2645 1372 2892 1427 magnam
2937 1366 3147 1425 partem
3181 1355 3311 1411 cleri
3359 1355 3493 1410 Tar-

1912 1457 2106 1521 sensis,
2148 1453 2501 1523 perspicimus
2560 1466 2627 1507 ex
2674 1451 2871 1505 litteris
2926 1450 3029 1504 115
3087 1458 3143 1504 et
3194 1448 3315 1505 114.
3352 1448 3487 1502 Nata

1913 1551 2057 1605 enim
2088 1550 2227 1603 inter
2248 1563 2343 1603 eos
2374 1543 2762 1606 controversia,
2797 1558 2921 1596 cum
2950 1557 3115 1595 unum
3152 1557 3217 1597 ex
3250 1541 3488 1611 collegis,

1912 1641 2196 1713 Cyriaeum
2243 1632 2481 1703 nomine,
2527 1641 2835 1706 suspectum
2891 1635 3173 1696 haberent,
3224 1644 3282 1688 ut
3313 1634 3488 1689 minus

1916 1742 2063 1787 recte
2105 1731 2171 1785 de
2208 1729 2411 1800 Spiritu
2447 1736 2637 1783 sancto
2679 1724 3018 1791 sentientem,
3061 1725 3127 1779 ad
3156 1724 3334 1780 Basilii
3358 1740 3490 1779 cou-

1914 1824 2097 1879 silium
2126 1833 2179 1877 et
2212 1822 2588 1877 auctoritatem
2639 1819 3017 1889 confugerunt,
3055 1818 3235 1873 missis
3273 1820 3337 1872 ad
3368 1834 3492 1873 eum

1919 1934 1950 1975 e
1998 1933 2100 1974 suo
2131 1930 2354 1973 numero
2401 1913 2697 1969 nonnullis.
2767 1912 2943 1968 Unum
2998 1912 3217 1982 quidem
3251 1913 3497 1978 designat

1921 2012 2153 2068 Basilius
2176 2011 2331 2067 initio
2357 2012 2601 2081 epistolae
2622 2010 2745 2064 115.
2783 2004 2889 2062 Sed
2920 2006 3098 2077 plures
3129 2010 3321 2063 missos
3351 2021 3501 2079 patet

1921 2122 1987 2162 ex
2022 2108 2108 2163 his
2154 2105 2335 2162 verbis
2379 2103 2623 2175 epistolae
2651 2101 2953 2173 sequentis,
3005 2100 3293 2172 Postquam
3339 2104 3501 2175 igitur

1922 2215 2041 2252 cum
2072 2198 2325 2265 fratribus
2359 2210 2668 2265 congressus
2702 2210 2838 2248 sum.
2896 2193 3150 2259 Basilius,
3193 2204 3299 2251 tota
3351 2212 3409 2252 re
3433 2212 3501 2257 ex

1927 2291 2032 2346 illis
2054 2289 2288 2356 cognita,
2320 2286 2572 2357 privatim
2604 2284 2859 2340 nonnulla
2901 2285 3178 2350 disseruit,
3202 2302 3322 2355 quae
3358 2289 3499 2344 refe-

1925 2383 2090 2438 renda
2138 2379 2466 2452 presbyteris
2511 2376 2872 2431 Tarsensibus
2921 2378 3236 2439 mandabat.
3294 2381 3389 2435 sed
3448 2383 3502 2437 in

1927 2472 2176 2542 epistola,
2215 2487 2375 2540 quam
2417 2471 2483 2524 ad
2526 2484 2619 2525 eos
2645 2469 2881 2540 scripsit,
2913 2469 3054 2525 hanc
3085 2473 3337 2529 sedandae
3376 2488 3505 2529 cor.-

1927 2561 2207 2616 troversia:
2237 2562 2375 2614 viam
2427 2559 2544 2614 init.
2581 2558 2841 2626 Queritur
2872 2560 3014 2629 quod
3049 2560 3306 2618 Ecclesiae
3336 2565 3499 2633 mala,

1927 2668 2022 2708 sua
2068 2662 2259 2721 sponte
2311 2652 2655 2722 gravissima,
2709 2650 2937 2705 multum
2998 2664 3319 2723 augeantur,
3377 2657 3504 2713 dum

1929 2743 2075 2799 nulla
2105 2758 2231 2814 erga
2275 2742 2520 2799 inﬁrmos
2572 2742 2857 2797 adhibetur
2890 2744 3311 2811 commiseratio,
3366 2749 3506 2803 nulla

1931 2852 2185 2892 sanorum
2228 2836 2459 2891 fratrum
2495 2835 2756 2892 defensio.
2794 2835 2973 2902 Quare
3007 2852 3229 2895 necesse
3250 2855 3371 2896 esse
3397 2852 3509 2896 sta-

1932 2929 2056 2992 tuit,
2086 2936 2143 2980 ut
2163 2928 2360 2995 quibus
2387 2928 2439 2981 in
2467 2928 2626 2984 rebus
2648 2928 2841 2983 anima:
2866 2943 2972 2983 non
3010 2929 3298 2997 laiduntur,
3338 2935 3391 2989 in
3426 2936 3511 2991 bis

1934 3031 2031 3071 nos
2063 3016 2129 3071 ad
2170 3015 2494 3072 inﬁrmiores
2524 3019 2994 3075 accommodemus
3030 3038 3043 3075 :
3085 3036 3148 3077 ac
3178 3024 3402 3092 proinde
3431 3027 3513 3081 ni-

1934 3107 2009 3165 hil
2059 3109 2289 3179 amplius
2333 3110 2727 3180 exposcendum
2782 3124 2813 3163 a
2870 3109 3130 3167 fratribus
3186 3116 3510 3186 praescribit,

1937 3200 2043 3255 nisi
2068 3210 2126 3254 ut
2170 3200 2329 3255 fidem
2356 3199 2627 3255 Nicaeuam
2676 3201 2960 3271 recipiant,
2990 3217 3055 3258 ac
3096 3204 3358 3274 Spiritum
3382 3224 3512 3262 san-

242 3291 577 3348 remittstur.
614 3287 749 3342 Cum
808 3285 923 3340 bzec
974 3283 1236 3339 scriberet
1286 3283 1543 3349 Basilius,
1587 3283 1824 3339 nondum
1854 3266 1897 3325 (ἶ
1930 3301 2077 3346 clum
2121 3300 2426 3346 creaturam
2464 3291 2569 3345 dici
2603 3307 2708 3347 non
2746 3266 3020 3363 oportere,
3062 3302 3118 3348 et
3139 3266 3265 3363 eos,
3302 3299 3391 3367 qui
3427 3300 3512 3353 di-

240 3379 585 3451 Cappadocia
629 3391 697 3431 ex
734 3374 890 3431 malis
942 3374 1237 3445 provincia:
1284 3375 1548 3431 divisione
1604 3372 1823 3430 inﬂictis

242 3470 576 3541 emergebat,
608 3468 769 3539 idque
802 3468 1032 3526 Basilius
1060 3468 1263 3526 indicat
1292 3484 1396 3524 non
1427 3467 1677 3522 obscure.

319 3563 408 3620 IV.
437 3561 773 3617 Domitianus
806 3562 1050 3632 quidam,
1086 3563 1177 3633 qui
1217 3555 1268 3616 in
1294 3559 1464 3615 tribus
1489 3559 1705 3628 optimae
1737 3571 1832 3613 no-

244 3666 317 3713 tae
346 3654 627 3712 codicibus
672 3654 957 3726 presbyter
991 3655 1209 3721 dicitur,
1258 3653 1443 3708 Basilii
1489 3652 1833 3706 necessarius

246 3758 366 3806 erat
396 3747 466 3804 ab
493 3748 718 3817 antiquo
745 3761 813 3801 ex
847 3747 1185 3817 parentibus,
1229 3746 1301 3799 ita
1342 3753 1400 3796 ut
1435 3742 1570 3795 nihil
1597 3757 1626 3796 a
1661 3741 1833 3796 fratre

248 3838 516 3896 differret.
548 3837 599 3894 Is
624 3854 748 3894 cum
789 3836 1026 3908 graviter
1056 3843 1340 3905 peccasset
1386 3834 1439 3888 in
1468 3834 1645 3888 virum
1686 3849 1832 3906 pne-

247 3940 549 4005 potentem,
574 3931 944 3985 Andronicum
974 3929 1187 3993 ducem,
1220 3928 1556 3985 imminentis
1577 3928 1832 3997 supplicii

252 4034 402 4082 metu
434 4037 573 4095 pene
622 4031 869 4079 mortuus
927 4021 1189 4092 epistolas
1235 4036 1265 4076 a
1314 4021 1557 4092 pluribus
1600 4020 1836 4075 obtinuit

250 4118 427 4189 ipsius
447 4130 611 4173 causa
640 4113 1098 4186 supplicantibus,
1143 4114 1239 4170 sed
1269 4113 1455 4169 Basilii
1482 4111 1835 4167 commenda-

253 4215 456 4270 tionem
494 4213 652 4283 longe
675 4210 930 4267 omnibus
958 4207 1349 4278 praeferendam
1374 4221 1495 4261 esse
1521 4206 1701 4261 duxit.
1742 4204 1836 4261 Li-

251 4306 449 4363 benter
483 4318 615 4358 sane
645 4301 901 4365 Basilius,
953 4299 1056 4355 nisi
1087 4308 1141 4356 et
1168 4297 1417 4370 corporis
1458 4298 1754 4353 infirmitas
1783 4304 1837 4353 et

256 4393 455 4453 hiemis
480 4392 745 4447 molestiae
772 4392 1137 4459 obstitissent,
1171 4391 1546 4448 Andronicum
1593 4390 1836 4457 adiisset,

257 4499 370 4570 tum
408 4495 469 4541 ut
504 4484 808 4556 preeatoris
852 4500 1077 4541 munere
1111 4500 1207 4555 per
1246 4499 1305 4541 se
1344 4485 1459 4554 ipse
1496 4485 1834 4554 fungeretur,

260 4592 372 4636 tum
399 4588 459 4634 ut
500 4579 700 4636 veteris
735 4578 987 4649 promissi
1029 4579 1269 4634 debitum
1320 4578 1675 4649 persolveret.
1707 4579 1839 4635 Pro-

260 4670 485 4727 miserat
515 4671 661 4727 enim
692 4677 981 4725 venturum
1025 4683 1084 4723 se
1132 4671 1473 4736 Sehastiam;
1520 4669 1682 4741 idque
1725 4674 1835 4742 jam

258 4763 584 4833 perfecerat,
628 4762 725 4819 sed
761 4762 984 4817 minime
1018 4762 1228 4818 invenit
1258 4763 1648 4819 Andronicum.
1689 4764 1840 4819 Seri-

259 4855 337 4911 hit
375 4854 562 4924 itaque
604 4855 672 4909 ad
727 4869 849 4911 eum
904 4853 1378 4927 praeclarissimam
1420 4856 1725 4928 epistolam,
1777 4872 1841 4913 ac

259 4945 548 5018 exquisitis
594 4946 894 5003 rationibus
932 4946 1256 5018 persuadere
1299 4960 1553 5014 conatur,
1609 4958 1665 5003 ut
1728 4965 1842 5004 me-

263 5046 395 5103 tum,
421 5052 531 5107 quo
556 5034 758 5091 fractus
794 5046 848 5092 et
876 5048 1182 5109 prostratus
1206 5039 1426 5109 jacebat
1467 5040 1834 5104 Domitianus,

261 5129 393 5184 satis
419 5128 669 5199 supplicii
708 5142 830 5185 esse
860 5131 1153 5193 existimet,
1186 5146 1249 5186 ae
1276 5131 1487 5203 insigne
1531 5132 1842 5187 humanita-

264 5219 329 5274 tis
363 5222 637 5289 specimen
658 5222 804 5287 edat,
834 5224 1087 5279 omnibus
1105 5222 1536 5294 Cappadocibus,
1564 5225 1653 5294 qui
1678 5239 1842 5279 even-

266 5321 351 5367 tus
375 5313 784 5382 exspectatiOne
808 5316 1049 5384 suspensi
1090 5325 1270 5379 erant,
1307 5316 1652 5371 admirationi
1692 5315 1843 5373 futu-

266 5420 403 5459 rum.
443 5403 597 5460 lianc
619 5405 900 5473 epistolam
937 5404 1015 5477 (a)
1046 5422 1175 5462 cum
1210 5408 1558 5463 Tillemontio
1600 5408 1846 5464 referen-

266 5497 385 5550 dam
424 5497 553 5551 duxi
597 5499 664 5552 ad
696 5499 927 5553 hiemem
969 5498 1124 5565 hujus
1155 5501 1281 5554 anni
1312 5499 1441 5554 372.
1503 5498 1658 5555 Venit
1696 5501 1841 5556 enim

266 5586 573 5643 Sebastiam
602 5589 701 5644 hoc
728 5604 872 5645 anno
892 5589 1140 5653 Basilius,
1166 5591 1324 5659 eique
1350 5591 1609 5663 deinceps
1640 5591 1846 5649 aditum

337 5800 415 5868 (a)
448 5800 548 5867 Ep.
579 5799 701 5853 H2.

339 5865 412 5937 (lt)
440 5865 574 5936 sap.
609 5884 695 5933 ep.
720 5865 804 5918 54.

511 5960 762 6017 Panos.
836 5958 954 6017 (in.
1018 5955 1255 6015 XXIX.

1934 3396 2085 3449 cunt,
2126 3384 2193 3438 ad
2232 3382 2668 3440 communionem
2711 3384 3073 3441 admittendos
3106 3402 3209 3442 non
3253 3403 3377 3445 esse
3428 3389 3512 3446 fa-

1932 3483 2175 3529 leatttur.

2004 3565 2204 3620 Scribit
2245 3565 2315 3640 (cl
2372 3566 2536 3621 etiam
2582 3568 2649 3621 ad
2691 3569 2997 3640 Cyriacum,
3044 3570 3203 3641 eique
3235 3585 3425 3631 narrat
3456 3592 3515 3633 se

1935 3658 1989 3713 in
2028 3657 2288 3714 fratribus
2316 3674 2346 3715 e
2385 3660 2533 3715 clero
2557 3657 2811 3716 Tarsensi
2840 3663 3020 3718 missis
3052 3678 3304 3736 magnum
3333 3667 3513 3725 animo

1936 3751 2232 3807 advertisse
2280 3750 2400 3806 fidei
2456 3754 2709 3819 studium,
2761 3769 3123 3826 magnumque
3146 3758 3199 3811 in
3229 3758 3513 3829 Cyriacum

1938 3857 2217 3907 amorem;
2255 3856 2420 3910 seque
2468 3857 2567 3911 pro
2605 3858 2671 3897 eo
2718 3845 3092 3913 spopondisse,
3150 3860 3338 3900 sanam
3393 3862 3516 3904 esse

1940 3933 2080 3988 illius
2118 3933 2274 3986 ﬁdem
2309 3941 2364 3986 et
2409 3933 2674 3996 animum,
2710 3932 2777 3987 ad
2808 3932 2989 3987 omnia
3042 3947 3139 4003 pro
3177 3934 3283 3991 ﬁde
3328 3954 3517 4009 perpe-

1939 4024 2119 4080 tienda
2152 4033 2457 4094 promptum
2486 4032 2541 4077 et
2582 4031 2849 4093 paratum.
2891 4024 3100 4081 Rursus
3127 4041 3225 4096 pro
3257 4028 3515 4085 fratribus

1940 4117 2184 4186 spondet,
2218 4116 2261 4169 si
2298 4115 2456 4170 modo
2486 4115 2756 4171 Niczenam
2813 4117 2970 4172 ﬁdem
3011 4118 3261 4187 recipiat,
3314 4121 3516 4177 nullam

1942 4208 1995 4263 in
2020 4223 2081 4262 ea
2120 4222 2302 4262 vocem
2339 4206 2606 4275 rejiciens,
2642 4221 2803 4279 atque
2832 4209 2956 4262 huic
2986 4206 3107 4263 ﬁdei
3133 4212 3297 4266 addat
3348 4212 3521 4283 Spiri-

1943 4309 2053 4354 tum
2104 4308 2351 4351 sanctum
2389 4309 2695 4354 creaturam
2733 4298 2833 4351 dici
2868 4312 2972 4352 non
3003 4299 3225 4369 debere,
3259 4317 3358 4357 nec
3396 4318 3518 4358 cum

1942 4389 2031 4454 iis,
2077 4388 2167 4457 qui
2206 4388 2407 4453 dicunt,
2438 4388 2973 4457 communicandum,
3023 4391 3137 4446 fore
3183 4403 3241 4447 ut
3272 4394 3320 4447 ei
3361 4409 3520 4451 omne

1941 4481 2256 4550 obsequium
2292 4478 2490 4535 fratres
2511 4479 2820 4535 exhibeant.
2855 4479 2934 4536 Ex
2972 4482 3167 4552 quibus
3189 4485 3369 4539 verbis
3395 4486 3522 4541 illud

1942 4571 2119 4627 obiter
2141 4570 2394 4642 colligere
2418 4583 2726 4641 possumus,
2754 4570 3042 4641 Cyriaeum
3068 4575 3393 4629 auctoritate
3431 4576 3517 4630 iu-

1946 4672 2033 4720 ter
2062 4664 2196 4719 alios
2225 4662 2609 4733 prsccelluisse.

2021 4757 2135 4811 Non
2164 4755 2439 4825 pertinent
2478 4755 2600 4811 dua:
2626 4755 2728 4812 illa:
2770 4756 3010 4826 epistolae
3045 4759 3110 4812 ad
3139 4759 3287 4814 initia
3317 4761 3528 4832 episco-

1948 4858 2134 4919 patus;
2184 4857 2313 4905 tunc
2347 4848 2492 4904 enim
2539 4862 2644 4903 non
2691 4857 2973 4919 tantopere
3015 4849 3257 4906 fervebat
3306 4854 3375 4908 de
3408 4853 3526 4922 Spi-

1949 4942 2052 4996 ritu
2077 4950 2269 4996 sancto
2296 4941 2693 5007 controversia,
2724 4955 2824 4997 nec
2850 4944 3071 4998 deerant
3102 4945 3243 4998 inter
3268 4947 3527 5001 ortltouno

1949 5047 2073 5096 xos,
2110 5032 2201 5100 qui
2243 5032 2702 5088 consubstantiale
2734 5036 2975 5088 nondum
3009 5037 3341 5105 recepissent
3371 5048 3427 5091 ut
3458 5055 3529 5094 ex

1949 5126 2108 5195 epist.
2150 5124 2220 5179 52
2254 5127 2680 5182 observavimus.
2723 5129 2811 5191 At,
2848 5130 2972 5182 dum
3012 5128 3382 5185 scriberentur
3412 5132 3530 5186 diue

1946 5218 2049 5273 illa:
2081 5220 2340 5288 epistola,
2373 5223 2461 5275 vix
2488 5231 2804 5293 supererant
2846 5222 3039 5291 quibus
3068 5223 3350 5279 molestum
3381 5234 3529 5278 esset

1944 5310 2422 5367 consubstantiale.
2460 5312 2575 5367 Non
2608 5317 2879 5370 metuebat
2918 5316 3167 5381 Basilius,
3215 5330 3282 5369 ne
3316 5331 3523 5371 moram

1950 5406 2074 5460 huic
2129 5408 2204 5463 rei
2257 5406 2478 5463 afferret
2514 5409 2817 5479 Cyriacus;
2874 5414 2967 5466 sed
3017 5427 3114 5480 pro
3175 5424 3241 5466 eo
3304 5412 3534 5465 libenter

1946 5498 2261 5566 spondebat.
2304 5498 2580 5571 Praecipua
2624 5503 2768 5557 enim
2799 5515 2917 5556 erat
2945 5504 3013 5557 de
3056 5503 3260 5573 Spiritu
3314 5515 3522 5558 contru-

1948 5592 2124 5645 versia
2149 5592 2314 5646 etiam
2345 5595 2483 5649 inter
2526 5595 2855 5661 Catholicos,
2898 5598 3019 5649 aliis
3066 5595 3229 5651 Deum
3259 5573 3527 5665 appellan-

2036 5794 2108 5863 (ς)
2144 5793 2237 5862 εν.
2267 5795 2385 5847 tu.
