4038 6462
516 425 591 461 cu
1867 407 2379 463 PROLEGOMENA

521 523 645 576 dum
690 535 807 573 esse
847 518 1316 579 cottteudentibus,
1366 517 1487 573 aliis
1515 518 1851 573 divinitatem
1883 520 2097 589 quidem
2130 526 2176 582 Α
2208 520 2358 577 lanti.
2394 520 2488 576 Sin
2520 531 2698 575 autem
2741 529 2798 575 ut
2847 520 3168 592 deponatur,
3231 530 3489 591 tanquam
3537 522 3790 593 indignus

522 612 900 676 tribuentibus,
945 611 1036 664 sed
1080 621 1255 664 tamen
1301 612 1399 665 hac
1426 626 1558 666 voce
1591 612 1666 665 uti
1702 614 2096 668 recusantibus.

597 707 853 758 Videntur
901 713 1081 757 tamen
1136 714 1260 756 ante
1299 718 1501 757 annum
1539 703 1643 756 373
1683 705 1917 772 scriptag.
1966 704 2098 758 Nam

522 796 706 850 Basilii
734 796 987 865 querela},
1023 802 1167 863 quod
1201 796 1343 848 nulla
1377 797 1446 850 sit
1468 811 1591 865 erga
1636 796 1842 850 debiles
1874 795 2102 849 commi-

520 889 744 952 seratio,
782 888 921 941 nulla
955 903 1207 942 Sauorum
1240 889 1464 943 fratrum
1499 888 1757 949 defensio,
1809 887 1951 941 haud
1988 888 2103 941 scio

521 998 588 1035 an
623 996 716 1037 eos
753 990 994 1050 tangant,
1037 982 1232 1050 quibus
1278 982 1456 1035 Basilii
1491 984 1541 1035 in
1573 981 1913 1035 Eustathium
1956 980 2101 1048 ejus-

520 1087 626 1143 que
663 1074 951 1143 discipulos
987 1074 1179 1128 lenitas
1210 1090 1313 1127 non
1360 1074 1623 1143 placebat.
1677 1075 1945 1129 Prteterea
1994 1091 2097 1128 non

518 1166 842 1235 prmscribit,
882 1166 932 1219 id
959 1167 1101 1235 quod
1126 1167 1377 1234 deinceps
1402 1169 1548 1221 abeo
1577 1169 1876 1237 perspectis
1907 1168 2101 1222 Eusta—

522 1257 618 1312 thii
643 1257 783 1311 dolis
823 1260 1194 1327 praescriptum
1226 1260 1551 1328 videbimus,
1586 1270 1643 1315 ut
1704 1259 1943 1329 Spiritus
1969 1276 2099 1316 san-

521 1361 642 1406 ctus
674 1350 795 1406 cum
828 1351 987 1405 Patre
1015 1362 1071 1405 et
1114 1351 1249 1405 Filio
1285 1352 1634 1421 glorificetur.

595 1440 679 1495 Vl.
713 1442 967 1507 Quaedam
996 1443 1348 1512 Cappadociae
1364 1441 1605 1498 Ecclesia
1646 1444 1722 1515 (a)
1753 1460 1871 1498 cum
1904 1445 2099 1499 dudum

517 1533 771 1601 episcopo
801 1543 1034 1597 careret,
1070 1535 1343 1589 communi
1390 1550 1658 1589 consensu
1693 1536 1854 1605 elegit
1884 1552 2099 1590 servmn

520 1623 833 1693 Simplicia),
871 1624 1053 1677 divitis
1103 1636 1365 1677 matrona:
1398 1634 1451 1677 et
1484 1626 1532 1675 in
1566 1640 1831 1694 pauperes
1880 1625 2098 1679 munifi-

519 1730 617 1779 ce,
650 1716 742 1769 sed
786 1716 1008 1769 hazresis
1042 1716 1448 1784 suspicionibus
1476 1714 1768 1785 ﬂagrantis.
1820 1717 2005 1786 Itaque
2030 1719 2097 1771 ad

516 1803 771 1859 Basilium
816 1814 869 1859 et
928 1804 1249 1875 Gregorium
1299 1805 1398 1859 loci
1443 1806 1629 1862 incolae
1673 1810 1815 1862 hunc
1880 1824 2096 1863 servum

2204 613 2509 668 sacerdmio
2538 653 2552 675 ,
2592 613 2862 667 consentit
2894 615 3053 668 etiam
3080 624 3159 680 ut,
3189 616 3302 684 ipsa
3328 624 3594 684 praesente
3622 627 3789 685 atque

2203 705 2389 768 etiam,
2432 707 2473 757 si
2509 705 2743 769 libuerit,
2772 704 3071 774 iudicante,
3119 722 3207 762 res
3246 708 3619 776 episcoporum
3642 707 3787 778 judi-

2203 797 2287 851 cio
2313 796 2647 865 exploretur.

2274 887 2568 958 Simplicia:
2617 886 2756 942 servi
2813 886 3206 941 ordinationem
3258 904 3379 942 cum
3439 887 3788 944 Tillemontio

2206 978 2353 1033 circa
2392 982 2492 1034 hoc
2534 992 2765 1050 tempus,
2796 982 2846 1034 id
2877 990 2979 1043 est,
3019 981 3164 1033 circa
3192 996 3389 1034 annum
3425 980 3531 1035 372
3556 995 3647 1035 aut
3681 981 3788 1036 373

2204 1081 2475 1138 peractam
2523 1083 2794 1141 putamus.
2839 1071 2954 1126 Non
2992 1072 3133 1126 enim
3176 1071 3339 1125 citius
3390 1072 3645 1126 collocari
3684 1088 3785 1139 po-

2207 1173 2329 1225 test,
2384 1164 2506 1233 quia
2546 1164 2866 1233 Gregorium
2914 1166 3015 1219 hac
3068 1165 3118 1216 in
3171 1164 3509 1220 ordinatione
3542 1165 3782 1221 Basilius

2204 1252 2463 1322 collegam
2500 1253 2709 1308 habuit.
2762 1254 2947 1321 Neque
2989 1256 3148 1309 etiam
3198 1257 3368 1307 multo
3402 1256 3612 1322 serius;
3658 1271 3784 1311 cum

2200 1340 2491 1413 Gregorius
2537 1345 2827 1399 secesserit
2877 1344 3176 1399 Seleuciam
3232 1360 3373 1398 anno
3435 1344 3589 1399 375:
3646 1347 3788 1403 unde

2203 1448 2307 1487 non
2331 1434 2541 1488 videtur
2580 1446 2704 1491 ante
2733 1436 2917 1490 Basilii
2948 1447 3174 1489 mortem
3203 1451 3458 1505 egressu;
3486 1450 3630 1489 csse.

2280 1527 2388 1581 VII.
2438 1527 2648 1584 Charus
2702 1540 2818 1584 erat
2858 1530 3058 1583 Basilio
3111 1529 3309 1582 nobilis
3335 1528 3555 1597 quidam
3605 1528 3789 1583 adole-

2202 1634 2380 1683 scens,
2417 1622 2569 1690 cujus
2604 1622 2837 1691 majores
2865 1620 3228 1691 gubernacnla
3261 1622 3519 1685 civitatis,
3552 1628 3609 1673 ut
3644 1622 3787 1673 veri-

2201 1715 2378 1769 simile
2421 1722 2526 1776 est,
2568 1714 2922 1771 Caesariensis
2958 1724 3279 1779 tenuerant;
3323 1730 3455 1769 avus
3480 1725 3660 1769 autem
3691 1728 3789 1782 pa-

2202 1822 2391 1867 ternus
2446 1825 2593 1863 arma
2653 1820 2865 1864 secutus
2914 1810 3108 1863 fuerat.
3168 1810 3215 1864 Is
3272 1825 3340 1863 eo
3392 1808 3583 1879 majori
3641 1822 3788 1861 cura:

518 1898 861 1951 adduxerunt
892 1912 995 1949 non
1029 1898 1147 1951 sine
1182 1897 1455 1970 lacrymis,
1486 1910 1541 1953 ut
1584 1900 1732 1955 illum
1760 1902 1860 1955 sibi
1891 1903 2100 1970 episco-
2133 1881 2171 1935 Β
2201 1911 2318 1956 erat
2351 1899 2572 1965 Basilio,
2612 1901 2753 1970 quod
2790 1914 2910 1953 cum
2944 1914 3003 1953 se
3040 1908 3163 1953 voto
3191 1899 3515 1967 virginitatis
3540 1900 3785 1953 obstrin-

522 2006 647 2059 pum
676 1992 884 2044 darent.
927 1990 1252 2045 Annuerunt
1278 1994 1517 2062 cpismpi
1562 1992 1780 2048 fervidis
1828 1997 2096 2063 precibus,

512 2097 585 2137 ac
612 2097 828 2137 servmn
866 2083 1222 2137 reluctantem
1262 2096 1316 2139 et
1358 2087 1578 2140 invitum
1620 2089 1959 2151 ordinarunt,
1992 2104 2097 2142 non

518 2184 833 2245 exspectato
862 2177 1092 2231 domina:
1124 2192 1408 2242 consensu,
1460 2181 1549 2248 qui
1603 2190 1782 2236 tamen
1827 2197 1891 2236 eo
1932 2182 2100 2253 magis

524 2267 883 2338 requirendus
906 2268 1213 2333 videbatur,
1238 2276 1377 2339 quod
1410 2272 1553 2325 hera:
1576 2274 1716 2326 bona
1746 2273 1977 2329 famulus
2003 2275 2098 2328 ad-

513 2359 882 2413 ministrabat.
927 2359 1032 2415 Sed
1069 2361 1252 2414 hacin
1306 2378 1364 2414 re
1401 2361 1633 2417 Basilius
1679 2374 1733 2417 et
1782 2363 2095 2435 Gregorius,

514 2466 642 2506 cum
670 2450 961 2520 Simplicia!
1005 2452 1385 2507 liberalitatem
1435 2456 1535 2509 sibi
1572 2471 1732 2512 nosse
1758 2458 2094 2523 viderentur,

516 2540 821 2610 simplicius
845 2550 1091 2610 egerunt.
1138 2541 1239 2598 Ubi
1274 2544 1323 2598 id
1354 2546 1571 2600 rescivit
1596 2547 1853 2601 iracunda
1884 2548 2093 2612 mulier,

516 2630 673 2687 furiis
724 2634 775 2687 in
823 2631 1079 2687 Basilium
1133 2635 1369 2701 incensa,
1418 2641 1674 2693 conviciis
1723 2654 1844 2693 eum
1880 2641 2095 2710 aggredi

514 2727 703 2794 cmpit,
768 2727 962 2781 docere
1013 2728 1214 2783 audens
1281 2738 1337 2782 ut
1381 2729 1539 2783 omcii
1601 2732 1779 2784 minus
1839 2733 2093 2798 peritum.

516 2817 821 2885 Quinetiam
878 2820 929 2874 in
984 2836 1104 2875 cum
1166 2822 1427 2890 quosdam
1489 2822 1737 2876 homines
1783 2824 2094 2885 concitavit,

516 2923 655 2978 quos
680 2908 910 2964 Basilius
939 2911 1168 2965 lacertos
1191 2922 1245 2967 et
1293 2916 1510 2968 rubetas
1541 2915 1793 2983 appellat,
1821 2915 1871 2968 id
1896 2925 2003 2979 est,
2041 2924 2099 2968 ut

518 3001 709 3071 conjici
743 3010 920 3070 potest
966 3017 1033 3057 ex
1065 3003 1147 3058 his
1184 3020 1303 3074 qua:
1339 3016 1658 3075 sequuntur.
1696 3022 1881 3063 servos
1924 3017 1977 3062 et
2003 3022 2097 3062 eu-

517 3095 743 3151 nuchos.
782 3092 933 3149 Ilane
962 3093 1193 3149 Basilius
1229 3111 1337 3149 non
1366 3098 1727 3165 deprecando,
1759 3114 1864 3152 non
1901 3099 2096 3153 blande

514 3186 833 3256 appellando
855 3186 1265 3243 demulcendam
1289 3202 1409 3243 esse
1434 3190 1587 3243 duxit
1617 3206 1631 3242 :
1665 3190 1756 3243 sed
1787 3190 2092 3243 vehementi
2121 3220 2164 3279 ο

517 3286 675 3330 utens
707 3278 1148 3347 reprehensione,
1180 3280 1533 3344 demonstrat,
1563 3277 1772 3334 etiamsi
1810 3278 2091 3349 pecuniam

519 3381 682 3420 arena
743 3368 1013 3437 cepiosius
1042 3370 1353 3439 profundat,
1392 3372 1504 3425 Inec
1543 3387 1703 3440 opera
1750 3371 1888 3439 apud
1920 3370 2089 3425 Deum

516 3458 723 3526 impura
757 3475 900 3513 esse.
938 3462 1082 3514 Illius
1108 3463 1462 3517 contumelzas
1499 3463 1717 3518 silentio
1745 3465 1961 3534 premit,
1997 3463 2091 3519 sed

519 3553 767 3606 hortatur
802 3564 859 3607 ut
896 3554 1241 3624 semetipsam
1278 3557 1343 3609 de
1385 3555 1588 3624 judicio
1632 3556 1812 3610 divino
1844 3571 2089 3611 commo—

514 3651 658 3707 veat,
687 3658 850 3712 seque
873 3646 1065 3699 docere
1097 3646 1327 3712 desinat,
1360 3657 1416 3699 ut
1456 3648 1545 3713 qui
1584 3646 1753 3714 plura,
1783 3660 1940 3713 quam
1978 3646 2088 3713 illa,

513 3733 673 3797 sciat,
713 3749 810 3788 nec
844 3735 1074 3789 internis
1120 3736 1290 3804 Spinls
1323 3744 1429 3787 tam
1462 3734 1771 3798 sulfucetur,
1803 3750 1901 3788 nec
1938 3735 2093 3789 bonis

506 3830 704 3898 paucis
764 3829 1047 3899 decuplam
1119 3830 1380 3884 malitiam
1434 3830 1747 3885 admisceat.
1809 3828 2091 3883 Postremo

515 3922 795 3991 gloriatur,
831 3924 973 3992 quod
1010 3924 1111 3977 sibi
1162 3924 1430 3977 reddenda
1462 3923 1531 3975 sit
1570 3921 1707 3975 ratio
1738 3921 1789 3975 in
1820 3921 1911 3975 Dei
1945 3919 2094 3991 judi-

516 4016 621 4078 cio,
658 4012 709 4067 in
762 4029 869 4083 quo
919 4030 1021 4069 non
1073 4016 1214 4069 servi
1242 4024 1296 4069 et
1324 4014 1555 4068 eunuchi
1586 4022 1751 4069 testes
1784 4024 1966 4080 erunt,
1996 4014 2091 4070 sed

502 4106 639 4177 justi
672 4118 726 4163 et
746 4107 967 4179 perfecti
1011 4108 1133 4162 viri.

589 4196 680 4251 Sic
722 4212 1035 4266 compressa
1077 4197 1143 4249 ad
1202 4206 1412 4265 tempus
1468 4193 1710 4249 mulieris
1754 4192 2035 4248 insolentia
2072 4211 2087 4247 :

513 4292 752 4361 quandiu
794 4293 936 4346 enim
976 4289 1109 4343 vixit
1146 4288 1395 4354 Basilius,
1426 4286 1622 4341 mutire
1666 4299 1769 4340 non
1810 4298 1941 4336 ausa
1982 4293 2083 4337 est.

512 4387 584 4439 At
629 4398 694 4437 co
725 4392 941 4435 mortuo
970 4380 1034 4433 ad
1060 4380 1333 4450 ingenium
1363 4380 1541 4444 rediit,
1573 4388 1627 4434 et
1666 4379 1731 4433 ad
1770 4377 2090 4446 Gregorium

513 4490 576 4530 ea
617 4475 682 4527 de
726 4487 781 4526 re
809 4473 1052 4539 scripsit,
1095 4472 1495 4540 perhonorifice
1535 4472 1751 4541 quidem
1798 4472 1864 4526 de
1896 4467 2092 4525 Basilio

2205 1998 2394 2062 sisset,
2431 2004 2489 2049 ut
2521 2008 2586 2050 eo
2637 1994 2853 2047 nomine
2908 1992 3116 2061 gratior
3153 2002 3271 2045 erat
3316 2003 3369 2045 et
3421 1993 3659 2056 cbarior,
3711 1992 3787 2047 ita

2204 2088 2464 2157 naufragii
2506 2097 2706 2140 metum
2737 2086 2805 2139 ob
2842 2085 3015 2139 artatis
3042 2082 3228 2138 florem
3256 2082 3538 2137 afferebat.
3576 2083 3786 2151 Itaque,

2200 2196 2323 2234 cum
2358 2180 2597 2233 audisset
2622 2178 2851 2233 Basilius
2878 2192 3022 2242 eum,
3051 2176 3238 2231 relicto
3264 2176 3541 2230 beatorum
3586 2189 3786 2246 proge-

2203 2276 2441 2328 nitorum
2486 2274 2697 2335 ordine,
2731 2273 2795 2326 ad
2827 2288 2988 2326 avum
3020 2281 3307 2340 paternum
3343 2267 3704 2338 transfugere,
3732 2277 3785 2322 et

2200 2365 2535 2421 Brettanium
2568 2378 2665 2433 pro
2695 2362 2934 2417 Firmino
2963 2364 3076 2435 fieri
3110 2364 3267 2427 velle,
3298 2363 3555 2431 majorem
3590 2362 3641 2416 in
3671 2376 3787 2414 nm-

2200 2461 2328 2513 dum
2357 2456 2623 2514 sollicitus
2667 2454 2791 2508 fuit.
2825 2455 3110 2509 Auxerunt
3140 2455 3550 2510 sollicitudinem
3578 2454 3787 2509 brevis-

2203 2554 2354 2607 sima:
2407 2548 2638 2603 Firmini
2686 2543 2899 2610 litterae,
2940 2561 3062 2613 qua:
3110 2547 3323 2601 silentio
3377 2563 3476 2601 suo
3517 2546 3782 2618 pudorem

2202 2644 2320 2697 novi
2350 2641 2563 2698 consilii
2597 2640 2931 2695 iudicabant.
2970 2636 3171 2692 Scribit
3212 2638 3394 2705 itaque
3428 2639 3493 2692 ad
3542 2654 3685 2705 eum,
3724 2648 3784 2691 ut

2201 2737 2336 2791 nihil
2396 2738 2599 2806 pudore
2658 2736 2877 2806 dignum
2936 2732 3219 2803 suscipiat,
3248 2731 3341 2785 sed
3390 2732 3434 2785 si
3480 2733 3605 2800 quid
3639 2733 3786 2785 illius

2202 2836 2435 2881 mentem
2482 2828 2669 2892 subiit,
2706 2835 2917 2880 mature
2946 2824 3223 2884 emendet.
3251 2837 3311 2877 ac
3356 2821 3513 2891 longo
3534 2821 3652 2876 vale
3677 2822 3785 2875 mi-

2202 2918 2330 2973 litiae
2389 2929 2443 2973 et
2490 2920 2659 2973 armis
2692 2920 2835 2974 dicto
2896 2921 2950 2973 in
3000 2918 3234 2990 patriam
3289 2915 3494 2979 redeat,
3526 2913 3661 2968 satis
3716 2914 3785 2967 ad

2200 3013 2327 3066 vitae
2366 3011 2715 3066 securitatem
2767 3020 2824 3065 et
2861 3012 2927 3064 ad
2962 3025 3174 3065 omnem
3220 3008 3560 3079 splendorem
3592 3004 3785 3060 existi-

2200 3110 2377 3171 mens,
2414 3104 2555 3170 urbi,
2603 3105 2791 3159 itidem
2843 3116 2901 3158 ut
2928 3104 3182 3174 majores,
3226 3116 3461 3171 prmcsse
3509 3100 3612 3154 :id
3640 3100 3784 3168 quod

2200 3197 2312 3260 tibi,
2356 3196 2554 3263 inquit,
2610 3197 2742 3249 citra
2780 3197 3013 3250 laborem
3061 3194 3399 3248 obventurnm
3442 3189 3783 3261 conﬁdimus,

2200 3290 2529 3359 respicientes
2582 3301 2690 3343 tum
2736 3295 2803 3345 ad
2850 3295 3065 3345 idoneas
3114 3301 3317 3345 natura
3355 3294 3522 3354 dotes,
3572 3300 3681 3341 tum
3710 3289 3785 3341 ad

2195 3383 2596 3451 competitorum
2653 3382 2993 3449 paucitatem.
3039 3381 3320 3436 Postrema
3361 3379 3523 3433 verba
3572 3388 3786 3449 tempus

2196 3474 2439 3529 indicant
2468 3472 2747 3542 epistolae;
2779 3488 2899 3525 cum
2943 3475 3087 3525 enim
3124 3473 3368 3541 plerique
3404 3471 3779 3541 magistratus,

2194 3576 2288 3620 aut
2328 3566 2433 3619 alio
2477 3565 2623 3618 inviti
2667 3574 2847 3619 essent
2882 3564 3147 3628 translati,
3171 3573 3265 3615 aut
3297 3574 3488 3629 sponte
3529 3562 3782 3618 Caesarea

2194 3658 2607 3720 abscessissent,
2648 3656 2699 3710 id
2748 3659 2890 3727 quod
2930 3670 3075 3709 anno
3122 3653 3229 3708 372
3259 3651 3482 3713 factum,
3528 3644 3633 3706 non
3661 3666 3786 3707 erat

2194 3767 2291 3804 cur
2344 3750 2727 3819 competitores
2774 3760 3043 3805 metueret
3090 3746 3389 3803 Firminus.
3447 3745 3627 3812 Quare
3670 3760 3781 3799 non

2197 3841 2363 3895 multo
2398 3853 2519 3911 post
2559 3842 2917 3912 Cappadocia:
2963 3841 3282 3897 divisionem
3324 3838 3525 3907 scripta
3564 3836 3783 3892 videtur

2197 3935 2311 3990 haec
2334 3932 2581 4001 epistola.

2268 4023 2513 4091 Sequens
2546 4019 2776 4090 epistola
2823 4033 2930 4072 non
2966 4026 3049 4072 est
3100 4018 3328 4087 Basilii,
3375 4022 3468 4076 sed
3523 4020 3782 4085 Firmini,

2195 4118 2289 4189 qui
2326 4123 2605 4186 peccatum
2656 4112 2890 4183 ingenue
2944 4108 3166 4175 fatetur,
3202 4120 3258 4165 et
3306 4112 3505 4167 Basilio
3563 4115 3776 4182 gratias

2196 4210 2305 4280 agit
2331 4250 2346 4275 ,
2377 4207 2519 4277 quod
2562 4221 2620 4261 se
2646 4245 2661 4271 ,
2694 4214 2753 4259 ut
2799 4218 2897 4274 par
2928 4212 3076 4270 erat,
3106 4203 3496 4259 admonuisset.
3532 4203 3779 4259 Celerem

2197 4302 2570 4356 dimissionem
2622 4295 2903 4366 sperabat,
2954 4308 3053 4347 nec
3091 4294 3387 4364 quidquam
3421 4296 3489 4347 ad
3523 4307 3641 4347 eam
3672 4292 3777 4346 im-

2196 4390 2510 4461 petrandam
2552 4385 2860 4440 omittebat.
2900 4381 3006 4436 Sed
3041 4391 3223 4436 tamen
3265 4382 3504 4437 declarat
3549 4396 3609 4435 se
3665 4396 3777 4436 non

2198 4479 2405 4535 idcirco
2441 4477 2807 4531 discessurum
2838 4486 2866 4524 a
2897 4470 3203 4540 preposito,
3236 4472 3450 4527 etiamsi
3504 4468 3639 4524 nihil
3682 4469 3781 4533 im-

512 4567 759 4635 loqucns,
793 4564 885 4619 sed
917 4574 1092 4616 tamen
1122 4566 1473 4617 vehementer
1503 4564 1856 4629 contendens,
1891 4571 1947 4615 ut
1972 4576 2088 4617 ser-
2123 4580 2166 4636 ι)
2197 4574 2375 4639 ρειι-ει
2400 4565 2467 4621 ab
2494 4567 2855 4635 iniperatore._
2879 4559 3208 4617 Persuasum
3253 4562 3397 4616 enim
3423 4560 3527 4615 sibi
3555 4574 3681 4615 esse
3710 4560 3768 4614 in

512 4658 562 4709 vi
592 4654 859 4709 ordinatio
888 4654 1283 4721 antiquaretur.
1326 4652 1625 4707 Minabatur
1650 4653 1929 4708 saecularia
1949 4650 2093 4719 judi-

512 4750 633 4809 cia;
670 4758 722 4801 et
768 4748 861 4816 qui
921 4757 1311 4801 consenserant
1348 4746 1698 4809 ordinatioui,
1745 4746 2093 4813 negabantse

514 4840 878 4905 consensisse,
942 4850 999 4893 ut
1061 4838 1270 4894 mulieri
1306 4850 1736 4894 assentarentur.
1786 4837 2095 4908 Respondet

510 4934 559 4987 ei
595 4931 886 5002 Gregorius
912 4930 985 5001 (b)
1024 4932 1188 4984 nmlto
1230 4931 1399 4984 lenius
1441 4946 1602 4999 quam
1628 4930 1915 4998 scripserat
1948 4928 2093 4983 Basi-

512 5025 636 5079 lius.
670 5024 844 5093 Rogat
878 5032 935 5075 ut
954 5036 1075 5091 qum
1103 5022 1269 5075 Deum
1301 5022 1492 5091 opilms
1520 5024 1631 5077 suis
1658 5019 1885 5086 colebat,
1906 5020 2091 5077 Eccle-

510 5118 645 5170 siam
680 5114 982 5178 sacerdote,
1012 5112 1403 5180 pretiosissima
1438 5112 1683 5177 donario,
1716 5127 1820 5165 non
1859 5113 2092 5181 spoliet;

508 5209 679 5263 multo
719 5207 837 5277 plus
869 5206 1041 5260 laudis
1084 5220 1223 5259 nunc
1270 5206 1598 5270 habituram,
1643 5208 1686 5259 si
1722 5206 1881 5261 rebus
1907 5222 1967 5260 ea
2007 5208 2093 5262 in-

511 5299 755 5355 consulta
800 5298 967 5367 gestis
1018 5297 1349 5360 consentiat,
1403 5312 1567 5366 quant
1620 5300 1662 5352 si
1689 5308 1850 5351 antea
1898 5309 2081 5368 rogata

510 5390 892 5448 consensisset.
957 5390 1212 5445 Ilortatur
1278 5398 1334 5442 ut
1386 5391 1723 5459 suspiciones
1778 5390 1972 5461 fugiat,
2033 5402 2089 5450 et

510 5486 655 5555 quod
696 5484 975 5538 dicebatur
1022 5484 1146 5538 odio
1205 5481 1338 5552 fidei,
1374 5484 1651 5539 catholicae
1704 5489 1815 5539 haec
1876 5483 2080 5549 facere,

513 5578 655 5630 hunc
688 5589 959 5627 rumorem
1006 5574 1296 5643 propulset.
1338 5572 1486 5640 Quod
1521 5575 1569 5627 si
1596 5574 1729 5643 petit
1755 5584 1811 5629 ut
1844 5576 2078 5631 rationes

512 5669 699 5721 reddat
726 5666 976 5729 fatnulus,
1000 5666 1292 5721 assentitur
1314 5662 1609 5735 Gregorius
1638 5676 1693 5720 ut
1716 5681 1867 5735 aqua
1895 5678 2079 5740 postu-

594 5841 665 5909 (ι)
696 5842 825 5898 Nan.
861 5861 944 5912 ep.
980 5844 1069 5902 '58.

2199 4659 2463 4728 ejusmodi
2494 4658 2654 4711 rebus
2677 4654 2945 4725 potiorem
2985 4655 3145 4725 regiis
3186 4650 3455 4707 mandatis
3504 4666 3625 4707 esse
3675 4666 3781 4706 vo-

2201 4750 2485 4810 luntatem,
2521 4760 2679 4815 quam
2707 4744 2752 4798 si
2784 4744 3119 4795 immutatam
3160 4752 3207 4794 et
3236 4742 3527 4818 immotam,
3576 4739 3780 4806 inquit,

2200 4862 2231 4897 a
2255 4843 2520 4911 proposito
2548 4840 2665 4892 vita:
2703 4837 2950 4906 perfecta:
2996 4834 3284 4891 exhibuero
3304 4873 3320 4897 ,
3351 4831 3780 4903 inexpugnabilis

2202 4936 2347 4989 nobis
2374 4944 2420 4987 et
2446 4930 2767 4986 inviolabilis
2795 4928 2891 4982 Dei
2910 4928 3113 4981 auxilio
3136 4928 3233 4979 erit
3258 4926 3573 4996 virginitatis
3596 4932 3779 4976 custo-

2201 5026 2312 5080 dia.
2362 5023 2849 5079 Cnmniendaverat
2882 5022 2931 5075 ei
2980 5021 3209 5088 aliquem
3247 5018 3500 5082 Basilius,
3536 5029 3695 5085 quem
3723 5023 3782 5069 et

2200 5116 2434 5171 libenter
2462 5131 2490 5167 a
2522 5129 2579 5169 se
2599 5124 2881 5182 exceptum
2912 5122 2966 5167 et
2991 5112 3288 5166 amicorum
3337 5124 3561 5164 numero
3609 5108 3779 5161 ascri-

2198 5219 2350 5279 ptum
2382 5205 2551 5261 fuisse
2592 5216 2841 5260 testatur.

2272 5298 2406 5354 Cum
2437 5298 2697 5353 Basilium
2757 5296 3006 5353 inviserit
3051 5297 3276 5351 Iovinus
3325 5296 3611 5365 episcopus
3642 5294 3781 5348 Pct-

2198 5392 2308 5444 rhae
2340 5432 2355 5453 ,
2406 5404 2549 5443 anno
2601 5388 2705 5442 373
2736 5428 2751 5454 ,
2804 5388 2961 5457 paulo
3016 5396 3135 5457 post
3189 5388 3393 5442 Pascha
3429 5426 3443 5450 ,
3501 5386 3732 5455 epistola
3763 5430 3777 5450 ,

2197 5498 2303 5551 qua
2361 5498 2484 5537 eum
2542 5482 2778 5537 Basilius
2833 5490 2989 5551 urget
3023 5490 3081 5535 ut
3118 5482 3184 5534 ad
3232 5498 3293 5536 se
3359 5480 3581 5546 veniat,
3633 5494 3779 5532 anno

2195 5575 2302 5629 372
2354 5586 2625 5641 exeunte,
2698 5583 2792 5631 aut
2856 5574 3075 5631 ineunte
3132 5574 3282 5640 373,
3338 5573 3550 5629 videtur
3607 5573 3778 5630 collo-

2195 5669 2387 5724 cauda.

2273 5849 2347 5919 (b)
2370 5850 2501 5907 lbld.
