4038 6442
1630 379 1790 436 VITA
1825 378 1882 433 S.
1923 375 2193 431 BASlLll.

3428 394 3519 435 CIII

364 507 489 566 vm,
510 503 711 562 Basilio
741 504 806 557 ad
840 500 1207 572 episcopatum
1233 500 1620 555 Czesariensetn
1649 508 1838 554 evecta
1878 500 1925 554 Δ
1954 498 2191 563 insignes
2219 492 2586 561 injurias,non
2620 503 2726 548 tam
2756 492 2985 548 calidum
3013 493 3154 548 illius
3173 493 3513 549 defensorem

282 600 429 658 dedit
462 596 771 654 Eustathius
809 593 1140 651 Sebasteuns
1168 590 1242 661 (ιι)
1278 594 1413 647 duos
1444 606 1510 645 ex
1546 591 1661 645 suis
1688 605 1844 646 asce-

283 691 374 754 tis,
401 689 500 744 sub
527 686 706 752 specie
737 685 922 739 auxilii
971 691 1023 736 et
1054 681 1240 735 amicae
1287 680 1704 747 communionis,
1760 695 1847 734 re-

281 798 410 836 vera
447 788 505 833 ut
530 778 673 834 illius
702 782 946 835 actiones
971 772 1341 829 observarent.
1363 771 1569 826 Horum
1605 775 1848 836 nomina,

281 872 516 927 Basilius
546 884 600 924 et
633 870 998 940 Sophronius.
1033 866 1092 922 lli
1132 869 1428 922 manebant
1454 866 1506 917 iu
1535 864 1693 921 domo
1746 866 1852 919 Ba-

281 963 389 1019 silii
424 972 477 1017 et
512 964 797 1018 candidam
834 959 977 1013 illam
1007 962 1241 1015 animam
1270 956 1536 1011 simulatis
1570 957 1851 1013 charitatis

281 1056 627 1111 sermonibus
670 1052 942 1109 ludebant.
972 1052 1213 1107 Primum
1247 1049 1472 1103 Basilius
1499 1050 1567 1104 ob
1600 1050 1848 1103 decoram

281 1146 503 1215 pietatis
550 1145 741 1214 pellem
783 1143 903 1196 vita:
932 1158 1043 1198 stne
1077 1138 1385 1212 praesidium
1416 1153 1536 1194 esse
1562 1138 1788 1193 ducebat
1831 1154 1847 1203 ;

283 1235 512 1290 alterum
542 1236 711 1289 ﬁlium
745 1233 981 1303 appellat
1009 1235 1061 1286 in
1087 1231 1309 1299 epistola
1343 1231 1467 1287 105.
1495 1232 1601 1286 Sed
1636 1240 1692 1283 ut
1728 1230 1851 1283 ﬁcta

281 1330 466 1382 omnia
512 1326 689 1381 serius
739 1327 890 1380 ocius
923 1325 1115 1378 nudari
1153 1325 1352 1388 solent,
1384 1327 1598 1379 tandem
1630 1337 1659 1376 e
1692 1322 1853 1378 domo

281 1415 463 1473 Basilii
499 1431 816 1488 prorupere,
839 1430 1005 1485 seque
1028 1416 1289 1472 hactenus
1317 1419 1631 1472 immensam
1654 1430 1849 1485 quam-

281 1510 406 1561 dam
437 1505 543 1562 doli
569 1505 957 1562 etacerbitatis
1006 1508 1310 1573 voraginem
1349 1506 1653 1562 occultasse
1682 1547 1695 1571 ,
1754 1507 1855 1561 hac

281 1597 529 1653 illiberali
561 1597 681 1669 fuga
708 1596 1083 1653 ostenderunt.
1114 1597 1231 1652 Non
1264 1600 1425 1653 audet
1453 1613 1722 1663 exponere
1749 1598 1855 1652 Ba-

278 1688 436 1746 silius
466 1706 602 1761 quas
651 1689 720 1744 ab
771 1692 970 1745 eximio
1000 1689 1204 1744 Basilio
1235 1690 1592 1744 contumelias
1626 1706 1847 1759 accepe-

279 1782 357 1837 rit
392 1802 406 1839 :
436 1784 538 1838 sibi
567 1793 745 1836 autem
774 1782 945 1838 allicta
987 1798 1017 1837 a
1047 1781 1359 1852 Sophronio
1387 1782 1615 1836 crimina
1641 1797 1705 1837 eo
1731 1797 1855 1853 spe-

278 1884 431 1930 ctare
464 1874 615 1940 dicit,
651 1885 707 1929 ut
757 1875 1070 1931 Eustathius
1113 1890 1142 1928 a
1183 1889 1242 1929 se
1288 1874 1647 1929 abalienetur.
1676 1874 1854 1930 Testis

279 1965 384 2022 fuit
412 1965 570 2036 hujus
600 1968 838 2038 perﬁdiae
890 1975 999 2022 tota
1040 1966 1235 2022 civitas
1261 2005 1279 2033 ,
1323 1982 1657 2039 magnusque
1712 1969 1855 2023 risus

279 2059 490 2114 exstitit
532 2073 719 2114 eorum
748 2096 767 2124 ,
796 2059 887 2126 qui
920 2058 1061 2127 piam
1090 2059 1253 2113 vitam
1280 2058 1551 2127 oderant,
1598 2075 1696 2114 nec
1739 2060 1851 2130 jam

279 2149 574 2219 quidquam
606 2150 773 2221 magis
818 2162 1126 2222 suspectum
1158 2162 1296 2218 erat,
1328 2166 1490 2221 quam
1538 2153 1659 2206 vitae
1708 2168 1856 2209 asce-

281 2243 403 2297 ticre
428 2241 714 2311 professio.

349 2333 551 2390 Basilio
585 2334 660 2407 (b)
697 2344 903 2390 tantum
928 2336 1168 2391 dolorem
1194 2336 1388 2390 inussit
1417 2350 1628 2401 eorum,
1659 2336 1854 2405 quibus

278 2428 518 2483 maxime
554 2428 786 2493 ﬁdebat,
818 2429 1151 2496 deprehensa
1205 2428 1522 2497 improbitas
1553 2470 1568 2495 ,
1604 2439 1663 2483 ut
1714 2444 1853 2500 pene

276 2532 471 2575 omnes
498 2521 748 2575 homines
779 2518 827 2573 ei
879 2520 933 2573 in
985 2520 1348 2591 suspicionem
1404 2523 1670 2575 venirent.
1706 2521 1848 2575 Nihil

280 2626 464 2665 tamen
503 2610 570 2666 de
592 2610 877 2666 Eustathio
907 2621 1034 2667 tunc
1063 2614 1368 2681 suspicatus
1399 2614 1636 2678 videtur,
1659 2628 1855 2683 quam-

282 2702 361 2756 vis
392 2701 508 2771 ipse
537 2700 654 2757 fons
686 2711 830 2757 esset
855 2712 908 2757 et
947 2712 1108 2772 caput
1144 2703 1309 2758 totius
1334 2704 1496 2769 mali;
1530 2706 1626 2759 sed
1650 2707 1854 2762 veritus

278 2804 350 2847 ne
380 2790 525 2847 illius
556 2807 585 2846 a
639 2807 698 2847 se
733 2794 973 2847 animum
1006 2794 1309 2850 alienarent
1359 2795 1637 2865 discipuli,
1673 2808 1727 2851 et
1787 2798 1856 2853 ad

279 2882 649 2941 defensionem
673 2899 886 2950 eorum,
928 2901 1046 2956 qum
1078 2888 1318 2955 improbe
1348 2888 1613 2955 iecerant,
1646 2888 1854 2943 calum-

278 2974 401 3031 nias
452 2976 816 3042 adornarent;
871 2979 1016 3033 misit
1056 2978 1360 3033 Sebastiam
1399 2978 1627 3036 fratrem
1697 2998 1854 3037 suum

279 3066 524 3132 Petrum,
562 3079 623 3122 ut
656 3069 868 3139 singula
909 3082 1157 3124 narraret
1186 3069 1493 3139 Eustathio,
1522 3074 1682 3143 eique
1713 3076 1855 3129 scri-

276 3157 392 3230 psit
446 3158 713 3227 insignem
781 3158 1033 3213 omnibus
1085 3159 1371 3215 charitatis
1442 3160 1585 3216 uotis
1649 3162 1855 3231 episto-

280 3246 391 3303 lam
423 3288 441 3313 ,
477 3262 675 3318 rogans
731 3257 784 3301 ut
841 3264 937 3317 pro
977 3263 1075 3303 sua
1116 3247 1406 3317 prudentia
1458 3251 1659 3321 cogitet
1714 3266 1849 3321 quo-

296 3338 463 3393 modo
510 3339 748 3394 curanda
820 3342 929 3394 sint
987 3355 1107 3409 qua:
1158 3342 1401 3411 discipuli
1453 3354 1851 3411 peccaverant,

277 3441 346 3486 ac
402 3430 675 3485 charitate
728 3446 824 3486 sua
885 3440 1150 3500 astringat
1212 3435 1393 3500 potius
1455 3449 1577 3502 qua:
1640 3435 1852 3506 disjun-

278 3531 369 3577 cta
409 3530 537 3577 sunt
570 3563 587 3591 ,
636 3537 798 3593 quam
854 3538 977 3579 cum
1034 3524 1137 3579 illis
1192 3526 1260 3579 ad
1307 3524 1587 3581 dissidium
1639 3525 1855 3583 incum-

277 3611 394 3671 bat.

352 3705 644 3761 Existimat
669 3706 1045 3765 Tillemontius
1069 3710 1202 3767 duos
1227 3711 1347 3769 illos
1373 3723 1611 3783 ascetas,
1659 3716 1853 3771 saltem

278 3810 404 3851 eum
436 3800 528 3867 qui
563 3797 795 3856 Basilius
822 3804 1137 3866 vocabatur,
1170 3815 1325 3874 turpe
1369 3806 1573 3874 aliquid
1602 3818 1658 3861 et
1696 3808 1853 3878 igno-

282 3890 574 3944 miniosum
610 3893 969 3959 commisisse,
1014 3905 1299 3964 antequam
1332 3896 1517 3952 Basilii
1544 3900 1705 3953 domo
1758 3915 1856 3953 au-

280 3979 550 4051 fugerent.
580 3980 651 4038 At
686 3997 1025 4054 nequaquam
1052 3985 1103 4039 id
1130 3986 1399 4056 colligitur
1428 4004 1495 4043 ex
1528 3989 1702 4044 sancti
1751 3990 1857 4044 Ba-

278 4068 384 4122 silii
409 4070 647 4139 querelis
676 4112 692 4138 ,
728 4073 820 4142 qui
848 4074 956 4127 duo
990 4084 1199 4129 tantum
1225 4078 1305 4131 cis
1330 4078 1643 4147 exprobrat,
1671 4078 1855 4151 fugam

280 4162 618 4233 illiberalem,
655 4180 724 4220 ex
773 4181 876 4236 qua
925 4169 1142 4238 patebat
1175 4184 1269 4225 eos
1295 4172 1554 4227 hactenus
1583 4173 1727 4226 vultu
1760 4174 1843 4225 Iti-

279 4254 385 4307 lari
426 4272 488 4308 ac
512 4257 782 4311 simulatis
818 4258 1112 4313 dilectionis
1162 4264 1485 4317 sermonibus
1535 4262 1853 4317 immensam

277 4346 563 4414 quamdam
591 4348 699 4401 doli
719 4357 768 4401 et
784 4350 1087 4404 acerbitatis
1128 4354 1421 4421 voraginem
1462 4355 1637 4408 animo
1674 4355 1854 4408 occul-

279 4448 439 4501 tasse,
465 4444 521 4490 et
559 4438 920 4493 contumelias
969 4440 1071 4493 sibi
1106 4440 1279 4495 factas
1303 4457 1333 4495 a
1364 4441 1585 4509 Basilio,
1622 4445 1851 4500 crimina

1955 587 2141 640 fuisse.
2177 587 2354 652 Quare
2402 585 2673 641 immerito
2723 586 3098 642 Tillemontius
3128 588 3237 642 btet:
3274 586 3521 640 evenisse

1955 690 2109 747 putat
2151 680 2304 733 initio
2344 680 2470 731 anni
2503 679 2639 743 57-2,
2684 689 2811 734 ante
2835 687 3108 732 strenuam
3146 681 3289 734 illam
3325 680 3518 735 Eusta-

1956 772 2052 825 thii
2073 786 2246 825 causa:
2268 770 2654 834 defensionem,
2691 787 2846 839 quam
2872 772 3101 826 Basilius
3122 787 3300 825 coram
3332 775 3388 827 S.
3410 772 3522 827 Ille-

1956 864 2085 919 letio
2134 874 2187 917 et
2240 862 2471 918 Diodoro
2533 864 2848 933 presbytero
2889 868 3145 920 adversus
3187 865 3518 920 Theodotum

1955 958 2229 1026 suscepit;
2257 972 2379 1010 cum
2415 957 2618 1010 diceret
2666 956 2736 1027 (c)
2767 973 3072 1023 persuasum
3109 957 3207 1011 sibi
3246 974 3357 1011 esse
3392 974 3517 1011 con-

1946 1053 2211 1125 jecturam
2240 1049 2454 1117 facienti
2491 1065 2553 1102 ea:
2599 1049 2796 1117 reliqua
2843 1051 2937 1102 viri
2974 1051 3268 1107 constantia
3298 1092 3311 1116 ,
3347 1053 3521 1120 ipsum

1955 1148 2098 1198 haud
2135 1144 2209 1195 ita
2239 1143 2420 1195 leviter
2447 1145 2498 1195 in
2528 1145 2793 1194 t'nntraria
2818 1144 3165 1212 circumferri,
3197 1160 3359 1215 neque
3386 1161 3522 1196 nunc

1953 1236 2163 1302 quidem
2204 1234 2466 1302 confiteri,
2496 1250 2631 1285 nunc
2661 1247 2777 1284 vero
2821 1248 3007 1300 negare
3032 1250 3146 1300 quae
3184 1236 3405 1299 dixerit;
3433 1234 3525 1285 lto-

1956 1327 2146 1379 minem
2182 1328 2514 1380 mendacium
2564 1327 2616 1379 in
2660 1324 2811 1377 rebus
2861 1326 3123 1389 minimis,
3176 1340 3226 1377 ut
3275 1328 3525 1381 horribile

1955 1416 2239 1480 quiddam,
2290 1426 2612 1470 ttt'ersantem
2648 1433 2666 1481 ;
2717 1418 2905 1467 nedum
2945 1417 2997 1469 in
3052 1418 3199 1469 rebus
3241 1420 3371 1468 tanti
3413 1436 3525 1472 mo-

1956 1504 2114 1557 menti
2145 1521 2205 1555 ac
2234 1507 2304 1557 ita
2325 1509 2555 1560 omnium
2586 1508 2729 1577 fama
2761 1506 3034 1561 celebratis
3062 1508 3270 1561 veritati
3294 1525 3521 1578 unquam

1958 1598 2224 1651 adversari
2255 1598 2395 1651 velit.

2502 1711 2726 1767 CAI’U'I‘
2778 1714 2965 1769 XXVI.

1889 1845 1932 1900 Β
1960 1821 1997 1874 Ι.
2026 1822 2398 1900 Sanctissimus
2438 1828 2704 1900 presbyter
2740 1826 2982 1900 Crestirea
3027 1833 3241 1885 transit.
3276 1830 3377 1883 Per
3407 1849 3524 1885 eum

2032 1895 2137 1966 agit
2181 1893 2407 1947 Basilius
2453 1893 2805 1966 delegatione
2866 1897 3079 1954 Romam
3118 1905 3391 1956 mittenda.
3457 1901 3519 1955 II.

2030 1961 2263 2016 Faustus
2305 1961 2701 2018 ordinatur’ab
2750 1967 2996 2019 Ant/timo
3044 1982 3226 2026 contra
3273 1989 3519 2027 canones.

2031 2033 2113 2106 Ill.
2142 2032 2341 2086 Basilio
2369 2037 2610 2106 exsilium
2638 2037 2890 2106 imminet.
2935 2037 3065 2106 Ejus
3088 2043 3269 2096 littera:
3309 2044 3377 2095 ad
3415 2042 3522 2097 Ur—

2032 2104 2222 2156 bicium
2271 2116 2318 2158 et
2365 2104 2713 2160 Theodorum.
2768 2105 2853 2160 IV.
2891 2104 3003 2159 lter
3033 2109 3223 2163 Basilii
3254 2114 3306 2163 in
3337 2113 3522 2166 Arme-

2031 2175 2191 2247 niam.
2246 2175 2309 2227 V.
2361 2176 2607 2247 Atarbius
2664 2177 2938 2229 calumniis
2988 2182 3181 2247 appetit
3240 2181 3519 2236 Basiliam.

2030 2240 2149 2305 Ipse
2186 2248 2397 2298 Iitcresis
2429 2245 2744 2300 Sobel/iano!
2775 2240 3075 2301 accusatur.
3100 2250 3182 2302 V'l.
3206 2250 3359 2303 Hunc
3386 2251 3525 2305 Nco-

2030 2313 2389 2365 cwsariensem
2416 2318 2704 2383 episcopum
2746 2318 2909 2385 fuisse
2943 2320 3234 2373 ostenditur

2028 2419 2070 2475 Ι.
2106 2423 2265 2477 Anno
2296 2422 2420 2486 575.
2460 2438 2579 2478 cum
2611 2427 2899 2481 vehemens
2942 2444 3004 2482 ac
3040 2431 3193 2499 longa
3225 2432 3396 2487 hiems
3423 2433 3520 2487 ad-

1960 2515 2065 2571 huc
2118 2516 2380 2583 steviret,
2439 2516 2824 2576 Sanctissimus
2878 2520 3129 2576 Ecclesia:
3177 2524 3524 2579 Antiochena:

1958 2607 2237 2676 presbyter
2283 2607 2510 2662 contulit
2563 2624 2621 2664 se
2664 2610 2727 2663 ad
2784 2611 2844 2664 S.
2875 2610 3141 2666 Meletiutu
3178 2611 3231 2666 in
3263 2613 3517 2669 Armenia

1959 2696 2321 2755 exsulantem.
2353 2698 2601 2753 Caesarea
2645 2698 2720 2771 (ll)
2755 2702 3023 2755 transiens
3064 2718 3184 2756 cum
3230 2705 3425 2763 Basilio
3453 2707 3519 2761 de

1962 2786 2123 2841 rebus
2152 2787 2388 2845 Orientis
2412 2806 2475 2844 ac
2509 2790 2575 2845 de
2606 2792 2954 2861 paciﬁcaudis
2994 2794 3247 2849 Ecclesiis
3276 2813 3521 2851 commu-

1960 2880 2181 2934 nicavit.
2213 2881 2405 2937 Allata:
2428 2884 2591 2937 etiam
2625 2884 2828 2939 Basilio
2858 2886 3075 2941 fuerunt
3114 2898 3235 2944 ante
3262 2889 3403 2945 illius
3426 2893 3525 2947 ad-

1962 2980 2175 3026 ventum
2200 3014 2215 3038 ,
2258 2973 2341 3028 vel
2399 2974 2539 3027 torte
2571 2975 2735 3028 etiam
2774 2992 2871 3044 per
2906 2978 3078 3046 ipsum
3110 2979 3522 3035 Sanctissituum

1961 3061 2152 3116 littera:
2174 3061 2233 3115 S.
2257 3062 2475 3118 Eusebii
2509 3064 2936 3134 Samosatensis,
2965 3070 3055 3137 qui
3090 3070 3429 3139 hortabatur,
3463 3082 3521 3128 ut

1961 3152 2153 3206 iterum
2202 3154 2254 3206 in
2286 3153 2636 3211 Occidentem
2684 3159 2747 3212 de
2799 3162 2964 3214 certis
2995 3162 3315 3228 quibusdam
3349 3168 3523 3221 eccle-

1960 3244 2196 3299 siasticis
2219 3244 2380 3301 rebus
2406 3248 2759 3313 scriberetur,
2794 3266 2857 3304 ac
2886 3250 3141 3305 Basiliam
3178 3256 3423 3325 rogabat,
3464 3268 3522 3311 ut

1957 3336 2239 3408 epistolam
2270 3339 2384 3409 ipse
2410 3339 2694 3406 scriberet,
2715 3356 3010 3414 omnesque
3033 3347 3525 3404 communicatores

1957 3426 2377 3481 subscriberent.
2428 3425 2535 3483 Sed
2570 3429 2801 3485 Basilius
2825 3472 2841 3498 ,
2873 3448 2994 3486 cum
3032 3436 3208 3490 minus
3236 3438 3522 3505 reperiret,

1958 3520 2224 3587 quomodo
2260 3520 2344 3575 his
2372 3519 2439 3575 de
2487 3522 2648 3577 rebus
2702 3524 3021 3591 dissereret,
3050 3532 3523 3596 commentarium,

1957 3614 2100 3680 quod
2141 3614 2439 3690 Samosatis
2483 3616 2705 3668 missum
2742 3615 2919 3670 fuerat
2947 3658 2962 3680 ,
2997 3621 3143 3673 misit
3173 3622 3240 3674 ad
3267 3621 3324 3676 S.
3356 3622 3521 3677 Melc-

1960 3707 2117 3768 tiuut,
2146 3704 2322 3759 oblata
2370 3705 2624 3759 facultate
2660 3705 2996 3764 Sanctissitni
3019 3749 3033 3775 ,
3067 3726 3297 3782 eumque
3346 3724 3516 3785 rogat,

1960 3805 2017 3850 ιιι
2071 3797 2182 3864 ipse
2213 3797 2295 3851 his
2326 3798 2391 3853 de
2427 3799 2586 3854 rebus
2618 3801 2867 3867 scribat,
2898 3818 3176 3858 asseusmn
3232 3808 3520 3874 pollicetur

1960 3903 2025 3942 ac
2057 3904 2208 3943 suam
2237 3891 2398 3944 etiam
2452 3906 2671 3961 Operam
2698 3934 2713 3959 ,
2748 3905 2803 3948 ut
2843 3897 3104 3965 scriptum
3137 3900 3201 3950 ad
3227 3902 3523 3954 communi-

1960 3992 2176 4036 catores
2204 3982 2453 4037 celeriter
2482 3984 2810 4053 perferatur,
2846 3988 2918 4039 ita
2966 3997 3024 4039 ut
3069 3988 3113 4042 is
3144 3989 3232 4058 qui
3266 3989 3317 4043 in
3364 3991 3524 4047 Occi-

1960 4075 2171 4127 dentem
2206 4076 2377 4130 iturus
2402 4086 2529 4145 est,
2573 4093 2694 4131 cum
2740 4078 2982 4131 omnium
3035 4082 3524 4152 subscriptionibus

1959 4164 2229 4231 proﬁcisci
2256 4166 2443 4233 possit.

2031 4252 2315 4322 Presbyter
2342 4254 2428 4310 ille
2452 4252 2841 4311 Sanctissimus
2903 4259 3042 4313 idem
3101 4262 3338 4315 studium
3381 4280 3524 4319 anno

1960 4343 2064 4397 575
2095 4355 2156 4397 et
2198 4345 2328 4408 576,
2356 4346 2405 4398 in
2442 4344 2751 4416 colligendis
2773 4351 3143 4419 episcoporqu
3172 4357 3521 4427 subscriptio-

1961 4436 2117 4490 nibus
2134 4438 2399 4502 adhibuit,
2414 4440 2505 4492 sed
2526 4438 2758 4494 feliciore
2771 4458 3044 4497 successu.
3067 4445 3153 4499 Bis
3171 4449 3307 4501 enim
3329 4451 3523 4503 missus

280 4547 311 4586 a
341 4531 650 4602 Sophronio
679 4528 875 4585 allicta.
907 4529 1131 4587 Occulta
1179 4547 1309 4603 ergo
1331 4541 1447 4587 erat
1476 4534 1689 4591 illorum
1725 4548 1854 4593 ante
1887 4543 1931 4598 D
1963 4539 2046 4584 est
2084 4531 2135 4583 in
2165 4529 2511 4585 Occidentem
2543 4548 2663 4585 cum
2697 4533 3053 4589 Orientalium
3084 4538 3298 4605 litteris,
3329 4556 3525 4611 nempe

281 4623 603 4679 illiberalem
628 4621 810 4693 fugam
837 4624 1178 4695 improbitas.

351 4716 469 4772 Non
494 4716 731 4772 dissiluit
768 4715 871 4771 hoc
897 4727 1091 4773 eventu
1122 4718 1382 4773 Basilium
1413 4718 1555 4773 inter
1580 4728 1635 4774 et
1659 4719 1861 4775 Eusta-

280 4809 453 4864 thium
480 4810 747 4874 amicitia,
775 4810 870 4864 sed
912 4819 1087 4865 tamen
1119 4811 1453 4881 aliquantum
1485 4812 1739 4879 refrixit;
1778 4813 1858 4865 id-

279 4918 384 4973 que
407 4903 665 4973 colligere
690 4914 774 4959 est
805 4918 872 4958 ex
900 4904 1122 4973 epistola
1148 4904 1277 4972 225,
1310 4905 1398 4961 ubi
1425 4905 1675 4970 Basilius,
1708 4915 1859 4975 post-

279 5009 442 5063 quam
471 5006 749 5065 acceptum
784 5011 853 5051 ex
900 4996 1294 5065 Speculatorum
1329 4996 1550 5066 perﬁdia
1609 4998 1850 5051 dolorem

278 5085 579 5149 enarravit,
609 5085 723 5139 haec
764 5086 913 5140 addit
947 5104 962 5138 :
998 5085 1102 5140 Sed
1135 5098 1305 5140 tamen
1346 5087 1614 5141 videbatur
1637 5090 1844 5141 interim

279 5179 460 5249 aliqua
494 5179 643 5233 nobis
690 5178 858 5233 inesse
903 5179 1096 5248 species
1131 5181 1525 5233 consuetudinis
1552 5196 1669 5232 cum
1709 5181 1839 5245 illis,

278 5282 432 5342 atque
455 5271 619 5326 etiam
648 5269 1027 5337 disputationes
1044 5270 1239 5324 habita:
1262 5270 1396 5323 inter
1424 5288 1513 5324 nos
1535 5271 1598 5326 de
1623 5272 1849 5343 dogma-

280 5363 419 5417 tibus
457 5361 703 5416 semelet
732 5362 952 5426 iterum,
999 5378 1060 5415 ac
1086 5364 1183 5417 visi
1221 5378 1401 5415 sumus
1432 5363 1567 5416 inter
1601 5381 1693 5418 nos
1740 5382 1845 5418 non

274 5471 551 5527 pugnare,
587 5457 676 5511 sed
716 5456 1024 5510 consentire.
1074 5456 1169 5510 His
1214 5470 1342 5509 sane
1375 5471 1443 5510 ex
1496 5457 1673 5510 verbis
1702 5464 1849 5527 patet

279 5546 539 5602 Basiliutn
571 5555 693 5618 post
740 5558 995 5619 acceptas
1025 5564 1055 5603 a
1085 5547 1363 5619 discipulis
1408 5548 1678 5605 Eustathii
1736 5558 1846 5604 tam

350 5701 429 5775 (a)
454 5702 704 5775 sp.sas.

377 5777 431 5842 b)
455 5774 593 5829 una.

372 5845 421 5907 ι)
448 5845 546 5909 Ευ.
572 5844 662 5911 99,
703 5862 759 5902 n.
786 5846 859 5909 3..

1960 4623 2116 4677 annis
2144 4622 2247 4677 576
2278 4634 2329 4677 et
2359 4624 2482 4678 577.
2537 4626 2688 4681 Ilunc
2740 4627 3116 4683 Tillemontius
3165 4630 3229 4701 (e)
3274 4632 3342 4686 ob
3379 4632 3524 4687 Lati-

1963 4729 2090 4768 num
2120 4730 2310 4774 nomen
2343 4715 2655 4772 Occidentis
2687 4719 2866 4787 potius
2893 4758 2908 4784 ,
2942 4735 3100 4789 quam
3134 4721 3377 4777 Orientis
3405 4740 3525 4793 prc-

1961 4808 2236 4877 sbyterum
2288 4808 2455 4864 fuisse
2514 4811 2823 4879 suspicatur
2879 4830 2892 4865 :
2948 4814 3173 4883 ejusque
3233 4816 3520 4871 adventum

1962 4898 2287 4968 litterarum,
2327 4917 2465 4970 quas
2493 4918 2634 4955 anno
2662 4903 2766 4956 579.
2834 4906 3063 4961 Sabinus
3093 4923 3161 4962 ex
3189 4906 3405 4963 Oriente
3441 4924 3523 4963 re-

1958 4985 2175 5055 tulera't,
2209 4992 2443 5046 fructum
2488 4995 2657 5048 videri
2692 5009 2868 5063 posse.
2914 4999 2985 5051 De
3036 4999 3179 5053 illius
3209 5009 3384 5054 autem
3412 5003 3527 5054 col-

1960 5084 2297 5153 ligendorum
2331 5085 2789 5153 subscriptionum
2827 5090 3005 5144 studio
3053 5090 3259 5145 dubitat
3294 5133 3307 5155 ,
3345 5103 3524 5143 utrum

1958 5177 2011 5231 id
2045 5193 2139 5231 sua
2170 5188 2362 5247 sponte
2417 5179 2629 5242 fecerit,
2668 5195 2734 5231 an
2774 5182 3009 5249 acceptis
3061 5197 3088 5235 a
3139 5182 3375 5235 Romano
3408 5183 3523 5248 etr-

1958 5284 2122 5339 scopo
2172 5271 2459 5324 mandatis.
2505 5271 2609 5325 Sed
2662 5272 3045 5340 improbabiles
3073 5290 3290 5343 prorsus
3322 5274 3525 5325 doctis-

1960 5363 2081 5417 simi
2114 5365 2213 5416 viri
2238 5364 2583 5430 conjectum.
2610 5364 2729 5419 Non
2766 5367 2904 5420 enim
2933 5366 3109 5420 Roma
3140 5377 3362 5420 venerat
3388 5365 3522 5419 San-

1955 5456 2264 5517 ctissimus.
2295 5458 2385 5511 sed
2422 5457 2713 5513 Antiochia
2747 5498 2761 5521 ,
2793 5459 2961 5528 eique.
2990 5458 3318 5511 narrandum
3362 5456 3521 5509 relin—

1956 5547 2073 5617 quit
2121 5546 2351 5603 Basilius
2402 5550 2528 5618 qttid
2562 5550 2860 5605 Antiochiae
2912 5562 3209 5621 gereretur.
3244 5550 3366 5620 Ejus
3423 5549 3521 5603 vi.e

2028 5708 2107 5781 (ά)
2127 5709 2233 5781 sp.
2266 5710 2385 5781 tan.

2026 5778 2095 5849 (ε)
2124 5778 2279 5837 Tom.
2306 5780 2397 5846 IX,
2425 5794 2479 5851 p.
2508 5780 2632 5836 219.
