4038 6470
477 428 565 469 ειν
1820 397 2355 456 ΡΗΟΜΞΟΟΜΕΝΑ.

480 538 605 591 finis
632 542 749 589 erat
793 528 1059 587 Armenia:
1108 526 1281 589 locus,
1319 524 1407 578 ubi
1439 524 1719 580 exsulabat
1762 522 2006 577 Mclctius
2034 565 2049 588 ,
2081 526 2127 582 Α
2165 519 2297 572 inita
2328 520 2394 572 de
2421 532 2479 574 se
2507 516 2803 572 Antiochia:
2831 512 3050 570 consilia
3090 514 3240 569 brevi
3272 514 3337 567 ad
3368 512 3570 566 exitum
3602 530 3724 583 per-

481 642 541 684 ut
567 636 713 699 patet
741 642 805 681 ex
844 626 927 679 his
953 623 1131 676 verbis
1154 618 1397 687 epistolm
1431 618 1495 671 ad
1530 616 1869 672 Theodotum
1927 614 2002 685 (ιι)
2036 634 2048 668 ;

483 721 973 777 Desideratissimus
1043 716 1209 782 frater
1261 719 1438 764 noster
1481 707 1861 764 Sanctissimus
1907 724 2051 758 com-

483 819 755 889 presbyter
786 818 851 870 ad
886 829 979 867 vos
1022 827 1182 879 usque
1227 810 1324 860 iter
1347 807 1591 872 suscepit.
1624 802 1761 856 Hinc
1790 805 1877 855 diu
1917 802 2051 869 apud

483 910 759 966 Meletium
812 904 1030 960 mansit.
1067 902 1194 955 Erat
1240 914 1369 966 ergo
1409 896 1667 951 Ecclesia:
1707 895 2054 948 Aulim-beam

485 1005 766 1073 presbyter
794 1037 811 1061 ,
844 1005 937 1048 aut
962 1002 1108 1046 certe
1162 988 1412 1043 Ecclesiae
1454 984 1767 1047 Orientalis,
1796 1000 1915 1050 qua:
1974 982 2054 1033 bis

487 1072 635 1150 illum
678 1092 728 1145 in
762 1087 1109 1143 Occidentem
1163 1081 1328 1136 misit.
1382 1079 1566 1146 Neque
1598 1077 1728 1131 huic
1770 1072 2054 1128 sententia:

486 1188 667 1243 obstat
701 1196 895 1235 nomen
930 1178 1179 1232 Latinum
1216 1171 1579 1229 Sanrtissimi.
1615 1170 1748 1224 Nam
1780 1168 2053 1220 interdum

485 1274 746 1347 ejusmodi
810 1272 1027 1326 nomina
1084 1268 1324 1323 ferebant
1374 1261 1721 1323 Orientales,
1772 1258 1918 1311 velut
1968 1255 2055 1309 ille

490 1368 757 1423 Sacerdos
788 1362 1042 1419 Ecclesia:
1077 1354 1429 1416 Caesariensis
1471 1352 1777 1421 presbyter,
1836 1350 1901 1402 de
1951 1362 2056 1415 quo

484 1458 777 1529 Gregorius
836 1454 1208 1509 Nazianzenus
1261 1446 1313 1498 in
1365 1443 1605 1513 pluribus
1656 1439 1899 1509 epistolis
1931 1478 1944 1501 ,
2005 1446 2059 1489 et

486 1550 831 1607 Innocentius
884 1546 1167 1614 episcopus
1212 1536 1277 1591 ad
1341 1550 1500 1605 quem
1547 1533 1666 1587 dua:
1721 1530 1903 1586 Basilii
1939 1529 2057 1597 epi-

488 1644 657 1701 atolze.

559 1736 622 1788 ll.
660 1733 858 1786 Eadem
884 1731 947 1784 de
976 1742 1033 1782 re.
1072 1725 1230 1778 aliam
1258 1721 1442 1776 Basilii
1473 1717 1756 1788 epistolam
1782 1715 1846 1768 ad
1876 1712 2053 1766 Theo-

489 1828 673 1883 dotum
732 1821 1154 1891 Nieopolitanum
1210 1814 1282 1883 (b)
1344 1812 1561 1881 pertulit
1609 1806 1999 1865 Sanctissimus
2045 1824 2057 1858 :

491 1921 584 1975 sed
614 1920 667 1971 in
696 1917 957 1969 ambabus
985 1912 1049 1964 ad
1076 1912 1133 1965 S.
1170 1907 1437 1963 Meletium
1482 1916 1537 1958 et
1574 1901 1913 1957 Theodotum
1945 1898 2061 1965 cpi-

491 2011 643 2067 stolis
695 2005 837 2062 aliud
884 2005 1060 2073 agitur
1098 2000 1367 2070 negotium
1420 2012 1523 2051 non
1578 1992 1728 2063 parvi
1777 1990 2057 2044 momenti.

490 2104 686 2158 Pacem
717 2102 858 2152 anuo‘
881 2095 987 2148 572
1020 2098 1395 2158 composuerat
1456 2084 1689 2138 Basilius
1737 2082 1876 2134 inter
1905 2080 2063 2134 Sata-

492 2196 694 2249 lensem
722 2187 974 2257 populum
1006 2198 1057 2239 et
1084 2182 1394 2250 episcopum
1426 2173 1707 2245 Cyrillum.
1746 2170 1852 2225 Sed
1875 2179 2061 2240 postea

494 2283 774 2341 recruduit
806 2279 1019 2340 vulnus,
1051 2285 1103 2329 et
1141 2273 1372 2328 Faustus
1401 2269 1646 2338 quidam,
1678 2265 1768 2333 qui
1803 2273 2060 2318 eratcum

494 2392 656 2448 papa,
686 2375 735 2428 id
770 2382 874 2435 est,
901 2370 952 2424 in
994 2369 1154 2423 domo
1183 2364 1326 2418 illius
1353 2362 1452 2415 viri
1500 2359 1583 2415 vel
1626 2357 1873 2411 amicitia:
1902 2366 2063 2408 causa

496 2446 580 2526 vel
605 2468 669 2523 ad
701 2462 1062 2521 ministerium
1087 2457 1301 2528 aliquod
1328 2470 1431 2509 non
1460 2450 1692 2522 ignobile
1726 2446 2062 2506 versabatur,

497 2563 677 2619 attulit
709 2561 774 2614 ad
809 2556 1059 2611 Basilium
1093 2553 1299 2603 litteras
1326 2550 1393 2601 ab
1417 2548 1519 2602 hoc
1547 2558 1677 2615 papa
1698 2581 1711 2603 ,
1745 2538 1941 2607 quibus
1976 2551 2064 2591 ro-

496 2657 723 2727 gabatur
758 2649 1005 2709 Basilius,
1042 2657 1088 2705 α]
1124 2642 1386 2697 Faustum
1416 2639 1691 2694 ordinaret
1717 2632 2056 2700 episcopum.

496 2721 723 2815 Negavit
763 2739 994 2793 Basilius
1021 2752 1079 2791 se
1127 2735 1420 2805 quidquam
1478 2727 1740 2797 ejusmodi
1789 2721 2061 2778 facturum

499 2814 618 2894 sine
644 2833 949 2889 testimonio
975 2827 1238 2883 Theodoti
1283 2834 1337 2876 et
1381 2822 1606 2873 aliorum
1643 2817 1910 2872 Armenia:
1958 2814 2065 2881 epi-

499 2943 806 2997 scoporum.
841 2923 975 2976 Tum
1009 2920 1239 2973 Faustus
1258 2914 1322 2967 ad
1347 2912 1660 2965 Authimunt
1694 2908 2065 2975 'l'hyanensem

500 3038 559 3078 se
584 3017 831 3080 contulit,
861 3014 977 3082 qui,
998 3006 1245 3080 quamvis
1275 3019 1460 3075 pacem
1486 3017 1607 3056 cum
1631 2999 1832 3054 Basilio
1870 2997 2067 3051 dudum

502 3113 745 3175 fecisset,
786 3118 962 3161 tamen
1006 3102 1243 3157 oblatam
1270 3095 1556 3166 potestatis
1585 3107 1697 3147 suae
1753 3088 2069 3145 exercenda:

500 3198 847 3260 et'molestia:
886 3195 1085 3249 Basilio
1118 3189 1437 3246 exhibenda!
1484 3185 1827 3241 occasionem
1864 3196 1966 3235 non
1995 3179 2073 3233 di-

506 3290 674 3354 misit,
704 3303 769 3342 ac
819 3285 1077 3341 Faustum
1109 3277 1386 3335 ordinavit
1432 3276 1747 3344 episcopum
1792 3273 1843 3325 in
1898 3271 2072 3324 locum

506 3382 695 3454 Cyrilli
723 3419 738 3441 ,
769 3393 874 3432 non
905 3382 1218 3438 exspectato
1260 3371 1634 3434 episcoporum
1662 3360 1932 3415 Armenia:
1962 3357 2076 3410 suf-

507 3447 679 3540 fragio
707 3509 723 3535 ,
754 3478 808 3521 et
855 3462 1039 3519 Basilii
1095 3461 1145 3513 in
1200 3456 1500 3511 canonibus
1529 3448 1887 3506 observandis
1917 3447 2073 3500 irrisa

507 3558 806 3633 diligentia.
852 3555 1084 3610 Rediens
1114 3550 1345 3605 Faustus
1386 3547 1578 3601 iterum
1613 3544 1859 3598 Cresarea
1903 3548 2076 3592 trans-

511 3654 595 3718 iit,
613 3629 719 3705 vsed
753 3661 874 3702 eum
929 3642 1158 3698 Basilius
1197 3639 1262 3692 ad
1293 3634 1725 3693 communionem
1758 3645 1864 3684 non
1906 3629 2074 3683 admi-

514 3742 628 3805 sit,
676 3739 834 3807 eique
865 3734 1201 3790 denuntiavit
1232 3746 1291 3786 se
1319 3744 1440 3784 cum
1475 3742 1560 3791 eo,
1594 3725 1694 3779 nisi
1724 3723 1935 3777 litteras
1973 3720 2075 3773 Ar-

515 3828 1109 3899 rteniaaiepiscoporum
1139 3823 1330 3878 aﬂ‘erat
1355 3862 1369 3889 ,
1405 3833 1676 3888 nunquam
1706 3814 2076 3871 communica-

516 3934 695 3979 turum
721 3960 739 3987 ,
775 3934 838 3974 ac
875 3932 1001 3971 suos
1033 3916 1317 3970 unanimes
1356 3915 1408 3967 in
1460 3911 1703 3966 eamdem
1755 3904 2079 3963 sententiam

512 4014 892 4071 adducturum.
945 4005 1021 4061 Ne
1075 4005 1125 4059 id
1159 4006 1376 4074 quidem
1408 4001 1610 4055 Fausto
1657 4000 1883 4068 ejusque
1918 3996 2081 4051 sociis

513 4101 738 4160 honoris
773 4094 1235 4166 habuit‘Basilius,
1261 4100 1318 4145 ut
1345 4092 1424 4145 eis
1456 4088 1686 4157 aliquam
1712 4087 1778 4139 ad
1812 4084 2082 4138 Armeniae

512 4195 796 4263 episcopos
836 4184 1115 4257 epistolam
1178 4182 1543 4237 committeret
1586 4194 1601 4230 :
1640 4176 1733 4231 sed
1793 4186 2079 4245 postquam

515 4285 718 4348 abiere,
750 4277 1023 4335 Meletium
1064 4284 1118 4330 et
1142 4272 1480 4328 Theodotum
1515 4268 1679 4323 totius
1711 4266 1789 4320 rei
1820 4265 2082 4320 certiores

516 4374 648 4437 fecit
679 4387 776 4442 per
802 4368 1239 4426 Sanctissimuni.
1271 4363 1509 4418 Primum
1539 4367 1713 4430 rogat,
1753 4368 1809 4412 ut
1836 4358 1925 4411 det
1956 4371 2083 4427 ope—

513 4481 631 4522 ram
661 4481 728 4520 ne
758 4462 1038 4519 mendacia
1082 4461 1147 4516 ab
1189 4457 1450 4527 ejusmodi
1479 4453 1787 4509 hominibus
1821 4465 2084 4520 spargan-

2161 613 2376 665 ductum
2414 612 2499 663 iri.
2528 609 2657 662 Rem
2692 610 2877 676 paucis
2913 606 3116 660 indicat
3162 608 3213 659 in
3261 604 3484 675 epistola
3513 603 3578 656 ad
3622 604 3723 661 Me-

2155 703 2337 756 lelium
2375 701 2457 772 (d)
2502 720 2513 755 :
2555 713 2775 753 necesse
2828 714 2931 752 non
2963 697 3279 753 existimans
3311 697 3555 766 pluribus
3582 696 3721 749 edis-

2158 809 2361 856 serere,
2395 796 2537 862 quod
2572 792 2965 847 Sancti-simus
3010 788 3292 843 Antiochia
3323 803 3517 845 recens
3545 785 3725 858 profe-

2155 896 2277 940 ctus
2305 900 2525 937 narrare
2553 891 2782 953 poterat,
2809 896 2871 933 ac
2907 881 3045 934 forte
3070 885 3181 950 ipsa
3212 879 3376 933 etiam
3409 880 3552 935 fama
3584 892 3719 932 nun-

2157 978 2411 1030 tiaverat.
2465 975 2543 1029 Ad
2579 977 2716 1028 hanc
2755 972 2931 1026 exsilii
2967 973 3429 1040 exspectationem
3491 973 3724 1041 pertinet

2156 1063 2380 1132 cpistola
2418 1066 2481 1115 ad
2528 1063 2803 1117 Urbicium
2851 1062 3173 1115 monachum
3208 1060 3298 1131 (ε),
3330 1074 3489 1128 quem
3544 1066 3608 1116 ad
3666 1074 3724 1114 se

2158 1166 2442 1211 venturum
2478 1153 2705 1209 Basilius
2763 1167 3114 1224 speraverat,
3176 1155 3270 1208 sed
3321 1154 3562 1222 peccatis
3613 1154 3724 1209 suis

2158 1247 2435 1317 assignat,
2471 1247 2613 1316 quod
2647 1247 2749 1301 hoc
2778 1246 3038 1300 malorum
3084 1260 3305 1300 suorum
3356 1245 3553 1316 partim
3587 1262 3724 1313 pra:—

2159 1332 2431 1403 sentium,
2449 1340 2644 1409 partim
2680 1340 3106 1410 impendentium
3132 1340 3371 1395 solamen
3401 1352 3503 1393 non
3529 1338 3731 1395 habue-

2159 1431 2251 1486 rit.
2290 1430 2400 1483 llac
2445 1430 2712 1497 prmcipua
2742 1432 2912 1482 utitur
2935 1438 3013 1483 tot
3039 1442 3402 1482 aerumnarum
3433 1426 3720 1491 levatione,

2160 1533 2218 1574 ut
2248 1520 2476 1589 tempori
2511 1520 2690 1580 cedat,
2722 1535 2890 1587 seque
2945 1518 3381 1587 persecutoribus
3426 1519 3726 1581 subducat;

2162 1612 2255 1665 sed
2289 1624 2467 1665 tamen
2507 1622 2660 1677 urget
2693 1610 2967 1664 Urbicium
3015 1621 3065 1663 ut
3106 1610 3321 1664 tandem
3363 1610 3430 1662 ad
3462 1625 3521 1663 se
3551 1610 3732 1665 veniat

2163 1704 2246 1757 vel
2278 1703 2678 1765 conSUIaturas,
2712 1704 2790 1754 vel
2829 1701 3112 1757 consilium
3141 1703 3385 1767 daturus,
3410 1702 3493 1753 vel
3526 1702 3735 1769 profici-

2163 1807 2403 1851 scentem
2434 1796 2786 1851 deducturus.
2828 1792 2920 1847 llis
2973 1794 3255 1863 postremis
3298 1793 3478 1847 verbis
3537 1793 3737 1847 indicat

2171 1887 2459 1939 imminens
2485 1887 2769 1948 exsilium,
2795 1898 2857 1938 ac
2880 1898 3146 1937 summam
3172 1884 3237 1938 ab
3272 1884 3461 1936 amicis
3490 1882 3737 1938 solitudi-

2171 1994 2311 2031 nem.
2339 1976 2540 2030 Revera
2574 1976 2639 2027 ab
2663 1977 2779 2044 ejus
2805 1975 2963 2029 domo
2989 1991 3092 2030 non
3152 1978 3223 2030 ita
3274 1974 3481 2045 pridem
3514 1972 3740 2042 aufuge-

2172 2080 2294 2122 rant
2328 2067 2594 2123 Eustathii
2623 2068 2894 2135 discipuli,
2930 2084 3066 2136 quos
3107 2070 3325 2137 pietatis
3358 2070 3537 2136 specie
3582 2067 3741 2121 dece-

2171 2172 2292 2230 ptus
2319 2163 2443 2215 vitae
2474 2175 2580 2214 sua:
2609 2158 2863 2213 solatium
2901 2174 2965 2212 ac
3001 2161 3307 2227 praesidium
3336 2174 3458 2213 esse
3477 2159 3737 2213 ducebat.

2174 2253 2328 2308 Unde
2382 2254 2445 2307 ad
2495 2254 2595 2306 hoc
2629 2261 2838 2320 tempus
2884 2248 3225 2303 referendam
3276 2249 3586 2303 censuimus
3623 2249 3740 2314 epi-

2173 2346 2367 2400 stolam
2421 2349 2486 2399 ad
2519 2344 2895 2407 Theodorum,
2923 2356 3082 2411 quem
3120 2349 3270 2411 rogat
3305 2339 3537 2394 Basilius
3587 2339 3656 2408 (Ῑ)
3686 2348 3744 2391 ιιι

2172 2437 2239 2491 ad
2296 2451 2355 2491 se
2417 2438 2630 2501 veniat,
2682 2449 2847 2504 seque
2876 2434 3042 2489 vitam
3099 2433 3365 2501 ingratam
3413 2434 3629 2485 trahere
3671 2431 3743 2485 si-

2173 2528 2389 2598 gniticet
2416 2567 2430 2594 ,
2483 2542 2547 2582 eo
2585 2529 2726 2595 quod
2768 2528 2836 2583 ab
2870 2527 3058 2581 amicis
3107 2525 3407 2594 disjniictus
3455 2523 3546 2577 sit.
3577 2522 3740 2578 Vide-

2176 2632 2261 2674 tur
2318 2620 2404 2673 ille
2461 2618 2778 2673 Theodorus
2835 2618 3005 2673 fuisse
3043 2618 3337 2671 monachus
3370 2655 3385 2679 ,
3438 2626 3494 2671 et
3538 2616 3591 2670 in
3652 2632 3747 2670 eo-

2175 2712 2297 2769 dem
2358 2712 2684 2767 mouaslerio
2743 2726 2865 2765 cum
2914 2710 2981 2764 iis
3026 2710 3227 2762 vixisse
3256 2749 3271 2773 ,
3319 2723 3455 2778 quos
3512 2708 3743 2764 Basilius

2176 2804 2320 2859 illius
2380 2804 2578 2858 fratres
2640 2801 2915 2871 appellat,
2979 2816 3321 2870 quorumque
3380 2801 3434 2856 in
3504 2815 3745 2867 conspe-

2175 2906 2264 2951 ctu
2327 2896 2612 2965 imaginem
2669 2895 2839 2964 ipsius
2874 2894 3143 2949 Theodori
3195 2896 3294 2950 sibi
3341 2896 3488 2949 visus
3539 2902 3621 2947 est
3662 2894 3742 2945 in-

2178 2987 2335 3041 tueri.

2249 3080 2340 3137 IV.
2374 3080 2598 3153 Magnos
2638 3080 2897 3135 tumultus
2928 3081 2978 3133 in
3009 3080 3261 3135 Armenia
3288 3076 3542 3131 excitavit
3562 3075 3749 3130 Fausﬁ

2178 3175 2495 3241 ordinatio,
2546 3173 2637 3227 sed
2689 3182 2867 3226 tamen
2921 3172 3135 3225 videtur
3181 3168 3492 3222 Paemenius
3542 3167 3752 3223 Basilio

2178 3268 2463 3334 scripsisse
2497 3264 2821 3317 laudabilem
2853 3262 2996 3315 illius
3018 3274 3139 3315 esse
3168 3260 3334 3314 vitam
3367 3301 3381 3325 ,
3428 3278 3525 3317 nec
3559 3262 3749 3315 vitium

2175 3354 2537 3410 ordinationis
2563 3353 2887 3408 insanabile.
2913 3352 3077 3407 Forte
3103 3352 3290 3418 etiam,
3342 3363 3400 3408 ut
3422 3368 3543 3409 eum
3580 3368 3743 3422 roga-

2176 3458 2330 3502 verat
2380 3446 2613 3501 Basilius
2642 3488 2656 3510 ,
2692 3445 2827 3501 alios
2864 3447 3137 3502 Armenia:
3166 3448 3446 3517 episcopos
3469 3446 3534 3500 ad
3600 3446 3742 3499 idem

2178 3539 2548 3592 testimonium
2584 3537 2786 3592 Fausto
2818 3536 3161 3591 tribuendum
3186 3538 3429 3592 adduxit.
3467 3536 3613 3590 Unde
3640 3534 3743 3587 Ba-

2178 3633 2333 3686 silius
2379 3631 2481 3684 iter
2516 3630 2570 3682 in
2603 3630 2915 3682 Armeniam
2946 3630 3183 3696 suscepit
3219 3668 3232 3690 ,
3263 3639 3320 3681 ut
3344 3629 3419 3697 (g)
3465 3627 3605 3680 malo
3653 3628 3757 3681 ali-

2177 3725 2303 3792 quid
2333 3721 2554 3776 rcmedii
2593 3718 2832 3776 afferret.
2860 3719 3160 3772 Plurimum
3189 3718 3265 3788 (lt)
3297 3719 3552 3773 molestia:
3582 3722 3751 3775 susti—

2179 3816 2301 3871 nuit
2356 3811 2597 3882 Nicopoli
2629 3850 2644 3875 ,
2679 3812 2769 3865 sed
2803 3810 2853 3865 ei
2893 3810 2946 3864 in
2996 3811 3081 3864 his
3134 3825 3314 3865 rerum
3349 3809 3757 3867 difﬁcultatibus

2180 3906 2423 3962 versanti
2485 3912 2887 3973 peropportune
2928 3903 3243 3972 supervenit
3277 3901 3506 3958 Joviuus
3531 3901 3758 3961 Perrha:

2181 3998 2488 4067 episcopus,
2526 3995 2584 4049 S.
2621 3995 2833 4050 Eusebii
2862 3993 3269 4048 Saniosateusis
3307 3994 3627 4064 discipulus,
3657 3998 3753 4067 qui

2182 4091 2442 4145 Basilium
2469 4088 2671 4143 acriter
2694 4086 2911 4155 quidem
2945 4084 3208 4149 defendit,
3245 4088 3337 4139 sed
3380 4088 3653 4155 praecipue
3684 4089 3753 4141 ad

2187 4196 2453 4236 canonum
2479 4178 2853 4234 defensionem
2895 4176 3155 4229 incubuit.
3181 4175 3407 4229 Basilius
3434 4192 3536 4229 non
3560 4176 3612 4229 id
3638 4178 3762 4244 qui-

2191 4272 2314 4328 dem
2339 4271 2561 4325 omnino
2596 4278 2922 4322 consecutus
2960 4274 3045 4320 est
3068 4267 3211 4335 quod
3235 4266 3335 4319 sibi
3365 4278 3757 4334 proposuerat;

2194 4377 2319 4417 nam
2350 4375 2600 4417 reversus
2633 4358 2954 4423 Caesaream,
2988 4356 3072 4411 his
3101 4371 3223 4426 quas
3252 4358 3592 4428 contigerant
3620 4356 3760 4411 ami-

2190 4466 2334 4510 ctam
2373 4468 2493 4509 esse
2521 4451 2820 4508 Ecclesiam
2855 4449 3245 4505 Caesariensem
3283 4459 3338 4505 et
3384 4451 3764 4505 consolatione

517 4564 626 4623 tur,
658 4568 712 4614 et
735 4555 1001 4626 quomodo
1030 4566 1114 4607 res
1142 4560 1262 4605 acta
1313 4550 1383 4604 sit
1427 4548 1539 4617 ipse
1572 4546 1693 4600 aliis
1722 4544 1951 4599 nuntiet.
1996 4542 2084 4597 Vi-
2115 4580 2159 4636 Ι)
2192 4562 2355 4618 egere
2395 4554 2628 4601 testatur
2654 4545 2709 4598 in
2740 4543 2899 4613 epist.
2929 4541 3050 4609 126,
3081 4542 3174 4596 sed
3203 4552 3379 4595 tamen
3410 4542 3625 4595 videtur
3647 4542 3754 4595 an-

513 4654 673 4709 detur
715 4666 837 4705 cum
876 4649 961 4702 his
1008 4644 1216 4700 duabus
1248 4640 1489 4711 epistolis
1529 4638 1919 4694 Sanctissimus
1975 4645 2085 4692 ter-

518 4741 645 4797 tiam
669 4740 770 4810 (c),
797 4752 916 4808 quat
937 4744 1031 4791 est
1063 4734 1128 4788 ad
1160 4731 1491 4788 Pmmenium
1539 4727 1881 4784 Satalensem
1913 4767 1929 4792 ,
1961 4742 2085 4797 per-

518 4834 724 4890 tulisse.
746 4831 923 4900 Bogat
958 4829 1104 4883 illum
1129 4824 1382 4889 Basilius,
1414 4832 1471 4876 ut
1501 4823 1567 4875 ad
1595 4835 1655 4875 se
1683 4820 1885 4874 scribat
1908 4828 2086 4873 utrum

523 4941 612 4981 res
646 4924 827 4981 sanari
859 4936 1029 4976 necne
1057 4918 1228 4990 possit
1260 4933 1275 4969 :
1314 4930 1376 4969 ac
1407 4916 1451 4968 si
1483 4914 1646 4968 vitam
1680 4911 1865 4967 Fausti
1896 4911 2089 4966 lauda-

517 5017 683 5074 bilem
717 5015 971 5083 reperiat,
997 5012 1198 5065 tribuat
1248 5007 1298 5060 ei
1340 5005 1706 5061 testimonium
1742 5014 1798 5059 et
1828 5002 1965 5059 alios
2022 5003 2089 5058 ad

521 5108 662 5163 idem
725 5102 1031 5158 faciendum
1087 5102 1349 5153 hortetur.
1403 5095 1556 5162 Quod
1629 5096 1673 5150 si
1732 5093 1929 5149 malum
2002 5093 2084 5147 in-

520 5196 757 5255 sanabile
797 5193 1004 5263 judicet
1038 5231 1053 5254 ,
1093 5192 1144 5244 id
1198 5202 1411 5258 quoque
1456 5187 1522 5242 ad
1578 5202 1635 5242 se
1669 5186 1913 5253 scribat;
1964 5185 2087 5239 uul-

520 5294 630 5345 lam
677 5287 820 5345 enim
876 5300 936 5341 se
987 5282 1179 5339 Fausti
1237 5281 1487 5350 deinceps
1550 5281 1819 5335 rationem
1872 5278 2089 5333 habitu-

523 5396 668 5437 rum.

592 5472 678 5527 lll.
708 5471 844 5526 Tum
874 5484 993 5525 cum
1023 5470 1137 5525 haec
1186 5466 1446 5529 scriberet
1497 5461 1749 5520 Basilius
1776 5499 1792 5528 ,
1827 5460 2083 5530 sperabat

594 5631 671 5699 (α)
706 5629 802 5699 Ep.
829 5626 953 5699 tes,
982 5625 1111 5699 me.

596 5692 670 5771 (ὁ)
698 5692 791 5771 Ep.
943 5707 997 5751 et
1021 5696 1110 5761 99,
1147 5711 1199 5749 tt.
1237 5692 1292 5747 ι.

596 5768 666 5841 (ε)
697 5770 790 5841 ξυ-
822 5768 946 5841 ea

2190 4640 2317 4711 quid
2350 4636 2707 4710 promovisse.
2765 4634 2899 4688 Nam
2951 4642 3007 4688 et
3055 4633 3345 4703 plurimmn
3394 4633 3647 4687 utilitatis
3701 4649 3764 4689 se

2188 4730 2496 4802 percepisse
2526 4729 2659 4783 dicit
2692 4743 2754 4782 ex
2784 4724 2963 4780 Jovlni
3010 4726 3280 4792 adventu;
3318 4737 3371 4778 et
3399 4734 3647 4795 acceptas
3682 4727 3765 4780 in-

2184 4824 2354 4894 jurias
2380 4835 2601 4877 narrare
2617 4819 2781 4874 noluit
2803 4816 3033 4874 Eusebio
3050 4820 3104 4873 in
3127 4819 3285 4887 epist.
3306 4817 3427 4880 127,
3453 4833 3519 4871 ne
3545 4819 3765 4873 videre-

2192 4926 2281 4969 tur
2310 4914 2557 4970 homines
2610 4910 2713 4964 sibi
2745 4909 2951 4964 amicos
2983 4912 3177 4965 animis
3208 4910 3510 4966 immutatis
3560 4912 3760 4977 factos,

2190 5007 2361 5077 culpae
2448 5002 2960 5059 commemoratione
3056 5003 3461 5072 quodammodo
3549 5013 3761 5059 notare.

2200 5098 2333 5153 Sine
2366 5096 2572 5151 ratione
2601 5093 2977 5157 Tillemontius
3000 5095 3279 5149 Atarbium
3332 5095 3418 5149 his
3455 5096 3633 5151 verbis
3679 5096 3766 5150 vel

2200 5189 2534 5245 Theodotum
2616 5187 2888 5255 designari
2956 5195 3124 5257 putat.
3206 5188 3282 5241 De
3350 5188 3577 5243 Atarbio
3638 5202 3763 5241 mox

2198 5281 2497 5335 videbimus
2539 5294 2702 5348 quam
2759 5294 2864 5333 non
2911 5279 3115 5333 amicus
3161 5278 3359 5333 Basilio
3416 5278 3591 5332 factus
3656 5288 3764 5331 tam

2198 5372 2307 5426 cito
2334 5368 2514 5423 fuerit.
2551 5368 2597 5423 A
2657 5367 2931 5425 Theodoto
2969 5381 3146 5425 autem
3200 5370 3330 5426 nihil
3379 5368 3589 5424 molesti
3616 5369 3767 5422 vide-

2200 5470 2288 5514 tur
2340 5459 2586 5514 accidere
2632 5457 2868 5528 potuisse
2922 5457 3140 5525 Basilio,
3180 5474 3301 5515 cum
3360 5467 3585 5528 uterque
3617 5472 3766 5512 eam-

2267 5610 2339 5750 ξε)
2375 5611 2477 5681 Ερ.
2513 5611 2637 5666 tas.

2298 5683 2338 5749 ί)
2370 5682 2465 5750 Ερ.
2506 5682 2630 5734 tat.

2275 5691 2338 5750 υ)
2372 5691 2465 5765 Ep.
2506 5691 2630 5734 tu.

2275 5752 2348 5821 (g)
2387 5751 2481 5819 15p.
2524 5752 2646 5806 126.

2277 5820 2353 5892 (It)
2385 5820 2481 5891 Ep.
2511 5820 2635 5877 128.
