4038 6446
1574 395 1733 451 VITA
1776 394 1832 451 S.
1871 395 2133 452 BASILII.
3414 412 3477 455 ttv

238 524 359 579 dem
412 533 633 575 Causam
682 517 1032 583 defenderet,
1084 533 1145 571 ac
1197 514 1477 583 utriusque
1529 514 1649 581 jura
1714 530 1808 582 pa-
1841 518 1881 573 Α
1914 524 2029 567 erat
2068 513 2248 567 Basilii
2282 513 2731 583 consanguineus.
2767 524 2823 568 ut
2848 513 3031 568 videre
3063 522 3143 568 est
3168 514 3218 566 in
3254 517 3480 584 epistula

235 611 371 667 riter
414 607 647 664 fuissent
672 609 1016 662 ordinatione
1060 604 1240 659 Fausti
1280 603 1498 658 violata.
1538 602 1805 657 Praeterea

234 702 514 775 peramice
544 708 683 753 inter
710 713 768 753 se
812 698 1044 753 Basilius
1089 708 1143 751 et
1174 694 1483 750 Theodotus
1508 695 1571 749 de
1619 710 1807 763 propo-

236 797 414 850 nenda
473 790 751 847 Eustathio
797 790 921 845 ﬁdei
952 788 1176 843 formula
1230 787 1615 843 deliberarunt.
1648 784 1806 841 Solus

236 902 365 955 ergo
404 885 697 941 Anthimus
727 885 937 954 culpam
983 878 1285 935 sustinebat
1319 897 1332 934 :
1374 896 1437 934 ex
1488 895 1550 934 eo
1603 878 1802 931 malum

233 994 394 1034 omne
416 989 622 1045 ortum,
651 987 707 1031 ut
738 975 963 1046 perspici
993 983 1170 1043 potest
1202 990 1265 1028 ex
1296 972 1661 1040 superioribus
1690 972 1805 1038 epi~

236 1072 405 1135 stolis,
440 1072 491 1125 iu
520 1072 714 1140 quibus
766 1068 882 1133 ejus
921 1068 1111 1136 agendi
1147 1067 1284 1121 ratio
1328 1080 1431 1119 non
1464 1065 1652 1118 leviter
1682 1079 1804 1132 per-

236 1163 547 1227 stringitur.
603 1162 705 1215 Sed
740 1176 859 1214 cum
902 1159 1135 1215 Basilius
1178 1171 1323 1213 esset
1354 1158 1418 1211 ad
1453 1156 1802 1225 deponendas

237 1252 463 1321 injurias
492 1252 939 1320 prmuptissimus,
964 1255 1069 1306 cito
1095 1254 1141 1307 ei
1163 1252 1403 1321 placatus
1420 1258 1521 1313 est,
1551 1264 1647 1302 nec
1678 1263 1798 1302 eum

235 1345 286 1397 iu
319 1344 420 1398 hac
459 1347 524 1397 ad
564 1342 849 1396 Eusebium
878 1343 1103 1412 epistula
1137 1342 1662 1396 commemoratione
1688 1341 1803 1394 cul-

235 1449 315 1502 pa:
337 1444 531 1487 notare
555 1432 740 1498 voluit,
767 1434 891 1502 quia
917 1433 1030 1502 jam
1064 1443 1208 1487 sarta
1236 1441 1351 1487 erat
1394 1432 1534 1487 inter
1554 1446 1648 1486 eos
1677 1447 1801 1502 gra-

233 1527 333 1588 tia,
359 1525 445 1577 vel
470 1524 685 1591 saltem,
722 1525 766 1579 si
805 1525 1182 1580 nonnullorum
1211 1524 1454 1579 codicum
1483 1524 1801 1592 scripturam

234 1616 538 1679 sequimur,
568 1614 680 1680 jam
711 1617 904 1671 sarciri
950 1626 1165 1686 carpta;
1206 1616 1320 1671 sive
1370 1614 1668 1684 Nicopolim
1710 1628 1799 1668 ve-

233 1705 378 1759 nerit
405 1722 528 1757 cum
574 1704 773 1761 Basilio
805 1706 1116 1772 Antbimus,
1154 1709 1268 1763 sive
1291 1707 1588 1763 Caesaream
1622 1720 1802 1760 rever-

230 1813 349 1850 sum
402 1797 671 1864 inviserit,
705 1808 797 1851 aut
841 1798 1049 1867 aliquos
1100 1814 1166 1852 ex
1206 1800 1325 1851 suis
1376 1797 1604 1851 miserit.
1640 1794 1800 1849 Certe

1911 604 2121 669 210,n.
2154 604 2209 659 4.
2266 605 2335 658 At
2386 606 2604 674 querela
2660 615 2712 657 et
2772 605 3131 673 expostulatio
3190 605 3371 660 Basilii
3426 609 3478 661 in

1908 698 2067 763 epist.
2103 696 2193 759 6|,
2226 698 2369 766 quod
2398 697 2463 750 ad
2497 712 2555 749 se
2595 698 2852 767 majorem
2901 706 3027 749 natu
3070 698 3329 752 Atarbius
3371 715 3477 753 non

1909 791 2054 858 prior
2082 790 2424 858 scripsisset,
2456 801 2829 858 argumentum
2860 798 2944 843 est
2986 789 3369 847 iutercedentis
3398 792 3477 843 in-

1909 890 1992 933 ter
2019 895 2113 933 eos
2147 881 2375 949 alicujus
2401 880 2839 946 necessitudinis,
2874 880 2945 934 ita
2977 890 3033 934 ut
3056 880 3146 949 jus
3186 898 3341 937 suum
3378 882 3477 936 Ba-

1906 972 2059 1026 silius
2098 987 2202 1026 uon
2240 988 2305 1027 ex
2344 973 2488 1026 sedis
2525 972 2804 1040 dignitate,
2844 973 2961 1038 sed,
2996 984 3052 1028 ut
3089 975 3230 1027 inter
3259 976 3478 1043 propin-

1905 1079 2038 1129 quos
2063 1064 2174 1118 fieri
2204 1065 2362 1126 solet.
2394 1081 2457 1119 ex
2511 1074 2669 1119 aetate
2726 1076 3014 1132 repeteret.
3052 1066 3110 1120 2°
3140 1066 3301 1121 Multa
3341 1070 3472 1123 dicit

1908 1153 2134 1209 Basilius
2172 1156 2305 1208 etin
2345 1156 2444 1207 hac.
2508 1154 2732 1224 epistola
2785 1154 2905 1219 126,
2941 1165 2994 1209 et
3040 1157 3091 1209 in
3141 1162 3475 1226 sexagesima

1906 1244 2075 1313 prima
2098 1284 2113 1307 ,
2146 1260 2266 1314 qua:
2298 1244 2659 1300 Neocaesarea:
2711 1245 2902 1299 melius
2942 1248 3280 1305 conveniant.
3310 1264 3471 1317 quam

1909 1338 2154 1390 obscura:
2182 1336 2343 1390 alicui
2390 1337 2440 1390 in
2486 1338 2742 1391 Armenia
2780 1354 2842 1393 ac
2892 1339 3032 1393 forte
3062 1340 3222 1392 etiam
3258 1349 3475 1394 remota:

1906 1429 2134 1483 civitati.
2171 1428 2510 1484 Vicinitatem
2538 1431 2759 1495 iudicat,
2788 1432 2912 1485 dum
2946 1432 3229 1486 Atarbium
3268 1443 3470 1495 monet,

1906 1530 2149 1587 utparvu
2176 1519 2365 1574 itinere
2392 1518 2639 1576 confecto
2665 1522 2729 1574 ad
2770 1537 2827 1576 se
2853 1522 3049 1575 veniat.
3085 1521 3175 1577 Sic
3202 1538 3321 1576 eum
3347 1524 3474 1577 hor-

1906 1620 2050 1664 tatur
2081 1613 2133 1664 in
2157 1610 2384 1678 epistola
2409 1612 2469 1666 6|
2502 1614 2569 1667 ad
2596 1629 2781 1682 pacem
2812 1614 3178 1669 Ecclesiarum
3212 1616 3391 1669 studio
3419 1623 3474 1669 et

1904 1718 2066 1772 Opera
2117 1722 2212 1760 sua
2258 1706 2658 1770 stabiliendam,
2716 1718 2774 1760 ut
2816 1722 3024 1777 magnae
3065 1706 3227 1760 alicui
3267 1707 3470 1762 civitati

1904 1796 2157 1850 videatur
2208 1797 2509 1865 praefuisse.
2543 1796 2783 1851 Conatur
2827 1800 2989 1853 etiam
3034 1814 3100 1853 ex
3141 1798 3257 1866 ejus
3284 1800 3465 1855 animo

230 1900 351 1942 eum
380 1898 537 1943 vocat
558 1892 867 1945 unanimem
898 1906 1056 1945 suum
1085 1887 1317 1942 Basilius
1343 1888 1395 1941 in
1425 1888 1647 1955 epistola
1671 1886 1797 1952 2l0,
1830 1876 1872 1932 Β
1903 1888 2146 1940 eamdem
2179 1888 2486 1957 opinionem
2518 1888 2769 1953 evellere,
2795 1904 2954 1959 quam
2989 1888 3225 1943 Ponticis
3254 1891 3472 1960 episco-

230 1992 374 2031 anno
406 1978 513 2033 575
566 1980 789 2049 scripta.
829 1978 953 2033 Haec
1003 1988 1184 2030 autem
1235 1977 1351 2030 sive
1408 1976 1799 2040 reconciliatio,

230 2070 345 2125 sive
376 2072 837 2127 reconciliationis
870 2070 1020 2123 iuitia
1062 2078 1187 2121 ante
1210 2069 1438 2123 reditum
1465 2068 1640 2124 Joviui
1673 2084 1803 2123 con-

230 2162 495 2233 tigerunt.
541 2162 840 2216 Verisimile
872 2168 954 2215 est
979 2160 1122 2214 enim
1158 2158 1427 2225 Iovinum,
1457 2176 1618 2232 quem
1654 2171 1803 2215 tanto

228 2254 412 2307 studio
436 2254 759 2305 invitaverat
788 2250 1041 2315 Basilius,
1070 2268 1173 2307 non
1219 2254 1400 2307 statim
1428 2254 1495 2306 ab
1530 2268 1594 2307 eo
1618 2253 1802 2308 (limis-

230 2358 373 2406 sum,
405 2342 502 2395 sed
527 2342 828 2397 Caesaream
855 2344 1163 2410 deductum,
1199 2352 1257 2397 ut
1298 2344 1592 2399 Ecclesiam
1619 2345 1767 2399 Czesa
1788 2374 1800 2383 -

229 2436 468 2489 riensem
510 2434 787 2489 inviseret.
831 2436 878 2491 ls
907 2437 1098 2493 abiens
1127 2436 1311 2491 detulit
1351 2435 1631 2505 epistolam
1676 2435 1797 2500 127,

230 2542 351 2598 quae
374 2538 462 2583 est
486 2529 552 2582 ad
586 2527 644 2583 S.
682 2528 995 2584 Eusebium.

307 2618 369 2673 V.
402 2618 563 2675 Circa
612 2620 753 2674 idem
814 2628 1024 2689 tempus
1071 2621 1271 2688 scripta
1327 2618 1556 2687 epistola
1586 2620 1687 2675 l26
1735 2622 1800 2674 ad

229 2714 518 2767 Atarbium
549 2712 885 2782 episcopum,
916 2725 1147 2780 quocum
1185 2727 1242 2764 se
1289 2709 1518 2765 Basilius
1555 2711 1801 2783 Nicopoli

230 2821 672 2878 congressurum.
706 2815 758 2859 et
789 2806 855 2859 de
913 2804 1071 2858 rebus
1127 2804 1306 2873 magni
1355 2808 1610 2862 momenti
1653 2820 1804 2860 arm-

230 2916 351 2956 rum
376 2900 654 2967 sperabat.
686 2895 938 2949 Audierat
969 2895 1111 2949 enim
1132 2895 1411 2951 Atarbium
1447 2913 1507 2952 ea
1540 2900 1588 2952 iu
1630 2903 1799 2954 media

229 2990 461 3047 ecclesia
501 3002 691 3041 ausum
722 3000 843 3039 esse
886 3000 1003 3053 quae
1051 2990 1312 3042 hactenus
1354 2987 1591 3042 inaudita
1624 3002 1799 3055 erant,

232 3083 285 3139 id
311 3092 413 3147 est,
441 3090 500 3135 ut
531 3095 599 3134 ex
635 3078 718 3133 his
746 3094 864 3148 quae
909 3089 1209 3150 sequuntur
1279 3080 1614 3150 intelligitur,
1649 3081 1803 3135 Basi-

230 3176 361 3231 lium
386 3172 721 3243 gravissimis
736 3173 1075 3227 contumeliis
1096 3183 1147 3225 et
1171 3171 1430 3227 com'iciis
1476 3174 1802 3241 exagitasse.

228 3267 409 3336 Atque
435 3269 548 3321 hzec
578 3267 794 3336 quidem
823 3266 922 3321 etsi
965 3266 1146 3335 gravia
1172 3273 1226 3318 et
1261 3265 1485 3320 molesta
1510 3277 1684 3330 erant,
1732 3279 1805 3323 to-

230 3356 476 3415 lerabilia
527 3368 707 3413 tamen
762 3358 1107 3423 videbantur,
1177 3368 1362 3426 utpote
1420 3358 1473 3413 in
1530 3360 1803 3415 hominem

232 3463 407 3526 gesta,
444 3466 681 3522 eumque
711 3467 739 3505 a
775 3453 1014 3505 vindicta
1060 3452 1320 3517 alienum,
1357 3468 1455 3508 nec
1506 3455 1803 3523 quidquam

233 3546 409 3613 magis
434 3552 791 3605 metuentem,
826 3556 984 3610 quam
1023 3556 1090 3595 ne
1118 3542 1271 3611 culpa
1305 3556 1398 3594 sua
1429 3543 1629 3610 aliquid
1656 3544 1803 3596 noxii

234 3634 435 3704 papula
471 3633 564 3686 Dei
612 3633 848 3685 eveniat.
883 3632 953 3683 At
1008 3632 1212 3686 doloris
1259 3631 1505 3686 stimulus
1564 3635 1807 3689 acriores

238 3727 504 3787 admovit,
539 3725 682 3792 quod
733 3723 800 3776 ad
852 3735 973 3775 eum
1011 3722 1227 3791 quidam
1264 3723 1563 3779 honorandi
1609 3740 1672 3781 ac
1708 3724 1809 3781 [ide

235 3818 539 3890 dignissimi
594 3815 791 3871 fratres
836 3816 1167 3880 detulerant,
1199 3818 1482 3872 Atarbium
1543 3820 1811 3874 novitates

244 3911 301 3965 in
332 3910 491 3965 fidem
526 3909 801 3973 inducere,
837 3916 891 3961 et
925 3922 1069 3962 sana:
1111 3908 1231 3962 lidei
1286 3910 1579 3973 contraria,
1617 3924 1679 3963 ac
1708 3909 1808 3963 Sa-

235 4002 486 4058 bellianze
523 4001 750 4056 haeresis
784 3999 961 4053 aliinia
1003 4003 1217 4054 docere.
1249 3998 1342 4053 His
1380 4000 1443 4054 tle
1480 4001 1640 4055 rebus
1689 4016 1808 4054 cum

235 4091 463 4147 Atarbio
488 4090 723 4160 colloqui
753 4089 983 4152 volebat,
1000 4090 1092 4143 sed
1118 4105 1215 4143 suo
1246 4088 1546 4161 Nicopolim
1577 4094 1809 4146 adventu

235 4182 424 4237 didicit
468 4197 592 4236 eum
634 4194 844 4235 summa
877 4178 1152 4234 celeritate
1182 4182 1503 4237 excessisse.
1538 4182 1810 4238 Permole-

238 4286 381 4333 stum
413 4274 466 4328 id
519 4274 717 4329 Basilio
769 4277 1092 4337 accidit,ac
1124 4274 1213 4328 ubi
1267 4272 1569 4329 Ca:saream
1620 4278 1799 4339 rediit.

240 4368 460 4438 scripsit
481 4366 706 4420 Alarbio
756 4368 1041 4435 epistulam
1095 4364 1219 4431 126,
1250 4381 1482 4434 eumque
1522 4376 1723 4429 monet,
1756 4378 1813 4422 ut

241 4458 457 4513 modico
502 4457 699 4512 itinere
746 4455 999 4510 confecto
1046 4458 1111 4511 ad
1138 4473 1196 4511 se
1244 4457 1445 4520 veniat,
1474 4472 1536 4511 ac
1566 4457 1719 4526 plene
1750 4460 1816 4514 de

240 4550 325 4604 bis
354 4550 518 4603 rebus
538 4547 906 4613 satisfaciens,
926 4560 978 4600 et
1004 4562 1061 4601 se
1086 4560 1137 4602 et
1170 4547 1437 4601 Ecclesias
1464 4559 1573 4603 tmn
1610 4551 1671 4605 iis
1695 4566 1813 4619 qua:
1847 4568 1889 4622 ι)

255 4650 374 4695 acta
408 4637 646 4704 fuerant,
680 4651 791 4694 tum
847 4640 911 4693 iis
947 4655 1066 4709 qua:
1106 4643 1174 4695 ab
1209 4642 1432 4695 Atarbiu
1479 4643 1624 4699 dicta
1672 4645 1811 4698 fere-

243 4734 463 4796 bantur,
495 4731 725 4787 alllictas
751 4731 1084 4787 consoletur.

312 4821 402 4877 Vl.
434 4822 714 4877 Atarbium
741 4823 1061 4878 inArmeuia
1087 4824 1398 4897 episcopum
1431 4828 1593 4882 fuisse
1623 4830 1812 4883 existi-

242 4926 353 4969 mat
382 4913 793 4978 Tillemontius;
831 4929 951 4982 qua:
986 4917 1203 4985 quidem
1250 4920 1435 4986 opinio
1473 4920 1642 4989 prima
1689 4933 1783 4989 spe

243 5007 325 5061 cie
358 5007 645 5061 adtnodum
677 5006 987 5077 probabilis.
1026 5007 1072 5063 ls
1105 5009 1245 5063 enim
1285 5009 1581 5078 NiCOpolim
1620 5012 1682 5063 ad
1718 5026 1805 5081 sy-

244 5102 442 5154 nodum
466 5099 581 5155 sive
608 5100 673 5153 ad
692 5109 1017 5155 conventum
1048 5103 1214 5165 venit,
1243 5102 1397 5169 eique
1430 5101 1657 5155 Basilius
1687 5118 1815 5154 ven—

249 5202 428 5245 turqu
456 5206 516 5245 se
547 5189 599 5243 in
631 5204 938 5245 sermonem
1001 5190 1240 5262 Nic0puli
1286 5192 1554 5261 sperabat.
1589 5192 1690 5246 Sed
1735 5203 1812 5245 ta-

247 5294 369 5335 men
400 5280 599 5348 legitur
632 5281 685 5333 iu
720 5281 927 5336 duobus
982 5284 1371 5350 antiquissimis
1402 5283 1673 5338 codicibus
1704 5284 1810 5337 Me-

248 5373 417 5427 dicaeo
442 5382 497 5425 et
527 5371 874 5440 Coisliuiano,
893 5374 1166 5447 Ἀθαρὸίῳ
1195 5376 1641 5447 Νεοκαισαρείας,
1663 5377 1816 5429 Atar-

249 5465 329 5518 bio
360 5461 745 5521 Neoctesarea'.
798 5465 957 5523 Multa
988 5482 1118 5523 sane
1138 5479 1469 5523 concurrunt
1504 5470 1641 5524 hanc
1675 5470 1814 5525 scri-

248 5566 459 5625 pturam
500 5557 896 5615 conlirmantia.
940 5562 991 5615 l°
1031 5562 1477 5620 Neoczesarieusis
1522 5564 1810 5635 episcopus

324 5778 397 5911 ἔα)
443 5777 542 5845 Ep.
573 5777 699 5838 207,
732 5795 786 5832 η.
819 5781 868 5833 1.

350 5850 397 5911 h)
430 5847 528 5911 Ep.
558 5844 687 5908 ΞΜ,
720 5862 773 5898 ιι.
802 5847 828 5899 1

350 5850 397 5912 ιι)
430 5844 528 5913 sp.
558 5844 687 5908 θοι,
720 5862 773 5898 u.
802 5847 828 5899 t

1904 1979 1982 2045 pis
2008 1978 2239 2034 illusisse
2272 1979 2629 2048 perspicimus
2666 1996 2728 2034 ex
2763 1980 2981 2050 epistola
3006 1980 3135 2046 205,
3158 2000 3210 2036 u.
3240 1983 3289 2046 1,
3332 1994 3391 2038 ιιι
3416 2000 3475 2039 se

1903 2066 2135 2135 regionis
2165 2068 2269 2121 situ
2304 2072 2370 2122 ab
2422 2069 2686 2122 hzereticis
2728 2070 2976 2137 procellis
3024 2081 3187 2133 tutos.
3244 2072 3468 2127 aliorum

1902 2160 2281 2213 communione
2302 2162 2585 2215 crederent
2611 2176 2717 2214 non
2744 2162 3004 2231 indigere.
3024 2162 3083 2216 3°
3098 2161 3167 2217 Ut
3194 2163 3470 2217 Atarbium

1902 2248 1955 2301 in
1991 2249 2090 2301 hac
2121 2248 2369 2317 epistola,
2399 2250 2472 2301 ita
2502 2250 2553 2303 in
2586 2250 2755 2304 tribus
2792 2250 2931 2314 aliis,
2966 2268 3157 2321 neuipe
3183 2252 3310 2320 204,
3345 2252 3468 2313 207.

1900 2336 2025 2402 210,
2053 2335 2534 2391 Neoca'sariensem
2561 2340 2870 2408 episcopum
2898 2340 3217 2396 Sabelliante
3253 2343 3474 2397 haeresis

1902 2430 2119 2483 nomine
2149 2429 2382 2485 Basilius
2423 2440 2663 2485 accusat.
2688 2432 2743 2485 4⁸
2772 2431 2902 2487 Tota
2932 2433 3138 2488 Atarbii
3164 2436 3353 2506 agendi
3384 2451 3472 2489 ra-

1905 2519 1977 2573 tio
2004 2519 2495 2576 Neoczesariensem
2539 2522 2847 2591 episc0pum
2874 2526 3093 2577 omnino
3119 2524 3338 2580 redolet.
3372 2523 3477 2579 Ba-

1903 2610 2054 2666 silius
2098 2613 2351 2680 episcopo
2409 2611 2831 2668 Neocaesariensi
2880 2614 2932 2667 in
2981 2616 3223 2683 epistolis
3270 2616 3375 2673 θοι
3421 2626 3476 2672 et

1902 2703 2041 2768 207;
2067 2704 2205 2757 idem
2232 2718 2294 2757 ac
2340 2703 2564 2758 Atarbio
2606 2705 2657 2757 in
2704 2704 2806 2759 hac
2841 2704 2942 2759 ηδ
2984 2708 3297 2775 exprobrat,
3330 2708 3473 2776 quod

1905 2812 2057 2848 suum
2102 2793 2272 2864 fugiat
2302 2810 2671 2866 congressum.
2716 2798 2971 2852 Atarbius
2999 2797 3173 2852 media
3207 2799 3259 2852 iu
3300 2798 3474 2853 eccle-

1905 2886 1983 2938 sia
2015 2885 2265 2939 Basilium
2298 2888 2630 2956 gravissimis
2675 2890 3017 2943 contumeliis
3049 2890 3298 2944 vexabat.
3338 2889 3471 2944 Eum

1908 2974 2362 3033 Neoczesariensis
2411 2980 2695 3048 episcOpus
2738 2980 2816 3050 (a)
2849 2980 2899 3033 in
2943 2980 3297 3035 concionibus
3325 2981 3475 3035 omni

1908 3066 2317 3122 maledictorum
2350 3085 2544 3139 genere
2578 3072 2873 3135 lacerabat,
2911 3081 2963 3125 et
2986 3072 3199 3126 somnia
3231 3071 3476 3140 quadam

1909 3159 2011 3213 sibi
2043 3159 2300 3215 divinitus
2334 3162 2511 3215 oblata
2542 3162 2798 3229 tingebat,
2830 3172 2886 3215 ut
2914 3162 3170 3217 Basiliam
3204 3163 3255 3216 in
3305 3164 3478 3233 suspi-

1906 3255 2116 3307 cionem
2157 3267 2333 3321 pravae
2378 3253 2639 3307 doctrinae
2671 3263 2907 3307 vocaret.
2936 3254 3029 3307 His
3066 3255 3263 3308 addere
3291 3270 3477 3324 possu-

1909 3360 2028 3400 mus
2052 3360 2171 3413 qua:
2195 3359 2223 3396 a
2246 3342 2445 3399 Basilio
2491 3344 3018 3403 Neocaesariensibus
3038 3361 3335 3418 eorumque
3354 3348 3477 3403 duci

1907 3434 2300 3502 exprobrantur
2332 3435 2430 3505 (b),
2461 3436 2768 3491 diuturnum
2817 3438 3089 3492 silentium
3121 3447 3176 3493 et
3221 3439 3479 3509 producta

1909 3541 2004 3595 per
2032 3534 2199 3583 totam
2253 3529 2486 3583 hominis
2522 3529 2681 3583 vitam
2736 3530 2882 3584 odia.
2936 3529 3063 3585 Haec
3111 3531 3312 3600 optime
3346 3546 3479 3585 cou-

1912 3633 2112 3692 gruunt
2134 3621 2380 3689 Atarbio,
2412 3623 2500 3691 qui
2543 3623 2735 3680 litteris
2770 3626 3182 3695 perhonoritlcis
3218 3641 3247 3680 a
3281 3625 3479 3682 Basilio

1914 3729 2241 3786 provocatus
2272 3717 2342 3789 (r)
2374 3732 2480 3772 non
2525 3721 2682 3775 modo
2713 3737 2818 3776 non
2860 3720 3151 3789 respondit.
3182 3720 3276 3774 sed
3312 3723 3476 3774 etiam

1911 3821 2126 3861 omnem
2160 3807 2209 3860 in
2252 3806 2507 3861 Basiliam
2558 3812 2906 3865 acerbitatem
2930 3808 3137 3862 effudit.
3172 3807 3265 3864 His
3307 3810 3479 3866 ratio-

1914 3914 2039 3951 num
2074 3898 2384 3962 momentis.
2422 3902 2914 3957 vetustissimorum
2958 3902 3203 3957 codicum
3243 3903 3480 3957 auctori-

1913 3998 2024 4045 tate
2078 3990 2387 4060 conjunctis
2447 3993 2705 4058 adducor,
2741 4009 2799 4047 at
2846 3996 3129 4050 atarbium
3173 3995 3481 4067 episcopum

1913 4081 2404 4140 Neocaesariensem
2434 4084 2598 4141 fuisse
2626 4084 2951 4140 existimem.

2457 4173 2683 4231 CAPUT
2709 4176 2924 4233 XXVII.

1918 4263 1960 4318 l.
2010 4264 2279 4322 Formular
2310 4284 2341 4319 a
2381 4265 2441 4321 S.
2471 4264 2668 4322 Basilio
2686 4271 2966 4337 proposita!
2983 4268 3262 4322 subscribit
3288 4268 3482 4324 Eusta-

1993 4339 2151 4405 thius,
2177 4340 2265 4391 sed
2297 4338 2455 4404 paulo
2482 4350 2591 4402 post
2617 4340 2792 4392 omnia
2821 4347 3105 4405 perturbat.
3134 4338 3197 4391 ll.
3228 4337 3285 4393 S.
3314 4338 3485 4392 Eure-

1992 4409 2106 4461 bius
2135 4416 2423 4461 nascentem
2440 4408 2759 4462 discordiam
2784 4410 2964 4461 sedare
2980 4419 3221 4461 conatur.
3246 4406 3329 4461 Ill.
3375 4408 3485 4463 En-

1993 4479 2215 4531 stathius
2267 4494 2297 4530 a
2345 4477 2534 4531 Basilii
2573 4478 2931 4531 communione
2982 4477 3222 4543 discedit,
3267 4495 3485 4546 eumque

1992 4550 2191 4615 famoso
2233 4547 2403 4599 libello
2450 4549 2667 4601 lacerat.
2725 4546 2812 4601 IV.
2847 4546 2973 4601 Tres
3016 4565 3075 4601 ea
3114 4548 3177 4602 de
3202 4565 3255 4602 re
3294 4548 3485 4603 Basilii

1993 4619 2203 4671 litterte.
2257 4621 2372 4681 Quo
2428 4620 2551 4671 anni
2604 4628 2830 4682 tempore
2872 4620 2983 4672 hac
3030 4630 3149 4671 acta
3197 4628 3246 4671 et
3291 4633 3488 4683 scripta

1993 4698 2129 4741 sunt.
2154 4686 2214 4739 V.
2234 4686 2466 4741 Basilius
2496 4691 2720 4741 nondum
2739 4689 2867 4740 liber
2884 4690 2947 4740 ab
2969 4689 3143 4757 exsilii
3161 4689 3333 4757 minis.
3359 4688 3488 4757 Ejus

1992 4759 2246 4810 sententia
2267 4759 2329 4809 de
2347 4758 2528 4826 legatis
2552 4758 3067 4811 Ilomammittendis.
3105 4754 3294 4811 Scribit
3322 4754 3490 4812 Abra-

1994 4828 2097 4880 mia
2128 4844 2218 4895 per
2251 4828 2654 4882 Sanctissimum
2684 4826 3099 4896 epistolant'152.

1987 4919 2027 4976 l.
2072 4918 2502 4989 Nicopolitanum
2547 4920 2650 4974 iter
2694 4920 2903 4973 initium
2956 4920 3102 4974 dedit
3146 4920 3266 4974 aliis
3304 4918 3486 4984 rebus,

1920 5027 2039 5078 quae
2074 5013 2128 5066 in
2163 5010 2284 5065 Vita
2310 5012 2367 5066 S.
2405 5011 2587 5066 Basilii
2622 5020 2834 5066 exstant
2867 5023 2921 5067 et
2959 5010 3198 5066 emineat
3230 5011 3483 5065 maxime.

1922 5103 2046 5157 Post
2065 5103 2447 5174 discipulorum
2472 5103 2737 5158 Eustathii
2760 5102 2989 5165 facinus,
3012 5103 3151 5172 quod
3174 5117 3333 5172 supra
3357 5118 3492 5155 nar—

1924 5198 2184 5261 ravimus,
2216 5197 2433 5253 refrixit
2458 5198 2786 5267 aliquantum
2836 5193 3094 5250 Basilium
3123 5195 3264 5251 inter
3294 5204 3349 5249 et
3384 5195 3489 5249 Eu-

1923 5288 2184 5343 stathium
2240 5289 2503 5357 amicitia,
2538 5291 2632 5344 sed
2674 5300 2851 5341 tamen
2904 5287 3142 5357 speciem
3196 5286 3486 5356 quamdam

1925 5382 2065 5435 inter
2093 5395 2150 5433 se
2182 5382 2587 5435 c0nsuetudinis
2622 5379 2919 5435 retinebant
2940 5423 2956 5446 ,
2986 5394 3048 5435 ac
3093 5376 3261 5434 semel
3291 5387 3345 5433 et
3386 5378 3490 5434 ite-

1926 5488 2043 5527 rum
2090 5471 2162 5525 ita
2210 5472 2275 5528 de
2328 5475 2666 5545 dogmatibus
2701 5472 2953 5529 collocuti
2992 5480 3141 5537 sunt,
3178 5480 3236 5527 ut
3262 5471 3401 5525 inter
3432 5486 3494 5526 se

1926 5564 2233 5619 consentire
2290 5565 2618 5620 viderentur.
2655 5563 2767 5620 Duo
2820 5574 2999 5619 autem
3029 5563 3102 5618 illi
3156 5563 3221 5617 de
3270 5562 3495 5632 dogma-

1998 5778 2068 5845 (ε)
2099 5777 2194 5845 Ep.
2224 5778 2310 5830 et.
