  <div class='ocr_page' id='page_1' title='image "/cluster/home/n/w/nwhite01/storage/ocr_20150623/29/ien.35556001660547/118.png"; bbox 0 0 4038 6454; ppageno 0'>
   <div class='ocr_carea' id='block_1_1' title="bbox 544 422 631 464">
    <p class='ocr_par' dir='ltr' id='par_1_1' title="bbox 544 422 631 464">
     <span class='ocr_line' id='line_1_1' title="bbox 544 422 631 464; baseline 0 0"><span class='ocrx_word' id='word_1_1' title='bbox 544 422 631 464; x_wconf 70' lang='grc' dir='ltr'><strong>ενι</strong></span> 
     </span>
    </p>
   </div>
   <div class='ocr_carea' id='block_1_2' title="bbox 1888 396 2428 455">
    <p class='ocr_par' dir='ltr' id='par_1_2' title="bbox 1888 396 2428 455">
     <span class='ocr_line' id='line_1_2' title="bbox 1888 396 2428 455; baseline -0.002 -2"><span class='ocrx_word' id='word_1_2' title='bbox 1888 396 2428 455; x_wconf 72' lang='lat' dir='ltr'><strong>PROLEGOMENA.‘</strong></span> 
     </span>
    </p>
   </div>
   <div class='ocr_carea' id='block_1_3' title="bbox 551 503 3783 589">
    <p class='ocr_par' dir='ltr' id='par_1_3' title="bbox 551 503 3783 589">
     <span class='ocr_line' id='line_1_3' title="bbox 551 503 3783 589; baseline -0.006 -13"><span class='ocrx_word' id='word_1_3' title='bbox 551 524 690 578; x_wconf 80' lang='lat' dir='ltr'><strong>tibus</strong></span> <span class='ocrx_word' id='word_1_4' title='bbox 723 532 1047 589; x_wconf 89' lang='lat' dir='ltr'><strong>congressus</strong></span> <span class='ocrx_word' id='word_1_5' title='bbox 1088 516 1132 571; x_wconf 88' lang='lat' dir='ltr'><strong>si</strong></span> <span class='ocrx_word' id='word_1_6' title='bbox 1160 524 1277 585; x_wconf 89' lang='lat' dir='ltr'><strong>post</strong></span> <span class='ocrx_word' id='word_1_7' title='bbox 1319 516 1675 585; x_wconf 73' lang='lat' dir='ltr'><strong>proditionem</strong></span> <span class='ocrx_word' id='word_1_8' title='bbox 1714 515 1881 570; x_wconf 91' lang='lat' dir='ltr'><strong>habiti</strong></span> <span class='ocrx_word' id='word_1_9' title='bbox 1913 514 2061 569; x_wconf 86' lang='lat' dir='ltr'><strong>fuere</strong></span> <span class='ocrx_word' id='word_1_10' title='bbox 2086 554 2099 574; x_wconf 89' lang='lat'><strong>.</strong></span> <span class='ocrx_word' id='word_1_11' title='bbox 2138 520 2179 573; x_wconf 90' lang='lat' dir='ltr'><strong>B</strong></span> <span class='ocrx_word' id='word_1_12' title='bbox 2212 516 2410 582; x_wconf 78' lang='lat' dir='ltr'><strong>partim</strong></span> <span class='ocrx_word' id='word_1_13' title='bbox 2438 520 2804 576; x_wconf 88' lang='lat' dir='ltr'><strong>accurrerent,</strong></span> <span class='ocrx_word' id='word_1_14' title='bbox 2835 508 3056 577; x_wconf 90' lang='lat' dir='ltr'><strong>scripsit</strong></span> <span class='ocrx_word' id='word_1_15' title='bbox 3085 505 3151 559; x_wconf 85' lang='lat' dir='ltr'><strong>ad</strong></span> <span class='ocrx_word' id='word_1_16' title='bbox 3184 503 3527 560; x_wconf 85' lang='lat' dir='ltr'><strong>Eustathium</strong></span> <span class='ocrx_word' id='word_1_17' title='bbox 3554 505 3783 575; x_wconf 71' lang='lat' dir='ltr'><strong>ejusqm</strong></span> 
     </span>
    </p>
   </div>
   <div class='ocr_carea' id='block_1_4' title="bbox 549 605 2111 663">
    <p class='ocr_par' dir='ltr' id='par_1_4' title="bbox 549 605 2111 663">
     <span class='ocr_line' id='line_1_4' title="bbox 549 605 2111 663; baseline -0.003 0"><span class='ocrx_word' id='word_1_18' title='bbox 549 623 771 663; x_wconf 88' lang='lat' dir='ltr'><strong>necesse</strong></span> <span class='ocrx_word' id='word_1_19' title='bbox 832 617 913 661; x_wconf 92' lang='lat' dir='ltr'><strong>est</strong></span> <span class='ocrx_word' id='word_1_20' title='bbox 970 617 1027 658; x_wconf 92' lang='lat' dir='ltr'><strong>ut</strong></span> <span class='ocrx_word' id='word_1_21' title='bbox 1092 607 1332 659; x_wconf 79' lang='lat' dir='ltr'><strong>dicamus</strong></span> <span class='ocrx_word' id='word_1_22' title='bbox 1385 605 1640 658; x_wconf 85' lang='lat' dir='ltr'><strong>Basilium</strong></span> <span class='ocrx_word' id='word_1_23' title='bbox 1691 615 1906 658; x_wconf 88' lang='lat' dir='ltr'><strong>euntem</strong></span> <span class='ocrx_word' id='word_1_24' title='bbox 1951 605 2111 659; x_wconf 74' lang='lat' dir='ltr'><strong>Nico-</strong></span> 
     </span>
    </p>
   </div>
   <div class='ocr_carea' id='block_1_5' title="bbox 551 696 2113 768">
    <p class='ocr_par' dir='ltr' id='par_1_5' title="bbox 551 696 2113 768">
     <span class='ocr_line' id='line_1_5' title="bbox 551 696 2113 768; baseline -0.001 -15"><span class='ocrx_word' id='word_1_25' title='bbox 551 701 714 768; x_wconf 84' lang='lat' dir='ltr'><strong>puiim</strong></span> <span class='ocrx_word' id='word_1_26' title='bbox 774 714 836 753; x_wconf 88' lang='lat' dir='ltr'><strong>ac</strong></span> <span class='ocrx_word' id='word_1_27' title='bbox 903 698 1214 752; x_wconf 86' lang='lat' dir='ltr'><strong>redeuntem</strong></span> <span class='ocrx_word' id='word_1_28' title='bbox 1266 712 1389 752; x_wconf 92' lang='lat' dir='ltr'><strong>cum</strong></span> <span class='ocrx_word' id='word_1_29' title='bbox 1444 696 1727 751; x_wconf 87' lang='lat' dir='ltr'><strong>Eustathio</strong></span> <span class='ocrx_word' id='word_1_30' title='bbox 1794 698 2113 752; x_wconf 80' lang='lat' dir='ltr'><strong>collocutum</strong></span> 
     </span>
    </p>
   </div>
   <div class='ocr_carea' id='block_1_6' title="bbox 548 808 686 846">
    <p class='ocr_par' dir='ltr' id='par_1_6' title="bbox 548 808 686 846">
     <span class='ocr_line' id='line_1_6' title="bbox 548 808 686 846; baseline 0.014 -2"><span class='ocrx_word' id='word_1_31' title='bbox 548 808 686 846; x_wconf 81' lang='lat' dir='ltr'><strong>esse.</strong></span> 
     </span>
    </p>
   </div>
   <div class='ocr_carea' id='block_1_7' title="bbox 619 879 2113 951">
    <p class='ocr_par' dir='ltr' id='par_1_7' title="bbox 619 879 2113 951">
     <span class='ocr_line' id='line_1_7' title="bbox 619 879 2113 951; baseline 0 -16"><span class='ocrx_word' id='word_1_32' title='bbox 619 882 748 936; x_wconf 90' lang='lat' dir='ltr'><strong>Illud</strong></span> <span class='ocrx_word' id='word_1_33' title='bbox 776 891 955 936; x_wconf 90' lang='lat' dir='ltr'><strong>autem</strong></span> <span class='ocrx_word' id='word_1_34' title='bbox 984 891 1135 936; x_wconf 90' lang='lat' dir='ltr'><strong>certo</strong></span> <span class='ocrx_word' id='word_1_35' title='bbox 1165 889 1377 937; x_wconf 88' lang='lat' dir='ltr'><strong>constat</strong></span> <span class='ocrx_word' id='word_1_36' title='bbox 1404 879 1657 937; x_wconf 84' lang='lat' dir='ltr'><strong>Basilium</strong></span> <span class='ocrx_word' id='word_1_37' title='bbox 1688 882 1790 937; x_wconf 90' lang='lat' dir='ltr'><strong>hoc</strong></span> <span class='ocrx_word' id='word_1_38' title='bbox 1812 898 1954 936; x_wconf 88' lang='lat' dir='ltr'><strong>anno</strong></span> <span class='ocrx_word' id='word_1_39' title='bbox 1990 898 2113 951; x_wconf 89' lang='lat' dir='ltr'><strong>per-</strong></span> 
     </span>
    </p>
   </div>
   <div class='ocr_carea' id='block_1_8' title="bbox 552 973 2115 1043">
    <p class='ocr_par' dir='ltr' id='par_1_8' title="bbox 552 973 2115 1043">
     <span class='ocr_line' id='line_1_8' title="bbox 552 973 2115 1043; baseline 0.001 -18"><span class='ocrx_word' id='word_1_40' title='bbox 552 974 765 1035; x_wconf 82' lang='lat' dir='ltr'><strong>fecisse,</strong></span> <span class='ocrx_word' id='word_1_41' title='bbox 815 973 954 1042; x_wconf 90' lang='lat' dir='ltr'><strong>quod</strong></span> <span class='ocrx_word' id='word_1_42' title='bbox 1008 973 1258 1043; x_wconf 81' lang='lat' dir='ltr'><strong>proxime</strong></span> <span class='ocrx_word' id='word_1_43' title='bbox 1294 974 1477 1039; x_wconf 91' lang='lat' dir='ltr'><strong>elapso</strong></span> <span class='ocrx_word' id='word_1_44' title='bbox 1525 975 1814 1027; x_wconf 80' lang='lat' dir='ltr'><strong>morositas</strong></span> <span class='ocrx_word' id='word_1_45' title='bbox 1850 973 2115 1027; x_wconf 88' lang='lat' dir='ltr'><strong>Theodoti</strong></span> 
     </span>
    </p>
   </div>
   <div class='ocr_carea' id='block_1_9' title="bbox 550 1062 2114 1133">
    <p class='ocr_par' dir='ltr' id='par_1_9' title="bbox 550 1062 2114 1133">
     <span class='ocr_line' id='line_1_9' title="bbox 550 1062 2114 1133; baseline 0.001 -17"><span class='ocrx_word' id='word_1_46' title='bbox 550 1064 1007 1133; x_wconf 81' lang='lat' dir='ltr'><strong>interpellaverat,</strong></span> <span class='ocrx_word' id='word_1_47' title='bbox 1052 1073 1107 1118; x_wconf 90' lang='lat' dir='ltr'><strong>ut</strong></span> <span class='ocrx_word' id='word_1_48' title='bbox 1159 1080 1284 1117; x_wconf 89' lang='lat' dir='ltr'><strong>cum</strong></span> <span class='ocrx_word' id='word_1_49' title='bbox 1337 1062 1614 1118; x_wconf 85' lang='lat' dir='ltr'><strong>Theodoto</strong></span> <span class='ocrx_word' id='word_1_50' title='bbox 1660 1066 1725 1119; x_wconf 91' lang='lat' dir='ltr'><strong>de</strong></span> <span class='ocrx_word' id='word_1_51' title='bbox 1774 1066 2114 1133; x_wconf 87' lang='lat' dir='ltr'><strong>proponenda</strong></span> 
     </span>
    </p>
   </div>
   <div class='ocr_carea' id='block_1_10' title="bbox 551 1156 2119 1225">
    <p class='ocr_par' dir='ltr' id='par_1_10' title="bbox 551 1156 2119 1225">
     <span class='ocr_line' id='line_1_10' title="bbox 551 1156 2119 1225; baseline 0 -14"><span class='ocrx_word' id='word_1_52' title='bbox 551 1157 838 1212; x_wconf 88' lang='lat' dir='ltr'><strong>Eustathio</strong></span> <span class='ocrx_word' id='word_1_53' title='bbox 888 1157 1009 1211; x_wconf 89' lang='lat' dir='ltr'><strong>fidei</strong></span> <span class='ocrx_word' id='word_1_54' title='bbox 1066 1156 1295 1211; x_wconf 79' lang='lat' dir='ltr'><strong>formula</strong></span> <span class='ocrx_word' id='word_1_55' title='bbox 1350 1156 1672 1210; x_wconf 87' lang='lat' dir='ltr'><strong>deliberaret</strong></span> <span class='ocrx_word' id='word_1_56' title='bbox 1712 1156 1809 1225; x_wconf 90' lang='lat' dir='ltr'><strong>(a).</strong></span> <span class='ocrx_word' id='word_1_57' title='bbox 1855 1156 2119 1224; x_wconf 85' lang='lat' dir='ltr'><strong>Sperabat</strong></span> 
     </span>
    </p>
   </div>
   <div class='ocr_carea' id='block_1_11' title="bbox 550 1248 2116 1316">
    <p class='ocr_par' dir='ltr' id='par_1_11' title="bbox 550 1248 2116 1316">
     <span class='ocr_line' id='line_1_11' title="bbox 550 1248 2116 1316; baseline -0.001 -12"><span class='ocrx_word' id='word_1_58' title='bbox 550 1251 690 1304; x_wconf 87' lang='lat' dir='ltr'><strong>enim</strong></span> <span class='ocrx_word' id='word_1_59' title='bbox 725 1265 783 1304; x_wconf 93' lang='lat' dir='ltr'><strong>se</strong></span> <span class='ocrx_word' id='word_1_60' title='bbox 837 1253 943 1304; x_wconf 92' lang='lat' dir='ltr'><strong>duo</strong></span> <span class='ocrx_word' id='word_1_61' title='bbox 988 1265 1090 1302; x_wconf 91' lang='lat' dir='ltr'><strong>una</strong></span> <span class='ocrx_word' id='word_1_62' title='bbox 1142 1258 1193 1302; x_wconf 89' lang='lat' dir='ltr'><strong>et</strong></span> <span class='ocrx_word' id='word_1_63' title='bbox 1241 1251 1426 1302; x_wconf 89' lang='lat' dir='ltr'><strong>eadem</strong></span> <span class='ocrx_word' id='word_1_64' title='bbox 1476 1262 1638 1316; x_wconf 86' lang='lat' dir='ltr'><strong>opera</strong></span> <span class='ocrx_word' id='word_1_65' title='bbox 1682 1248 2042 1310; x_wconf 88' lang='lat' dir='ltr'><strong>Iucraturum,</strong></span> <span class='ocrx_word' id='word_1_66' title='bbox 2071 1249 2116 1303; x_wconf 89' lang='lat' dir='ltr'><strong>si</strong></span> 
     </span>
    </p>
   </div>
   <div class='ocr_carea' id='block_1_12' title="bbox 552 1339 2120 1408">
    <p class='ocr_par' dir='ltr' id='par_1_12' title="bbox 552 1339 2120 1408">
     <span class='ocr_line' id='line_1_12' title="bbox 552 1339 2120 1408; baseline 0 -14"><span class='ocrx_word' id='word_1_67' title='bbox 552 1341 867 1395; x_wconf 85' lang='lat' dir='ltr'><strong>Eustathius</strong></span> <span class='ocrx_word' id='word_1_68' title='bbox 890 1342 1257 1408; x_wconf 74' lang='lat' dir='ltr'><strong>comprobatae</strong></span> <span class='ocrx_word' id='word_1_69' title='bbox 1287 1340 1387 1408; x_wconf 89' lang='lat' dir='ltr'><strong>ipsi</strong></span> <span class='ocrx_word' id='word_1_70' title='bbox 1421 1339 1696 1393; x_wconf 89' lang='lat' dir='ltr'><strong>Theodoto</strong></span> <span class='ocrx_word' id='word_1_71' title='bbox 1724 1339 1965 1394; x_wconf 74' lang='lat' dir='ltr'><strong>formula:</strong></span> <span class='ocrx_word' id='word_1_72' title='bbox 1994 1341 2120 1394; x_wconf 84' lang='lat' dir='ltr'><strong>sub—</strong></span> 
     </span>
    </p>
   </div>
   <div class='ocr_carea' id='block_1_13' title="bbox 552 1428 2115 1496">
    <p class='ocr_par' dir='ltr' id='par_1_13' title="bbox 552 1428 2115 1496">
     <span class='ocr_line' id='line_1_13' title="bbox 552 1428 2115 1496; baseline -0.003 -11"><span class='ocrx_word' id='word_1_73' title='bbox 552 1431 850 1495; x_wconf 82' lang='lat' dir='ltr'><strong>scriberet;</strong></span> <span class='ocrx_word' id='word_1_74' title='bbox 884 1445 943 1485; x_wconf 89' lang='lat' dir='ltr'><strong>se</strong></span> <span class='ocrx_word' id='word_1_75' title='bbox 977 1432 1042 1485; x_wconf 92' lang='lat' dir='ltr'><strong>ab</strong></span> <span class='ocrx_word' id='word_1_76' title='bbox 1084 1430 1427 1484; x_wconf 87' lang='lat' dir='ltr'><strong>inimicorum</strong></span> <span class='ocrx_word' id='word_1_77' title='bbox 1469 1428 1775 1493; x_wconf 89' lang='lat' dir='ltr'><strong>calumniis,</strong></span> <span class='ocrx_word' id='word_1_78' title='bbox 1810 1428 1979 1496; x_wconf 91' lang='lat' dir='ltr'><strong>ipsum</strong></span> <span class='ocrx_word' id='word_1_79' title='bbox 2007 1428 2115 1482; x_wconf 88' lang='lat' dir='ltr'><strong>Eu—</strong></span> 
     </span>
    </p>
   </div>
   <div class='ocr_carea' id='block_1_14' title="bbox 552 1518 2118 1589">
    <p class='ocr_par' dir='ltr' id='par_1_14' title="bbox 552 1518 2118 1589">
     <span class='ocr_line' id='line_1_14' title="bbox 552 1518 2118 1589; baseline -0.002 -13"><span class='ocrx_word' id='word_1_80' title='bbox 552 1522 807 1576; x_wconf 87' lang='lat' dir='ltr'><strong>stathium</strong></span> <span class='ocrx_word' id='word_1_81' title='bbox 834 1536 863 1574; x_wconf 90' lang='lat' dir='ltr'><strong>a</strong></span> <span class='ocrx_word' id='word_1_82' title='bbox 892 1521 1154 1576; x_wconf 85' lang='lat' dir='ltr'><strong>Theodoti</strong></span> <span class='ocrx_word' id='word_1_83' title='bbox 1192 1520 1427 1589; x_wconf 83' lang='lat' dir='ltr'><strong>querelis</strong></span> <span class='ocrx_word' id='word_1_84' title='bbox 1466 1528 1520 1573; x_wconf 88' lang='lat' dir='ltr'><strong>et</strong></span> <span class='ocrx_word' id='word_1_85' title='bbox 1556 1519 1956 1587; x_wconf 80' lang='lat' dir='ltr'><strong>suspicionibus</strong></span> <span class='ocrx_word' id='word_1_86' title='bbox 1983 1518 2118 1573; x_wconf 85' lang='lat' dir='ltr'><strong>libe-</strong></span> 
     </span>
    </p>
   </div>
   <div class='ocr_carea' id='block_1_15' title="bbox 552 1610 2117 1680">
    <p class='ocr_par' dir='ltr' id='par_1_15' title="bbox 552 1610 2117 1680">
     <span class='ocr_line' id='line_1_15' title="bbox 552 1610 2117 1680; baseline -0.001 -15"><span class='ocrx_word' id='word_1_87' title='bbox 552 1629 667 1667; x_wconf 89' lang='lat' dir='ltr'><strong>rum</strong></span> <span class='ocrx_word' id='word_1_88' title='bbox 695 1624 749 1668; x_wconf 88' lang='lat' dir='ltr'><strong>et</strong></span> <span class='ocrx_word' id='word_1_89' title='bbox 774 1614 1001 1668; x_wconf 88' lang='lat' dir='ltr'><strong>solutum</strong></span> <span class='ocrx_word' id='word_1_90' title='bbox 1029 1612 1166 1669; x_wconf 89' lang='lat' dir='ltr'><strong>fore.</strong></span> <span class='ocrx_word' id='word_1_91' title='bbox 1194 1612 1309 1680; x_wconf 86' lang='lat' dir='ltr'><strong>lpse</strong></span> <span class='ocrx_word' id='word_1_92' title='bbox 1332 1613 1473 1667; x_wconf 91' lang='lat' dir='ltr'><strong>enim</strong></span> <span class='ocrx_word' id='word_1_93' title='bbox 1504 1611 1739 1666; x_wconf 84' lang='lat' dir='ltr'><strong>Basilius</strong></span> <span class='ocrx_word' id='word_1_94' title='bbox 1764 1610 1988 1665; x_wconf 93' lang='lat' dir='ltr'><strong>multum</strong></span> <span class='ocrx_word' id='word_1_95' title='bbox 2021 1626 2117 1680; x_wconf 83' lang='lat' dir='ltr'><strong>po-</strong></span> 
     </span>
    </p>
   </div>
   <div class='ocr_carea' id='block_1_16' title="bbox 552 1701 2115 1773">
    <p class='ocr_par' dir='ltr' id='par_1_16' title="bbox 552 1701 2115 1773">
     <span class='ocr_line' id='line_1_16' title="bbox 552 1701 2115 1773; baseline 0 -18"><span class='ocrx_word' id='word_1_96' title='bbox 552 1704 631 1755; x_wconf 86' lang='lat' dir='ltr'><strong>nit</strong></span> <span class='ocrx_word' id='word_1_97' title='bbox 675 1702 1004 1757; x_wconf 82' lang='lat' dir='ltr'><strong>discriminis</strong></span> <span class='ocrx_word' id='word_1_98' title='bbox 1040 1703 1184 1756; x_wconf 90' lang='lat' dir='ltr'><strong>inter</strong></span> <span class='ocrx_word' id='word_1_99' title='bbox 1217 1701 1551 1757; x_wconf 87' lang='lat' dir='ltr'><strong>Theodotum</strong></span> <span class='ocrx_word' id='word_1_100' title='bbox 1580 1702 1675 1773; x_wconf 90' lang='lat' dir='ltr'><strong>(b),</strong></span> <span class='ocrx_word' id='word_1_101' title='bbox 1707 1702 1796 1770; x_wconf 88' lang='lat' dir='ltr'><strong>qui</strong></span> <span class='ocrx_word' id='word_1_102' title='bbox 1837 1703 1950 1756; x_wconf 89' lang='lat' dir='ltr'><strong>solo</strong></span> <span class='ocrx_word' id='word_1_103' title='bbox 1990 1701 2115 1757; x_wconf 81' lang='lat' dir='ltr'><strong>fidei</strong></span> 
     </span>
    </p>
   </div>
   <div class='ocr_carea' id='block_1_17' title="bbox 557 1794 2115 1860">
    <p class='ocr_par' dir='ltr' id='par_1_17' title="bbox 557 1794 2115 1860">
     <span class='ocr_line' id='line_1_17' title="bbox 557 1794 2115 1860; baseline -0.001 -11"><span class='ocrx_word' id='word_1_104' title='bbox 557 1797 739 1850; x_wconf 90' lang='lat' dir='ltr'><strong>studio</strong></span> <span class='ocrx_word' id='word_1_105' title='bbox 774 1794 1109 1860; x_wconf 81' lang='lat' dir='ltr'><strong>movebatur,</strong></span> <span class='ocrx_word' id='word_1_106' title='bbox 1142 1804 1195 1851; x_wconf 92' lang='lat' dir='ltr'><strong>et</strong></span> <span class='ocrx_word' id='word_1_107' title='bbox 1218 1796 1459 1850; x_wconf 87' lang='lat' dir='ltr'><strong>inimicos</strong></span> <span class='ocrx_word' id='word_1_108' title='bbox 1485 1810 1547 1850; x_wconf 92' lang='lat' dir='ltr'><strong>ac</strong></span> <span class='ocrx_word' id='word_1_109' title='bbox 1568 1798 1953 1851; x_wconf 87' lang='lat' dir='ltr'><strong>obtrectatores</strong></span> <span class='ocrx_word' id='word_1_110' title='bbox 1969 1810 2115 1859; x_wconf 88' lang='lat' dir='ltr'><strong>suos,</strong></span> 
     </span>
    </p>
   </div>
   <div class='ocr_carea' id='block_1_18' title="bbox 551 1883 2115 1953">
    <p class='ocr_par' dir='ltr' id='par_1_18' title="bbox 551 1883 2115 1953">
     <span class='ocr_line' id='line_1_18' title="bbox 551 1883 2115 1953; baseline 0 -16"><span class='ocrx_word' id='word_1_111' title='bbox 551 1899 776 1952; x_wconf 89' lang='lat' dir='ltr'><strong>quorum</strong></span> <span class='ocrx_word' id='word_1_112' title='bbox 802 1884 1075 1953; x_wconf 87' lang='lat' dir='ltr'><strong>perpetuis</strong></span> <span class='ocrx_word' id='word_1_113' title='bbox 1106 1884 1393 1938; x_wconf 87' lang='lat' dir='ltr'><strong>calumniis</strong></span> <span class='ocrx_word' id='word_1_114' title='bbox 1440 1883 1719 1938; x_wconf 84' lang='lat' dir='ltr'><strong>materiam</strong></span> <span class='ocrx_word' id='word_1_115' title='bbox 1772 1885 1934 1939; x_wconf 84' lang='lat' dir='ltr'><strong>dabat</strong></span> <span class='ocrx_word' id='word_1_116' title='bbox 1986 1900 2115 1938; x_wconf 88' lang='lat' dir='ltr'><strong>con-</strong></span> 
     </span>
    </p>
   </div>
   <div class='ocr_carea' id='block_1_19' title="bbox 546 1974 2117 2045">
    <p class='ocr_par' dir='ltr' id='par_1_19' title="bbox 546 1974 2117 2045">
     <span class='ocr_line' id='line_1_19' title="bbox 546 1974 2117 2045; baseline 0 -15"><span class='ocrx_word' id='word_1_117' title='bbox 546 1977 755 2045; x_wconf 89' lang='lat' dir='ltr'><strong>junctio</strong></span> <span class='ocrx_word' id='word_1_118' title='bbox 781 1991 902 2030; x_wconf 92' lang='lat' dir='ltr'><strong>cum</strong></span> <span class='ocrx_word' id='word_1_119' title='bbox 934 1975 1232 2030; x_wconf 89' lang='lat' dir='ltr'><strong>Eustathio.</strong></span> <span class='ocrx_word' id='word_1_120' title='bbox 1268 1974 1606 2044; x_wconf 88' lang='lat' dir='ltr'><strong>Purgaverat</strong></span> <span class='ocrx_word' id='word_1_121' title='bbox 1639 1989 1699 2029; x_wconf 89' lang='lat' dir='ltr'><strong>se</strong></span> <span class='ocrx_word' id='word_1_122' title='bbox 1736 1975 1905 2029; x_wconf 87' lang='lat' dir='ltr'><strong>semel</strong></span> <span class='ocrx_word' id='word_1_123' title='bbox 1935 1983 1988 2028; x_wconf 92' lang='lat' dir='ltr'><strong>et</strong></span> <span class='ocrx_word' id='word_1_124' title='bbox 2017 1975 2117 2030; x_wconf 87' lang='lat' dir='ltr'><strong>ite-</strong></span> 
     </span>
    </p>
   </div>
   <div class='ocr_carea' id='block_1_20' title="bbox 553 2066 2119 2135">
    <p class='ocr_par' dir='ltr' id='par_1_20' title="bbox 553 2066 2119 2135">
     <span class='ocr_line' id='line_1_20' title="bbox 553 2066 2119 2135; baseline 0 -14"><span class='ocrx_word' id='word_1_125' title='bbox 553 2084 670 2121; x_wconf 86' lang='lat' dir='ltr'><strong>rum</strong></span> <span class='ocrx_word' id='word_1_126' title='bbox 712 2068 941 2123; x_wconf 84' lang='lat' dir='ltr'><strong>Basilius</strong></span> <span class='ocrx_word' id='word_1_127' title='bbox 977 2084 989 2119; x_wconf 91' lang='lat'>:</span> <span class='ocrx_word' id='word_1_128' title='bbox 1027 2068 1140 2133; x_wconf 89' lang='lat' dir='ltr'><strong>sed,</strong></span> <span class='ocrx_word' id='word_1_129' title='bbox 1174 2083 1293 2122; x_wconf 90' lang='lat' dir='ltr'><strong>cum</strong></span> <span class='ocrx_word' id='word_1_130' title='bbox 1324 2066 1455 2121; x_wconf 89' lang='lat' dir='ltr'><strong>nihil</strong></span> <span class='ocrx_word' id='word_1_131' title='bbox 1501 2066 1879 2135; x_wconf 85' lang='lat' dir='ltr'><strong>promovisset,</strong></span> <span class='ocrx_word' id='word_1_132' title='bbox 1935 2076 2119 2132; x_wconf 90' lang='lat' dir='ltr'><strong>postu-</strong></span> 
     </span>
    </p>
   </div>
   <div class='ocr_carea' id='block_1_21' title="bbox 551 2154 2115 2226">
    <p class='ocr_par' dir='ltr' id='par_1_21' title="bbox 551 2154 2115 2226">
     <span class='ocr_line' id='line_1_21' title="bbox 551 2154 2115 2226; baseline -0.001 -15"><span class='ocrx_word' id='word_1_133' title='bbox 551 2158 683 2212; x_wconf 86' lang='lat' dir='ltr'><strong>lanti</strong></span> <span class='ocrx_word' id='word_1_134' title='bbox 720 2158 1016 2222; x_wconf 88' lang='lat' dir='ltr'><strong>Theodoto,</strong></span> <span class='ocrx_word' id='word_1_135' title='bbox 1068 2166 1124 2211; x_wconf 94' lang='lat' dir='ltr'><strong>ut</strong></span> <span class='ocrx_word' id='word_1_136' title='bbox 1158 2156 1277 2211; x_wconf 80' lang='lat' dir='ltr'><strong>fidei</strong></span> <span class='ocrx_word' id='word_1_137' title='bbox 1319 2154 1547 2209; x_wconf 80' lang='lat' dir='ltr'><strong>formula</strong></span> <span class='ocrx_word' id='word_1_138' title='bbox 1583 2154 1867 2209; x_wconf 86' lang='lat' dir='ltr'><strong>Eustathio</strong></span> <span class='ocrx_word' id='word_1_139' title='bbox 1919 2170 2115 2226; x_wconf 88' lang='lat' dir='ltr'><strong>propo-</strong></span> 
     </span>
    </p>
   </div>
   <div class='ocr_carea' id='block_1_22' title="bbox 556 2247 2115 2318">
    <p class='ocr_par' dir='ltr' id='par_1_22' title="bbox 556 2247 2115 2318">
     <span class='ocr_line' id='line_1_22' title="bbox 556 2247 2115 2318; baseline -0.001 -16"><span class='ocrx_word' id='word_1_140' title='bbox 556 2258 799 2315; x_wconf 90' lang='lat' dir='ltr'><strong>neretur,</strong></span> <span class='ocrx_word' id='word_1_141' title='bbox 829 2249 1055 2303; x_wconf 89' lang='lat' dir='ltr'><strong>libenter</strong></span> <span class='ocrx_word' id='word_1_142' title='bbox 1082 2250 1291 2302; x_wconf 87' lang='lat' dir='ltr'><strong>annuit.</strong></span> <span class='ocrx_word' id='word_1_143' title='bbox 1326 2247 1536 2316; x_wconf 87' lang='lat' dir='ltr'><strong>Scripta</strong></span> <span class='ocrx_word' id='word_1_144' title='bbox 1561 2261 1689 2316; x_wconf 81' lang='lat' dir='ltr'><strong>ergo</strong></span> <span class='ocrx_word' id='word_1_145' title='bbox 1716 2247 1849 2301; x_wconf 84' lang='lat' dir='ltr'><strong>fides</strong></span> <span class='ocrx_word' id='word_1_146' title='bbox 1877 2247 2115 2318; x_wconf 80' lang='lat' dir='ltr'><strong>Nicopoli</strong></span> 
     </span>
    </p>
   </div>
   <div class='ocr_carea' id='block_1_23' title="bbox 552 2336 2118 2407">
    <p class='ocr_par' dir='ltr' id='par_1_23' title="bbox 552 2336 2118 2407">
     <span class='ocr_line' id='line_1_23' title="bbox 552 2336 2118 2407; baseline 0.001 -14"><span class='ocrx_word' id='word_1_147' title='bbox 552 2340 839 2407; x_wconf 74' lang='lat' dir='ltr'><strong>coiijnncte</strong></span> <span class='ocrx_word' id='word_1_148' title='bbox 867 2355 990 2395; x_wconf 91' lang='lat' dir='ltr'><strong>cum</strong></span> <span class='ocrx_word' id='word_1_149' title='bbox 1021 2339 1327 2402; x_wconf 86' lang='lat' dir='ltr'><strong>Theodoto,</strong></span> <span class='ocrx_word' id='word_1_150' title='bbox 1362 2353 1423 2392; x_wconf 89' lang='lat' dir='ltr'><strong>ac</strong></span> <span class='ocrx_word' id='word_1_151' title='bbox 1454 2336 1595 2391; x_wconf 87' lang='lat' dir='ltr'><strong>forte</strong></span> <span class='ocrx_word' id='word_1_152' title='bbox 1635 2338 1799 2391; x_wconf 85' lang='lat' dir='ltr'><strong>etiam</strong></span> <span class='ocrx_word' id='word_1_153' title='bbox 1835 2353 1955 2393; x_wconf 90' lang='lat' dir='ltr'><strong>cum</strong></span> <span class='ocrx_word' id='word_1_154' title='bbox 1994 2339 2118 2394; x_wconf 91' lang='lat' dir='ltr'><strong>aliis</strong></span> 
     </span>
    </p>
   </div>
   <div class='ocr_carea' id='block_1_24' title="bbox 553 2429 2115 2503">
    <p class='ocr_par' dir='ltr' id='par_1_24' title="bbox 553 2429 2115 2503">
     <span class='ocr_line' id='line_1_24' title="bbox 553 2429 2115 2503; baseline -0.001 -18"><span class='ocrx_word' id='word_1_155' title='bbox 553 2434 841 2501; x_wconf 83' lang='lat' dir='ltr'><strong>episcopis.</strong></span> <span class='ocrx_word' id='word_1_156' title='bbox 874 2432 1025 2485; x_wconf 84' lang='lat' dir='ltr'><strong>Hanc</strong></span> <span class='ocrx_word' id='word_1_157' title='bbox 1059 2431 1201 2484; x_wconf 92' lang='lat' dir='ltr'><strong>enim</strong></span> <span class='ocrx_word' id='word_1_158' title='bbox 1250 2429 1559 2499; x_wconf 82' lang='lat' dir='ltr'><strong>synodicam</strong></span> <span class='ocrx_word' id='word_1_159' title='bbox 1585 2430 1815 2503; x_wconf 78' lang='lat' dir='ltr'><strong>appellat</strong></span> <span class='ocrx_word' id='word_1_160' title='bbox 1845 2429 2115 2486; x_wconf 85' lang='lat' dir='ltr'><strong>Leontius.</strong></span> 
     </span>
    </p>
   </div>
   <div class='ocr_carea' id='block_1_25' title="bbox 556 2518 2121 2592">
    <p class='ocr_par' dir='ltr' id='par_1_25' title="bbox 556 2518 2121 2592">
     <span class='ocr_line' id='line_1_25' title="bbox 556 2518 2121 2592; baseline 0.001 -17"><span class='ocrx_word' id='word_1_161' title='bbox 556 2521 901 2577; x_wconf 72' lang='lat' dir='ltr'><strong>Perferendae</strong></span> <span class='ocrx_word' id='word_1_162' title='bbox 933 2521 1289 2575; x_wconf 89' lang='lat' dir='ltr'><strong>ministerium</strong></span> <span class='ocrx_word' id='word_1_163' title='bbox 1320 2520 1556 2589; x_wconf 88' lang='lat' dir='ltr'><strong>suscepit</strong></span> <span class='ocrx_word' id='word_1_164' title='bbox 1593 2518 1823 2576; x_wconf 90' lang='lat' dir='ltr'><strong>Basilius</strong></span> <span class='ocrx_word' id='word_1_165' title='bbox 1856 2522 1925 2592; x_wconf 87' lang='lat' dir='ltr'><strong>(c)</strong></span> <span class='ocrx_word' id='word_1_166' title='bbox 1952 2539 1966 2574; x_wconf 88' lang='lat'><strong>:</strong></span> <span class='ocrx_word' id='word_1_167' title='bbox 1995 2521 2121 2576; x_wconf 87' lang='lat' dir='ltr'><strong>sub-</strong></span> 
     </span>
    </p>
   </div>
   <div class='ocr_carea' id='block_1_26' title="bbox 555 2610 2119 2684">
    <p class='ocr_par' dir='ltr' id='par_1_26' title="bbox 555 2610 2119 2684">
     <span class='ocr_line' id='line_1_26' title="bbox 555 2610 2119 2684; baseline 0 -16"><span class='ocrx_word' id='word_1_168' title='bbox 555 2614 771 2684; x_wconf 87' lang='lat' dir='ltr'><strong>scripsit</strong></span> <span class='ocrx_word' id='word_1_169' title='bbox 799 2613 1114 2669; x_wconf 85' lang='lat' dir='ltr'><strong>Eustathius</strong></span> <span class='ocrx_word' id='word_1_170' title='bbox 1140 2628 1259 2667; x_wconf 91' lang='lat' dir='ltr'><strong>cum</strong></span> <span class='ocrx_word' id='word_1_171' title='bbox 1315 2612 1589 2667; x_wconf 86' lang='lat' dir='ltr'><strong>Frontone</strong></span> <span class='ocrx_word' id='word_1_172' title='bbox 1615 2620 1668 2665; x_wconf 91' lang='lat' dir='ltr'><strong>et</strong></span> <span class='ocrx_word' id='word_1_173' title='bbox 1710 2610 1909 2667; x_wconf 90' lang='lat' dir='ltr'><strong>Severo</strong></span> <span class='ocrx_word' id='word_1_174' title='bbox 1968 2614 2119 2669; x_wconf 85' lang='lat' dir='ltr'><strong>chor-</strong></span> 
     </span>
    </p>
   </div>
   <div class='ocr_carea' id='block_1_27' title="bbox 554 2704 2119 2777">
    <p class='ocr_par' dir='ltr' id='par_1_27' title="bbox 554 2704 2119 2777">
     <span class='ocr_line' id='line_1_27' title="bbox 554 2704 2119 2777; baseline -0.003 -13"><span class='ocrx_word' id='word_1_175' title='bbox 554 2708 803 2777; x_wconf 85' lang='lat' dir='ltr'><strong>episcopo</strong></span> <span class='ocrx_word' id='word_1_176' title='bbox 832 2715 886 2761; x_wconf 93' lang='lat' dir='ltr'><strong>et</strong></span> <span class='ocrx_word' id='word_1_177' title='bbox 910 2707 1029 2759; x_wconf 92' lang='lat' dir='ltr'><strong>aliis</strong></span> <span class='ocrx_word' id='word_1_178' title='bbox 1049 2706 1319 2760; x_wconf 90' lang='lat' dir='ltr'><strong>nonnullis</strong></span> <span class='ocrx_word' id='word_1_179' title='bbox 1349 2704 1579 2759; x_wconf 81' lang='lat' dir='ltr'><strong>clericis.</strong></span> <span class='ocrx_word' id='word_1_180' title='bbox 1611 2704 1734 2759; x_wconf 67' lang='lat' dir='ltr'><strong>[Lee</strong></span> <span class='ocrx_word' id='word_1_181' title='bbox 1772 2704 2001 2759; x_wconf 89' lang='lat' dir='ltr'><strong>formula</strong></span> <span class='ocrx_word' id='word_1_182' title='bbox 2035 2706 2119 2760; x_wconf 91' lang='lat' dir='ltr'><strong>in-</strong></span> 
     </span>
    </p>
   </div>
   <div class='ocr_carea' id='block_1_28' title="bbox 554 2795 2117 2866">
    <p class='ocr_par' dir='ltr' id='par_1_28' title="bbox 554 2795 2117 2866">
     <span class='ocr_line' id='line_1_28' title="bbox 554 2795 2117 2866; baseline -0.004 -11"><span class='ocrx_word' id='word_1_183' title='bbox 554 2808 640 2855; x_wconf 79' lang='lat' dir='ltr'><strong>ter</strong></span> <span class='ocrx_word' id='word_1_184' title='bbox 674 2799 855 2852; x_wconf 85' lang='lat' dir='ltr'><strong>Basilii</strong></span> <span class='ocrx_word' id='word_1_185' title='bbox 881 2797 1138 2866; x_wconf 88' lang='lat' dir='ltr'><strong>epistolas</strong></span> <span class='ocrx_word' id='word_1_186' title='bbox 1167 2804 1446 2849; x_wconf 90' lang='lat' dir='ltr'><strong>numerata</strong></span> <span class='ocrx_word' id='word_1_187' title='bbox 1470 2803 1571 2858; x_wconf 86' lang='lat' dir='ltr'><strong>est,</strong></span> <span class='ocrx_word' id='word_1_188' title='bbox 1602 2805 1794 2863; x_wconf 82' lang='lat' dir='ltr'><strong>estque</strong></span> <span class='ocrx_word' id='word_1_189' title='bbox 1822 2795 2117 2850; x_wconf 88' lang='lat' dir='ltr'><strong>centesima</strong></span> 
     </span>
    </p>
   </div>
   <div class='ocr_carea' id='block_1_29' title="bbox 556 2886 2120 2958">
    <p class='ocr_par' dir='ltr' id='par_1_29' title="bbox 556 2886 2120 2958">
     <span class='ocr_line' id='line_1_29' title="bbox 556 2886 2120 2958; baseline -0.001 -15"><span class='ocrx_word' id='word_1_190' title='bbox 556 2890 811 2946; x_wconf 84' lang='lat' dir='ltr'><strong>vicesima</strong></span> <span class='ocrx_word' id='word_1_191' title='bbox 842 2890 1047 2958; x_wconf 90' lang='lat' dir='ltr'><strong>quinta.</strong></span> <span class='ocrx_word' id='word_1_192' title='bbox 1075 2888 1279 2942; x_wconf 72' lang='lat' dir='ltr'><strong>Praeter</strong></span> <span class='ocrx_word' id='word_1_193' title='bbox 1308 2886 1576 2940; x_wconf 53' lang='lat' dir='ltr'><strong>Nica&#39;nam</strong></span> <span class='ocrx_word' id='word_1_194' title='bbox 1604 2887 1759 2941; x_wconf 87' lang='lat' dir='ltr'><strong>fidem</strong></span> <span class='ocrx_word' id='word_1_195' title='bbox 1784 2901 1845 2940; x_wconf 91' lang='lat' dir='ltr'><strong>ea</strong></span> <span class='ocrx_word' id='word_1_196' title='bbox 1882 2888 2120 2942; x_wconf 90' lang='lat' dir='ltr'><strong>continet</strong></span> 
     </span>
    </p>
   </div>
   <div class='ocr_carea' id='block_1_30' title="bbox 557 2976 2119 3051">
    <p class='ocr_par' dir='ltr' id='par_1_30' title="bbox 557 2976 2119 3051">
     <span class='ocr_line' id='line_1_30' title="bbox 557 2976 2119 3051; baseline -0.003 -16"><span class='ocrx_word' id='word_1_197' title='bbox 557 2996 677 3051; x_wconf 73' lang='lat' dir='ltr'><strong>quae</strong></span> <span class='ocrx_word' id='word_1_198' title='bbox 721 2980 786 3035; x_wconf 91' lang='lat' dir='ltr'><strong>ad</strong></span> <span class='ocrx_word' id='word_1_199' title='bbox 826 2978 1258 3050; x_wconf 90' lang='lat' dir='ltr'><strong>perspiciemlam</strong></span> <span class='ocrx_word' id='word_1_200' title='bbox 1296 2976 1563 3029; x_wconf 90' lang='lat' dir='ltr'><strong>Eustathii</strong></span> <span class='ocrx_word' id='word_1_201' title='bbox 1599 2977 1664 3030; x_wconf 88' lang='lat' dir='ltr'><strong>de</strong></span> <span class='ocrx_word' id='word_1_202' title='bbox 1698 2976 1904 3045; x_wconf 85' lang='lat' dir='ltr'><strong>Spiritu</strong></span> <span class='ocrx_word' id='word_1_203' title='bbox 1931 2987 2119 3033; x_wconf 91' lang='lat' dir='ltr'><strong>sancto</strong></span> 
     </span>
    </p>
   </div>
   <div class='ocr_carea' id='block_1_31' title="bbox 554 3069 1424 3127">
    <p class='ocr_par' dir='ltr' id='par_1_31' title="bbox 554 3069 1424 3127">
     <span class='ocr_line' id='line_1_31' title="bbox 554 3069 1424 3127; baseline -0.008 0"><span class='ocrx_word' id='word_1_204' title='bbox 554 3073 715 3127; x_wconf 82' lang='lat' dir='ltr'><strong>ﬁdem</strong></span> <span class='ocrx_word' id='word_1_205' title='bbox 738 3070 1038 3125; x_wconf 88' lang='lat' dir='ltr'><strong>necessaria</strong></span> <span class='ocrx_word' id='word_1_206' title='bbox 1082 3069 1424 3122; x_wconf 80' lang='lat' dir='ltr'><strong>videbantur.</strong></span> 
     </span>
    </p>
   </div>
   <div class='ocr_carea' id='block_1_32' title="bbox 624 3159 2195 3249">
    <p class='ocr_par' dir='ltr' id='par_1_32' title="bbox 624 3159 2195 3249">
     <span class='ocr_line' id='line_1_32' title="bbox 624 3159 2195 3249; baseline -0.003 -31"><span class='ocrx_word' id='word_1_207' title='bbox 624 3163 917 3234; x_wconf 85' lang='lat' dir='ltr'><strong>Postquam</strong></span> <span class='ocrx_word' id='word_1_208' title='bbox 975 3162 1292 3232; x_wconf 90' lang='lat' dir='ltr'><strong>subscripsit</strong></span> <span class='ocrx_word' id='word_1_209' title='bbox 1353 3159 1705 3223; x_wconf 86' lang='lat' dir='ltr'><strong>Eustathius,</strong></span> <span class='ocrx_word' id='word_1_210' title='bbox 1758 3159 1991 3215; x_wconf 90' lang='lat' dir='ltr'><strong>indictus</strong></span> <span class='ocrx_word' id='word_1_211' title='bbox 2040 3168 2195 3249; x_wconf 73' lang='lat' dir='ltr'><strong>estC</strong></span> 
     </span>
    </p>
   </div>
   <div class='ocr_carea' id='block_1_33' title="bbox 562 3253 2117 3325">
    <p class='ocr_par' dir='ltr' id='par_1_33' title="bbox 562 3253 2117 3325">
     <span class='ocr_line' id='line_1_33' title="bbox 562 3253 2117 3325; baseline -0.002 -16"><span class='ocrx_word' id='word_1_212' title='bbox 562 3257 699 3311; x_wconf 91' lang='lat' dir='ltr'><strong>alius</strong></span> <span class='ocrx_word' id='word_1_213' title='bbox 742 3256 911 3320; x_wconf 89' lang='lat' dir='ltr'><strong>locus,</strong></span> <span class='ocrx_word' id='word_1_214' title='bbox 948 3256 1197 3323; x_wconf 83' lang='lat' dir='ltr'><strong>aliudque</strong></span> <span class='ocrx_word' id='word_1_215' title='bbox 1251 3266 1461 3325; x_wconf 89' lang='lat' dir='ltr'><strong>tempus</strong></span> <span class='ocrx_word' id='word_1_216' title='bbox 1496 3255 1691 3309; x_wconf 83' lang='lat' dir='ltr'><strong>iterum</strong></span> <span class='ocrx_word' id='word_1_217' title='bbox 1742 3253 2117 3317; x_wconf 88' lang='lat' dir='ltr'><strong>conveniendi,</strong></span> 
     </span>
    </p>
   </div>
   <div class='ocr_carea' id='block_1_34' title="bbox 562 3344 2123 3415">
    <p class='ocr_par' dir='ltr' id='par_1_34' title="bbox 562 3344 2123 3415">
     <span class='ocr_line' id='line_1_34' title="bbox 562 3344 2123 3415; baseline -0.004 -12"><span class='ocrx_word' id='word_1_218' title='bbox 562 3357 620 3403; x_wconf 93' lang='lat' dir='ltr'><strong>ut</strong></span> <span class='ocrx_word' id='word_1_219' title='bbox 644 3347 959 3402; x_wconf 89' lang='lat' dir='ltr'><strong>coeuntibus</strong></span> <span class='ocrx_word' id='word_1_220' title='bbox 985 3345 1237 3415; x_wconf 74' lang='lat' dir='ltr'><strong>parteciae</strong></span> <span class='ocrx_word' id='word_1_221' title='bbox 1261 3345 1528 3415; x_wconf 88' lang='lat' dir='ltr'><strong>episc0pis</strong></span> <span class='ocrx_word' id='word_1_222' title='bbox 1566 3345 1825 3412; x_wconf 89' lang='lat' dir='ltr'><strong>insignior</strong></span> <span class='ocrx_word' id='word_1_223' title='bbox 1850 3344 2123 3398; x_wconf 83' lang='lat' dir='ltr'><strong>essetani-</strong></span> 
     </span>
    </p>
   </div>
   <div class='ocr_carea' id='block_1_35' title="bbox 558 3437 2121 3505">
    <p class='ocr_par' dir='ltr' id='par_1_35' title="bbox 558 3437 2121 3505">
     <span class='ocr_line' id='line_1_35' title="bbox 558 3437 2121 3505; baseline -0.004 -11"><span class='ocrx_word' id='word_1_224' title='bbox 558 3456 767 3496; x_wconf 89' lang='lat' dir='ltr'><strong>morum</strong></span> <span class='ocrx_word' id='word_1_225' title='bbox 803 3440 1133 3503; x_wconf 81' lang='lat' dir='ltr'><strong>conciliatio,</strong></span> <span class='ocrx_word' id='word_1_226' title='bbox 1178 3455 1242 3493; x_wconf 91' lang='lat' dir='ltr'><strong>ac</strong></span> <span class='ocrx_word' id='word_1_227' title='bbox 1272 3439 1525 3505; x_wconf 84' lang='lat' dir='ltr'><strong>deinceps</strong></span> <span class='ocrx_word' id='word_1_228' title='bbox 1549 3437 1943 3505; x_wconf 89' lang='lat' dir='ltr'><strong>suspicionibus</strong></span> <span class='ocrx_word' id='word_1_229' title='bbox 1972 3437 2121 3491; x_wconf 90' lang='lat' dir='ltr'><strong>locus</strong></span> 
     </span>
    </p>
   </div>
   <div class='ocr_carea' id='block_1_36' title="bbox 562 3529 2123 3601">
    <p class='ocr_par' dir='ltr' id='par_1_36' title="bbox 562 3529 2123 3601">
     <span class='ocr_line' id='line_1_36' title="bbox 562 3529 2123 3601; baseline -0.003 -17"><span class='ocrx_word' id='word_1_230' title='bbox 562 3532 985 3601; x_wconf 69' lang='lat' dir='ltr'><strong>praecluderetur</strong></span> <span class='ocrx_word' id='word_1_231' title='bbox 1017 3533 1117 3598; x_wconf 86' lang='lat' dir='ltr'><strong>(d).</strong></span> <span class='ocrx_word' id='word_1_232' title='bbox 1152 3530 1472 3582; x_wconf 86' lang='lat' dir='ltr'><strong>Adfuturum</strong></span> <span class='ocrx_word' id='word_1_233' title='bbox 1520 3543 1577 3579; x_wconf 89' lang='lat' dir='ltr'><strong>se</strong></span> <span class='ocrx_word' id='word_1_234' title='bbox 1631 3530 1877 3594; x_wconf 84' lang='lat' dir='ltr'><strong>promisit</strong></span> <span class='ocrx_word' id='word_1_235' title='bbox 1928 3529 2123 3582; x_wconf 79' lang='lat' dir='ltr'><strong>Eusta-</strong></span> 
     </span>
    </p>
   </div>
   <div class='ocr_carea' id='block_1_37' title="bbox 564 3619 2121 3691">
    <p class='ocr_par' dir='ltr' id='par_1_37' title="bbox 564 3619 2121 3691">
     <span class='ocr_line' id='line_1_37' title="bbox 564 3619 2121 3691; baseline -0.004 -13"><span class='ocrx_word' id='word_1_236' title='bbox 564 3626 705 3679; x_wconf 89' lang='lat' dir='ltr'><strong>thius</strong></span> <span class='ocrx_word' id='word_1_237' title='bbox 759 3633 812 3678; x_wconf 87' lang='lat' dir='ltr'><strong>et</strong></span> <span class='ocrx_word' id='word_1_238' title='bbox 860 3622 1147 3691; x_wconf 77' lang='lat' dir='ltr'><strong>discipulos</strong></span> <span class='ocrx_word' id='word_1_239' title='bbox 1209 3622 1584 3675; x_wconf 86' lang='lat' dir='ltr'><strong>adducturum.</strong></span> <span class='ocrx_word' id='word_1_240' title='bbox 1627 3619 1717 3673; x_wconf 85' lang='lat' dir='ltr'><strong>Ait</strong></span> <span class='ocrx_word' id='word_1_241' title='bbox 1777 3621 2004 3673; x_wconf 88' lang='lat' dir='ltr'><strong>Basilius</strong></span> <span class='ocrx_word' id='word_1_242' title='bbox 2056 3620 2121 3691; x_wconf 76' lang='grc' dir='ltr'><strong>(ρ)</strong></span> 
     </span>
    </p>
   </div>
   <div class='ocr_carea' id='block_1_38' title="bbox 561 3710 2121 3782">
    <p class='ocr_par' dir='ltr' id='par_1_38' title="bbox 561 3710 2121 3782">
     <span class='ocr_line' id='line_1_38' title="bbox 561 3710 2121 3782; baseline -0.005 -12"><span class='ocrx_word' id='word_1_243' title='bbox 561 3732 717 3770; x_wconf 86' lang='lat' dir='ltr'><strong>suum</strong></span> <span class='ocrx_word' id='word_1_244' title='bbox 744 3716 907 3769; x_wconf 81' lang='lat' dir='ltr'><strong>fuisse</strong></span> <span class='ocrx_word' id='word_1_245' title='bbox 927 3715 1100 3769; x_wconf 87' lang='lat' dir='ltr'><strong>locum</strong></span> <span class='ocrx_word' id='word_1_246' title='bbox 1141 3714 1287 3767; x_wconf 90' lang='lat' dir='ltr'><strong>illum</strong></span> <span class='ocrx_word' id='word_1_247' title='bbox 1324 3714 1412 3781; x_wconf 93' lang='lat' dir='ltr'><strong>qui</strong></span> <span class='ocrx_word' id='word_1_248' title='bbox 1456 3711 1767 3782; x_wconf 87' lang='lat' dir='ltr'><strong>designatus</strong></span> <span class='ocrx_word' id='word_1_249' title='bbox 1797 3720 1899 3777; x_wconf 86' lang='lat' dir='ltr'><strong>est,</strong></span> <span class='ocrx_word' id='word_1_250' title='bbox 1942 3710 1995 3765; x_wconf 87' lang='lat' dir='ltr'><strong>id</strong></span> <span class='ocrx_word' id='word_1_251' title='bbox 2021 3721 2121 3775; x_wconf 87' lang='lat' dir='ltr'><strong>est,</strong></span> 
     </span>
    </p>
   </div>
   <div class='ocr_carea' id='block_1_39' title="bbox 559 3797 2121 3877">
    <p class='ocr_par' dir='ltr' id='par_1_39' title="bbox 559 3797 2121 3877">
     <span class='ocr_line' id='line_1_39' title="bbox 559 3797 2121 3877; baseline -0.003 -17"><span class='ocrx_word' id='word_1_252' title='bbox 559 3823 746 3877; x_wconf 89' lang='lat' dir='ltr'><strong>agrum</strong></span> <span class='ocrx_word' id='word_1_253' title='bbox 785 3797 1034 3873; x_wconf 81' lang='lat' dir='ltr'><strong>episcopo</strong></span> <span class='ocrx_word' id='word_1_254' title='bbox 1062 3805 1380 3858; x_wconf 57' lang='lat' dir='ltr'><strong>Caesariensi</strong></span> <span class='ocrx_word' id='word_1_255' title='bbox 1417 3803 1737 3871; x_wconf 84' lang='lat' dir='ltr'><strong>subjectum.</strong></span> <span class='ocrx_word' id='word_1_256' title='bbox 1773 3802 1998 3858; x_wconf 82' lang='lat' dir='ltr'><strong>Videtur</strong></span> <span class='ocrx_word' id='word_1_257' title='bbox 2032 3817 2121 3855; x_wconf 90' lang='lat' dir='ltr'><strong>vo-</strong></span> 
     </span>
    </p>
   </div>
   <div class='ocr_carea' id='block_1_40' title="bbox 561 3896 2126 3963">
    <p class='ocr_par' dir='ltr' id='par_1_40' title="bbox 561 3896 2126 3963">
     <span class='ocr_line' id='line_1_40' title="bbox 561 3896 2126 3963; baseline -0.001 -12"><span class='ocrx_word' id='word_1_258' title='bbox 561 3912 713 3954; x_wconf 86' lang='lat' dir='ltr'><strong>catus</strong></span> <span class='ocrx_word' id='word_1_259' title='bbox 754 3900 917 3953; x_wconf 85' lang='lat' dir='ltr'><strong>fuisse</strong></span> <span class='ocrx_word' id='word_1_260' title='bbox 952 3898 1193 3952; x_wconf 86' lang='lat' dir='ltr'><strong>Colonia.</strong></span> <span class='ocrx_word' id='word_1_261' title='bbox 1222 3896 1336 3950; x_wconf 87' lang='lat' dir='ltr'><strong>lluc</strong></span> <span class='ocrx_word' id='word_1_262' title='bbox 1369 3898 1511 3950; x_wconf 91' lang='lat' dir='ltr'><strong>enim</strong></span> <span class='ocrx_word' id='word_1_263' title='bbox 1550 3896 1728 3948; x_wconf 87' lang='lat' dir='ltr'><strong>refero</strong></span> <span class='ocrx_word' id='word_1_264' title='bbox 1755 3896 1897 3961; x_wconf 90' lang='lat' dir='ltr'><strong>quod</strong></span> <span class='ocrx_word' id='word_1_265' title='bbox 1933 3896 2126 3963; x_wconf 82' lang='lat' dir='ltr'><strong>legitur</strong></span> 
     </span>
    </p>
   </div>
   <div class='ocr_carea' id='block_1_41' title="bbox 564 3988 2127 4060">
    <p class='ocr_par' dir='ltr' id='par_1_41' title="bbox 564 3988 2127 4060">
     <span class='ocr_line' id='line_1_41' title="bbox 564 3988 2127 4060; baseline -0.004 -14"><span class='ocrx_word' id='word_1_266' title='bbox 564 3995 615 4046; x_wconf 91' lang='lat' dir='ltr'><strong>in</strong></span> <span class='ocrx_word' id='word_1_267' title='bbox 643 3992 863 4060; x_wconf 83' lang='lat' dir='ltr'><strong>epistola</strong></span> <span class='ocrx_word' id='word_1_268' title='bbox 896 3992 995 4046; x_wconf 70' lang='grc'><strong>128</strong></span> <span class='ocrx_word' id='word_1_269' title='bbox 1020 4010 1035 4047; x_wconf 87' lang='lat'><strong>:</strong></span> <span class='ocrx_word' id='word_1_270' title='bbox 1064 3991 1126 4045; x_wconf 85' lang='lat' dir='ltr'><strong>Et</strong></span> <span class='ocrx_word' id='word_1_271' title='bbox 1148 3991 1247 4044; x_wconf 78' lang='lat' dir='ltr'><strong>nisi</strong></span> <span class='ocrx_word' id='word_1_272' title='bbox 1265 3991 1410 4059; x_wconf 83' lang='lat' dir='ltr'><strong>pacis</strong></span> <span class='ocrx_word' id='word_1_273' title='bbox 1432 3989 1607 4043; x_wconf 79' lang='lat' dir='ltr'><strong>studio</strong></span> <span class='ocrx_word' id='word_1_274' title='bbox 1635 4005 1735 4040; x_wconf 83' lang='lat' dir='ltr'><strong>non</strong></span> <span class='ocrx_word' id='word_1_275' title='bbox 1765 3988 2127 4054; x_wconf 83' lang='lat' dir='ltr'><strong>abnegaverim</strong></span> 
     </span>
    </p>
   </div>
   <div class='ocr_carea' id='block_1_42' title="bbox 564 4077 2130 4152">
    <p class='ocr_par' dir='ltr' id='par_1_42' title="bbox 564 4077 2130 4152">
     <span class='ocr_line' id='line_1_42' title="bbox 564 4077 2130 4152; baseline -0.008 -11"><span class='ocrx_word' id='word_1_276' title='bbox 564 4088 739 4141; x_wconf 73' lang='lat' dir='ltr'><strong>venire</strong></span> <span class='ocrx_word' id='word_1_277' title='bbox 769 4085 1064 4147; x_wconf 80' lang='lat' dir='ltr'><strong>Coloniam,</strong></span> <span class='ocrx_word' id='word_1_278' title='bbox 1114 4102 1213 4138; x_wconf 85' lang='lat' dir='ltr'><strong>non</strong></span> <span class='ocrx_word' id='word_1_279' title='bbox 1246 4085 1373 4136; x_wconf 81' lang='lat' dir='ltr'><strong>mihi</strong></span> <span class='ocrx_word' id='word_1_280' title='bbox 1397 4084 1706 4152; x_wconf 71' lang='lat' dir='ltr'><strong>paciﬁcetur</strong></span> <span class='ocrx_word' id='word_1_281' title='bbox 1727 4081 1852 4134; x_wconf 76' lang='lat' dir='ltr'><strong>vim.</strong></span> <span class='ocrx_word' id='word_1_282' title='bbox 1902 4077 2130 4146; x_wconf 82' lang='lat' dir='ltr'><strong>Repellit</strong></span> 
     </span>
    </p>
   </div>
   <div class='ocr_carea' id='block_1_43' title="bbox 567 4167 2129 4236">
    <p class='ocr_par' dir='ltr' id='par_1_43' title="bbox 567 4167 2129 4236">
     <span class='ocr_line' id='line_1_43' title="bbox 567 4167 2129 4236; baseline -0.008 -4"><span class='ocrx_word' id='word_1_283' title='bbox 567 4178 651 4232; x_wconf 75' lang='lat' dir='ltr'><strong>his</strong></span> <span class='ocrx_word' id='word_1_284' title='bbox 674 4175 854 4230; x_wconf 82' lang='lat' dir='ltr'><strong>verbis</strong></span> <span class='ocrx_word' id='word_1_285' title='bbox 886 4176 1114 4229; x_wconf 83' lang='lat' dir='ltr'><strong>Basilius</strong></span> <span class='ocrx_word' id='word_1_286' title='bbox 1151 4174 1561 4228; x_wconf 86' lang='lat' dir='ltr'><strong>criminationes</strong></span> <span class='ocrx_word' id='word_1_287' title='bbox 1604 4172 1867 4225; x_wconf 86' lang='lat' dir='ltr'><strong>Eustathii</strong></span> <span class='ocrx_word' id='word_1_288' title='bbox 1907 4167 2129 4236; x_wconf 83' lang='lat' dir='ltr'><strong>ejusque</strong></span> 
     </span>
    </p>
   </div>
   <div class='ocr_carea' id='block_1_44' title="bbox 566 4261 2130 4336">
    <p class='ocr_par' dir='ltr' id='par_1_44' title="bbox 566 4261 2130 4336">
     <span class='ocr_line' id='line_1_44' title="bbox 566 4261 2130 4336; baseline -0.008 -13"><span class='ocrx_word' id='word_1_289' title='bbox 566 4270 883 4334; x_wconf 83' lang='lat' dir='ltr'><strong>amicorum,</strong></span> <span class='ocrx_word' id='word_1_290' title='bbox 931 4266 1020 4336; x_wconf 85' lang='lat' dir='ltr'><strong>qtri</strong></span> <span class='ocrx_word' id='word_1_291' title='bbox 1078 4266 1248 4333; x_wconf 91' lang='lat' dir='ltr'><strong>ipsum</strong></span> <span class='ocrx_word' id='word_1_292' title='bbox 1301 4264 1443 4316; x_wconf 89' lang='lat' dir='ltr'><strong>malo</strong></span> <span class='ocrx_word' id='word_1_293' title='bbox 1496 4263 1677 4315; x_wconf 91' lang='lat' dir='ltr'><strong>animo</strong></span> <span class='ocrx_word' id='word_1_294' title='bbox 1714 4262 1848 4315; x_wconf 89' lang='lat' dir='ltr'><strong>hanc</strong></span> <span class='ocrx_word' id='word_1_295' title='bbox 1880 4261 2130 4330; x_wconf 86' lang='lat' dir='ltr'><strong>pacifica-</strong></span> 
     </span>
    </p>
   </div>
   <div class='ocr_carea' id='block_1_45' title="bbox 567 4350 2126 4428">
    <p class='ocr_par' dir='ltr' id='par_1_45' title="bbox 567 4350 2126 4428">
     <span class='ocr_line' id='line_1_45' title="bbox 567 4350 2126 4428; baseline -0.007 -11"><span class='ocrx_word' id='word_1_296' title='bbox 567 4365 766 4417; x_wconf 85' lang='lat' dir='ltr'><strong>tionem</strong></span> <span class='ocrx_word' id='word_1_297' title='bbox 816 4361 1120 4428; x_wconf 86' lang='lat' dir='ltr'><strong>suscepisse</strong></span> <span class='ocrx_word' id='word_1_298' title='bbox 1185 4356 1524 4412; x_wconf 86' lang='lat' dir='ltr'><strong>dictitabant.</strong></span> <span class='ocrx_word' id='word_1_299' title='bbox 1576 4354 1933 4419; x_wconf 83' lang='lat' dir='ltr'><strong>Quamobrem</strong></span> <span class='ocrx_word' id='word_1_300' title='bbox 1968 4350 2126 4407; x_wconf 88' lang='lat' dir='ltr'><strong>Colo-</strong></span> 
     </span>
    </p>
   </div>
   <div class='ocr_carea' id='block_1_46' title="bbox 566 4443 2130 4522">
    <p class='ocr_par' dir='ltr' id='par_1_46' title="bbox 566 4443 2130 4522">
     <span class='ocr_line' id='line_1_46' title="bbox 566 4443 2130 4522; baseline -0.008 -14"><span class='ocrx_word' id='word_1_301' title='bbox 566 4456 694 4518; x_wconf 74' lang='lat' dir='ltr'><strong>nia,</strong></span> <span class='ocrx_word' id='word_1_302' title='bbox 720 4470 826 4522; x_wconf 91' lang='lat' dir='ltr'><strong>quo</strong></span> <span class='ocrx_word' id='word_1_303' title='bbox 854 4469 911 4507; x_wconf 89' lang='lat' dir='ltr'><strong>se</strong></span> <span class='ocrx_word' id='word_1_304' title='bbox 943 4454 1091 4521; x_wconf 86' lang='lat' dir='ltr'><strong>pacis</strong></span> <span class='ocrx_word' id='word_1_305' title='bbox 1117 4466 1276 4504; x_wconf 89' lang='lat' dir='ltr'><strong>causa</strong></span> <span class='ocrx_word' id='word_1_306' title='bbox 1309 4447 1521 4502; x_wconf 89' lang='lat' dir='ltr'><strong>venisse</strong></span> <span class='ocrx_word' id='word_1_307' title='bbox 1551 4453 1859 4508; x_wconf 86' lang='lat' dir='ltr'><strong>asseverat,</strong></span> <span class='ocrx_word' id='word_1_308' title='bbox 1898 4443 2010 4511; x_wconf 88' lang='lat' dir='ltr'><strong>ipse</strong></span> <span class='ocrx_word' id='word_1_309' title='bbox 2042 4443 2130 4496; x_wconf 90' lang='lat' dir='ltr'><strong>ille</strong></span> 
     </span>
    </p>
   </div>
   <div class='ocr_carea' id='block_1_47' title="bbox 2214 598 3783 671">
    <p class='ocr_par' dir='ltr' id='par_1_47' title="bbox 2214 598 3783 671">
     <span class='ocr_line' id='line_1_47' title="bbox 2214 598 3783 671; baseline -0.006 -11"><span class='ocrx_word' id='word_1_310' title='bbox 2214 608 2457 667; x_wconf 87' lang='lat' dir='ltr'><strong>amicos,</strong></span> <span class='ocrx_word' id='word_1_311' title='bbox 2506 614 2555 658; x_wconf 90' lang='lat' dir='ltr'><strong>et</strong></span> <span class='ocrx_word' id='word_1_312' title='bbox 2594 604 2737 656; x_wconf 82' lang='lat' dir='ltr'><strong>misit</strong></span> <span class='ocrx_word' id='word_1_313' title='bbox 2768 603 2855 671; x_wconf 92' lang='lat' dir='ltr'><strong>qui</strong></span> <span class='ocrx_word' id='word_1_314' title='bbox 2910 601 3191 669; x_wconf 79' lang='lat' dir='ltr'><strong>episcOpos</strong></span> <span class='ocrx_word' id='word_1_315' title='bbox 3237 598 3520 652; x_wconf 84' lang='lat' dir='ltr'><strong>advenisse</strong></span> <span class='ocrx_word' id='word_1_316' title='bbox 3562 598 3783 651; x_wconf 85' lang='lat' dir='ltr'><strong>nuntia-</strong></span> 
     </span>
    </p>
   </div>
   <div class='ocr_carea' id='block_1_48' title="bbox 2216 686 3778 759">
    <p class='ocr_par' dir='ltr' id='par_1_48' title="bbox 2216 686 3778 759">
     <span class='ocr_line' id='line_1_48' title="bbox 2216 686 3778 759; baseline -0.004 -11"><span class='ocrx_word' id='word_1_317' title='bbox 2216 703 2357 749; x_wconf 84' lang='lat' dir='ltr'><strong>rent.</strong></span> <span class='ocrx_word' id='word_1_318' title='bbox 2380 694 2448 746; x_wconf 81' lang='lat' dir='ltr'><strong>At</strong></span> <span class='ocrx_word' id='word_1_319' title='bbox 2468 709 2532 747; x_wconf 81' lang='lat' dir='ltr'><strong>ex</strong></span> <span class='ocrx_word' id='word_1_320' title='bbox 2562 702 2716 759; x_wconf 88' lang='lat' dir='ltr'><strong>parte</strong></span> <span class='ocrx_word' id='word_1_321' title='bbox 2736 690 3003 745; x_wconf 86' lang='lat' dir='ltr'><strong>Eustathii</strong></span> <span class='ocrx_word' id='word_1_322' title='bbox 3033 702 3189 742; x_wconf 92' lang='lat' dir='ltr'><strong>nemo</strong></span> <span class='ocrx_word' id='word_1_323' title='bbox 3213 688 3419 750; x_wconf 85' lang='lat' dir='ltr'><strong>aderat,</strong></span> <span class='ocrx_word' id='word_1_324' title='bbox 3454 699 3611 740; x_wconf 88' lang='lat' dir='ltr'><strong>nemo</strong></span> <span class='ocrx_word' id='word_1_325' title='bbox 3629 686 3778 741; x_wconf 88' lang='lat' dir='ltr'><strong>illius</strong></span> 
     </span>
    </p>
   </div>
   <div class='ocr_carea' id='block_1_49' title="bbox 2216 775 3784 851">
    <p class='ocr_par' dir='ltr' id='par_1_49' title="bbox 2216 775 3784 851">
     <span class='ocr_line' id='line_1_49' title="bbox 2216 775 3784 851; baseline -0.006 -12"><span class='ocrx_word' id='word_1_326' title='bbox 2216 788 2503 839; x_wconf 90' lang='lat' dir='ltr'><strong>adventum</strong></span> <span class='ocrx_word' id='word_1_327' title='bbox 2541 782 2953 851; x_wconf 57' lang='lat' dir='ltr'><strong>praenuntiabat,</strong></span> <span class='ocrx_word' id='word_1_328' title='bbox 2984 790 3037 833; x_wconf 92' lang='lat' dir='ltr'><strong>et</strong></span> <span class='ocrx_word' id='word_1_329' title='bbox 3067 778 3154 846; x_wconf 91' lang='lat' dir='ltr'><strong>qui</strong></span> <span class='ocrx_word' id='word_1_330' title='bbox 3195 792 3221 830; x_wconf 85' lang='lat' dir='ltr'><strong>a</strong></span> <span class='ocrx_word' id='word_1_331' title='bbox 3256 776 3452 831; x_wconf 86' lang='lat' dir='ltr'><strong>Basilio</strong></span> <span class='ocrx_word' id='word_1_332' title='bbox 3492 776 3639 831; x_wconf 88' lang='lat' dir='ltr'><strong>missi</strong></span> <span class='ocrx_word' id='word_1_333' title='bbox 3672 775 3784 830; x_wconf 76' lang='lat' dir='ltr'><strong>fue-</strong></span> 
     </span>
    </p>
   </div>
   <div class='ocr_carea' id='block_1_50' title="bbox 2216 868 3782 940">
    <p class='ocr_par' dir='ltr' id='par_1_50' title="bbox 2216 868 3782 940">
     <span class='ocr_line' id='line_1_50' title="bbox 2216 868 3782 940; baseline -0.006 -11"><span class='ocrx_word' id='word_1_334' title='bbox 2216 885 2331 930; x_wconf 88' lang='lat' dir='ltr'><strong>rant</strong></span> <span class='ocrx_word' id='word_1_335' title='bbox 2363 878 2426 929; x_wconf 91' lang='lat' dir='ltr'><strong>ad</strong></span> <span class='ocrx_word' id='word_1_336' title='bbox 2455 872 2819 934; x_wconf 87' lang='lat' dir='ltr'><strong>Eustathium,</strong></span> <span class='ocrx_word' id='word_1_337' title='bbox 2854 873 3136 940; x_wconf 90' lang='lat' dir='ltr'><strong>plurimam</strong></span> <span class='ocrx_word' id='word_1_338' title='bbox 3169 870 3276 923; x_wconf 86' lang='lat' dir='ltr'><strong>illic</strong></span> <span class='ocrx_word' id='word_1_339' title='bbox 3305 868 3581 922; x_wconf 87' lang='lat' dir='ltr'><strong>tristitiam</strong></span> <span class='ocrx_word' id='word_1_340' title='bbox 3615 878 3669 922; x_wconf 91' lang='lat' dir='ltr'><strong>et</strong></span> <span class='ocrx_word' id='word_1_341' title='bbox 3698 868 3782 921; x_wconf 88' lang='lat' dir='ltr'><strong>in-</strong></span> 
     </span>
    </p>
   </div>
   <div class='ocr_carea' id='block_1_51' title="bbox 2217 957 3770 1035">
    <p class='ocr_par' dir='ltr' id='par_1_51' title="bbox 2217 957 3770 1035">
     <span class='ocr_line' id='line_1_51' title="bbox 2217 957 3770 1035; baseline -0.006 -16"><span class='ocrx_word' id='word_1_342' title='bbox 2217 966 2595 1035; x_wconf 79' lang='lat' dir='ltr'><strong>dignationem,</strong></span> <span class='ocrx_word' id='word_1_343' title='bbox 2629 964 2780 1030; x_wconf 90' lang='lat' dir='ltr'><strong>quasi</strong></span> <span class='ocrx_word' id='word_1_344' title='bbox 2831 977 2964 1015; x_wconf 79' lang='lat' dir='ltr'><strong>nova</strong></span> <span class='ocrx_word' id='word_1_345' title='bbox 3013 959 3143 1014; x_wconf 79' lang='lat' dir='ltr'><strong>fides</strong></span> <span class='ocrx_word' id='word_1_346' title='bbox 3173 975 3202 1012; x_wconf 94' lang='lat' dir='ltr'><strong>a</strong></span> <span class='ocrx_word' id='word_1_347' title='bbox 3242 958 3439 1013; x_wconf 82' lang='lat' dir='ltr'><strong>Basilio</strong></span> <span class='ocrx_word' id='word_1_348' title='bbox 3492 957 3770 1027; x_wconf 87' lang='lat' dir='ltr'><strong>proposita</strong></span> 
     </span>
    </p>
   </div>
   <div class='ocr_carea' id='block_1_52' title="bbox 2220 1047 3780 1121">
    <p class='ocr_par' dir='ltr' id='par_1_52' title="bbox 2220 1047 3780 1121">
     <span class='ocr_line' id='line_1_52' title="bbox 2220 1047 3780 1121; baseline -0.006 -13"><span class='ocrx_word' id='word_1_349' title='bbox 2220 1055 2428 1121; x_wconf 90' lang='lat' dir='ltr'><strong>fuisset,</strong></span> <span class='ocrx_word' id='word_1_350' title='bbox 2453 1070 2511 1109; x_wconf 91' lang='lat' dir='ltr'><strong>se</strong></span> <span class='ocrx_word' id='word_1_351' title='bbox 2545 1050 2991 1106; x_wconf 84' lang='lat' dir='ltr'><strong>animadvertisse</strong></span> <span class='ocrx_word' id='word_1_352' title='bbox 3029 1057 3341 1111; x_wconf 87' lang='lat' dir='ltr'><strong>narrarunt,</strong></span> <span class='ocrx_word' id='word_1_353' title='bbox 3379 1059 3539 1115; x_wconf 89' lang='lat' dir='ltr'><strong>atque</strong></span> <span class='ocrx_word' id='word_1_354' title='bbox 3568 1063 3633 1101; x_wconf 83' lang='lat' dir='ltr'><strong>ex</strong></span> <span class='ocrx_word' id='word_1_355' title='bbox 3667 1047 3780 1100; x_wconf 86' lang='lat' dir='ltr'><strong>En-</strong></span> 
     </span>
    </p>
   </div>
   <div class='ocr_carea' id='block_1_53' title="bbox 2219 1141 3777 1213">
    <p class='ocr_par' dir='ltr' id='par_1_53' title="bbox 2219 1141 3777 1213">
     <span class='ocr_line' id='line_1_53' title="bbox 2219 1141 3777 1213; baseline -0.008 -12"><span class='ocrx_word' id='word_1_356' title='bbox 2219 1146 2404 1201; x_wconf 88' lang='lat' dir='ltr'><strong>stathii</strong></span> <span class='ocrx_word' id='word_1_357' title='bbox 2454 1143 2736 1213; x_wconf 84' lang='lat' dir='ltr'><strong>discipulis</strong></span> <span class='ocrx_word' id='word_1_358' title='bbox 2781 1141 3183 1203; x_wconf 88' lang='lat' dir='ltr'><strong>audiisse,cum</strong></span> <span class='ocrx_word' id='word_1_359' title='bbox 3227 1141 3467 1193; x_wconf 89' lang='lat' dir='ltr'><strong>dicerent</strong></span> <span class='ocrx_word' id='word_1_360' title='bbox 3498 1152 3777 1207; x_wconf 87' lang='lat' dir='ltr'><strong>nunquam</strong></span> 
     </span>
    </p>
   </div>
   <div class='ocr_carea' id='block_1_54' title="bbox 2217 1228 3781 1307">
    <p class='ocr_par' dir='ltr' id='par_1_54' title="bbox 2217 1228 3781 1307">
     <span class='ocr_line' id='line_1_54' title="bbox 2217 1228 3781 1307; baseline -0.008 -14"><span class='ocrx_word' id='word_1_361' title='bbox 2217 1253 2275 1293; x_wconf 88' lang='lat' dir='ltr'><strong>se</strong></span> <span class='ocrx_word' id='word_1_362' title='bbox 2311 1252 2586 1307; x_wconf 85' lang='lat' dir='ltr'><strong>passuros,</strong></span> <span class='ocrx_word' id='word_1_363' title='bbox 2629 1244 2685 1288; x_wconf 91' lang='lat' dir='ltr'><strong>ut</strong></span> <span class='ocrx_word' id='word_1_364' title='bbox 2711 1234 2777 1287; x_wconf 89' lang='lat' dir='ltr'><strong>ad</strong></span> <span class='ocrx_word' id='word_1_365' title='bbox 2803 1232 3138 1299; x_wconf 85' lang='lat' dir='ltr'><strong>designatum</strong></span> <span class='ocrx_word' id='word_1_366' title='bbox 3170 1230 3343 1282; x_wconf 81' lang='lat' dir='ltr'><strong>iocum</strong></span> <span class='ocrx_word' id='word_1_367' title='bbox 3371 1228 3686 1283; x_wconf 86' lang='lat' dir='ltr'><strong>Eustathius</strong></span> <span class='ocrx_word' id='word_1_368' title='bbox 3718 1240 3781 1280; x_wconf 84' lang='lat' dir='ltr'><strong>se</strong></span> 
     </span>
    </p>
   </div>
   <div class='ocr_carea' id='block_1_55' title="bbox 2216 1316 3775 1389">
    <p class='ocr_par' dir='ltr' id='par_1_55' title="bbox 2216 1316 3775 1389">
     <span class='ocr_line' id='line_1_55' title="bbox 2216 1316 3775 1389; baseline -0.01 -5"><span class='ocrx_word' id='word_1_369' title='bbox 2216 1329 2508 1384; x_wconf 91' lang='lat' dir='ltr'><strong>conferret.</strong></span> <span class='ocrx_word' id='word_1_370' title='bbox 2536 1326 2694 1381; x_wconf 75' lang='lat' dir='ltr'><strong>Venit</strong></span> <span class='ocrx_word' id='word_1_371' title='bbox 2719 1332 2895 1376; x_wconf 91' lang='lat' dir='ltr'><strong>tamen</strong></span> <span class='ocrx_word' id='word_1_372' title='bbox 2920 1320 3115 1389; x_wconf 90' lang='lat' dir='ltr'><strong>aliquis</strong></span> <span class='ocrx_word' id='word_1_373' title='bbox 3145 1318 3559 1387; x_wconf 87' lang='lat' dir='ltr'><strong>perfunctoriam</strong></span> <span class='ocrx_word' id='word_1_374' title='bbox 3579 1316 3775 1370; x_wconf 85' lang='lat' dir='ltr'><strong>Eusta-</strong></span> 
     </span>
    </p>
   </div>
   <div class='ocr_carea' id='block_1_56' title="bbox 2219 1406 3781 1486">
    <p class='ocr_par' dir='ltr' id='par_1_56' title="bbox 2219 1406 3781 1486">
     <span class='ocr_line' id='line_1_56' title="bbox 2219 1406 3781 1486; baseline -0.01 -14"><span class='ocrx_word' id='word_1_375' title='bbox 2219 1420 2314 1472; x_wconf 93' lang='lat' dir='ltr'><strong>thii</strong></span> <span class='ocrx_word' id='word_1_376' title='bbox 2345 1417 2626 1486; x_wconf 90' lang='lat' dir='ltr'><strong>epistolam</strong></span> <span class='ocrx_word' id='word_1_377' title='bbox 2663 1415 2864 1476; x_wconf 87' lang='lat' dir='ltr'><strong>ferens,</strong></span> <span class='ocrx_word' id='word_1_378' title='bbox 2897 1427 2995 1465; x_wconf 90' lang='lat' dir='ltr'><strong>nec</strong></span> <span class='ocrx_word' id='word_1_379' title='bbox 3027 1410 3091 1462; x_wconf 87' lang='lat' dir='ltr'><strong>de</strong></span> <span class='ocrx_word' id='word_1_380' title='bbox 3126 1408 3193 1461; x_wconf 85' lang='lat' dir='ltr'><strong>iis</strong></span> <span class='ocrx_word' id='word_1_381' title='bbox 3218 1423 3335 1475; x_wconf 68' lang='lat' dir='ltr'><strong>qua:</strong></span> <span class='ocrx_word' id='word_1_382' title='bbox 3370 1408 3437 1461; x_wconf 89' lang='lat' dir='ltr'><strong>ab</strong></span> <span class='ocrx_word' id='word_1_383' title='bbox 3466 1406 3619 1460; x_wconf 88' lang='lat' dir='ltr'><strong>initio</strong></span> <span class='ocrx_word' id='word_1_384' title='bbox 3643 1419 3781 1459; x_wconf 86' lang='lat' dir='ltr'><strong>con-</strong></span> 
     </span>
    </p>
   </div>
   <div class='ocr_carea' id='block_1_57' title="bbox 2216 1492 3782 1572">
    <p class='ocr_par' dir='ltr' id='par_1_57' title="bbox 2216 1492 3782 1572">
     <span class='ocr_line' id='line_1_57' title="bbox 2216 1492 3782 1572; baseline -0.01 -11"><span class='ocrx_word' id='word_1_385' title='bbox 2216 1508 2405 1562; x_wconf 88' lang='lat' dir='ltr'><strong>stituta</strong></span> <span class='ocrx_word' id='word_1_386' title='bbox 2462 1504 2694 1569; x_wconf 90' lang='lat' dir='ltr'><strong>fuerant,</strong></span> <span class='ocrx_word' id='word_1_387' title='bbox 2744 1501 3036 1572; x_wconf 90' lang='lat' dir='ltr'><strong>quidquam</strong></span> <span class='ocrx_word' id='word_1_388' title='bbox 3079 1497 3384 1551; x_wconf 88' lang='lat' dir='ltr'><strong>habentem.</strong></span> <span class='ocrx_word' id='word_1_389' title='bbox 3416 1493 3561 1548; x_wconf 80' lang='lat' dir='ltr'><strong>Misit</strong></span> <span class='ocrx_word' id='word_1_390' title='bbox 3609 1492 3782 1546; x_wconf 82' lang='lat' dir='ltr'><strong>etiam</strong></span> 
     </span>
    </p>
   </div>
   <div class='ocr_carea' id='block_1_58' title="bbox 2217 1584 3779 1666">
    <p class='ocr_par' dir='ltr' id='par_1_58' title="bbox 2217 1584 3779 1666">
     <span class='ocr_line' id='line_1_58' title="bbox 2217 1584 3779 1666; baseline -0.014 -14"><span class='ocrx_word' id='word_1_391' title='bbox 2217 1595 2547 1666; x_wconf 90' lang='lat' dir='ltr'><strong>Theophilus</strong></span> <span class='ocrx_word' id='word_1_392' title='bbox 2564 1593 2969 1650; x_wconf 89' lang='lat' dir='ltr'><strong>Castabalorum</strong></span> <span class='ocrx_word' id='word_1_393' title='bbox 2992 1589 3275 1658; x_wconf 89' lang='lat' dir='ltr'><strong>episcopus</strong></span> <span class='ocrx_word' id='word_1_394' title='bbox 3295 1586 3524 1655; x_wconf 89' lang='lat' dir='ltr'><strong>aliquem</strong></span> <span class='ocrx_word' id='word_1_395' title='bbox 3549 1600 3614 1640; x_wconf 81' lang='lat' dir='ltr'><strong>ex</strong></span> <span class='ocrx_word' id='word_1_396' title='bbox 3641 1584 3779 1647; x_wconf 69' lang='lat' dir='ltr'><strong>suis,</strong></span> 
     </span>
    </p>
   </div>
   <div class='ocr_carea' id='block_1_59' title="bbox 2217 1675 3777 1761">
    <p class='ocr_par' dir='ltr' id='par_1_59' title="bbox 2217 1675 3777 1761">
     <span class='ocr_line' id='line_1_59' title="bbox 2217 1675 3777 1761; baseline -0.012 -17"><span class='ocrx_word' id='word_1_397' title='bbox 2217 1691 2307 1761; x_wconf 91' lang='lat' dir='ltr'><strong>qui</strong></span> <span class='ocrx_word' id='word_1_398' title='bbox 2360 1688 2618 1754; x_wconf 66' lang='lat' dir='ltr'><strong>Basiliam</strong></span> <span class='ocrx_word' id='word_1_399' title='bbox 2670 1684 2927 1738; x_wconf 89' lang='lat' dir='ltr'><strong>conviciis</strong></span> <span class='ocrx_word' id='word_1_400' title='bbox 2994 1678 3336 1749; x_wconf 87' lang='lat' dir='ltr'><strong>perfunderet</strong></span> <span class='ocrx_word' id='word_1_401' title='bbox 3372 1699 3382 1731; x_wconf 89' lang='lat'>:</span> <span class='ocrx_word' id='word_1_402' title='bbox 3417 1690 3589 1745; x_wconf 88' lang='lat' dir='ltr'><strong>neque</strong></span> <span class='ocrx_word' id='word_1_403' title='bbox 3631 1675 3777 1729; x_wconf 89' lang='lat' dir='ltr'><strong>enim</strong></span> 
     </span>
    </p>
   </div>
   <div class='ocr_carea' id='block_1_60' title="bbox 2220 1767 3777 1845">
    <p class='ocr_par' dir='ltr' id='par_1_60' title="bbox 2220 1767 3777 1845">
     <span class='ocr_line' id='line_1_60' title="bbox 2220 1767 3777 1845; baseline -0.012 -9"><span class='ocrx_word' id='word_1_404' title='bbox 2220 1781 2457 1836; x_wconf 89' lang='lat' dir='ltr'><strong>scribere</strong></span> <span class='ocrx_word' id='word_1_405' title='bbox 2491 1779 2744 1845; x_wconf 87' lang='lat' dir='ltr'><strong>dignatus</strong></span> <span class='ocrx_word' id='word_1_406' title='bbox 2773 1784 2887 1840; x_wconf 92' lang='lat' dir='ltr'><strong>est;</strong></span> <span class='ocrx_word' id='word_1_407' title='bbox 2922 1789 3025 1827; x_wconf 91' lang='lat' dir='ltr'><strong>non</strong></span> <span class='ocrx_word' id='word_1_408' title='bbox 3054 1783 3163 1824; x_wconf 89' lang='lat' dir='ltr'><strong>tam</strong></span> <span class='ocrx_word' id='word_1_409' title='bbox 3204 1779 3447 1822; x_wconf 88' lang='lat' dir='ltr'><strong>metuens</strong></span> <span class='ocrx_word' id='word_1_410' title='bbox 3478 1782 3546 1820; x_wconf 89' lang='lat' dir='ltr'><strong>ne</strong></span> <span class='ocrx_word' id='word_1_411' title='bbox 3576 1783 3641 1820; x_wconf 75' lang='lat' dir='ltr'><strong>ex</strong></span> <span class='ocrx_word' id='word_1_412' title='bbox 3686 1767 3777 1819; x_wconf 87' lang='lat' dir='ltr'><strong>lit-</strong></span> 
     </span>
    </p>
   </div>
   <div class='ocr_carea' id='block_1_61' title="bbox 2219 1858 3781 1942">
    <p class='ocr_par' dir='ltr' id='par_1_61' title="bbox 2219 1858 3781 1942">
     <span class='ocr_line' id='line_1_61' title="bbox 2219 1858 3781 1942; baseline -0.012 -13"><span class='ocrx_word' id='word_1_413' title='bbox 2219 1875 2349 1929; x_wconf 90' lang='lat' dir='ltr'><strong>teris</strong></span> <span class='ocrx_word' id='word_1_414' title='bbox 2376 1872 2525 1942; x_wconf 89' lang='lat' dir='ltr'><strong>argui</strong></span> <span class='ocrx_word' id='word_1_415' title='bbox 2562 1876 2763 1939; x_wconf 90' lang='lat' dir='ltr'><strong>posset,</strong></span> <span class='ocrx_word' id='word_1_416' title='bbox 2792 1880 2951 1935; x_wconf 91' lang='lat' dir='ltr'><strong>quam</strong></span> <span class='ocrx_word' id='word_1_417' title='bbox 2988 1879 3054 1918; x_wconf 93' lang='lat' dir='ltr'><strong>ne</strong></span> <span class='ocrx_word' id='word_1_418' title='bbox 3081 1865 3131 1916; x_wconf 91' lang='lat' dir='ltr'><strong>in</strong></span> <span class='ocrx_word' id='word_1_419' title='bbox 3164 1860 3537 1915; x_wconf 86' lang='lat' dir='ltr'><strong>necessitatem</strong></span> <span class='ocrx_word' id='word_1_420' title='bbox 3572 1858 3781 1911; x_wconf 83' lang='lat' dir='ltr'><strong>veniret</strong></span> 
     </span>
    </p>
   </div>
   <div class='ocr_carea' id='block_1_62' title="bbox 2217 1948 3782 2030">
    <p class='ocr_par' dir='ltr' id='par_1_62' title="bbox 2217 1948 3782 2030">
     <span class='ocr_line' id='line_1_62' title="bbox 2217 1948 3782 2030; baseline -0.01 -12"><span class='ocrx_word' id='word_1_421' title='bbox 2217 1964 2395 2018; x_wconf 88' lang='lat' dir='ltr'><strong>Basilii</strong></span> <span class='ocrx_word' id='word_1_422' title='bbox 2441 1961 2735 2030; x_wconf 87' lang='lat' dir='ltr'><strong>appellandi</strong></span> <span class='ocrx_word' id='word_1_423' title='bbox 2780 1958 3037 2028; x_wconf 89' lang='lat' dir='ltr'><strong>episcopi.</strong></span> <span class='ocrx_word' id='word_1_424' title='bbox 3071 1955 3161 2010; x_wconf 91' lang='lat' dir='ltr'><strong>Sic</strong></span> <span class='ocrx_word' id='word_1_425' title='bbox 3202 1969 3262 2007; x_wconf 92' lang='lat' dir='ltr'><strong>re</strong></span> <span class='ocrx_word' id='word_1_426' title='bbox 3320 1950 3517 2006; x_wconf 87' lang='lat' dir='ltr'><strong>infecta</strong></span> <span class='ocrx_word' id='word_1_427' title='bbox 3550 1948 3782 2003; x_wconf 89' lang='lat' dir='ltr'><strong>Basilius</strong></span> 
     </span>
    </p>
   </div>
   <div class='ocr_carea' id='block_1_63' title="bbox 2218 2040 3779 2123">
    <p class='ocr_par' dir='ltr' id='par_1_63' title="bbox 2218 2040 3779 2123">
     <span class='ocr_line' id='line_1_63' title="bbox 2218 2040 3779 2123; baseline -0.01 -14"><span class='ocrx_word' id='word_1_428' title='bbox 2218 2063 2271 2109; x_wconf 90' lang='lat' dir='ltr'><strong>et</strong></span> <span class='ocrx_word' id='word_1_429' title='bbox 2323 2052 2579 2123; x_wconf 91' lang='lat' dir='ltr'><strong>episcopi,</strong></span> <span class='ocrx_word' id='word_1_430' title='bbox 2625 2065 2761 2121; x_wconf 90' lang='lat' dir='ltr'><strong>quos</strong></span> <span class='ocrx_word' id='word_1_431' title='bbox 2802 2056 3225 2111; x_wconf 85' lang='lat' dir='ltr'><strong>convocaverat,</strong></span> <span class='ocrx_word' id='word_1_432' title='bbox 3276 2042 3455 2098; x_wconf 73' lang='lat' dir='ltr'><strong>littein</strong></span> <span class='ocrx_word' id='word_1_433' title='bbox 3509 2040 3779 2096; x_wconf 83' lang='lat' dir='ltr'><strong>discesse-</strong></span> 
     </span>
    </p>
   </div>
   <div class='ocr_carea' id='block_1_64' title="bbox 2220 2156 2364 2201">
    <p class='ocr_par' dir='ltr' id='par_1_64' title="bbox 2220 2156 2364 2201">
     <span class='ocr_line' id='line_1_64' title="bbox 2220 2156 2364 2201; baseline 0 -1"><span class='ocrx_word' id='word_1_434' title='bbox 2220 2156 2364 2201; x_wconf 78' lang='lat' dir='ltr'><strong>l&#39;tlttl.</strong></span> 
     </span>
    </p>
   </div>
   <div class='ocr_carea' id='block_1_65' title="bbox 2289 2222 3780 2304">
    <p class='ocr_par' dir='ltr' id='par_1_65' title="bbox 2289 2222 3780 2304">
     <span class='ocr_line' id='line_1_65' title="bbox 2289 2222 3780 2304; baseline -0.009 -13"><span class='ocrx_word' id='word_1_435' title='bbox 2289 2237 2484 2304; x_wconf 87' lang='lat' dir='ltr'><strong>Liquet</strong></span> <span class='ocrx_word' id='word_1_436' title='bbox 2517 2250 2583 2290; x_wconf 77' lang='lat' dir='ltr'><strong>ex</strong></span> <span class='ocrx_word' id='word_1_437' title='bbox 2624 2233 2708 2287; x_wconf 91' lang='lat' dir='ltr'><strong>his</strong></span> <span class='ocrx_word' id='word_1_438' title='bbox 2750 2247 2867 2301; x_wconf 68' lang='lat' dir='ltr'><strong>quae</strong></span> <span class='ocrx_word' id='word_1_439' title='bbox 2901 2230 3237 2286; x_wconf 90' lang='lat' dir='ltr'><strong>narravimus</strong></span> <span class='ocrx_word' id='word_1_440' title='bbox 3275 2225 3629 2295; x_wconf 88' lang='lat' dir='ltr'><strong>Theophilum</strong></span> <span class='ocrx_word' id='word_1_441' title='bbox 3679 2222 3780 2279; x_wconf 87' lang='lat' dir='ltr'><strong>Se-</strong></span> 
     </span>
    </p>
   </div>
   <div class='ocr_carea' id='block_1_66' title="bbox 2220 2318 3786 2391">
    <p class='ocr_par' dir='ltr' id='par_1_66' title="bbox 2220 2318 3786 2391">
     <span class='ocr_line' id='line_1_66' title="bbox 2220 2318 3786 2391; baseline -0.01 -5"><span class='ocrx_word' id='word_1_442' title='bbox 2220 2330 2406 2386; x_wconf 64' lang='lat' dir='ltr'><strong>bastiaa</strong></span> <span class='ocrx_word' id='word_1_443' title='bbox 2439 2327 2622 2387; x_wconf 91' lang='lat' dir='ltr'><strong>fuisse,</strong></span> <span class='ocrx_word' id='word_1_444' title='bbox 2645 2340 2766 2379; x_wconf 91' lang='lat' dir='ltr'><strong>cum</strong></span> <span class='ocrx_word' id='word_1_445' title='bbox 2804 2339 2831 2376; x_wconf 91' lang='lat' dir='ltr'><strong>a</strong></span> <span class='ocrx_word' id='word_1_446' title='bbox 2867 2322 3066 2376; x_wconf 89' lang='lat' dir='ltr'><strong>Basilio</strong></span> <span class='ocrx_word' id='word_1_447' title='bbox 3114 2336 3331 2384; x_wconf 73' lang='lat' dir='ltr'><strong>venere,</strong></span> <span class='ocrx_word' id='word_1_448' title='bbox 3364 2320 3454 2391; x_wconf 88' lang='lat' dir='ltr'><strong>qui</strong></span> <span class='ocrx_word' id='word_1_449' title='bbox 3478 2321 3542 2374; x_wconf 91' lang='lat' dir='ltr'><strong>de</strong></span> <span class='ocrx_word' id='word_1_450' title='bbox 3574 2318 3786 2389; x_wconf 86' lang='lat' dir='ltr'><strong>episco-</strong></span> 
     </span>
    </p>
   </div>
   <div class='ocr_carea' id='block_1_67' title="bbox 2218 2409 3787 2494">
    <p class='ocr_par' dir='ltr' id='par_1_67' title="bbox 2218 2409 3787 2494">
     <span class='ocr_line' id='line_1_67' title="bbox 2218 2409 3787 2494; baseline -0.01 -16"><span class='ocrx_word' id='word_1_451' title='bbox 2218 2438 2409 2494; x_wconf 90' lang='lat' dir='ltr'><strong>porum</strong></span> <span class='ocrx_word' id='word_1_452' title='bbox 2470 2422 2703 2475; x_wconf 90' lang='lat' dir='ltr'><strong>adventu</strong></span> <span class='ocrx_word' id='word_1_453' title='bbox 2753 2416 3062 2469; x_wconf 85' lang='lat' dir='ltr'><strong>nuntiarent</strong></span> <span class='ocrx_word' id='word_1_454' title='bbox 3113 2412 3213 2482; x_wconf 76' lang='lat' dir='ltr'><strong>(It).</strong></span> <span class='ocrx_word' id='word_1_455' title='bbox 3265 2412 3400 2466; x_wconf 87' lang='lat' dir='ltr'><strong>Cum</strong></span> <span class='ocrx_word' id='word_1_456' title='bbox 3454 2413 3558 2466; x_wconf 91' lang='lat' dir='ltr'><strong>hoc</strong></span> <span class='ocrx_word' id='word_1_457' title='bbox 3619 2409 3787 2464; x_wconf 78' lang='lat' dir='ltr'><strong>Cilice</strong></span> 
     </span>
    </p>
   </div>
   <div class='ocr_carea' id='block_1_68' title="bbox 2218 2500 3785 2584">
    <p class='ocr_par' dir='ltr' id='par_1_68' title="bbox 2218 2500 3785 2584">
     <span class='ocr_line' id='line_1_68' title="bbox 2218 2500 3785 2584; baseline -0.01 -15"><span class='ocrx_word' id='word_1_458' title='bbox 2218 2515 2470 2584; x_wconf 79' lang='lat' dir='ltr'><strong>episcopo</strong></span> <span class='ocrx_word' id='word_1_459' title='bbox 2508 2510 2819 2567; x_wconf 88' lang='lat' dir='ltr'><strong>Eustathius</strong></span> <span class='ocrx_word' id='word_1_460' title='bbox 2848 2508 2902 2561; x_wconf 92' lang='lat' dir='ltr'><strong>in</strong></span> <span class='ocrx_word' id='word_1_461' title='bbox 2937 2504 3193 2559; x_wconf 86' lang='lat' dir='ltr'><strong>Basilium</strong></span> <span class='ocrx_word' id='word_1_462' title='bbox 3233 2500 3682 2569; x_wconf 83' lang='lat' dir='ltr'><strong>frequentissimis</strong></span> <span class='ocrx_word' id='word_1_463' title='bbox 3729 2500 3785 2554; x_wconf 84' lang='lat' dir='ltr'><strong>in</strong></span> 
     </span>
    </p>
   </div>
   <div class='ocr_carea' id='block_1_69' title="bbox 2225 2590 3787 2665">
    <p class='ocr_par' dir='ltr' id='par_1_69' title="bbox 2225 2590 3787 2665">
     <span class='ocr_line' id='line_1_69' title="bbox 2225 2590 3787 2665; baseline -0.014 -4"><span class='ocrx_word' id='word_1_464' title='bbox 2225 2606 2580 2661; x_wconf 89' lang='lat' dir='ltr'><strong>concionibus</strong></span> <span class='ocrx_word' id='word_1_465' title='bbox 2611 2602 2982 2660; x_wconf 88' lang='lat' dir='ltr'><strong>invehebatur,</strong></span> <span class='ocrx_word' id='word_1_466' title='bbox 3011 2594 3164 2665; x_wconf 88' lang='lat' dir='ltr'><strong>quasi</strong></span> <span class='ocrx_word' id='word_1_467' title='bbox 3197 2593 3425 2647; x_wconf 84' lang='lat' dir='ltr'><strong>Basilius</strong></span> <span class='ocrx_word' id='word_1_468' title='bbox 3452 2590 3634 2659; x_wconf 86' lang='lat' dir='ltr'><strong>populi</strong></span> <span class='ocrx_word' id='word_1_469' title='bbox 3668 2591 3787 2643; x_wconf 85' lang='lat' dir='ltr'><strong>ani-</strong></span> 
     </span>
    </p>
   </div>
   <div class='ocr_carea' id='block_1_70' title="bbox 2221 2682 3791 2763">
    <p class='ocr_par' dir='ltr' id='par_1_70' title="bbox 2221 2682 3791 2763">
     <span class='ocr_line' id='line_1_70' title="bbox 2221 2682 3791 2763; baseline -0.013 -9"><span class='ocrx_word' id='word_1_470' title='bbox 2221 2699 2326 2754; x_wconf 90' lang='lat' dir='ltr'><strong>mis</strong></span> <span class='ocrx_word' id='word_1_471' title='bbox 2354 2698 2526 2751; x_wconf 91' lang='lat' dir='ltr'><strong>aliena</strong></span> <span class='ocrx_word' id='word_1_472' title='bbox 2581 2694 2650 2749; x_wconf 90' lang='lat' dir='ltr'><strong>ab</strong></span> <span class='ocrx_word' id='word_1_473' title='bbox 2683 2694 2851 2763; x_wconf 90' lang='lat' dir='ltr'><strong>ipsius</strong></span> <span class='ocrx_word' id='word_1_474' title='bbox 2884 2688 3146 2745; x_wconf 82' lang='lat' dir='ltr'><strong>Eustathii</strong></span> <span class='ocrx_word' id='word_1_475' title='bbox 3179 2685 3425 2740; x_wconf 89' lang='lat' dir='ltr'><strong>doctrina</strong></span> <span class='ocrx_word' id='word_1_476' title='bbox 3468 2682 3791 2736; x_wconf 87' lang='lat' dir='ltr'><strong>iuseruisset</strong></span> 
     </span>
    </p>
   </div>
   <div class='ocr_carea' id='block_1_71' title="bbox 2221 2770 3789 2861">
    <p class='ocr_par' dir='ltr' id='par_1_71' title="bbox 2221 2770 3789 2861">
     <span class='ocr_line' id='line_1_71' title="bbox 2221 2770 3789 2861; baseline -0.013 -16"><span class='ocrx_word' id='word_1_477' title='bbox 2221 2791 2491 2861; x_wconf 78' lang='lat' dir='ltr'><strong>dogmata.</strong></span> <span class='ocrx_word' id='word_1_478' title='bbox 2528 2786 2665 2841; x_wconf 85' lang='lat' dir='ltr'><strong>Huic</strong></span> <span class='ocrx_word' id='word_1_479' title='bbox 2693 2782 3059 2841; x_wconf 90' lang='lat' dir='ltr'><strong>criminationi</strong></span> <span class='ocrx_word' id='word_1_480' title='bbox 3098 2779 3270 2835; x_wconf 89' lang='lat' dir='ltr'><strong>locum</strong></span> <span class='ocrx_word' id='word_1_481' title='bbox 3317 2774 3531 2830; x_wconf 77' lang='lat' dir='ltr'><strong>videtur</strong></span> <span class='ocrx_word' id='word_1_482' title='bbox 3568 2770 3789 2826; x_wconf 85' lang='lat' dir='ltr'><strong>dedisse</strong></span> 
     </span>
    </p>
   </div>
   <div class='ocr_carea' id='block_1_72' title="bbox 2222 2862 3790 2948">
    <p class='ocr_par' dir='ltr' id='par_1_72' title="bbox 2222 2862 3790 2948">
     <span class='ocr_line' id='line_1_72' title="bbox 2222 2862 3790 2948; baseline -0.011 -12"><span class='ocrx_word' id='word_1_483' title='bbox 2222 2898 2326 2936; x_wconf 91' lang='lat' dir='ltr'><strong>non</strong></span> <span class='ocrx_word' id='word_1_484' title='bbox 2358 2890 2461 2934; x_wconf 88' lang='lat' dir='ltr'><strong>tam</strong></span> <span class='ocrx_word' id='word_1_485' title='bbox 2490 2878 2790 2948; x_wconf 89' lang='lat' dir='ltr'><strong>subscripta</strong></span> <span class='ocrx_word' id='word_1_486' title='bbox 2814 2878 2879 2930; x_wconf 90' lang='lat' dir='ltr'><strong>ab</strong></span> <span class='ocrx_word' id='word_1_487' title='bbox 2899 2874 3202 2937; x_wconf 89' lang='lat' dir='ltr'><strong>Eustathio,</strong></span> <span class='ocrx_word' id='word_1_488' title='bbox 3228 2868 3411 2923; x_wconf 90' lang='lat' dir='ltr'><strong>Basilii</strong></span> <span class='ocrx_word' id='word_1_489' title='bbox 3441 2865 3628 2934; x_wconf 90' lang='lat' dir='ltr'><strong>petitu,</strong></span> <span class='ocrx_word' id='word_1_490' title='bbox 3653 2862 3790 2918; x_wconf 75' lang='lat' dir='ltr'><strong>fides</strong></span> 
     </span>
    </p>
   </div>
   <div class='ocr_carea' id='block_1_73' title="bbox 2225 2955 3786 3039">
    <p class='ocr_par' dir='ltr' id='par_1_73' title="bbox 2225 2955 3786 3039">
     <span class='ocr_line' id='line_1_73' title="bbox 2225 2955 3786 3039; baseline -0.013 -13"><span class='ocrx_word' id='word_1_491' title='bbox 2225 2974 2459 3033; x_wconf 74' lang='lat' dir='ltr'><strong>Nicaena.</strong></span> <span class='ocrx_word' id='word_1_492' title='bbox 2489 2986 2650 3039; x_wconf 90' lang='lat' dir='ltr'><strong>quam</strong></span> <span class='ocrx_word' id='word_1_493' title='bbox 2697 2985 2724 3022; x_wconf 92' lang='lat' dir='ltr'><strong>a</strong></span> <span class='ocrx_word' id='word_1_494' title='bbox 2756 2967 2978 3031; x_wconf 90' lang='lat' dir='ltr'><strong>Basilio,</strong></span> <span class='ocrx_word' id='word_1_495' title='bbox 3032 2969 3160 3019; x_wconf 90' lang='lat' dir='ltr'><strong>dum</strong></span> <span class='ocrx_word' id='word_1_496' title='bbox 3214 2960 3461 3015; x_wconf 88' lang='lat' dir='ltr'><strong>Sebaslia</strong></span> <span class='ocrx_word' id='word_1_497' title='bbox 3507 2955 3786 3039; x_wconf 80' lang='lat' dir='ltr'><strong>transiret,</strong></span> 
     </span>
    </p>
   </div>
   <div class='ocr_carea' id='block_1_74' title="bbox 2226 3038 3787 3130">
    <p class='ocr_par' dir='ltr' id='par_1_74' title="bbox 2226 3038 3787 3130">
     <span class='ocr_line' id='line_1_74' title="bbox 2226 3038 3787 3130; baseline -0.014 -17"><span class='ocrx_word' id='word_1_498' title='bbox 2226 3061 2399 3130; x_wconf 89' lang='lat' dir='ltr'><strong>palam</strong></span> <span class='ocrx_word' id='word_1_499' title='bbox 2434 3068 2487 3118; x_wconf 87' lang='lat' dir='ltr'><strong>et</strong></span> <span class='ocrx_word' id='word_1_500' title='bbox 2512 3038 2737 3125; x_wconf 83' lang='lat' dir='ltr'><strong>aperte,</strong></span> <span class='ocrx_word' id='word_1_501' title='bbox 2769 3072 2871 3108; x_wconf 87' lang='lat' dir='ltr'><strong>non</strong></span> <span class='ocrx_word' id='word_1_502' title='bbox 2902 3070 2966 3108; x_wconf 77' lang='lat' dir='ltr'><strong>ex</strong></span> <span class='ocrx_word' id='word_1_503' title='bbox 2999 3068 3056 3106; x_wconf 91' lang='lat' dir='ltr'><strong>re</strong></span> <span class='ocrx_word' id='word_1_504' title='bbox 3082 3060 3136 3106; x_wconf 86' lang='lat' dir='ltr'><strong>et</strong></span> <span class='ocrx_word' id='word_1_505' title='bbox 3168 3048 3434 3105; x_wconf 87' lang='lat' dir='ltr'><strong>sententia</strong></span> <span class='ocrx_word' id='word_1_506' title='bbox 3491 3038 3787 3106; x_wconf 88' lang='lat' dir='ltr'><strong>Eustathii,</strong></span> 
     </span>
    </p>
   </div>
   <div class='ocr_carea' id='block_1_75' title="bbox 2224 3132 3790 3221">
    <p class='ocr_par' dir='ltr' id='par_1_75' title="bbox 2224 3132 3790 3221">
     <span class='ocr_line' id='line_1_75' title="bbox 2224 3132 3790 3221; baseline -0.011 -17"><span class='ocrx_word' id='word_1_507' title='bbox 2224 3150 2419 3221; x_wconf 88' lang='lat' dir='ltr'><strong>populo</strong></span> <span class='ocrx_word' id='word_1_508' title='bbox 2453 3148 2762 3218; x_wconf 69' lang='lat' dir='ltr'><strong>prazdicata.</strong></span> <span class='ocrx_word' id='word_1_509' title='bbox 2794 3144 2907 3198; x_wconf 84' lang='lat' dir='ltr'><strong>Non</strong></span> <span class='ocrx_word' id='word_1_510' title='bbox 2957 3144 3101 3197; x_wconf 91' lang='lat' dir='ltr'><strong>enim</strong></span> <span class='ocrx_word' id='word_1_511' title='bbox 3153 3138 3504 3194; x_wconf 89' lang='lat' dir='ltr'><strong>dubitandum</strong></span> <span class='ocrx_word' id='word_1_512' title='bbox 3544 3143 3626 3189; x_wconf 88' lang='lat' dir='ltr'><strong>est</strong></span> <span class='ocrx_word' id='word_1_513' title='bbox 3655 3132 3790 3201; x_wconf 87' lang='lat' dir='ltr'><strong>quin</strong></span> 
     </span>
    </p>
   </div>
   <div class='ocr_carea' id='block_1_76' title="bbox 2225 3228 3789 3297">
    <p class='ocr_par' dir='ltr' id='par_1_76' title="bbox 2225 3228 3789 3297">
     <span class='ocr_line' id='line_1_76' title="bbox 2225 3228 3789 3297; baseline -0.013 0"><span class='ocrx_word' id='word_1_514' title='bbox 2225 3241 2542 3297; x_wconf 89' lang='lat' dir='ltr'><strong>Eustathius</strong></span> <span class='ocrx_word' id='word_1_515' title='bbox 2598 3238 2741 3291; x_wconf 87' lang='lat' dir='ltr'><strong>hunc</strong></span> <span class='ocrx_word' id='word_1_516' title='bbox 2774 3237 3035 3290; x_wconf 88' lang='lat' dir='ltr'><strong>honorem</strong></span> <span class='ocrx_word' id='word_1_517' title='bbox 3081 3231 3278 3285; x_wconf 88' lang='lat' dir='ltr'><strong>Basilio</strong></span> <span class='ocrx_word' id='word_1_518' title='bbox 3318 3228 3592 3291; x_wconf 87' lang='lat' dir='ltr'><strong>habuerit,</strong></span> <span class='ocrx_word' id='word_1_519' title='bbox 3625 3238 3789 3294; x_wconf 88' lang='lat' dir='ltr'><strong>quem</strong></span> 
     </span>
    </p>
   </div>
   <div class='ocr_carea' id='block_1_77' title="bbox 2224 3306 3794 3404">
    <p class='ocr_par' dir='ltr' id='par_1_77' title="bbox 2224 3306 3794 3404">
     <span class='ocr_line' id='line_1_77' title="bbox 2224 3306 3794 3404; baseline -0.014 -15"><span class='ocrx_word' id='word_1_520' title='bbox 2224 3330 2493 3404; x_wconf 87' lang='lat' dir='ltr'><strong>episcopis</strong></span> <span class='ocrx_word' id='word_1_521' title='bbox 2518 3332 2569 3381; x_wconf 93' lang='lat' dir='ltr'><strong>in</strong></span> <span class='ocrx_word' id='word_1_522' title='bbox 2606 3328 2779 3381; x_wconf 89' lang='lat' dir='ltr'><strong>aliena</strong></span> <span class='ocrx_word' id='word_1_523' title='bbox 2813 3306 3041 3380; x_wconf 87' lang='lat' dir='ltr'><strong>ecclesia</strong></span> <span class='ocrx_word' id='word_1_524' title='bbox 3072 3320 3268 3375; x_wconf 91' lang='lat' dir='ltr'><strong>deferri</strong></span> <span class='ocrx_word' id='word_1_525' title='bbox 3308 3332 3423 3372; x_wconf 87' lang='lat' dir='ltr'><strong>mos</strong></span> <span class='ocrx_word' id='word_1_526' title='bbox 3453 3326 3591 3380; x_wconf 88' lang='lat' dir='ltr'><strong>erat,</strong></span> <span class='ocrx_word' id='word_1_527' title='bbox 3625 3326 3683 3370; x_wconf 92' lang='lat' dir='ltr'><strong>ut</strong></span> <span class='ocrx_word' id='word_1_528' title='bbox 3711 3314 3794 3369; x_wconf 89' lang='lat' dir='ltr'><strong>eis</strong></span> 
     </span>
    </p>
   </div>
   <div class='ocr_carea' id='block_1_78' title="bbox 2226 3418 3153 3498">
    <p class='ocr_par' dir='ltr' id='par_1_78' title="bbox 2226 3418 3153 3498">
     <span class='ocr_line' id='line_1_78' title="bbox 2226 3418 3153 3498; baseline -0.014 -16"><span class='ocrx_word' id='word_1_529' title='bbox 2226 3425 2453 3498; x_wconf 89' lang='lat' dir='ltr'><strong>pupulus</strong></span> <span class='ocrx_word' id='word_1_530' title='bbox 2476 3420 2803 3479; x_wconf 87' lang='lat' dir='ltr'><strong>erudiendus</strong></span> <span class='ocrx_word' id='word_1_531' title='bbox 2829 3418 3153 3471; x_wconf 89' lang='lat' dir='ltr'><strong>traderetur.</strong></span> 
     </span>
    </p>
   </div>
   <div class='ocr_carea' id='block_1_79' title="bbox 2295 3498 3796 3573">
    <p class='ocr_par' dir='ltr' id='par_1_79' title="bbox 2295 3498 3796 3573">
     <span class='ocr_line' id='line_1_79' title="bbox 2295 3498 3796 3573; baseline -0.013 -1"><span class='ocrx_word' id='word_1_532' title='bbox 2295 3518 2360 3573; x_wconf 88' lang='lat' dir='ltr'><strong>ll.</strong></span> <span class='ocrx_word' id='word_1_533' title='bbox 2392 3518 2447 3572; x_wconf 91' lang='lat' dir='ltr'><strong>S.</strong></span> <span class='ocrx_word' id='word_1_534' title='bbox 2478 3514 2742 3571; x_wconf 88' lang='lat' dir='ltr'><strong>Eusebius</strong></span> <span class='ocrx_word' id='word_1_535' title='bbox 2774 3506 3195 3568; x_wconf 88' lang='lat' dir='ltr'><strong>Samosatensis,</strong></span> <span class='ocrx_word' id='word_1_536' title='bbox 3217 3517 3339 3559; x_wconf 91' lang='lat' dir='ltr'><strong>cum</strong></span> <span class='ocrx_word' id='word_1_537' title='bbox 3371 3498 3598 3555; x_wconf 84' lang='lat' dir='ltr'><strong>moleste</strong></span> <span class='ocrx_word' id='word_1_538' title='bbox 3624 3498 3796 3552; x_wconf 82' lang='lat' dir='ltr'><strong>ferret</strong></span> 
     </span>
    </p>
   </div>
   <div class='ocr_carea' id='block_1_80' title="bbox 2226 3592 3794 3669">
    <p class='ocr_par' dir='ltr' id='par_1_80' title="bbox 2226 3592 3794 3669">
     <span class='ocr_line' id='line_1_80' title="bbox 2226 3592 3794 3669; baseline -0.017 -4"><span class='ocrx_word' id='word_1_539' title='bbox 2226 3612 2328 3665; x_wconf 92' lang='lat' dir='ltr'><strong>hoc</strong></span> <span class='ocrx_word' id='word_1_540' title='bbox 2355 3608 2645 3662; x_wconf 88' lang='lat' dir='ltr'><strong>amicorum</strong></span> <span class='ocrx_word' id='word_1_541' title='bbox 2668 3603 2945 3659; x_wconf 86' lang='lat' dir='ltr'><strong>dissidinm</strong></span> <span class='ocrx_word' id='word_1_542' title='bbox 2967 3600 3054 3669; x_wconf 88' lang='lat' dir='ltr'><strong>(i),</strong></span> <span class='ocrx_word' id='word_1_543' title='bbox 3086 3597 3315 3651; x_wconf 90' lang='lat' dir='ltr'><strong>medium</strong></span> <span class='ocrx_word' id='word_1_544' title='bbox 3335 3607 3393 3649; x_wconf 90' lang='lat' dir='ltr'><strong>se</strong></span> <span class='ocrx_word' id='word_1_545' title='bbox 3412 3592 3552 3647; x_wconf 89' lang='lat' dir='ltr'><strong>inter</strong></span> <span class='ocrx_word' id='word_1_546' title='bbox 3578 3599 3794 3643; x_wconf 88' lang='lat' dir='ltr'><strong>utrum-</strong></span> 
     </span>
    </p>
   </div>
   <div class='ocr_carea' id='block_1_81' title="bbox 2228 3678 3800 3769">
    <p class='ocr_par' dir='ltr' id='par_1_81' title="bbox 2228 3678 3800 3769">
     <span class='ocr_line' id='line_1_81' title="bbox 2228 3678 3800 3769; baseline -0.012 -17"><span class='ocrx_word' id='word_1_547' title='bbox 2228 3714 2332 3769; x_wconf 89' lang='lat' dir='ltr'><strong>que</strong></span> <span class='ocrx_word' id='word_1_548' title='bbox 2366 3700 2705 3767; x_wconf 88' lang='lat' dir='ltr'><strong>interposuit,</strong></span> <span class='ocrx_word' id='word_1_549' title='bbox 2740 3711 2802 3750; x_wconf 92' lang='lat' dir='ltr'><strong>ac</strong></span> <span class='ocrx_word' id='word_1_550' title='bbox 2841 3707 3023 3763; x_wconf 86' lang='lat' dir='ltr'><strong>pacem</strong></span> <span class='ocrx_word' id='word_1_551' title='bbox 3047 3700 3276 3744; x_wconf 77' lang='lat' dir='ltr'><strong>conatus</strong></span> <span class='ocrx_word' id='word_1_552' title='bbox 3303 3696 3387 3742; x_wconf 88' lang='lat' dir='ltr'><strong>est</strong></span> <span class='ocrx_word' id='word_1_553' title='bbox 3415 3683 3641 3739; x_wconf 86' lang='lat' dir='ltr'><strong>sarcire.</strong></span> <span class='ocrx_word' id='word_1_554' title='bbox 3672 3678 3800 3746; x_wconf 73' lang='lat' dir='ltr'><strong>Egit</strong></span> 
     </span>
    </p>
   </div>
   <div class='ocr_carea' id='block_1_82' title="bbox 2229 3775 3799 3850">
    <p class='ocr_par' dir='ltr' id='par_1_82' title="bbox 2229 3775 3799 3850">
     <span class='ocr_line' id='line_1_82' title="bbox 2229 3775 3799 3850; baseline -0.012 -4"><span class='ocrx_word' id='word_1_555' title='bbox 2229 3806 2348 3846; x_wconf 93' lang='lat' dir='ltr'><strong>cum</strong></span> <span class='ocrx_word' id='word_1_556' title='bbox 2392 3789 2692 3850; x_wconf 85' lang='lat' dir='ltr'><strong>Eustathio,</strong></span> <span class='ocrx_word' id='word_1_557' title='bbox 2724 3795 2782 3838; x_wconf 90' lang='lat' dir='ltr'><strong>nt</strong></span> <span class='ocrx_word' id='word_1_558' title='bbox 2811 3786 2860 3838; x_wconf 91' lang='lat' dir='ltr'><strong>is</strong></span> <span class='ocrx_word' id='word_1_559' title='bbox 2887 3784 3044 3838; x_wconf 82' lang='lat' dir='ltr'><strong>ﬁdem</strong></span> <span class='ocrx_word' id='word_1_560' title='bbox 3069 3796 3221 3834; x_wconf 90' lang='lat' dir='ltr'><strong>suam</strong></span> <span class='ocrx_word' id='word_1_561' title='bbox 3252 3785 3528 3847; x_wconf 75' lang='lat' dir='ltr'><strong>purgaret,</strong></span> <span class='ocrx_word' id='word_1_562' title='bbox 3551 3785 3608 3831; x_wconf 86' lang='lat' dir='ltr'><strong>et</strong></span> <span class='ocrx_word' id='word_1_563' title='bbox 3638 3775 3706 3829; x_wconf 81' lang='lat' dir='ltr'><strong>ab</strong></span> <span class='ocrx_word' id='word_1_564' title='bbox 3728 3784 3799 3827; x_wconf 87' lang='lat' dir='ltr'><strong>eo</strong></span> 
     </span>
    </p>
   </div>
   <div class='ocr_carea' id='block_1_83' title="bbox 2229 3868 3798 3954">
    <p class='ocr_par' dir='ltr' id='par_1_83' title="bbox 2229 3868 3798 3954">
     <span class='ocr_line' id='line_1_83' title="bbox 2229 3868 3798 3954; baseline -0.013 -14"><span class='ocrx_word' id='word_1_565' title='bbox 2229 3892 2452 3954; x_wconf 86' lang='lat' dir='ltr'><strong>accepta</strong></span> <span class='ocrx_word' id='word_1_566' title='bbox 2486 3882 2550 3935; x_wconf 90' lang='lat' dir='ltr'><strong>de</strong></span> <span class='ocrx_word' id='word_1_567' title='bbox 2572 3880 2675 3934; x_wconf 83' lang='lat' dir='ltr'><strong>fide</strong></span> <span class='ocrx_word' id='word_1_568' title='bbox 2696 3890 2950 3945; x_wconf 90' lang='lat' dir='ltr'><strong>responsa</strong></span> <span class='ocrx_word' id='word_1_569' title='bbox 2984 3873 3127 3926; x_wconf 91' lang='lat' dir='ltr'><strong>misit</strong></span> <span class='ocrx_word' id='word_1_570' title='bbox 3147 3871 3212 3924; x_wconf 91' lang='lat' dir='ltr'><strong>ad</strong></span> <span class='ocrx_word' id='word_1_571' title='bbox 3243 3868 3500 3923; x_wconf 89' lang='lat' dir='ltr'><strong>Basilium</strong></span> <span class='ocrx_word' id='word_1_572' title='bbox 3527 3868 3614 3938; x_wconf 87' lang='lat' dir='ltr'><strong>(j),</strong></span> <span class='ocrx_word' id='word_1_573' title='bbox 3634 3880 3798 3937; x_wconf 90' lang='lat' dir='ltr'><strong>quem</strong></span> 
     </span>
    </p>
   </div>
   <div class='ocr_carea' id='block_1_84' title="bbox 2229 3955 3802 4045">
    <p class='ocr_par' dir='ltr' id='par_1_84' title="bbox 2229 3955 3802 4045">
     <span class='ocr_line' id='line_1_84' title="bbox 2229 3955 3802 4045; baseline -0.014 -13"><span class='ocrx_word' id='word_1_574' title='bbox 2229 3979 2389 4032; x_wconf 91' lang='lat' dir='ltr'><strong>etiam</strong></span> <span class='ocrx_word' id='word_1_575' title='bbox 2432 3975 2497 4029; x_wconf 93' lang='lat' dir='ltr'><strong>ad</strong></span> <span class='ocrx_word' id='word_1_576' title='bbox 2525 3988 2710 4045; x_wconf 90' lang='lat' dir='ltr'><strong>pacem</strong></span> <span class='ocrx_word' id='word_1_577' title='bbox 2765 3968 3111 4032; x_wconf 88' lang='lat' dir='ltr'><strong>hortabatur,</strong></span> <span class='ocrx_word' id='word_1_578' title='bbox 3149 3972 3203 4017; x_wconf 94' lang='lat' dir='ltr'><strong>et</strong></span> <span class='ocrx_word' id='word_1_579' title='bbox 3237 3958 3559 4015; x_wconf 87' lang='lat' dir='ltr'><strong>humilitatis</strong></span> <span class='ocrx_word' id='word_1_580' title='bbox 3592 3955 3802 4027; x_wconf 80' lang='lat' dir='ltr'><strong>signifi-</strong></span> 
     </span>
    </p>
   </div>
   <div class='ocr_carea' id='block_1_85' title="bbox 2231 4062 3028 4131">
    <p class='ocr_par' dir='ltr' id='par_1_85' title="bbox 2231 4062 3028 4131">
     <span class='ocr_line' id='line_1_85' title="bbox 2231 4062 3028 4131; baseline -0.011 -9"><span class='ocrx_word' id='word_1_581' title='bbox 2231 4068 2472 4122; x_wconf 89' lang='lat' dir='ltr'><strong>cationes</strong></span> <span class='ocrx_word' id='word_1_582' title='bbox 2500 4067 2567 4119; x_wconf 91' lang='lat' dir='ltr'><strong>ab</strong></span> <span class='ocrx_word' id='word_1_583' title='bbox 2594 4079 2657 4119; x_wconf 92' lang='lat' dir='ltr'><strong>eo</strong></span> <span class='ocrx_word' id='word_1_584' title='bbox 2686 4062 3028 4131; x_wconf 90' lang='lat' dir='ltr'><strong>reposcebat.</strong></span> 
     </span>
    </p>
   </div>
   <div class='ocr_carea' id='block_1_86' title="bbox 2305 4142 3804 4225">
    <p class='ocr_par' dir='ltr' id='par_1_86' title="bbox 2305 4142 3804 4225">
     <span class='ocr_line' id='line_1_86' title="bbox 2305 4142 3804 4225; baseline -0.009 -14"><span class='ocrx_word' id='word_1_585' title='bbox 2305 4157 2615 4225; x_wconf 81' lang='lat' dir='ltr'><strong>Respondet</strong></span> <span class='ocrx_word' id='word_1_586' title='bbox 2648 4155 2876 4210; x_wconf 86' lang='lat' dir='ltr'><strong>Basilius</strong></span> <span class='ocrx_word' id='word_1_587' title='bbox 2902 4166 2963 4206; x_wconf 87' lang='lat' dir='ltr'><strong>se</strong></span> <span class='ocrx_word' id='word_1_588' title='bbox 2985 4165 3081 4221; x_wconf 92' lang='lat' dir='ltr'><strong>pro</strong></span> <span class='ocrx_word' id='word_1_589' title='bbox 3120 4162 3251 4217; x_wconf 90' lang='lat' dir='ltr'><strong>pace</strong></span> <span class='ocrx_word' id='word_1_590' title='bbox 3273 4145 3435 4199; x_wconf 86' lang='lat' dir='ltr'><strong>vitam</strong></span> <span class='ocrx_word' id='word_1_591' title='bbox 3473 4142 3804 4213; x_wconf 82' lang='lat' dir='ltr'><strong>profundere</strong></span> 
     </span>
    </p>
   </div>
   <div class='ocr_carea' id='block_1_87' title="bbox 2234 4236 3802 4319">
    <p class='ocr_par' dir='ltr' id='par_1_87' title="bbox 2234 4236 3802 4319">
     <span class='ocr_line' id='line_1_87' title="bbox 2234 4236 3802 4319; baseline -0.011 -15"><span class='ocrx_word' id='word_1_592' title='bbox 2234 4258 2477 4319; x_wconf 89' lang='lat' dir='ltr'><strong>paratum</strong></span> <span class='ocrx_word' id='word_1_593' title='bbox 2501 4262 2644 4312; x_wconf 90' lang='lat' dir='ltr'><strong>esse,</strong></span> <span class='ocrx_word' id='word_1_594' title='bbox 2672 4247 2764 4302; x_wconf 89' lang='lat' dir='ltr'><strong>sed</strong></span> <span class='ocrx_word' id='word_1_595' title='bbox 2789 4257 2972 4297; x_wconf 79' lang='lat' dir='ltr'><strong>veram</strong></span> <span class='ocrx_word' id='word_1_596' title='bbox 3015 4253 3225 4308; x_wconf 84' lang='lat' dir='ltr'><strong>pacem,</strong></span> <span class='ocrx_word' id='word_1_597' title='bbox 3254 4252 3373 4307; x_wconf 72' lang='lat' dir='ltr'><strong>quae</strong></span> <span class='ocrx_word' id='word_1_598' title='bbox 3399 4252 3427 4291; x_wconf 89' lang='lat' dir='ltr'><strong>a</strong></span> <span class='ocrx_word' id='word_1_599' title='bbox 3462 4236 3688 4292; x_wconf 89' lang='lat' dir='ltr'><strong>Domino</strong></span> <span class='ocrx_word' id='word_1_600' title='bbox 3717 4249 3802 4287; x_wconf 86' lang='lat' dir='ltr'><strong>re-</strong></span> 
     </span>
    </p>
   </div>
   <div class='ocr_carea' id='block_1_88' title="bbox 2234 4322 3803 4407">
    <p class='ocr_par' dir='ltr' id='par_1_88' title="bbox 2234 4322 3803 4407">
     <span class='ocr_line' id='line_1_88' title="bbox 2234 4322 3803 4407; baseline -0.013 -12"><span class='ocrx_word' id='word_1_601' title='bbox 2234 4341 2355 4396; x_wconf 92' lang='lat' dir='ltr'><strong>licta</strong></span> <span class='ocrx_word' id='word_1_602' title='bbox 2385 4348 2487 4405; x_wconf 90' lang='lat' dir='ltr'><strong>est,</strong></span> <span class='ocrx_word' id='word_1_603' title='bbox 2521 4339 2808 4407; x_wconf 82' lang='lat' dir='ltr'><strong>exquirere</strong></span> <span class='ocrx_word' id='word_1_604' title='bbox 2839 4349 2854 4397; x_wconf 91' lang='lat'><strong>;</strong></span> <span class='ocrx_word' id='word_1_605' title='bbox 2894 4331 2961 4386; x_wconf 89' lang='lat' dir='ltr'><strong>ab</strong></span> <span class='ocrx_word' id='word_1_606' title='bbox 2998 4329 3283 4384; x_wconf 84' lang='lat' dir='ltr'><strong>Eustathio</strong></span> <span class='ocrx_word' id='word_1_607' title='bbox 3326 4339 3504 4383; x_wconf 88' lang='lat' dir='ltr'><strong>autem</strong></span> <span class='ocrx_word' id='word_1_608' title='bbox 3550 4323 3683 4378; x_wconf 91' lang='lat' dir='ltr'><strong>nihil</strong></span> <span class='ocrx_word' id='word_1_609' title='bbox 3712 4322 3803 4377; x_wconf 87' lang='lat' dir='ltr'><strong>af-</strong></span> 
     </span>
    </p>
   </div>
   <div class='ocr_carea' id='block_1_89' title="bbox 2234 4416 3807 4503">
    <p class='ocr_par' dir='ltr' id='par_1_89' title="bbox 2234 4416 3807 4503">
     <span class='ocr_line' id='line_1_89' title="bbox 2234 4416 3807 4503; baseline -0.01 -15"><span class='ocrx_word' id='word_1_610' title='bbox 2234 4434 2360 4490; x_wconf 89' lang='lat' dir='ltr'><strong>ferri</strong></span> <span class='ocrx_word' id='word_1_611' title='bbox 2392 4433 2535 4503; x_wconf 89' lang='lat' dir='ltr'><strong>qnod</strong></span> <span class='ocrx_word' id='word_1_612' title='bbox 2565 4426 2830 4498; x_wconf 87' lang='lat' dir='ltr'><strong>ejusmodi</strong></span> <span class='ocrx_word' id='word_1_613' title='bbox 2857 4439 3042 4495; x_wconf 89' lang='lat' dir='ltr'><strong>pacem</strong></span> <span class='ocrx_word' id='word_1_614' title='bbox 3080 4423 3374 4479; x_wconf 86' lang='lat' dir='ltr'><strong>conciliare</strong></span> <span class='ocrx_word' id='word_1_615' title='bbox 3405 4417 3612 4489; x_wconf 87' lang='lat' dir='ltr'><strong>possit;</strong></span> <span class='ocrx_word' id='word_1_616' title='bbox 3648 4416 3716 4471; x_wconf 84' lang='lat' dir='ltr'><strong>ab</strong></span> <span class='ocrx_word' id='word_1_617' title='bbox 3738 4429 3807 4472; x_wconf 86' lang='lat' dir='ltr'><strong>eo</strong></span> 
     </span>
    </p>
   </div>
   <div class='ocr_carea' id='block_1_90' title="bbox 566 4509 3807 4613">
    <p class='ocr_par' dir='ltr' id='par_1_90' title="bbox 566 4509 3807 4613">
     <span class='ocr_line' id='line_1_90' title="bbox 566 4509 3807 4613; baseline -0.011 -14"><span class='ocrx_word' id='word_1_618' title='bbox 566 4547 715 4602; x_wconf 85' lang='lat' dir='ltr'><strong>locus</strong></span> <span class='ocrx_word' id='word_1_619' title='bbox 741 4544 963 4613; x_wconf 82' lang='lat' dir='ltr'><strong>intelligi</strong></span> <span class='ocrx_word' id='word_1_620' title='bbox 986 4543 1166 4605; x_wconf 80' lang='lat' dir='ltr'><strong>debet,</strong></span> <span class='ocrx_word' id='word_1_621' title='bbox 1201 4541 1287 4594; x_wconf 93' lang='lat' dir='ltr'><strong>ubi</strong></span> <span class='ocrx_word' id='word_1_622' title='bbox 1313 4548 1612 4594; x_wconf 85' lang='lat' dir='ltr'><strong>conventus</strong></span> <span class='ocrx_word' id='word_1_623' title='bbox 1640 4538 2010 4605; x_wconf 86' lang='lat' dir='ltr'><strong>episcoporum</strong></span> <span class='ocrx_word' id='word_1_624' title='bbox 2041 4535 2124 4587; x_wconf 87' lang='lat' dir='ltr'><strong>iu-</strong></span> <span class='ocrx_word' id='word_1_625' title='bbox 2158 4546 2203 4602; x_wconf 75' lang='grc' dir='ltr'><strong>ι)</strong></span> <span class='ocrx_word' id='word_1_626' title='bbox 2234 4528 2374 4581; x_wconf 88' lang='lat' dir='ltr'><strong>cnim</strong></span> <span class='ocrx_word' id='word_1_627' title='bbox 2401 4523 2684 4594; x_wconf 61' lang='lat' dir='ltr'><strong>quaesitum</strong></span> <span class='ocrx_word' id='word_1_628' title='bbox 2713 4532 2835 4575; x_wconf 89' lang='lat' dir='ltr'><strong>esse</strong></span> <span class='ocrx_word' id='word_1_629' title='bbox 2861 4518 2928 4573; x_wconf 90' lang='lat' dir='ltr'><strong>ab</strong></span> <span class='ocrx_word' id='word_1_630' title='bbox 2953 4517 3133 4583; x_wconf 92' lang='lat' dir='ltr'><strong>initio,</strong></span> <span class='ocrx_word' id='word_1_631' title='bbox 3158 4526 3338 4569; x_wconf 90' lang='lat' dir='ltr'><strong>utrum</strong></span> <span class='ocrx_word' id='word_1_632' title='bbox 3374 4528 3401 4565; x_wconf 90' lang='lat' dir='ltr'><strong>a</strong></span> <span class='ocrx_word' id='word_1_633' title='bbox 3426 4509 3807 4565; x_wconf 83' lang='lat' dir='ltr'><strong>communione</strong></span> 
     </span>
    </p>
   </div>
   <div class='ocr_carea' id='block_1_91' title="bbox 565 4639 764 4694">
    <p class='ocr_par' dir='ltr' id='par_1_91' title="bbox 565 4639 764 4694">
     <span class='ocr_line' id='line_1_91' title="bbox 565 4639 764 4694; baseline -0.02 0"><span class='ocrx_word' id='word_1_634' title='bbox 565 4639 764 4694; x_wconf 91' lang='lat' dir='ltr'><strong>dictus.</strong></span> 
     </span>
    </p>
   </div>
   <div class='ocr_carea' id='block_1_92' title="bbox 633 4713 2133 4795">
    <p class='ocr_par' dir='ltr' id='par_1_92' title="bbox 633 4713 2133 4795">
     <span class='ocr_line' id='line_1_92' title="bbox 633 4713 2133 4795; baseline -0.009 -13"><span class='ocrx_word' id='word_1_635' title='bbox 633 4727 893 4795; x_wconf 86' lang='lat' dir='ltr'><strong>Quamvis</strong></span> <span class='ocrx_word' id='word_1_636' title='bbox 944 4722 1293 4791; x_wconf 79' lang='lat' dir='ltr'><strong>Basilius({),</strong></span> <span class='ocrx_word' id='word_1_637' title='bbox 1342 4736 1462 4775; x_wconf 91' lang='lat' dir='ltr'><strong>cum</strong></span> <span class='ocrx_word' id='word_1_638' title='bbox 1517 4718 1800 4772; x_wconf 84' lang='lat' dir='ltr'><strong>formulam</strong></span> <span class='ocrx_word' id='word_1_639' title='bbox 1853 4713 2133 4769; x_wconf 86' lang='lat' dir='ltr'><strong>Eustathio</strong></span> 
     </span>
    </p>
   </div>
   <div class='ocr_carea' id='block_1_93' title="bbox 566 4809 2133 4885">
    <p class='ocr_par' dir='ltr' id='par_1_93' title="bbox 566 4809 2133 4885">
     <span class='ocr_line' id='line_1_93' title="bbox 566 4809 2133 4885; baseline -0.011 -10"><span class='ocrx_word' id='word_1_640' title='bbox 566 4818 1013 4875; x_wconf 88' lang='lat' dir='ltr'><strong>subscribendam</strong></span> <span class='ocrx_word' id='word_1_641' title='bbox 1068 4811 1373 4885; x_wconf 84' lang='lat' dir='ltr'><strong>proposuit,</strong></span> <span class='ocrx_word' id='word_1_642' title='bbox 1417 4812 1573 4865; x_wconf 82' lang='lat' dir='ltr'><strong>fidem</strong></span> <span class='ocrx_word' id='word_1_643' title='bbox 1631 4809 1775 4862; x_wconf 91' lang='lat' dir='ltr'><strong>illius</strong></span> <span class='ocrx_word' id='word_1_644' title='bbox 1831 4814 2133 4875; x_wconf 88' lang='lat' dir='ltr'><strong>suspectam</strong></span> 
     </span>
    </p>
   </div>
   <div class='ocr_carea' id='block_1_94' title="bbox 568 4897 2134 4973">
    <p class='ocr_par' dir='ltr' id='par_1_94' title="bbox 568 4897 2134 4973">
     <span class='ocr_line' id='line_1_94' title="bbox 568 4897 2134 4973; baseline -0.013 -7"><span class='ocrx_word' id='word_1_645' title='bbox 568 4927 674 4966; x_wconf 91' lang='lat' dir='ltr'><strong>non</strong></span> <span class='ocrx_word' id='word_1_646' title='bbox 711 4910 956 4973; x_wconf 90' lang='lat' dir='ltr'><strong>haberet,</strong></span> <span class='ocrx_word' id='word_1_647' title='bbox 989 4908 1081 4963; x_wconf 88' lang='lat' dir='ltr'><strong>sed</strong></span> <span class='ocrx_word' id='word_1_648' title='bbox 1107 4908 1208 4961; x_wconf 94' lang='lat' dir='ltr'><strong>hoc</strong></span> <span class='ocrx_word' id='word_1_649' title='bbox 1250 4905 1407 4958; x_wconf 88' lang='lat' dir='ltr'><strong>unice</strong></span> <span class='ocrx_word' id='word_1_650' title='bbox 1437 4910 1728 4971; x_wconf 89' lang='lat' dir='ltr'><strong>spectaret,</strong></span> <span class='ocrx_word' id='word_1_651' title='bbox 1759 4910 1815 4954; x_wconf 91' lang='lat' dir='ltr'><strong>ut</strong></span> <span class='ocrx_word' id='word_1_652' title='bbox 1837 4897 2134 4951; x_wconf 90' lang='lat' dir='ltr'><strong>amicorum</strong></span> 
     </span>
    </p>
   </div>
   <div class='ocr_carea' id='block_1_95' title="bbox 570 4987 2131 5070">
    <p class='ocr_par' dir='ltr' id='par_1_95' title="bbox 570 4987 2131 5070">
     <span class='ocr_line' id='line_1_95' title="bbox 570 4987 2131 5070; baseline -0.012 -15"><span class='ocrx_word' id='word_1_653' title='bbox 570 5003 976 5070; x_wconf 87' lang='lat' dir='ltr'><strong>suspicionibus</strong></span> <span class='ocrx_word' id='word_1_654' title='bbox 1011 5008 1065 5053; x_wconf 91' lang='lat' dir='ltr'><strong>et</strong></span> <span class='ocrx_word' id='word_1_655' title='bbox 1104 4998 1446 5053; x_wconf 88' lang='lat' dir='ltr'><strong>inimicorum</strong></span> <span class='ocrx_word' id='word_1_656' title='bbox 1477 5000 1788 5048; x_wconf 90' lang='lat' dir='ltr'><strong>occurreret</strong></span> <span class='ocrx_word' id='word_1_657' title='bbox 1824 4987 2131 5047; x_wconf 86' lang='lat' dir='ltr'><strong>calumniis;</strong></span> 
     </span>
    </p>
   </div>
   <div class='ocr_carea' id='block_1_96' title="bbox 569 5080 2134 5147">
    <p class='ocr_par' dir='ltr' id='par_1_96' title="bbox 569 5080 2134 5147">
     <span class='ocr_line' id='line_1_96' title="bbox 569 5080 2134 5147; baseline -0.009 0"><span class='ocrx_word' id='word_1_658' title='bbox 569 5109 631 5147; x_wconf 90' lang='lat' dir='ltr'><strong>ea</strong></span> <span class='ocrx_word' id='word_1_659' title='bbox 666 5109 750 5147; x_wconf 80' lang='lat' dir='ltr'><strong>res</strong></span> <span class='ocrx_word' id='word_1_660' title='bbox 776 5102 953 5146; x_wconf 88' lang='lat' dir='ltr'><strong>tamen</strong></span> <span class='ocrx_word' id='word_1_661' title='bbox 974 5090 1238 5145; x_wconf 86' lang='lat' dir='ltr'><strong>Eustathii</strong></span> <span class='ocrx_word' id='word_1_662' title='bbox 1262 5090 1500 5141; x_wconf 87' lang='lat' dir='ltr'><strong>furorem</strong></span> <span class='ocrx_word' id='word_1_663' title='bbox 1526 5084 1791 5147; x_wconf 86' lang='lat' dir='ltr'><strong>accendit,</strong></span> <span class='ocrx_word' id='word_1_664' title='bbox 1823 5082 1973 5146; x_wconf 86' lang='lat' dir='ltr'><strong>isque</strong></span> <span class='ocrx_word' id='word_1_665' title='bbox 1999 5080 2134 5133; x_wconf 90' lang='lat' dir='ltr'><strong>hanc</strong></span> 
     </span>
    </p>
   </div>
   <div class='ocr_carea' id='block_1_97' title="bbox 566 5171 2135 5255">
    <p class='ocr_par' dir='ltr' id='par_1_97' title="bbox 566 5171 2135 5255">
     <span class='ocr_line' id='line_1_97' title="bbox 566 5171 2135 5255; baseline -0.01 -15"><span class='ocrx_word' id='word_1_666' title='bbox 566 5188 796 5255; x_wconf 88' lang='lat' dir='ltr'><strong>primam</strong></span> <span class='ocrx_word' id='word_1_667' title='bbox 828 5186 1055 5239; x_wconf 69' lang='lat' dir='ltr'><strong>interna:</strong></span> <span class='ocrx_word' id='word_1_668' title='bbox 1099 5183 1235 5237; x_wconf 88' lang='lat' dir='ltr'><strong>labis</strong></span> <span class='ocrx_word' id='word_1_669' title='bbox 1284 5178 1733 5244; x_wconf 74' lang='lat' dir='ltr'><strong>significationem</strong></span> <span class='ocrx_word' id='word_1_670' title='bbox 1765 5173 1929 5232; x_wconf 89' lang='lat' dir='ltr'><strong>dedit.</strong></span> <span class='ocrx_word' id='word_1_671' title='bbox 1963 5181 2019 5223; x_wconf 91' lang='lat' dir='ltr'><strong>ut</strong></span> <span class='ocrx_word' id='word_1_672' title='bbox 2068 5171 2135 5224; x_wconf 88' lang='lat' dir='ltr'><strong>ad</strong></span> 
     </span>
    </p>
   </div>
   <div class='ocr_carea' id='block_1_98' title="bbox 569 5261 2132 5332">
    <p class='ocr_par' dir='ltr' id='par_1_98' title="bbox 569 5261 2132 5332">
     <span class='ocr_line' id='line_1_98' title="bbox 569 5261 2132 5332; baseline -0.01 -2"><span class='ocrx_word' id='word_1_673' title='bbox 569 5278 711 5332; x_wconf 90' lang='lat' dir='ltr'><strong>diem</strong></span> <span class='ocrx_word' id='word_1_674' title='bbox 742 5286 796 5331; x_wconf 86' lang='lat' dir='ltr'><strong>et</strong></span> <span class='ocrx_word' id='word_1_675' title='bbox 826 5276 1001 5329; x_wconf 88' lang='lat' dir='ltr'><strong>locum</strong></span> <span class='ocrx_word' id='word_1_676' title='bbox 1037 5276 1226 5329; x_wconf 90' lang='lat' dir='ltr'><strong>adesse</strong></span> <span class='ocrx_word' id='word_1_677' title='bbox 1254 5274 1440 5326; x_wconf 91' lang='lat' dir='ltr'><strong>nollet.</strong></span> <span class='ocrx_word' id='word_1_678' title='bbox 1470 5268 1659 5324; x_wconf 81' lang='lat' dir='ltr'><strong>Adfuit</strong></span> <span class='ocrx_word' id='word_1_679' title='bbox 1687 5276 1869 5322; x_wconf 90' lang='lat' dir='ltr'><strong>autem</strong></span> <span class='ocrx_word' id='word_1_680' title='bbox 1898 5261 2132 5315; x_wconf 90' lang='lat' dir='ltr'><strong>Basilius</strong></span> 
     </span>
    </p>
   </div>
   <div class='ocr_carea' id='block_1_99' title="bbox 570 5356 2126 5439">
    <p class='ocr_par' dir='ltr' id='par_1_99' title="bbox 570 5356 2126 5439">
     <span class='ocr_line' id='line_1_99' title="bbox 570 5356 2126 5439; baseline -0.013 -15"><span class='ocrx_word' id='word_1_681' title='bbox 570 5369 645 5439; x_wconf 87' lang='lat' dir='ltr'><strong>(g)</strong></span> <span class='ocrx_word' id='word_1_682' title='bbox 680 5368 985 5437; x_wconf 86' lang='lat' dir='ltr'><strong>diligenter,</strong></span> <span class='ocrx_word' id='word_1_683' title='bbox 1012 5375 1215 5419; x_wconf 88' lang='lat' dir='ltr'><strong>etcum</strong></span> <span class='ocrx_word' id='word_1_684' title='bbox 1263 5364 1380 5432; x_wconf 81' lang='lat' dir='ltr'><strong>ejus</strong></span> <span class='ocrx_word' id='word_1_685' title='bbox 1426 5361 1583 5415; x_wconf 90' lang='lat' dir='ltr'><strong>amici</strong></span> <span class='ocrx_word' id='word_1_686' title='bbox 1618 5359 1813 5431; x_wconf 88' lang='lat' dir='ltr'><strong>partim</strong></span> <span class='ocrx_word' id='word_1_687' title='bbox 1856 5356 2126 5414; x_wconf 90' lang='lat' dir='ltr'><strong>adessent,</strong></span> 
     </span>
    </p>
   </div>
   <div class='ocr_carea' id='block_1_100' title="bbox 640 5546 1190 5613">
    <p class='ocr_par' dir='ltr' id='par_1_100' title="bbox 640 5546 1190 5613">
     <span class='ocr_line' id='line_1_100' title="bbox 640 5546 1190 5613; baseline -0.022 -6"><span class='ocrx_word' id='word_1_688' title='bbox 640 5546 714 5613; x_wconf 81' lang='grc' dir='ltr'><strong>(η)</strong></span> <span class='ocrx_word' id='word_1_689' title='bbox 748 5548 840 5612; x_wconf 82' lang='lat' dir='ltr'><strong>Ep.</strong></span> <span class='ocrx_word' id='word_1_690' title='bbox 874 5548 1001 5609; x_wconf 66' lang='grc' dir='ltr'><strong>ΞΜ,</strong></span> <span class='ocrx_word' id='word_1_691' title='bbox 1046 5563 1098 5598; x_wconf 93' lang='lat' dir='ltr'><strong>n.</strong></span> <span class='ocrx_word' id='word_1_692' title='bbox 1135 5546 1190 5597; x_wconf 69' lang='grc'><strong>2.</strong></span> 
     </span>
    </p>
   </div>
   <div class='ocr_carea' id='block_1_101' title="bbox 641 5614 871 5686">
    <p class='ocr_par' dir='ltr' id='par_1_101' title="bbox 641 5614 871 5686">
     <span class='ocr_line' id='line_1_101' title="bbox 641 5614 871 5686; baseline 0.009 -21"><span class='ocrx_word' id='word_1_693' title='bbox 641 5614 713 5686; x_wconf 77' lang='lat' dir='ltr'><strong>(b)</strong></span> <span class='ocrx_word' id='word_1_694' title='bbox 742 5616 871 5686; x_wconf 61' lang='lat' dir='ltr'><strong>nitu.</strong></span> 
     </span>
    </p>
   </div>
   <div class='ocr_carea' id='block_1_102' title="bbox 644 5672 1569 5771">
    <p class='ocr_par' dir='ltr' id='par_1_102' title="bbox 644 5672 1569 5771">
     <span class='ocr_line' id='line_1_102' title="bbox 644 5672 1569 5771; baseline -0.022 -28"><span class='ocrx_word' id='word_1_695' title='bbox 746 5680 866 5771; x_wconf 50' lang='lat' dir='ltr'><strong>Eii).</strong></span> <span class='ocrx_word' id='word_1_696' title='bbox 894 5683 999 5771; x_wconf 49' lang='lat' dir='ltr'><strong>‘tj‘r‘t</strong></span> <span class='ocrx_word' id='word_1_697' title='bbox 1038 5681 1247 5733; x_wconf 82' lang='lat' dir='ltr'><strong>Nestor.</strong></span> <span class='ocrx_word' id='word_1_698' title='bbox 1275 5688 1318 5729; x_wconf 87' lang='lat' dir='ltr'><strong>et</strong></span> <span class='ocrx_word' id='word_1_699' title='bbox 1350 5672 1569 5742; x_wconf 82' lang='lat' dir='ltr'><strong>Eutych.</strong></span> 
     </span>
    </p>
   </div>
   <div class='ocr_carea' id='block_1_103' title="bbox 646 5752 1197 5883">
    <p class='ocr_par' dir='ltr' id='par_1_103' title="bbox 646 5752 1197 5883">
     <span class='ocr_line' id='line_1_103' title="bbox 646 5752 1011 5815; baseline -0.025 -6"><span class='ocrx_word' id='word_1_700' title='bbox 646 5752 724 5810; x_wconf 73' lang='lat' dir='ltr'><strong>id)</strong></span> <span class='ocrx_word' id='word_1_701' title='bbox 761 5752 857 5815; x_wconf 88' lang='lat' dir='ltr'><strong>Ep.</strong></span> <span class='ocrx_word' id='word_1_702' title='bbox 891 5752 1011 5801; x_wconf 76' lang='grc'><strong>150.</strong></span> 
     </span>
     <span class='ocr_line' id='line_1_104' title="bbox 652 5810 1197 5883; baseline -0.013 -15"><span class='ocrx_word' id='word_1_703' title='bbox 652 5818 724 5883; x_wconf 70' lang='grc' dir='ltr'><strong>(ε)</strong></span> <span class='ocrx_word' id='word_1_704' title='bbox 764 5818 863 5883; x_wconf 75' lang='lat' dir='ltr'><strong>Ep.</strong></span> <span class='ocrx_word' id='word_1_705' title='bbox 894 5816 1021 5871; x_wconf 61' lang='lat' dir='ltr'><strong>2H,</strong></span> <span class='ocrx_word' id='word_1_706' title='bbox 1053 5829 1107 5862; x_wconf 91' lang='lat' dir='ltr'><strong>Il.</strong></span> <span class='ocrx_word' id='word_1_707' title='bbox 1138 5810 1197 5861; x_wconf 73' lang='lat'><strong>‘2.</strong></span> 
     </span>
    </p>
   </div>
   <div class='ocr_carea' id='block_1_104' title="bbox 2233 4601 3807 4683">
    <p class='ocr_par' dir='ltr' id='par_1_104' title="bbox 2233 4601 3807 4683">
     <span class='ocr_line' id='line_1_105' title="bbox 2233 4601 3807 4683; baseline -0.012 -12"><span class='ocrx_word' id='word_1_708' title='bbox 2233 4625 2415 4671; x_wconf 89' lang='lat' dir='ltr'><strong>arceat</strong></span> <span class='ocrx_word' id='word_1_709' title='bbox 2434 4628 2531 4669; x_wconf 90' lang='lat' dir='ltr'><strong>eos</strong></span> <span class='ocrx_word' id='word_1_710' title='bbox 2551 4613 2639 4683; x_wconf 90' lang='lat' dir='ltr'><strong>qui</strong></span> <span class='ocrx_word' id='word_1_711' title='bbox 2672 4611 2831 4666; x_wconf 90' lang='lat' dir='ltr'><strong>tidem</strong></span> <span class='ocrx_word' id='word_1_712' title='bbox 2854 4609 3127 4663; x_wconf 70' lang='lat' dir='ltr'><strong>Nicaanam</strong></span> <span class='ocrx_word' id='word_1_713' title='bbox 3155 4620 3263 4660; x_wconf 90' lang='lat' dir='ltr'><strong>non</strong></span> <span class='ocrx_word' id='word_1_714' title='bbox 3295 4601 3579 4671; x_wconf 90' lang='lat' dir='ltr'><strong>recipiunt,</strong></span> <span class='ocrx_word' id='word_1_715' title='bbox 3604 4612 3807 4656; x_wconf 86' lang='lat' dir='ltr'><strong>etcum</strong></span> 
     </span>
    </p>
   </div>
   <div class='ocr_carea' id='block_1_105' title="bbox 2240 4692 3804 4775">
    <p class='ocr_par' dir='ltr' id='par_1_105' title="bbox 2240 4692 3804 4775">
     <span class='ocr_line' id='line_1_106' title="bbox 2240 4692 3804 4775; baseline -0.015 -10"><span class='ocrx_word' id='word_1_716' title='bbox 2240 4711 2308 4766; x_wconf 91' lang='lat' dir='ltr'><strong>iis</strong></span> <span class='ocrx_word' id='word_1_717' title='bbox 2335 4708 2425 4775; x_wconf 90' lang='lat' dir='ltr'><strong>qui</strong></span> <span class='ocrx_word' id='word_1_718' title='bbox 2465 4706 2727 4775; x_wconf 90' lang='lat' dir='ltr'><strong>Spiritum</strong></span> <span class='ocrx_word' id='word_1_719' title='bbox 2754 4712 2999 4758; x_wconf 91' lang='lat' dir='ltr'><strong>sanctum</strong></span> <span class='ocrx_word' id='word_1_720' title='bbox 3035 4709 3343 4754; x_wconf 87' lang='lat' dir='ltr'><strong>creaturam</strong></span> <span class='ocrx_word' id='word_1_721' title='bbox 3371 4695 3552 4751; x_wconf 88' lang='lat' dir='ltr'><strong>dicere</strong></span> <span class='ocrx_word' id='word_1_722' title='bbox 3582 4692 3804 4759; x_wconf 83' lang='lat' dir='ltr'><strong>audent,</strong></span> 
     </span>
    </p>
   </div>
   <div class='ocr_carea' id='block_1_106' title="bbox 2236 4784 3803 4868">
    <p class='ocr_par' dir='ltr' id='par_1_106' title="bbox 2236 4784 3803 4868">
     <span class='ocr_line' id='line_1_107' title="bbox 2236 4784 3803 4868; baseline -0.01 -14"><span class='ocrx_word' id='word_1_723' title='bbox 2236 4809 2439 4868; x_wconf 86' lang='lat' dir='ltr'><strong>partem</strong></span> <span class='ocrx_word' id='word_1_724' title='bbox 2466 4798 2663 4852; x_wconf 85' lang='lat' dir='ltr'><strong>habere</strong></span> <span class='ocrx_word' id='word_1_725' title='bbox 2687 4794 2819 4849; x_wconf 92' lang='lat' dir='ltr'><strong>nolit</strong></span> <span class='ocrx_word' id='word_1_726' title='bbox 2851 4793 2977 4849; x_wconf 90' lang='lat' dir='ltr'><strong>:cui</strong></span> <span class='ocrx_word' id='word_1_727' title='bbox 3011 4789 3293 4861; x_wconf 65' lang='lat' dir='ltr'><strong>quaestioni</strong></span> <span class='ocrx_word' id='word_1_728' title='bbox 3317 4804 3437 4844; x_wconf 87' lang='lat' dir='ltr'><strong>cum</strong></span> <span class='ocrx_word' id='word_1_729' title='bbox 3473 4784 3803 4853; x_wconf 88' lang='lat' dir='ltr'><strong>respondere</strong></span> 
     </span>
    </p>
   </div>
   <div class='ocr_carea' id='block_1_107' title="bbox 2240 4872 3806 4947">
    <p class='ocr_par' dir='ltr' id='par_1_107' title="bbox 2240 4872 3806 4947">
     <span class='ocr_line' id='line_1_108' title="bbox 2240 4872 3806 4947; baseline -0.009 -4"><span class='ocrx_word' id='word_1_730' title='bbox 2240 4890 2307 4943; x_wconf 91' lang='lat' dir='ltr'><strong>ad</strong></span> <span class='ocrx_word' id='word_1_731' title='bbox 2356 4889 2583 4942; x_wconf 89' lang='lat' dir='ltr'><strong>verbum</strong></span> <span class='ocrx_word' id='word_1_732' title='bbox 2641 4885 2934 4947; x_wconf 89' lang='lat' dir='ltr'><strong>debuisset,</strong></span> <span class='ocrx_word' id='word_1_733' title='bbox 2963 4883 3016 4934; x_wconf 92' lang='lat' dir='ltr'><strong>in</strong></span> <span class='ocrx_word' id='word_1_734' title='bbox 3070 4880 3187 4934; x_wconf 89' lang='lat' dir='ltr'><strong>illas</strong></span> <span class='ocrx_word' id='word_1_735' title='bbox 3226 4879 3512 4934; x_wconf 88' lang='lat' dir='ltr'><strong>verborum</strong></span> <span class='ocrx_word' id='word_1_736' title='bbox 3553 4872 3806 4942; x_wconf 83' lang='lat' dir='ltr'><strong>ambages</strong></span> 
     </span>
    </p>
   </div>
   <div class='ocr_carea' id='block_1_108' title="bbox 2242 4963 3807 5047">
    <p class='ocr_par' dir='ltr' id='par_1_108' title="bbox 2242 4963 3807 5047">
     <span class='ocr_line' id='line_1_109' title="bbox 2242 4963 3807 5047; baseline -0.012 -10"><span class='ocrx_word' id='word_1_737' title='bbox 2242 4980 2550 5043; x_wconf 80' lang='lat' dir='ltr'><strong>deﬂexisse,</strong></span> <span class='ocrx_word' id='word_1_738' title='bbox 2571 4993 2708 5047; x_wconf 87' lang='lat' dir='ltr'><strong>quas</strong></span> <span class='ocrx_word' id='word_1_739' title='bbox 2739 4977 2962 5031; x_wconf 91' lang='lat' dir='ltr'><strong>miserat</strong></span> <span class='ocrx_word' id='word_1_740' title='bbox 2990 4972 3273 5028; x_wconf 88' lang='lat' dir='ltr'><strong>Eusebius.</strong></span> <span class='ocrx_word' id='word_1_741' title='bbox 3306 4971 3486 5037; x_wconf 86' lang='lat' dir='ltr'><strong>Itaque</strong></span> <span class='ocrx_word' id='word_1_742' title='bbox 3525 4975 3676 5035; x_wconf 88' lang='lat' dir='ltr'><strong>rogat</strong></span> <span class='ocrx_word' id='word_1_743' title='bbox 3701 4963 3807 5019; x_wconf 89' lang='lat' dir='ltr'><strong>Eu-</strong></span> 
     </span>
    </p>
   </div>
   <div class='ocr_carea' id='block_1_109' title="bbox 2245 5059 3805 5132">
    <p class='ocr_par' dir='ltr' id='par_1_109' title="bbox 2245 5059 3805 5132">
     <span class='ocr_line' id='line_1_110' title="bbox 2245 5059 3805 5132; baseline -0.013 -2"><span class='ocrx_word' id='word_1_744' title='bbox 2245 5074 2450 5129; x_wconf 85' lang='lat' dir='ltr'><strong>sebium</strong></span> <span class='ocrx_word' id='word_1_745' title='bbox 2475 5069 2725 5132; x_wconf 85' lang='lat' dir='ltr'><strong>Basilius,</strong></span> <span class='ocrx_word' id='word_1_746' title='bbox 2770 5084 2839 5121; x_wconf 87' lang='lat' dir='ltr'><strong>ne</strong></span> <span class='ocrx_word' id='word_1_747' title='bbox 2864 5083 2921 5120; x_wconf 89' lang='lat' dir='ltr'><strong>sc</strong></span> <span class='ocrx_word' id='word_1_748' title='bbox 2949 5065 3208 5131; x_wconf 87' lang='lat' dir='ltr'><strong>ejusmodi</strong></span> <span class='ocrx_word' id='word_1_749' title='bbox 3243 5059 3676 5116; x_wconf 84' lang='lat' dir='ltr'><strong>cavillationibus</strong></span> <span class='ocrx_word' id='word_1_750' title='bbox 3710 5060 3805 5110; x_wconf 82' lang='lat' dir='ltr'><strong>(le-</strong></span> 
     </span>
    </p>
   </div>
   <div class='ocr_carea' id='block_1_110' title="bbox 2243 5150 3810 5234">
    <p class='ocr_par' dir='ltr' id='par_1_110' title="bbox 2243 5150 3810 5234">
     <span class='ocr_line' id='line_1_111' title="bbox 2243 5150 3810 5234; baseline -0.013 -15"><span class='ocrx_word' id='word_1_751' title='bbox 2243 5164 2345 5234; x_wconf 91' lang='lat' dir='ltr'><strong>cipi</strong></span> <span class='ocrx_word' id='word_1_752' title='bbox 2372 5176 2492 5216; x_wconf 92' lang='lat' dir='ltr'><strong>cum</strong></span> <span class='ocrx_word' id='word_1_753' title='bbox 2514 5160 2631 5212; x_wconf 86' lang='lat' dir='ltr'><strong>aliis</strong></span> <span class='ocrx_word' id='word_1_754' title='bbox 2662 5159 2921 5228; x_wconf 90' lang='lat' dir='ltr'><strong>patiatur.</strong></span> <span class='ocrx_word' id='word_1_755' title='bbox 2949 5155 3095 5209; x_wconf 87' lang='lat' dir='ltr'><strong>Adeo</strong></span> <span class='ocrx_word' id='word_1_756' title='bbox 3118 5165 3296 5205; x_wconf 87' lang='lat' dir='ltr'><strong>autem</strong></span> <span class='ocrx_word' id='word_1_757' title='bbox 3330 5150 3664 5219; x_wconf 77' lang='lat' dir='ltr'><strong>exploratum</strong></span> <span class='ocrx_word' id='word_1_758' title='bbox 3690 5154 3810 5200; x_wconf 86' lang='lat' dir='ltr'><strong>erat</strong></span> 
     </span>
    </p>
   </div>
   <div class='ocr_carea' id='block_1_111' title="bbox 2241 5236 3809 5311">
    <p class='ocr_par' dir='ltr' id='par_1_111' title="bbox 2241 5236 3809 5311">
     <span class='ocr_line' id='line_1_112' title="bbox 2241 5236 3809 5311; baseline -0.014 -2"><span class='ocrx_word' id='word_1_759' title='bbox 2241 5254 2439 5309; x_wconf 87' lang='lat' dir='ltr'><strong>Basilio</strong></span> <span class='ocrx_word' id='word_1_760' title='bbox 2467 5252 2534 5305; x_wconf 82' lang='lat' dir='ltr'><strong>de</strong></span> <span class='ocrx_word' id='word_1_761' title='bbox 2569 5248 2841 5305; x_wconf 86' lang='lat' dir='ltr'><strong>Eustathii</strong></span> <span class='ocrx_word' id='word_1_762' title='bbox 2868 5246 3087 5311; x_wconf 87' lang='lat' dir='ltr'><strong>astutia,</strong></span> <span class='ocrx_word' id='word_1_763' title='bbox 3114 5254 3173 5295; x_wconf 89' lang='lat' dir='ltr'><strong>ut</strong></span> <span class='ocrx_word' id='word_1_764' title='bbox 3206 5243 3257 5295; x_wconf 91' lang='lat' dir='ltr'><strong>in</strong></span> <span class='ocrx_word' id='word_1_765' title='bbox 3292 5256 3351 5296; x_wconf 88' lang='lat' dir='ltr'><strong>se</strong></span> <span class='ocrx_word' id='word_1_766' title='bbox 3400 5252 3613 5294; x_wconf 89' lang='lat' dir='ltr'><strong>omnem</strong></span> <span class='ocrx_word' id='word_1_767' title='bbox 3648 5236 3809 5291; x_wconf 78' lang='lat' dir='ltr'><strong>dissi-</strong></span> 
     </span>
    </p>
   </div>
   <div class='ocr_carea' id='block_1_112' title="bbox 2241 5329 3802 5414">
    <p class='ocr_par' dir='ltr' id='par_1_112' title="bbox 2241 5329 3802 5414">
     <span class='ocr_line' id='line_1_113' title="bbox 2241 5329 3802 5414; baseline -0.013 -11"><span class='ocrx_word' id='word_1_768' title='bbox 2241 5348 2313 5403; x_wconf 88' lang='lat' dir='ltr'><strong>dii</strong></span> <span class='ocrx_word' id='word_1_769' title='bbox 2353 5346 2563 5414; x_wconf 90' lang='lat' dir='ltr'><strong>culpam</strong></span> <span class='ocrx_word' id='word_1_770' title='bbox 2617 5341 2851 5396; x_wconf 71' lang='lat' dir='ltr'><strong>conferri</strong></span> <span class='ocrx_word' id='word_1_771' title='bbox 2888 5339 3142 5408; x_wconf 89' lang='lat' dir='ltr'><strong>patiatur,</strong></span> <span class='ocrx_word' id='word_1_772' title='bbox 3173 5336 3215 5389; x_wconf 91' lang='lat' dir='ltr'><strong>si</strong></span> <span class='ocrx_word' id='word_1_773' title='bbox 3265 5330 3579 5388; x_wconf 87' lang='lat' dir='ltr'><strong>Eustathius</strong></span> <span class='ocrx_word' id='word_1_774' title='bbox 3606 5329 3802 5384; x_wconf 83' lang='lat' dir='ltr'><strong>adduci</strong></span> 
     </span>
    </p>
   </div>
   <div class='ocr_carea' id='block_1_113' title="bbox 2325 5513 2864 5587">
    <p class='ocr_par' dir='ltr' id='par_1_113' title="bbox 2325 5513 2864 5587">
     <span class='ocr_line' id='line_1_114' title="bbox 2325 5513 2864 5587; baseline -0.013 -18"><span class='ocrx_word' id='word_1_775' title='bbox 2325 5520 2392 5587; x_wconf 61' lang='grc' dir='ltr'><strong>(Γ)</strong></span> <span class='ocrx_word' id='word_1_776' title='bbox 2428 5518 2531 5587; x_wconf 79' lang='lat' dir='ltr'><strong>Ep.</strong></span> <span class='ocrx_word' id='word_1_777' title='bbox 2550 5515 2691 5587; x_wconf 63' lang='lat'><strong>_223,</strong></span> <span class='ocrx_word' id='word_1_778' title='bbox 2733 5530 2786 5564; x_wconf 89' lang='lat' dir='ltr'><strong>lt.</strong></span> 
     </span>
    </p>
   </div>
   <div class='ocr_carea' id='block_1_114' title="bbox 2316 5580 2854 5652">
    <p class='ocr_par' dir='ltr' id='par_1_114' title="bbox 2316 5580 2854 5652">
     <span class='ocr_line' id='line_1_115' title="bbox 2316 5580 2854 5652; baseline -0.043 2"><span class='ocrx_word' id='word_1_779' title='bbox 2316 5580 2389 5652; x_wconf 66' lang='lat' dir='ltr'><strong>(in</strong></span> <span class='ocrx_word' id='word_1_780' title='bbox 2424 5580 2520 5649; x_wconf 75' lang='lat' dir='ltr'><strong>Ep.</strong></span> <span class='ocrx_word' id='word_1_781' title='bbox 2542 5584 2668 5642; x_wconf 71' lang='lat' dir='ltr'><strong>ett,</strong></span> <span class='ocrx_word' id='word_1_782' title='bbox 2712 5598 2765 5633; x_wconf 84' lang='grc' dir='ltr'><strong>η.</strong></span> <span class='ocrx_word' id='word_1_783' title='bbox 2802 5580 2854 5631; x_wconf 74' lang='lat'><strong>2.</strong></span> 
     </span>
    </p>
   </div>
   <div class='ocr_carea' id='block_1_115' title="bbox 2313 5654 2683 5721">
    <p class='ocr_par' dir='ltr' id='par_1_115' title="bbox 2313 5654 2683 5721">
     <span class='ocr_line' id='line_1_116' title="bbox 2313 5654 2683 5721; baseline -0.011 -17"><span class='ocrx_word' id='word_1_784' title='bbox 2313 5657 2388 5721; x_wconf 71' lang='lat' dir='ltr'><strong>pi)</strong></span> <span class='ocrx_word' id='word_1_785' title='bbox 2429 5654 2524 5715; x_wconf 82' lang='lat' dir='ltr'><strong>Ep.</strong></span> <span class='ocrx_word' id='word_1_786' title='bbox 2560 5654 2683 5721; x_wconf 60' lang='lat' dir='ltr'><strong>tau.</strong></span> 
     </span>
    </p>
   </div>
   <div class='ocr_carea' id='block_1_116' title="bbox 2320 5719 2679 5785">
    <p class='ocr_par' dir='ltr' id='par_1_116' title="bbox 2320 5719 2679 5785">
     <span class='ocr_line' id='line_1_117' title="bbox 2320 5719 2679 5785; baseline 0.003 -16"><span class='ocrx_word' id='word_1_787' title='bbox 2320 5719 2383 5785; x_wconf 67' lang='grc' dir='ltr'><strong>(ἢ</strong></span> <span class='ocrx_word' id='word_1_788' title='bbox 2426 5719 2679 5783; x_wconf 65' lang='lat' dir='ltr'><strong>Ep.128.</strong></span> 
     </span>
    </p>
   </div>
   <div class='ocr_carea' id='block_1_117' title="bbox 2321 5784 2747 5853">
    <p class='ocr_par' dir='ltr' id='par_1_117' title="bbox 2321 5784 2747 5853">
     <span class='ocr_line' id='line_1_118' title="bbox 2321 5784 2747 5853; baseline -0.021 -11"><span class='ocrx_word' id='word_1_789' title='bbox 2321 5790 2389 5853; x_wconf 86' lang='lat' dir='ltr'><strong>(j)</strong></span> <span class='ocrx_word' id='word_1_790' title='bbox 2420 5787 2577 5846; x_wconf 81' lang='lat' dir='ltr'><strong>lhid.,</strong></span> <span class='ocrx_word' id='word_1_791' title='bbox 2610 5800 2661 5834; x_wconf 79' lang='grc' dir='ltr'><strong>ιι,</strong></span> <span class='ocrx_word' id='word_1_792' title='bbox 2690 5784 2747 5834; x_wconf 70' lang='grc'><strong>2.</strong></span> 
     </span>
    </p>
   </div>
  </div>
