4038 6462
1549 372 1709 427 VITA
1749 368 1807 423 S.
1848 360 2113 419 BASILII.

3346 356 3457 399 €\'ll

201 511 395 585 possit,
434 513 493 559 ut
540 512 975 559 commun.oncm
1018 511 1138 549 cum
1179 494 1301 549 fidei
1346 488 1591 544 hostibus
1638 487 1781 540 clare
1810 486 1858 543 Α
1888 493 2013 533 Vera
2066 474 2132 526 τηι
2180 485 2372 525 οιιιιιεδ
2434 468 2680 521 homines
2733 459 2947 531 δετίριίδ
2982 456 3067 528 (Πο
3127 453 3259 507 Nm“
3318 453 3454 505 imm

1330 581 1346 585 -
1492 579 1523 585 -_
2002 583 2011 585 _
2033 582 2043 585 Α
2065 581 2080 585 _
2122 566 2233 585 μ--
2258 577 2355 585 _-_
2377 574 2583 585 -_-.......
2614 559 2840 585 n-_......
2872 564 2921 585 nl
2956 550 3219 585 nul-stium
3252 547 3454 585 .licnor.

200 579 258 661 et
285 602 571 672 perspicue
600 594 923 649 confiteatur
951 599 1044 641 aut
1089 586 1281 653 ejttret.
1317 579 1562 649 Quandiu
1597 588 1775 633 autem

202 700 256 752 in
287 696 392 748 hoc
428 687 590 743 medii
647 685 885 743 hominis
911 690 1052 735 statu
1105 676 1390 751 perstabit,
1422 687 1691 743 nunquam
1720 684 1778 723 se

201 800 324 840 cum
359 796 425 835 eo
469 781 992 837 communicaturum
1041 773 1296 828 declarat.
1336 767 1450 821 Non
1507 779 1682 820 tamen
1714 762 1781 814 ab

205 876 271 929 iis
296 876 386 943 qui
415 874 572 929 Iidem
604 886 709 927 non
758 865 1359 930 reeipiebant,omntno
1387 856 1776 913 discedendum

205 974 398 1037 putat;
432 969 525 1021 sed
572 961 844 1032 quomodo
874 959 1101 1016 curandi
1134 955 1243 1007 sittt
1272 960 1326 1006 et
1369 947 1654 1005 reducendi
1688 960 1782 999 ex-

206 1063 376 1130 ponit.
407 1056 621 1117 Eximia
654 1055 825 1109 virtus
860 1054 917 1108 S.
976 1046 1193 1104 Eusebii
1236 1056 1293 1100 et
1343 1046 1580 1101 studium
1633 1037 1780 1104 fidei,

204 1154 347 1222 quod
377 1155 430 1206 in
458 1163 523 1203 eo
560 1158 831 1201 summum
882 1139 1113 1203 exstitit,
1139 1137 1383 1192 dubitare
1433 1150 1536 1188 non
1570 1133 1779 1198 siuttnt,

206 1246 335 1316 quin
375 1240 630 1294 Basilium
658 1239 759 1293 hac
798 1236 850 1288 in
875 1246 1037 1286 causa
1078 1230 1233 1298 longe
1272 1225 1559 1283 Eustatbio
1584 1232 1785 1293 prtetu-

207 1338 349 1393 Ierit.
388 1332 525 1387 llinc
558 1347 682 1385 eum
727 1326 960 1382 Basilius
1008 1325 1109 1379 hoc
1148 1324 1265 1392 ipso
1313 1335 1474 1383 anno,
1508 1328 1565 1371 ut
1613 1317 1786 1370 homi-

209 1442 331 1483 nem
369 1424 439 1480 de
488 1420 800 1483 Eustathio,
831 1428 891 1472 ut
939 1433 1035 1488 par
1085 1423 1189 1480 est,
1225 1412 1544 1468 sentientem
1592 1421 1787 1461 consu-

208 1520 328 1585 luit,
354 1518 485 1590 quid
538 1512 754 1571 clericis
816 1507 1090 1566 Eustathii
1141 1520 1294 1575 opem
1345 1518 1540 1567 suam,
1571 1498 1786 1556 detecto

207 1613 450 1686 episcopi
505 1610 586 1665 sui
633 1605 837 1671 ulcere,
885 1600 1300 1672 implorantibus
1350 1593 1785 1667 respondendum

208 1717 370 1765 esset.

282 1800 374 1853 ΙΙΙ.
410 1795 526 1851 Non
556 1794 647 1851 hic
676 1798 940 1850 steterunt
970 1785 1239 1843 Eustathii
1266 1783 1318 1839 in
1355 1782 1609 1839 Basilium
1644 1782 1784 1850 inju-

213 1894 325 1949 ria).
370 1889 633 1943 Graviora
686 1883 990 1955 postulabat
1031 1878 1310 1932 inimicum
1353 1887 1563 1944 tempus
1596 1871 1783 1926 Basilii

210 1985 399 2040 virtuti
426 1980 527 2053 (a).
554 1976 885 2045 Quaerebam
906 1971 1050 2027 illius
1077 1971 1311 2025 animam
1335 1965 1543 2026 Ariani,
1572 1977 1785 2017 eorum-

213 2089 318 2146 que
352 2073 665 2130 molitiones
719 2068 867 2124 brevi
899 2076 1143 2138 optatum
1170 2066 1374 2118 exitum
1414 2059 1679 2113 habiturae
1713 2056 1791 2112 vi-

212 2171 502 2224 debantur.
538 2165 719 2233 Quare
749 2166 801 2218 in
852 2178 964 2218 rem
1018 2176 1121 2213 non
1153 2166 1276 2209 erat
1320 2152 1627 2219 Eustathio,
1656 2166 1787 2207 con-

204 2261 455 2330 junctum
486 2274 605 2313 cmn
657 2256 855 2311 Basilio
888 2252 1097 2305 videri:
1137 2256 1325 2301 contra
1371 2246 1602 2299 maxima
1650 2245 1790 2311 apud

214 2356 451 2409 Arianos
497 2346 898 2405 commendatio
923 2382 937 2407 ,
970 2339 1275 2408 capitaliter
1314 2339 1382 2392 ab
1415 2352 1478 2390 eo
1506 2336 1789 2389 dissidere.

217 2445 386 2501 Paulo
417 2452 540 2510 post
565 2454 627 2493 ea
662 2451 781 2506 quae
806 2434 1152 2489 narravimus
1175 2432 1277 2501 (b),
1316 2430 1449 2483 abiit
1482 2428 1795 2483 Eustathius

216 2541 269 2593 in
315 2535 565 2591 Ciliciam
624 2546 686 2584 ac
736 2526 954 2584 Gelasio
1009 2524 1220 2577 cuidam
1264 2536 1384 2575 eam
1430 2520 1587 2575 fidem
1638 2533 1798 2587 expo-

215 2626 324 2683 suit
342 2627 440 2694 (c),
459 2638 619 2692 quam
646 2620 812 2675 solius
836 2618 945 2673 Arii
966 2627 1086 2671 erat
1104 2613 1362 2676 scribere,
1389 2622 1441 2665 et
1463 2612 1504 2665 si
1532 2610 1652 2681 quis
1668 2609 1796 2663 Ario

215 2718 413 2774 similis
445 2716 545 2789 (ά).
567 2713 695 2769 lnde
727 2711 930 2767 reditus
960 2718 1013 2763 et
1038 2706 1218 2761 statim
1245 2705 1435 2759 littera:
1463 2702 1801 2758 communio-

218 2824 340 2863 nem
378 2807 577 2861 Basilio
608 2802 1013 2856 renuntiantes:
1040 2798 1136 2851 has
1160 2797 1367 2850 litteras
1399 2793 1577 2848 attulit
1608 2791 1800 2845 Eusta-

220 2902 368 2954 thius
384 2897 798 2965 ehorepiscopus
829 2892 921 2963 (ε),
951 2906 1086 2959 quas
1113 2903 1232 2943 cum
1267 2888 1570 2940 tradidisset
1589 2886 1799 2940 cohorti

220 2992 444 3053 Vicarti,
470 3008 533 3044 ac
572 2990 688 3043 dies
730 2999 837 3041 tres
873 2986 925 3038 in
962 2984 1096 3039 urbe
1125 2988 1493 3037 commoratus
1529 2988 1694 3041 esset,
1733 2977 1799 3031 ad

225 3100 323 3141 sua
359 3096 702 3143 reversurus,
738 3076 903 3131 multo
932 3074 1045 3144 jam
1100 3087 1326 3141 vespere
1373 3071 1573 3126 dicitur
1604 3074 1670 3124 ad
1697 3067 1805 3122 Ba-

224 3178 332 3232 silii
368 3176 515 3231 mdes
560 3171 793 3225 venisse.
832 3166 901 3222 At
941 3181 1063 3221 eum
1092 3165 1329 3220 dormire
1363 3178 1486 3219 cum
1520 3161 1800 3224 audiisset,

226 3269 365 3322 abiit
401 3281 500 3320 nec
535 3264 800 3333 postridie
833 3262 899 3315 ad
946 3274 1069 3313 eum
1122 3256 1372 3320 accessit,
1405 3254 1497 3308 sed
1550 3253 1616 3306 ad
1658 3252 1801 3304 hunc

226 3359 444 3414 modum
485 3370 584 3411 suo
625 3368 752 3421 erga
785 3353 933 3406 illum
975 3349 1195 3420 expleto
1226 3344 1595 3418 perfunctorie
1625 3341 1803 3397 oflicio

228 3451 415 3508 rediit.
451 3450 625 3504 Causa
665 3455 835 3514 ruptze
868 3439 1266 3498 communionis
1305 3438 1419 3492 haec
1465 3433 1800 3504 praetexeba-

228 3554 337 3610 tur,
370 3544 517 3614 quod
551 3538 780 3594 Basilius
830 3535 897 3589 ad
938 3532 1327 3603 Apollinarium
1375 3528 1700 3597 scripsisset,
1752 3535 1807 3579 et

231 3635 612 3707 presbyterum
659 3630 950 3684 Diodorum
987 3624 1219 3679 haberet
1262 3620 1803 3676 communicatorem.

232 3729 331 3785 His
366 3726 583 3781 litteris.
604 3720 886 3793 perculsus
919 3717 1147 3772 Basilius
1173 3713 1310 3767 nihil
1339 3710 1667 3779 ncspondere
1707 3722 1803 3777 po-

234 3821 362 3886 tuit,
392 3828 508 3874 erat
533 3816 677 3871 enim
727 3812 1081 3867 constrictum
1111 3806 1251 3860 illius
1285 3818 1400 3866 cor,
1422 3803 1601 3871 lingua
1629 3801 1807 3854 disso-

233 3913 371 3973 luta.
415 3922 606 3963 manus
659 3902 922 3973 torpebat.
962 3898 1265 3967 Quinetiam
1318 3896 1522 3949 fatetur
1569 3908 1627 3949 se
1678 3906 1814 3961 pene

236 4007 291 4059 in
320 4005 464 4058 hunc
501 3997 670 4053 animi
714 4011 821 4051 non
852 3992 1097 4064 generosi
1150 3990 1396 4057 morbum
1448 3987 1725 4048 incidisse,
1756 3995 1813 4039 ut

234 4096 417 4154 odium
476 4092 757 4147 hominum
792 4087 1123 4156 conciperet.
1157 4098 1217 4138 ac
1257 4090 1537 4151 suspectos
1574 4077 1812 4132 omnium

238 4204 415 4246 mores
444 4186 689 4243 haberet.
726 4195 826 4236 nec
868 4178 1193 4233 cbaritatem
1228 4176 1368 4229 inter
1400 4172 1673 4233 homines,
1713 4168 1815 4222 nisi

239 4290 356 4345 solo
386 4284 627 4343 nomine,
659 4276 911 4334 crederet
966 4283 1271 4341 superesse.
1309 4266 1441 4320 Nam
1474 4280 1597 4321 cum
1640 4262 1819 4319 cousi-

244 4389 460 4443 deraret
506 4370 878 4433 Eustathium,
925 4366 1016 4436 qui
1068 4364 1136 4417 ab
1175 4362 1398 4416 infantia
1457 4360 1521 4413 ad
1555 4373 1819 4412 summam

251 4480 586 4533 senectutem
639 4463 787 4515 visus
841 4456 1021 4512 fuerat
1065 4458 1321 4524 prteclare
1365 4466 1422 4506 se
1464 4463 1673 4522 gerere,
1709 4459 1818 4502 tam

246 4569 453 4625 levibus
485 4563 551 4618 de
573 4556 772 4614 'causis
799 4553 852 4607 in
884 4565 1147 4605 summam
1200 4544 1521 4600 discordiam
1552 4541 1815 4610 erupisse,
1850 4552 1894 4608 ῃ
1925 4535 1995 4574 vu

256 4678 359 4717 non
400 4658 615 4713 videbat
662 4649 934 4722 quomodo
977 4644 1098 4699 aliis
1149 4636 1456 4695 hominibus
1502 4634 1814 4697 confideret,

249 4755 339 4825 qui
375 4766 475 4807 nec
503 4754 650 4803 tanta
680 4760 708 4797 a
759 4756 817 4796 se
848 4744 1169 4806 acceperant
1203 4730 1404 4785 amoris
1439 4729 1681 4797 pignora,
1718 4739 1819 4779 nec

255 4816 400 4900 tanta
432 4840 697 4893 virtutum
744 4830 1045 4901 specimina
1074 4825 1373 4881 ediderant.
1409 4820 1593 4888 Itaque
1623 4816 1819 4885 litteris

255 4929 521 4989 Eustathii
553 4924 688 4979 nihil
720 4918 1015 4991 respondit,
1048 4930 1152 4970 non
1196 4920 1530 4978 contemptu,
1558 4907 1649 4961 sed
1688 4921 1820 4991 con-

254 4982 592 5090 s—il—ii—iuopia,
625 4982 841 5084 etquod
870 5010 1003 5066 nihil
1030 5008 1213 5062 dolore
1245 5005 1463 5073 dignum
1492 5000 1667 5069 eloqui
1693 4982 1819 5068 pos-

252 5128 353 5174 set.
400 5114 495 5169 Sic
536 5108 790 5165 affectum
826 5103 1085 5159 B‘asilium
1122 5099 1289 5153 multo
1316 5096 1561 5164 graviora
1590 5105 1819 5159 excepe-

254 5214 401 5262 runt.
433 5198 747 5259 Eustathius
787 5196 962 5265 palam
990 5201 1045 5246 et
1070 5199 1254 5261 aperte
1286 5188 1430 5243 virus
1465 5183 1629 5239 animi
1660 5182 1740 5236 sui
1768 5180 1820 5233 itt

254 5298 449 5353 litteris
476 5293 657 5365 specie
689 5289 905 5361 quidem
939 5286 1007 5342 ad
1037 5284 1324 5356 quemdam
1351 5278 1623 5341 Dazinam,
1662 5288 1821 5342 quem

254 5390 487 5447 Basilius
537 5381 1001 5456 religiosissimum
1054 5378 1279 5432 fratrem
1332 5369 1582 5441 appellat,
1619 5366 1713 5421 sed
1747 5378 1828 5418 reo

324 5520 401 5593 (si
431 5518 530 5593 Et»
562 5515 682 5593 £9.9-

329 5581 403 5662 (ὁ)
440 5581 539 5657 Εἰ).
727 5601 780 5639 It.
805 5581 858 5638 2.

330 5659 406 5745 (εἰ
568 5659 693 5745 233ίῖ·

329 5723 410 5873 ῤάὲ
438 5723 536 5796 Ep.
731 5723 876 5848 me?»

333 5800 401 5943 δ)
557 5837 691 5934 ειιζ
714 5812 769 5918 ii:
808 5834 863 5919 δ’.

383 5863 401 5944 3
432 5863 531 5942 5,1.
557 5866 686 5934 244,
717 5884 769 5918 ιι.
808 5863 863 5919 5.

1880 581 2084 642 paucos
2115 566 2236 619 dies
2258 577 2355 632 per:
2373 574 2585 615 onmem
2614 559 2841 613 Pontum
2872 564 2925 606 et
2956 550 3219 606 Galatiam
3252 547 3463 615 disper-

1880 684 1952 723 δῖε
1988 664 2203 718 fuerunt
2240 675 2254 721 ;
2309 652 2605 722 quinetiam
2646 651 2919 704 ferebatur
2957 641 3219 713 ejusmodi
3248 640 3461 693 littera—

1882 774 2000 814 rum
2056 752 2242 822 bajuli,
2292 747 2544 817 Bithynia
2614 750 2919 811 peragrata,
2965 752 3136 806 usque
3182 736 3247 787 ad
3288 737 3459 803 ipsum

1888 850 2293 918 Hellespontum
2345 847 2683 909 penetrasse.
2724 831 2847 886 Jam
2893 842 3094 901 septem
3147 828 3261 881 dies
3291 825 3366 891 (g)
3406 824 3458 876 in

1885 917 2112 996 aliorum
2152 933 2413 991 manibus
2460 937 2578 981 erat
2636 924 2883 995 epismla,
2928 940 3047 977 eum
3096 920 3160 975 ad
3204 917 3457 973 Basiliam

1885 1034 2150 1102 pervenit.
2193 1030 2247 1085 lu
2312 1028 2417 1082 hoc
2459 1022 2662 1094 repudii
2690 1018 2787 1091 (Ii),
2833 1025 2890 1069 ut
2938 1015 3237 1083 appellabat
3287 1010 3463 1066 Gene-

1888 1121 2053 1176 thlius
2084 1121 2392 1189 presbyter,
2422 1113 2622 1178 libello,
2653 1123 2861 1179 magna:
2900 1105 3219 1161 humilitatis
3248 1102 3461 1156 laudem

1884 1214 1986 1270 sibi
2032 1212 2282 1267 sumebat
2324 1206 2656 1263 Eustathius
2688 1220 2701 1254 :
2738 1199 2937 1255 Basilio
2972 1207 3153 1252 autem
3187 1195 3376 1248 fastum
3408 1202 3463 1248 et

1884 1305 2274 1376 arrogantiam,
2312 1302 2551 1355 fraudem
2606 1307 2661 1352 et
2708 1293 3023 1351 versutiam,
3057 1287 3457 1353 corruptionem

1894 1398 2257 1455 Ecclesiarum
2298 1403 2351 1448 et
2389 1394 2686 1446 animarum
2745 1384 3037 1457 perniciem
3083 1377 3461 1447 exprobrabat.

1887 1491 2228 1559 Querebatur
2267 1485 2410 1554 quod
2457 1482 2877 1549 chorepiscopos
2917 1492 3044 1531 suos
3088 1470 3329 1537 recipere
3364 1480 3463 1519 uo-

1886 1584 2099 1648 luisset,
2130 1590 2185 1635 et
2216 1577 2356 1649 quod
2394 1591 2459 1629 ex
2504 1572 2715 1627 insidiis
2747 1581 2801 1624 et
2832 1568 2970 1622 malo
3011 1567 3194 1619 animo
3225 1560 3467 1616 celeber-

1886 1674 2077 1727 rimam
2120 1671 2263 1726 illam
2289 1667 2409 1722 fidei
2448 1664 2846 1719 confessionem
2881 1659 3174 1714 elicuisset.
3214 1656 3337 1709 Post
3366 1650 3466 1706 has

1888 1763 2292 1817 criminationes
2315 1769 2369 1812 et
2392 1757 2525 1811 alias
2547 1752 2832 1808 nonnullas
2851 1748 3272 1818 subjicichantur
3301 1742 3462 1796 verba

1816 1842 1859 1897 Β
1893 1854 2144 1908 hmretiea
2166 1851 2501 1921 Apollinarii,
2546 1847 2710 1900 tacito
2750 1856 2925 1897 tamen
2958 1837 3197 1894 auctoris
3228 1835 3467 1897 nomine,

1894 1958 1950 2001 ut
1984 1946 2216 1999 Basilius
2247 1947 2359 2013 ipse
2392 1953 2582 1997 auctor
2614 1953 2735 1996 esse
2757 1935 3182 1991 existimaretur.

1968 2039 2127 2091 Putat
2175 2035 2548 2089 Tillemootius
2600 2034 2652 2085 in
2716 2030 2907 2084 iisdem
2988 2023 3186 2077 litteris
3246 2020 3468 2074 dicteria

1895 2131 2062 2187 fuisse
2116 2131 2168 2183 itt
2219 2127 2374 2181 fidem
2407 2125 2707 2185 Nica‘nam,
2748 2138 2809 2175 ac
2838 2118 3091 2173 Basilintn
3129 2113 3472 2170 b0m00ll>iﬂ'

1898 2235 2039 2280 stam
2077 2238 2175 2293 per
2210 2217 2491 2274 ridiculum
2527 2216 2696 2269 fuisse
2729 2212 3070 2280 appellatum.
3106 2215 3169 2263 At
3203 2225 3309 2262 non
3345 2218 3473 2277 puto

1902 2316 2249 2372 Eustathiutn
2286 2324 2392 2365 tam
2427 2310 2537 2365 cito
2581 2324 2643 2361 ex
2689 2301 3139 2359 dissimulationis
3183 2299 3473 2352 involucris

1896 2409 2165 2478 prodiisse
2202 2407 2287 2475 (ὅ).
2326 2405 2449 2458 Non
2485 2404 2627 2456 enim
2661 2398 2935 2454 fatebatur
2963 2410 3021 2448 se
3044 2393 3307 2463 pmnitere
3333 2389 3475 2459 quod

1899 2497 2100 2559 libello,
2136 2509 2294 2563 quem
2330 2493 2379 2546 ei
2423 2492 2654 2545 Basilius
2708 2493 3084 2557 proposuerat,
3120 2480 3475 2548 subscripsis-

1899 2598 2002 2644 set.
2041 2586 2219 2654 Quare
2268 2601 2388 2638 cum
2433 2584 2507 2635 ait
2558 2580 2786 2634 Basilius
2838 2578 2903 2631 de
2946 2572 3325 2643 Eustathiofj)
3358 2569 3475 2625 :Hi

1901 2697 2035 2735 nunc
2070 2690 2115 2733 et
2153 2681 2216 2731 de
2251 2677 2471 2731 Nicwna
2499 2673 2778 2727 detrahunt
2800 2668 2923 2738 ﬁde,
2952 2682 3143 2736 uosque
3168 2673 3351 2718 vocant
3382 2665 3470 2715 Ito-

1900 2772 2271 2833 moousiastas,
2313 2771 2365 2822 id
2411 2765 2750 2821 referendum
2797 2762 3010 2814 videtur
3046 2760 3111 2811 ad
3147 2764 3474 2828 postremam

1901 2864 2169 2920 Eustathii
2205 2863 2511 2924 formulam,
2536 2872 2697 2926 quam
2725 2854 2907 2925 Cyzici
2947 2851 3149 2918 recepit
3189 2862 3329 2902 anno
3352 2846 3476 2902 ⁸575.

1904 2955 2057 3011 Unde
2099 2954 2327 3007 Basilius
2364 2951 2435 3021 (It)
2474 2965 2485 2999 :
2522 2948 2669 3001 Patet
2717 2955 2914 3007 autent,
2952 2943 3145 3011 inquit,
3207 2941 3370 2995 etiam
3417 2956 3481 2992 ea:

1904 3049 1969 3101 iis
1997 3062 2115 3115 quae
2160 3060 2295 3098 nunc
2335 3040 2807 3109 circumferuntur,
2837 3036 3240 3090 condemnatam
3281 3034 3345 3087 ab
3374 3032 3480 3085 illis

1909 3156 2018 3195 esse
2065 3139 2219 3208 ﬁdem
2246 3134 2543 3190 Nicamam.
2588 3130 2838 3184 Viderunt
2861 3130 2995 3181 enim
3025 3124 3269 3196 Cyzicum
3294 3135 3338 3178 et
3362 3139 3482 3177 cum

1912 3233 2019 3288 alia
2050 3232 2155 3300 ﬁde
2181 3230 2373 3285 reversi
2413 3238 2554 3282 sunt.
2585 3225 2648 3279 Et
2695 3226 2795 3278 sub
2826 3223 2983 3277 finem
3018 3220 3259 3291 ejusdem
3292 3218 3485 3287 episto-

1906 3327 2006 3379 lae:
2043 3321 2275 3377 Promoti
2324 3322 2392 3373 ad
2442 3320 2831 3386 episcopatum,
2884 3322 2938 3365 ut
2994 3311 3167 3365 media
3211 3310 3479 3373 incidam,

1904 3429 2027 3488 quot
2057 3418 2179 3484 ﬁdei
2217 3415 2471 3483 formulas
2508 3409 2828 3463 ediderunt?
2857 3408 3031 3459 Aliam
3058 3408 3298 3474 Aucgra’,
3323 3402 3483 3454 aliam

1911 3509 2200 3571 Seleuciw,
2242 3506 2406 3557 aliam
2460 3499 2954 3567 Constantinopoli,
2999 3512 3213 3565 eamque
3270 3494 3488 3547 celeber-

1912 3602 2125 3660 rimam,
2166 3596 2439 3665 Lampsaci
2482 3594 2665 3657 aliam,
2699 3593 2914 3661 posthac
2951 3605 3063 3643 eam
3104 3603 3222 3658 quae
3259 3585 3389 3641 Nice
3429 3586 3485 3638 in

1918 3692 2143 3747 Thracia
2167 3690 2306 3744 edita
2352 3698 2448 3753 est,
2486 3702 2622 3740 nunc
2661 3700 2848 3738 rursus
2890 3682 3050 3736 aliam
3095 3681 3295 3751 Lyzici,
3334 3677 3486 3746 cujus

1912 3787 2125 3856 quidem
2180 3785 2376 3853 reliqua
2415 3782 2619 3852 ignoro,
2653 3785 2741 3833 sed
2783 3778 2879 3831 Itoc
2928 3785 3132 3829 tantum
3173 3774 3354 3834 audio,
3399 3787 3488 3825 eu

1914 3877 2123 3931 silentio
2198 3871 2633 3927 consubstantiali
2700 3870 2930 3929 indicto,
2976 3866 3144 3920 simile
3203 3863 3489 3917 secundum

1916 3970 2195 4025 essentiam
2242 3983 2381 4019 nunc
2421 3965 2635 4033 inferre,
2683 3973 2842 4030 atque
2898 3976 3005 4013 una
3064 3972 3181 4010 cum
3232 3956 3489 4010 Eunomia

1918 4061 2264 4130 blasphemias
2308 4059 2362 4111 in
2406 4055 2661 4124 Spiritum
2700 4062 2940 4106 sanctum
2994 4050 3337 4104 conscribere.
3369 4047 3492 4103 Haec

1918 4168 2048 4219 ergo
2094 4150 2359 4220 Cyzicena
2389 4144 2639 4207 formula,
2664 4157 2785 4211 qua:
2814 4140 2879 4194 de
2918 4140 3020 4194 fide
3061 4138 3272 4194 Nicazna
3307 4144 3493 4204 aperte

1920 4242 2268 4305 detrahebat,
2301 4239 2445 4292 inter
2488 4234 2769 4299 formulas,
2805 4234 2996 4305 quibus
3041 4229 3359 4301 subscripsit
3386 4226 3495 4281 Eu-

1922 4336 2177 4396 stathius,
2209 4341 2478 4401 postrema
2509 4338 2608 4382 est.

2003 4425 2205 4479 Prazter
2252 4424 2456 4476 litteras
2507 4422 2573 4475 ad
2621 4418 2896 4480 Dazinam,
2951 4431 3086 4487 quas
3131 4428 3229 4469 suo
3278 4412 3494 4467 nomine

1999 4519 2168 4588 lgavit
2214 4515 2545 4580 Eustathius,
2595 4512 2796 4583 sparsit
2838 4512 3000 4565 etiam
3040 4511 3095 4562 in
3152 4504 3337 4577 vulgus
3375 4503 3497 4572 Epi-

1928 4614 2127 4668 stolam
2171 4608 2350 4663 Basilii
2385 4608 2451 4661 ad
2488 4604 2898 4675 Apollinarium.
2946 4600 3052 4654 Sed
3095 4614 3213 4651 eam
3255 4596 3494 4666 profere-

1927 4706 2038 4770 bat,
2072 4700 2176 4759 no'n
2211 4712 2268 4755 ut
2313 4719 2341 4754 a
2390 4698 2587 4753 Basilio
2620 4696 2819 4762 scripta
2876 4691 3069 4756 fuerat,
3104 4692 3195 4745 sed
3230 4688 3496 4744 adultera-

1929 4809 2060 4863 tam,
2117 4796 2253 4849 forte
2296 4795 2363 4848 ab
2402 4793 2524 4861 ipso
2565 4786 2865 4850 Eustatbio,
2900 4794 2956 4838 ut
2999 4784 3188 4853 conjici
3223 4793 3402 4853 posset
3428 4797 3497 4836 ex

1932 4892 2015 4947 his
2046 4889 2235 4943 Basilii
2268 4886 2457 4939 verbis
2487 4882 2549 4953 (Ι)
2581 4897 2595 4936 :
2629 4879 2781 4945 Quod
2813 4882 2859 4933 si
2894 4876 3162 4946 proferunt
3207 4876 3500 4945 epistolam,

1950 4993 2195 5038 ett-terum
2228 4988 2349 5031 aute
2377 4991 2540 5029 annos
2576 4972 2755 5042 uiginti
2782 4972 3010 5041 quinque
3034 4970 3103 5022 ad
3128 4970 3291 5037 ipsum
3319 4966 3503 5037 (Apol—

1938 5070 2222 5139 linarium)
2245 5069 2516 5136 scriptam,
2541 5075 2588 5117 et
2618 5080 2678 5116 ne
2703 5062 2837 5114 hanc
2850 5062 3054 5129 quidem
3076 5070 3129 5111 ut
3154 5075 3184 5110 a
3216 5074 3295 5110 me
3311 5054 3502 5124 scripta

1940 5176 2038 5231 est,
2059 5164 2148 5220 sed
2171 5160 2558 5222 adulteratam;
2581 5173 2613 5208 α
2645 5155 2829 5225 quibus
2858 5163 3052 5217 autem,
3087 5150 3227 5205 Deus
3252 5150 3371 5211 scit,
3395 5158 3500 5203 etc.

1933 5261 2255 5324 (lorruptam
2300 5254 2351 5306 in
2396 5266 2461 5304 eo
2509 5249 2678 5303 fuisse
2710 5255 2860 5316 putat
2905 5243 3304 5306 Tillemoutius,
3340 5242 3501 5305 quod,

1937 5367 2059 5406 eum
2106 5345 2340 5401 Basilius
2374 5344 2508 5397 nihil
2536 5340 2844 5410 scripsisset
2873 5346 3067 5408 praeter
3098 5335 3326 5391 amicam
3360 5335 3501 5388 salu-

2008 5494 2081 5557 ta)
2117 5486 2215 5557 EP-
2246 5481 2375 5557 23?-
2408 5498 2463 5534 ιι·
2498 5479 2551 5557 7-

2004 5551 2081 5629 (ἦ)
2106 5551 2209 5629 Εῤ.
2402 5551 2544 5629 n._i.

2128 5697 2159 5747 Ι)

2027 5570 2081 5621 lt)
2112 5570 2209 5623 ΕΡ.
2241 5570 2367 5617 224,
2402 5570 2455 5604 lt.
2493 5570 2529 5601 ι.

2104 5622 2354 5708 Bp._22ti,
2392 5638 2444 5674 ιι.
2475 5620 2529 5675 5.

2000 5630 2145 5841 igni

2041 5765 2145 5841 7)?

2150 5641 2181 5693 P

2152 5694 2239 5748 iid.

2152 5780 2203 5833 p.
2223 5762 2350 5828 2H,
2383 5778 2437 5815 ι)-

2008 5830 2071 5912 ‘(ij
2107 5830 2201 5907 up.
2225 5833 2355 5901 est,
2378 5849 2432 5889 ιι.
2469 5830 2525 5885 2.
