4038 6470
520 386 637 429 ττηι

1860 371 2395 430 PROLEGOMENA.

511 490 810 544 tationem:
848 488 896 541 in
925 502 984 539 ea
1015 486 1267 557 epistola,
1300 503 1460 556 quam
1509 489 1824 543 Eustathius
1852 490 2094 557 profere-
2127 495 2171 551 Α
2205 489 2338 554 129,
2375 490 2500 553 150,
2536 487 2657 552 151,
2689 487 2999 544 referuntur
3030 504 3058 545 a
3086 488 3428 550 Tillcmontio
3457 495 3524 551 ad
3555 504 3768 553 autum.

512 579 627 640 bat,
668 580 863 632 librum
899 578 972 633 De
1018 578 1228 646 Spiritu
1263 590 1446 633 sancto
1484 590 1688 648 peteret
1729 581 1796 635 ab
1823 581 2095 649 Apollina-

513 676 616 727 rio.
656 672 771 726 lluc
803 683 1009 739 spectat
1054 674 1197 741 quod
1232 673 1308 726 ait
1346 674 1395 726 in
1427 673 1658 740 epistola
1716 675 1780 727 ad
1810 672 2097 742 Patroiibi-

516 762 623 815 lum
655 763 729 830 (α)
760 780 773 816 :
807 761 929 816 Non
975 773 1148 816 tamen
1207 766 1269 817 de
1311 764 1516 831 Spiritu
1554 775 1734 819 sancte
1774 775 1863 817 aut
1904 766 2095 821 librant

516 868 597 904 me
626 853 691 905 ub
724 871 784 907 eo
814 867 982 921 petere
1011 855 1221 907 memini
1261 866 1352 907 aut
1384 856 1598 910 missum
1629 856 1882 923 accipere.

591 942 680 997 lV.
717 944 1007 1011 Postquam
1055 961 1237 1000 rumor
1269 946 1336 999 ad
1373 961 1617 1003 sanctum
1652 947 1922 1003 Meletium
1948 954 2098 1004 detu-

519 1037 579 1091 lit
634 1037 898 1091 Eustatbii
947 1038 998 1090 in
1044 1036 1101 1092 S.
1142 1038 1401 1093 Basilium
1445 1040 1774 1105 calumnias,
1824 1043 2009 1096 mirari
2040 1058 2098 1096 se

519 1129 860 1199 significavit.
888 1130 1031 1197 quod
1070 1147 1264 1184 novum
1307 1132 1641 1203 Apollinario
1691 1134 1902 1187 crimen
1939 1132 2099 1187 infer-

528 1231 696 1283 retur,
727 1234 788 1272 ac
818 1219 983 1273 niulto
1024 1224 1217 1289 magis,
1248 1232 1305 1276 ut
1342 1222 1633 1276 verisimile
1664 1234 1768 1289 est,
1816 1223 1957 1293 quod
1990 1232 2096 1274 tam

524 1314 759 1382 indignis
795 1313 970 1367 modis
1022 1313 1276 1368 Basiliam
1310 1315 1625 1369 Eustathius
1667 1318 1954 1371 laceraret.
1988 1312 2100 1366 Mit-

524 1402 586 1453 tit
620 1401 669 1453 ei
697 1400 941 1457 Basilius
977 1402 1051 1474 (b)
1090 1404 1407 1472 Apollinarii
1464 1406 1624 1460 verba
1670 1406 1877 1459 famoso
1921 1404 2100 1457 libello

524 1494 591 1548 ab
645 1491 931 1548 Eustatbio
984 1496 1270 1563 subjuncta
1303 1511 1315 1546 :
1348 1509 1415 1549 ex
1488 1513 1594 1564 quo
1652 1492 1965 1561 conjectura
2016 1507 2099 1548 est

525 1588 761 1640 nondum
809 1589 921 1641 btec
968 1586 1144 1642 oculis
1192 1587 1305 1643 suis
1363 1589 1559 1641 vidisse
1596 1585 1887 1641 Meletium.
1932 1584 2099 1656 Negat

528 1680 757 1734 Basilius
802 1681 996 1735 adduci
1045 1697 1103 1736 se
1150 1698 1327 1752 posse,
1373 1692 1430 1735 ut
1468 1682 1581 1735 haec
1619 1681 1882 1733 Eustathii
1942 1694 2100 1733 manu

525 1775 789 1829 fabricata
847 1776 1125 1830 existimet
1153 1790 1166 1825 :
1199 1788 1365 1843 seque
1400 1784 1647 1828 coactqu
1685 1772 1883 1827 fatetur
1912 1772 2099 1835 fuisse,

2203 598 2333 637 num
2381 583 2546 651 hujus
2608 581 2753 635 anui.
2803 580 2873 634 At
2913 582 3153 649 profecto
3196 582 3394 652 prima,
3420 600 3540 655 qua:
3570 598 3650 644 est
3697 590 3767 643 ad

2199 683 2444 727 sanctum
2496 672 2811 735 Eusebium,
2862 686 2967 725 non
3010 673 3183 728 solum
3234 682 3360 727 ante
3412 678 3673 735 violentas
3700 678 3767 734 ad

2202 765 2462 819 Danizam
2503 765 2710 819 litteras
2756 762 3092 827 collocanda,
3133 765 3231 821 sed
3278 767 3439 821 etiam
3488 783 3613 827 ante
3652 789 3765 836 eas,

2206 873 2340 928 quas
2371 856 2683 910 Eustathius
2709 872 2739 910 e
2766 854 2955 910 Cicilia
2997 856 3208 911 rediens
3239 857 3477 928 scripsit,
3525 874 3583 914 ut
3622 880 3772 918 cont-

2202 950 2520 1002 iuunionem
2555 947 2751 1002 Basilio
2784 947 3139 1003 renuntiaret.
3171 947 3306 1004 Nam
3336 951 3390 1005 l'
3410 960 3527 1007 erat
3555 955 3771 1022 quidem

2202 1039 2454 1104 Basilius,
2483 1054 2605 1093 cum
2648 1040 2712 1093 ad
2740 1040 3029 1095 Eusebium
3061 1039 3302 1107 scripsit,
3333 1042 3470 1099 lixas
3492 1050 3547 1099 et
3576 1043 3771 1101 immo-

2204 1145 2289 1189 tus
2336 1136 2389 1189 in
2423 1133 2648 1189 consilio
2678 1132 2944 1187 Eustatbii
2976 1149 3004 1187 a
3042 1148 3135 1188 sua
3178 1137 3560 1191 communione
3590 1150 3769 1191 remo-

2201 1226 2397 1290 vendi;
2444 1236 2498 1279 at
2525 1226 2733 1281 consilii
2771 1225 2931 1295 hujus
2957 1226 3266 1296 aequitatem
3296 1226 3374 1281 sic
3423 1229 3687 1297 defendit,
3715 1241 3779 1285 ut

2204 1332 2304 1371 nec
2341 1319 2701 1372 renuntiatam
2733 1318 2835 1373 sibi
2880 1318 2948 1371 ab
2992 1318 3274 1373 Eustatbio
3315 1323 3775 1386 communionem,

2203 1424 2303 1463 nec
2339 1408 2578 1464 famosos
2628 1408 2858 1472 libellos,
2898 1408 2993 1462 sed
3029 1419 3236 1464 tantum
3280 1410 3510 1465 astutias
3543 1412 3685 1468 illius
3720 1420 3778 1469 et

2203 1501 2582 1557 cavillationes
2646 1511 2917 1556 causetur.
2980 1501 3040 1556 2°
3073 1501 3357 1568 Eusebius,
3408 1516 3563 1570 quem
3615 1518 3779 1573 supra

2202 1594 2614 1649 observavimus
2643 1609 2745 1648 non
2784 1594 2962 1648 minus
2999 1596 3249 1648 amicum.
3278 1594 3580 1655 Eustathio,
3614 1608 3780 1663 quam

2205 1691 2378 1757 ipsum
2415 1688 2692 1750 Basiliam,
2721 1686 2911 1752 fuisse,
2939 1688 3016 1741 sic
3045 1685 3373 1740 discordiam
3403 1689 3543 1744 inter
3569 1696 3783 1740 utrum-

2208 1796 2312 1850 que
2347 1781 2539 1835 sedare
2574 1780 2908 1843 instituebat,
2939 1790 2997 1832 ut
3020 1779 3192 1848 ipsum
3225 1778 3480 1833 Basilium
3511 1780 3781 1850 quodamo

529 1880 640 1922 tum
684 1868 1088 1924 criminationis
1120 1867 1410 1933 diluendte,
1441 1876 1552 1919 tum
1598 1866 1720 1919 fidei
1773 1880 1885 1918 sum
1922 1866 2102 1920 decla-

2219 1874 2366 1926 modo
2395 1872 2811 1942 reprehendere,
2848 1881 2902 1925 et
2932 1871 3075 1926 illius
3100 1871 3205 1926 hac
3233 1871 3289 1924 in
3338 1885 3395 1925 re
3424 1872 3785 1926 humilitatem

527 1961 712 2014 randte
743 1975 929 2025 causa,
981 1958 1403 2028 Apollinarium,
1438 1971 1495 2012 ut
1526 1960 1799 2014 hominem
1842 1958 2105 2014 Sabellia-

528 2067 609 2105 na:
636 2051 855 2105 limresis
882 2048 1117 2112 amnem,
1153 2059 1362 2103 notare.

602 2146 676 2198 Es
733 2159 841 2214 quo
884 2144 1116 2199 Basilius
1170 2142 1405 2213 Nicopoli
1453 2142 1807 2204 discesserat,
1862 2154 1918 2195 ut
1981 2140 2102 2195 fidei

530 2239 815 2293 formulam
842 2237 1011 2291 ferret
1051 2236 1330 2290 Eustathio
1356 2277 1373 2302 ,
1401 2236 1532 2289 nihil
1558 2251 1779 2305 prorsus
1804 2234 2104 2297 Theodoto,

533 2346 765 2399 quocum
798 2345 859 2385 ea
892 2332 959 2387 de
992 2346 1048 2385 re
1078 2330 1498 2390 deliberaverat,
1540 2343 1719 2397 neque
1750 2342 1974 2396 parvum
2014 2342 2103 2381 ne-

534 2438 639 2491 que
670 2440 921 2494 magnum
962 2424 1025 2477 de
1068 2423 1335 2477 Eustatbii
1364 2421 1527 2476 rebus
1553 2421 1871 2491 scripserat.
1906 2420 2111 2491 Repre-

535 2517 566 2569 b
589 2531 736 2569 nisus
776 2517 845 2570 ob
886 2530 1004 2569 eam
1048 2529 1161 2568 rem
1197 2531 1226 2567 a
1268 2512 1544 2569 Theodoto
1581 2525 1739 2582 negat
1772 2515 1843 2584 (c)
1872 2516 2010 2569 banc
2039 2516 2113 2568 si-

532 2608 688 2663 lentii
726 2608 806 2662 sui
838 2622 960 2661 esse
982 2622 1221 2669 causam,
1255 2606 1398 2676 quod
1442 2623 1562 2675 qua:
1600 2606 1700 2661 sibi
1734 2607 1801 2661 ab
1830 2606 2112 2661 Eustatltio

531 2700 870 2764 acciderant,
901 2698 1216 2768 negligenda
1267 2699 1510 2763 duceret,
1549 2698 1644 2751 sed
1677 2698 1818 2766 quod
1862 2697 2105 2752 omnium

534 2792 676 2846 fama
702 2790 978 2846 celebrata
1016 2801 1216 2844 essent.
1246 2787 1302 2844 id
1330 2789 1474 2843 enim
1527 2790 1640 2858 ipse
1675 2794 1963 2840 curaverat
2004 2785 2112 2838 Eu-

537 2885 792 2941 stathius.
837 2883 983 2939 Illius
1028 2883 1256 2954 injurias
1296 2882 1536 2945 breviter
1588 2886 1809 2931 enarrat
1846 2874 2099 2940 Basilius,

536 2996 601 3035 ac
633 2993 831 3034 novum
860 2976 1073 3031 facinus
1106 2974 1368 3044 adjuugit,
1399 2972 1541 3043 quod
1573 2980 1772 3033 tamen,
1809 2978 1863 3021 ut
1892 2982 2112 3023 rumore

536 3078 841 3138 acceptum,
874 3078 1187 3121 asseverare
1228 3079 1335 3117 non
1378 3060 1560 3114 audet.
1623 3059 1922 3116 Ferebatur
1966 3060 2111 3115 enim

538 3159 853 3216 Eustathius
885 3156 1220 3211 reordinare.
1260 3151 1413 3219 Quod
1448 3151 1668 3222 quidem
1717 3150 1897 3205 minus
1924 3164 2111 3206 verum

542 3253 734 3316 fuisse,
762 3263 825 3305 ac
857 3249 1055 3304 merito
1082 3260 1365 3302 assensum
1402 3245 1711 3301 cohibuisse
1738 3242 1993 3297 Basiliam
2048 3255 2113 3294 ex

537 3345 658 3397 aliis
705 3343 823 3410 ejus
872 3340 1068 3394 litteris
1108 3337 1338 3408 perspici
1393 3346 1589 3406 potest,
1628 3334 1678 3387 iu
1733 3334 1927 3403 quibus
1971 3331 2113 3386 nulla

545 3447 771 3501 prorsus
801 3429 958 3499 hujus
999 3427 1222 3482 sceleris
1246 3426 1467 3480 mentio.
1502 3423 1664 3478 Forte
1688 3420 1975 3476 accusandi
2006 3417 2114 3471 Eu-

541 3526 732 3582 stathii
763 3525 888 3579 inde
933 3532 1059 3578 nata
1092 3521 1307 3576 occasio
1340 3521 1483 3590 quod
1516 3517 1805 3572 vehemens
1834 3526 1889 3569 et
1916 3516 2113 3568 immo-

540 3622 765 3675 deratus
798 3617 1065 3673 interdum
1119 3617 1170 3668 in
1218 3615 1321 3668 hoc
1370 3627 1567 3683 genere
1619 3610 1831 3664 fuisset.
1885 3608 2019 3663 Nam
2065 3608 2115 3662 in

542 3713 740 3766 litteris
766 3712 844 3781 (ά)
876 3724 1012 3781 quas
1052 3708 1271 3777 scripsit
1307 3706 1568 3759 adversus
1620 3703 1897 3771 episcopos
1931 3718 1958 3754 a
1992 3701 2117 3769 qni-

542 3806 645 3858 bus
680 3804 959 3872 depositus
1003 3802 1202 3863 fuerat,
1249 3799 1479 3868 negabat
1511 3812 1605 3849 eos
1639 3810 1758 3848 esse
1802 3796 2115 3863 episcopos;

542 3896 736 3949 altaria
781 3892 1031 3948 Basilidis
1056 3899 1358 3951 everterat,
1399 3903 1452 3940 et
1482 3890 1534 3940 in
1568 3887 1799 3954 propriis
1844 3885 2119 3939 sacrifica-

549 3999 696 4043 verat
756 3986 989 4049 mensis;
1032 4000 1095 4037 ac
1148 3984 1200 4036 in
1262 3981 1511 4043 eCt'lCSllS
1564 3982 1807 4032 Amasea:
1859 3986 1910 4031 et
1963 3977 2120 4031 Zelo-

545 4102 665 4141 rum
695 4086 765 4157 (ε)
791 4084 1139 4154 presbyteros
1170 4089 1225 4132 ct
1251 4079 1513 4132 diaconos
1547 4091 1641 4143 per
1676 4090 1733 4128 se
1767 4078 1879 4143 ipse
1915 4074 2120 4127 consti-

547 4187 747 4233 luerat.

616 4272 673 4324 lu
707 4284 899 4323 inanus
927 4265 1184 4337 Olympii,
1220 4264 1310 4333 qui
1353 4262 1584 4333 insignis
1615 4267 1733 4315 erat
1791 4262 1931 4313 inter
1984 4255 2122 4311 Nco-

550 4363 906 4417 t-aesarienses
951 4361 1086 4414 civis
1127 4369 1180 4413 et
1235 4357 1437 4410 Basilio
1497 4354 1724 4419 amicus,
1764 4359 2127 4423 pervenerunt

552 4451 748 4504 litterte
781 4446 1047 4501 Eustathii
1080 4446 1144 4496 ad
1192 4444 1480 4503 Dazinam;
1510 4454 1711 4507 easque
1758 4438 1943 4491 statim
1978 4434 2126 4488 Basi-

2209 1964 2487 2031 requirere
2531 1954 2919 2018 videretur.“
2955 1971 3103 2031 patet
3133 1977 3199 2017 ex
3231 1961 3323 2015 bis
3338 1961 3520 2016 verbis
3546 1960 3726 2015 Basilii
3766 1980 3781 2014 :

2210 2054 2356 2110 Tunc
2385 2075 2416 2110 a
2452 2074 2531 2110 nte
2570 2055 2885 2110 humilitatis
2919 2054 3350 2123 signi/irationem
3394 2069 3622 2121 reposce.
3664 2051 3786 2107 Non

2216 2164 2347 2222 ergo
2405 2150 2616 2205 viderat
2659 2146 2925 2203 Eusebius
2972 2144 3242 2213 epistolas
3312 2144 3431 2199 illas
3478 2144 3778 2209 Eustatbii,

2209 2257 2437 2311 quarum
2471 2257 2573 2293 una
2614 2238 3041 2294 communionem
3093 2235 3435 2290 renuntiabat
3474 2235 3543 2289 ob
3581 2234 3792 2289 saluta-

2213 2344 2325 2388 tum
2362 2332 2489 2385 olim
2520 2347 2616 2399 per
2659 2331 2865 2383 litteras
2892 2327 3320 2397 Apollinarium;
3353 2325 3523 2381 altera
3554 2324 3786 2379 horren-

2212 2426 2293 2480 dis
2317 2422 2791 2480 criminationibus
2828 2420 3026 2477 referta
3058 2432 3176 2475 erat
3205 2440 3219 2475 :
3250 2430 3496 2490 utraque,
3525 2419 3570 2473 si
3600 2418 3785 2473 minus

2211 2533 2356 2586 spem
2400 2530 2616 2571 omnem
2656 2514 2937 2570 auferebat
3000 2515 3149 2584 pacis
3196 2513 3521 2575 sarciendze,
3555 2519 3610 2565 at
3641 2523 3797 2566 certe

2212 2610 2502 2663 accusandi
2542 2609 2725 2663 Basilii
2768 2618 2821 2663 et
2880 2607 3199 2661 humilitatis
3234 2604 3303 2658 ab
3351 2618 3417 2658 eo
3443 2605 3796 2675 reposcendte

2215 2700 2389 2754 locum
2445 2700 2650 2753 nullum
2726 2697 3087 2766 relinquebat.
3158 2693 3214 2750 ‘5'
3270 2694 3609 2764 Eustathius,
3664 2708 3795 2750 cum

2214 2786 2435 2854 scripsit
2464 2785 2715 2851 Eusebio,
2744 2783 2928 2839 Basilii
2963 2784 3402 2840 communionem
3437 2789 3503 2842 ad
3528 2801 3588 2841 se
3619 2794 3799 2839 retra-

2218 2878 2350 2934 bere
2390 2877 2607 2934 volebat
2655 2877 2924 2949 ambiguis
2960 2877 3256 2948 responsis,
3289 2879 3486 2934 nedum
3529 2876 3601 2931 illi
3640 2889 3799 2930 com-

2216 2972 2527 3027 munionem
2563 2971 2687 3041 ipse
2724 2970 2873 3039 prior
2896 2970 3282 3037 renuntiasset,
3308 2981 3401 3023 aut
3426 2970 3477 3022 in
3506 2964 3680 3021 oculis
3710 2972 3800 3018 to-

2221 3067 2328 3121 tius
2363 3079 2499 3134 pene
2531 3061 2771 3118 Orientis
2806 3071 2988 3115 notam
3018 3062 3312 3129 impietatis
3340 3059 3648 3114 inussisset.

2290 3159 2577 3213 Existimat
2614 3156 2987 3210 Tillemontius
3035 3155 3315 3219 Basiliam,
3363 3161 3645 3223 postquam
3686 3149 3799 3207 Eu~

2222 3251 2478 3307 stathium
2515 3248 2647 3304 vidit
2683 3248 2749 3302 ad
2786 3259 3065 3303 extremas
3112 3246 3409 3302 iracundiae
3432 3243 3788 3315 signiﬁcatio-

2222 3358 2319 3397 nes
2348 3339 2556 3407 eli‘erri,
2592 3340 2878 3398 nonnullas
2912 3341 2963 3396 ei
2998 3341 3149 3411 pacis
3197 3340 3539 3396 conditiones
3584 3336 3801 3400 tulisse,

2222 3449 2420 3503 easque
2454 3428 2755 3489 declinasse
2779 3450 2845 3488 ac
2877 3432 3278 3502 subterfugisse
3303 3429 3668 3485 Eustathium.
3689 3425 3800 3481 Sed

2224 3542 2287 3583 ex
2314 3542 2422 3596 quo
2458 3526 2770 3581 Eustathius
2804 3526 3065 3579 indictum
3088 3536 3418 3593 congressus
3443 3519 3617 3575 locum
3649 3518 3805 3574 adire

2231 3620 2427 3683 noluit,
2454 3620 2629 3672 nullus
2662 3618 2772 3686 jam
2802 3616 2986 3669 Basilii
3030 3630 3152 3667 cum
3182 3628 3247 3668 eo
3275 3626 3599 3681 congressus
3628 3611 3803 3664 exsti—

2231 3712 2315 3777 tit,
2346 3710 2504 3764 nulla:
2536 3722 2759 3776 prorsus
2803 3706 2869 3759 ad
2911 3720 3035 3760 eum
3072 3704 3286 3759 litteras.
3330 3702 3439 3758 Sed
3482 3716 3606 3758 cum
3639 3701 3809 3756 Euse-

2233 3807 2380 3859 bium
2408 3812 2562 3871 rogat
2589 3800 2685 3872 (It),
2714 3810 2770 3853 nt
2800 3816 2980 3854 eorum
3000 3814 3118 3870 qua
3139 3799 3370 3852 abinitio
3395 3796 3664 3865 proposita
3688 3794 3811 3865 fue-

2230 3912 2285 3949 re
2308 3894 2622 3958 meminerit,
2654 3908 2715 3947 ea
2750 3891 2999 3962 intelligit
3027 3907 3147 3961 qua:
3176 3888 3417 3960 Nicopoli
3451 3889 3667 3943 rediens
3692 3886 3807 3941 Eu-

2228 3985 2426 4050 statbio
2458 3992 2831 4054 proposuerat,
2863 3997 3042 4049 nempe
3090 3993 3265 4034 utrum
3305 3995 3417 4045 eos,
3451 3980 3541 4049 qui
3574 3995 3677 4033 nos
3716 3994 3804 4034 re-

2227 4077 2425 4144 cipiunt
2449 4076 2722 4127 Nica'nant
2760 4072 2935 4140 ﬁdem,
2971 4087 3243 4126 arceamus
3285 4089 3315 4123 τι
3350 4070 3728 4133 communione,
3756 4077 3806 4121 et

2231 4180 2407 4220 utrum
2434 4181 2551 4218 cunt
2597 4165 2685 4224 iis,
2726 4163 2815 4233 qui
2848 4172 3146 4215 creaturam
3177 4162 3347 4219 dicere
3378 4158 3633 4228 Spiritum
3674 4173 3805 4211 san-

2231 4271 2371 4314 ctum
2402 4260 2619 4321 audent,
2654 4267 2855 4327 portent
2884 4256 3072 4309 habere
3105 4254 3348 4307 nolimus.
3390 4253 3514 4306 Ihcc
3544 4251 3689 4305 enim
3721 4259 3806 4300 to-

2246 4350 2409 4405 tidem
2453 4347 2631 4403 verbis
2664 4348 2924 4401 habemus
2963 4346 3014 4398 in
3064 4344 3290 4396 formula
3318 4342 3460 4405 fidei,
3488 4341 3573 4395 cui
3603 4356 3632 4399 ει
3657 4335 3813 4392 Basi-

2247 4445 2318 4497 lio
2347 4444 2635 4513 propositm
2658 4438 2976 4506 subscripsit
3002 4435 3329 4490 Eustathius.

554 4545 625 4595 lio
654 4538 1009 4610 perferendas
1037 4535 1250 4589 curavit
1298 4532 1391 4601 (fi,
1421 4530 1706 4597 suspicans
1752 4521 1809 4578 id
1852 4525 1995 4593 quod
2025 4542 2112 4577 usu

2314 4534 2466 4601 Quod
2497 4541 2706 4601 spectat
2734 4530 2797 4583 ad
2842 4541 2952 4581 tres
2988 4527 3124 4580 alias
3152 4525 3429 4595 epistulas,
3450 4523 3661 4591 scripta!
3682 4531 3811 4576 sunt

551 4633 754 4697 evenit,
792 4629 1132 4686 Eustathium
1167 4640 1270 4679 non
1315 4635 1422 4676 tam
1460 4623 1567 4674 cito
1605 4619 1722 4671 illas
1766 4616 1968 4671 Basilio
1998 4618 2129 4670 mis-

558 4739 767 4777 surum.
801 4721 856 4777 ιιι
901 4722 1154 4791 colligere
1199 4730 1483 4788 possumus
1507 4729 1572 4767 ex
1616 4714 1698 4765 his
1727 4727 1845 4779 qua:
1874 4709 2129 4779 leguntur

547 4819 654 4871 sub
676 4814 848 4869 .ﬁnem
880 4813 1119 4884 epistolae
1147 4813 1209 4864 ad
1244 4808 1543 4881 O'ytupium
1573 4824 1587 4860 :
1620 4803 1750 4859 Ηωε
1783 4802 2015 4873 quidem,
2046 4801 2131 4855 in-

555 4908 675 4977 quit
702 4904 805 4976 (g),
834 4905 901 4958 ad
946 4904 1161 4955 missum
1200 4914 1397 4953 tantum
1432 4896 1696 4964 respondi,
1732 4905 1787 4946 ut
1829 4902 1876 4947 et
1903 4892 2014 4961 ipse
2050 4905 2137 4944 ve-

558 5004 763 5054 ritatem
812 4996 1099 5064 intelligas.
1130 5006 1174 5047 et
1207 4995 1272 5045 iis
1324 4993 1415 5061 qui
1456 4991 1723 5043 reritatem
1769 4988 1823 5039 in
1869 4984 2133 5053 injustitia

557 5095 787 5146 detinere
823 5090 1029 5149 nolunt,
1070 5087 1409 5155 manifestum
1450 5084 1638 5151 facias.
1677 5081 1909 5149 Exponit
1951 5080 1999 5131 ei
2029 5075 2132 5130 Ba-

558 5186 712 5237 silius
736 5182 863 5252 quid
893 5184 957 5235 de
979 5178 1213 5247 acceptis
1236 5178 1304 5230 ab
1339 5174 1626 5229 Eustatbio
1658 5170 1871 5238 injuriis
1914 5170 2130 5232 sentiat,

557 5296 724 5349 seque
771 5297 873 5335 nec
906 5290 1015 5332 tres
1059 5278 1189 5331 deos
1226 5273 1515 5329 admittere
1548 5285 1646 5325 nec
1686 5284 1808 5323 cum
1862 5265 2134 5338 Apollina-

562 5376 641 5428 rio
666 5372 1075 5428 comumnicare
1100 5370 1358 5423 declarat.

632 5464 872 5531 Quatuor
919 5464 1134 5525 litterae,
1177 5475 1315 5529 quas
1356 5455 1748 5521 recensuitnus,
1780 5466 1969 5522 nempe
2009 5450 2134 5514 128,

631 5644 705 5744 (ξιξ
734 5642 833 5737 βυ·
860 5643 991 5744 iii:
1017 5662 1071 5700 "-
1101 5644 1154 5698 ⁵·

1034 5872 1085 5909 ιι.
1119 5853 1186 5919 6;
1222 5852 1347 5921 9.51,
1376 5869 1429 5908 ιι.
1461 5848 1519 5920 2,
1550 5850 1602 5906 '5.

2230 4638 2350 4698 post
2383 4625 2668 4695 epistolam
2703 4624 2769 4675 ad
2810 4620 3090 4682 l)azinam,
3127 4621 3193 4673 de
3219 4635 3323 4687 qua
3356 4616 3681 4671 mentionem
3732 4613 3811 4667 fa-

2229 4715 2540 4773 ciuntzsed
2590 4730 2696 4768 non
2760 4712 2930 4766 multo
2978 4720 3097 4778 post
3147 4710 3365 4778 scripta:
3398 4708 3666 4760 videntur.
3698 4703 3812 4761 Be-

2238 4809 2469 4879 spondet
2519 4806 2662 4861 enim
2719 4804 2951 4859 Basilius
3006 4802 3219 4857 Meletio
3264 4811 3317 4854 et
3368 4798 3666 4861 Theodoto,
3716 4796 3813 4867 qui

2236 4916 2392 4956 suum
2436 4914 2501 4954 es
2554 4895 2821 4951 Eustatbii
2875 4895 3114 4949 facinore
3159 4904 3430 4960 stuporem
3475 4888 3818 4955 signiﬁcave-

2244 5002 2387 5056 rant,
2416 4989 2598 5045 statim
2638 4994 2808 5055 atque
2837 4985 2903 5037 ad
2931 5000 3118 5038 eorum
3161 4995 3321 5033 aures
3357 4977 3622 5047 pervenit.
3664 4973 3809 5029 Prte-

2246 5097 2390 5139 terea
2426 5090 2572 5151 patet
2606 5095 2672 5133 ex
2720 5078 2945 5147 epistola
2983 5078 3048 5130 ad
3077 5074 3345 5128 Meletium
3402 5071 3638 5125 nondum
3685 5076 3814 5121 tunc

2244 5179 2512 5244 abjectum
2542 5172 2714 5228 fuisse
2744 5173 3027 5226 consilium
3061 5167 3327 5223 scribendi
3360 5165 3412 5219 in
3436 5162 3810 5226 Occidentem,

2242 5269 2382 5336 quod
2406 5267 2457 5320 in
2488 5266 2684 5319 litteris
2722 5266 2823 5319 bac
2851 5273 3038 5318 testate
3066 5259 3285 5327 scriptis
3314 5256 3526 5327 penitus
3559 5266 3814 5307 evanuis-

2243 5374 2301 5414 se
2330 5358 2648 5412 videbimus.
2693 5356 2747 5409 la
2788 5354 3014 5422 epistola
3052 5362 3229 5405 autem
3264 5349 3327 5402 ad
3359 5344 3666 5417 Olympium
3714 5342 3811 5396 im-

2248 5450 2490 5521 probitas
2519 5449 2787 5502 Eustathii
2820 5461 2956 5516 pene
2978 5447 3154 5499 adhuc
3180 5428 3423 5512 utrisque
3452 5436 3635 5493 Basilii
3668 5435 3816 5489 auri-

2312 5631 2381 5701 (e)
2416 5632 2506 5699 Ep.
2533 5629 2655 5691 2‘26,
2692 5648 2743 5683 ιι,

2324 5698 2392 5772 in
2424 5698 2517 5770 Ep.
2543 5701 2671 5762 sas.
2700 5717 2752 5753 n.
2782 5698 2827 5772 7_.

2324 5770 2399 5841 (ἐι)
2436 5773 2531 5840 Ερ.
2567 5771 2688 5841 151,
2720 5786 2774 5826 n.
2801 5770 2857 5823 2.

2326 5840 2402 5915 (lt)
2442 5843 2534 5911 Ep.
2566 5840 2686 5895 l28.
