4038 6450
1602 374 1760 431 VITA
1799 372 1855 429 s.
1901 373 2163 436 BASILII.
3415 413 3506 454 ,η

263 471 360 529 bus
409 472 665 579 ti'nni't'um
703 471 993 579 inferebat.
1032 474 1151 545 Ipse
1203 476 1501 550 Olympius,
1540 497 1662 538 cum
1702 487 1839 541 scri-
1865 491 1913 546 Α
1942 488 2239 546 eedendam
2277 508 2419 557 esse,
2454 499 2545 553 sed
2573 500 2746 555 semel
2773 516 2876 555 una
2904 513 3061 573 parte
3083 503 3251 560 electa
3278 506 3513 579 reliquos

262 567 412 621 h'eret
441 562 664 627 Basilio,
698 565 985 621 dubitabat
1020 582 1088 620 an
1133 571 1360 640 epistola
1389 572 1454 625 ad
1485 572 1741 630 Dazinam
1776 582 1831 630 in

255 657 367 721 ejus
417 670 608 713 manus
653 658 1010 728 pervenisset.
1055 657 1204 716 Unde
1237 662 1498 718 adductus
1541 676 1625 720 est
1666 677 1723 722 ut
1776 667 1835 723 il-

257 752 360 800 lam
394 747 597 805 Basilio
626 754 886 805 mitteret.

327 840 554 898 Videtur
598 858 730 911 ergo
775 853 939 899 totam
986 847 1126 904 haue
1168 848 1491 917 tragoediam
1520 854 1694 921 egisse
1726 852 1832 906 Eu-

258 933 492 989 stathius
533 951 561 987 a
615 933 803 990 diebus
840 932 1065 993 Pascha:
1113 954 1285 1007 usque
1331 940 1395 993 ad
1446 958 1689 998 mensem
1740 940 1833 996 Ju-

261 1024 427 1078 nium.
464 1024 609 1080 Nihil
637 1026 780 1080 enim
810 1028 1011 1084 habent
1036 1030 1252 1094 litterae,
1275 1046 1409 1101 quas
1443 1033 1829 1101 recensuimus,

258 1115 323 1169 de
350 1117 676 1184 gravissimo
709 1121 917 1185 morbo,
944 1136 1053 1189 quo
1080 1119 1311 1177 Basilius
1343 1125 1445 1180 hac
1469 1134 1655 1179 aestate
1686 1124 1833 1180 labe.

261 1210 398 1260 ravit
439 1224 453 1259 :
503 1216 556 1260 et
599 1223 721 1263 cum
772 1227 895 1265 eum
950 1214 1171 1266 morbus
1223 1212 1517 1270 detinuerit
1557 1230 1654 1285 per
1699 1216 1834 1273 duos

258 1312 473 1351 menses
500 1297 761 1369 (nondum
789 1302 933 1355 enim
973 1315 1195 1359 aanatus
1228 1316 1346 1359 erat
1380 1307 1469 1361 die
1498 1307 1833 1377 quinquage-

254 1386 437 1458 simo),
459 1405 523 1445 ac
543 1394 752 1449 tandem
771 1394 1099 1462 aliquantum
1120 1408 1412 1460 recreatus,
1438 1398 1634 1453 festum
1656 1398 1712 1454 S.
1734 1400 1836 1455 Eu-

254 1481 463 1550 psychii
510 1483 598 1539 die
650 1485 879 1550 septimo
939 1484 1271 1557 Septembris
1307 1489 1698 1557 celebraverit,
1746 1506 1832 1547 se-

257 1578 371 1632 rius
412 1592 599 1632 mense
640 1574 784 1630 Julio
830 1579 1050 1635 ineunte
1092 1582 1145 1636 in
1178 1583 1424 1637 morbum
1464 1582 1701 1639 incidere
1724 1601 1830 1641 non

258 1670 455 1735 potuit,
483 1683 548 1722 ac
573 1669 797 1737 proinde
820 1671 1014 1727 littera:
1046 1690 1165 1743 quae
1205 1675 1348 1729 hunc
1381 1675 1631 1729 morbum
1673 1686 1829 1731 ante-

255 1762 454 1814 cedunt
476 1762 541 1814 ad
566 1761 784 1819 .luuium
820 1764 1119 1819 referenda:
1141 1804 1157 1830 ,
1185 1775 1239 1820 et
1272 1767 1437 1821 totius
1464 1769 1703 1824 historiae
1731 1769 1832 1823 ini-

1934 594 2001 632 ex
2048 584 2360 639 testimonio
2397 600 2606 655 eorum,
2646 591 2843 661 quibus
2874 608 3136 652 concessa
3169 596 3333 653 fuerit
3360 614 3512 654 eom-

1935 672 2138 737 mnuio,
2190 675 2556 733 admittendos
2595 700 2607 734 :
2654 687 2695 737 si
2728 686 2874 741 enim
2909 687 3087 743 nullus
3135 692 3187 746 in
3225 689 3310 745 his
3350 695 3511 747 rebus

1936 760 2198 818 habeatur
2229 765 2492 830 delectus,
2557 786 2655 824 usu
2692 789 3009 832 eventurum
3055 792 3112 832 ut
3152 784 3371 840 haeresis
3403 802 3509 839 ma-

1933 854 2014 922 gis
2041 856 2394 923 accendatur,
2426 860 2552 913 dum
2585 861 2643 926 ii,
2674 867 2766 933 qui
2822 874 2966 927 inter
3011 885 3072 926 se
3107 876 3343 933 maxime
3393 878 3510 933 dis-

1934 950 2195 1014 sentiunt,
2244 956 2684 1009 communionem
2734 956 3164 1019 Occidentalium
3219 968 3333 1033 pari
3386 968 3512 1039 jure

1936 1040 2191 1105 retinent,
2223 1053 2278 1096 et
2325 1057 2577 1116 acceptas
2615 1048 2685 1103 ab
2719 1050 2854 1118 ipsis
2913 1052 3120 1111 litteras
3176 1055 3280 1111 sibi
3325 1069 3509 1117 mutuo

1936 1129 2216 1198 objiciunt.

2005 1222 2271 1280 Redeunti
2310 1225 2672 1286 Sanctissimo
2708 1229 2937 1286 Basilius
2972 1235 3257 1303 epistolam
3294 1238 3398 1294 1'52
3423 1240 3513 1293 de-

1934 1314 2012 1368 dit
2040 1318 2106 1369 ad
2143 1318 2457 1373 Ahramium
2490 1322 2781 1377 Batnorum
2814 1325 2865 1377 in
2898 1322 3284 1395 Mesopotamia
3304 1332 3511 1400 episcoo

1934 1423 2085 1477 pum,
2116 1409 2272 1477 cujus
2304 1428 2499 1466 nomen
2532 1414 2727 1482 legitur
2758 1420 2900 1471 inter
2928 1418 3217 1489 episcOpos
3252 1421 3508 1479 Orienta-

1934 1500 2079 1553 lesin
2103 1501 2263 1569 epist.
2292 1500 2380 1555 92.
2418 1502 2765 1560 Venerandus
2809 1509 2903 1563 ille
2936 1510 3226 1581 episcopus
3253 1512 3509 1579 Basiliam

1932 1591 2001 1646 ab
2036 1590 2192 1645 initio
2224 1591 2507 1657 dilexerat,
2544 1595 2594 1648 id
2620 1604 2725 1661 est,
2757 1612 2820 1650 ex
2852 1614 2959 1667 quo
2985 1615 3106 1657 sese
3147 1602 3293 1657 inter
3318 1619 3377 1659 se
3408 1621 3507 1661 no-

1933 1690 2147 1747 verant,
2187 1682 2418 1754 ideoque
2446 1682 2676 1741 Basilins
2698 1702 2840 1757 saepe
2869 1690 2935 1744 ad
2972 1706 3095 1747 eum
3138 1695 3381 1751 scribere
3408 1711 3509 1767 op.

1933 1781 2134 1839 lasset;
2186 1774 2278 1830 sed
2320 1791 2443 1830 cum
2503 1790 2569 1831 eo
2620 1776 2806 1834 Batnis
2854 1779 3054 1849 ejecta,
3084 1784 3221 1839 varii
3265 1799 3513 1842 rumores

256 1852 415 1918 tium,
450 1851 499 1906 id
532 1862 635 1918 est,
665 1855 847 1910 Basilii
880 1856 982 1909 iter
1024 1856 1076 1911 in
1126 1856 1437 1915 Armeniam
1487 1862 1673 1916 statim
1714 1870 1834 1930 post
1869 1845 1911 1900 Β
1939 1861 2232 1931 ferrentur,
2288 1866 2410 1922 aliis
2458 1882 2582 1923 eum
2634 1845 2956 1939 Samosatis,
3010 1845 3131 1930 aliis
3179 1892 3308 1933 rure
3364 1892 3511 1947 esse,

251 1943 463 1999 I'ascha
493 1946 891 2001 collocandum.

321 2037 404 2091 Ad
443 2037 583 2091 idem
616 2047 850 2106 tempus,
874 2056 982 2109 quo
1015 2056 1162 2112 spem
1190 2044 1342 2112 pacis
1368 2044 1566 2097 nullam
1599 2044 1835 2114 relique-

255 2135 338 2179 rat
372 2127 708 2191 Eustathius,
751 2130 917 2186 refert
958 2133 1334 2189 Tillemontlus
1394 2136 1533 2190 hanc
1576 2135 1833 2191 brevissi-

252 2232 396 2272 mam
436 2217 681 2290 Gregorii
728 2220 1056 2276 Nazianzeni
1115 2224 1393 2292 epistolam
1442 2228 1508 2280 ad
1560 2229 1835 2298 Amphilo-

248 2310 434 2365 chium
460 2311 535 2383 (a)
568 2331 581 2367 :
613 2314 689 2366 Οὐ
723 2313 998 2383 βάρϐαρον
1025 2312 1085 2367 τὺ
1110 2315 1389 2388 ἐπίταγμα
1425 2320 1522 2390 τῆς
1554 2321 1830 2392 ἀμιμήτου

252 2424 346 2461 σου
390 2409 813 2477 καλοκάγαθίας,
852 2411 964 2463 ἀλλ’
1004 2411 1331 2485 Ἑλληνικὸν,
1384 2415 1581 2485 μᾶλλον
1620 2417 1676 2470 δὲ
1708 2419 1833 2489 Χρι-

254 2500 551 2552 στιανικόν.
589 2501 648 2553 Ὀ
692 2500 749 2554 δὲ
793 2502 1109 2573 Ἀρμένιος,
1163 2507 1245 2572 ἐφ’
1273 2499 1317 2572 ᾧ
1363 2508 1505 2558 πάνυ
1552 2508 1832 2579 φιλοτιμῇ,

253 2590 527 2664 βάρϐαρος
560 2594 843 2666 ἀντικρὺς,
880 2596 973 2649 καὶ
1005 2598 1286 2668 πόρρωθεν
1310 2598 1409 2667 τῆς
1448 2600 1719 2671 ἡμετέρας
1746 2619 1832 2670 φι-

250 2682 523 2753 λοτιμίας.
557 2686 679 2741 Non
719 2688 1050 2742 barbaricum
1096 2699 1169 2742 est
1203 2689 1541 2742 inimitabilia
1571 2702 1674 2742 (me
1707 2708 1830 2760 pro-

252 2777 429 2830 bitatis
474 2778 725 2843 edictum,
776 2778 866 2832 sed
920 2778 1183 2839 Crwcum.
1215 2782 1319 2833 imo
1361 2779 1741 2835 Christianum.
1765 2785 1831 2835 At

251 2869 558 2933 Armenius,
592 2871 656 2923 de
688 2888 787 2940 quo
813 2872 1080 2941 gloriaris,
1128 2872 1384 2924 barbarus
1448 2872 1599 2939 plane
1643 2882 1741 2936 est,
1771 2890 1833 2927 ac

254 2960 409 3028 longe
441 2977 473 3013 a
500 2970 680 3014 nostra
704 2962 859 3015 laude
881 2973 927 3014 et
955 2962 1270 3029 gloriatione
1299 2974 1546 3015 remotus.

341 3051 402 3105 ν.
436 3051 521 3105 Ad
552 3052 651 3107 has
685 3051 951 3106 Eustathii
1003 3052 1306 3106 calumnias
1351 3052 1484 3107 illud
1514 3056 1830 3124 accedebat,

256 3153 313 3196 ut
344 3142 551 3197 nullum
610 3157 836 3212 prorsus
872 3143 1014 3196 diem
1046 3144 1114 3197 ab
1168 3142 1347 3197 exsilii
1402 3145 1564 3199 minis
1595 3146 1827 3199 solutum

254 3232 491 3289 Basilius
566 3232 810 3288 haberet.
885 3233 1314 3303 lmpetraverant
1377 3233 1444 3287 ab
1505 3236 1832 3304 imperatore

254 3325 471 3389 Ariani,
506 3335 567 3379 ut
592 3325 637 3380 is
660 3340 848 3379 eorum
877 3325 1135 3378 voluntati
1161 3327 1487 3379 traderetur.
1520 3325 1651 3390 Sed,
1681 3338 1833 3383 ante-

255 3432 423 3485 quam
454 3416 720 3470 scriberet
746 3416 813 3469 ad
848 3414 1117 3469 Meletium
1153 3415 1382 3471 Basilius
1408 3415 1517 3489 (ὁ),
1551 3418 1835 3475 nuntiave-

258 3518 344 3561 rat
382 3508 600 3576 qnidam
645 3521 711 3561 ex
760 3506 881 3561 aula
922 3508 1165 3572 veniens,
1200 3509 1302 3564 hoc
1348 3511 1627 3567 decretum
1660 3523 1837 3567 muta-

260 3610 374 3653 tum
409 3598 601 3665 fuisse,
629 3613 691 3654 ac
721 3598 951 3669 jussisse
985 3600 1392 3671 imperatorem,
1429 3614 1487 3656 ut
1533 3604 1710 3673 aliqua
1754 3605 1837 3659 di-

259 3694 394 3749 latio
419 3692 595 3749 ﬁeret.
632 3691 817 3765 Itaque
849 3693 978 3763 quid
1040 3693 1279 3749 futurum
1309 3702 1474 3760 esset,
1510 3696 1730 3749 omnino
1757 3698 1840 3750 ln-

260 3794 469 3841 certum
492 3795 628 3842 erat.

329 3878 633 3933 Mirabatur
683 3880 736 3932 in
788 3878 976 3933 eadem
1009 3876 1239 3948 epistola
1270 3877 1516 3945 Basilius,
1550 3878 1691 3948 quod
1722 3887 1841 3933 tan-

263 3970 357 4026 diu
383 3972 776 4026 Sanctissimus
816 3972 955 4041 apud
983 3969 1040 4025 8.
1072 3970 1341 4025 Meletinm
1376 3980 1701 4027 moraretur.
1731 3970 1839 4027 Sed

263 4076 386 4116 cum
446 4076 571 4130 spes
614 4060 887 4115 mittenda;
926 4060 978 4114 in
1024 4060 1370 4114 Occidentem
1415 4060 1697 4129 legationis
1732 4060 1838 4115 cito

263 4148 570 4214 evanuerit,
605 4159 660 4200 ut
686 4148 843 4201 modo
869 4147 1191 4211 videbimus,
1220 4148 1307 4200 vix
1332 4148 1551 4203 dubium
1573 4157 1679 4215 est,
1708 4149 1836 4218 quin

265 4238 409 4292 nulla
438 4254 562 4293 eum
586 4238 699 4307 jam
752 4239 839 4295 his
892 4240 945 4293 in
980 4238 1113 4294 locis
1157 4239 1431 4293 detinente
1467 4255 1648 4305 causa,
1683 4241 1837 4295 initio

270 4328 481 4383 aestatis
509 4329 750 4385 redierit.
775 4329 1044 4385 Attulerat
1075 4328 1220 4384 enim
1263 4328 1478 4385 lieletio
1504 4340 1837 4386 commenta-

269 4424 408 4476 rium
441 4421 500 4475 8.
526 4421 745 4477 Eusebii
784 4424 851 4478 de
885 4424 985 4477 hac
1011 4423 1275 4478 mittenda
1303 4424 1570 4494 legatione
1603 4434 1657 4480 et
1688 4424 1835 4480 litte-

269 4525 358 4565 ras
391 4507 455 4564 S.
491 4508 693 4575 Basilii,
730 4512 819 4580 qui
854 4508 915 4567 S.
956 4506 1226 4569 Meletium
1271 4516 1491 4586 rogabat
1514 4514 1607 4586 (c),
1639 4522 1696 4569 ut
1718 4515 1836 4584 epi-

268 4600 467 4655 stolam
497 4602 564 4655 ad
592 4599 962 4659 Occidentales
989 4618 1259 4661 esararet.
1316 4607 1481 4663 Valde
1524 4608 1669 4662 enim
1714 4624 1839 4678 pro-

270 4691 435 4747 babat
461 4690 691 4752 Basilius
720 4693 925 4765 legatos
953 4697 1009 4751 in
1036 4695 1383 4753 Occidentem
1411 4699 1578 4760 mitti.
1607 4700 1701 4754 sed
1736 4714 1835 4755 ne-

269 4798 379 4851 que
435 4786 490 4838 in
544 4789 939 4843 commentario
993 4790 1135 4858 quod
1174 4790 1397 4845 miserat
1454 4788 1514 4845 8.
1552 4790 1838 4856 Eusebius,

272 4889 451 4946 neque
485 4876 601 4946 ipse
639 4892 737 4933 sua
764 4887 956 4949 sponte
1004 4881 1296 4951 quidquam
1339 4882 1667 4950 reperiebat,
1696 4882 1839 4952 quod

275 4981 386 5020 rem
426 4982 752 5038 causamque
774 4969 1076 5025 contineret
1107 4972 1183 5042 (ιι)
1212 4989 1226 5025 :
1254 4982 1536 5042 propterea
1566 4974 1707 5043 quod
1740 4988 1839 5027 ne-

271 5058 511 5113 cessaria
540 5058 649 5127 jam
696 5072 1069 5131 praeoccupata
1112 5073 1304 5130 erant,
1342 5062 1611 5133 superﬂua
1659 5074 1836 5119 autem

272 5151 517 5206 scribere
548 5166 772 5221 prorsus
794 5152 1007 5221 inutile,
1040 5163 1094 5208 et
1120 5156 1187 5209 de
1232 5156 1421 5211 iisdem
1463 5157 1624 5211 rebus
1672 5156 1842 5212 mole-

271 5242 434 5297 stiam
462 5241 725 5298 exhibere
760 5245 1049 5300 ridiculum
1105 5246 1420 5302 videbatur.
1458 5246 1582 5303 Ilzec
1631 5257 1840 5303 tantum

1935 1951 2055 2007 aliis
2085 1953 2229 2009 circa
2285 1955 2485 2013 Batnas
2522 1959 2665 2027 ipsas
2710 1962 2919 2017 versari
2974 1966 3358 2036 narrantibus;
3394 1969 3512 2025 haec

1935 2045 2169 2099 varietas
2221 2048 2539 2104 nuntiorum
2581 2050 2839 2107 Basilium
2879 2055 2947 2109 ab
2984 2063 3247 2110 autumno
3283 2073 3512 2127 suspen-

1935 2148 2055 2189 sum
2087 2147 2145 2190 et
2172 2136 2464 2193 sollicitum
2495 2151 2760 2198 tenuerat.
2790 2144 2859 2199 At
2899 2145 2985 2200 ubi
3015 2160 3139 2199 eum
3182 2146 3373 2202 didicit
3400 2148 3513 2203 Att-

1935 2224 2151 2280 lioebia:
2203 2226 2255 2281 in
2308 2228 2515 2283 aedibus
2562 2230 2843 2289 Saturnini
2900 2236 3117 2291 comitis
3158 2238 3511 2305 commorari,

1934 2326 2045 2373 tum
2075 2334 2203 2374 vero
2230 2319 2462 2376 libenter
2501 2322 2761 2381 facultate
2799 2328 3140 2385 Sanctissimi
3175 2344 3307 2386 usus
3337 2341 3423 2387 est
3452 2340 3513 2387 ut

1932 2424 2053 2465 eum
2078 2412 2365 2467 salutaret.

2004 2502 2153 2558 [lane
2191 2514 2369 2559 autem
2408 2505 2688 2575 epistolam
2723 2508 2823 2564 hoc
2857 2524 2998 2565 anno
3040 2511 3307 2566 collocare
3340 2512 3506 2569 malui

1933 2605 2094 2660 quam
2130 2609 2268 2648 anno
2306 2596 2431 2661 376,
2466 2613 2573 2667 quo
2628 2600 2809 2669 plures
2845 2602 3110 2672 ejusmodi
3154 2603 3362 2659 litteras
3403 2602 3511 2659 Ba-

1932 2682 2038 2737 silii
2075 2686 2295 2752 pertulit
2324 2686 2736 2746 Sanctissimus.
2771 2694 2894 2745 Ista:
2917 2692 3059 2747 enim
3090 2694 3155 2749 de
3186 2694 3322 2752 laetis
3350 2698 3514 2754 rebus

1932 2788 1999 2829 ex
2053 2771 2347 2831 Occidente
2393 2778 2568 2833 allatis
2614 2781 2832 2850 scriptae
2883 2792 3031 2839 sunt.
3074 2783 3129 2838 In
3182 2784 3282 2840 hac
3331 2795 3511 2842 autem

1932 2864 2067 2919 nihil
2116 2880 2340 2935 prorsus
2389 2867 2672 2937 ejusmodi.
2728 2869 2990 2926 Praeterea
3045 2888 3168 2927 eum
3220 2873 3514 2930 Sanctissi-

1934 2968 2054 3007 mus
2086 2970 2190 3009 non
2225 2956 2448 3010 redierit
2481 2972 2627 3011 anno
2654 2957 2779 3023 576,
2817 2958 2916 3012 nisi
2944 2971 3207 3014 autumno
3233 2962 3345 3032 jam
3384 2959 3515 3019 ale-

1932 3052 2020 3096 cto
2043 3083 2058 3109 ,
2102 3059 2205 3099 non
2240 3058 2367 3101 tunc
2394 3049 2620 3102 dixisset
2661 3047 2888 3104 Basilius
2920 3065 2979 3105 se
3008 3051 3295 3107 sollicitum
3324 3055 3393 3109 ab
3421 3068 3512 3109 au-

1937 3140 2126 3189 tumno
2159 3135 2369 3201 fuisse;
2402 3138 2513 3207 jam
2551 3139 2693 3193 enim
2728 3147 2877 3195 totus
2914 3156 3088 3199 asinus
3124 3143 3435 3202 efﬂuxisset.

2467 3292 2696 3349 CAPUT
2745 3294 2978 3350 XXVIII.

1936 3428 1978 3487 I.
2022 3428 2081 3485 S.
2132 3428 2363 3482 Basilius
2403 3429 2589 3481 scribit
2638 3426 2798 3479 Petro
2847 3425 3228 3493 Alexandrino,
3271 3426 3510 3493 Faenio,

2006 3510 2055 3554 et
2100 3498 2355 3553 Diodoro.
2404 3498 2465 3566 Il.
2509 3496 2704 3550 Incidit
2747 3499 2803 3550 in
2854 3499 3224 3566 gravissimum
3274 3498 3513 3553 morbum

2011 3580 2058 3624 et
2089 3568 2269 3622 scribit
2313 3566 2369 3621 S.
2402 3565 2652 3620 Eusebio.
2698 3565 2899 3620 Rumor
2933 3570 2996 3620 de
3029 3568 3175 3621 illius
3210 3576 3394 3620 morte.
3430 3570 3514 3623 Ad

2011 3653 2177 3705 aquas
2204 3636 2405 3691 calidas
2431 3638 2808 3705 proﬁciscitur,
2844 3639 2979 3691 unde
2999 3638 3176 3718 scribit
3210 3637 3509 3705 Antipatro.

2010 3709 2096 3761 lll.
2139 3704 2400 3759 Invisitur
2431 3710 2496 3759 ab
2544 3706 2772 3775 Evagrio
2820 3717 2866 3761 et
2909 3705 2967 3762 S.
3014 3706 3359 3775 Hieronymo.
3396 3706 3509 3761 Ins-

2084 3747 2096 3760 .
2139 3721 2400 3759 ιιιυιιιιιιτ
2431 3721 2496 3759 ιιυ
2544 3721 2772 3761 ιιιασηο
2820 3721 2866 3761 οι
2909 3721 2967 3761 δ.
3014 3721 3359 3761 Hierontmto.
3396 3721 3513 3761 lm-

2010 3724 2096 3761 lll.
2139 3724 2400 3759 sumitur
2431 3724 2496 3759 an
2544 3724 2772 3776 magno
2820 3724 2866 3761 et
2909 3724 2967 3762 ο.
3014 3724 3359 3775 Hieronymo.
3396 3724 3513 3761 ms-

2010 3778 2215 3845 plorant
2255 3776 2371 3845 ejus
2409 3779 2713 3844 pra'sidium
2753 3776 3025 3831 Sebasteni
3065 3776 3365 3845 ortltodoai.
3412 3776 3514 3831 Vo-

2010 3844 2163 3901 catur
2196 3848 2265 3898 ad
2278 3844 2287 3845 ί
2311 3850 2609 3901 electionem
2658 3849 2885 3914 episwpi
2933 3845 3249 3901 Iconiensis.
3286 3844 3377 3900 IV.
3416 3846 3515 3901 Die

2010 3918 2176 3971 morbi
2214 3919 2639 3986 quinquagesimo
2672 3918 2853 3970 scribit
2900 3916 2963 3975 S.
3013 3915 3261 3981 Eusebio,
3288 3931 3366 3986 _ac
3393 3933 3512 3986 post

2011 3987 2177 4040 multo
2203 3983 2315 4049 post
2354 3983 2732 4039 'Alesandrinis
2786 3998 2832 4038 et
2879 3988 3238 4040 Antiocltenis.
3287 3983 3353 4041 ν.
3382 3984 3516 4041 Data:

2012 4057 2071 4111 S.
2095 4055 2307 4109 Eusebii
2338 4058 2547 4120 littera,
2567 4058 2752 4123 quibus
2782 4060 3053 4124 respondet
3097 4055 3350 4109 Basilius.
3396 4055 3515 4121 Quo

2015 4143 2169 4179 sensu
2198 4124 2511 4194 Bosporium
2536 4126 2634 4178 sibi
2662 4125 2968 4194 adjunctum
2993 4143 3155 4192 nuper
3176 4127 3339 4192 fuisse
3360 4127 3514 4180 dicit.

2012 4194 2103 4251 Vl.
2139 4194 2306 4249 Nulla
2333 4198 2430 4249 hoc
2460 4212 2599 4249 anno
2625 4194 2843 4249 [lentam
2874 4199 3030 4250 missa
3060 4198 3274 4266 legatio.

2010 4334 2054 4393 ι.
2104 4331 2236 4389 Cum
2281 4332 2564 4403 migrasset
2600 4331 2650 4385 in
2700 4331 2899 4386 caelum
2956 4332 3013 4385 S.
3056 4329 3385 4386 Athanasius
3430 4328 3519 4387 die

1943 4428 2180 4487 secunda
2225 4427 2347 4482 Maii
2379 4424 2539 4494 hujus
2574 4426 2703 4479 anni
2739 4425 2868 4489 373,
2910 4424 3070 4493 eique
3099 4422 3290 4479 Petrus
3320 4438 3517 4495 magno

1864 4546 1914 4609 υ
1948 4520 2202 4576 Ecclesia:
2231 4518 2611 4572 Alexandrinae
2648 4517 2836 4584 plausu
2867 4515 3258 4581 successisset;
3288 4514 3523 4571 Basilius

1937 4612 2175 4683 acceptis
2220 4610 2365 4665 illius
2414 4612 2481 4663 de
2527 4621 2680 4662 more
2721 4605 2918 4661 litteris
2965 4606 3238 4676 respondit
3278 4621 3373 4675 per
3409 4608 3519 4676 epi-

1935 4705 2128 4763 stolam
2168 4700 2293 4767 l35,
2318 4701 2371 4754 in
2398 4714 2505 4768 qua
2537 4696 2778 4752 declarat
2803 4695 2991 4766 quanti
3025 4695 3190 4750 faciat
3216 4696 3517 4751 amicitiam

1934 4794 2102 4859 Petri,
2130 4806 2292 4859 quam
2322 4804 2427 4844 non
2459 4788 2703 4858 corporei
2734 4787 2899 4852 oculi,
2944 4786 3042 4842 sed
3094 4790 3295 4843 donum
3338 4785 3517 4859 Spiri-

1938 4896 2031 4943 tus
2083 4883 2257 4940 sancti
2303 4880 2708 4938 conciliaverat.
2743 4877 2962 4934 Minime
2994 4877 3201 4933 dubitat
3244 4879 3376 4949 quin
3418 4879 3522 4934 Pe-

1945 4989 2084 5043 trus,
2133 4984 2192 5030 ut
2238 4975 2370 5029 tanti
2420 4972 2523 5027 viri
2568 4972 2838 5037 alumnus,
2885 4986 2949 5026 ac
2989 4970 3145 5042 longa
3198 4971 3341 5026 illius
3386 4984 3521 5027 con-

1946 5066 2231 5125 suetudine
2276 5080 2427 5128 usns,
2477 5064 2667 5119 eodem
2718 5063 2907 5131 spiritu
2951 5063 3186 5128 incedat,
3220 5075 3285 5116 ac
3329 5061 3516 5117 eadem

1950 5162 2198 5230 dogmata
2249 5165 2526 5225 sequatur.
2572 5154 2884 5210 Obtestatur
2924 5164 2983 5208 ut
3018 5151 3306 5209 Athanasii
3348 5152 3403 5207 ia
3454 5167 3519 5209 se

1945 5265 2183 5325 amorem
2212 5264 2337 5305 cum
2370 5248 2581 5303 caeteris
2615 5248 2769 5302 rebus
2795 5247 3053 5315 excipiat,
3088 5260 3151 5299 ac
3184 5259 3323 5313 sape
3356 5247 3423 5299 ad
3456 5259 3517 5301 se

273 5335 567 5390 videbatur
610 5335 688 5390 illi
729 5337 927 5392 intacta
966 5351 1090 5394 esse
1139 5340 1390 5405 materia,
1418 5341 1463 5395 si
1494 5352 1845 5396 monereutur
1949 5342 2174 5406 scribat,
2207 5350 2263 5397 et
2308 5339 2663 5396 fraternitatis
2705 5339 2901 5407 ubique
2950 5334 3157 5393 diffusa:
3196 5350 3385 5391 curam
3423 5350 3519 5391 eo-

274 5426 657 5484 Occideutales
687 5444 791 5483 non
823 5431 940 5485 sine
960 5429 1167 5499 judicio
1192 5446 1255 5486 ac
1278 5432 1487 5487 delectu
1510 5432 1844 5491 communio-
1950 5433 2073 5488 dem
2101 5433 2300 5495 studio,
2334 5446 2396 5487 ac
2430 5431 2775 5487 beatissimus
2801 5430 2890 5483 ille
2920 5430 3018 5493 vir,
3060 5429 3343 5500 suscipiat.
3380 5428 3517 5484 Cum

274 5532 399 5573 nem
434 5519 521 5585 iis,
548 5518 639 5587 qui
667 5534 732 5573 ex
760 5517 981 5578 Oriente
1015 5522 1237 5578 veniunt
1283 5533 1375 5577 aut
1419 5524 1683 5591 scribunt,
1715 5539 1843 5580 con-

348 5720 426 5855 lii
589 5718 714 5857 ἷξξᾷ
737 5805 789 5846 ιι.
817 5788 873 5845 2.

1948 5523 2061 5578 hwc
2114 5522 2381 5578 scriberet
2432 5522 2697 5590 Basilius,
2758 5522 2991 5577 nondum
3046 5521 3241 5579 allatus
3296 5530 3415 5576 erat
3464 5519 3517 5575 in

2016 5722 2092 5788 ιε)
2122 5723 2218 5791 Ep.
2249 5722 2372 5777 tae.

2013 5791 2094 5864 (ιι)
2122 5792 2218 5865 Ep.
2248 5793 2369 5849 129.
