4038 6466
474 418 543 460 cx
1841 390 2343 450 PltOLEGOMENA
2358 430 2370 443 .

477 512 875 582 Cappadociam
922 510 1315 581 persecutionis
1355 496 1703 582 statim'post
1736 509 1877 564 Petri
1916 512 2127 572 σιώ-Α
2160 517 2414 561 recentes
2469 508 2647 561 adhuc
2710 515 2867 559 erant
2930 504 3265 562 calamitates
3319 524 3384 564 ex
3462 509 3723 566 divisione

484 606 758 661 nationem
791 606 1037 659 excitatae
1070 603 1313 659 nuntius.

557 694 779 750 \‘idetur
830 702 1089 749 statutum
1145 694 1399 748 habuisse
1440 693 1683 767 Basilius
1734 694 1810 765 (α)
1868 696 2049 749 statim

477 800 605 853 post
653 788 855 843 Pascha
920 785 1211 840 Eusebium
1288 786 1733 843 Samosateusem
1795 786 2047 839 invisere.

480 877 586 933 Sed
639 881 685 931 ei
729 884 805 930 tot
854 876 1236 944 impedimenta
1271 887 1725 945 supervenerunt,
1757 886 1815 929 ut
1841 874 2053 930 deside-

481 971 618 1023 rium
649 983 805 1020 suum
843 967 1059 1036 explere
1100 984 1208 1023 non
1247 970 1497 1039 potuerit.
1527 965 1841 1022 Eustathius
1871 967 2046 1021 diaco-

480 1076 581 1114 nus
622 1060 674 1113 in
703 1075 920 1129 gravem
955 1063 1201 1115 morbum
1234 1061 1503 1128 delapsus,
1538 1059 1766 1114 detinuit
1796 1074 1918 1112 eum
1959 1074 2055 1128 per

476 1161 619 1205 totos
663 1153 797 1206 duos
844 1166 1078 1216 menses,
1121 1155 1245 1208 dum
1283 1152 1424 1205 diem
1468 1164 1534 1203 ex
1568 1151 1653 1205 die
1687 1149 1827 1203 illius
1860 1149 2057 1204 valetu-

478 1243 658 1296 dinem
715 1254 1015 1311 exspectat.
1074 1245 1276 1298 Deinde
1317 1258 1506 1298 omnes
1556 1245 1644 1311 qui
1693 1257 1813 1295 cum
1854 1241 2054 1298 Basilio

481 1343 661 1397 erant,
700 1333 752 1388 id
785 1343 891 1401 est,
921 1335 1104 1389 clerici
1143 1335 1196 1386 in
1231 1334 1349 1403 ejus
1381 1334 1543 1387 domo
1578 1337 1853 1405 degentes,
1879 1350 2053 1405 :rgro-

479 1434 666 1479 tarnnt
702 1443 718 1491 ;
780 1441 844 1480 ac
884 1434 1157 1496 postremo
1198 1424 1311 1492 ipse
1345 1423 1579 1479 Basilius
1612 1425 1766 1495 longa
1817 1435 1866 1479 et
1913 1424 2057 1495 peri—

478 1517 663 1572 culosa
696 1518 1015 1585 :egritudiue
1046 1528 1351 1586 correptus.

550 1608 631 1662 Ad
668 1607 801 1662 illud
846 1615 1082 1677 tempus,
1113 1624 1222 1679 quo
1249 1606 1580 1676 mgrotabant
1632 1606 1824 1663 Basilii
1848 1608 2052 1671 clerici,

481 1700 733 1754 videntur
764 1699 954 1754 referri
1003 1716 1159 1769 posse
1200 1698 1445 1769 cpistola:
1490 1700 1593 1754 ‘l's'l
1634 1711 1688 1755 et
1734 1701 1854 1761 153,
1886 1702 2053 1755 altera

480 1790 547 1842 ad
600 1788 881 1843 Pmoniuut
940 1789 1354 1860 presbyterum,
1410 1788 1579 1844 altera
1646 1789 1710 1841 ad
1764 1789 2054 1845 Diodorum

480 1883 783 1939 Antiochia:
829 1885 1234 1953 presbyterum.
1283 1881 1537 1937 Paeonius
1580 1893 1689 1936 tum
1736 1884 1965 1950 primum
1995 1886 2059 1938 ad

482 1972 745 2027 Basilium
799 1972 1124 2039 scripserat,
1156 1971 1381 2040 ejusque
1431 1984 1651 2039 accepta
1698 1971 1921 2038 epislolq
1960 1970 2059 2024 Ba-

480 2064 637 2119 silius
689 2060 960 2117 sileutinm
1010 2063 1267 2130 przeteriti
1325 2067 1584 2131 temporis
1635 2061 1862 2116 moleste
1919 2061 2057 2119 tulit,

477 2174 712 2228 eumque
760 2166 816 2210 ut
879 2166 1067 2227 pergat
1128 2158 1370 2212 scribere
1419 2158 1690 2213 hortatur.
1732 2155 1903 2224 Negat
1959 2153 2059 2207 sibi

480 2250 648 2303 ullmn
698 2248 889 2304 adesse
943 2250 1337 2321 calligrapbum
1392 2257 1487 2303 aut
1562 2247 1985 2317 tacbygraphum
2043 2262 2057 2299 :

482 2357 623 2410 quos
678 2341 823 2395 enim
870 2353 1229 2406 exercuerat,
1279 2341 1471 2396 borum
1523 2340 1612 2393 alii
1665 2342 1731 2391 ad
1776 2338 2059 2407 pristinum

482 2436 607 2485 vitae
669 2434 973 2487 institutum
1032 2436 1343 2498 redierant,
1400 2434 1488 2485 alii
1539 2431 1814 2486 diuturnis
1862 2431 2064 2487 morbis

480 2527 661 2582 alllicti
697 2526 910 2582 labores
936 2527 1076 2581 ferre
1106 2542 1208 2579 non
1236 2534 1500 2595 poterant.

556 2619 819 2675 Diodorus
864 2619 1145 2688 presbyter
1190 2633 1311 2671 cum
1348 2616 1487 2671 duos
1524 2616 1695 2671 libros
1739 2617 1792 2670 in
1827 2617 2066 2684 dialogo-

482 2726 603 2764 rum
637 2725 839 2764 tnorem
872 2721 1059 2764 contra
1085 2708 1364 2763 lia-retices
1398 2707 1732 2776 scripsisset,
1768 2722 1831 2760 ac
1863 2704 2065 2759 Basilio

484 2801 741 2870 legendos
790 2810 843 2857 et
887 2800 1276 2855 examinandos
1321 2800 1602 2862 misisset;
1652 2811 1802 2852 suam
1844 2795 1891 2848 ei
1943 2810 2066 2848 sen-

484 2894 705 2947 tentiam
736 2890 1056 2961 Basilius(b)
1084 2890 1199 2944 sine
1222 2888 1343 2942 l’nco
1359 2890 1579 2957 exponit
1606 2907 1618 2941 :
1653 2905 1713 2942 ac.
1740 2888 1790 2941 in
1831 2886 2067 2940 secundo

484 2969 702 3053 quidem
745 2984 911 3038 multa
943 2983 1146 3047 laudat,
1187 2984 1238 3036 in
1269 2982 1460 3052 primis
1498 2980 1720 3050 simplex
1760 2995 1857 3033 nec
1894 2978 2072 3033 elabo-

486 3084 666 3128 ratum
728 3077 941 3130 dicendi
1001 3091 1203 3145 genus,
1260 3075 1570 3129 Christiano
1638 3076 1874 3128 maxime
1940 3090 2071 3129 con-

486 3179 726 3235 gruens;
788 3167 839 3217 in
900 3166 1073 3219 altero
1120 3174 1296 3219 autem
1344 3168 1433 3233 qui
1499 3166 1707 3234 longior
1760 3178 1894 3232 erat,
1944 3167 2069 3220 illud

489 3254 857 3323 reprehendit,
910 3254 1075 3323 quod,
1120 3269 1243 3308 cum
1294 3270 1557 3322 personas
1610 3256 1913 3309 iudetinitas
1948 3259 2069 3311 Dio.

492 3348 662 3402 dorus
713 3345 994 3401 induceret
1046 3344 1350 3414 loquentes,
1394 3346 1826 3399 adversariorum
1862 3348 2070 3415 vitupe-

492 3440 595 3502 ria,
644 3450 1059 3505 nostrorumque
1120 3438 1306 3493 laudes
1366 3438 1653 3493 intexeret.
1705 3439 1962 3508 Proponit
2020 3440 2069 3494 ei

490 3532 736 3598 exempla
780 3547 901 3584 eum
957 3530 1271 3584 Aristotelis
1326 3539 1379 3583 et
1428 3529 1815 3600 Theophrasti,
1866 3533 1957 3598 qui
2015 3532 2069 3586 in

497 3623 723 3692 dialogis
764 3622 1066 3677 scribendis
1112 3622 1297 3676 statim
1346 3638 1431 3677 res
1475 3624 1619 3692 ipsas
1660 3625 2067 3694 aggrediuntur,

501 3732 603 3771 nec
638 3717 949 3773 Platonicos
989 3716 1197 3784 lepores
1227 3717 1427 3769 imitari
1479 3717 1696 3783 audent,
1750 3727 1859 3771 tum
1911 3720 2072 3773 etiam

500 3809 669 3876 ipsius
695 3807 960 3869 Platonis,
1000 3808 1091 3875 qui
1136 3808 1223 3861 ubi
1266 3823 1526 3876 personas
1572 3808 1878 3863 indefinitas
1918 3812 2076 3864 indu-

497 3900 592 3964 cit,
637 3900 688 3953 id
731 3899 873 3967 quod
918 3897 1043 3951 fecit
1075 3898 1127 3951 in
1170 3898 1401 3966 legibus,
1447 3912 1550 3951 non
1586 3896 1697 3964 jam
1739 3914 1833 3953 eas
1869 3902 2077 3955 comico

500 4005 651 4046 more
698 3989 979 4054 describit,
1034 4004 1134 4044 nec
1173 3988 1467 4059 quidquam
1505 3988 1787 4042 admiscet
1837 3992 2077 4045 sermoni

497 4084 646 4154 quod
699 4099 1057 4152 personarum
1118 4083 1395 4153 proprium
1461 4082 1551 4135 sit.
1606 4080 1831 4136 Fatetur
1896 4082 2077 4151 itaque

502 4175 757 4243 Basilius,
787 4176 875 4230 ubi
903 4190 1129 4244 persona
1159 4176 1209 4227 in
1237 4174 1559 4229 deteriorem
1585 4182 1792 4239 partem
1825 4175 2078 4231 omnibus

503 4268 717 4338 cognita
775 4265 1083 4335 subjicitur,
1130 4263 1385 4317 nonnulla
1432 4279 1496 4317 ex
1542 4263 1687 4317 illius
1737 4263 1912 4318 indole
1956 4280 2079 4318 ora-

503 4360 633 4413 tioni
682 4373 839 4425 posse
887 4357 1086 4419 iotexi,
1137 4355 1182 4410 si
1242 4366 1419 4409 tamen
1474 4354 1839 4415 Christianum
1891 4358 2080 4412 deceat

504 4465 768 4522 personas
797 4449 1016 4503 omissis
1049 4449 1211 4501 rebus
1242 4447 1570 4516 vituperare.
1611 4448 1684 4501 At
1716 4449 1803 4502 ubi
1837 4464 2082 4517 persona:

506 4542 802 4599 iudeliuita:
848 4542 1143 4604 disserunt,
1180 4538 1441 4609 ejusmodi
1482 4540 1547 4591 ad
1589 4555 1846 4607 personas
1889 4555 2083 4593 excur-

504 4636 658 4689 sibus
687 4634 954 4688 orationis
984 4631 1179 4687 seriem
1215 4631 1418 4683 frustra
1455 4630 1794 4707 interrumpi.
1838 4630 1961 4685 llaec
1988 4630 2082 4684 Ba-

508 4730 667 4786 silius
699 4728 954 4796 ingenne,
988 4733 1046 4779 ut
1078 4740 1285 4792 aequum
1324 4722 1559 4792 judicent
1594 4720 1818 4775 decebat
1844 4740 1859 4788 ;
1890 4738 1987 4778 nec
2023 4732 2082 4778 ut

507 4820 710 4889 scripta
751 4818 1050 4885 corrigeret
1092 4815 1375 4879 Diodorus,
1415 4811 1507 4866 sed
1551 4820 1608 4865 ut
1643 4820 1789 4865 esset
1827 4812 2079 4879 deinceps

508 4912 563 4966 in
598 4910 886 4966 scribendo
913 4907 1162 4970 cautior;
1196 4904 1343 4959 illum
1376 4904 1518 4958 enim
1545 4912 1725 4971 sperat
1764 4899 1912 4970 plura
1942 4900 2081 4955 scri-

509 5016 750 5076 pturum.
786 4999 1027 5054 Primum
1075 4998 1125 5051 ei
1175 4996 1369 5049 librmn
1404 4994 1646 5058 remittit,
1693 4992 1920 5047 alterum
1966 5008 2082 5047 ser-

513 5107 624 5158 vat,
653 5094 961 5149 describere
1004 5087 1213 5147 volens.
1256 5101 1355 5140 nec
1392 5086 1604 5153 copiam
1626 5083 1854 5154 [habens
1898 5084 2084 5155 tachy-

512 5186 723 5259 graphi.
752 5185 980 5238 Causam
1012 5195 1117 5234 non
1142 5176 1320 5243 all‘ert,
1343 5192 1444 5231 cur
1463 5186 1649 5230 careat
1672 5175 2037 5246 tacbygrapho
2065 5191 2078 5226 :

512 5278 609 5333 sed
640 5278 855 5331 videtur
877 5274 1086 5335 eadem,
1129 5287 1192 5326 ac
1228 5272 1283 5325 in
1323 5268 1601 5338 superiore
1630 5267 1880 5335 epistola,
1913 5266 2087 5320 exsti-

514 5373 666 5425 tisse.
735 5368 936 5422 Deinde
987 5380 1118 5419 vero
1172 5362 1312 5433 quod
1362 5360 1528 5423 addit,
1584 5359 1666 5411 Ad
1707 5367 1908 5412 lautam
1952 5358 2089 5411 enim

516 5460 792 5533 penuriam
855 5455 1155 5512 invidenda:
1228 5453 1599 5524 Cappadocum
1672 5468 1753 5506 res
1806 5453 2088 5515 devenere,

519 5568 643 5609 cum
697 5551 900 5621 optime
958 5549 1214 5603 convenit
1265 5547 1317 5601 in
1370 5545 1513 5601 hunc
1560 5558 1766 5600 annum
1813 5543 1938 5610 375,
1982 5557 2090 5610 quo

589 5750 673 5893 ἐπὶ

2156 598 2503 667 Cappadocia:
2545 609 2713 662 ortae;
2759 605 2870 649 tum
2924 612 3049 652 vero
3095 610 3198 650 non
3236 598 3464 657 obscure
3502 602 3720 668 indicat,

2154 705 2249 746 cur
2290 689 2517 752 librarii,
2549 701 2607 743 ut
2636 699 2717 745 est
2761 689 2812 742 in
2860 692 3139 757 superiore
3169 690 3413 759 epistola,
3442 698 3507 749 ad
3539 695 3721 765 pristi-

2155 798 2251 837 uas
2299 793 2447 837 artes
2492 783 2799 836 rediissent.
2844 778 2898 833 Id
2928 784 3070 835 enim
3115 793 3174 839 ut
3216 782 3477 848 facerent,
3517 789 3723 841 videtur

2156 888 2247 931 eos
2286 873 2529 943 coegisse
2567 875 2616 927 di
2640 874 2866 929 ﬂicultas
2911 878 3262 942 comparandi
3288 878 3457 929 victus
3482 890 3546 930 ex
3579 880 3723 944 ejus-

2158 963 2298 1019 modi
2332 974 2467 1027 arte,
2493 965 2578 1019 cui
2626 966 2677 1018 in
2711 979 2918 1019 summa
2954 974 3212 1032 egestate,
3249 983 3311 1022 ac
3367 966 3720 1023 litteratorum

2158 1055 2434 1109 hominum
2457 1045 2637 1119 'luctu,
2673 1073 2901 1126 quorum
2950 1056 3193 1127 plerique
3249 1062 3435 1115 urbem
3489 1059 3723 1128 relique-

2156 1156 2299 1213 rant,
2347 1166 2453 1204 non
2503 1147 2796 1219 plurimum
2850 1151 2947 1205 loci
2994 1164 3113 1205 esse
3181 1162 3408 1218 peterat.
3460 1152 3722 1208 Praeterea

2156 1255 2278 1294 cum
2310 1242 2457 1296 dicat
2516 1241 2766 1305 Basilius,
2810 1244 2909 1297 sibi
2949 1258 3047 1298 nec
3076 1256 3172 1311 per
3204 1243 3584 1309 valetudinem,
3625 1259 3725 1299 nec

2155 1348 2254 1403 per
2294 1336 2505 1404 negotia
2546 1334 2793 1387 scribere
2825 1333 3012 1400 licere,
3044 1334 3094 1388 id
3127 1344 3439 1405 argumento
3474 1347 3557 1391 est
3600 1352 3722 1392 eum

2160 1426 2226 1479 nd
2257 1441 2396 1495 opus
2426 1426 2493 1479 de
2520 1423 2723 1493 Spiritu
2750 1433 2960 1487 saneto,
2994 1427 3137 1492 quod
3169 1440 3308 1479 anno
3328 1423 3432 1480 574
3452 1426 3727 1483 elaborare

2158 1517 2402 1587 incmpit,
2434 1520 2669 1571 nondum
2704 1523 2830 1569 tunc
2862 1516 3097 1569 animum
3125 1517 3454 1587 adjuuxisse.

2234 1651 2296 1705 ιι.
2342 1653 2587 1709 Basilius
2622 1663 2745 1724 post
2780 1651 3013 1708 clericos
3051 1668 3177 1708 suos
3220 1662 3323 1707 tam
3360 1653 3508 1722 gravi
3542 1654 3730 1708 morbo

2160 1756 2443 1814 correptus
2487 1756 2587 1804 est.
2642 1754 2700 1800 ut
2759 1759 2880 1800 cum
2939 1743 3081 1798 illius
3134 1744 3556 1814 magnitudinem
3612 1759 3717 1799 non

2093 1847 2346 1941 Bposset
2392 1837 2732 1903 exprimere,
2786 1850 2852 1890 ex
2908 1834 3024 1905 ipso
3077 1844 3350 1889 consueta:
3407 1836 3730 1891 valetudinis

2163 1935 2304 1981 statu
2346 1925 2754 1986 diiudicandam
2803 1927 3153 1998 relinqueret.
3205 1927 3293 1982 Ait
3334 1928 3476 1982 enim
3528 1944 3586 1983 se
3636 1927 3729 1999 (c),

2160 2019 2290 2070 dum
2364 2019 2545 2072 valere
2622 2019 2915 2082 videretur,
2994 2021 3352 2075 inﬁrmiorem
3414 2022 3479 2075 iis
3546 2021 3728 2083 fuisse,

2162 2125 2392 2177 quorum
2438 2110 2584 2163 salus
2621 2114 2941 2179 desperatur
2981 2129 2993 2165 :
3031 2112 3170 2164 unde
3216 2128 3320 2165 non
3373 2111 3585 2180 illepide
3622 2113 3733 2165 col-

2161 2200 2279 2273 ligit
2324 2202 2539 2256 habitus
2577 2203 2950 2267 mutationem,
2998 2216 3101 2254 non
3140 2201 3406 2264 morbum,
3453 2202 3546 2255 sed
3595 2216 3734 2268 pra:-

2162 2295 2521 2351 clarissimam
2572 2294 2930 2349 valetudinem
2969 2309 3088 2349 esse
3138 2292 3407 2348 debuisse.
3470 2291 3735 2346 Discimns
3787 2287 3792 2290 ’

2167 2407 2232 2445 ex
2280 2391 2440 2458 epist.
2489 2388 2583 2442 ιιι
2632 2388 2760 2441 nihil
2801 2388 2849 2442 ei
2896 2388 3068 2456 magis
3114 2387 3407 2451 obstitisse,
3451 2385 3739 2455 quominus

2172 2481 2315 2532 vires
2350 2484 2645 2543 repararet,
2679 2490 2837 2543 quam
2883 2478 3117 2530 inusuuu
3165 2493 3231 2529 ex
3273 2477 3511 2530 molestis
3549 2474 3728 2531 Eccle-

2168 2570 2261 2623 si:e
2303 2566 2640 2636 temporibus
2687 2567 2947 2619 dolorem.
2985 2565 3148 2621 Forte
3195 2572 3333 2622 idem
3377 2570 3527 2622 dolor
3574 2570 3741 2623 totius

2168 2659 2343 2712 morbi
2389 2673 2551 2712 causa
2608 2657 2835 2712 exstitit.
2880 2656 3012 2710 Nam
3074 2669 3267 2726 pratter
3317 2660 3581 2712 horrenda
3629 2657 3739 2712 Eu-

2167 2749 2350 2802 statbii
2406 2748 2664 2817 facinora,
2724 2766 2831 2805 non
2886 2768 3075 2822 parum
3132 2750 3430 2819 angebatur
3482 2749 3624 2819 quod
3672 2748 3739 2802 ab

2169 2840 2298 2907 ipsis
2348 2840 2635 2908 episcopis,
2690 2842 3010 2910 quibuscum
3064 2841 3449 2896 conuuunione
3506 2844 3731 2909 conjun-

2168 2938 2288 2985 ctus
2332 2938 2472 2994 erat,
2518 2931 2649 2985 nihil
2686 2932 2866 2985 auxilii
2903 2932 2968 2985 ad
3013 2948 3098 2987 res
3149 2931 3554 2987 ecclesiasticas
3600 2931 3743 2983 acci-

2170 3035 2342 3095 peret.
2393 3025 2446 3077 lu
2488 3024 2712 3091 epistola
2766 3025 2865 3079 l56
2911 3028 2987 3096 (η.
3034 3024 3113 3097 2),
3164 3040 3325 3095 quam
3381 3025 3517 3077 lecto
3556 3020 3744 3075 allixus

2174 3116 2391 3185 scripsit
2438 3117 2502 3169 ad
2560 3113 2886 3179 Eusebium,
2933 3116 3251 3185 ingemiscit,
3295 3116 3435 3184 quod
3482 3112 3740 3182 episcopi,

2100 3222 2141 3278 (ς
2177 3209 2301 3260 dum
2354 3222 2466 3261 sua:
2503 3209 2733 3276 quisque
2780 3209 3056 3263 securitati
3092 3207 3397 3268 consulunt,
3434 3219 3620 3272 parum
3651 3217 3747 3255 cu-

2176 3310 2293 3353 rent
2328 3318 2450 3368 qua:
2488 3306 2554 3356 ad
2591 3303 2892 3369 proximum
2942 3311 3205 3370 spectant,
3246 3314 3343 3354 nec
3387 3298 3546 3351 rebus
3589 3309 3744 3349 com-

2184 3393 2438 3446 munibus
2505 3396 2643 3447 male
2696 3395 3014 3448 cadentibus
3063 3395 3301 3462 privatas
3347 3389 3507 3444 simul
3561 3388 3738 3458 perire

2179 3483 2503 3553 intelligant.
2561 3483 2782 3537 Fatetur
2842 3501 2945 3538 non
3008 3485 3278 3537 indicente
3336 3480 3565 3535 Eusebio
3629 3479 3745 3533 haec

2181 3571 2298 3628 ﬁeri
2338 3592 2353 3629 :
2388 3589 2509 3629 eum
2557 3574 2699 3627 enim
2744 3574 2927 3627 omnia
2978 3574 3118 3627 velut
3156 3589 3220 3627 ex
3266 3573 3477 3640 specula
3513 3572 3744 3639 quadam

2176 3665 2610 3736 prospicientem,
2661 3664 2796 3718 alios
2834 3673 2888 3717 et
2935 3663 3137 3719 litteris
3169 3674 3224 3718 et
3271 3662 3613 3718 sermonibus
3646 3663 3749 3715 ad-

2183 3761 2459 3815 hortatum
2524 3773 2678 3823 esse,
2727 3758 2969 3827 nihilque
3027 3756 3353 3810 intentatum
3413 3753 3747 3825 reliquisse;

2181 3858 2343 3916 atque
2382 3848 2525 3901 illius
2562 3848 2891 3901 monitorum
2926 3845 3263 3908 memoriam,
3300 3854 3357 3897 ut
3393 3859 3619 3914 quaeque
3658 3858 3749 3899 res

2182 3937 2400 4001 accidit,
2439 3936 2608 3991 oculis
2651 3936 2954 3999 obversari,
2984 3937 3076 3989 sed
3111 3950 3215 3988 non
3250 3936 3448 3989 idcirco
3474 3950 3560 3988 res
3591 3948 3747 3988 com-

2180 4041 2372 4080 mones
2408 4026 2673 4095 adjuvari.
2710 4026 2801 4078 Sic
2830 4027 3077 4082 desertus
3106 4024 3173 4076 ab
3199 4025 3464 4093 episcOpis
3499 4022 3751 4089 Basilius,

2179 4124 2442 4168 statuerat
2470 4124 2625 4168 extra
2657 4114 3025 4168 ecclesiastica
3055 4126 3176 4165 esse
3207 4112 3333 4177 tela,
3366 4111 3417 4165 id
3452 4122 3554 4177 est,
3587 4118 3643 4163 ut
3674 4112 3753 4167 ait

2181 4222 2341 4274 supra
2388 4206 2439 4259 in
2485 4207 2644 4273 epist.
2680 4206 2747 4259 ad
2775 4203 3072 4267 Urbicium,
3110 4203 3446 4256 inimicorum
3480 4204 3648 4259 furori
3691 4219 3752 4260 se

2181 4299 2504 4361 subducere,
2548 4314 2670 4351 cum
2718 4311 2777 4351 se
2825 4297 3147 4367 imparatum
3188 4303 3243 4349 et
3298 4295 3557 4351 inermem
3598 4297 3748 4351 vide-

2184 4400 2265 4445 ret
2307 4408 2321 4444 :
2355 4406 2417 4444 ac
2465 4390 2639 4460 ipstun
2673 4390 2820 4443 illum
2858 4388 3070 4442 Eusebii
3109 4398 3453 4456 conspectum
3494 4398 3548 4442 et
3586 4388 3754 4444 collo-

2186 4482 2391 4552 quium,
2438 4497 2467 4536 ει
2508 4498 2617 4552 quo
2660 4497 2781 4537 eum
2824 4495 3041 4534 suorum
3084 4477 3253 4533 morbi
3297 4493 3360 4533 ac
3402 4479 3594 4534 deinde
3623 4494 3756 4533 suus

2114 4573 2157 4627 D
2188 4578 2589 4639 abstraxerant,
2632 4589 2740 4628 non
2774 4574 2839 4627 ad
2870 4586 3229 4635 communem,
3256 4572 3349 4624 sed
3381 4576 3449 4626 ad
3481 4572 3755 4641 propriam

2185 4684 2337 4724 suam
2392 4655 2673 4721 utilitatem
2712 4666 3021 4734 fqumrebat.
3076 4660 3283 4732 Scripta
3341 4673 3425 4718 est
3478 4663 3590 4718 haec
3638 4663 3757 4733 epi-

2188 4761 2325 4815 stola
2398 4770 2689 4827 antequam
2744 4757 3177 4825 Basilins'aqnis
3236 4756 3428 4810 calidis
3487 4765 3752 4826 uteretur,

2189 4869 2296 4924 quo
2344 4854 2585 4909 remedio
2633 4867 2786 4906 usum
2830 4865 2889 4905 se
2947 4865 3067 4906 esse
3114 4849 3245 4905 dicit
3301 4851 3354 4904 in
3397 4850 3751 4920 sequentibus

2189 4945 2447 5017 epistolis.

2265 5083 2405 5136 Ante
2460 5080 2587 5133 illud
2642 5078 2766 5140 iter,
2817 5075 2958 5145 quod
3001 5073 3202 5130 Basilio
3248 5075 3313 5130 ad
3360 5089 3529 5145 aquas
3583 5057 3755 5144 impe-

2194 5182 2385 5226 rarunt
2413 5170 2629 5229 medici.
2659 5169 2869 5225 videtur
2897 5168 3185 5237 contigisse
3226 5166 3368 5234 quod
3414 5169 3526 5234 ipse
3568 5175 3757 5220 narrat

2196 5264 2247 5316 in
2292 5260 2515 5329 epistola
2563 5258 2682 5312 Ml.
2722 5256 2923 5311 Audito
2951 5255 3067 5325 ejus
3103 5257 3291 5310 mortis
3329 5257 3539 5321 nuntio,
3592 5270 3757 5311 vene-

2193 5364 2317 5408 runt
2361 5351 2599 5421 episcopi
2642 5350 2983 5414 Catsaream;
3025 5348 3118 5403 sed
3160 5349 3314 5402 vivus
3347 5348 3415 5403 ab
3446 5349 3527 5402 eis
3554 5350 3746 5415 depre-

2192 5447 2427 5506 hensus,
2481 5442 2646 5497 etiam
2707 5452 2872 5511 atque
2927 5442 3087 5493 etiam
3141 5454 3235 5493 eos
3296 5438 3611 5493 adhortatus
3668 5448 3757 5492 est

2193 5539 2260 5593 ad
2294 5536 2549 5591 Ecclesiae
2589 5533 2975 5599 defensionem,
3010 5547 3073 5588 ac
3108 5530 3200 5588 Dei
3224 5532 3482 5601 judicium
3517 5530 3597 5587 eis
3628 5539 3758 5586 ante

2269 5736 2337 5808 (ε)
2374 5735 2469 5805 Ep.
2502 5736 2622 5800 tas,
2654 5747 2710 5786 ιι.
2738 5736 2788 5797 t.
