4038 6450
1629 365 1785 422 VITA
1826 364 1885 421 S.
1925 362 2008 419 BA
2017 362 2192 421 SILlI.

3417 375 3511 422 GI]

269 479 455 533 oculos
485 478 685 544 posuit,
716 477 768 534 id
807 477 950 551 quod
990 477 1103 548 jam
1135 488 1293 533 antea
1325 491 1425 547 per
1459 477 1669 535 litteras
1694 494 1835 548 prie-
1863 480 1913 539 Δ
1940 478 2196 534 Romanis
2231 488 2456 531 exarata
2492 474 2742 545 epistola,
2772 473 2984 543 qualem
3017 471 3082 527 ad
3119 487 3177 529 se
3215 473 3284 529 ab
3316 472 3510 531 Orien-

268 566 502 622 stiterai.

337 657 474 711 Tum
514 672 640 711 cum
676 658 830 727 aquis
873 657 1063 714 calidis
1101 668 1389 714 curaretur
1422 658 1671 723 Basilius,
1709 672 1838 714 suc-

267 751 437 804 cessit
498 750 781 819 Antipater
829 750 1062 805 Maximo
1114 753 1366 819 praisidi,
1420 751 1506 806 cui
1582 752 1839 820 abrogata

265 841 501 907 dignitas
528 840 704 895 fuerat
747 858 852 896 nou
896 842 1011 896 sine
1034 842 1369 911 gravissimis
1402 842 1638 911 injuriis.
1690 840 1840 895 Seri-

266 930 346 985 bit
399 932 688 1001 Antipatro
738 930 966 985 Basilius
1017 930 1094 1003 (a)
1143 935 1387 988 morbum
1436 948 1595 988 suum
1636 932 1689 985 in
1735 932 1841 986 hoc

268 1023 511 1076 maxime
539 1021 825 1076 molestum
849 1022 949 1077 sibi
973 1023 1115 1088 esse,
1146 1025 1288 1093 quod
1321 1033 1471 1078 tanto
1503 1024 1620 1077 viro
1643 1023 1839 1094 guber-

267 1111 463 1167 nacula
524 1112 716 1182 patriae
771 1122 1090 1181 i-apessente
1135 1115 1327 1170 abesse
1374 1125 1620 1185 cogatur.
1680 1114 1838 1170 Com-

268 1208 493 1261 mendat
539 1207 702 1261 etiam
751 1207 964 1275 praesidi
1018 1210 1291 1279 negotium
1344 1208 1619 1275 Palladiae,
1674 1224 1836 1279 quam

265 1301 460 1354 matris
513 1298 631 1353 loco
689 1299 1043 1353 reverebatur
1102 1314 1209 1354 non
1271 1300 1443 1355 solum
1497 1302 1567 1357 ob
1625 1300 1837 1372 generis

261 1393 747 1461 propinquitatem,
780 1392 873 1445 sed
909 1393 1070 1447 etiam
1119 1396 1189 1449 ob
1230 1410 1440 1450 morum
1488 1395 1835 1466 probitatem.

263 1483 421 1535 Circa
458 1482 675 1534 domum
704 1482 864 1552 hujus
897 1493 1155 1538 matronae
1170 1496 1391 1539 exortus
1420 1486 1595 1539 fuerat
1618 1485 1835 1555 quidam

263 1571 572 1637 tumultus;
614 1573 753 1627 forte
791 1589 953 1642 opera
1006 1575 1167 1630 unius
1218 1592 1281 1629 ex
1314 1578 1434 1647 ejus
1487 1578 1717 1641 famulis,
1743 1578 1836 1647 qui

262 1663 473 1717 ideirco
498 1664 838 1718 detinebatur
866 1680 894 1718 a
926 1667 1173 1722 cohorte.
1206 1667 1377 1739 Rogat
1408 1669 1633 1723 Basilius
1660 1678 1719 1724 ut
1742 1669 1836 1739 ju-

261 1753 466 1807 dicium
492 1753 772 1807 differatur
805 1770 977 1824 usque
1000 1757 1065 1809 ail
1090 1772 1247 1810 suum
1279 1759 1590 1813 adventum.

1948 570 2147 625 talibus
2197 568 2363 623 scribi
2405 577 2655 637 oportere
2694 565 3027 636 judicabant.
3064 565 3347 636 Evagrium
3384 566 3514 623 bor-

1943 670 2087 717 tatus
2114 670 2197 717 est
2226 660 2457 716 Basilius
2498 659 2599 730 (ἀ),
2642 667 2702 713 ut
2736 658 3042 714 Antiocliize
3076 673 3200 713 cum
3235 659 3511 715 Dorotheo

1940 760 2115 810 sancti
2171 752 2371 809 Meletii
2418 754 2728 824 presbytero
2758 754 3182 808 communicaret
3216 770 3231 807 :
3261 752 3511 823 promisit

1939 844 2218 915 Evagrius,
2254 855 2309 898 at
2340 845 2622 915 promissis
2653 859 2758 898 non
2793 844 2965 898 stetit.

2013 933 2295 989 Probabile
2366 942 2449 989 est
2522 944 2765 989 sanctum
2837 933 3222 1004 Hieronymum
3294 932 3509 1004 Evagrii

1938 1026 2145 1081 socium
2169 1027 2382 1082 itineris
2413 1026 2600 1089 fuisse,
2632 1035 2687 1080 et
2716 1040 2837 1079 cum
2866 1040 2931 1079 eo
2948 1023 3245 1080 Caesaream
3275 1026 3506 1082 venisse.

1941 1119 2101 1175 Certe
2152 1117 2516 1188 Hieronymus
2565 1120 2711 1174 circa
2746 1118 2849 1173 hoc
2883 1125 3093 1188 tempus
3134 1117 3186 1171 in
3230 1116 3508 1173 Orientem

1937 1210 2104 1265 venit.
2154 1207 2287 1263 Nam
2333 1208 2387 1262 in
2442 1208 2628 1276 primis
2678 1207 2872 1262 litteris
2921 1223 3059 1277 quas
3103 1222 3201 1262 suo
3266 1208 3507 1263 adventu

1938 1300 2199 1371 scripsit,
2239 1299 2478 1369 loquitur
2524 1298 2591 1353 de
2633 1298 3037 1354 confessoribns
3079 1297 3351 1370 Egypiiis
3405 1299 3503 1368 (ε),

1938 1408 2076 1464 quos
2113 1389 2317 1445 Valens
2367 1390 2465 1445 hoc
2517 1404 2658 1445 anno
2704 1389 2755 1442 in
2798 1385 3142 1444 Palaestinam
3189 1391 3445 1460 relegavit
3487 1407 3505 1446 :

1940 1498 2111 1552 seque
2162 1480 2460 1536 Antiochia
2500 1495 2604 1534 uua
2662 1495 2784 1534 cum
2831 1479 3063 1549 Evagrio
3111 1484 3319 1540 versari
3370 1484 3508 1538 indi-

1936 1584 2022 1629 cat
2049 1574 2137 1644 (n,
2161 1572 2303 1627 illius
2340 1572 2522 1627 verbis
2561 1569 2890 1626 Florentium
2921 1570 3180 1628 salutans.
3216 1574 3510 1629 Eiiumerat

1937 1664 2014 1736 (g)
2038 1665 2199 1717 etiam
2257 1663 2644 1731 Cappadociam
2700 1662 2841 1716 inter
2878 1663 3210 1731 provincias,
3245 1680 3343 1734 per
3369 1681 3506 1734 quas

1938 1754 2189 1817 transiit;
2230 1760 2285 1807 et
2328 1766 2449 1806 cum
2491 1765 2549 1806 se
2590 1751 2795 1807 fervido
2843 1752 3043 1807 Cilicia:
3092 1762 3225 1809 a:stii
3276 1754 3502 1808 fractum

334 1844 454 1901 lam
514 1855 683 1899 totum
735 1861 977 1901 mensem
1029 1849 1094 1901 ad
1142 1862 1310 1917 aquas
1367 1847 1659 1913 residebat,
1708 1862 1831 1904 cum
1864 1828 1909 1888 Β
1939 1845 2101 1899 fuisse
2133 1851 2378 1907 testetur,
2437 1843 2489 1896 id
2521 1843 2679 1899 etiam
2718 1845 2920 1912 optime
2946 1846 3178 1912 quadrat
3212 1862 3335 1900 cum
3371 1846 3506 1900 Eva-

262 1936 484 2004 scripsit
527 1937 833 2006 Antipatro.
874 1936 1100 1991 Videtur
1146 1938 1391 2006 protinus
1436 1938 1681 2002 rediisse,
1729 1938 1837 1995 sal-

264 2036 374 2082 tem
408 2042 469 2082 se
504 2027 579 2081 ita
617 2027 883 2081 facturum
926 2028 1127 2082 indicat
1162 2028 1213 2083 in
1246 2029 1349 2083 liae
1386 2030 1638 2097 epistola.
1668 2028 1836 2085 Caete-

265 2133 386 2172 rum
421 2134 577 2188 aqua:
603 2134 707 2171 non
748 2118 974 2172 multum
1021 2119 1094 2173 illi
1137 2119 1458 2190 profuerunt
1487 2136 1501 2172 :
1530 2134 1697 2191 seque
1724 2119 1837 2190 ipse

262 2211 482 2278 dignum
535 2208 733 2264 fatetur
780 2210 914 2275 risu,
957 2212 1100 2281 quod
1148 2212 1493 2282 proverbium
1546 2213 1675 2267 illud
1728 2228 1833 2267 non

261 2298 613 2363 intellexerit,
652 2309 895 2355 mortuos
928 2302 1117 2357 calidis
1166 2318 1271 2356 non
1300 2303 1500 2372 juvari.
1541 2302 1830 2371 Postquam

265 2387 422 2439 rediit
462 2386 789 2456 Caesaream,
821 2389 1003 2446 adhuc
1027 2406 1149 2445 eum
1175 2390 1341 2446 febris
1371 2393 1687 2446 conficiebat
1721 2391 1795 2462 (ὁ)

260 2492 325 2534 ac
358 2494 425 2534 ne
460 2480 911 2550 quinquagesimo
937 2483 1154 2550 quidem
1186 2484 1357 2537 morbi
1384 2486 1469 2539 die
1494 2486 1679 2539 sedata
1712 2485 1831 2550 fuit,

260 2572 355 2626 sed
392 2573 669 2627 nutriente
714 2574 940 2628 materia
974 2575 1246 2639 destituta,
1280 2586 1335 2630 et
1387 2576 1439 2628 in
1485 2577 1633 2629 arida
1688 2576 1833 2630 illius

260 2677 448 2729 carne,
495 2663 643 2719 velut
685 2665 736 2719 in
778 2665 1043 2737 ellyclinio
1088 2667 1317 2734 quodam
1364 2676 1560 2720 exusto
1601 2668 1833 2721 circum-

264 2741 491 2820 voluta,
543 2770 844 2810 marcorem
895 2756 1160 2826 pariebat.
1231 2755 1350 2809 llue
1413 2758 1701 2811 accedebat
1747 2758 1832 2827 je-

260 2861 381 2912 cur,
425 2848 646 2915 antiqua
692 2848 834 2900 illius
876 2846 1072 2917 plaga;
1122 2855 1178 2902 et
1222 2862 1252 2901 a
1298 2848 1432 2903 cibis
1476 2859 1530 2903 et
1576 2865 1605 2904 a
1644 2864 1834 2905 somno

259 2939 579 3003 cxcludeus,
616 2952 678 2991 ac
711 2946 919 2992 tantum
956 2940 1140 2994 sinetis
1173 2940 1374 3008 vivere,
1404 2950 1660 3010 quantum
1699 2958 1833 3011 opus

259 3039 382 3082 erat
428 3028 497 3081 ad
550 3029 862 3085 sentiendos
914 3031 1159 3088 dolores.
1201 3032 1309 3088 Nec
1361 3049 1533 3103 aquae,
1582 3049 1683 3088 nec
1728 3034 1831 3086 alia

260 3118 598 3173 medicorum
651 3123 889 3178 remedia
937 3132 1141 3179 tantum
1185 3126 1386 3179 malum
1432 3139 1689 3195 superare
1737 3140 1832 3195 po—

262 3217 507 3265 luerunt.

330 3296 419 3354 111.
464 3301 591 3357 Post
640 3302 871 3357 reditum
907 3318 972 3357 ex
1016 3303 1170 3373 aquis
1220 3312 1275 3359 et
1320 3316 1445 3359 ante
1490 3306 1828 3377 quinquage-

257 3392 456 3448 sinm
494 3396 663 3450 morbi
692 3396 864 3461 diem,
893 3393 1159 3464 Evagrius
1190 3397 1485 3467 presbyter,
1519 3393 1828 3465 Pompeiani

256 3485 645 3542 Antiochensis
676 3488 836 3552 filius,
879 3487 968 3555 qui
1012 3490 1063 3540 in
1111 3486 1452 3541 Occidentem
1484 3502 1603 3540 cum
1638 3494 1828 3543 sancto

258 3577 494 3631 Eusebio
544 3577 866 3631 Vercellensi
912 3576 1180 3645 profectus
1225 3578 1422 3641 fuerat,
1491 3578 1669 3647 ibique
1703 3594 1829 3647 per-

256 3668 444 3724 utilem
504 3667 758 3723 Ecclesia:
835 3683 1055 3737 operam
1128 3680 1451 3735 navaverat,
1502 3670 1714 3725 tandem
1776 3670 1829 3725 in

260 3760 539 3817 Orientem
588 3758 803 3815 rediens
864 3759 1109 3816 Caesarea
1165 3763 1409 3828 transiit,
1458 3776 1521 3816 ac
1571 3760 1828 3815 Basilinm

258 3851 448 3907 invisit
477 3850 567 3923 (c).
602 3850 811 3921 Scripta
848 3853 1074 3907 Romam
1113 3868 1143 3907 a
1186 3854 1394 3907 Basilio‘
1418 3855 1583 3908 missa
1622 3853 1826 3917 retulit,

258 3953 320 3998 ut
366 3943 498 3999 viris
546 3944 656 3998 illic
703 3945 1131 3999 accuratioribiis
1173 3959 1276 3998 non
1318 3943 1580 4012 placentia
1632 3958 1694 3999 ac
1743 3959 1829 3998 re-

259 4046 501 4091 trorsum
566 4035 762 4104 rejects
816 4052 832 4089 :
888 4037 1148 4103 petiitque
1201 4045 1261 4091 tit
1310 4036 1535 4107 epistola
1598 4034 1828 4091 Romam

261 4126 617 4192 scriberetur,
662 4127 730 4181 ad
774 4126 994 4181 verbum
1034 4140 1096 4179 ea
1143 4126 1257 4195 ipsa
1300 4128 1603 4190 continens,
1652 4142 1770 4196 qua:
1798 4141 1829 4180 a

262 4216 524 4272 Romanis
573 4218 772 4287 scripta
812 4227 1008 4283 erant;
1059 4232 1122 4271 ac
1156 4217 1313 4287 legati
1345 4220 1664 4274 auctoritate
1694 4233 1830 4287 pra:-

259 4309 361 4363 diti
405 4306 771 4372 mitterentur,
828 4319 887 4363 ut
934 4308 1192 4364 Romanis
1241 4308 1515 4365 Orientem
1562 4307 1828 4363 invisendi

259 4402 504 4470 speciosa
537 4400 750 4454 occasio
799 4402 1035 4457 daretur.
1080 4401 1196 4457 Non
1238 4410 1526 4473 potuerunt
1570 4402 1684 4455 haec
1728 4400 1831 4455 Ba-

258 4490 383 4544 silio
433 4488 811 4545 molestissima
839 4506 942 4544 non
981 4506 1126 4559 esse,
1160 4509 1263 4548 non
1295 4503 1402 4548 tam
1435 4501 1653 4562 propter
1685 4493 1831 4552 illius
1856 4533 1901 4589 Β

257 4581 461 4649 scripta
522 4582 700 4637 minus
748 4582 1043 4638 honorifice
1093 4595 1338 4653 excepta,
1386 4600 1545 4657 quam
1602 4595 1825 4655 propter

256 4672 483 4727 consilia
536 4673 788 4730 Ecclesiae
825 4674 1173 4743 pacificandie
1215 4677 1421 4731 nullum
1469 4676 1670 4734 exitum
1725 4678 1825 4732 lia-

254 4764 471 4820 bentia.
504 4763 714 4835 Scripta
745 4774 919 4820 autem
955 4764 1065 4834 illa,
1106 4782 1226 4837 quia
1277 4767 1536 4823 Romanis
1571 4782 1677 4823 non
1706 4767 1822 4836 pla-

257 4869 446 4920 cnere,
501 4855 752 4911 videntur
796 4857 1011 4928 aliquod
1063 4873 1183 4915 esse
1222 4861 1687 4925 commentarium,
1725 4859 1826 4914 Sa-

255 4947 387 5003 lino
442 4949 825 5012 commissum,
873 4951 929 5005 in
986 4965 1092 5021 quo
1154 4951 1292 5008 forte
1350 4952 1578 5010 Basilius
1632 4951 1821 5008 eadem

256 5037 533 5100 libertate,
581 5038 644 5092 ac
688 5039 741 5094 in
797 5041 995 5097 litteris
1054 5042 1120 5096 ad
1166 5043 1555 5109 Athanasium,
1622 5040 1820 5097 Meletii

246 5126 373 5197 jura
430 5127 703 5184 tuebatur.
750 5130 883 5187 Nam
938 5148 1043 5188 non
1094 5141 1202 5188 tam
1263 5148 1348 5187 res
1397 5133 1525 5203 ipsa:
1572 5132 1823 5191 videntur

250 5219 633 5290 displicuisse,
677 5237 837 5293 quam
887 5226 1104 5297 quidam
1150 5226 1417 5283 scribendi
1472 5226 1664 5282 modus
1714 5242 1822 5283 non

252 5313 391 5369 satis
413 5316 856 5371 accommodatus
877 5319 943 5374 ad
974 5318 1340 5374 deliniendam
1381 5337 1395 5374 :
1432 5320 1571 5376 unde
1594 5320 1664 5376 ab
1693 5318 1823 5389 ipsis

323 5491 401 5557 (τι)
428 5492 527 5557 Ep.
564 5491 686 5546 137.

323 5559 399 5687 iii
424 5559 522 5687 ES:
548 5560 754 5687 135312:
786 5561 838 5677 ἐς

348 5626 399 5687 c)
426 5626 522 5687 Ep.
550 5627 672 5687 158,
702 5643 754 5679 ιι.
786 5627 834 5677 Ξ.

347 5696 401 5768 if)
563 5694 690 5757 156,
719 5711 772 5745 ιι.
803 5694 856 5768 5..

345 5764 391 5822 e)
421 5757 663 5826 llieron.,
699 5774 785 5825 rp.
826 5761 847 5812 1
879 5772 1027 5814 nova
1056 5760 1187 5815 edit.

1937 1938 2074 2008 grio,
2107 1936 2197 2005 qui
2241 1936 2502 1991 Basilium
2526 1945 2653 1990 ante
2682 1949 2922 1990 mensem
2963 1935 3335 2007 Septembrem
3365 1938 3506 1992 invi-

1938 2028 2028 2085 sit.
2086 2026 2236 2093 Quod
2290 2026 2335 2081 si
2395 2025 2753 2097 Hieronymus
2810 2028 3055 2080 interfurit
3114 2026 3327 2098 Evagrii
3379 2044 3503 2083 cum

1935 2117 2135 2173 Basilio
2173 2113 2477 2185 colloquiis,
2509 2129 2574 2170 eo
2605 2116 2777 2184 magis
2810 2117 2979 2171 miror
3008 2118 3150 2189 quod
3197 2119 3259 2173 iis
3287 2133 3408 2189 quis
3436 2134 3504 2174 ex

1940 2208 2140 2264 Basilio
2191 2208 2442 2261 audierat
2499 2216 2594 2261 aut
2643 2208 2854 2264 traditis
2910 2210 3164 2264 oblivioni
3227 2220 3320 2264 aut
3372 2226 3505 2266 con-

1936 2300 2176 2368 temptis,
2230 2298 2433 2354 nullam
2490 2308 2703 2370 partem
2738 2300 2877 2369 aqui
2924 2299 3158 2370 bonique
3202 2300 3270 2356 de
3314 2311 3504 2358 sancto

1936 2392 2149 2448 Meletio
2184 2392 2436 2447 senserit.

2006 2485 2165 2540 Circa
2211 2484 2349 2537 idem
2384 2497 2603 2551 tempus
2636 2482 2741 2536 duo
2777 2482 2953 2552 magni
2998 2483 3251 2538 momenti
3290 2483 3501 2553 negotia

1933 2576 2128 2631 Basilio
2143 2582 2560 2642 supervenerunt
2583 2571 2679 2645 (Ii).
2700 2574 2799 2639 Qui
2819 2573 3075 2629 Sebastia:
3090 2575 3351 2629 catliolice
3373 2590 3502 2629 sen-

1934 2667 2161 2730 tiebant,
2198 2664 2409 2719 occulto
2461 2679 2636 2734 pravae
2693 2664 2962 2733 opinionis
3009 2663 3278 2718 Eustatliii
3320 2665 3501 2720 ulcere

1934 2758 2145 2812 detecto
2172 2796 2188 2821 ,
2226 2755 2461 2825 aliquam
2496 2771 2526 2810 a
2554 2753 2751 2809 Basilio
2780 2755 3201 2811 ecclesiasticam
3244 2755 3504 2811 sollicitu-

1936 2850 2117 2905 dinem
2149 2859 2531 2919 poposcerunt,
2571 2848 2622 2902 id
2666 2857 2770 2911 est,
2812 2849 2878 2901 ad
2918 2849 3035 2917 ejus
3063 2849 3499 2903 communionem

1934 2952 1988 2996 et
2027 2941 2384 3010 patrocinium
2416 2941 2799 3011 confugerunt.
2839 2938 2985 2994 llliiis
3018 2942 3179 2994 etiam
3213 2956 3368 3010 opem
3400 2940 3502 2994 im-

1935 3032 2161 3101 ploravit
2194 3029 2489 3088 lconiensis
2521 3031 2574 3085 in
2607 3031 2807 3085 Pisidia
2842 3030 3107 3096 Ecclesia,
3144 3046 3263 3100 qua!
3290 3040 3501 3085 mortuo

1936 3122 2188 3190 episcopo
2225 3120 2483 3175 Faustino
2529 3120 2784 3175 Basilium
2831 3120 3097 3184 invitavit,
3151 3130 3207 3172 tit
3246 3134 3304 3173 se
3360 3119 3501 3172 invi-

1938 3222 2081 3268 seret
2141 3228 2204 3268 sc
2271 3212 2578 3283 episcopum
2653 3212 2827 3265 daret.
2892 3210 3017 3265 Haec
3083 3219 3260 3264 autem
3334 3208 3500 3265 collo-

1931 3321 2116 3361 camus
2154 3316 2273 3375 post
2319 3307 2549 3359 reditum
2594 3321 2663 3360 ex
2712 3303 2867 3373 aquis
2895 3316 2950 3359 et
2996 3311 3122 3356 ante
3147 3303 3285 3356 diem
3325 3300 3498 3356 morbi

1929 3398 2447 3469 quinquagesimum,
2502 3397 2623 3464 quia
2671 3405 2964 3450 evenerunt
3006 3395 3143 3447 intra
3207 3392 3333 3447 illud
3370 3409 3498 3460 spa-

1929 3487 2086 3550 tium,
2126 3486 2269 3554 qtiod
2327 3484 2395 3538 ab
2458 3483 2683 3553 epistola
2734 3483 2837 3537 156
2883 3483 3034 3535 initio
3068 3481 3239 3535 morbi
3273 3483 3493 3551 scripta,

1932 3578 1997 3631 ad
2030 3578 2316 3646 epistolam
2363 3575 2465 3630 1⁸58
2509 3577 2575 3630 ad
2618 3575 2863 3629 eumdem
2900 3574 3189 3629 Eusebium
3222 3574 3308 3627 die
3337 3574 3498 3643 quiin-

1930 3671 2237 3740 quagesinio
2269 3669 2547 3738 scriptam,
2572 3666 2795 3721 efﬂuxit.
2837 3665 2981 3718 Nihil
3026 3666 3171 3718 enim
3210 3664 3373 3718 habet
3408 3664 3496 3718 his

1930 3762 1995 3816 de
2049 3761 2207 3815 rebus
2251 3760 2475 3827 epistola
2525 3759 2662 3824 156,
2712 3773 2849 3827 quas
2899 3767 3077 3812 tamen
3128 3772 3234 3810 non
3284 3757 3498 3809 videtur

1928 3852 2226 3907 omissuros
2279 3851 2539 3915 Basilius,
2597 3850 2640 3904 si
2690 3850 2802 3920 jam
2862 3860 2974 3905 tuin
3023 3851 3168 3902 illiiin
3225 3848 3496 3902 invisisset

1930 3944 2210 4015 Evagrius,
2245 3954 2337 3998 aut
2382 3944 2497 4013 ejus
2548 3943 2852 4013 praesidium
2897 3942 3078 3997 clerici
3123 3938 3409 3996 Sebasteni
3442 3947 3497 3994 et

1928 4035 2224 4092 lconiensls
2254 4036 2493 4092 Ecclesia
2523 4038 2925 4106 implorassent.

2000 4129 2087 4185 IV.
2118 4130 2573 4199 Quinquagesimo
2601 4131 2686 4184 die
2732 4128 2903 4182 morbi
2944 4126 3161 4180 advenit
3189 4126 3494 4181 Caesaream

1930 4224 2171 4293 Elpidius
2219 4224 2478 4278 diaconus
2542 4236 2662 4275 cum
2713 4219 2910 4271 litteris
2958 4218 3169 4272 Eusebii
3225 4232 3495 4272 summum

1931 4314 2113 4369 Basilii
2164 4313 2372 4367 videndi
2402 4310 2725 4366 desiderium
2760 4307 3205 4379 significantibus.
3250 4308 3495 4375 Respon-

1929 4405 2008 4459 dit
2051 4401 2283 4456 Basilius
2319 4400 2384 4470 (i)
2413 4401 2599 4455 eodeni
2642 4399 2752 4462 die,
2779 4410 2838 4453 ut
2868 4407 3014 4469 patet
3044 4413 3110 4452 ex
3141 4399 3227 4451 bis
3254 4398 3436 4451 verbis
3474 4413 3490 4451 :

1932 4494 2430 4564 Quiiiquagesimum
2472 4495 2606 4545 hunc
2639 4493 2775 4544 diem
2816 4492 3034 4558 agebam
3070 4490 3125 4543 in
3167 4489 3489 4559 inﬁrmitate.

1931 4602 2047 4639 cum
2094 4585 2302 4639 aduenit
2340 4584 2485 4637 nobis
2519 4582 2740 4634 dilectus
2772 4572 2835 4633 ac
2861 4581 3089 4649 Optimus
3126 4579 3295 4649 frater
3323 4588 3497 4633 uoster

1930 4678 2279 4731 condiaconus
2328 4674 2598 4738 Elpidins.
2653 4672 2902 4729 Decliirat
2949 4688 3028 4736 se,
3083 4672 3240 4726 lectis
3277 4670 3494 4724 Eusebii

1931 4768 2150 4833 litteris,
2202 4765 2481 4821 incitatum
2523 4765 2707 4832 fuisse,
2745 4774 2804 4819 ut
2848 4774 2993 4819 recta
3038 4763 3105 4817 ad
3156 4762 3322 4832 Syros
3362 4776 3495 4815 con-

1932 4861 2159 4923 volaret,
2211 4858 2304 4913 sed
2355 4874 2462 4913 non
2497 4860 2653 4913 modo
2695 4858 2745 4912 id
2796 4857 2899 4913 sibi
2944 4856 3150 4919 deesse,
3196 4865 3255 4906 ut
3311 4852 3495 4907 volare

1930 4951 2116 5023 possit,
2150 4950 2244 5006 sed
2280 4951 2443 5007 etiam
2475 4960 2533 5005 ut
2557 4965 2614 5005 se
2650 4950 2702 5004 in
2751 4950 2887 5005 lecto
2927 4954 3286 5002 converteret.
3322 4943 3494 5001 Caete-

1928 5059 2049 5100 rum
2091 5042 2280 5098 morbo
2319 5058 2441 5111 suo,
2491 5057 2679 5111 quem,
2719 5049 2777 5096 ut
2809 5055 2971 5111 supra
3004 5039 3257 5104 vidimus,
3284 5036 3493 5091 descri-

1928 5135 2027 5203 bit,
2052 5136 2140 5192 diu
2166 5146 2436 5201 vexatum,
2478 5150 2757 5205 nunquam
2792 5142 3001 5189 tantum
3032 5132 3294 5193 doluisse,
3318 5144 3493 5198 quan-

1931 5238 2040 5284 tum
2081 5244 2243 5293 nunc,
2274 5229 2341 5284 ab
2375 5243 2439 5282 eo
2482 5229 2821 5297 impeditum,
2853 5225 3145 5295 quominus
3176 5224 3230 5276 in
3269 5218 3485 5275 Eusebii

1925 5319 2261 5389 complexum
2308 5329 2364 5376 et
2426 5321 2751 5390 colloquium
2797 5320 2999 5375 veniat.
3049 5314 3286 5370 Noverat
3340 5311 3485 5367 enim

2012 5495 2057 5560 f)
2091 5493 2233 5561 idem
2262 5509 2347 5561 ep.
2377 5495 2431 5548 2.

2010 5566 2063 5626 ῃ)
2091 5560 2230 5614 Ideni
2254 5560 2335 5623 ep.
2368 5563 2417 5615 1.

2006 5630 2059 5695 Ιι)
2085 5628 2183 5691 Ep.
2226 5628 2348 5692 158,
2378 5643 2432 5685 ιι.
2458 5626 2511 5680 2.

1986 5695 2047 5762 (ι)
2072 5695 2203 5749 ibid.
