4038 6460
1865 380 2385 442 ΡΒΟΜΞΟΟΜΕΝΑ.

491 490 638 556 quali
661 491 871 542 c'areret
911 498 1207 559 voluptate,
1235 497 1335 546 etsi
1360 494 1619 547 extremis
1649 503 1851 548 tantum
1880 497 2065 563 digitis
2092 502 2137 556 Α
2167 496 2290 565 psit.
2326 497 2664 566 Quapropter
2708 508 2909 551 veritus
2973 496 3224 561 Basilius,
3270 512 3337 552 ne
3392 498 3580 556 litterae
3626 518 3738 559 sua:

493 590 638 631 anno
664 581 942 645 praeterito
974 576 1344 634 dulcissimum
1386 581 1492 634 mel
1534 580 1781 636 Ecclesiae
1814 581 2068 638 Samosa-

498 667 666 723 teusis
725 670 1129 738 degustaverat.
1196 672 1273 727 Eo
1324 683 1507 728 autem
1573 674 1786 729 videndi
1855 674 2066 731 Eusebii

503 758 753 828 cupidior
797 768 953 826 erat,
989 763 1134 831 quod
1176 778 1359 817 veram
1405 763 1724 817 ebaritatem
1765 764 1816 818 in
1864 766 2067 835 Cappa-

498 848 650 903 docia
684 863 786 903 nou
821 852 1097 920 reperiret,
1132 863 1223 907 aut
1276 855 1319 909 si
1351 869 1512 923 quem
1537 861 1757 908 omnino
1797 870 2066 910 amantem

506 943 749 1010 reperire
790 956 993 1011 posset,
1024 946 1293 1001 neminem
1339 956 1488 1001 certe
1528 962 1648 1000 cum
1698 946 1913 1001 Eusebii
1946 963 2071 1015 pru-

500 1033 677 1089 dentia
699 1045 753 1090 et
770 1037 1099 1105 experientia
1131 1039 1574 1108 comparandum.
1603 1038 1715 1093 Sibi
1747 1042 1889 1095 enim
1923 1040 2071 1095 illius

506 1126 792 1181 consilium
824 1129 889 1181 ad
922 1128 1085 1183 multa
1126 1145 1262 1198 opus
1295 1146 1418 1186 esse
1458 1131 1789 1203 intelligebat
1820 1151 1833 1187 :
1870 1142 1919 1188 et
1950 1148 2070 1187 cum

512 1218 770 1272 ttunnulla
820 1230 1027 1287 essent,
1056 1236 1176 1289 quae
1208 1222 1445 1276 scribere
1489 1238 1593 1284 non
1636 1224 1852 1289 licebat,
1900 1227 1967 1279 de
2010 1226 2073 1279 iis

507 1323 627 1371 qua:
670 1308 888 1373 licebat,
939 1312 1155 1366 interim
1205 1312 1461 1379 consulit,
1509 1316 1636 1383 quid
1690 1316 1754 1369 de
1800 1318 1958 1370 rebus
2005 1318 2072 1372 ab

511 1398 745 1471 Evagrio
775 1404 1062 1471 propositis
1092 1406 1456 1471 sentiendum,
1479 1406 1605 1474 quid
1640 1408 2069 1475 respondendum

503 1488 837 1553 Bebastenis.
861 1502 915 1546 et
938 1496 1244 1565 peregrinas
1272 1498 1641 1551 ordinationes
1667 1512 1734 1550 an
1765 1504 2073 1555 detrectare

508 1598 615 1638 non
649 1597 913 1654 oporteat.
947 1586 1116 1658 Rogat
1157 1587 1444 1643 Eusebium
1484 1599 1562 1651 ut.
1611 1589 1655 1643 si
1686 1604 1843 1658 quem
1889 1590 1994 1646 cito
2020 1592 2070 1645 in

505 1672 894 1743 Cappadociam
939 1679 1236 1732 venientem
1291 1679 1655 1745 nanciscatur,
1714 1681 1779 1735 de
1846 1681 1930 1735 his
1962 1697 2073 1737 om-

505 1762 663 1819 nibus
695 1765 1050 1834 respondeat;
1084 1768 1167 1821 sin
1208 1768 1383 1823 minus
1410 1807 1427 1836 ,
1465 1780 1740 1839 precetur,
1776 1780 1835 1825 ut
1876 1774 1976 1826 sibi
2018 1774 2070 1826 itt

2166 587 2513 654 excidissent,
2546 588 2779 642 breviter
2810 588 3003 658 repetit
3024 603 3143 656 qtne
3172 588 3283 657 jam
3316 592 3624 657 scripserat.
3655 594 3733 647 Ac

2172 682 2417 734 morbum
2458 679 2673 750 quidem
2708 694 2861 732 suum
2900 686 3145 744 excusat,
3186 693 3283 732 cur
3339 696 3442 733 non
3477 684 3732 748 venerit;

2168 784 2262 823 cur
2324 778 2500 823 autem
2536 784 2619 824 res
2673 768 2927 823 Ecclesia:
2981 769 3300 839 adversariis
3343 772 3551 825 tradita:
3593 773 3731 839 sint,

2170 873 2321 913 suam
2358 859 2565 928 culpam
2596 873 2711 912 esse
2748 868 2930 926 negat,
2977 861 3065 928 qui
3110 858 3263 914 solus
3313 863 3441 914 tanti
3479 864 3734 919 momenti

2172 948 2381 1017 negotia
2404 948 2619 1017 aggredi
2658 964 2758 1002 non
2792 950 2979 1013 possit,
3009 966 3130 1004 cum
3168 950 3216 1003 id
3250 965 3486 1006 canones
3527 967 3630 1005 non
3662 954 3733 1007 si-

2174 1048 2335 1104 nant;
2368 1041 2461 1094 sed
2482 1054 2697 1095 causam
2736 1039 2909 1108 rejicit
2952 1041 3002 1094 in
3046 1044 3334 1111 episcopos
3373 1057 3555 1097 secum
3584 1060 3734 1099 com-

2176 1129 2429 1184 munione
2487 1130 2822 1199 conjunctos.
2879 1130 3211 1186 Videbantur
3252 1132 3432 1203 plures
3475 1133 3734 1201 ejusmodi

2174 1217 2412 1287 episc0pi
2445 1234 2566 1272 cum
2615 1218 2813 1273 Basilio
2857 1220 3153 1288 conjuncti,
3188 1236 3481 1289 eorumque
3510 1237 3735 1277 numero

2175 1305 2466 1376 Bosporius
2494 1325 2660 1376 nuper
2706 1309 2971 1378 ascriptus
3016 1309 3189 1364 fuerat
3219 1328 3232 1363 :
3268 1314 3361 1365 sed
3398 1313 3529 1366 nihil
3561 1328 3736 1380 operte

2175 1400 2445 1453 navabaut
2477 1402 2544 1453 ad
2588 1414 2671 1455 res
2725 1402 2960 1456 maxime
3007 1404 3381 1466 necessarias;
3422 1416 3582 1473 atque
3624 1407 3737 1459 bare

2175 1490 2340 1544 animi
2370 1490 2630 1559 :egritudo
2654 1492 2883 1545 maxime
2933 1490 3221 1558 obStabat,
3275 1495 3559 1561 quominus
3594 1496 3736 1551 vires

2175 1592 2473 1650 repararet.
2512 1579 2703 1635 Narrat
2741 1580 2969 1637 Basilius
3014 1584 3279 1652 quomodo
3300 1599 3391 1639 eos
3432 1584 3734 1640 Caesaream

2176 1673 2357 1728 audito
2385 1673 2573 1728 mortis
2597 1687 2709 1727 sua:
2744 1674 2933 1727 nuntio
2958 1676 3245 1730 venientes
3272 1676 3515 1732 bortatus
3545 1677 3732 1733 fuerit:

2179 1763 2421 1830 queritur
2451 1764 2615 1832 quod,
2671 1777 2789 1817 cum
2822 1777 2881 1816 se
2912 1773 3227 1831 pra-sentem
3261 1777 3624 1831 revereantur,
3683 1780 3738 1822 et

514 1864 751 1909 ηιεηιεηι
788 1856 988 1919 veniat,
1034 1858 1172 1925 quod
1216 1859 1325 1913 Deo
1361 1870 1640 1928 acceptum
1696 1860 1879 1916 fuerit,
1934 1863 2077 1919 Ρειίι
2107 1858 2147 1913 Β
2175 1851 2408 1906 oﬂicium
2451 1852 2690 1908 facturos
2720 1854 3053 1923 promittant,
3092 1853 3180 1908 ubi
3213 1855 3527 1922 discessere,
3564 1861 3630 1913 ad
3660 1860 3738 1913 in-

504 1947 667 2002 etiam
697 1955 756 2002 ut
782 1949 862 2003 sui
898 1948 1221 2004 mentionem
1256 1951 1310 2004 in
1340 1951 1567 2006 ecclesia
1613 1951 1728 2006 fieri
1759 1951 1964 2020 jubeat,
2012 1969 2076 2010 ac

509 2039 629 2109 ipse
656 2054 753 2109 pro
785 2055 864 2105 se,
890 2040 1142 2110 adjuncto
1173 2042 1390 2110 populo,
1416 2051 1683 2111 precetur.

578 2127 833 2196 Maiorem
882 2129 935 2183 in
988 2130 1204 2185 modum
1263 2131 1539 2200 perculsus
1566 2142 1650 2187 est
1707 2132 1937 2189 Basilius
1972 2134 2071 2205 (a),

511 2235 635 2275 cum
663 2222 836 2276 audiit
866 2221 1191 2277 horrendam
1254 2225 1704 2292 persecutionem,
1762 2241 1922 2295 quam
1954 2228 2076 2282 Ale-

512 2311 758 2367 xandria:
805 2312 990 2367 Ariani
1021 2314 1145 2368 etin
1186 2313 1392 2383 reliqua
1442 2313 1674 2385 Egypto
1730 2316 2071 2372 exercebant.

506 2400 761 2457 Libenter
824 2402 1115 2458 Ecclesiam
1143 2405 1562 2459 Alexandrinam
1601 2405 1916 2471 invisisset;
1973 2408 2068 2464 sed

509 2506 635 2546 cum
670 2492 931 2547 diuturno
989 2495 1179 2550 morbo
1234 2496 1512 2551 confectus
1565 2511 1631 2553 ne
1681 2497 1821 2553 lecto
1857 2497 2075 2569 quidem

506 2590 689 2651 posset
714 2597 937 2654 surgere
963 2622 979 2650 ,
1027 2584 1205 2641 oblata
1252 2584 1510 2642 facultate
1550 2586 1770 2659 Eugenii
1807 2588 2075 2655 monachi,

516 2672 738 2742 scripsit
767 2674 1146 2732 Alexandrinis
1173 2679 1421 2733 hortandi
1450 2694 1514 2734 ac
1550 2679 1861 2737 consolandi
1889 2696 2072 2739 causa.

508 2762 763 2832 Epistolas
800 2773 1008 2834 tempus
1046 2767 1283 2821 iudicant
1317 2784 1437 2823 cum
1492 2772 1733 2835 morbus,
1793 2789 1899 2842 quo
1929 2774 2078 2831 labo-

512 2854 666 2909 rabat
698 2853 953 2920 Basilius,
984 2866 1093 2913 tum
1145 2857 1258 2928 ipsa
1299 2859 1618 2927 persecutio,
1650 2875 1811 2930 quam
1841 2862 2075 2920 Alexan-

513 2944 645 2999 driae
684 2948 842 3015 paulo
875 2956 995 3017 post
1032 2949 1309 3005 Athanasii
1346 2960 1573 3006 mortem
1604 2952 1692 3006 die
1719 2951 1755 3007 2
1783 2951 1904 3006 Maii
1937 2968 2079 3010 atino

509 3032 615 3089 373
644 3036 697 3089 iu
734 3037 930 3091 caelum
957 3038 1151 3093 sublati
1176 3039 1373 3095 scimus
1412 3042 1697 3096 exarsisse.

579 3124 790 3197 Scripta
842 3128 895 3182 in
940 3130 1189 3185 eamdem
1248 3132 1568 3187 sententiam
1605 3132 1857 3189 Ecclesia;
1890 3133 2078 3191 Antio-

2176 1942 2391 2013 genium
2427 1944 2669 1999 redeant.

2241 2032 2436 2088 Mirum
2459 2050 2590 2090 sane
2619 2046 2702 2091 est
2749 2051 2848 2092 cur
2873 2037 3099 2093 Basilius
3128 2051 3347 2091 suorum
3384 2051 3607 2092 numero
3640 2054 3740 2092 nu-

2175 2140 2271 2195 per
2304 2124 2614 2193 adjunctum
2664 2130 2807 2182 dicat
2870 2128 3207 2197 Bosporium,
3262 2130 3479 2199 quicum
3512 2128 3737 2197 conjun-

2173 2217 2449 2271 ctissimus
2476 2218 2653 2272 fuerat
2674 2219 2826 2273 initio
2857 2219 3234 2289 episcopatus,
3270 2232 3328 2276 ut
3356 2222 3585 2292 perspici
3638 2238 3737 2292 po-

2184 2317 2283 2362 test
2309 2322 2373 2361 ex
2406 2308 2645 2377 epistolis
2691 2308 2749 2363 5t
2786 2318 2839 2363 et
2871 2310 2958 2364 52.
3007 2310 3230 2367 Videtur
3258 2313 3469 2369 illorum
3500 2316 3736 2370 amicitia

2175 2395 2471 2457 refrixisse,
2518 2412 2637 2451 cum
2667 2398 2887 2453 Colonia
2918 2439 2931 2462 ,
2973 2401 3128 2468 cujus
3178 2404 3460 2475 episcopus
3488 2417 3601 2461 erat
3638 2407 3740 2461 Bo.

2174 2488 2407 2555 sporius,
2440 2503 2587 2542 novre
2634 2490 2912 2559 metropoli
2946 2490 3145 2561 Tyanis
3189 2496 3444 2550 attributa
3480 2513 3599 2552 cum
3627 2499 3742 2568 plu-

2177 2576 2327 2633 ribus
2388 2577 2529 2632 aliis.
2578 2577 2707 2632 Nam
2766 2580 2995 2648 episcOpi
3058 2584 3300 2635 secunda:
3366 2585 3735 2653 Cappadocia,

2175 2668 2351 2725 aiebat
2396 2667 2625 2724 Basilius
2654 2670 2731 2740 (ά)
2787 2684 2927 2726 anno
2962 2673 3203 2741 proxime
3238 2672 3438 2743 elapso,
3466 2685 3737 2745 postquam

2176 2761 2395 2813 alterius
2435 2762 2718 2827 provincia
2756 2778 2940 2816 nomen
2979 2763 3293 2828 habuerunt,
3348 2764 3517 2818 subito
3561 2763 3743 2819 existi-

2183 2860 2393 2904 marunt
2435 2867 2489 2905 se
2511 2866 2576 2906 ea:
2604 2851 2711 2906 alia
2751 2869 2813 2905 ac
2841 2870 2934 2907 nos
2973 2858 3185 2908 natione
3224 2867 3271 2909 et
3300 2866 3448 2926 gente
3470 2872 3599 2921 esse,
3619 2866 3741 2909 tan-

2178 2953 2388 3011 tumque
2410 2959 2502 2996 nos
2526 2945 2859 3011 ignorarunt,
2889 2955 3141 3013 quantum
3172 2948 3259 3015 qui
3284 2946 3490 3000 nullum
3521 2962 3740 3016 prorsus

2178 3032 2468 3101 periculum
2519 3033 2717 3101 fecere,
2772 3050 2863 3086 nec
2894 3051 3119 3103 unquam
3166 3039 3219 3090 in
3249 3038 3560 3110 colloquium
3594 3054 3746 3092 ncnc—

2183 3133 2325 3179 runt.
2372 3123 2485 3179 Non
2522 3134 2696 3179 tamen
2749 3124 3067 3179 crediderim
3116 3125 3431 3196 Bosporium
3472 3145 3501 3183 a
3557 3128 3742 3185 Basilii

512 3184 945 3286 cbenaa'epistola
980 3233 1211 3287 sequens
1239 3184 2073 3290 {danaum};diem};
2103 3184 2148 3247 ο
2178 3216 2558 3270 communione
2584 3229 2822 3283 unquam
2867 3216 3183 3272 recessisse-
3222 3184 3393 3284 Ὀυοά
3442 3222 3655 3288 quidem
3686 3231 3748 3277 ut

513 3304 659 3359 xime
702 3309 913 3361 videtur
942 3310 1231 3363 convenire
1257 3320 1367 3364 tum
1399 3319 1621 3379 propter
1670 3309 1852 3365 Basilii
1881 3326 2074 3381 corpus

514 3393 671 3465 longa
707 3395 1027 3465 aegritudine
1080 3397 1441 3464 debilitatum,
1486 3408 1597 3453 tum
1648 3408 1867 3471 propter
1888 3416 2074 3472 perse-

509 3485 802 3552 cutionem,
835 3502 954 3557 qute
1001 3495 1130 3543 tunc
1176 3490 1393 3544 videtur
1448 3488 1613 3546 fuisse
1641 3492 1925 3546 admodum
1958 3494 2073 3550 vio-
2102 3562 2107 3567 _

510 3575 675 3629 lenta.
713 3578 863 3643 Quod
892 3578 1111 3647 quidem
1162 3579 1501 3634 tribuendum
1554 3583 1853 3649 praesentia:
1908 3585 2076 3654 impe-

513 3665 729 3730 ratoris,
762 3666 851 3736 qui
881 3679 949 3723 co
984 3666 1131 3723 venit
1158 3681 1299 3723 anno
1326 3667 1453 3723 572.
1496 3668 1673 3735 Quare
1698 3671 1837 3727 banc
1880 3672 2079 3741 episto-

511 3756 618 3813 lam
646 3758 916 3814 immerito
943 3759 1182 3816 nonnulli
1212 3761 1512 3831 rejecerunt
1544 3762 1610 3816 ad
1644 3764 1933 3832 primordia
1962 3764 2077 3835 epi-

512 3860 767 3919 scopatus
810 3849 1020 3905 Basilii.
1059 3851 1244 3921 Neque
1299 3855 1443 3908 enim
1473 3852 1756 3907 formulam
1780 3853 2075 3921 Nicmuam,

514 3954 676 4009 quam
712 3940 781 3994 ab
822 3939 975 3993 initio
1004 3952 1271 4009 receptam
1319 3943 1371 3995 in
1406 3941 1649 3996 Ecclesia
1699 3958 1794 3998 sua
1826 3946 1976 4012 dicit,
2012 3960 2077 4001 ea

513 4039 691 4085 mente
714 4032 933 4102 apponit
959 4030 1208 4098 Basilius,
1237 4041 1294 4086 ut
1320 4032 1476 4086 [idem
1507 4048 1658 4087 suam
1694 4049 1846 4089 more
1871 4038 2079 4105 episco-

512 4136 700 4191 porum
755 4135 943 4177 recens
994 4125 1364 4179 ordiuatorum
1411 4125 1684 4192 declaret,
1740 4128 1832 4182 sed
1867 4137 1925 4181 ut
1974 4129 2074 4185 hoc

511 4214 761 4285 praesidio
785 4217 1151 4273 Antiochenos
1180 4220 1780 4275 communiatadversus
1808 4219 2078 4287 haeresim,

521 4322 643 4379 quae
665 4307 1021 4365 audacissime
1049 4310 1103 4365 iu
1140 4311 1225 4365 illa
1256 4312 1386 4367 urbe
1417 4320 1674 4368 verticem
1704 4312 1945 4370 tollebat.

589 4399 648 4454 ν.
680 4398 851 4455 Morbi
898 4401 1157 4471 reliquias
1214 4402 1387 4456 adhuc
1429 4402 1638 4458 ferebat
1675 4403 1920 4469 Basilius,
1956 4417 2079 4459 cum

2180 3306 2550 3377 intelligatur,
2613 3307 2809 3377 duplex
2848 3308 3292 3377 distinguendum
3350 3312 3745 3367 communionis

2175 3411 2360 3466 genus.
2388 3398 2548 3453 Aliud
2578 3396 2723 3452 enim
2756 3397 2949 3454 litteris
2982 3400 3241 3455 canonice
3288 3399 3606 3469 scribendis,
3651 3414 3747 3457 aut

2175 3485 2423 3555 precibus
2446 3496 2502 3541 et
2535 3488 2809 3558 mysteriis
2869 3489 3028 3543 simul
3077 3488 3419 3544 celebrandis
3450 3489 3745 3560 perageba~

2180 3586 2288 3642 tur;
2313 3578 2454 3632 aliud
2479 3578 2705 3635 interius
2732 3589 2851 3634 erat
2878 3580 3269 3649 quodammodo
3306 3592 3359 3635 et
3382 3581 3647 3645 strictius,
3681 3596 3748 3636 ac

2178 3670 2231 3723 in
2260 3671 2606 3725 consiliorum
2631 3674 2697 3725 ad
2748 3670 3003 3727 Ecclesia:
3039 3673 3463 3741 paciﬁcationem
3518 3674 3746 3743 conjun-

2179 3759 2359 3812 ctione
2385 3762 2617 3827 positum
2652 3771 2788 3814 erat.
2840 3761 3076 3815 Primum
3126 3779 3293 3831 genus
3324 3765 3567 3833 designat
3591 3764 3748 3820 Basi-

2178 3850 2281 3905 lius
2308 3849 2399 3921 (e),
2433 3867 2552 3906 cum
2582 3852 2657 3905 ait
2689 3852 2955 3920 rogandos
2972 3866 3091 3905 esse
3120 3853 3511 3921 Occidentales,
3543 3866 3597 3908 ut
3623 3873 3747 3910 cum

2171 3942 2379 4012 judicio
2416 3943 2806 3997 communioncs
2834 3952 3109 4011 peragant,
3152 3952 3199 3997 et
3230 3959 3318 3997 eas
3352 3960 3468 4012 qua
3500 3959 3615 3996 cum
3650 3962 3746 3997 ac-

2180 4033 2477 4087 cedentibus
2522 4033 2590 4085 ad
2642 4035 2804 4102 ipsos,
2857 4043 2905 4087 ct
2960 4050 3047 4087 cas
3080 4050 3197 4104 qua:
3226 4038 3417 4101 scripto
3460 4034 3747 4088 secundum

2182 4122 2437 4178 Ecclesia!
2467 4139 2702 4177 normam
2732 4126 2864 4192 ﬁunt
2904 4140 2923 4180 :
2974 4125 3055 4179 vel
3089 4140 3210 4179 cum
3239 4125 3497 4195 plurimas
3523 4125 3748 4194 provin-

2182 4211 2293 4265 cias
2329 4222 2608 4264 enumerat
2650 4210 2731 4281 (f)
2780 4228 3006 4282 quarum
3069 4215 3137 4267 ad
3186 4216 3470 4283 episcopos
3531 4215 3747 4272 litteras

2183 4304 2430 4358 mittebat
2484 4312 2536 4357 et
2566 4307 2885 4374 accipiebat.
2945 4305 3185 4361 Alterum
3223 4308 3746 4364 communicatorum

2182 4410 2351 4465 genus
2390 4397 2648 4453 habemus
2681 4398 2734 4451 in
2767 4396 3007 4466 pluribus
3035 4399 3295 4469 epistolis,
3323 4415 3443 4469 quae
3483 4399 3548 4454 de
3600 4398 3749 4468 lega-

516 4492 729 4547 duabus
763 4492 1130 4563 respondit(c)
1163 4492 1373 4547 Eusebii
1412 4492 1677 4562 epistolis,
1715 4510 1943 4564 quarum
1970 4508 2076 4549 una
2110 4533 2155 4589 Β
2185 4484 2253 4589 ξε
2274 4485 2506 4589 Romam
2564 4487 2843 4544 mittendis
2896 4498 3079 4589 agunt.
3104 4489 3369 4589 llortatur
3394 4490 3634 4589 Basilius
3666 4491 3747 4563 (g)

521 4579 880 4649 significabat,
921 4592 1175 4651 quautam
1226 4580 1309 4636 sui
1342 4582 1803 4652 exspectationem
1852 4583 2079 4640 Basilius

513 4670 709 4741 populo
743 4670 1111 4726 Samosateusi
1136 4673 1535 4739 commovisset,
1567 4683 1827 4743 quantum
1872 4674 2073 4733 doloris

2184 4567 2245 4633 S.
2272 4575 2543 4633 Meletium
2595 4585 2653 4631 ut
2686 4580 3062 4635 communibus
3102 4580 3301 4637 litteris
3337 4582 3594 4651 adjungat
3644 4596 3748 4638 no-

2184 4668 2327 4721 mina
2358 4682 2545 4723 eorum
2588 4669 2679 4738 qui
2717 4670 2857 4724 idem
2908 4674 3185 4739 sentiunt,
3220 4673 3382 4726 etiam
3420 4671 3747 4728 absentium.

518 4761 788 4816 attulisset
841 4760 987 4816 illius
1035 4759 1312 4828 absentia;
1359 4763 1525 4816 altera
1586 4778 1713 4818 vero
1740 4802 1758 4830 ,
1803 4764 2075 4833 antiquior
2184 4759 2301 4830 Ipse
2336 4760 2600 4831 promittit
2630 4761 2683 4815 in
2742 4764 2846 4817 alia
2880 4763 3102 4831 epistola
3132 4763 3207 4833 (Ii)
3236 4766 3481 4817 daturum
3516 4778 3575 4818 se
3612 4778 3750 4833 opo-

522 4855 764 4925 quidem,
815 4864 873 4906 ut
901 4868 964 4908 ex
995 4854 1259 4922 scriptura
1314 4854 1729 4920 conjiciebatur,
1761 4854 1856 4911 sed
1906 4856 2080 4912 serius
2185 4864 2321 4913 ram.
2369 4860 2428 4904 υι
2475 4863 2762 4905 commune
2828 4854 3088 4920 scripuli“
3142 4852 3209 4904 ad
3260 4853 3752 4907 εοηιηιυηίοειιοτθε

519 4946 756 5011 reddita,
813 4944 1131 4999 hortabatur
1181 4943 1249 4999 ad
1292 4940 1545 4999 Ecclesia:
1575 4944 1961 5010 defensionem,
2022 4956 2078 5002 et
2184 4939 2502 5009 perferatur.
2540 4938 2707 4995 Nemo
2735 4955 2869 4996 sane
2898 4942 3095 4996 dixerit
3127 4940 3387 5010 ejusmodi
3418 4940 3613 4996 litteris
3637 4955 3751 4995 om-

518 5042 682 5091 etiam
708 5044 871 5105 atque
896 5040 1060 5089 etiam
1089 5034 1342 5089 mouebat
1376 5048 1440 5087 ne
1469 5049 1553 5088 res
1585 5034 1962 5090 ecclesiastica}
1986 5036 2084 5089 ad-
2181 5046 2278 5087 nes
2304 5032 2689 5099 subscripsisse
2710 5073 2725 5098 ,
2761 5034 3067 5103 quicunque
3094 5047 3217 5087 cum
3271 5032 3469 5087 Basilio
3505 5046 3751 5087 commu-

520 5125 778 5183 versariis
827 5124 1189 5179 traderentur.
1235 5123 1472 5178 Conatus
1522 5122 1696 5178 fuerat
1736 5122 1963 5177 Basilius
1996 5124 2079 5179 bis
2182 5122 2458 5177 nicabaut.
2505 5123 2640 5178 Tota
2683 5138 2769 5179 res
2830 5122 3223 5193 transigebatur
3274 5125 3418 5177 inter
3465 5137 3558 5178 eos
3609 5137 3749 5191 quos

518 5219 585 5275 de
615 5217 775 5273 rebus
806 5216 1036 5272 Eusebio
1060 5215 1371 5273 satisfacere
1398 5216 1452 5270 in
1482 5215 1849 5285 superioribus
1880 5215 2080 5285 episto-
2184 5229 2288 5268 non
2317 5213 2490 5268 solum
2530 5216 2717 5271 eadem
2752 5217 3083 5280 communio,
3118 5217 3209 5272 sed
3232 5216 3393 5271 etiam
3436 5214 3749 5270 eorumdem

518 5311 605 5378 lis,
644 5312 740 5367 sed
756 5324 849 5365 eas
872 5310 1134 5367 Eusebius
1166 5325 1273 5367 non
1302 5320 1605 5381 acceperat,
1650 5322 1772 5365 cum
1811 5307 1924 5364 bazc
1945 5308 2081 5364 scri-
2183 5308 2532 5364 consiliorum
2564 5322 2631 5364 ac
2659 5310 3050 5364 sententiarum
3083 5307 3367 5365 consensio
3387 5303 3745 5366 devinciebat.

591 5554 671 5621 lo)
703 5550 797 5619 Ep.
828 5552 952 5607 139.

592 5626 667 5694 (δ)
695 5621 789 5694 Eu-
822 5622 942 5694 “0-

593 5692 664 5760 (ε)
702 5693 868 5760 Epist.
883 5692 924 5760 λι
937 5692 1021 5745 tt.

599 5757 677 5830 ω)
712 5757 806 5828 sp.
840 5757 928 5827 98,-
960 5777 1013 5814 υ.
1038 5761 1095 5816 a.

2279 5555 2326 5619 ι)
2366 5550 2463 5617 Ep.
2496 5548 2627 5619 7129,
2658 5568 2710 5604 n.
2753 5552 2804 5605 3.

2281 5620 2323 5688 ί)
2351 5620 2446 5685 Ep.
2486 5618 2612 5688 θοι,
2645 5637 2697 5675 n.
2742 5621 2797 5675 3.

2285 5686 2336 5753 ῃ)
2369 5688 2465 5755 Ep.
2498 5686 2584 5739 68.

2269 5755 2345 5818 Ut)
2377 5757 2471 5817 liti.
2508 5755 2628 5807 120.
