4038 6460
1620 406 1778 461 νιτΑ
1823 407 1880 464 S.
1922 408 2191 466 BASILII.

3376 437 3504 475 CIIII

262 517 331 572 De
363 515 553 612 eodem
587 516 1107 574 communicatormn
1148 537 1340 593 genere
1388 526 1707 598 loquebatur
1729 530 1830 602 (a),
1864 540 1905 595 Α
1937 534 2179 597 licasset,
2206 531 2432 591 Basilius
2464 535 2512 589 ei
2548 536 2822 604 respondit
2857 537 2931 608 (g)
2978 551 3081 591 non
3113 553 3232 603 sua,
3274 541 3366 596 sed
3394 545 3509 612 epi-

258 621 377 660 cum
422 602 622 657 Fausw
656 615 849 672 printer
871 623 1110 665 canones
1133 616 1379 671 ordinato
1421 617 1745 685 declararet,
1774 635 1831 675 se

259 697 491 750 alienum
517 694 585 749 ab
610 710 673 749 eo
720 712 933 768 semper
970 700 1233 772 futurum,
1278 707 1378 760 nisi
1408 706 1614 767 litteras
1640 711 1833 767 all'crat

259 786 529 841 Armeniae
558 788 955 859 episcoporum,
989 805 1052 846 ac
1085 798 1366 850 unanimes
1400 813 1548 865 suos,
1603 814 1660 857 ut
1690 804 1829 858 idem

257 877 323 932 de
384 877 476 932 illo
521 884 779 944 sentiant,
820 881 1197 942 adducturum.
1256 890 1331 943 Ex
1387 891 1469 944 his
1514 893 1832 967 intelligitur

256 973 529 1038 quomodo
568 972 881 1041 Ilosporins,
907 981 1151 1045 quamvis
1183 994 1286 1033 non
1313 981 1555 1039 videatur
1588 1003 1615 1040 a
1648 988 1827 1045 Basilii

255 1064 640 1117 communione
670 1064 1011 1131 discessisse,
1046 1083 1165 1122 sese
1208 1081 1382 1124 tamen
1416 1074 1487 1127 illi
1520 1077 1828 1146 adjunxisse

254 1154 485 1211 dicatur.
528 1156 921 1211 Ahsuaxerant
973 1174 1094 1213 eum
1142 1161 1208 1217 ab
1264 1164 1449 1220 intima
1482 1183 1599 1221 cum
1630 1169 1827 1227 Basilio

254 1245 643 1315 conjunctione
702 1246 1070 1305 dissensiones
1103 1254 1170 1308 ob
1207 1252 1562 1326 Cappadocia:
1599 1259 1825 1317 divisio-

254 1352 376 1392 nem
412 1348 651 1405 exortaz;
683 1340 776 1394 sed
826 1356 929 1394 non
975 1341 1178 1401 idcirco
1217 1348 1452 1402 desierat
1484 1365 1603 1404 cum
1633 1351 1829 1409 Basilio

258 1428 673 1485 communicare
726 1432 807 1488 vel
852 1450 946 1503 per
980 1452 1057 1500 se,
1091 1438 1174 1492 vel
1232 1452 1327 1504 per
1361 1442 1825 1513 metropolitanum

252 1536 411 1573 suum
446 1522 786 1591 Anlhimum,
822 1529 1039 1596 quicum
1094 1528 1326 1587 Basilius
1360 1534 1467 1589 cito
1511 1535 1562 1590 in
1598 1538 1826 1608 gratiam

255 1614 434 1670 rediit.

326 1707 417 1762 VI.
452 1708 508 1762 In
533 1710 618 1763 his
660 1725 779 1779 qum
832 1711 934 1764 hoc
979 1726 1118 1767 anno
1146 1723 1292 1785 gesta
1326 1717 1679 1781 narravimus,
1711 1720 1829 1774 nul-

252 1796 359 1850 lum
390 1813 617 1865 prorsus
644 1808 821 1855 exstat
880 1802 1160 1869 vestigium
1193 1803 1369 1857 missa:
1397 1804 1447 1857 in
1479 1802 1824 1866 Occidentem

1940 639 2226 693 scoparum
2276 626 2473 680 nullam
2508 628 2607 682 sibi
2640 641 2860 696 operam
2916 631 3227 684 navantium
3268 633 3417 701 culpa
3453 634 3507 688 id

1935 716 2200 770 evenisse.
2232 713 2328 772 IIis
2353 718 2597 786 profecto
2625 710 2883 790 querelis'
2909 720 3057 776 locus
3088 737 3192 778 non
3219 720 3429 784 luisset.
3460 725 3505 778 si

1934 802 2101 857 missa
2141 806 2410 858 communi
2444 821 2710 865 consensu
2740 809 2933 878 legatio
2980 826 3129 880 Spem
3157 812 3336 867 auxilii
3366 821 3507 866 attu-

1935 892 2105 948 lisset.
2140 892 2263 949 Ilmc
2302 896 2586 951 confirmat
2636 901 2861 970 epistola
2903 900 3027 967 156,
3052 904 3103 955 in
3136 920 3239 972 qua
3280 897 3507 961 Basilius

1936 986 2221 1054 respondet
2262 986 2529 1057 Evagrio,
2584 995 2851 1049 neminem
2909 1010 3132 1064 prorsus
3195 1009 3253 1049 se
3306 998 3506 1053 habere

1933 1074 2181 1132 idoneum
2212 1076 2279 1129 ad
2324 1076 2606 1146 legationis
2657 1095 2849 1137 uulnus
2887 1085 3235 1151 obeundum;
3272 1100 3369 1141 nec
3397 1089 3504 1141 oh-

1931 1182 2090 1223 scure
2113 1167 2339 1231 indicat,
2372 1184 2531 1238 quam
2563 1169 2775 1227 diliicile
2807 1176 2878 1229 sit
2928 1188 2981 1231 et
3011 1177 3387 1234 Occidentales
3440 1182 3505 1235 ad

1932 1260 2192 1323 auxilium
2229 1259 2507 1314 ferendum
2548 1274 2604 1319 et
2642 1266 2922 1335 episcopos
2947 1269 3248 1325 Orientales
3273 1271 3337 1323 ad
3378 1273 3507 1326 sub-

1930 1354 2270 1408 scribendum
2322 1352 2610 1420 adducere,
2665 1371 2786 1410 cum
2837 1359 2951 1413 ait:
2999 1361 3148 1426 Quod
3199 1364 3244 1418 si
3286 1364 3402 1434 quis
3440 1380 3505 1417 ea:

1929 1444 2182 1512 fratribus
2204 1447 2294 1515 qui
2341 1448 2483 1515 apud
2523 1463 2608 1501 ros
2637 1459 2779 1515 sunt,
2828 1449 3186 1508 Erclcsiarunt
3234 1473 3395 1510 causa
3427 1455 3506 1508 la-

1932 1533 2102 1587 borem
2141 1539 2406 1603 suscipere
2463 1541 2617 1605 volet,
2664 1542 2706 1594 is
2752 1545 2849 1596 scit
2896 1547 3078 1614 procul
3122 1550 3277 1601 dubio
3336 1559 3385 1602 et
3434 1547 3505 1601 ad

1928 1641 2057 1696 quos
2114 1628 2447 1695 profeczurus
2506 1634 2573 1685 sit
2605 1642 2652 1685 et
2692 1635 2760 1686 ad
2789 1652 2939 1704 quem
2977 1640 3158 1707 ﬁnem,
3198 1652 3243 1692 et
3278 1654 3502 1709 quorum

1929 1716 1993 1769 sit
2024 1716 2209 1769 litteris
2247 1723 2674 1777 connuuuiendus
2715 1736 2763 1778 et
2802 1728 3067 1795 qualibus.
3097 1728 3190 1784 llis
3232 1731 3502 1783 rationum

1933 1811 2221 1863 momentis
2267 1808 2371 1864 alia
2430 1812 2552 1865 addi
2589 1828 2846 1881 possent:
2889 1821 2980 1874 sed
3025 1825 3147 1892 quia
3180 1839 3298 1875 cum
3345 1823 3506 1878 rebus

252 1886 559 1955 legationis.
584 1887 872 1943 Asseverat
896 1898 1070 1942 tamen
1097 1888 1470 1947 Tillentontius
1498 1894 1822 1950 Dorulhcum
1858 1883 1898 1938 Β
1926 1912 2066 1952 anno
2084 1901 2191 1956 575
2221 1913 2275 1957 et
2302 1903 2408 1957 576
2439 1905 2608 1974 gestis
2649 1909 2931 1977 conjunma
2967 1883 3113 1981 sunt,
3145 1918 3395 1970 videntur
3448 1916 3499 1969 in

250 1978 628 2048 presbyterum
662 1980 881 2034 missum
914 1980 1079 2035 fuisse
1107 1997 1228 2037 cum
1253 1984 1450 2040 litteris
1473 1984 1580 2040 242
1615 1996 1668 2042 et
1694 1986 1823 2053 2I5,

250 2068 386 2122 alias
419 2070 523 2124 182
563 2081 616 2124 et
651 2070 737 2122 70.
794 2069 898 2124 Sed
929 2070 1012 2125 his
1041 2071 1235 2130 litteris
1272 2090 1428 2130 suum
1464 2075 1642 2131 locum
1686 2078 1821 2132 assi-

249 2176 420 2228 gnare
456 2164 796 2216 conabimur.
837 2160 988 2218 Nunc
1032 2167 1364 2234 probandum
1396 2169 1663 2223 neminem
1695 2172 1825 2225 mis-

248 2266 367 2304 sum
400 2250 568 2307 fuisse
605 2254 704 2308 hoc
745 2269 887 2309 anno
926 2254 1052 2309 575.
1082 2255 1238 2309 Patet
1256 2257 1306 2310 id
1332 2256 1393 2309 l°
1419 2272 1483 2311 ex
1531 2259 1645 2327 ipsa
1686 2262 1825 2314 serie

249 2358 430 2398 rerum
464 2356 737 2416 gestarum
763 2345 1173 2413 (b).Consilium
1210 2347 1453 2403 mittendi
1488 2348 1540 2402 in
1564 2348 1825 2405 Occiden-

250 2442 357 2487 tem
409 2446 589 2490 ortum
635 2447 718 2490 est
755 2437 821 2490 ab
868 2436 1097 2490 Eusebio
1127 2435 1491 2494 Samosatensi
1520 2479 1536 2503 ,
1579 2440 1669 2510 qui
1702 2456 1823 2496 cum

246 2525 476 2578 aliarum
513 2525 875 2579 Ecclesiarnm
917 2535 1121 2580 tantam
1164 2542 1350 2582 curam
1388 2541 1620 2598 gereret.
1652 2546 1825 2601 quan—

246 2624 359 2668 tam
391 2630 502 2667 suae
530 2614 1242 2681 propritc,commcntarium
1271 2619 1335 2672 de
1358 2620 1518 2673 rebus
1549 2624 1688 2688 apud
1718 2622 1824 2677 Oc-

246 2704 550 2758 cidentales
578 2706 874 2759 tractandis
898 2707 1043 2760 misit
1082 2708 1148 2760 ad
1188 2706 1442 2762 Basilium
1475 2710 1625 2764 initio
1668 2712 1823 2781 lmjus

245 2794 375 2847 anni
407 2809 502 2864 per
531 2792 967 2858 Sanctissimum,
1003 2810 1236 2865 eumque.
1271 2799 1476 2862 rogavit
1508 2807 1564 2851 ut
1624 2800 1824 2868 episto-

244 2883 352 2939 lam
386 2893 663 2952 exararet,
704 2886 790 2938 cui
825 2899 1014 2941 omnes
1049 2887 1536 2942 couunuuicatores
1580 2889 1822 2943 subscri-

242 2976 453 3031 berent.
480 2976 715 3030 Basilius
750 2978 821 3047 (c)
849 2992 972 3032 cum
1003 2978 1180 3034 minus
1217 2979 1499 3047 reperiret,
1529 2980 1659 3049 quid
1687 2982 1822 3035 scrio

240 3068 479 3122 bendum
525 3079 687 3128 esset,
724 3068 937 3123 Mcletio
978 3070 1170 3124 detulit
1226 3072 1525 3126 scribendae
1582 3074 1821 3143 epistola:

242 3174 462 3225 munus,
495 3176 558 3213 ac
583 3170 749 3213 totam
789 3174 898 3213 rem
932 3162 1076 3214 illius
1118 3162 1343 3216 arbitrio
1368 3166 1660 3217 commisit.
1694 3164 1822 3218 Post

244 3252 525 3306 teterrima
552 3250 819 3304 Eustathii
854 3253 903 3303 in
932 3249 1188 3305 Basiliuut
1222 3252 1459 3305 facinora
1514 3254 1614 3325 (ά),
1650 3256 1824 3309 adhuc
1852 3227 1894 3285 (δ

242 3344 562 3398 morabatur
586 3343 724 3409 apud
765 3342 1041 3396 Mcletium
1074 3342 1461 3397 Sanctissimus
1486 3384 1500 3409 ,
1538 3360 1603 3398 ac
1647 3345 1824 3399 consi-

240 3435 377 3489 lium
408 3433 686 3488 mittenda:
717 3434 998 3503 legationis
1039 3433 1175 3486 nihil
1205 3435 1425 3488 omnino
1463 3444 1820 3503 processerat,

242 3541 346 3581 nec
406 3523 564 3578 valde
620 3524 897 3579 arridebat
951 3523 1168 3578 Basilio.
1223 3522 1380 3577 Venit
1412 3524 1820 3595 CzeSaream(e)

242 3632 431 3673 mense
463 3618 705 3685 Augusto
733 3616 993 3686 Evagrius
1022 3634 1034 3669 :
1070 3615 1205 3685 petit
1233 3625 1290 3670 ut
1315 3616 1471 3687 legati
1494 3621 1817 3677 auctoritate

241 3708 455 3779 praediti
486 3708 790 3762 mittantur.
824 3705 1073 3761 COIISUIII.
1115 3706 1404 3761 Eusebium
1439 3708 1671 3765 Basilius
1694 3713 1821 3780 quid

241 3801 391 3854 facto
410 3815 547 3870 opus
567 3801 659 3855 sit.
679 3799 877 3853 lterum
905 3813 998 3867 per
1020 3799 1228 3854 litteras
1248 3800 1456 3869 urgenti
1473 3800 1701 3869 Evagrio
1723 3804 1823 3857 sub

241 3895 455 3963 initium
493 3894 706 3956 hiemis,
737 3894 1022 3961 respondet
1041 3892 1273 3945 Basilius
1318 3890 1386 3961 (ί)
1421 3892 1520 3946 sibi
1555 3893 1821 3963 integrum

241 3957 348 4040 non
387 3998 510 4038 esse
536 3983 741 4051 legatos
768 3984 1003 4038 mittere.
1028 3982 1269 4037 Nondum
1298 3998 1426 4053 ergo
1449 3985 1600 4041 initio
1630 3987 1824 4043 hiemis

238 4076 540 4147 quidqnam
568 4085 747 4128 actum
782 4084 921 4139 erat,
954 4075 1037 4129 vel
1094 4076 1274 4143 potius
1307 4090 1498 4129 novam
1542 4076 1824 4133 dilIiculta-

240 4183 350 4224 tem
382 4168 674 4221 attulerant
693 4165 818 4221 tlata
846 4168 913 4222 ab
939 4166 1378 4223 Occidentalibus
1407 4167 1637 4238 Evagrio
1665 4186 1820 4225 man-

240 4262 391 4323 data,
437 4272 735 4325 eorumque
764 4260 830 4314 de
852 4258 1036 4313 Basilii
1069 4259 1292 4329 scriptis
1321 4262 1498 4316 minus
1522 4276 1672 4333 aequa
1693 4278 1819 4319 sen-

242 4352 436 4405 tentia.

309 4444 368 4498 2°
398 4445 542 4500 Idem
585 4443 817 4514 probant
874 4440 1188 4512 frequentes
1212 4443 1269 4498 S.
1318 4445 1501 4512 Basilii
1538 4445 1671 4500 etS.
1712 4446 1818 4500 Eu-

1929 1988 2055 2045 ilIud
2084 2000 2291 2062 tempus
2320 1994 2640 2051 dili‘erenda.

2488 2128 2715 2184 CAPUT
2746 2127 2938 2183 XXIX.

1926 2235 1965 2289 I.
2001 2236 2060 2291 S.
2093 2238 2277 2293 Basilii
2310 2241 2516 2295 morbus
2539 2241 2607 2293 ad
2630 2250 2864 2294 a'slatem
2900 2241 3221 2308 referendus.
3254 2244 3314 2302 Il.
3349 2248 3501 2304 Diem

2000 2308 2185 2384 [esttam
2219 2308 2275 2364 S.
2308 2309 2595 2384 Eupsycltii
2640 2310 2895 2374 celebrat,
2940 2323 2986 2384 et
3040 2314 3198 2379 paulo
3238 2327 3354 2384 post
3397 2331 3500 2373 tres

1998 2376 2195 2450 litteras
2236 2376 2416 2432 scribit
2456 2376 2521 2434 ἰη
2563 2385 2791 2450 gratiam
2838 2376 3370 2450 ptorIwI—rOpltio'rum.
3411 2390 3498 2446 Ill.

1996 2443 2299 2528 Eusebium,
2322 2451 2515 2528 in'ritat
2552 2443 3335 2528 Cresareaui,lejusquefratris
3384 2443 3499 2528 [ilio

1995 2518 2194 2569 scribit.
2236 2515 2319 2571 IV.
2351 2517 2609 2572 Invisitur
2639 2538 2669 2572 a
2701 2521 2760 2573 S.
2796 2515 3063 2583 apium.
3104 2515 3161 2576 νζ
3200 2515 3499 2583 Maximum

1996 2586 2399 2658 tribustliuefis
2456 2593 2802 2641 Commendat.
2842 2589 2922 2643 VI.
2978 2590 3055 2644 De
3098 2596 3325 2658 epistolis
3365 2599 3496 2653 150-

1998 2658 2129 2712 155.
2162 2656 2266 2713 VII.
2300 2656 2588 2727 Respondet
2615 2658 2845 2711 Basiiius
2881 2656 3134 2714 Asc/lolio
3169 2663 3501 2721 Thessaloni-

1996 2729 2470 2807 reusi,_et__Sorauo
2494 2731 2637 2807 (luci,
2665 2732 2973 2807 aquopetit
3015 2734 3259 2807 reliquias
3297 2749 3496 2807 marty-

1999 2813 2133 2871 rum.
2171 2797 2297 2871 γιῃ,
2339 2798 2755 2871 AlteraihEuagrio.
2796 2799 2952 2852 Illius
2983 2797 3213 2855 uuiniam
3254 2797 3498 2871 qua'ruiit

1997 2865 2203 2919 Ariani.
2236 2867 2425 2921 Scribit
2462 2868 2522 2923 S.
2558 2865 2785 2922 Eusebio
2815 2878 2864 2921 et
2891 2870 3167 2924 Antiocho.
3202 2865 3275 2928 IX
3313 2874 3505 2930 Liben-

1995 2945 2073 3010 t_er
2116 2938 2179 3010 tle
2207 2940 2442 3010 dogmate
2493 2942 2764 3007 respondet
2797 2938 3105 3003 Eupaterio.
3154 2941 3395 3010 Epistula
3431 2950 3499 2999 ad

1996 3003 2290 3059 Diodorum'
2306 3009 2368 3059 de
2396 3003 2589 3076 nuptiis
2618 3026 2734 3060 cum
2767 3025 2945 3062 sorore
2973 3012 3154 3064 uxoris
3181 3003 3424 3069 mortuae.

1994 3096 2035 3150 l.
2071 3097 2329 3163 Quamvis
2384 3097 2541 3168 longa
2576 3100 2849 3152 exstiterit
2889 3102 3153 3169 aegritudo
3182 3102 3386 3174 Basilii,
3438 3123 3502 3163 ac

1927 3189 2167 3257 reliquiae
2185 3189 2271 3242 diu
2302 3190 2617 3257 insederint,
2643 3198 2698 3245 et
2728 3205 2869 3259 saepe
2896 3194 3217 3261 augentibus
3263 3198 3503 3254 molestis

1926 3280 2181 3335 Ecclesiae
2207 3283 2539 3352 temporibus
2559 3283 2780 3336 morbus
2796 3282 2870 3353 (h)
2896 3286 3228 3341 recruduerit
3244 3328 3259 3352 ,
3288 3290 3504 3345 videtur

1929 3380 2106 3428 tamen
2133 3374 2265 3430 satis
2287 3374 2481 3429 virium
2514 3374 2790 3441 habuisse,
2820 3384 2876 3427 ut
2906 3374 3044 3430 diem
3080 3377 3271 3433 festum
3296 3380 3356 3435 S.
3396 3382 3504 3435 En-

1926 3466 2131 3534 psychii
2174 3466 2373 3531 obiret,
2408 3467 2590 3538 cujus
2646 3472 2906 3526 memoria
2966 3472 3051 3525 die
3088 3469 3118 3522 7
3166 3470 3504 3540 Septembris

1924 3555 2284 3611 recolebatur.
2318 3557 2719 3623 Tillemontins,
2744 3561 2835 3630 qui
2863 3561 2913 3614 in
2935 3561 3078 3615 hunc
3098 3575 3298 3614 annum
3333 3561 3500 3616 multa

1924 3646 2170 3711 contulit,
2222 3661 2343 3715 qua:
2382 3647 2488 3701 alio
2523 3649 2750 3718 rejicere
2780 3653 2950 3705 coacti
3007 3667 3214 3715 sumus,
3247 3653 3504 3721 deceptus

1925 3733 2193 3788 nonnullis
2222 3734 2399 3789 verbis
2422 3736 2663 3806 epistola:
2704 3739 2771 3791 27
2802 3738 3057 3793 Basilium
3087 3751 3346 3795 autumno
3381 3743 3503 3797 exi-

1925 3826 2112 3880 stimat
2162 3827 2215 3880 in
2246 3828 2492 3881 morbum
2546 3830 2824 3888 incidisse.
2867 3830 2997 3897 Sed,
3035 3846 3156 3885 cum
3209 3833 3499 3887 Eusebium

1923 3926 2111 3973 testate
2134 3918 2369 3974 invisere
2392 3922 2669 3977 statuisset
2698 3922 2781 3995 (i),
2819 3939 2918 3978 nec
2946 3924 3063 3991 ejus
3088 3925 3317 3979 consilio
3356 3926 3500 3981 aliud

1927 4010 2222 4080 quidquam
2270 4021 2468 4079 praeter
2517 4016 2765 4068 morbum
2815 4016 3119 4081 obstiterit;
3160 4015 3378 4071 morbus
3429 4018 3498 4071 ad

1924 4112 2170 4157 mstatem
2212 4104 2523 4158 necessario
2573 4106 2728 4158 debet
2774 4105 2985 4160 referri.
3046 4105 3311 4162 Praeterea
3352 4107 3499 4176 jam-

1923 4197 2121 4249 dudum
2165 4196 2463 4264 :cgrotabat
2491 4193 2739 4261 Basilius,
2765 4212 2885 4250 cum
2916 4198 2981 4251 ad
3008 4212 3131 4251 eum
3173 4198 3322 4251 venit
3374 4198 3503 4253 Hie-

1923 4298 2183 4352 ronymus
2246 4285 2485 4353 (venisse
2509 4286 2651 4338 enim
2692 4285 2839 4339 illiilli
2874 4303 2995 4340 cum
3043 4286 3271 4356 Evagrio
3297 4287 3498 4353 proba-

1924 4374 2249 4428 bilissimum
2296 4372 2503 4441 judicat
2554 4374 2980 4444 Tillemoukius),
3006 4376 3095 4445 qui
3149 4386 3329 4430 tamen
3359 4392 3418 4432 se
3467 4394 3498 4433 e

1926 4466 2266 4535 Cappadocia
2299 4480 2575 4535 egressum
2611 4469 2965 4539 gravissimos
3018 4469 3071 4523 in
3120 4469 3306 4525 Cilicia
3336 4480 3500 4525 aestus

235 4536 374 4593 sebii
404 4538 635 4607 gemitus
662 4546 714 4590 et
742 4537 999 4607 querelaz,
1032 4538 1175 4606 quod
1206 4552 1323 4605 qua:
1350 4540 1417 4592 de
1469 4553 1602 4606 pace
1636 4538 1821 4593 Eccle-

1928 4556 2265 4623 persensisse
2302 4568 2548 4615 testatur.
2582 4536 2820 4626 Denique
2844 4557 2895 4612 in
2928 4558 3149 4627 epistola
3176 4559 3299 4623 H5,
3332 4575 3497 4628 quam

238 4632 445 4685 siarum
484 4630 822 4684 concilianda
849 4628 1302 4693 deliberaverant,
1345 4643 1406 4683 ea
1437 4630 1634 4686 infecta
1663 4648 1819 4700 pror-

236 4738 331 4778 sus
358 4732 414 4778 et
438 4722 593 4777 irrita
623 4722 888 4778 viderent.
927 4720 1043 4777 Non
1073 4723 1217 4777 enim
1252 4723 1359 4777 alio
1390 4736 1601 4793 spectat
1632 4726 1816 4783 Basilii

237 4816 395 4870 dolor
428 4815 483 4868 in
517 4814 742 4884 epistola
776 4813 902 4881 156,
930 4816 1074 4884 quod
1108 4830 1192 4868 res
1223 4815 1604 4871 ecclesiastica;
1627 4819 1817 4873 adver-

236 4907 398 4963 sariis
444 4907 753 4971 tradantur,
784 4908 915 4961 dum
961 4906 1076 4960 suis
1103 4907 1333 4977 quisque
1364 4908 1526 4964 rebus
1575 4911 1816 4981 episcopi

239 5001 581 5055 consulentes
609 4999 759 5068 parvi
804 5000 1045 5066 pendunt
1071 5014 1192 5070 quin
1242 5000 1308 5053 ad
1340 5002 1645 5071 proximum
1680 5003 1810 5057 atti-

235 5102 387 5146 nent.
410 5092 641 5147 Eosdem
670 5090 902 5161 gemitus
926 5092 1256 5161 redintegrat
1297 5090 1349 5143 in
1378 5092 1537 5160 epist.
1566 5092 1687 5159 158,
1720 5094 1809 5147 ubi

233 5199 548 5256 germanam
576 5200 639 5239 ac
662 5185 931 5239 sinceram
976 5184 1290 5241 cbaritatem
1334 5184 1386 5236 in
1421 5184 1690 5255 episcopis
1718 5200 1805 5239 se-

232 5290 358 5331 cum
404 5276 784 5331 communione
811 5275 1115 5344 conjunctis
1158 5274 1448 5330 desiderat.
1485 5275 1609 5331 Haec
1639 5277 1808 5332 Euse-

230 5367 323 5422 bio
353 5380 460 5421 non
488 5365 665 5421 minus
696 5356 987 5421 doluerunt
1024 5381 1040 5421 :
1085 5366 1227 5438 quod
1247 5382 1369 5422 cum
1396 5366 1596 5424 Basilio
1630 5370 1802 5438 signi-

308 5552 385 5623 (α)
419 5551 516 5619 Ep-
553 5550 671 5623 122·

301 5620 372 5691 (6⁷
412 5623 510 5691 Ep.
548 5620 671 5674 190.

306 5634 379 5758 (εἰ
416 5694 512 5761 Ep.
550 5690 672 5747 129.

302 5761 384 5833 (ιι)
410 5763 546 5817 una.

300 5829 374 5905 (ej
404 5834 502 5905 Ep.
542 5830 665 5896 138,
708 5846 762 5886 n.
802 5829 857 5883 2.

1927 4657 2052 4719 post
2081 4648 2323 4703 morbum
2357 4651 2612 4719 scriptam
2668 4664 2789 4703 esse
2816 4648 3188 4718 probabimus,
3219 4660 3371 4721 rogat
3393 4651 3501 4705 Eu-

1926 4739 2133 4793 sebium
2162 4737 2410 4809 Basilius,
2448 4753 2506 4794 ut
2541 4740 2837 4794 Ecclesiam
2863 4740 3251 4797 Cmsariensem
3280 4745 3494 4797 invisat.

1927 4829 2074 4883 Satis
2109 4846 2238 4901 ergo
2259 4842 2547 4901 supererat
2576 4834 2834 4898 temporis
2868 4842 2924 4885 ut
2952 4832 3167 4902 longum
3212 4834 3311 4888 iter
3334 4834 3499 4888 Euse-

1924 4922 2047 4975 bius
2069 4933 2194 4977 ante
2225 4923 2417 4977 hiemis
2444 4924 2783 4979 incommoda
2814 4926 3079 4980 coniicere
3115 4937 3319 4993 p0sset.

1987 5012 2050 5065 ll.
2088 5014 2165 5068 Eo
2190 5014 2522 5082 probabilius
2560 5026 2645 5071 est
2678 5031 2783 5071 non
2813 5015 3056 5071 defuisse
3098 5017 3358 5070 Basiliam
3390 5018 3495 5072 diei

1916 5103 2055 5159 festo
2086 5104 2144 5159 S.
2203 5106 2515 5176 Eupsycbii,
2576 5108 2719 5176 quod
2771 5123 2894 5161 cum
2942 5121 3089 5162 anno
3115 5107 3220 5162 375
3248 5122 3314 5162 ex
3343 5109 3494 5177 gravi

1918 5198 2109 5252 morbo
2132 5198 2337 5267 pariter
2362 5199 2786 5267 convalesceret,
2814 5215 3153 5270 nequaquam
3196 5204 3495 5270 praetermi-

1912 5286 1985 5340 sit
2006 5289 2345 5343 occasionem
2365 5291 2581 5345 honoris
2606 5296 2810 5348 sanctis
2828 5292 3159 5363 martyribus
3181 5292 3491 5355 exhibendi,

1911 5380 2007 5431 sed
2041 5392 2203 5433 curru
2240 5390 2363 5449 post
2395 5380 2601 5437 Pascha
2637 5391 2823 5439 vectus
2860 5392 2942 5439 est
2972 5384 3024 5437 in
3057 5383 3252 5451 locum,
3278 5383 3371 5440 ubi
3394 5393 3496 5436 ex-

1990 5556 2061 5622 (n
2100 5557 2193 5627 Ep.
2233 5558 2354 5612 l56.

1992 5630 2068 5696 (g)
2102 5629 2197 5695 Ep.
2236 5629 2355 5683 141.

1994 5697 2197 5767 (μιμερ.
2228 5697 2351 5753 ut.

1991 5765 2051 5838 ti)
2077 5765 2177 5837 Ep.
2210 5768 2332 5825 f57.
