4038 6468
508 426 635 471 ουν

1879 392 2410 453 ΡιιοιεςοωεΝΑ.

513 542 594 587 tra
628 531 811 586 urbem
847 526 1182 583 colebantur.
1239 519 1586 578 Commodior
1623 518 1722 575 fuit
1770 517 1829 573 S.
1866 516 2073 588 Eupsy-
2103 519 2150 578 Α
2177 528 2276 584 pus
2313 527 2417 566 non
2446 507 2655 565 diﬂ‘erat
2679 523 2693 562 :
2717 504 2929 561 etiamsi
2955 502 3099 559 enim
3134 503 3277 557 illam
3305 497 3592 573 aliquando
3619 512 3750 567 pes-

511 623 617 679 chii
650 619 985 685 solemnitas,
1016 634 1133 687 qua:
1165 616 1219 669 in
1257 616 1374 685 ipsa
1420 615 1552 667 urbe
1582 609 1901 668 Casariensi
1928 610 2074 664 celeo

514 711 793 766 brabatur.

584 803 911 859 Convocavit
939 799 1004 853 ad
1037 797 1178 852 hunc
1206 795 1346 850 diem
1376 793 1573 848 festum
1607 808 1796 849 omnes
1824 794 2076 863 eborepi-

514 910 712 963 scopos
733 910 880 955 suos,
916 900 971 945 ut
1006 904 1098 942 eos
1127 886 1553 941 numerariorum
1577 886 1928 953 alteri,qnem
1956 901 2080 939 ven-

518 998 697 1042 turunt
752 984 1020 1052 sperabat,
1053 993 1236 1035 coram
1290 979 1715 1032 conuuendaret.
1744 974 1848 1028 Sed
1889 985 2079 1029 neuter

518 1074 690 1128 adfuit
713 1069 1071 1125 munerarius.
1126 1065 1411 1121 Tractator
1443 1070 1734 1135 prmsidum
1770 1065 2079 1131 diligentior

518 1158 643 1221 fuit,
674 1172 737 1210 ac
766 1156 963 1211 Basilio
1006 1154 1241 1223 roganti,
1277 1164 1333 1206 ut
1371 1169 1665 1224 pauperum
1699 1155 1910 1218 domos,
1959 1168 2079 1222 quae

519 1251 573 1303 in
606 1249 755 1317 pagis
788 1248 905 1302 sitae
933 1256 1110 1310 erant,
1148 1246 1369 1300 tributis
1404 1250 1687 1307 eximeret,
1729 1248 1934 1315 prolixe
1963 1262 2080 1300 om-

520 1337 607 1392 nia
638 1337 905 1405 promisit.
934 1336 1098 1391 Paulo
1133 1346 1255 1407 post
1287 1338 1429 1391 hunc
1462 1338 1599 1390 diem
1643 1336 1838 1391 festum
1865 1338 2080 1406 scripta:

521 1441 628 1484 tres
654 1429 914 1498 epistolae,
951 1445 1145 1499 nempe
1186 1432 1250 1484 ad
1278 1440 1565 1497 utrumque
1598 1428 1984 1492 numerarium,
2027 1439 2084 1483 et

518 1520 587 1577 ad
632 1530 974 1575 tractatorem
1007 1521 1313 1590 prtesidutn,
1373 1520 1438 1571 ad
1473 1533 1611 1587 quos
1641 1534 1804 1572 unum
1845 1519 2081 1587 aliquem

519 1630 586 1671 ex
606 1614 1006 1680 chorepiScopis
1042 1612 1223 1667 mittit.
1263 1611 1441 1680 Rogat
1482 1612 1870 1677 munerarium,
1922 1627 2084 1682 quem

520 1711 953 1771 exspectaverant,
981 1710 1037 1754 ut
1061 1702 1445 1771 chorepiscopo
1474 1701 1629 1754 fidem
1667 1700 1883 1766 habeat,
1910 1712 1967 1754 ut
1990 1702 2085 1755 ho-

521 1796 653 1849 tniui
679 1795 1000 1863 dignissimo
1022 1794 1105 1849 cui
1137 1801 1412 1858 credatur,
1444 1808 1508 1848 ac
1547 1809 1842 1862 pauperum
1868 1794 2082 1847 domum

2178 607 2245 663 sit
2272 603 2503 658 invisere
2530 642 2545 665 ,
2580 612 2635 655 at
2675 612 2779 653 non
2832 611 3012 651 secum
3044 592 3187 650 illam
3239 592 3747 660 invisurum,que:n

2178 695 2398 752 morbus
2428 693 2647 761 urgebat
2680 689 2746 743 ab
2769 702 3071 743 :erumnosa
3097 686 3202 740 vita
3233 682 3535 738 discedere.

2250 786 2506 854 Quamvis
2563 782 2792 838 Basilius
2845 782 3083 847 graviter
3133 786 3425 848 egrmasse
3480 776 3749 836 videatur,

2179 895 2299 937 cum
2334 879 2447 931 haec
2486 877 2767 938 scriberet,
2819 887 2924 927 non
2979 881 3157 925 tamen
3202 866 3418 936 scripsit
3464 868 3516 918 in
3546 865 3754 934 gravis-

2179 968 2315 1021 simo
2340 966 2495 1034 hujus
2540 965 2744 1018 uastatis
2775 961 2985 1024 morbo,
3031 961 3123 1014 sed
3152 974 3274 1013 cum
3318 954 3536 1011 morbus
3564 969 3752 1007 recru-

2181 1062 2443 1121 desceret,
2475 1055 2524 1107 id
2555 1056 2696 1123 quod
2728 1054 2829 1110 sibi
2865 1050 3206 1107 continenter
3251 1049 3495 1104 accidere
3519 1053 3752 1098 testatur

2183 1152 2235 1205 in
2263 1152 2418 1218 epist.
2450 1147 2571 1203 IH.
2603 1145 2719 1201 Non
2750 1146 2891 1201 enim
2918 1142 3138 1213 exponit
3166 1155 3272 1209 quo
3307 1137 3493 1192 morbo
3524 1135 3753 1199 laboret,

2182 1246 2273 1300 sed
2307 1244 2380 1306 id.
2429 1251 2488 1296 ttt
2544 1247 2727 1293 notum
2759 1251 2825 1291 ex
2882 1231 3251 1302 superioribus
3298 1230 3496 1284 litteris
3530 1234 3758 1297 praster-

2183 1337 2366 1392 mittit.
2406 1329 2542 1387 Hinc.
2594 1329 2757 1384 etiam
2806 1326 2948 1381 nulla
2997 1324 3164 1379 utitur
3215 1322 3604 1385 excusatione,
3656 1332 3760 1373 cur

2186 1426 2471 1482 Eusebium
2525 1438 2628 1477 non
2663 1419 2860 1472 invisat
2893 1435 2906 1471 :
2936 1418 2987 1472 id
3041 1416 3184 1471 enim
3227 1410 3436 1465 fecerat
3486 1412 3537 1465 in
3587 1411 3760 1466 tribus

2183 1519 2458 1587 epistolis:
2490 1514 2582 1570 sed
2618 1526 2738 1566 cum
2769 1510 2914 1564 nulla
2959 1524 3084 1578 spes
3122 1511 3427 1577 superesset
3458 1504 3618 1556 eundi
3658 1500 3761 1557 Sa-

2188 1619 2412 1671 mosata,
2444 1605 2730 1663 Eusebium
2784 1599 2976 1654 invitat
3028 1599 3352 1652 Casaream.
3390 1594 3653 1648 Praeterea
3704 1594 3759 1645 in

2186 1699 2413 1768 epistola
2466 1696 2746 1763 157,qu:e
2798 1694 2897 1742 sub
2960 1686 3171 1740 initium
3231 1683 3426 1740 hiemis
3469 1682 3569 1735 hoc
3615 1694 3762 1734 anno

2189 1794 2386 1863 scripta
2424 1799 2529 1853 est,
2569 1786 2835 1858 peramice
2858 1782 3106 1852 queritur
3137 1778 3390 1845 Basilius,
3417 1779 3560 1849 quod
3590 1774 3765 1829 Euse-

518 1887 586 1941 ad
618 1900 785 1956 pagus
838 1887 937 1955 ipsi
991 1886 1309 1940 commissos
1344 1888 1706 1954 pertinentem
1766 1886 2001 1940 invisere
2032 1895 2087 1939 et
2118 1871 2161 1930 Β
2189 1887 2307 1941 bius
2339 1884 2439 1940 sibi
2468 1898 2536 1935 ne
2574 1878 2774 1934 scribat
2796 1867 3045 1947 quidem;
3074 1889 3138 1929 ac
3168 1874 3369 1928 idcirco
3412 1873 3528 1941 ejus
3560 1873 3762 1926 absen-

521 1976 737 2031 tributis
764 1977 1012 2046 digni-tur
1032 1975 1292 2029 eximere.
1343 1976 1545 2031 Scribit
1597 1975 1749 2031 alteri
1778 1976 2089 2031 uumerario

520 2083 581 2123 se
613 2067 843 2122 libenter
896 2076 1179 2121 venturum
1211 2069 1278 2120 ad
1322 2081 1445 2121 eum
1500 2067 1689 2134 fuisse,
1736 2067 1838 2121 nisi
1876 2067 2091 2121 infirma

521 2158 772 2213 valetudo
797 2168 851 2212 et
902 2160 1110 2229 negotia
1153 2159 1482 2213 detinerent.
1530 2159 1667 2213 lluic
1698 2158 1905 2227 pariter
1935 2174 2087 2213 com-

523 2251 742 2305 mendat
766 2247 1232 2318 chorepiscopum,
1260 2251 1611 2317 hortaturque
1643 2258 1699 2302 ut
1731 2264 1797 2304 eo
1838 2250 2093 2305 consilia-

529 2343 632 2407 rio,
662 2351 721 2395 ut
755 2343 969 2397 homine
1019 2343 1084 2395 ad
1120 2342 1406 2395 consilium
1464 2341 1697 2395 dandum
1732 2342 1941 2407 idoneo,
1970 2353 2091 2397 uta-

523 2443 633 2490 tur.
663 2432 797 2489 Cum
842 2442 1020 2486 autem
1076 2432 1415 2487 numerarius
1472 2431 1561 2488 ille
1614 2434 2091 2502 ptochotrOphium

524 2528 793 2599 quoddam
816 2529 1058 2582 Amaseze
1083 2525 1275 2596 opibus
1295 2526 1407 2581 suis
1430 2535 1790 2591 sustentaret,
1823 2540 1971 2593 spem
2010 2524 2094 2578 af-

527 2622 634 2676 fert
683 2619 883 2675 Basilio
941 2629 1087 2674 tanta
1123 2620 1332 2688 pietas,
1394 2633 1516 2672 eum
1562 2632 1855 2687 pauperum
1911 2617 2093 2672 domui

527 2711 919 2780 cborepiscopo
975 2712 1277 2764 commissae
1340 2710 1731 2764 immunitatem
1787 2724 1818 2764 a
1884 2710 2098 2765 tributis

528 2816 932 2857 concessurum.
966 2798 1199 2869 Utrique
1232 2802 1539 2855 numerario
1574 2801 1703 2855 dicit
1738 2802 1850 2871 jam
1879 2802 1979 2855 sibi
2029 2803 2098 2857 ab

524 2908 716 2950 eorum
741 2893 965 2963 collega,
1005 2906 1198 2962 nempe
1235 2899 1544 2957 tractatore,
1598 2893 1987 2946 humanitatem
2038 2894 2095 2948 in

528 3000 789 3056 pauperes
827 2985 1157 3056 promissam
1194 2982 1384 3038 fuisse.
1410 2983 1465 3038 In
1492 2983 1651 3038 tertia
1671 2983 1896 3053 epistola
1922 2984 2098 3055 ipsum

528 3084 877 3132 tractatorem
903 3084 1073 3146 rogat,
1118 3084 1177 3128 ut
1210 3073 1475 3144 promissa
1501 3073 1765 3145 perficiat.

2191 1981 2317 2035 tiam
2359 1974 2486 2030 nulli
2520 1972 2609 2025 alii
2642 1986 2821 2025 causa:
2874 1969 3143 2032 attribuit,
3183 1966 3285 2020 nisi
3312 1965 3455 2035 quod
3490 1964 3639 2033 piger
3690 1961 3767 2017 sit

2191 2072 2257 2125 ad
2288 2065 2743 2137 peregrinationes
2766 2061 3049 2117 charitatis
3081 2075 3241 2115 causa
3273 2057 3662 2127 suscipiendas.
3694 2062 3768 2109 At

2193 2159 2456 2230 ejusmodi
2511 2156 2747 2227 querelis
2793 2157 2941 2209 locus
2988 2167 3092 2205 non
3134 2151 3361 2216 exstitit,
3426 2150 3551 2203 dum
3615 2146 3769 2216 gravi

2193 2255 2282 2310 illo
2312 2253 2498 2307 tuorbo
2526 2257 2813 2320 aegrotaret
2843 2245 3091 2300 Basilius.
3119 2242 3275 2295 Tunc
3303 2242 3447 2293 enim
3481 2239 3661 2308 plures
3695 2237 3771 2292 ab

2194 2346 2426 2403 Eusebio
2473 2344 2683 2399 litteras
2721 2339 2948 2409 accepit,
2990 2348 3090 2389 nec
3119 2346 3240 2387 eum
3278 2330 3540 2385 invitabat
3585 2327 3771 2381 Cresa-

2194 2440 2509 2497 ream.lnde
2556 2451 2683 2508 ergo
2720 2443 2852 2489 ortze
2899 2428 3081 2485 Basilii
3120 2424 3357 2495 querelae
3406 2422 3550 2492 quod
3592 2419 3774 2474 nullas

2195 2533 2266 2586 ab
2297 2546 2363 2586 eo
2403 2531 2609 2584 litteras
2650 2526 2950 2594 acciperet,
2983 2520 3235 2591 quamvis
3278 2532 3405 2571 eum
3459 2516 3771 2571 Caesaream

2197 2624 2475 2679 invitasset
2503 2636 2601 2691 per
2623 2618 2901 2688 epistolam
2933 2612 3058 2675 145,
3095 2625 3214 2681 quae
3251 2608 3476 2679 proinde
3500 2615 3623 2677 post
3644 2619 3776 2675 gra-

2199 2731 2316 2772 vetn
2338 2713 2539 2768 arstatis
2570 2709 2814 2764 morbum
2855 2709 3054 2772 scripta
3074 2714 3175 2757 est.

2272 2806 2405 2859 lluic
2453 2800 2694 2871 epistolas
2744 2797 2901 2851 aliam
2940 2793 3173 2848 Basilius
3206 2790 3447 2861 adjunxit
3476 2790 3540 2842 ad
3582 2787 3779 2840 Antio-

2197 2898 2385 2961 chum,
2411 2894 2501 2963 qui
2535 2909 2640 2948 uon
2663 2890 2956 2960 scripserat
2977 2886 3215 2958 quidem,
3247 2884 3340 2938 sed
3370 2897 3527 2936 manu
3551 2894 3645 2934 sua
3681 2893 3778 2933 sa-

2200 2989 2365 3044 lutem
2396 2992 2721 3057 apposuerat
2750 2983 2801 3035 in
2827 2980 3004 3052 patrui
3028 2978 3096 3034 ad
3120 2975 3372 3032 Basiliutn
3398 2971 3614 3027 litteris.
3652 2970 3776 3026 Un-

2202 3082 2269 3137 de
2296 3080 2500 3152 gratias
2524 3077 2597 3132 illi
2621 3077 2731 3148 agit
2760 3072 3012 3137 Basilius,
3035 3082 3267 3137 eumque
3294 3065 3541 3120 hortatur
3561 3074 3619 3116 ut
3639 3071 3783 3115 stre-

601 3166 737 3224 Tres
768 3168 872 3223 illae
920 3166 1161 3237 epistola:
1201 3167 1273 3220 ita
1302 3176 1355 3222 et
1403 3175 1644 3237 tempore
1670 3175 1724 3222 et
1752 3167 1911 3222 rebus
1957 3166 2099 3221 inter
2126 3210 2170 3267 ϐ
2205 3151 2310 3230 mm
2360 3170 2636 3229 incumbat
2691 3167 2758 3221 ad
2818 3163 3009 3219 anima:
3061 3160 3327 3222 salutem.
3375 3164 3431 3210 et
3486 3151 3781 3208 Eusebium

529 3275 590 3317 se
617 3270 942 3332 congruunt,
972 3271 1031 3313 ut
1068 3275 1286 3328 prorsus
1331 3260 1503 3313 divelli
1538 3275 1640 3313 non
1674 3262 1899 3329 possint.
1930 3259 2101 3330 Hujus

529 3360 710 3407 autem
760 3351 886 3404 anni
923 3349 1026 3405 375
1070 3364 1174 3403 non
1222 3350 1323 3403 hoc
1360 3351 1530 3403 solum
1578 3348 1819 3403 referunt
1856 3349 2100 3419 signum,

529 3444 801 3501 residuam
836 3442 1017 3497 Basilii
1039 3457 1101 3495 ex
1126 3441 1277 3514 gravi
1318 3443 1502 3496 morbo
1523 3441 1890 3507 debilitatem;
1922 3443 2013 3497 sed
2041 3443 2104 3498 il-

532 3535 623 3592 lud
671 3535 835 3592 etiam
876 3534 1119 3599 accedit,
1158 3533 1301 3603 quod
1361 3542 1471 3587 tres
1524 3530 1796 3598 ofﬁciales,
1851 3536 1917 3588 ad
1969 3549 2105 3603 quos

531 3628 750 3697 scriptae
776 3634 923 3690 sunt,
949 3624 1067 3676 novi
1093 3624 1146 3675 in
1170 3621 1444 3690 provincia
1477 3620 1723 3673 videntur
1750 3619 1935 3675 fuisse.
1962 3618 2106 3672 Non-

535 3718 664 3771 dum
697 3716 841 3770 enim
877 3712 1042 3767 ullum
1068 3726 1133 3766 ex
1169 3711 1574 3781 chorepiscOpis
1604 3722 1886 3776 noverant,
1921 3722 2103 3782 atque,

532 3814 597 3861 ut
626 3806 743 3861 fieri
772 3804 912 3860 solet
943 3804 998 3859 in
1028 3802 1268 3857 exordiis
1296 3802 1817 3868 administrationis,
1856 3803 2109 3875 cborepi-

532 3902 704 3972 scopi,
736 3915 898 3971 quem
930 3901 996 3954 ad
1023 3913 1118 3953 eos
1165 3898 1331 3954 mittit
1386 3898 1615 3956 Basilius
1635 3941 1652 3969 ,
1681 3900 1908 3956 consilio
1937 3902 2105 3971 pluri-

534 4008 681 4049 mum
724 3995 900 4065 juvari
942 4004 1213 4065 poterant.
1258 3993 1413 4051 Unde
1437 3994 1632 4064 colligo
1670 4008 1764 4050 eos
1802 3996 1961 4051 simul
1986 4012 2106 4050 cum

534 4086 819 4157 Antipatro
850 4087 1101 4157 praeside,
1135 4102 1293 4154 quem
1331 4087 1491 4141 modo
1520 4087 1878 4155 gubernacula
1917 4102 2107 4157 capes-

536 4189 747 4232 sentem
776 4178 1028 4239 vidimus,
1065 4178 1116 4230 in
1155 4175 1551 4245 Cappadociam
1594 4177 1826 4231 venisse.

609 4267 692 4323 Ill.
724 4269 799 4340 (α)
843 4269 1073 4323 Rediens
1099 4282 1130 4322 e
1169 4268 1327 4340 Syria
1373 4266 1606 4321 Basilius
1655 4281 1797 4319 anno
1835 4265 2107 4336 praeterito

538 4358 869 4414 latissimam
899 4357 1156 4412 Ecclesia:
1200 4372 1312 4411 sua:
1359 4370 1510 4426 spem
1546 4355 1756 4409 videndi
1791 4354 1848 4409 S.
1891 4355 2107 4408 Eusebii

538 4449 937 4507 Samosatensis
986 4447 1263 4503 retulerat.
1302 4448 1351 4503 Is
1382 4448 1525 4503 enim
1576 4456 1862 4502 venturum
1902 4462 1959 4501 se
1985 4461 2108 4517 pro-

540 4542 762 4598 miserat
786 4541 1115 4597 Czesareatn.
1152 4539 1266 4593 Non
1300 4549 1477 4593 tamen
1507 4538 1715 4592 videtur
1744 4552 1803 4592 se
1836 4538 1939 4593 hoc
1967 4551 2109 4592 anno
2139 4546 2183 4602 ι)

539 4646 825 4692 venturum
850 4635 1182 4704 promisisse.
1205 4630 1339 4686 Nam
1374 4634 1636 4686 hactenus
1665 4630 1891 4692 Basilius
1922 4630 2111 4685 Samoo

539 4729 677 4784 satis
722 4736 1069 4795 exspectatus
1112 4725 1307 4792 fuerat,
1361 4739 1467 4779 non
1517 4722 1787 4779 Eusebius
1826 4723 2109 4779 Caesarem.

541 4819 707 4874 Multa
746 4820 1039 4874 obstabant
1075 4819 1361 4888 quominus
1389 4829 1520 4871 tunc
1561 4817 1826 4872 Eusebius
1850 4818 2111 4886 promissa

541 4914 844 4995 perliceret,
874 4912 1143 4967 defessum
1186 4924 1385 4979 corpus
1416 4918 1493 4963 tot
1539 4908 1832 4963 exautlatis
1878 4922 1976 4976 pro
2014 4906 2114 4960 Ec-

541 5008 702 5063 clesia
726 5005 1019 5069 laboribus,
1056 5005 1393 5073 negotiorum
1426 5002 1594 5057 moles
1625 5003 1677 5055 in
1716 5011 1818 5055 tam
1860 5008 2111 5054 accurata

541 5097 793 5154 Ecclesia!
831 5097 1192 5167 gubernanda:
1233 5096 1463 5159 ratione,
1505 5092 1791 5147 imminens
1822 5103 1855 5142 e
1897 5088 2117 5158 propin-

547 5204 650 5261 quo
688 5189 903 5252 Valens,
938 5188 1038 5241 sub
1066 5201 1173 5256 quo
1224 5200 1444 5239 necesse
1495 5186 1635 5248 erat,
1665 5182 1809 5235 velut
1840 5196 1967 5236 aves
2018 5180 2118 5235 sub

548 5280 721 5351 aquila
760 5279 1145 5342 formidantes,
1181 5290 1285 5330 non
1319 5275 1474 5344 longe
1501 5290 1532 5329 e
1556 5290 1655 5329 suo
1678 5286 1948 5343 quemque
1980 5279 2121 5325 tecto

546 5371 838 5426 discedere.
872 5370 977 5426 Sed
1027 5382 1201 5425 tamen
1248 5369 1481 5424 Basilius
1523 5380 1648 5422 cum
1695 5364 1969 5419 desiderio
2019 5376 2121 5416 suo

548 5466 802 5532 majorem
833 5463 885 5515 itt
940 5464 1150 5518 modum
1194 5461 1389 5526 elatus,
1421 5470 1532 5513 tum
1583 5458 1745 5513 etiam
1796 5454 1907 5509 Deo
1950 5454 2120 5508 conii~

547 5556 700 5621 deus,
726 5552 1017 5608 Eusebium
1072 5567 1261 5618 rogare
1313 5566 1420 5606 non
1474 5549 1701 5613 dubitat,
1732 5558 1792 5600 ut
1816 5546 1961 5616 pium
1986 5547 2117 5601 visi-

544 5647 720 5702 tande
746 5644 1095 5701 Ctesariensls
1127 5644 1382 5700 Ecclesia:
1421 5640 1653 5698 olﬁcium
1694 5641 1748 5696 in
1788 5641 1933 5696 aliud
1974 5649 2113 5695 tem-

615 5756 690 5826 (η)
732 5755 831 5826 ξι».
859 5754 982 5826 us.

616 5820 690 5899 (tt)
739 5820 842 5880 Vit.
871 5823 930 5882 S.
964 5825 1225 5893 Ephrem,
1250 5835 1377 5880 tom.
1404 5823 1491 5893 111,
1523 5838 1645 5894 pag.
1674 5820 1799 5878 605.

2204 3271 2509 3327 comitetur,
2534 3263 2575 3316 si
2601 3263 2645 3315 is
2675 3274 2778 3313 non
2809 3263 3059 3327 gravetur
3096 3251 3396 3306 Caesaream
3427 3247 3632 3301 venire.

2276 3357 2365 3411 iV.
2391 3354 2645 3408 Sanctum
2668 3349 2913 3419 Ephraun
2945 3342 3222 3399 existimat
3257 3338 3631 3394 Tillemontius
3667 3334 3783 3392 cir-

2203 3465 2265 3506 ca
2299 3450 2401 3503 hoc
2440 3455 2649 3513 tempus
2687 3440 2901 3495 venisse
2942 3436 3244 3492 Czesaream
3283 3432 3468 3488 Basilii
3508 3426 3783 3486 invisendi

2203 3554 2385 3597 causa.
2434 3535 2647 3590 lndusit
2680 3546 2802 3587 eum
2859 3529 2913 3582 in
2959 3529 3099 3583 hanc
3140 3525 3445 3596 opinionem
3476 3536 3580 3575 non
3631 3523 3783 3573 recta

2205 3631 2361 3697 liuius
2391 3627 2491 3683 loci
2549 3620 2922 3693 interpretatio
2952 3635 3017 3675 ex
3060 3620 3216 3686 epist.
3278 3613 3402 3676 157,
3430 3610 3555 3664 οὐδὲ
3600 3608 3633 3679 ἠ
3670 3606 3786 3661 τῶν

2205 3722 2380 3779 ἄλλων
2406 3717 2654 3788 τοιαύτη,
2687 3715 2826 3770 unde
2849 3711 3117 3769 concludit
3144 3704 3429 3761 nonnullos
3449 3703 3524 3757 'S.
3560 3700 3783 3756 Eusebii

2207 3815 2519 3883 discipulos,
2560 3813 2611 3866 in
2652 3810 2736 3863 his
2780 3807 2839 3860 S.
2893 3804 3163 3872 Ephrazm,
3199 3797 3501 3852 Cmsaream
3544 3792 3781 3848 venisse.

2209 3902 2547 3968 Verum,etsi
2578 3899 2735 3951 aliam
2768 3896 2819 3948 in
2847 3892 3170 3947 sententiam
3196 3888 3311 3943 haec
3332 3887 3491 3940 verba
3514 3883 3785 3952 accipien-

2208 4000 2274 4054 da
2306 4036 2321 4061 ,
2359 4009 2464 4048 non
2498 4001 2676 4044 tamen
2724 3984 3062 4040 discedemus
3090 3980 3157 4035 ab
3204 3980 3394 4035 ordine
3433 3972 3811 4037 'l‘illemontii,_

2207 4086 2331 4155 quia
2362 4081 2488 4137 illud
2527 4077 2718 4134 saltent
2748 4073 3041 4129 verisimile
3077 4082 3183 4138 est,
3222 4070 3279 4125 S.
3315 4069 3563 4139 Ephrzetn
3605 4064 3788 4120 Caesa-

2208 4154 2355 4233 rem:
2406 4173 2619 4229 venisse
2658 4177 2943 4239 postquam
2984 4162 3179 4216 Valens
3207 4162 3309 4215 hac
3340 4160 3473 4213 urbe
3504 4154 3782 4211 discessit.

2206 4272 2285 4327 Ita
2312 4268 2455 4323 enim
2489 4270 2740 4319 accurate
2778 4259 2844 4312 de
2894 4255 3079 4311 Basilii
3112 4254 3272 4309 rebus
3314 4251 3367 4305 in
3409 4246 3788 4319 persecutione

2207 4361 2377 4433 gestis
2428 4356 2683 4426 loquitur,
2721 4360 2780 4405 ut
2823 4363 2917 4404 cas
2963 4360 3059 4419 per
3099 4357 3158 4400 se
3195 4342 3311 4413 ipse
3356 4338 3603 4393 videatur
3637 4334 3785 4391 didi-

2208 4469 2370 4615 mils).
2386 4542 2584 4597 Narrat
2617 4533 2910 4608 Gregorius
2944 4529 3217 4602 Nyssenus
3250 4523 3310 4579 S.
3350 4521 3685 4615 Ephreema
3706 4518 3792 4615 di-

2215 4609 2350 4693 vitio
2367 4634 2572 4705 Spiritu
2602 4631 2823 4686 ductum
2856 4639 2976 4679 esse
2996 4622 3323 4680 Caesaream,
3347 4626 3581 4683 cumque
3614 4610 3686 4666 ibi
3710 4609 3791 4661 vi-

2216 4733 2385 4787 disset
2417 4725 2695 4789 Basilium,
2727 4717 2909 4774 multis
2938 4715 3183 4768 laudibus
3208 4707 3607 4764 venerationem
3634 4715 3789 4759 suam

2219 4821 2447 4889 crepisse
2476 4816 2687 4871 testari.
2722 4808 2947 4867 Videbat
2983 4803 3125 4860 enim
3159 4802 3349 4857 dextro
3381 4796 3561 4852 Basilii
3599 4793 3792 4847 hume-

2218 4930 2281 4969 ro
2308 4882 2643 4966 insidentem
2691 4899 3017 4959 columbam,
3046 4907 3167 4963 qua:
3220 4888 3384 4946 verba
3415 4882 3793 4941 illisubmini-

2217 5003 2446 5060 strabat.
2498 4998 2697 5053 Eadem
2744 4989 2993 5048 columba
3053 4982 3310 5038 Basiliutn
3368 4976 3547 5032 docuit
3601 4974 3793 5027 adesse

2215 5094 2465 5166 Ephrazm
2507 5088 2723 5159 Syrum.
2768 5083 2903 5137 Cum
2952 5080 3056 5133 hac
3106 5074 3413 5129 narratione
3444 5069 3620 5122 minus
3660 5079 3792 5150 con-

2217 5152 2361 5255 gruit
2391 5181 2531 5250 quod
2551 5152 2698 5246 apud
2742 5169 3057 5225 Bollandum
3086 5165 3153 5236 (c)
3184 5165 3399 5231 legitur,
3429 5162 3675 5255 sanctum
3727 5152 3795 5205 il-

2218 5245 2326 5327 lum
2350 5245 2632 5324 diaconum
2651 5262 2846 5318 Basilio
2869 5257 3146 5329 cognitum
3173 5263 3329 5307 antea
3348 5250 3535 5303 fuisse.
3555 5245 3687 5299 Tota
3706 5258 3795 5296 res

2218 5381 2247 5418 a
2280 5363 2337 5419 S.
2368 5361 2616 5430 prraam
2662 5354 2743 5427 (ά)
2774 5354 2855 5409 sic
2894 5358 3211 5411 enarratur,
3246 5343 3389 5399 nulla
3445 5354 3669 5410 prorsus
3701 5352 3796 5430 co-

2216 5429 2427 5512 lumbmrr
2460 5451 2599 5506 facta
2644 5449 2939 5503 mentione.
2990 5441 3089 5496 Ubi
3130 5455 3252 5509 ergo
3287 5437 3565 5495 Dominus,
3594 5429 3793 5501 inquit,

2213 5566 2336 5621 erga
2369 5563 2451 5600 me
2479 5540 2840 5598 misericordia
2872 5545 3158 5591 commotus
3198 5531 3324 5600 fuit,
3362 5527 3633 5581 occasione
3676 5532 3794 5575 orta

2213 5608 2464 5690 miserans
2506 5631 2560 5683 in
2590 5628 2817 5697 quadam
2861 5624 3085 5686 civitate,
3129 5620 3240 5674 illic
3293 5616 3473 5672 audivi
3509 5625 3682 5667 uocent
3710 5608 3794 5663 div

2296 5744 2370 5811 (ε)
2411 5739 2646 5803 lFebr.,
2674 5754 2742 5811 n_._
2768 5735 2818 5811 6.
2957 5801 2991 5811 Π
3184 5810 3187 5811 ν
3350 5794 3407 5811 m
3469 5810 3489 5811 η
3544 5792 3571 5811 ³,

2676 5789 2898 5861 Ἑστία.
2950 5801 3145 5866 (ἐνίει,
3180 5810 3307 5854 tom.
3350 5794 3430 5863 III,
3468 5810 3519 5856 ι).
3542 5789 3631 5847 $8.
