4038 6446
1612 380 1771 435 νιτΑ
1814 380 1869 437 S.
1910 379 1994 437 BA
2004 378 2178 437 SILII.

3396 389 3506 442 CXV

229 514 423 560 eentem
465 503 627 565 milii,
658 499 847 570 Surge,
874 498 1140 569 Ephrtem,
1184 507 1231 552 et
1265 498 1475 552 comede
1521 514 1696 553 sensa.
1739 496 1810 551 Et
1838 501 1886 559 Α
1914 507 1991 550 cet
2044 496 2288 567 elegerint
2342 498 2476 551 mori
2513 513 2608 566 pro
2649 495 2884 563 Christo,
2918 508 3219 569 quantaque
3261 502 3488 571 pericule

229 596 547 665 respondens
569 595 680 647 dixi
709 593 764 645 in
802 590 970 644 multa
1019 590 1282 643 anxietate
1315 605 1333 642 :
1360 588 1511 643 Unde
1547 605 1661 661 ego,
1700 590 1812 643 Do-

228 688 383 748 mine,
409 686 680 738 comedam
704 683 729 735 .’
750 682 995 750 Dixitque
1024 682 1093 734 ad
1117 697 1197 734 me
1223 695 1241 732 :
1266 678 1399 734 Ecce
1426 682 1478 732 in
1511 680 1665 733 domo
1697 698 1810 735 mea

232 777 429 844 regium
471 791 567 828 vas
594 773 947 842 suppeditabit
990 773 1085 824 tibi
1127 772 1322 825 cibum.
1358 769 1696 824 Vehementer
1715 788 1812 823 an-

224 876 320 919 tem
352 868 651 920 admiratus
690 880 845 930 super
888 864 1066 926 dictis,
1103 878 1323 931 surgens
1358 862 1568 926 perveni
1594 863 1663 914 ad
1690 872 1811 915 tem-

221 958 364 1026 plum
390 957 670 1018 Altissimi,
696 966 745 1009 et
798 970 917 1008 cum
970 955 1162 1007 sensim
1204 959 1273 1007 ad
1317 952 1458 1006 aulte
1500 952 1808 1007 vestibulum

221 1050 596 1114 ascendissent,
625 1066 687 1103 ac
720 1065 830 1118 prie
873 1048 1134 1101 desiderio
1167 1065 1260 1115 per
1293 1048 1464 1101 locum
1501 1058 1670 1116 parte
1714 1048 1811 1100 ad-

225 1142 508 1195 luerentem
531 1143 933 1210 prospexissent,
962 1139 1064 1192 vidi
1090 1142 1143 1192 in
1172 1141 1366 1193 sanctis
1387 1148 1687 1192 sanctorum
1717 1154 1808 1193 vas

226 1234 497 1287 electionis
517 1250 695 1286 coram
716 1232 835 1286 ovili
864 1231 1116 1300 prteclare
1142 1244 1432 1295 extensum,
1450 1233 1616 1285 verbis
1643 1230 1806 1283 Deum

221 1324 526 1379 decentibus
556 1326 695 1378 varie
718 1333 988 1385 ornatum,
1018 1325 1351 1393 omniumque
1375 1321 1552 1376 oculos
1576 1323 1629 1375 in
1656 1322 1805 1375 illum

218 1414 440 1483 deﬁxos.
480 1414 602 1468 Vidi
630 1414 877 1483 templum
910 1431 1004 1485 per
1028 1432 1145 1469 eum
1180 1416 1367 1479 spiritu
1410 1414 1690 1479 nutritum,
1716 1427 1808 1467 nec

220 1521 321 1559 non
358 1520 486 1576 erga
525 1504 708 1557 viduas
734 1515 781 1557 et
810 1506 1073 1572 orphanos
1123 1504 1454 1571 potissimum
1502 1503 1806 1557 misericor-

217 1597 595 1664 diam.Aspexi
624 1595 733 1649 illic
756 1599 895 1666 apud
925 1613 1064 1660 eum,
1083 1596 1367 1665 lacrumas,
1390 1595 1589 1663 ﬂuenta
1618 1595 1805 1664 ﬂuvios

216 1691 507 1753 imitantia,
537 1698 585 1743 et
625 1689 787 1743 vellus
812 1689 929 1743 vite
960 1689 1161 1742 cunctis
1196 1690 1366 1741 instar
1391 1688 1512 1741 auri
1547 1691 1806 1755 radians;

216 1782 492 1849 ipsumque
540 1791 801 1849 pastorem
848 1783 1027 1847 pennis
1067 1781 1284 1848 spiritus
1315 1797 1410 1843 pro
1440 1782 1587 1835 nobis
1630 1798 1805 1850 preces

213 1873 531 1937 eveltentem,
567 1890 629 1927 ac
673 1874 1011 1927 deducentem
1061 1874 1234 1928 verba.
1274 1872 1394 1927 Vidi
1441 1875 1506 1926 ab
1542 1876 1654 1943 ipso
1700 1871 1805 1926 Ec-
1833 1852 1875 1908 Β

214 1964 431 2017 clesiant
456 1966 778 2029 decorataut,
801 1974 848 2017 et
875 1979 990 2017 eam
1014 1981 1130 2034 quae
1151 1964 1341 2017 dilecta
1364 1975 1439 2018 est
1471 1974 1800 2019 exornatam.

216 2054 484 2125 Conspexi
524 2073 616 2126 per
649 2074 769 2112 eum
818 2056 979 2110 Pauli
1033 2058 1353 2119 doctrinam,
1401 2053 1805 2126 Evangeliorum

215 2148 402 2219 legens,
436 2151 804 2219 mysteriorum
829 2149 1088 2202 timorem.
1121 2145 1245 2200 Illic
1277 2146 1502 2200 intuitus
1544 2163 1663 2201 sum
1696 2148 1805 2201 uti-

216 2244 319 2295 lem
350 2243 743 2310 satutaremque
790 2253 1098 2301 sermonem,
1133 2238 1202 2290 ad
1232 2238 1404 2306 ipsunt
1442 2254 1600 2307 usque
1618 2238 1803 2293 caelum

214 2334 447 2402 ﬁdeliter
494 2339 874 2399 assurgentem,
901 2346 1006 2383 uno
1042 2330 1221 2385 verbo.
1254 2338 1418 2383 totum
1443 2330 1591 2383 illunt
1613 2338 1803 2384 castum

215 2422 582 2492 splendoribus
611 2421 800 2489 gratia:
850 2421 1239 2476 collustratum.
1273 2418 1373 2474 His
1401 2436 1557 2488 porro
1603 2422 1803 2474 cunctis

214 2516 463 2586 religiose
503 2514 634 2567 adeo
670 2530 764 2582 per
794 2530 881 2568 vus
914 2514 1296 2584 regnielectum
1342 2512 1647 2583 vigentibus,
1686 2511 1805 2563 latt-

213 2608 370 2661 dibus
402 2604 656 2659 relebravi
706 2607 986 2673 sapientem
1028 2608 1322 2674 bonumque
1378 2603 1680 2666 Dominum,
1708 2600 1800 2669 qui

214 2700 292 2753 sic
346 2700 522 2769 ipsum
586 2698 943 2769 gloriﬁcantes
992 2696 1277 2764 glori/ient.
1323 2692 1799 2752 Post.auditorium

215 2806 361 2854 vero,
389 2806 454 2843 ex
492 2788 696 2857 Spiritu
727 2798 909 2840 sancto
959 2787 1145 2838 notitia
1187 2783 1294 2838 viro
1327 2786 1457 2839 data
1484 2791 1558 2836 est
1593 2784 1658 2835 de
1686 2798 1802 2848 me;

212 2892 266 2937 et
302 2896 572 2936 arcessens
603 2879 849 2932 vilitatem
875 2894 1067 2942 meam,
1098 2892 1192 2946 per
1214 2878 1547 2945 interpretem
1574 2876 1802 2931 interro-

214 2974 355 3042 gavit
381 2986 464 3023 me
480 2952 698 3022 dicens:
731 2966 875 3021 Tuue
904 2984 957 3021 es
987 2965 1265 3035 Ephrtem,
1282 2966 1372 3035 qui
1407 2966 1663 3035 prccclare
1689 2980 1802 3019 cer-

213 3064 376 3119 vicem
409 3059 700 3124 inclinasti,
738 3071 784 3113 et
832 3060 1093 3114 sustulisti
1118 3060 1307 3130 jugum
1333 3058 1588 3113 salutaris
1614 3055 1800 3110 verbi?

213 3154 288 3210 Et
324 3153 641 3223 respondens
682 3154 794 3206 dixi
822 3168 841 3205 :
874 3152 986 3222 Ego
1012 3168 1127 3205 sum
1175 3150 1444 3218 Ephrem,
1495 3148 1585 3219 qui
1607 3147 1798 3201 ccclein

212 3264 375 3301 cursu
406 3246 657 3311 meipsum
684 3244 971 3312 frustratus
999 3241 1099 3308 fui.
1131 3239 1367 3308 Cumque
1404 3256 1484 3295 me
1512 3240 1797 3309 apprehen-

213 3340 376 3392 disset
410 3338 618 3390 divinus
655 3334 742 3385 ille
770 3333 865 3399 vir,
895 3343 1135 3385 sanctum
1163 3330 1401 3385 osculum
1441 3347 1598 3385 suunt
1626 3331 1682 3385 in
1719 3346 1799 3385 me

215 3424 571 3494 conﬁrmavit,
617 3437 983 3490 apponensque
1011 3436 1265 3487 mensam,
1303 3436 1368 3475 ex
1409 3421 1686 3476 esculentis
1713 3437 1801 3475 sa-

214 3519 406 3589 pientis
430 3526 724 3585 sauctazque
745 3525 791 3569 et
814 3513 987 3585 ﬁdelis
1018 3515 1208 3570 animte
1233 3515 1420 3585 ipsius,
1456 3531 1558 3570 non
1588 3514 1797 3586 quidem

214 3609 647 3678 corruptibilibus
673 3609 936 3663 conditam
963 3608 1200 3677 ferculis,
1233 3609 1325 3662 sed
1358 3608 1678 3673 incorruptis
1715 3622 1798 3661 re-

220 3700 412 3771 fertam
440 3698 731 3753 sententiis.
763 3696 965 3763 Quibus
1000 3700 1158 3761 enim,
1201 3698 1421 3762 dicebat,
1451 3697 1598 3750 bonis
1620 3697 1794 3767 operi-

216 3797 313 3849 bus
334 3808 612 3861 possumus
643 3789 919 3843 Dominum
949 3788 1198 3857 praeclare
1223 3789 1371 3842 nobis
1395 3788 1662 3857 placatum
1684 3789 1800 3845 red-

216 3891 361 3953 dere,
384 3902 487 3956 quo
512 3894 666 3953 pacto
710 3866 1041 3962 peccatorum
1087 3898 1417 3938 coerceamus
1461 3882 1711 3947 iusultus,
1750 3893 1797 3937 et

216 3981 482 4052 quomodo
514 3978 799 4048 aﬁ'ectuunt
836 3977 1177 4034 occludamus
1220 3980 1486 4050 ingressus
1510 3979 1536 4033 2
1570 3995 1674 4050 qua
1713 3995 1801 4032 ra-

225 4076 433 4131 rations
455 4070 795 4142 apostolicam
817 4086 1177 4138 comparemus
1204 4071 1467 4133 virtutem,
1493 4079 1541 4125 et
1570 4086 1799 4141 quonam

216 4180 368 4240 pacto
436 4170 799 4237 incorruptum
855 4180 1130 4218 exoremus
1183 4164 1469 4234 judicent?
1532 4163 1665 4219 Tum
1719 4163 1800 4217 la—

219 4272 485 4317 mentatus
513 4262 757 4323 clamavi,
787 4268 835 4313 et
886 4259 1000 4312 dixi
1030 4273 1047 4312 :
1080 4256 1180 4321 Tu,
1225 4267 1398 4325 pater,
1434 4259 1637 4313 custodi
1664 4258 1799 4310 mol-

219 4358 319 4410 lem
356 4371 419 4407 ac
447 4352 724 4413 desidem;
750 4360 806 4404 tu
838 4352 894 4405 in
943 4359 1140 4405 rectam
1188 4350 1425 4404 semitam
1461 4350 1629 4418 dirige
1658 4366 1739 4403 me
1775 4367 1797 4413 ,°

219 4454 278 4497 tu
298 4443 569 4513 lapideum
602 4456 773 4496 meum
802 4459 891 4496 cor
916 4457 1225 4511 compunge.
1251 4442 1329 4495 Ad
1352 4451 1399 4494 te
1412 4446 1550 4493 enim
1577 4440 1795 4509 projecit

1913 589 2333 657 contempserint,
2364 598 2420 641 ut
2454 588 2625 657 ipsum
2667 590 3077 658 lucrifacerent;
3107 605 3218 645 tum
3240 601 3363 661 quot
3399 608 3490 646 ηκ-

1912 697 2055 735 mero
2087 681 2284 749 {uetint
2334 680 2465 750 facti
2500 682 2614 746 illi;
2659 682 2968 753 reliquaque
2998 684 3072 736 ad
3120 684 3367 753 pietatem
3405 700 3491 739 eo-

1912 788 2031 825 rum
2087 774 2403 839 pertinentia
2457 775 2647 829 edixit.
2683 772 2877 843 Tangit
2926 774 3106 828 obiter
3158 776 3493 830 Sozomenus

1911 862 2056 917 hunc
2080 862 2259 917 Basilii
2280 873 2334 918 et
2351 863 2409 917 S.
2425 864 2638 919 diaconi
2666 879 3037 935 congressum,
3058 867 3216 936 idque
3241 876 3365 921 ante
3382 868 3492 935 epi-

1912 964 2191 1021 scopulum
2232 954 2414 1009 Basilii
2469 956 2765 1025 contigisse
2794 956 3005 1010 videtur
3032 958 3377 1010 existimasse
3392 959 3493 1028 (a).

1910 1046 1999 1099 Ait
2022 1047 2179 1111 enim
2216 1044 2439 1111 Basilio,
2467 1047 2560 1116 qui
2609 1056 2797 1116 postea
2834 1045 3097 1101 Caesarea:
3120 1044 3495 1116 Cappadocum

1911 1136 2221 1205 metropolis
2237 1137 2519 1207 episc0pus
2549 1135 2669 1201 fuit,
2683 1137 3022 1191 admirationi
3045 1135 3210 1191 fuisse
3230 1137 3497 1191 eruditio-

1911 1242 2033 1281 nem
2068 1226 2125 1281 S.
2160 1227 2429 1297 Ephra‘m.
2454 1230 2674 1284 Videtur
2694 1229 2759 1282 ad
2789 1228 2844 1283 S.
2868 1228 3115 1295 Eplirtem
3141 1228 3329 1283 referri
3353 1228 3496 1297 quod

1910 1318 2140 1375 Basilius
2168 1322 2220 1374 in
2259 1321 2395 1374 libro
2423 1320 2498 1376 De
2535 1320 2744 1391 Spiritu
2792 1332 2975 1375 sancto
3012 1320 3090 1391 (b)
3127 1323 3407 1391 accepisse
3436 1335 3497 1377 se

1910 1420 2138 1467 testatur
2163 1428 2193 1465 a
2228 1414 2462 1483 quodam
2492 1413 2903 1483 Mesopotamia,
2928 1416 3046 1469 viro
3090 1423 3146 1468 et
3184 1414 3380 1484 lingula
3406 1426 3498 1483 pe-

1910 1504 2014 1559 rito
2042 1514 2097 1559 et
2129 1505 2395 1559 sententia
2434 1506 2769 1574 incorrupto.

1982 1593 2045 1652 Υ.
2070 1594 2310 1650 Maximo
2335 1594 2686 1665 Cappadocia:
2724 1594 2963 1665 prmsidi,
2993 1594 3079 1648 cui
3109 1594 3373 1649 successit
3394 1595 3495 1649 hoc

1910 1704 2056 1743 anno
2087 1677 2397 1759 Antipater,
2448 1703 2557 1742 non
2593 1688 2767 1743 solum
2816 1686 3073 1758 abrogata
3108 1688 3369 1757 dignitas,
3398 1688 3494 1742 sed

1907 1780 2071 1834 etiam
2100 1780 2435 1849 gravissimae
2468 1777 2809 1833 calamitates
2836 1788 3288 1847 supervenerunt.
3316 1780 3494 1831 Accu-

1905 1881 2054 1927 satus
2088 1872 2229 1925 enim
2273 1868 2370 1942 (c),
2419 1878 2479 1923 ut
2527 1870 2824 1924 verisimile
2873 1881 2993 1932 est,
3046 1868 3500 1937 repetundarum,

1904 1962 2156 2017 oninibus
2177 1945 2341 2016 bonis
2375 1971 2485 2013 tum
2533 1960 2793 2030 paternis,
2840 1968 2952 2012 tum
2981 1959 3165 2013 labore
3198 1973 3298 2013 suo
3325 1958 3497 2027 partis

1906 2055 2138 2109 nudatus
2171 2062 2276 2121 est,
2311 2066 2376 2108 ac
2417 2051 2719 2108 innumeris
2746 2049 2978 2105 afflictus
3006 2051 3251 2119 corporis
3285 2051 3495 2103 incom-

1908 2148 2099 2211 modis,
2124 2148 2250 2200 dum
2285 2146 2553 2215 susdeque
2585 2155 2732 2199 errat
2763 2161 2777 2211 ;
2830 2145 2938 2197 imo
2964 2158 3030 2197 ne
3068 2144 3241 2211 ipsum
3276 2142 3493 2212 quidem

1905 2238 2039 2294 civis
2064 2246 2260 2293 statum
2301 2238 2370 2292 ab
2405 2236 2622 2306 injuriis
2653 2237 2921 2304 integrum
2964 2234 3207 2289 retinuit.
3245 2232 3348 2289 Tot
3380 2248 3497 2288 ma-

1905 2330 2079 2385 lorum
2119 2330 2273 2400 origo
2326 2329 2519 2384 Vicarii
2564 2328 2877 2393 iracundia,
2916 2326 3150 2380 hominis
3181 2338 3409 2395 nequam
3439 2335 3495 2380 et

1903 2422 2161 2486 crudelis,
2191 2423 2274 2476 cui
2303 2421 2573 2475 Maximus
2606 2421 2660 2473 in
2693 2418 2954 2473 offensam
3003 2428 3248 2472 venerat.
3275 2416 3409 2471 Cum
3440 2419 3493 2470 in

1903 2515 1988 2569 bis
2017 2529 2191 2567 rerum
2225 2514 2491 2584 angustiis
2528 2512 2792 2583 judicium
2843 2511 3178 2580 poposcisset
3211 2509 3280 2565 ab
3317 2511 3491 2579 impe.

1903 2619 2105 2673 ratore,
2134 2609 2481 2663 commendat
2506 2621 2631 2661 eum
2673 2604 2906 2660 Basilius
2935 2604 3179 2673 Aburgio
3211 2613 3267 2657 et
3298 2602 3491 2673 Traja-

1902 2716 1993 2765 no,
2027 2710 2084 2755 ut
2119 2715 2276 2755 suum
2309 2700 2359 2754 ei
2387 2709 2582 2753 contra
2628 2707 2865 2751 structas
2909 2695 3213 2751 calumnias
3256 2695 3495 2765 patroci-

1901 2794 2049 2850 nium
2094 2792 2426 2862 impendant.
2472 2790 2567 2845 Est
2610 2789 2773 2844 etiam
2817 2789 2920 2849 alia
2974 2787 3201 2857 epistola
3244 2778 3365 2857 quin
3413 2790 3465 2841 in

1900 2888 2156 2944 scribitur
2220 2884 2395 2939 eidem
2470 2881 2727 2953 Trojano,
2784 2882 2878 2935 sed
2915 2894 3221 2951 perperam.
3251 2878 3303 2935 Is
3345 2878 3491 2934 enim

1899 2978 1966 3029 ad
1998 2991 2159 3045 quem
2196 2973 2397 3044 scripta
2424 2980 2530 3033 est,
2568 2953 2781 3025 viderat
2803 2968 2975 3025 oculis
3015 2968 3130 3025 suis
3155 2967 3495 3023 calamitates

1899 3064 2115 3118 Maximi
2142 3082 2158 3130 ;
2191 3067 2309 3130 sed,
2337 3078 2462 3119 cum
2485 3073 2671 3133 postea
2709 3057 2968 3129 majorem
2993 3060 3047 3114 in
3070 3062 3286 3114 modum
3319 3068 3494 3113 aucta

1900 3166 2116 3219 essent.
2146 3168 2379 3224 cumque
2426 3154 2675 3210 Vicarius
2720 3168 2843 3208 cum
2891 3152 3116 3207 cohorte
3164 3152 3492 3217 advenisset,

1901 3258 1961 3301 ιιι
2012 3245 2151 3301 mala
2191 3245 2457 3316 expleret,
2492 3253 2648 3314 rogat
2700 3245 2845 3299 hunc
2897 3243 3074 3297 virum
3130 3241 3387 3304 Basilius,
3433 3251 3494 3295 ut

1901 3356 2094 3411 magna
2127 3355 2225 3394 sua
2258 3355 2418 3393 manu
2447 3339 2700 3393 miserum
2747 3334 3024 3389 hominem
3065 3333 3343 3389 defendat.
3368 3332 3492 3387 Haec

1901 3442 2081 3487 autem
2110 3430 2346 3499 Traiano
2374 3445 2481 3484 non
2511 3428 2867 3493 conveniunt,
2890 3429 2976 3482 cui
3014 3424 3249 3481 Basilius
3269 3424 3491 3482 Maximi

1898 3538 2168 3593 aerumnas
2194 3524 2450 3593 exposuit
2477 3522 2529 3577 in
2561 3521 2842 3591 superiore
2880 3519 3131 3592 epistola,
3160 3535 3282 3576 cum
3313 3519 3490 3591 ipsum

1898 3615 2193 3685 Maximum
2224 3616 2276 3671 id
2308 3614 2487 3671 facere
2520 3615 2765 3683 puderet.

1971 3701 2157 3765 T'rium
2208 3708 2421 3761 illarum
2476 3706 2830 3777 epistularum
2864 3712 3080 3772 tempus
3128 3702 3183 3757 in
3237 3710 3488 3773 promptu

1898 3811 2002 3865 est.
2022 3816 2144 3856 cum
2181 3814 2353 3854 novus
2381 3813 2583 3867 prteses
2615 3797 2718 3852 ltoc
2755 3811 2899 3852 anno
2925 3796 3488 3859 Cmsaream,absente

1899 3890 2118 3957 Basilio,
2150 3889 2374 3948 venerit.
2395 3889 2661 3945 Prazterea
2690 3887 2868 3943 Basilii
2889 3898 3078 3958 stupor
3103 3887 3156 3941 in
3189 3887 3289 3941 bac
3310 3883 3486 3941 Maxi-

1902 3986 1974 4041 mi
2011 3986 2341 4050 calamitate,
2380 3998 2540 4054 quem
2584 3982 2709 4037 talia
2744 3995 2959 4053 passum
2994 3994 3116 4036 esse
3154 3980 3320 4043 dicit,
3345 3993 3485 4047 qua-

1902 4078 1972 4134 lia
2025 4079 2259 4132 nondutn
2312 4076 2481 4131 ullum
2535 4075 2831 4137 hominem,
2875 4080 3198 4142 argumento
3245 4081 3330 4126 est
3365 4073 3483 4127 bace

1900 4170 2192 4240 contigisse
2244 4178 2373 4223 ante
2418 4167 2733 4223 horribilem
2781 4166 2923 4220 illam
2974 4162 3296 4233 tragmdiam
3350 4163 3481 4219 anni

1899 4264 2024 4331 57s,
2047 4264 2099 4317 in
2123 4275 2229 4331 qua
2250 4260 2468 4331 plurimi
2494 4259 2700 4315 nobiles
2727 4257 2826 4311 viri
2862 4256 3020 4329 longe
3044 4256 3295 4329 graviora
3316 4271 3483 4327 quam

1900 4353 2165 4408 Maximus
2207 4356 2349 4423 passi
2387 4359 2535 4406 sunt.

1972 4443 2058 4500 Vl.
2100 4444 2285 4499 Serius
2317 4443 2581 4498 collocare
2604 4454 2713 4494 non
2735 4454 3023 4510 possumus
3042 4437 3327 4508 epistolam
3355 4438 3481 4494 150.

219 4552 300 4590 me
348 4538 631 4601 spirituum
680 4531 840 4598 Deus,
875 4543 933 4587 ut
986 4536 1218 4587 animum
1274 4549 1443 4587 meam
1497 4548 1667 4587 cures.
1716 4532 1794 4588 Tu
1826 4536 2306 4617 DAmpbilocbius
2356 4535 2408 4587 in
2468 4532 2586 4588 loco
2637 4531 2997 4603 Cappadocia
3045 4531 3283 4588 Ozizalis
3336 4530 3488 4588 dicto

220 4628 413 4682 animi:
445 4644 573 4683 mea:
596 4641 772 4681 navem
803 4626 951 4693 seda,
977 4626 1044 4679 ad
1079 4642 1275 4693 aquam
1313 4624 1577 4695 requietis.
1623 4626 1792 4695 Atque

220 4722 304 4776 hic
328 4722 455 4774 milii
481 4721 724 4788 prwclari
754 4721 992 4787 magistri
1014 4720 1248 4773 studium
1288 4719 1667 4787 contemplare,
1693 4736 1791 4775 un-

220 4817 285 4870 de
322 4815 563 4868 virtutem
598 4830 763 4867 meum
794 4812 1204 4879 comprehendit,
1241 4810 1467 4879 formum
1507 4812 1793 4878 continuit,

222 4915 279 4959 ut
305 4905 376 4958 ita
413 4903 608 4965 dicam,
644 4903 840 4971 virgam
871 4902 1124 4969 corporis,
1153 4902 1471 4971 evellensque
1503 4902 1794 4955 irrationa-

220 4995 405 5049 bilium
458 4993 741 5063 aﬁ'ectuum
800 5009 998 5058 mores,
1032 4993 1260 5046 detraxit
1312 5007 1579 5061 squamas,
1624 4993 1795 5046 tabent

220 5089 515 5151 oculorum,
545 5096 606 5139 etc
634 5083 941 5139 subtrahens
974 5084 1293 5138 viriditatem
1335 5082 1797 5136 immaturitatem-

217 5193 316 5250 que
337 5179 614 5241 sermonis,
646 5192 726 5229 me
746 5176 856 5228 zelo
887 5178 1040 5245 cepit,
1069 5194 1129 5230 ac
1151 5179 1391 5232 demersit
1423 5179 1477 5231 in
1510 5178 1795 5231 documen-

219 5281 395 5327 torum
460 5286 674 5325 suoruns
729 5268 1082 5325 intmersoria.
1131 5267 1276 5323 Tunc
1329 5271 1563 5337 concepit
1618 5278 1796 5324 venter

220 5381 363 5417 meus
400 5364 755 5432 prudentiam,
779 5372 832 5414 ut
867 5371 1069 5429 pareret
1108 5362 1463 5433 quadraginta
1507 5370 1793 5429 martyrum

218 5456 419 5509 laudes.
437 5452 657 5509 Omnem
677 5456 814 5507 enim
840 5453 1134 5508 tolerantia:
1165 5454 1398 5521 ipsorum
1427 5452 1639 5505 modum
1667 5452 1794 5505 meis

216 5547 463 5615 adjunxs’t
498 5546 714 5600 auribus
756 5545 989 5617 egregius
1023 5546 1141 5611 vir;
1179 5544 1615 5618 quemadmodum
1642 5540 1792 5598 scili-

291 5754 366 5817 (αὶ
408 5754 521 5807 Lib.
550 5770 694 5818 m,c.
730 5752 810 5809 16.

289 5821 363 5892 (b)
396 5822 529 5893 Cap.
564 5824 656 5888 29,
687 5839 806 5895 pag.
842 5822 923 5877 65.

1896 4632 2069 4702 patris
2092 4635 2420 4685 senectutem
2448 4625 2684 4690 fovebat,
2701 4635 2756 4683 et
2776 4627 3028 4697 quamvis
3051 4624 3255 4680 Basilio
3278 4626 3482 4681 cbarus

1898 4723 1952 4777 in
1983 4720 2170 4790 primis
2201 4728 2343 4773 esset
2364 4719 2479 4789 ‘(d),
2507 4734 2629 4774 eum
2670 4726 2848 4771 tamen
2896 4713 3158 4785 fugiebat,
3183 4715 3265 4769 vel
3296 4717 3485 4785 potius

1898 4813 2311 4869 ordinationem.
2335 4810 2469 4867 Cum
2494 4820 2672 4864 autem
2703 4807 2995 4879 pepigisset
3019 4822 3140 4862 cum
3172 4806 3481 4869 Heraclida.

1897 4904 1989 4975 qui
2030 4904 2232 4974 pariter
2262 4904 2313 4957 in
2346 4901 2467 4956 foro
2499 4908 2747 4954 versatus
2789 4896 2985 4963 fuerat,
3020 4908 3077 4951 ut
3110 4898 3271 4951 ambo
3304 4897 3356 4950 in
3388 4898 3511 4951 de-‘

1896 5006 2100 5051 sertum
2129 4995 2359 5064 aliquem
2378 4993 2557 5047 locum
2586 4994 2899 5046 secederent
2925 5006 2941 5055 ;
2975 4989 3120 5043 misit
3142 4987 3479 5044 Heraclidam

1897 5090 2221 5152 Cmsaream,
2256 5098 2314 5142 ut
2340 5087 2406 5143 de
2433 5087 2537 5141 hoc
2568 5083 2797 5139 consilio
2839 5083 2904 5137 ad
2936 5080 3193 5135 Basiliam
3225 5080 3475 5136 referret.

1900 5181 2234 5254 Heraclidas,
2267 5180 2355 5235 ubi
2400 5192 2567 5250 prope
2595 5176 2897 5232 Caesaream
2924 5172 3091 5237 venit,
3120 5172 3172 5227 in
3202 5173 3312 5241 ipsa
3345 5172 3480 5227 urbe

1896 5272 2067 5329 noluit
2088 5270 2436 5335 caminorari,
2476 5268 2569 5323 sed
2609 5267 2675 5321 ad
2703 5265 3005 5336 proximum
3054 5276 3347 5334 pauperum
3382 5262 3499 5315 ho-r

1897 5364 2116 5434 spitum.
2165 5361 2407 5431 confugit
2445 5376 2455 5407 :
2488 5367 2543 5413 et
2567 5371 2690 5414 cum
2725 5371 2793 5411 eo
2829 5356 3152 5410 venissetex
3178 5367 3328 5408 more
3370 5351 3474 5407 Ba-

1897 5456 2071 5518 silius.
2108 5454 2291 5509 retulit
2320 5455 2388 5508 ad
2432 5465 2557 5508 eum
2592 5450 2659 5507 de
2702 5448 2771 5504 iis
2802 5463 2920 5519 quas
2963 5444 3316 5504 inundaverat
3345 5445 3478 5500 Am-

1897 5541 2222 5611 pltilocbius.

1969 5746 2043 5887 εἰ)
2084 5746 2179 5815 Ερ.
2204 5743 2329 5799 148.

2026 5821 2047 5887 )
2082 5815 2182 5887 Ep.
2212 5814 2329 5881 l6],

2026 5813 2047 5887 )
2082 5813 2182 5887 Ep.
2212 5814 2336 5881 l6|,
2364 5828 2419 5869 n.
2450 5813 2504 5870 1.
