4038 6476
543 441 662 484 CXVI

1898 416 2264 474 PROLEGOM
2273 415 2401 471 ENA
2412 457 2426 471 .

616 530 855 597 Retinuit
880 541 1023 595 hunc
1044 538 1295 609 juvenem
1342 538 1574 593 Basilius
1608 539 1660 590 in
1693 552 1810 603 suo,
1844 547 1902 590 ιιι
1932 538 2123 590 verisi—
2154 543 2196 594 Α
2226 544 2333 589 tata
2367 534 2541 589 fuerat
2573 532 2753 587 Basilii
2788 532 2928 587 fama
2953 574 2968 599 ,
3027 532 3245 587 minime
3291 530 3493 586 moveri
3526 526 3801 602 signiﬁca-

544 633 671 689 mite
702 639 810 699 est,
853 630 1201 684 monasterio.
1230 628 1420 685 Postea
1470 629 1874 699 Amphilochius
1908 629 1975 683 ad
1996 642 2120 681 eum

544 722 784 788 scripsit,
837 731 896 776 ut
932 730 1085 791 pacta
1143 720 1197 775 in
1247 720 1564 774 memoriam
1621 727 1922 782 revocaret,
1956 732 2123 786 seque

544 814 693 867 litem
724 812 798 868 illi
834 812 1191 881 impacturum
1222 813 1457 866 minatus
1484 819 1587 866 est.
1610 809 1739 865 lude
1764 809 1962 864 Basilio
1993 819 2119 862 nata

544 903 758 958 occasio
804 902 1103 958 scribenda
1130 906 1195 957 ad
1241 902 1677 971 Amphilochium
1710 902 1945 971 egregia:
1998 899 2119 969 epi-

546 992 699 1047 stola
746 993 848 1048 sub
888 991 1185 1048 Heraclida:
1226 994 1464 1048 nomine.
1488 992 1750 1048 Describit
1777 992 1990 1063 juvenis
2021 991 2124 1059 pri-

548 1100 665 1141 mos
687 1100 815 1142 suos
836 1086 937 1142 sub
965 1084 1149 1140 Basilii
1178 1086 1461 1155 disciplina
1496 1099 1812 1155 progressus
1841 1100 1856 1139 :
1899 1095 2120 1139 conten-

547 1175 626 1233 :lit
652 1190 710 1231 se
743 1177 1007 1248 promissa
1035 1177 1246 1231 vivendi
1292 1191 1413 1231 eum
1461 1176 1835 1245 Amphilochia
1865 1175 2123 1243 adimple—

546 1280 749 1335 tnrum,
781 1270 994 1325 etiamsi
1027 1285 1256 1339 corpore
1285 1270 1459 1333 absit;
1498 1270 1621 1337 quia
1654 1284 1758 1322 una
1795 1277 1877 1323 est
1903 1282 2123 1338 prorsus

548 1362 633 1417 via
666 1377 786 1433 qua
824 1365 891 1417 ad
923 1362 1208 1417 Dominum
1251 1363 1417 1416 ducit.
1454 1361 1717 1415 Nonnulla
1743 1361 1908 1415 refert
1932 1377 1996 1415 ex
2028 1375 2123 1416 ore

546 1452 728 1509 Basilii
761 1463 981 1523 accepta
1006 1462 1271 1521 praecepta
1300 1468 1313 1504 :
1346 1453 1438 1507 sed
1462 1451 1892 1522 Amphilochium
1934 1454 2121 1507 horta-

547 1555 657 1613 tur,
692 1556 749 1601 ut
771 1546 911 1599 illius
951 1546 1202 1600 audiendi
1234 1547 1452 1599 brevem
1484 1560 1512 1597 a
1542 1554 1692 1615 patre
1720 1546 1990 1600 licentiam
2024 1546 2123 1598 im-

545 1649 744 1712 petret.
776 1640 987 1710 Scripta
1032 1648 1116 1693 est
1163 1639 1276 1693 haec
1328 1636 1555 1707 epistola
1591 1648 1715 1691 ante
1754 1637 2122 1706 episcopatum

545 1733 929 1802 Amphilochii,
962 1732 1063 1787 hoc
1098 1740 1202 1797 est,
1226 1740 1353 1786 ante
1406 1744 1609 1784 annum
1640 1729 1745 1783 375
1783 1740 2072 1784 exeuntem
2104 1768 2118 1793 ,

546 1825 642 1880 sed
682 1831 860 1878 tamen
892 1838 994 1876 non
1038 1822 1205 1877 multo
1235 1831 1377 1875 ante.
1420 1818 1539 1874 Jam
1582 1819 1727 1873 enim
1757 1830 1873 1873 erat
1904 1819 2122 1889 hospiti-

2231 636 2397 679 verat.
2422 625 2716 679 Ret‘erenda
2754 625 2869 678 haec
2899 624 3146 679 videntur
3178 625 3243 679 ad
3291 624 3553 679 Eustathii
3586 625 3638 678 in
3696 624 3801 679 Ba-

2228 714 2405 768 siliam
2441 714 2758 768 calumnias.

2299 802 2409 858 Vll.
2438 804 2578 858 Inter
2604 805 2874 870 molestias
2902 820 3021 874 qua:
3066 804 3261 859 Basilio
3294 806 3627 871 acciderunt,
3666 806 3798 859 dum

2228 911 2289 950 se
2337 897 2404 951 ab
2451 896 2715 967 episcOpis
2764 899 3034 952 desertum
3086 897 3349 966 queritur,
3399 907 3802 967 peropportune

2230 988 2478 1043 videntur
2521 989 2696 1042 allata}
2738 1004 2859 1044 esse
2907 988 3145 1043 Ascbolii
3184 987 3682 1044 Thessalonicensis
3710 989 3803 1043 lit-

2231 1088 2375 1140 terze,
2401 1092 2465 1132 ex
2491 1079 2684 1147 quibus
2705 1080 3018 1134 charitatem
3043 1094 3146 1133 non
3174 1079 3224 1131 in
3246 1079 3496 1132 omnibus
3518 1078 3805 1134 refrixisse

2226 1171 2496 1238 cognovit.
2540 1167 2597 1222 In
2643 1170 2727 1223 his
2774 1171 2915 1224 enim
2963 1170 3155 1223 litteris
3187 1169 3381 1224 licebat
3412 1169 3647 1224 Ascholii
3682 1171 3806 1223 ani—

2229 1278 2372 1317 mum
2418 1262 2613 1318 intueri
2653 1279 2666 1315 :
2701 1271 2757 1315 et
2802 1263 3050 1331 quamvis
3104 1264 3294 1316 breves
3343 1270 3526 1316 essent
3570 1276 3803 1316 numero

2227 1353 2573 1424 syllabarum,
2597 1353 2812 1421 copiose
2832 1353 3183 1407 ostendebant
3202 1351 3330 1421 quid
3354 1352 3802 1409 sentiretAseho-

2230 1447 2330 1501 lius
2357 1455 2411 1500 et
2434 1455 2693 1517 quantum
2724 1445 2866 1499 beati
2906 1446 3189 1501 Athanasii
3226 1447 3502 1501 studiosus
3532 1457 3713 1501 esset:
3746 1448 3803 1503 id

2228 1538 2369 1607 quod
2400 1536 2624 1593 Basilius
2652 1538 3113 1593 evidentissimum
3154 1553 3297 1593 sanae
3329 1540 3591 1594 doctrinae
3626 1556 3793 1610 argu-

2230 1638 2466 1682 mentum
2514 1644 2633 1684 esse
2677 1630 2924 1685 ducebat.
2964 1628 3204 1683 Ascholii
3238 1630 3443 1684 litteras
3481 1631 3659 1685 attulit
3688 1631 3803 1684 En-

2228 1722 2496 1792 phemlus,
2546 1721 2629 1776 vel
2669 1722 2856 1777 saltem
2910 1721 3256 1791 perferendas
3304 1724 3534 1776 curavit.
3588 1721 3717 1774 Vaut
3750 1723 3801 1776 ei

2227 1829 2323 1883 pro
2370 1824 2590 1882 accepta
2640 1828 2705 1868 ex
2762 1814 2954 1868 litteris
2998 1813 3180 1868 hetitia
3230 1813 3434 1883 gratias
3484 1815 3594 1884 agit
3648 1812 3801 1868 Basi-

546 1915 648 1971 bus
690 1914 1019 1983 excipiendis
1066 1913 1344 1975 idoneum,
1396 1912 1722 1966 immensum
1779 1912 1906 1966 illud
1954 1910 2121 1966 aadifl-
2150 1898 2197 1959 B
2228 1908 2332 1961 lius
2363 1905 2455 1977 (c),
2494 1916 2861 1974 precaturque
2908 1918 2964 1959 ut
2994 1922 3118 1961 eum
3152 1905 3261 1961 cito
3298 1919 3419 1958 cum
3452 1909 3801 1962 ornatissima

545 2006 717 2071 cium,
748 2005 891 2075 quod
923 2004 1154 2060 Basilius
1201 2013 1519 2061 construere
1566 2011 1806 2073 cmperat
1840 2019 1980 2060 anno
2020 2003 2125 2059 572

546 2094 787 2151 ineunte.

620 2184 793 2255 Supra
815 2183 1045 2239 vidimus
1070 2183 1123 2237 in
1153 2181 1377 2253 epistola
1400 2182 1503 2239 l58
1525 2183 1752 2240 clericos
1776 2182 2124 2248 Sebastenos,

548 2274 643 2345 qui
672 2274 812 2330 idem
841 2288 904 2328 ac
936 2273 1165 2328 Basilius
1217 2274 1559 2340 sentiebant,
1591 2276 1806 2330 detecto
1857 2272 2124 2327 Eustathii

547 2380 729 2438 pravae
750 2367 1020 2435 opinionis
1050 2367 1251 2431 ulcere,
1273 2366 1339 2420 ad
1389 2365 1571 2421 Basilii
1612 2366 2043 2421 communionem
2074 2374 2130 2421 et

546 2465 928 2517 auctoritatem
964 2459 1293 2530 confugisse.
1334 2459 1465 2514 Tam
1522 2460 1732 2531 insigne
1771 2460 1969 2515 factum
2004 2475 2126 2515 cum

549 2554 694 2608 fama
729 2551 836 2607 late
862 2560 1140 2623 spargeret
1167 2592 1183 2618 ,
1226 2551 1545 2607 Eustathius
1569 2552 1825 2615 medicus,
1858 2551 2039 2606 Basilii
2072 2553 2127 2607 in

546 2646 737 2717 primis
768 2645 995 2707 amicus,
1023 2643 1260 2699 dolorem
1291 2659 1446 2699 suum
1482 2644 1534 2698 in
1575 2645 1676 2699 bac
1708 2658 1884 2699 rerum
1920 2653 2107 2713 pertur

548 2734 764 2790 batione
785 2733 836 2789 ei
862 2733 1479 2802 signiﬁcavit,adhibitis
1511 2747 1576 2788 ex
1602 2742 1720 2787 arte
1756 2733 1961 2788 medica
1992 2747 2128 2787 non-

548 2824 708 2880 nullis
739 2823 1215 2879 admonitionibus.
1268 2821 1580 2892 Respondet
1618 2820 1857 2877 Basilius
1885 2821 2124 2878 inutilem

550 2930 671 2972 esse
699 2915 960 2986 ejusmodi
988 2913 1416 2970 admonitionum
1444 2928 1686 2985 operam,
1721 2930 1844 2969 cum
1891 2929 1989 2969 nec
2014 2915 2126 2984 ipse

551 3022 653 3062 nec
683 3008 845 3061 amici
871 3006 1071 3061 ferrum
1108 3007 1475 3067 adhibuerim.
1526 3008 1622 3062 sed
1659 3007 1772 3077 ipse
1814 3008 2125 3063 Eustathius

553 3098 609 3153 in
634 3098 839 3153 ferrum
890 3098 1081 3153 ruerit.
1111 3098 1291 3165 Quare
1324 3101 1465 3168 quod
1500 3101 1642 3154 illius
1674 3099 1857 3155 clerici
1892 3101 2126 3154 necessi-

552 3198 661 3245 tate
690 3188 907 3245 adducti
946 3188 1211 3256 fecerant,
1245 3188 1346 3245 sibi
1384 3188 1435 3244 id
1476 3189 1694 3260 quidem
1732 3189 1990 3257 voluptati
2019 3204 2124 3241 nun

547 3295 694 3347 esse,
713 3281 1163 3353 quemadmodum
1201 3298 1300 3337 nec
1336 3282 1528 3337 medici
1559 3280 1790 3336 libenter
1818 3289 1999 3341 urunt,
2030 3296 2129 3336 nec

546 3383 883 3431 mercatores
922 3374 1151 3429 libenter
1203 3388 1412 3430 merces
1450 3375 1692 3445 ejiciunt,
1731 3375 1824 3430 sed
1878 3382 2053 3431 tamen
2099 3391 2129 3431 a

549 3475 609 3517 se
631 3462 850 3518 minime
873 3464 1186 3534 improbari,
1217 3466 1343 3534 quia
1373 3466 1620 3521 veritatis
1658 3479 1834 3531 amor,
1860 3481 1965 3535 qua
1995 3468 2129 3522 nihil

550 3554 828 3626 antiquius
859 3556 1080 3623 habent,
1105 3559 1185 3613 sie
1217 3558 1409 3627 agendi
1439 3558 1816 3613 necessitatem
1846 3561 1926 3614 eis
1955 3561 2128 3628 impo-

549 3656 758 3703 suerat.
810 3647 926 3704 Huc
969 3651 1107 3705 redit
1138 3658 1247 3706 tota
1286 3651 1532 3706 obscura
1557 3660 1613 3706 et
1651 3650 1883 3707 dilIicilis
1928 3653 2133 3723 episto-

551 3737 616 3793 l'e
654 3741 923 3794 sententia
949 3781 965 3805 ,
997 3749 1057 3795 ut
1095 3757 1163 3797 ex
1213 3754 1338 3797 nota
1384 3744 1560 3799 eidem
1608 3746 1848 3815 apposita
1900 3747 2129 3817 perspici

550 3836 748 3897 potest.

625 3918 780 3975 Circa
813 3935 955 3977 nunc
987 3935 1186 3977 annum
1224 3923 1352 3979 visa
1391 3932 1518 3978 sunt
1558 3924 1880 3982 collocandus
1914 3929 2031 3981 dua:
2063 3928 2129 3983 ad

552 4010 826 4067 Victorem
878 4014 1123 4083 epistolae
1145 4013 1247 4087 (α).
1284 4016 1514 4072 Basilius
1542 4017 1777 4072 amicitia
1806 4019 2129 4089 conjunctus

552 4114 821 4161 eratcum
857 4106 1250 4176 potentissimis
1297 4108 1454 4172 viris,
1496 4108 1548 4163 in
1586 4108 1668 4165 his
1704 4122 1827 4163 cum
1872 4110 2123 4166 Victore:

554 4198 639 4253 cui
670 4202 915 4267 querenti
948 4200 1089 4269 quod
1110 4200 1178 4254 ad
1204 4214 1265 4257 se
1310 4214 1416 4255 non
1454 4202 1745 4268 scriberet,
1778 4202 2036 4257 metuisse
2070 4217 2130 4259 se

553 4289 863 4359 respondet,
894 4304 963 4344 ne
1008 4299 1162 4345 tanto
1194 4292 1312 4346 viro
1347 4292 1649 4347 molestiam
1690 4294 2010 4362 exhiberet;
2034 4295 2129 4351 sed

553 4395 697 4436 nunc
741 4381 1077 4437 confidenter
1110 4383 1351 4439 scribere
1398 4394 1453 4439 et
1496 4383 1749 4454 deinceps
1781 4387 2123 4456 scripturum.

551 4472 821 4529 Caeterum
877 4472 1080 4543 gratias
1101 4474 1216 4542 agit
1242 4477 1383 4543 quod
1406 4490 1535 4530 suas
1556 4489 1654 4547 pro
1676 4475 1914 4531 Ecclesia
1942 4492 2127 4546 preces

2226 1998 2394 2068 ipsius
2438 1996 2666 2066 conjuge
2720 1998 2944 2065 recipiat
2978 2014 2990 2042 ε
3020 1997 3162 2066 quod
3213 2007 3529 2066 argumento
3561 2008 3645 2052 est
3675 2014 3801 2051 eum

2225 2094 2309 2145 vel
2340 2091 2423 2147 bis
2445 2090 2548 2146 iter
2572 2092 2625 2144 in
2658 2088 2938 2160 Scythiam
2966 2100 3057 2144 aut
3078 2090 3447 2146 Macedoniam
3474 2092 3802 2158 suscepisse,

2227 2195 2292 2236 ac
2322 2190 2432 2235 tum
2461 2182 2700 2237 Ascholii
2735 2182 2999 2251 epistolae,
3054 2193 3164 2237 tum
3218 2184 3401 2239 Basilii
3438 2184 3808 2252 responsionis

2226 2273 2464 2344 bajulum
2499 2273 2665 2330 fuisse
2692 2294 2707 2329 :
2734 2277 2816 2330 vel
2844 2277 3060 2337 saltem,
3093 2277 3218 2331 dum
3250 2275 3336 2331 his
3370 2278 3422 2331 in
3451 2277 3585 2331 locis
3615 2291 3805 2328 mora-

2228 2377 2337 2431 tur,
2364 2380 2584 2436 operam
2614 2367 2830 2421 dedisse
2860 2378 2918 2421 ut
2939 2368 3175 2422 Ascholii
3206 2368 3432 2438 epistola
3462 2363 3805 2421 adBasiliunt

2225 2458 2551 2528 perveniret.

2296 2549 2441 2605 Satis
2481 2559 2605 2619 apte
2639 2548 2969 2605 conveniunt
3000 2550 3125 2603 huic
3155 2566 3297 2605 anno
3326 2553 3555 2620 gemitus
3589 2550 3802 2616 Basilii,

2226 2644 2370 2713 quod
2404 2643 2648 2697 charitas
2695 2641 2951 2709 majorem
2998 2640 3053 2694 in
3100 2641 3314 2694 modum
3352 2644 3492 2696 inter
3519 2645 3808 2712 episcopos

2230 2735 2562 2800 refrixisset;
2619 2735 2713 2789 sed
2753 2736 2855 2791 hoc
2909 2734 2962 2788 in
3023 2732 3213 2803 primis
3257 2737 3425 2786 ducor
3456 2744 3804 2802 argumento,

2227 2826 2370 2894 quod
2396 2825 2726 2880 Athanasius
2758 2825 3103 2880 beatissimus
3132 2832 3372 2879 vocetur.
3401 2822 3515 2877 Non
3554 2840 3639 2879 me
3671 2824 3808 2879 latet

2230 2919 2280 2972 id
2315 2918 2582 2972 interdum
2619 2920 2756 2986 apud
2792 2922 3040 2987 antiquos
3067 2919 3362 2983 scriptores
3385 2914 3583 2971 deferri
3617 2916 3806 2970 viven-

2230 3010 2403 3075 tibus;
2443 3010 2588 3063 velut
2622 3025 2745 3065 cum
2799 3010 3084 3081 Dionysius
3116 3009 3365 3065 Corinthi
3410 3008 3698 3079 episcOpus
3724 3009 3806 3079 (ά)

2229 3103 2280 3157 in
2315 3105 2540 3172 epistola
2586 3106 2654 3156 ad
2695 3104 2964 3158 llomanos
2991 3101 3241 3158 Soterem
3274 3116 3460 3157 eorum
3488 3103 3804 3169 episcopum

2232 3206 2388 3248 vocat
2426 3194 2661 3246 beatum.
2689 3197 2755 3246 At
2791 3192 3023 3249 Basilius
3057 3197 3161 3250 hac
3192 3209 3324 3251 voce
3372 3203 3615 3250 mortuos
3653 3194 3804 3248 desi-

2234 3302 2401 3356 gnare
2446 3286 2601 3351 solet,
2637 3288 2788 3340 vivos
2840 3299 3019 3341 autem
3070 3303 3335 3358 nusquam
3369 3287 3633 3357 designat.
3670 3282 3809 3339 Hine

2234 3380 2287 3433 itt
2320 3378 2564 3448 epistolis
2605 3376 2711 3431 204
2758 3387 2811 3433 et
2843 3376 2952 3432 258
3001 3379 3371 3432 beatissimum
3407 3380 3607 3447 pariter
3646 3388 3809 3432 vocat

2230 3470 2606 3526 Athanasium.
2634 3471 2747 3525 Huc
2768 3468 3141 3538 acceditquod
3172 3470 3485 3537 episcopum
3520 3470 3671 3523 illum
3699 3486 3807 3523 non

2232 3562 2483 3631 appellat,
2516 3562 2659 3630 quod
2707 3562 2923 3630 quidem
2977 3573 3084 3614 non
3128 3558 3352 3621 omittit,
3394 3573 3517 3611 eum
3569 3558 3811 3628 loquitur

2231 3652 2300 3706 de
2325 3653 2650 3707 viventibus.
2671 3653 2851 3719 Quare
2876 3668 2997 3707 cum
3024 3649 3588 3707 sanctusAthanasius
3609 3652 3807 3706 coelum

2232 3745 2445 3813 petierit
2474 3746 2576 3801 hoc
2603 3760 2747 3802 anno
2775 3746 2904 3810 575,
2936 3761 3120 3801 mense
3141 3743 3403 3809 Maio,vix
3434 3742 3596 3798 citius
3620 3760 3809 3799 mense

2231 3840 2450 3896 Octobri
2482 3838 2724 3908 ejusdem
2776 3840 2902 3893 anni
2938 3838 3078 3894 hanc
3102 3837 3287 3893 Basilii
3322 3837 3602 3907 epistolam
3634 3837 3807 3893 collo-

2230 3948 2355 3987 care
2383 3935 2669 4001 possimus.
2699 3932 2961 3999 Tempore
2987 3932 3130 3984 enint
3163 3945 3297 4001 opus
3322 3929 3444 3997 fuit,
3484 3940 3543 3985 ut
3572 3939 3628 3986 et
3657 3945 3807 3987 mor-

2233 4020 2302 4076 tis
2347 4020 2625 4077 Athanasii
2678 4022 2899 4075 nuntius
2932 4020 2986 4073 in
3022 4020 3411 4087 Macedoniam,
3462 4034 3519 4078 et
3562 4025 3805 4078 Ascholii

2230 4112 2421 4169 litterae
2444 4113 2497 4167 in
2518 4112 2911 4182 Cappadociam
2937 4110 3225 4176 ferrentur,
3250 4122 3302 4167 et
3326 4111 3527 4169 Basilio
3548 4130 3803 4184 prompta

2229 4213 2375 4259 esset
2401 4218 2464 4258 ac
2494 4214 2681 4274 parata
2727 4201 2997 4257 scribendi
3029 4202 3269 4258 occasio.
3307 4202 3437 4256 Illud
3470 4204 3802 4259 verisimilit-

2229 4312 2375 4351 mum
2413 4296 2625 4352 videtur
2676 4295 3009 4362 Ascholiutn,
3059 4311 3182 4351 cum
3216 4296 3282 4351 de
3312 4295 3483 4351 sancti
3516 4295 3801 4353 Athanasii

2229 4395 2402 4443 morte
2442 4386 2741 4451 didicisset,
2785 4396 3073 4456 antequam
3120 4388 3386 4443 scriberet
3419 4389 3472 4443 in
3513 4389 3800 4462 Cappado-

2228 4481 2393 4547 ciam,
2425 4490 2482 4535 ut
2511 4480 2563 4535 in
2595 4481 2802 4535 recenti
2840 4488 3055 4544 eventu,
3089 4480 3415 4535 desiderium
3465 4481 3804 4551 signiﬁcasse

552 4562 928 4623 anteverterit,
959 4562 1261 4634 feceritque
1286 4564 1466 4617 omnia
1497 4578 1830 4633 quacunque
1865 4562 1982 4633 ipse
2019 4562 2126 4618 Ba-
2156 4578 2203 4638 ι)
2233 4573 2366 4627 tanti
2419 4572 2543 4637 viri,
2590 4588 2653 4626 ac
2688 4584 2901 4626 summa
2946 4569 3091 4626 illius
3128 4571 3195 4626 de
3242 4572 3496 4627 omnibus
3542 4572 3803 4632 Ecclesiis

554 4653 708 4708 silius
740 4655 1010 4722 petiisset.
1037 4653 1250 4725 Scripta
1276 4667 1407 4724 ergo
1432 4652 1546 4707 haec
1589 4653 1813 4722 epistola
1850 4661 1971 4721 post
1994 4652 2125 4709 illud

559 4752 793 4814 tempus,
818 4761 927 4816 quo
953 4744 1187 4802 Basilius
1219 4745 1529 4817 requirebat
1571 4746 1623 4799 in
1666 4746 2127 4816 pmstantissimis

553 4823 661 4895 illis
691 4837 825 4893 viris
852 4841 1087 4895 studium
1124 4842 1375 4897 Ecclesia:
1397 4840 1668 4911 iuvandae.
1690 4839 1798 4895 Nec
1826 4840 1966 4896 male
2002 4839 2127 4895 huic

552 4952 698 4993 anno
722 4936 997 4999 convenit,
1031 4950 1138 5005 quo
1170 4934 1592 5003 Arianorum(b)
1622 4942 1847 4987 conatus
1887 4933 1939 4987 in
1962 4948 2120 4991 ever-

565 5028 725 5083 tenda
758 5030 811 5083 in
840 5028 1034 5083 exsilio
1061 5026 1244 5082 Basilii
1280 5028 1519 5084 Ecclesia
1561 5026 1878 5082 Caesariensi
1911 5026 1964 5081 in
1993 5042 2123 5083 ven-

559 5131 667 5173 tum
720 5118 875 5175 ell‘usi
925 5130 1069 5175 sunt.
1104 5120 1407 5177 Verisimile
1434 5130 1489 5175 et
1542 5119 1776 5175 Victoris
1814 5133 2033 5189 operam
2068 5120 2122 5174 in

555 5226 615 5266 re
651 5213 782 5267 tanti
808 5214 1064 5267 momenti
1095 5228 1198 5267 non
1231 5209 1491 5277 defuisse,
1516 5213 1743 5281 ejusque
1764 5210 1989 5267 consilio
2027 5225 2124 5282 po-

554 5301 663 5354 tius
701 5316 861 5372 quam
909 5318 1003 5357 sua
1058 5313 1250 5372 sponte
1288 5301 1565 5358 Valentem
1596 5304 1663 5356 ad
1708 5302 2123 5358 rescindendum

555 5395 702 5463 quod
739 5396 806 5449 de
852 5396 1051 5451 Basilio
1090 5399 1445 5456 decreverat.
1490 5395 1777 5449 adductum
1833 5393 2015 5451 fuisse.
2065 5395 2124 5450 In

557 5486 725 5540 altera
764 5487 991 5554 epistola
1033 5490 1239 5557 gratias
1280 5488 1393 5558 agit
1418 5486 1642 5553 Victori,
1676 5488 1767 5555 qui
1803 5488 1952 5556 prior
1992 5490 2129 5544 scri-

557 5589 738 5646 pserat
768 5578 1190 5649 perhonorifice,
1213 5594 1378 5644 seque
1402 5578 1706 5645 calumniis,
1738 5581 1932 5651 quibus
1956 5591 2128 5637 atten-

650 5736 704 5817 ει)
743 5734 842 5817 t_v:p_.
869 5736 1055 5817 tssnet
1087 5736 1211 5791 tss.

650 5736 704 5807 ο)
743 5735 842 5817 Ep.
869 5736 973 5792 iss
1000 5745 1055 5789 et
1087 5736 1211 5791 tss.

930 5805 1030 5929 £86
1057 5882 1112 5928 et
1141 5872 1260 5929 tas.

655 5889 679 5921 ε

2230 4663 2420 4719 merita
2449 4663 2787 4735 praedicasse.

2299 4754 2552 4825 Epistolas
2581 4756 2648 4808 ad
2678 4753 2991 4810 Ascholium
3024 4756 3277 4826 adjuncta
3313 4754 3414 4809 fuit.
3438 4757 3666 4827 epistola
3708 4776 3799 4816 se-

2227 4854 2399 4911 quens
2436 4842 2541 4912 (ε),
2588 4856 2750 4911 quam
2802 4843 3016 4912 quidem
3062 4844 3164 4900 etsi
3216 4845 3572 4915 inscriptione
3623 4863 3799 4914 caret,

2227 4932 2389 4991 Junio
2424 4933 2635 4991 Sorano
2664 4935 2921 5005 scriptam
2953 4950 3073 4991 esse
3099 4936 3242 4991 inter
3261 4940 3502 4995 eruditos
3523 4945 3799 4997 convenit.

2230 5026 2279 5084 Is
2311 5027 2456 5083 enim
2486 5026 2555 5081 ad
2583 5041 2739 5096 quem
2768 5029 2888 5082 data
2914 5037 3019 5089 est,
3051 5028 3105 5081 in
3127 5026 3350 5099 Scythia
3378 5046 3500 5088 cum
3538 5034 3803 5103 dignitate

2231 5116 2450 5171 militari
2493 5114 2813 5170 versabatur
2851 5116 3111 5173 :domum
3165 5117 3399 5175 habebat
3441 5121 3707 5179 Cmsarea:
3749 5141 3802 5181 et

2229 5221 2471 5263 sororem
2496 5220 2560 5261 ac
2585 5218 2867 5277 cognatos,
2890 5208 3209 5279 quibuscum
3229 5210 3459 5268 Basilius
3486 5230 3593 5269 non
3622 5218 3801 5273 solum

2230 5302 2488 5367 amicitia,
2543 5303 2639 5358 sed
2687 5304 2878 5367 etiam,
2918 5313 2978 5358 ut
3026 5306 3322 5361 verisimile
3375 5318 3478 5375 est,
3534 5319 3804 5384 sanguine

2232 5395 2702 5463 coniunctissimus
2742 5397 2861 5451 fuit.
2909 5396 3048 5452 Petit
3081 5399 3149 5455 ab
3176 5400 3365 5456 eodem
3409 5402 3645 5462 Basilius
3676 5412 3802 5465 reli-

2232 5490 2389 5557 quias
2432 5496 2753 5558 martyrum.
2800 5486 3025 5541 Mirilice
3066 5488 3180 5542 haec
3206 5493 3472 5558 quadrant
3503 5492 3665 5552 Junio
3698 5498 3802 5553 So-

2237 5594 2368 5635 rano
2390 5579 2513 5634 duci
2539 5579 2725 5635 limitis
2759 5580 3019 5651 Scythici,
3052 5580 3141 5647 qui
3186 5584 3473 5651 gratiﬁcari
3507 5588 3680 5644 volens
3707 5607 3799 5659 pa-

2312 5743 2390 5813 (d)
2430 5745 2597 5815 Epist.
2629 5746 2750 5802 151.

2314 5815 2384 5884 (ο)
2423 5815 2616 5871 Euseb.
2652 5816 2792 5871 Hist.
2824 5816 2915 5871 lib.
2949 5834 3019 5885 tv,
3047 5834 3095 5872 c.
3126 5818 3214 5873 25.
