4038 6496
1630 422 1787 478 VlTA
1830 420 1888 475 S.
1923 420 2189 477 BASlLll.

3362 431 3506 477 CX“!

262 542 379 597 tria
416 556 549 608 sum,
581 548 639 595 nt
666 540 892 609 legimus
932 537 986 592 in
1016 533 1239 608 epistola
1288 533 1543 590 Ecclesiae
1577 535 1837 597 Gothicae.
1868 538 1916 594 Α
2011 532 2301 603 Perperam
2335 534 2447 587 haec
2467 532 2695 602 epistola
2726 532 2777 587 in
2804 530 3053 586 omnibus
3067 530 3345 587 codicibus
3376 549 3504 591 mss.

261 649 460 702 corpus
495 632 552 687 S.
598 631 755 686 Saba:
789 631 1046 701 martyris
1076 629 1223 683 misit
1249 628 1302 681 in
1334 626 1750 697 Cappadociam.
1788 627 1837 682 ls

260 724 499 779 Ascholii
551 723 749 778 litteris
804 738 934 777 suas
986 720 1347 790 adjunxerat,
1396 728 1453 775 et
1504 720 1836 789 querebatur

260 816 403 884 quod
437 815 506 868 ad
542 829 600 869 se
630 813 861 868 Basilius
895 826 999 866 non
1046 811 1329 877 scriberet,
1370 825 1535 881 seque
1571 808 1833 866 oblivioni

259 906 523 971 traderet,
558 915 722 976 atque
747 906 909 961 etiam
949 904 1091 973 quod
1122 904 1190 958 ab
1215 916 1280 958 eo
1313 902 1504 958 autab
1524 900 1639 970 ejus
1669 902 1835 957 ebor-

258 999 515 1066 episcopo
565 997 743 1051 minus
797 1010 947 1065 aequa
1001 996 1053 1048 in
1091 994 1324 1062 aliquem
1372 1009 1436 1049 ex
1492 994 1679 1047 amicis
1723 992 1838 1047 suis

260 1086 364 1141 lata
419 1096 568 1144 esset
618 1087 905 1143 Sententia.
950 1085 1247 1141 Nuntiabat
1295 1085 1725 1154 persecutionem
1779 1086 1832 1139 in

258 1176 484 1232 Gottliia
517 1188 786 1249 martyres
834 1176 1035 1240 facere,
1083 1190 1247 1245 seque
1274 1173 1706 1244 persecutionem
1740 1190 1836 1245 pa-

262 1269 524 1323 tientibus
552 1285 708 1339 opem
745 1283 840 1336 pro
875 1268 1079 1324 viribus
1125 1267 1286 1323 ferre.
1328 1267 1423 1322 llis
1454 1267 1708 1321 omnibus
1749 1282 1835 1321 re-

261 1360 500 1427 spondet
544 1360 774 1415 Basilius
807 1360 859 1415 in
891 1360 1121 1431 epistola
1150 1359 1271 1424 155,
1300 1361 1367 1413 de
1395 1374 1501 1430 qua
1531 1358 1668 1414 alius
1697 1358 1839 1413 redi-

262 1452 345 1507 bit
368 1453 565 1523 agendi
597 1452 767 1507 locus.

336 1540 475 1596 V'lll.
507 1541 803 1611 Incipiente
829 1543 912 1598 vel
935 1542 1403 1613 appropinquante
1429 1543 1607 1599 hieme
1632 1542 1842 1611 accepit

265 1634 500 1690 Basilius
546 1632 756 1688 litteras
806 1637 873 1689 ab
924 1634 1152 1701 Evagrio
1206 1635 1542 1707 presbytero,
1577 1635 1671 1705 qui
1714 1650 1839 1689 eum

265 1726 513 1796 rogabat,
547 1735 605 1780 ut
631 1726 981 1796 paciﬁcauda:
1003 1726 1260 1783 Ecclesia:
1289 1728 1639 1782 Antiochensi
1664 1726 1841 1781 consi-

264 1819 396 1872 lium
429 1816 749 1886 susciperet,
786 1832 850 1872 ac
881 1818 1086 1886 legatos
1116 1818 1169 1873 in
1199 1816 1547 1875 Occidentem
1579 1816 1836 1870 mitteret.

1938 634 1994 679 et
2037 626 2195 680 editis
2243 625 2562 681 inscribitur
2605 624 2895 680 Antiocho.
2933 623 3067 679 Nam
3103 625 3207 695 ipsi
3242 626 3510 685 Antiocho

1941 718 2141 787 scripta
2171 732 2403 789 sequens
2428 716 2653 787 epistola
2682 715 2751 785 (c)
2784 717 2836 770 in
2871 716 3121 773 eamdem
3151 719 3508 778 sententiam.

1938 806 2187 862 Dolorem
2218 808 2361 862 enim
2402 822 2561 862 suum
2609 808 2811 876 pariter
2842 806 3137 877 signiﬁcat,
3184 808 3326 876 quod
3367 809 3512 866 illius

1938 898 2150 954 videndi
2175 898 2524 962 desiderium,
2545 913 2653 968 quo
2677 898 2873 953 dudum
2899 896 3181 968 ﬂagrabat.
3207 902 3273 954 ad
3303 901 3508 955 exitum

1938 1003 2044 1043 non
2092 988 2422 1057 perduxerit.
2461 986 2583 1043 llaec
2631 1002 2764 1058 ergo
2814 989 3087 1043 scribebat
3137 990 3327 1045 eodem
3375 1000 3511 1046 tem—

1937 1093 2067 1151 pore
2093 1096 2155 1135 ac
2185 1080 2465 1150 epistolam
2493 1080 2925 1150 praecedentem;
2958 1094 3021 1134 ac
3045 1081 3269 1151 proinde
3299 1091 3510 1138 utram-

1938 1187 2043 1242 que
2077 1172 2167 1227 uni
2205 1182 2260 1228 et
2301 1173 2476 1227 eidem
2532 1186 2638 1226 non
2682 1172 2920 1236 scripsit.
2975 1170 3242 1226 Praeterea
3279 1173 3512 1244 pigritia

1939 1262 2249 1319 criminatio
2286 1263 2487 1332 Optime
2543 1262 2757 1333 quidem
2808 1262 2860 1316 in
2901 1262 3190 1320 Eusebium
3231 1267 3508 1327 convenit.

1939 1368 2098 1422 quem
2127 1352 2360 1409 Basilius
2383 1352 2464 1425 (ά)
2510 1353 2672 1408 etiam
2719 1362 2881 1423 atque
2923 1356 3087 1410 etiam
3127 1368 3412 1427 rogaverat
3454 1369 3513 1414 ut

1939 1447 2244 1503 Caesaream
2292 1446 2518 1510 veniret,
2566 1454 2623 1500 at
2676 1460 3012 1515 nequaquam
3071 1448 3126 1503 in
3162 1450 3511 1515 Antiochum,

1942 1554 2101 1609 quem
2152 1553 2317 1603 penes
2365 1538 2529 1594 situm
2568 1552 2673 1593 non
2720 1547 2839 1594 erat
2880 1537 3179 1596 Caesaream
3218 1544 3511 1613 proﬁcisci,

1942 1632 2044 1686 nisi
2071 1641 2297 1702 patruus
2320 1646 2443 1687 eum
2475 1630 2713 1688 mitteret
2736 1645 2826 1687 aut
2858 1648 3042 1688 secum
3080 1634 3319 1690 duceret.
3355 1634 3515 1691 Deni-

1941 1739 2048 1793 que
2078 1724 2177 1779 soli
2204 1726 2433 1793 quadrat
2461 1723 2717 1791 Eusebio,
2744 1726 2884 1794 quod
2900 1726 2981 1778 ‘ait
3004 1726 3260 1794 Basilius,
3286 1742 3353 1781 ne
3382 1742 3517 1797 pra-

1948 1816 2120 1869 teritis
2162 1815 2378 1885 quidem
2422 1816 2579 1869 annis
2622 1818 2784 1871 talem
2831 1817 2997 1873 fuisse
3046 1833 3422 1887 congressum,
3459 1828 3518 1871 ut

263 1910 420 1976 Quod
457 1883 669 1979 spec-tat
697 1910 763 1963 ad
787 1883 1083 1965 Ecclesiam
1116 1911 1533 1971 Antiochenam,
1571 1924 1839 1963 summum
1874 1883 1915 1938 Β
1945 1883 2249 1961 satietatem
2295 1906 2532 1961 afferret.
2576 1906 2709 1962 Nam
2738 1907 2966 1963 Basilius
3002 1883 3290 1964 Eusebium
3334 1883 3518 1966 invisit

264 2016 375 2070 prae
406 2016 465 2056 se
495 2000 601 2056 fert
629 2017 868 2056 amorem
916 2004 1063 2072 pacis
1091 2001 1321 2056 Basilius
1354 2000 1455 2071 (a),
1494 2015 1660 2071 seque
1699 2002 1839 2054 nulla

264 2107 491 2161 prorsus
526 2093 580 2146 in
612 2108 939 2163 quemquam
991 2091 1368 2147 criminatione
1404 2101 1842 2162 praeoccupatum

264 2184 570 2254 profitetur.
608 2184 714 2239 Sed
748 2193 926 2237 tamen
958 2182 1220 2249 declarat,
1254 2184 1466 2239 etiamsi
1510 2186 1702 2253 gratia:
1740 2184 1842 2237 rivi

264 2277 317 2331 in
348 2292 407 2332 se
438 2275 738 2339 aﬁluerent,
786 2289 854 2327 ne
893 2283 1006 2327 tum
1056 2275 1274 2344 quidem
1321 2276 1611 2329 adductum
1660 2275 1748 2339 iri,
1783 2284 1840 2327 ut

266 2369 369 2421 hoc
417 2364 695 2434 negetium
744 2362 893 2419 solus
926 2365 1211 2435 suscipiat,
1249 2381 1371 2419 cum
1404 2365 1703 2435 praesertim
1731 2366 1845 2433 epi-

264 2470 490 2525 scopum
521 2456 721 2511 haheat
768 2458 883 2513 haec
913 2456 1151 2511 Ecclesia
1183 2456 1476 2523 Meletium,
1513 2457 1608 2523 qui
1646 2471 1745 2509 nec
1778 2455 1843 2510 ad

262 2548 540 2603 sevenire
591 2556 786 2617 potest,
839 2564 939 2604 nec
994 2548 1109 2618 ipse
1162 2549 1228 2603 ad
1278 2563 1423 2611 eum,
1474 2558 1586 2601 tum
1626 2557 1847 2617 propter

264 2639 465 2694 hiemis
522 2640 822 2704 molestias,
883 2651 994 2695 tum
1050 2650 1268 2712 prepter
1314 2641 1585 2695 Armenias
1640 2651 1849 2695 montes

264 2731 419 2785 brevi
449 2732 744 2802 impervios
777 2731 988 2789 futuros
1025 2733 1186 2788 etiam
1220 2742 1366 2787 recte
1396 2732 1719 2797 valentibus,
1752 2748 1846 2787 ne-

264 2822 391 2874 dum
417 2821 519 2876 sibi
547 2822 704 2892 longa
730 2823 1049 2891 aegritudine
1075 2821 1343 2878 confecto.
1373 2823 1477 2877 Sed
1510 2834 1683 2876 tamen
1714 2822 1850 2875 scri-

266 2921 487 2980 pturum
514 2926 574 2967 se
608 2914 675 2967 ad
711 2928 832 2967 eum
864 2913 1171 2982 proﬁtetur,
1204 2912 1454 2981 quamvis
1487 2926 1592 2964 non
1623 2911 1846 2965 multum

268 3013 449 3070 speret
501 3019 568 3059 ex
616 3005 720 3058 hoc
766 3004 1005 3055 inanimo
1059 3017 1327 3059 sermone.
1379 3000 1632 3056 Dolorem
1692 3018 1849 3055 suum

267 3094 443 3147 obiter
471 3093 763 3162 signiﬁcat,
795 3093 940 3162 quod
974 3108 1006 3147 a
1059 3093 1333 3148 Dorotbeo
1366 3094 1595 3149 diacono
1629 3093 1851 3149 didicis-

1945 2014 2085 2052 anno
2109 1998 2212 2053 569
2232 2010 2285 2053 et
2311 1998 2432 2053 372.
2464 1998 2653 2054 Utrum
2681 2010 2857 2055 autem
2892 2016 3034 2058 anno
3061 2002 3164 2057 569
3195 2004 3515 2061 Antiochum

1948 2092 2248 2148 Samosatis
2296 2092 2509 2157 viderit,
2550 2091 2602 2144 id
2649 2093 2808 2160 plane
2842 2093 3126 2150 incertum.
3167 2093 3519 2151 Bcstituenda

1946 2200 2074 2254 ergo
2098 2187 2212 2240 haec
2236 2183 2461 2253 epistola
2490 2183 2741 2251 Eusebio,
2768 2194 2822 2238 et
2848 2200 3080 2254 sequens
3110 2186 3371 2242 Antiocho
3401 2202 3518 2242 ser-

1948 2278 2138 2334 vanda.
2178 2275 2231 2331 in
2276 2290 2382 2343 qua
2424 2275 2653 2333 Basilius
2690 2276 2739 2332 ei
2782 2277 3128 2333 commendat
3173 2278 3396 2333 fratrem
3429 2295 3520 2334 ca-

1949 2364 2102 2418 melis
2131 2365 2500 2435 praepositum.

2020 2453 2107 2509 IX.
2141 2455 2432 2509 Consultus
2476 2455 2705 2511 Basilius
2736 2455 2805 2511 ab
2833 2455 3119 2526 Enpalerio
3146 2457 3372 2528 ejusque
3411 2458 3520 2513 ﬁlia

1949 2546 2014 2601 de
2048 2548 2206 2602 rebus
2232 2546 2792 2617 dogmaticisunagna’:
2818 2549 3076 2618 voluptati
3103 2547 3310 2604 litteras
3331 2562 3520 2604 eorum

1949 2641 2050 2696 sibi
2081 2640 2245 2694 fuisse
2277 2639 2576 2711 signiﬁcat;
2608 2639 2839 2694 libenter
2882 2640 3025 2693 enim
3053 2655 3111 2695 se
3152 2641 3238 2697 liis
3265 2643 3333 2697 de
3363 2641 3523 2697 rebus

1950 2736 2291 2804 interrogari.
2328 2734 2637 2803 Respondet
2686 2748 2745 2788 se
2790 2732 3061 2788 Nicmnam
3089 2733 3247 2788 [idem
3271 2733 3524 2790 omnibus

1950 2825 2069 2879 aliis
2099 2836 2282 2895 postea
2314 2824 2635 2894 excogitatis
2664 2822 2942 2893 praefer-ie.
2974 2824 3080 2881 Sed
3106 2835 3325 2896 propter
3346 2826 3520 2882 haere-

1951 2918 2075 2979 sim,
2101 2931 2220 2987 qua:
2256 2932 2428 2986 nuper
2461 2917 2755 2983 prodierat,
2796 2916 2916 2970 ﬁdei
2954 2915 3186 2971 Niczenze
3217 2917 3523 2973 addendam

1951 3020 2070 3060 esse
2091 3015 2272 3059 censet
2293 3005 2739 3075 gloriﬁcationem
2763 3004 2997 3074 Spiritus
3020 3005 3192 3061 sancti
3218 3021 3340 3061 cum
3365 3006 3525 3063 Patre
3616 3047 3623 3055 .

1952 3108 2005 3153 et
2035 3098 2199 3153 Filio.
2240 3098 2452 3167 Scripta
2498 3112 2626 3167 ergo
2660 3098 2775 3152 haec
2808 3098 3032 3167 epistola
3064 3108 3346 3169 postquam
3369 3100 3527 3154 Basi-

268 3193 372 3248 set,
409 3183 697 3253 Evagrium
730 3183 874 3237 illius
901 3193 1202 3241 conventus
1238 3186 1555 3254 participem
1593 3201 1714 3241 esse
1746 3203 1846 3242 no-
1877 3218 1920 3275 α
1954 3188 2056 3243 lius
2088 3188 2330 3243 formulae
2357 3187 2586 3243 Nicena:
2614 3187 3060 3258 gloriﬁcationem
3086 3190 3319 3258 Spiritus
3350 3192 3526 3247 sancti

269 3276 471 3340 luisse;
506 3285 697 3329 contra
732 3290 894 3345 quam
934 3276 1036 3331 sibi
1066 3277 1327 3333 Caesarea:
1360 3280 1705 3349 promiserat.

342 3366 420 3421 De
446 3366 724 3421 mittendis
773 3368 827 3421 in
876 3366 1225 3425 Occidentem
1258 3369 1453 3439 legatis
1484 3370 1625 3424 idem
1662 3371 1849 3439 sentit,

270 3459 413 3527 quod
438 3458 554 3525 jam
587 3459 640 3514 in
671 3461 916 3529 pluribus
944 3461 1188 3531 epistolis
1217 3462 1319 3517 hoc
1345 3478 1487 3517 anno
1522 3464 1845 3518 declaravit.

273 3549 444 3620 Negat
469 3566 528 3606 se
554 3567 877 3622 quemquam
908 3552 1107 3607 habere
1130 3568 1288 3621 quem
1320 3554 1531 3621 mittat;
1570 3570 1673 3607 non
1705 3555 1848 3607 enim

272 3644 322 3699 ei
376 3658 599 3713 operam
653 3645 923 3698 navabant
971 3646 1211 3712 episcOpi
1258 3660 1274 3697 :
1318 3646 1610 3699 mittendos
1670 3654 1849 3699 autem

272 3736 557 3801 episcopos
605 3732 861 3785 censebat
894 3731 1177 3802 Evagrius,
1227 3733 1387 3803 idque
1418 3734 1851 3789 Occidentalium

275 3823 457 3877 verbis
514 3824 880 3879 nuntiaverat.
930 3823 1202 3881 Prmterea
1260 3826 1598 3883 subobscure
1650 3829 1856 3884 indicat

276 3914 510 3969 Basilius
540 3930 728 3984 parum
761 3916 862 3971 sibi
897 3916 1213 3974 satisfacere
1239 3916 1637 3986 Occidemales,
1665 3936 1764 3977 nec
1796 3937 1856 3977 se

276 4008 407 4077 quid
463 4007 544 4061 eis
591 4010 934 4065 scribendum
964 4012 1060 4076 sit,
1095 4021 1186 4066 aut
1221 4013 1350 4082 quid
1382 4028 1448 4069 ex
1481 4013 1743 4083 ejusmodi
1771 4013 1857 4068 lit-

280 4102 413 4155 teris
462 4103 792 4171 sperandum
842 4104 1046 4159 videre.
1094 4105 1362 4162 Caeterum
1419 4106 1475 4161 in
1520 4108 1623 4162 hoc
1674 4121 1855 4162 rerum

276 4202 418 4247 statu
464 4201 735 4261 precatur,
791 4203 851 4247 ut
884 4194 1023 4249 inter
1056 4205 1265 4264 septem
1304 4198 1450 4253 mille
1483 4198 1857 4254 viros-nume-

282 4295 453 4350 retur,
484 4286 575 4355 qui
611 4299 746 4356 genu
781 4296 907 4340 ante
937 4287 1064 4341 Baal
1095 4302 1199 4341 non
1233 4288 1586 4345 incurvavere
1612 4308 1626 4345 :
1650 4301 1703 4346 et
1734 4306 1856 4346 cum

280 4375 521 4429 animam
548 4391 700 4430 suam
736 4376 803 4429 ab
839 4376 1113 4434 haereticis
1147 4378 1317 4447 quaeri
1368 4378 1554 4443 sciret,
1587 4383 1652 4437 de
1678 4382 1859 4437 studio

280 4464 540 4522 Ecclesiis
570 4467 749 4522 debito
772 4468 904 4522 nihil
932 4484 990 4524 se
1026 4472 1377 4526 remissurum
1404 4471 1689 4541 promittit.

1953 3295 2076 3334 cum
2114 3278 2274 3335 Patre
2300 3290 2354 3334 et
2381 3276 2519 3335 Filio
2545 3279 2846 3335 addendam
2868 3282 3096 3335 censuit.
3125 3281 3177 3334 Id
3205 3291 3382 3336 autem
3412 3293 3525 3338 tum

1953 3373 2167 3427 demum
2200 3373 2413 3427 videtur
2450 3372 2751 3437 censuisse,
2796 3388 2921 3428 cum
2964 3374 3329 3439 Eustathium,
3361 3376 3526 3432 veluti

1952 3465 2237 3531 quemdam
2272 3462 2547 3529 Proreum,
2575 3464 2949 3534 constringere
2982 3466 3171 3519 voluit.
3197 3464 3374 3533 Quare
3407 3476 3528 3537 post

1954 3552 2082 3606 illud
2108 3554 2323 3621 quidem
2357 3563 2565 3625 tempus
2588 3556 2789 3621 scripta
2819 3558 2932 3611 haec
2959 3558 3207 3625 epistola,
3229 3559 3321 3613 sed
3345 3566 3529 3617 tamen

1954 3652 2244 3714 antequam
2292 3645 2559 3699 Enstatliii
2608 3654 2663 3700 et
2707 3646 2936 3701 aliorum
2982 3647 3324 3703 inimicorum
3376 3665 3529 3707 nova

1955 3736 2261 3791 molitiones
2297 3736 2551 3791 Basilium
2599 3737 2653 3792 in
2684 3738 2840 3793 triste
2864 3739 3133 3807 quoddam
3170 3740 3437 3795 silentium
3471 3753 3527 3797 et

1956 3830 2282 3899 suspiciosus
2305 3829 2582 3885 cautiones
2608 3830 3001 3899 conjecissent;
3036 3832 3108 3885 ita
3138 3844 3195 3887 ut
3223 3849 3326 3888 non
3356 3833 3531 3889 liben-

1960 3926 2041 3973 ter
2088 3922 2152 3974 de
2200 3923 2357 3976 rebus
2390 3921 2710 3992 dogmaticis
2738 3926 3113 3995 responderet,
3144 3937 3201 3981 ut
3228 3928 3530 3985 videbimus

1958 4026 2102 4064 anno
2133 4014 2399 4081 sequenti.

2027 4101 2260 4158 Basilius
2290 4104 2444 4159 initio
2486 4106 2831 4177 episcopatus
2872 4107 3036 4163 multa
3081 4109 3147 4163 ad
3188 4110 3528 4179 disciplinam

1959 4194 2345 4249 emendandam
2392 4195 2731 4264 decreverat,
2780 4198 2833 4253 in
2882 4199 2965 4254 bis
3000 4208 3061 4254 ut
3105 4215 3173 4254 ne
3222 4200 3309 4255 cui
3342 4202 3533 4255 liceret

1960 4284 2144 4338 uxoris
2195 4294 2418 4339 mortua:
2453 4298 2696 4340 sororem
2749 4286 2800 4339 in
2853 4286 3260 4340 matrimonium
3310 4287 3530 4343 ducere.

1962 4373 2068 4428 Sed
2099 4376 2304 4443 aliquot
2332 4376 2490 4429 annis
2518 4375 2716 4444 elapsis
2746 4375 2998 4441 prodiere
3028 4375 3127 4430 sub
3160 4377 3379 4431 nomine
3408 4376 3531 4430 Dio-

1964 4467 2080 4520 dori
2123 4466 2418 4538 presbyteri
2472 4465 2664 4520 litterte
2713 4466 2779 4520 ad
2835 4465 3203 4522 defensionem
3269 4466 3530 4534 ejusmodi

351 4555 470 4610 lam
523 4560 765 4617 luserant
802 4576 1023 4630 operam
1060 4564 1243 4617 Ariani
1293 4564 1449 4620 initio
1496 4563 1657 4630 hujus
1704 4562 1854 4628 anni,
1890 4563 1933 4617 Ι)
1965 4558 2427 4611 matrimoniorum
2462 4559 2793 4627 compositae,
2844 4574 2979 4629 quas
3013 4561 3230 4629 quidam
3273 4560 3529 4624 ostendit,

280 4648 408 4699 dum
459 4648 683 4705 insidias
728 4651 929 4707 Basilio
965 4662 1203 4709 struunt.
1237 4653 1341 4708 Sed
1378 4670 1722 4725 nequaquam
1762 4655 1856 4709 de-

284 4739 409 4794 fessi
458 4738 601 4793 idem
652 4758 842 4799 rursus
894 4743 1132 4815 aggressi
1164 4758 1310 4811 sunt,
1344 4744 1571 4815 ejusque
1616 4747 1851 4800 animam

282 4829 599 4899 quaerebant
632 4842 741 4887 tum
769 4851 889 4889 cum
934 4836 1163 4906 Evagrio
1188 4838 1471 4893 scriberet.
1504 4835 1639 4891 Mala
1662 4850 1852 4891 eorum

282 4921 509 4975 consilia
542 4920 743 4975 indicat
772 4924 825 4978 in
857 4925 1079 4994 epistola
1106 4926 1351 4993 sequenti
1376 4926 1485 4997 (ὁ),
1525 4926 1577 4980 in
1611 4940 1717 4995 qua
1748 4925 1858 4979 Eu-

282 5012 495 5064 sebium
538 5020 708 5081 rogat,
744 5024 803 5066 ut
850 5030 946 5083 pro
982 5030 1040 5071 se
1068 5014 1239 5068 Deum
1271 5028 1543 5085 precetur,
1580 5025 1638 5071 ut
1667 5030 1859 5084 quem-

285 5104 577 5160 admodum
610 5120 638 5159 a
671 5109 957 5175 praeteritis
1005 5108 1417 5172 tentationibus,
1470 5112 1545 5164 ita
1581 5108 1750 5166 etiam
1791 5111 1859 5163 ab

285 5192 694 5249 imminentibus
734 5193 1011 5251 liberetur.
1047 5199 1099 5252 In
1144 5200 1329 5253 eadem
1363 5199 1584 5268 epistola
1616 5199 1855 5255 dolorem

284 5298 442 5336 suum
490 5286 779 5357 signiﬁcat,
822 5288 965 5357 quod
1010 5291 1299 5345 Eusebium
1352 5293 1630 5359 praeterita
1672 5301 1862 5346 amate

284 5390 395 5429 non
441 5375 1052 5449 viderit:qneriturque
1093 5383 1234 5452 quod
1282 5381 1550 5437 Eusebius
1600 5383 1666 5436 ad
1698 5397 1757 5437 se
1798 5398 1863 5437 ne

285 5468 493 5522 scribat
521 5469 773 5536 quidem;
821 5473 964 5528 unde
994 5472 1111 5542 ejus
1143 5475 1385 5529 absentia
1421 5488 1525 5528 non
1566 5474 1656 5527 alii
1687 5490 1865 5529 causa:

289 5558 601 5626 tribuenda,
649 5560 751 5613 nisi
798 5562 940 5631 quod
990 5563 1138 5631 piger
1179 5564 1248 5618 sit
1285 5565 1352 5617 ad
1394 5561 1863 5633 peregrinationes

282 5646 576 5704 charitatis
608 5664 769 5704 causa
804 5654 1193 5723 suscipiendas.

362 5760 438 5831 (τι)
479 5760 650 5831 Epist.
684 5763 803 5817 156.

365 5836 436 5901 (εν)
477 5830 645 5900 Epist.
680 5834 801 5886 157.

620 5924 885 5985 Pnnon.
935 5927 1046 5985 Gn.
1099 5929 1335 5988 XXIX.

1962 4650 2055 4702 sed
2088 4665 2273 4703 rursus
2304 4648 2546 4711 abstulit,
2574 4658 2629 4705 et
2656 4660 2843 4706 contra
2872 4650 3127 4705 Basilium
3160 4649 3325 4707 veluti
3357 4652 3533 4721 quod-

1962 4740 2084 4794 dam
2115 4749 2371 4811 tr0p:eum
2397 4740 2746 4804 circumtulit,
2778 4741 3044 4797 licentiam
3086 4743 3333 4797 dictitans
3362 4759 3415 4796 se
3436 4742 3535 4796 Ita-

1966 4830 2082 4886 bere
2103 4835 2295 4901 scripto
2334 4836 2664 4887 mandatam.
2712 4832 2921 4901 Quibus
2944 4849 3010 4890 ex
3046 4835 3227 4890 verbis
3261 4834 3536 4906 colligitur

1966 4941 2086 4980 eum
2138 4924 2471 4980 commisisse
2506 4928 2646 4995 quod
2693 4927 3042 4996 prohibuerat
3084 4926 3331 4982 Basilius.
3355 4927 3411 4983 Si
3438 4931 3537 4984 has

1967 5017 2177 5071 litteras
2208 5018 2487 5073 habuisset
2532 5019 2787 5084 Basilius,
2824 5020 3053 5074 libenter
3084 5020 3319 5076 Diodoro
3351 5021 3536 5076 misis-

1967 5117 2083 5164 set:
2130 5110 2224 5163 sed
2254 5125 2377 5163 cum
2426 5111 2642 5164 minime
2684 5110 2973 5175 dubitaret,
3013 5113 3141 5181 quin
3176 5112 3291 5179 ejus
3332 5111 3534 5165 nomini

1966 5216 2061 5271 per
2087 5199 2327 5255 fraudem
2360 5202 2549 5257 aiIictze
2585 5204 2829 5269 fuissent,
2856 5204 3001 5273 prior
3029 5205 3142 5275 ipse
3171 5204 3287 5259 illas
3316 5203 3534 5268 refellit,

1968 5300 2027 5345 ut
2064 5292 2259 5361 duplici
2292 5309 2450 5346 manu
2484 5303 2891 5363 oppugnentur;
2924 5296 3063 5349 idem
3090 5294 3232 5349 enim
3267 5292 3534 5349 facturum

1963 5378 2254 5434 Diodorum
2302 5383 2579 5451 sperabat.
2635 5382 2921 5437 Decretum
2970 5400 3124 5438 suum
3182 5384 3420 5438 defendit
3468 5399 3535 5437 cx

1962 5473 2349 5527 consuetudine
2401 5474 2655 5530 Ecclesia
2708 5473 3056 5531 Caesariensis
3092 5494 3107 5531 :
3140 5475 3375 5542 etplieat
3432 5488 3535 5527 cur

1962 5561 2171 5631 Moyses
2196 5580 2258 5618 ea
2292 5565 2355 5618 de
2381 5580 2439 5620 re
2469 5566 2697 5630 siluerit,
2716 5569 2797 5623 vel
2826 5570 3003 5639 potius
3031 5583 3136 5622 non
3168 5567 3380 5622 siluisse
3402 5578 3537 5617 con-

1966 5656 2491 5711 tendit:natnralem
2526 5661 2898 5729 cognationem
2935 5662 3018 5716 Itis
3047 5658 3245 5729 nuptiis
3271 5654 3538 5715 confundi

2051 5765 2116 5831 (ε)
2158 5766 2322 5833 Epist.
2357 5769 2476 5823 158.

2043 5833 2118 5903 (ά)
2160 5835 2325 5905 Epist.
2367 5839 2480 5891 145.

3179 5931 3216 5987 lt
