4038 6448
1611 418 1771 474 VITA
1813 420 1869 474 S.
1912 416 2179 475 BASlLll.

3370 440 3494 484 (ΖΞΙί

286 540 473 601 oniitis
502 542 734 604 litteras,
785 547 841 593 et
867 536 1040 593 eidem
1097 531 1279 589 Basilii
1324 545 1642 603 responsum
1680 537 1830 592 ret'u-
1856 542 1910 601 Α
1939 533 2226 589 Fructibus
2276 537 2637 604 spiritualibus
2692 538 2957 592 nationem
3001 547 3233 592 exteram
3282 541 3499 609 replevi-

258 641 407 697 lisse.

322 729 545 787 Junium
572 726 837 782 Soranum
870 721 1059 777 limitis
1082 720 1321 794 Scythici
1352 720 1543 774 ducem
1604 736 1829 792 rogave-

258 834 340 878 rat
373 819 627 884 Basilius,
666 828 726 872 ut
776 829 942 883 supra
994 814 1248 877 vidimus,
1284 819 1342 865 ut
1378 820 1676 880 martyrum
1705 811 1824 865 reli-

254 914 401 984 quiis
428 914 655 983 patriam
709 908 942 972 ditaret;
995 901 1433 975 quandoquidem
1483 900 1590 957 illic
1641 917 1829 973 perse-

256 1005 430 1073 cutio,
464 1007 580 1074 ipso
611 1006 961 1053 asseverante
991 996 1220 1055 Sorano,
1264 1002 1527 1063 martyres
1573 990 1827 1047 faciebat.

254 1096 372 1152 Non
404 1094 588 1167 segnis
620 1090 862 1145 Soranus
893 1091 945 1143 in
981 1085 1251 1141 mandatis
1282 1082 1466 1139 Basilii
1501 1083 1830 1139 exhaurien-

253 1186 336 1242 dis
362 1196 564 1251 corpus
592 1179 649 1233 S.
693 1178 872 1244 Salue,
903 1178 995 1248 qui
1028 1190 1169 1229 anno
1215 1173 1323 1227 572
1370 1174 1457 1229 die
1518 1174 1587 1228 12
1633 1171 1831 1241 Aprilis

253 1290 450 1350 passus
480 1272 677 1339 fuerat,
703 1272 756 1326 in
786 1266 1182 1339 Cappadociam
1219 1269 1474 1335 perviros
1504 1266 1608 1317 lide
1635 1262 1830 1332 dignos

255 1370 441 1432 misit,
494 1381 616 1420 cum
656 1378 924 1421 c0uscnsu
984 1360 1306 1431 presbyterii
1362 1360 1503 1412 illius
1550 1354 1827 1416 Ecclesiae,

249 1474 370 1532 qua
414 1460 514 1515 bas
557 1458 817 1528 reliquias
889 1454 1218 1523 possidebat.
1282 1448 1637 1523 Optatissimo
1688 1446 1830 1501 dono

247 1551 520 1620 adiunctas
579 1557 737 1606 erant
790 1545 980 1599 littera:
1038 1542 1290 1599 Ecclesia:
1351 1539 1653 1600 Gottbicae,
1716 1544 1828 1592 tum

246 1644 418 1699 etiam
472 1643 593 1698 alia:
636 1641 775 1703 dum,
807 1637 1046 1693 Ascholii
1099 1646 1152 1689 et
1182 1635 1401 1690 Sorani.
1432 1631 1657 1685 Etiamsi
1684 1632 1825 1685 enim

248 1735 541 1792 Ascholius
570 1730 853 1803 epistolam
878 1730 1132 1785 Ecclesia:
1155 1726 1443 1789 Gotthicas,
1476 1732 1535 1779 ut
1554 1724 1829 1778 existimat

247 1825 653 1890 Tillemontius,
712 1824 997 1891 scripsisse
1044 1821 1292 1884 dicatur;
1338 1827 1485 1873 certe
1518 1816 1678 1871 aliam
1730 1833 1828 1871 suo

247 1925 469 1977 nomine
493 1915 695 1986 adjecit
732 1916 831 1987 (a).
874 1914 1007 1967 Nam
1039 1910 1324 1965 Ascholius
1361 1911 1412 1964 in
1467 1911 1579 1963 suis
1625 1911 1689 1963 ad
1722 1909 1827 1962 Ba-

247 2013 430 2068 silium
468 2011 667 2065 litteris
693 2007 947 2062 laudabat
976 2014 1221 2059 sanctum
1258 2004 1537 2075 Eutychen
1586 2013 1641 2057 et
1683 2001 1827 2071 Cap-

245 2104 552 2173 padociam,
590 2113 655 2154 ex
678 2112 783 2167 qua
804 2096 1008 2151 semina
1038 2096 1251 2165 pietatis
1274 2098 1410 2165 apud
1444 2092 1674 2148 Gottbos
1704 2106 1828 2160 per-

243 2201 537 2249 venerant.
576 2192 645 2245 At
675 2188 810 2244 nihil
853 2188 1118 2257 ejusmodi
1176 2189 1376 2255 legitur
1418 2185 1469 2237 in
1500 2184 1695 2237 litteris
1727 2184 1829 2237 Ec-

246 2288 428 2344 clesia:
457 2286 748 2343 Gotthicar.
806 2284 1114 2352 Quinetiam
1146 2300 1252 2337 non
1308 2280 1578 2336 immerito
1619 2281 1830 2335 dubite-

246 2393 361 2447 tur,
416 2398 487 2437 an
538 2381 848 2436 litterarum
905 2376 1160 2431 Ecclesia:
1213 2372 1481 2429 Gottbicaa
1535 2385 1724 2429 auctor
1760 2375 1831 2429 sit

244 2483 471 2528 sanctus
503 2470 817 2526 Ascliolius.
849 2466 983 2520 Nam
1034 2481 1157 2519 cum
1188 2464 1268 2519 hae
1294 2463 1489 2519 litterae
1519 2473 1827 2519 accuratam

241 2563 481 2617 habeant
533 2559 781 2629 martyrii
839 2556 1013 2611 sancti
1056 2554 1215 2609 Sabe
1271 2555 1734 2624 descriptionem;
1782 2556 1827 2610 si

243 2670 341 2709 eas
371 2651 688 2720 scripsisset
742 2658 966 2703 sanctus
1010 2647 1335 2712 Ascholius,
1372 2661 1478 2700 non
1538 2645 1694 2700 video
1734 2661 1830 2701 cur

244 2744 447 2800 iterum
482 2743 537 2798 in
568 2742 696 2797 aliis
726 2743 790 2795 ad
816 2749 1064 2795 sanctum
1098 2737 1357 2792 Basilium
1388 2736 1583 2792 litteris
1631 2738 1827 2791 iterum

244 2837 389 2893 idem
428 2836 753 2907 martyrium
801 2832 1182 2903 descripsisset
1214 2847 1228 2884 :
1288 2831 1430 2901 quod
1468 2841 1645 2885 tamen
1672 2828 1828 2883 Basi-

243 2933 354 2987 lius
404 2935 471 2987 ab
522 2947 589 2985 eo
634 2939 869 2984 testatur
918 2926 1249 2994 descriptum
1292 2923 1457 2978 fuisse
1495 2923 1546 2976 in
1591 2922 1676 2976 illa
1714 2922 1830 2990 epi-

248 3024 417 3084 stola,
448 3035 567 3090 quae
602 3027 848 3075 sanctum
880 3018 1157 3087 Eutychen
1193 3028 1246 3071 et
1274 3015 1666 3086 Cappadociam
1712 3017 1829 3070 lau-

245 3114 431 3171 dabat.

320 3202 457 3260 Cum
491 3203 669 3258 sancti
705 3198 944 3256 Ascholii
974 3198 1171 3254 littera:
1218 3195 1458 3266 Spiritus
1483 3196 1657 3252 sancti
1703 3212 1827 3266 gra-
1854 3226 1895 3283 ε

246 3300 327 3355 tia
348 3307 648 3361 scaterent,
686 3295 836 3349 visus
870 3304 955 3349 est
993 3292 1097 3347 sibi
1134 3291 1385 3355 Basilius,
1440 3292 1565 3344 dum
1608 3305 1703 3344 eas
1750 3289 1827 3345 le-

248 3398 427 3457 geret,
454 3388 651 3458 priscis
710 3386 1047 3453 temporibus
1105 3381 1337 3446 versari,
1392 3396 1513 3435 cum
1564 3380 1827 3438 Ecclesiae

242 3493 462 3543 omnes,
487 3477 636 3532 velut
687 3478 853 3531 multa
883 3478 1122 3530 membra
1172 3475 1223 3527 in
1259 3487 1368 3526 uno
1395 3487 1643 3542 corpore,
1679 3474 1827 3529 miri-

246 3569 349 3624 ﬁce
380 3568 788 3634 consentirent;
839 3582 963 3623 cum
1022 3566 1296 3622 manifesti
1352 3575 1553 3630 essent,
1616 3574 1671 3622 et
1733 3567 1823 3634 qui

245 3658 733 3729 persequebantur,
764 3667 817 3711 et
844 3656 935 3726 qui
971 3658 1404 3727 persecutionem
1457 3656 1823 3726 patiebantur.

245 3750 429 3807 Rediit
496 3750 713 3805 animus
756 3746 942 3804 Basilii
984 3749 1049 3804 ad
1088 3750 1323 3818 priscam
1358 3749 1502 3802 illam
1535 3749 1827 3803 beatitudi-

242 3859 393 3910 nem,
429 3842 518 3897 ubi
572 3841 766 3896 littera
810 3856 875 3896 ex
908 3850 1115 3895 remota
1163 3840 1386 3909 regione
1420 3847 1717 3903 venerunt,
1754 3836 1830 3891 di-

243 3931 500 3989 lectionis
547 3930 950 4002 pulchritudine
1002 3927 1440 3995 elllorescentes;
1504 3944 1567 3985 ac
1623 3938 1829 3999 martyr

246 4024 465 4081 advenit
506 4040 535 4078 a
563 4023 810 4079 barbaris
856 4023 997 4079 ultra
1053 4022 1251 4079 Istrum
1306 4023 1695 4090 habitantibus,
1730 4034 1829 4094 per

244 4132 306 4173 se
361 4118 477 4185 ipse
538 4116 839 4187 praedicans
888 4114 1011 4171 ﬁdei
1083 4114 1194 4171 illic
1249 4115 1482 4185 vigentis
1539 4115 1826 4186 integrita-

246 4223 378 4270 Icili.

317 4305 561 4377 Epistola
628 4318 861 4376 sequens
908 4300 1012 4373 (ὁ),
1064 4314 1184 4371 qua
1236 4299 1410 4357 eidem
1459 4299 1714 4355 Ascbolio
1770 4300 1826 4354 in

254 4396 511 4452 omnibus
565 4394 846 4453 codicibus
877 4407 1008 4449 mss.
1065 4403 1121 4449 et
1172 4391 1331 4448 editis
1386 4390 1724 4456 inscribitur,
1773 4391 1827 4445 in

246 4504 479 4562 magnas
531 4487 874 4545 difﬁcultates
918 4486 1317 4542 Tillemontium
1385 4484 1627 4555 conjicit.
1691 4482 1825 4539 Nam

1932 625 2069 679 sti...
2100 625 2168 678 Et
2213 641 2331 679 cum
2370 643 2464 695 pro
2510 630 2615 694 fide
2662 629 2953 683 certamina
3000 630 3304 696 sustinet-es,
3334 631 3497 686 Deum

1931 714 2258 786 gloriﬁcabat
2286 718 2460 786 patria
2495 728 2695 784 nostra,
2731 722 2919 774 bonum
2959 733 3170 787 patrum
3222 720 3499 777 hwredita-

1932 813 2033 857 tem
2061 805 2115 858 in
2148 816 2196 859 te
2226 806 2446 859 audiens
2475 807 2745 861 custodiri.
2780 811 2840 863 2°
2864 809 3177 865 Certissime
3208 812 3497 881 Cappadox

1932 910 2051 952 erat
2080 896 2272 955 Junius
2321 900 2583 954 Soranus.
2615 897 2685 951 At
2720 899 2856 954 idem
2913 902 2979 957 de
3024 900 3082 955 S.
3110 899 3363 956 Ascholio
3390 904 3494 957 dici

1933 1004 2037 1043 non
2105 1000 2300 1059 potest,
2353 1003 2515 1059 quem
2563 1004 2837 1057 nunquam
2894 994 3108 1049 viderat
3150 991 3401 1057 Basilius,
3442 1004 3499 1047 nt

1934 1090 2082 1148 patet
2109 1096 2173 1134 ex
2202 1082 2354 1137 initio
2385 1081 2627 1151 epistola:
2673 1078 2795 1134 15‘.
2823 1080 2878 1134 In
2921 1084 3150 1138 secunda
3172 1086 3399 1155 epistola
3431 1087 3498 1139 ad

1933 1186 2054 1224 eum
2092 1174 2318 1243 scripta,
2345 1188 2466 1244 quas
2495 1183 2575 1230 est
2627 1171 2755 1240 164,
2781 1173 2986 1241 gratias
3030 1177 3078 1228 ei
3114 1179 3222 1246 agit
3266 1176 3499 1232 Basilius

1932 1264 2074 1332 quod
2125 1264 2518 1334 Cappadociam
2578 1264 2900 1321 laudaverit.
2934 1265 3154 1320 Etiamsi
3192 1269 3496 1339 Cappadoci

1933 1356 2221 1410 conveniat
2246 1356 2467 1413 laudare
2498 1357 2921 1429 Cappadociam,
2949 1357 3140 1411 saltem
3184 1375 3347 1415 causa
3390 1379 3506 1434 non.

1933 1456 2053 1502 erat
2081 1463 2181 1502 cur
2207 1448 2255 1502 ei
2282 1449 2465 1517 gratia:
2505 1460 2812 1519 agerentur.
2856 1448 3123 1504 Praterea
3172 1463 3294 1519 qua
3336 1453 3403 1506 de
3435 1454 3496 1507 S.

1933 1536 2189 1592 Ascliolio
2214 1547 2399 1591 narrat
2444 1538 2785 1603 Ambrosius,
2814 1554 2937 1594 eum
2984 1539 3037 1593 iu
3073 1538 3274 1592 Achaia
3304 1549 3398 1593 aut.
3422 1544 3493 1593 vi-

1932 1630 2071 1685 cinis
2093 1628 2399 1698 regionibus
2431 1638 2613 1683 natum
2640 1645 2757 1684 esse
2786 1632 3035 1699 probant.
3087 1629 3189 1684 Ille
3220 1647 3275 1685 se
3315 1647 3501 1684 mona-

1932 1724 2100 1777 steriis
2130 1737 2261 1790 puer
2288 1722 2449 1788 dedit,
2483 1723 2655 1791 inquit
2697 1722 2755 1777 S.
2783 1722 3102 1779 Ambrosius
3131 1722 3226 1795 (c),
3265 1733 3312 1777 et
3357 1725 3497 1778 intra

1932 1818 2185 1870 Achaiam
2221 1824 2448 1885 angusto
2483 1816 2693 1869 clausus
2721 1817 2933 1885 tugurio
2954 1819 3125 1885 gratia
3154 1828 3326 1871 tamen
3357 1817 3497 1870 ntul-

1932 1918 2105 1960 tarum
2159 1918 2423 1961 terrarum
2460 1907 2757 1977 peragrat-it
2815 1908 3063 1963 divortia.
3123 1909 3182 1962 5ο
3226 1909 3341 1964 Νυη
3380 1912 3493 1979 ipse

1931 1997 2219 2052 Ascliolins
2255 2014 2450 2067 corpus
2494 2000 2663 2053 sancti
2719 1996 2877 2052 Sub-te
2938 1998 3087 2053 misit
3130 1999 3183 2053 in
3223 1998 3500 2069 Cappado-

1932 2086 2095 2150 ciam,
2134 2087 2227 2140 sed
2263 2087 2313 2139 id
2366 2088 2558 2143 Sorani
2592 2088 2740 2143 curis
2767 2087 3021 2142 tribuitur
3049 2089 3103 2142 iu
3133 2090 3356 2159 epistola
3395 2089 3499 2145 Ec-

1934 2176 2112 2230 clesiae
2152 2174 2438 2231 Goubicaa.
2486 2178 2673 2234 Melius
2702 2184 2832 2251 ergo
2890 2179 2941 2234 ei
2983 2182 3230 2249 congruit
3267 2183 3492 2251 epistola

1933 2270 2054 2331 165,
2092 2280 2275 2339 utpote
2307 2272 2372 2324 ad
2400 2286 2521 2325 eum
2556 2273 2779 2340 scripta,
2816 2275 2906 2343 qui
2946 2277 3178 2345 patriam
3208 2275 3311 2329 hoc
3357 2281 3497 2331 dono

1931 2372 2242 2415 ornaverat.
2274 2365 2330 2415 4ο
2368 2362 2524 2419 Tunc
2546 2365 2779 2434 primum
2824 2383 2920 2437 per
2950 2368 3158 2424 litteras
3185 2370 3496 2425 Ascholiutn

1931 2464 2155 2510 noverat
2186 2454 2436 2522 Basilius,
2462 2472 2585 2511 cum
2626 2459 2849 2529 scripsit
2880 2462 3162 2529 epistolam
3189 2464 3278 2517 54.
3314 2463 3384 2518 At
3430 2465 3500 2529 is,

1931 2550 1997 2601 ad
2038 2562 2197 2617 quem
2231 2551 2433 2618 scripta
2458 2559 2541 2604 est
2577 2550 2805 2619 epistola
2828 2552 2951 2620 165,
2988 2554 3185 2609 dudum
3214 2571 3338 2611 cum
3397 2556 3502 2610 Ba-

1931 2641 2050 2695 silio
2106 2642 2343 2696 amicitia
2371 2651 2424 2697 et
2471 2643 2871 2699 necessitudine
2919 2646 3239 2715 eonjunctus
3278 2658 3415 2713 erat,
3443 2659 3502 2703 ut

1932 2742 2077 2799 patet
2102 2748 2166 2786 ex
2206 2735 2287 2788 bis
2319 2735 2499 2789 verbis
2532 2752 2547 2787 :
2597 2734 2779 2791 Votum
2820 2738 2965 2793 nobis
3019 2743 3290 2811 antiquata
3332 2744 3500 2796 adm-

1930 2824 2083 2887 plevit
2113 2824 2252 2877 Deus
2278 2837 2517 2893 sanctus,
2566 2844 2686 2881 cum
2728 2829 2881 2881 nobis
2934 2831 3182 2897 dignatus
3208 2841 3284 2885 est
3312 2848 3498 2889 conce-

1929 2919 2071 2982 dere,
2104 2925 2160 2969 ut
2188 2932 2323 2971 certe
2354 2917 2562 2986 pietatis
2593 2929 2697 2973 ture
2733 2918 2935 2973 litteras
2978 2922 3346 2988 acciperemus.
3384 2920 3499 2978 Hoc

1928 3008 2068 3062 enim
2097 3008 2392 3062 maximum
2424 3019 2500 3062 est
2530 3018 2579 3062 et
2596 3012 2823 3065 maxime
2852 3014 3223 3082 exoptandum,
3254 3017 3427 3071 uidere
3453 3027 3503 3072 ts

1929 3111 1978 3153 et
2002 3102 2169 3155 videri
2190 3118 2222 3154 a
2249 3110 2319 3168 te,
2361 3117 2426 3154 ac
2465 3099 2693 3169 Spiritus
2717 3104 2891 3170 donis,
2925 3122 3043 3175 quae
3066 3110 3117 3164 t'n
3154 3117 3202 3162 te
3238 3119 3379 3171 sunt,
3411 3125 3504 3176 per

1933 3191 2275 3258 nosmetipsos
2298 3192 2520 3260 perfrui.
2546 3194 2652 3248 Sed
2676 3195 2799 3265 quia
2828 3196 2883 3248 id
2929 3207 2977 3249 et
3006 3196 3105 3252 loci
3133 3199 3383 3253 distantia
3403 3217 3502 3255 au-

1932 3282 2052 3347 fert,
2085 3290 2135 3335 et
2162 3282 2368 3351 negotia
2393 3283 2584 3352 quibus
2617 3286 2867 3354 priuatim
2907 3294 3123 3357 uterque
3151 3300 3385 3342 nostrum
3411 3291 3501 3343 de-

1931 3377 2190 3427 tinemur:
2216 3374 2271 3427 in
2302 3375 2547 3429 secundis
2598 3377 2729 3431 satis
2756 3377 2941 3444 fuerit,
2968 3386 3024 3430 ut
3052 3378 3231 3431 anima
3260 3378 3502 3447 [request-

1930 3467 2066 3521 tibus
2115 3476 2221 3521 tute
2268 3466 2321 3521 ia
2361 3466 2571 3521 Christo
2622 3468 2897 3521 charitatis
2940 3467 3126 3523 litteris
3174 3470 3370 3524 alatur.
3404 3468 3503 3526 Bis

1931 3560 2169 3627 profecto
2195 3561 2374 3615 verbis
2401 3559 2737 3629 signiﬁcatur
2764 3560 2985 3629 antiqua
3015 3562 3358 3616 necessitudo
3376 3576 3501 3616 cum

1932 3651 2147 3705 homine
2180 3652 2451 3707 diversum
2478 3666 2507 3704 a
2527 3650 2729 3706 Basilio
2751 3651 2962 3706 vivendi
2989 3666 3157 3722 genus
3180 3654 3465 3723 proﬁtente
3482 3692 3500 3719 ,

1930 3752 1984 3793 et
2019 3739 2220 3809 idcirco
2247 3743 2300 3809 iu
2332 3744 2533 3798 exteris
2556 3742 2867 3813 regionibus
2896 3756 3289 3800 commorante.

2003 3827 2116 3885 Hoc
2158 3830 2325 3885 semel
2355 3831 2531 3902 posito
2555 3832 2836 3903 epistolam
2863 3832 2964 3888 165
2992 3834 3058 3887 ad
3085 3832 3303 3889 Junium
3334 3835 3503 3890 Sora-

1933 3938 2061 3976 num
2108 3923 2366 3991 scriptam
2415 3940 2560 3990 esse,
2600 3942 2701 3982 non
2742 3927 2851 3995 jam
2896 3928 3002 3982 duo
3042 3937 3337 3999 martyrum
3372 3944 3497 3985 cor-

1934 4027 2061 4083 pora
2105 4013 2269 4068 variis
2315 4016 2644 4085 temporibus
2686 4016 2848 4071 missa
2890 4016 2945 4071 in
2970 4016 3361 4088 Cappadociam
3392 4019 3499 4076 dici

1931 4110 2176 4173 possunt.
2210 4099 2345 4158 Nam
2376 4120 2570 4175 corpus
2608 4105 2666 4161 S.
2700 4106 2856 4162 Saba:
2888 4108 3109 4163 missum
3142 4126 3171 4163 a
3199 4108 3361 4165 .lunio
3401 4111 3504 4167 So-

1930 4210 2062 4249 rano
2091 4204 2317 4250 testatur
2372 4196 2599 4266 epistola
2653 4197 2907 4254 Ecclesia:
2936 4198 3232 4268 Gouhicte;
3258 4201 3500 4269 ejusdem

1931 4297 2250 4358 martyrium
2292 4288 2635 4345 describebat
2663 4299 2881 4345 sanctus
2905 4290 3210 4359 Ascholius,
3234 4292 3499 4362 siquidem

1931 4393 2055 4432 eum
2087 4393 2182 4447 per
2212 4380 2390 4447 ignem
2417 4389 2471 4433 et
2511 4396 2703 4450 aquam
2752 4394 3184 4436 consummatum
3235 4383 3398 4441 fuisse
3428 4386 3504 4441 di-

1934 4469 2111 4532 cebat,
2143 4478 2201 4524 ut
2238 4470 2291 4524 in
2348 4469 2461 4540 ipsa
2524 4469 2776 4526 Ecclesia:
2812 4471 3084 4528 Gotthicte
3109 4474 3334 4544 epistola
3369 4474 3513 4546 legi-.

247 4601 370 4641 cum
406 4586 472 4648 is,
502 4583 588 4639 cui
613 4581 815 4651 scripta
840 4590 942 4647 est,
969 4580 1259 4651 Cappadox
1292 4580 1474 4645 fuerit,
1504 4577 1821 4635 Ascholium
1853 4569 1899 4625 Ι)
1930 4576 2064 4617 “W3-

250 4681 301 4732 in
339 4674 681 4749 Cappadocia
718 4684 905 4729 natum
936 4688 1059 4729 esse
1104 4673 1418 4739 existimat;
1453 4684 1509 4728 et
1538 4688 1660 4729 cum
1698 4687 1825 4743 gra-

247 4772 338 4827 tim
374 4778 633 4842 agantur,
682 4766 866 4823 itidem
906 4775 968 4821 ut
1001 4767 1055 4821 in
1110 4766 1455 4835 pracedenti,
1482 4768 1552 4822 ob
1597 4765 1821 4821 missum

246 4860 505 4932 martyris
564 4871 789 4928 corpus,
838 4854 965 4911 inde
1022 4850 1224 4925 colligit
1275 4853 1357 4907 vir
1420 4854 1665 4909 eruditus
1717 4854 1823 4909 duo

245 4962 547 5023 martyrum
576 4962 802 5020 corpora
829 4946 997 5002 variis
1022 4943 1356 5017 temporibus
1391 4960 1421 4999 a
1470 4944 1529 5001 S.
1568 4943 1820 5000 Ascholio

246 5043 301 5099 in
338 5039 736 5111 Cappadociam
765 5037 937 5093 missa
969 5049 1110 5092 esse.
1161 5036 1265 5092 Sed
1298 5035 1620 5091 certissimis
1653 5050 1820 5107 argu-

248 5132 447 5190 mentis
496 5128 711 5200 probari
755 5137 936 5199 potest
978 5126 1118 5182 hanc
1154 5126 1439 5196 epistolam
1474 5142 1580 5183 non
1611 5127 1821 5183 Ascho-

244 5224 320 5280 lio
376 5221 636 5290 scriptam
699 5220 888 5282 luisse,
936 5217 1029 5274 sed
1079 5215 1241 5273 Junia
1294 5217 1529 5284 Sorano,
1564 5218 1629 5274 sd
1659 5232 1820 5289 quem

249 5312 534 5387 epistolam
566 5308 668 5366 155
693 5311 986 5380 scripserat
1020 5306 1278 5362 Basilius.

322 5407 457 5462 Nam
492 5404 548 5459 1·
577 5401 806 5457 Basilius
835 5401 887 5455 in
916 5402 1078 5470 epist.
1102 5396 1205 5455 155
1261 5398 1527 5455 Soranum
1570 5408 1821 5455 numerat

245 5500 392 5558 inter
424 5512 542 5559 eos.
573 5494 665 5567 qui
700 5493 763 5548 ob
789 5490 998 5547 Domini
1040 5508 1230 5547 nomen
1270 5490 1425 5563 libers
1455 5489 1741 5563 loquuntur
1766 5501 1816 5546 et

239 5586 507 5662 spiritales
532 5582 735 5655 fructus
765 5582 946 5637 edunt.
971 5579 1063 5639 Sic
1087 5580 1250 5638 etiam
1286 5580 1338 5637 in
1380 5579 1481 5636 bac
1500 5581 1657 5651 epist.
1688 5580 1816 5647 165,

427 5771 527 5840 Ep.
561 5767 685 5827 16d.

316 5772 394 5915 ixi
548 5772 667 5898 ι’ἕέ

1999 4651 2151 4709 Hanc
2183 4662 2362 4709 autem
2399 4654 2641 4711 laetitiam
2672 4664 2862 4712 sancto
2885 4654 3085 4712 Basilio
3120 4659 3502 4719 existimamus

1926 4746 2173 4801 evenisse
2206 4746 2307 4802 hoc
2331 4761 2474 4802 anno
2498 4746 2605 4803 571
2631 4787 2645 4813 ,
2676 4748 2800 4817 quia
2848 4764 2971 4804 cum
3020 4748 3254 4808 Basilius
3296 4764 3500 4826 marty-

1926 4852 2043 4892 rum
2077 4837 2330 4909 reliquias
2359 4854 2465 4895 noa
2495 4840 2710 4910 petierit
2737 4856 2765 4895 a
2796 4839 2955 4898 Junio
2985 4842 3214 4912 Sorano,
3240 4847 3499 4903 nisianno

1932 4927 2039 4983 575
2098 4926 2323 4983 multum
2378 4938 2659 4999 provecto,
2709 4926 2926 4997 aliquod
2973 4930 3310 4987 intervallum
3372 4936 3495 5003 poni

1930 5024 2091 5078 debet
2114 5021 2256 5076 inter
2279 5020 2419 5075 illius
2447 5021 2657 5077 litteras
2685 5033 2740 5079 et
2778 5022 3125 5093 reliquiarum
3182 5025 3493 5082 adventum.

1925 5112 2184 5171 Testatur
2213 5114 2427 5185 quidem
2458 5113 2696 5171 Ecclesia
2722 5114 2969 5173 Gotthiea
3019 5127 3264 5173 sanctum
3298 5119 3498 5176 Sabsm

1925 5204 2101 5275 pridie
2152 5203 2276 5259 ldus
2330 5203 2533 5274 Aprilis
2590 5221 2808 5277 passum
2848 5222 2969 5263 esse
3022 5224 3163 5266 anno
3226 5210 3352 5275 373,
3402 5213 3499 5268 sed

1924 5296 2043 5366 ejus
2076 5310 2273 5367 corpus
2296 5296 2477 5352 statim
2501 5311 2531 5351 a
2554 5295 2713 5355 Junio
2742 5297 2953 5358 Sorano
2982 5301 3205 5358 missum
3246 5316 3369 5359 esse
3390 5320 3499 5363 non

1926 5388 2079 5444 dicit.

2001 5486 2087 5543 Ill.
2120 5484 2237 5542 Jam
2274 5486 2340 5542 ab
2375 5502 2515 5545 anno
2561 5489 2834 5559 praeterito
2897 5488 3181 5547 Samosata
3227 5492 3497 5565 cogitabat

1926 5579 2180 5649 Basilius,
2217 5580 2309 5636 sed
2341 5581 2466 5638 huic
2516 5582 2741 5640 consilio
2769 5583 2982 5641 obstitit
3026 5584 3273 5642 exsilium
3320 5589 3497 5645 sancti

2000 5763 2073 5836 (c)
2105 5763 2200 5836 Ep.
2233 5764 2319 5831 15,
2347 5781 2401 5821 n.
2435 5765 2522 5823 12.
