4038 6464
1621 346 1780 401 VITA
1821 345 1873 400 S.
1918 346 2180 402 BASILll.

3371 362 3497 402 CXXI

271 455 533 509 modestia
592 456 840 509 redeunti
899 455 1285 525 indulgentiam
1328 456 1643 526 pollicetur;
1680 474 1834 513 secus
1863 462 1909 517 Δ
1938 459 2091 526 stias,
2122 475 2256 528 quas
2284 459 2331 513 ei
2361 459 2620 521 exhibuit,
2651 468 2707 512 ut
2745 473 2905 525 supra
2938 458 3192 520 vidimus,
3228 456 3505 525 Cappado-

264 562 438 609 vero,
483 560 513 599 a
584 546 882 601 ministerio
944 558 1207 602 remotum
1259 563 1378 603 esse
1426 549 1723 603 denuntiat.

338 636 571 705 Scripsit
603 638 764 692 etiam
807 638 905 707 ipsi
943 638 1188 710 Glycerio
1227 637 1472 702 Basilius,
1501 654 1732 708 eumque
1770 650 1829 693 ut

263 737 536 781 amentem
568 736 623 781 et
649 728 1015 792 temerarium,
1065 742 1128 781 ac
1180 742 1300 781 cum
1332 743 1427 781 sua
1456 728 1590 781 stola
1621 738 1671 781 et
1708 744 1836 781 can-

265 819 443 874 tilenis
480 820 717 889 virgines
772 836 877 874 non
925 822 991 873 ad
1044 820 1236 884 Deum,
1270 821 1363 875 sed
1408 820 1472 874 ad
1521 820 1834 873 barathrum

261 912 617 967 deducentem
666 914 909 975 castigat.
977 910 1083 965 Sed
1144 919 1321 965 tamen
1377 922 1599 979 paterno
1654 912 1834 965 animo

262 1004 471 1057 veniam
494 1004 672 1070 oﬂ'ert,
702 1014 983 1072 propterea
1006 1004 1147 1073 quod
1177 1002 1329 1057 multi
1364 1004 1477 1073 ejus
1517 1019 1683 1057 causa
1708 1020 1834 1074 sup-

261 1092 556 1162 plicabant,
585 1096 637 1148 in
664 1095 849 1164 primis
873 1094 1015 1149 illius
1042 1096 1345 1165 presbyter.
1384 1093 1440 1147 Si
1476 1094 1677 1149 diutius
1708 1110 1831 1163 per-

259 1193 362 1237 stet
408 1184 463 1239 in
521 1186 874 1256 impudentia,
916 1189 1083 1257 gradu
1125 1186 1273 1241 illum
1316 1185 1537 1240 omnino
1568 1186 1832 1240 excidisse

259 1273 521 1329 declarat.

327 1365 465 1420 Cum
500 1380 599 1420 nec
637 1366 917 1438 Glycerius
947 1386 1045 1426 nec
1070 1371 1310 1441 virgines
1352 1372 1609 1437 redirent,
1637 1372 1830 1425 iterum

258 1455 449 1508 scribit
480 1453 714 1510 Basilius
763 1456 1044 1527 Gregorio,
1079 1461 1164 1515 cui
1194 1461 1292 1516 has
1345 1478 1523 1518 moras
1561 1462 1833 1517 ascribere

257 1547 499 1607 videtur;
533 1562 839 1618 quanquam
876 1551 1022 1605 illum
1062 1554 1260 1607 l'atetur
1287 1568 1624 1622 nequaquam
1658 1559 1708 1606 td
1750 1553 1832 1604 fa-

253 1650 397 1701 cere,
419 1640 563 1707 quod
581 1641 683 1695 sibi
706 1653 1041 1710 succenseat,
1064 1656 1156 1699 aut
1182 1647 1410 1716 gratiam
1440 1646 1510 1700 ab
1543 1647 1666 1700 aliis
1693 1646 1831 1698 inire

256 1726 403 1780 velit.
465 1729 707 1784 Postulat
739 1745 868 1802 ergo
923 1744 981 1787 ut
1020 1738 1241 1789 redeant
1274 1736 1421 1789 omni
1471 1746 1612 1789 metu
1634 1734 1827 1803 posito,

252 1833 559 1890 eorumque
603 1839 831 1893 sponsor
866 1828 936 1881 sit
983 1826 1294 1894 Gregorius.
1329 1827 1641 1895 Augebatur
1684 1826 1828 1880 enim
1866 1804 1903 1855 Β

255 1910 489 1967 Basilius
526 1921 767 1971 membra
805 1917 1073 1984 abscindi,
1116 1918 1362 1987 quamvis
1396 1918 1589 1971 merito
1622 1918 1832 1972 abscin-

252 2003 535 2058 derentur.
585 2005 856 2073 Declarat,
910 2010 956 2061 si
996 2017 1364 2076 perseverent,
1419 2009 1647 2063 aliorum
1696 2024 1832 2063 onus

254 2092 393 2158 fore,
427 2110 486 2150 se
508 2111 637 2152 vero
654 2107 805 2151 extra
834 2097 1042 2167 culpam
1079 2097 1348 2154 futurum.

324 2184 436 2239 Has
465 2198 644 2239 autem
672 2187 933 2255 epistolas
970 2190 1036 2242 ad
1069 2188 1387 2260 Gregorium
1429 2190 1828 2245 Nazianzenum

251 2274 484 2340 scriptas
509 2274 775 2341 diximus;
815 2277 941 2346 quia
971 2279 1049 2334 sic
1079 2280 1384 2350 reperimus
1427 2280 1481 2333 in
1510 2282 1718 2335 duohus
1742 2296 1830 2333 co—

251 2363 463 2419 ilicibus
505 2380 635 2421 mss.
668 2366 733 2423 Et
760 2385 881 2425 cum
910 2372 1358 2427 verisimillimum
1400 2374 1491 2437 sit,
1521 2374 1563 2427 si
1602 2375 1667 2427 ad
1698 2374 1831 2429 Gre-

251 2457 460 2522 gorium
499 2459 714 2529 scripta:
765 2473 909 2529 sunt,
960 2474 1087 2519 tunc
1140 2465 1369 2533 scriptas
1407 2465 1592 2530 fuisse,
1619 2482 1741 2519 cum
1785 2465 1831 2519 is

252 2548 652 2606 Nazianzenam
681 2554 975 2610 Ecclesiam
1010 2566 1223 2611 mortuo
1241 2567 1390 2625 patre
1412 2567 1643 2627 regeret,
1670 2558 1830 2613 idcir-

251 2655 319 2695 co
352 2642 494 2696 hanc
516 2643 798 2700 historiam
829 2662 973 2703 anno
997 2649 1218 2703 circiter
1237 2648 1342 2703 574
1364 2650 1635 2703 credimus
1657 2654 1832 2707 conti.

252 2734 418 2801 gisse.
455 2733 807 2792 Nazianzenus
831 2740 975 2793 enim
1007 2738 1259 2796 Ecclesia:
1291 2758 1478 2798 curam
1508 2747 1670 2814 gessit
1693 2743 1829 2798 Gre-

252 2828 439 2894 gorius
494 2829 563 2881 ab
616 2843 757 2882 anno
793 2830 898 2882 374
928 2832 1145 2885 ineunte
1178 2849 1345 2901 usque
1384 2837 1449 2889 ad
1488 2852 1685 2890 annum
1725 2835 1830 2889 575

252 2924 565 2972 exeuntem.
592 2919 697 2973 Sed
733 2929 911 2976 tamen
945 2938 1051 2976 non
1080 2924 1234 2979 valde
1261 2927 1606 2990 contendam,
1639 2929 1683 2982 si
1712 2929 1831 2996 quis

251 3009 369 3063 htec
412 3013 479 3063 ad
527 3010 845 3083 Gregorium
900 3013 1204 3085 Nyssenum
1250 3018 1455 3074 referre
1500 3019 1668 3074 malit.
1696 3020 1829 3075 Nam

253 3109 613 3170 praeterquam
653 3107 795 3175 quod
846 3123 952 3162 non
998 3109 1296 3163 certissima
1345 3121 1426 3165 est
1459 3112 1509 3164 in
1540 3112 1623 3166 his
1670 3115 1828 3167 rebus

253 3192 503 3247 codicum
530 3210 659 3249 mss.
693 3198 1009 3260 auctoritas,
1035 3213 1130 3253 nec
1147 3198 1326 3268 plures
1349 3201 1829 3271 habuimus,quam

254 3286 411 3353 duos,
466 3288 557 3356 qui
592 3289 658 3343 de
692 3289 952 3359 Gregorio
1006 3288 1345 3347 Nazianzeno
1379 3294 1704 3348 mentionem
1748 3292 1829 3347 fa-

253 3380 433 3444 ciant;
488 3392 637 3437 certe
664 3382 750 3437 illa
786 3384 839 3437 in
894 3383 1206 3453 recipiendo
1259 3383 1510 3454 Glycerio
1541 3386 1731 3440 lenitas
1778 3396 1833 3437 et

256 3472 588 3541 indulgentia
615 3474 826 3527 videtur
858 3473 1122 3545 Nysseno,
1154 3475 1355 3529 homini
1399 3476 1669 3529 interdum
1701 3476 1832 3530 sint-

254 3564 489 3631 pliciori,
536 3564 708 3632 magis
750 3566 1056 3628 convenire,
1108 3581 1270 3633 quam
1321 3564 1687 3632 Nazianzeno,
1734 3569 1824 3635 qui

254 3668 523 3708 summam
549 3668 761 3723 semper
790 3655 1128 3722 prudentiam
1168 3656 1220 3709 in
1253 3659 1416 3711 rebus
1455 3664 1521 3711 ad
1574 3658 1828 3715 Basilium

254 3761 413 3800 suum
472 3745 842 3814 spectantibus
887 3746 1200 3803 declaravit.
1251 3750 1320 3803 At
1369 3750 1640 3821 Nyssenus
1692 3770 1831 3821 saepe

255 3838 481 3893 fratrem
512 3841 752 3908 gravavit
768 3839 1024 3897 olliciosis
1038 3842 1317 3898 conatibus
1331 3843 1426 3914 (a).
1452 3845 1583 3898 Dum
1601 3863 1723 3899 eum
1744 3864 1830 3900 re-

256 3932 553 3987 conclliare
582 3933 700 3987 vult
728 3948 850 3988 cum
880 3944 1096 4002 patruo,
1135 3938 1501 4004 conquerendi
1529 3938 1703 3991 locum
1734 3938 1825 3992 de-

260 4025 361 4086 dit,
393 4024 535 4088 quod
564 4023 667 4077 sibi
694 4021 891 4076 bellum
917 4022 1196 4077 indiceret.
1229 4024 1609 4081 Vehementior
1626 4029 1833 4083 exstitit

253 4132 399 4171 anno
422 4114 528 4168 572
574 4112 764 4169 Basilii
792 4115 1105 4184 conquestio
1132 4115 1229 4186 (b),
1268 4118 1409 4184 quod
1449 4118 1743 4189 Gregorius
1764 4122 1832 4175 ob

254 4207 659 4276 simplicitatem
684 4216 876 4261 contra
900 4223 961 4263 se
981 4206 1236 4263 nonnulla
1260 4208 1563 4274 moliretur,
1600 4213 1832 4282 synodos

258 4310 477 4371 cogeret
520 4298 771 4363 Ancyrae,
804 4313 904 4353 nec
937 4299 1103 4353 ullum
1134 4298 1237 4353 sibi
1271 4297 1558 4353 insidiandi
1618 4304 1828 4357 modum

254 4393 715 4462 praetermitteret.
750 4388 887 4443 Hinc
933 4391 1083 4444 illum
1138 4390 1369 4446 Basilius
1397 4391 1469 4462 (c)
1495 4395 1828 4461 negotiorum

252 4482 753 4539 ecclesiasticarum
801 4495 1025 4551 prorsus
1058 4482 1398 4553 inexpertum
1448 4498 1571 4537 esse
1595 4486 1822 4553 judieat.
1860 4492 1900 4545 ι)

329 4572 392 4627 ν.
428 4573 726 4643 Episcopus
767 4573 1010 4643 quidam,
1050 4571 1387 4643 Sophronius
1412 4576 1651 4640 nomine,
1705 4592 1823 4630 cum

255 4664 458 4720 Basilio
487 4664 695 4720 litteras
718 4664 1044 4735 scripsisset,
1074 4663 1126 4717 in
1160 4665 1358 4733 quibus
1388 4668 1629 4720 charitas
1652 4668 1826 4734 spira-

250 4760 368 4819 bat,
401 4769 615 4811 summa
673 4754 790 4823 ejus
828 4757 1061 4809 animam
1111 4754 1291 4809 laetitia
1337 4757 1591 4825 perfudit.
1645 4758 1827 4826 Itaque

252 4848 460 4917 gratias
488 4847 537 4899 ei
566 4846 797 4901 Basilius
819 4847 899 4917 (ά)
920 4847 1461 4916 agitpcrhonoriiice,
1491 4866 1555 4903 ac
1575 4866 1824 4919 magnum

253 4940 585 4993 desiderium
617 4939 885 5008 signiﬁcat
933 4956 1054 4993 cum
1099 4949 1248 4995 tanto
1278 4942 1392 4993 viro
1422 4943 1824 5010 congrediendi,

252 5051 418 5103 quem
474 5037 770 5091 venerandi
828 5037 1024 5095 fratres
1057 5052 1111 5093 et
1153 5042 1567 5110 compreshyteri
1605 5038 1824 5092 Patrum

255 5130 380 5183 lidei
430 5130 770 5185 defensorem
799 5145 919 5185 esse
962 5142 1353 5196 narraverant;
1402 5132 1493 5185 sed
1544 5130 1828 5199 quominus

250 5236 376 5272 eum
421 5222 617 5287 adiret,
668 5222 961 5277 obstabant
1013 5225 1224 5293 negotia
1281 5238 1343 5277 ac
1395 5223 1634 5292 corporis
1679 5232 1828 5275 vetus

250 5312 538 5377 aegritudo.
563 5311 748 5368 Insunt
765 5314 888 5369 huic
911 5315 1092 5370 Basilii
1113 5314 1354 5385 epistolae
1372 5316 1521 5383 signa
1550 5313 1823 5379 nonnulla,

250 5416 318 5455 ex
351 5402 549 5469 quibus
582 5404 843 5467 scriptam
872 5420 992 5461 esse
1047 5406 1305 5476 conjicias
1345 5405 1486 5459 inter
1533 5421 1624 5460 eas
1660 5405 1824 5459 mole-

321 5514 403 5581 (a)
439 5517 460 5545 "
480 5532 530 5581 p.
567 5517 655 5572 58.

319 5587 397 5651 ib)
422 5584 517 5650 Ep.
544 5587 665 5640 100.

324 5661 395 5724 (c)
427 5655 521 5721 Ep.
550 5656 674 5711 215.

325 5729 406 5792 (d)
438 5726 532 5790 l-Lp.
574 5726 690 5779 172.

324 5793 675 5861 (σ)ιηη174.

1938 552 2035 605 cite
2061 553 2432 621 episcoporum
2458 550 2799 621 negligentia,
2817 558 2872 604 et
2902 550 3130 602 aliorum
3151 548 3503 617 plurimorum

1936 642 2151 696 animus
2172 642 2219 696 ei
2258 657 2361 695 non
2418 641 2644 706 amicus,
2680 641 2978 708 praesertim
3020 639 3072 692 in
3119 639 3307 703 Ponto,
3344 639 3417 692 ita
3453 649 3511 693 ut

1939 730 2072 784 nihil
2094 740 2239 785 esset
2271 741 2379 784 tam
2407 745 2618 793 rarum,
2657 745 2811 798 quam
2854 729 3154 796 spiritualis
3177 728 3359 796 fratris
3384 746 3510 783 con-

1936 836 2163 888 gressus,
2196 832 2242 874 et
2268 822 2473 875 verbum
2507 820 2785 888 paciﬁcum
2810 830 2858 873 et
2880 819 3169 888 spiritualis
3192 821 3507 874 communio.

1938 914 2208 981 Scriptam
2268 914 2448 980 itaque
2496 914 2635 968 hanc
2706 913 2988 982 epistolam
3045 922 3296 981 putamus
3360 912 3506 967 circa

1936 1004 2280 1060 annunt374.

2008 1096 2340 1150 Catholicam
2372 1095 2530 1150 fidem
2565 1096 2647 1150 sic
2679 1093 2997 1149 defendebat
3026 1093 3275 1156 Basilius,
3322 1104 3379 1147 ut
3410 1108 3509 1149 nec

1937 1181 2166 1237 infirmis
2209 1181 2400 1236 durum
2431 1196 2490 1236 se
2519 1192 2574 1236 et
2628 1182 3014 1239 inexorabilem
3067 1186 3348 1252 przeheret,
3411 1199 3509 1237 nec

1936 1275 2199 1343 improbis
2255 1273 2525 1327 haereticis
2577 1272 2718 1328 latus
2777 1287 3025 1345 apertum
3090 1274 3334 1329 ohderct.
3401 1274 3507 1329 Sed

1935 1371 2113 1416 tamen
2146 1378 2267 1416 cum
2332 1362 2395 1417 de
2440 1362 2556 1431 ipso
2603 1364 2853 1433 dogmate
2905 1364 3040 1419 nihil
3070 1366 3391 1429 remitteret,
3443 1380 3507 1420 ac

1938 1456 2182 1510 veritatis
2231 1455 2541 1525 prmdicatio
2580 1456 2633 1509 in
2688 1466 2795 1510 tam
2847 1457 3037 1511 illustri
3090 1459 3217 1512 sede
3254 1472 3317 1512 ac
3359 1465 3507 1511 tanta

1936 1548 2244 1602 sanctitatis
2296 1556 2350 1600 et
2378 1548 2638 1602 doctrina:
2674 1545 2815 1602 fama
2868 1548 3085 1601 maximi
3116 1556 3260 1603 esset
3308 1548 3511 1618 ponde-

1938 1636 2031 1700 ris,
2084 1638 2321 1691 furorem
2374 1639 2427 1692 in
2480 1654 2539 1693 se
2590 1640 2966 1694 luereticorum
3038 1640 3303 1693 accendit.
3366 1638 3506 1692 Nihil

1938 1729 2154 1795 propius
2194 1727 2412 1788 factum,
2468 1743 2630 1797 quam
2667 1739 2723 1783 ut
2757 1729 2898 1783 illius
2932 1729 3184 1783 exsilium
3217 1744 3247 1781 a
3283 1728 3508 1781 Valente

1936 1820 2287 1886 impetrarent
2316 1834 2459 1873 anno
2494 1820 2601 1872 573
2629 1819 2873 1874 ineunte.
2906 1818 3099 1874 Postea
3131 1818 3375 1874 insidiari
3401 1834 3505 1871 non

1934 1909 2280 1973 destiterunt,
2332 1923 2395 1962 ac
2441 1909 2782 1961 inimicitiam
2813 1923 2877 1963 eo
2909 1924 3077 1978 usque
3116 1911 3502 1979 perduxerunt.

1935 2009 1989 2051 ut
2038 2000 2251 2054 curiose
2299 2002 2656 2071 inquirerent,
2707 2016 2835 2054 nmn
2889 2004 3011 2071 quis
3060 2005 3125 2056 ab
3178 2017 3242 2055 eo
3296 2002 3507 2055 litteras

1935 2092 2223 2161 acciperet.
2269 2092 2413 2147 Inter
2474 2094 2570 2149 has
2624 2095 2848 2149 insidias
2902 2096 3062 2149 silere
3114 2094 3305 2149 statuit
3356 2092 3507 2148 Basi-

1934 2184 2036 2238 lius
2064 2185 2155 2254 (e),
2182 2194 2344 2253 atque
2374 2187 2475 2239 hoc
2501 2186 2782 2241 consilium
2809 2186 2946 2240 l'orte
2982 2187 3195 2254 longius
3220 2186 3504 2254 produxis-

1932 2287 2033 2340 set,
2072 2276 2176 2331 nisi
2211 2277 2261 2331 ei
2295 2278 2702 2343 Amphilochius
2750 2277 3049 2333 lconiensis
3086 2288 3141 2331 et
3188 2277 3505 2330 Eustathius

1934 2366 2172 2420 medicus
2201 2381 2344 2421 anno
2370 2366 2474 2422 574
2504 2380 2735 2424 exeunte
2766 2372 3142 2425 necessitatem
3173 2369 3294 2423 fidei
3326 2369 3501 2438 palam

1933 2468 1986 2511 et
2017 2467 2199 2525 aperte
2219 2456 2568 2513 defendendae
2593 2460 3080 2516 demonstrassent.

2008 2549 2219 2620 Scripta
2242 2551 2455 2606 videtur
2486 2553 2536 2605 in
2580 2553 2679 2608 hoc
2708 2568 2945 2608 maerore
2983 2566 3144 2623 atque
3174 2554 3276 2609 hac
3312 2553 3505 2608 sollici-

1936 2642 2120 2696 tudine
2149 2643 2373 2710 epistola
2404 2645 2469 2699 ad
2499 2644 2835 2701 Theodoram
2867 2648 3183 2703 canonicam
3216 2645 3303 2717 (f),
3342 2661 3503 2715 quain

1934 2734 2165 2787 Basilius
2200 2736 2414 2789 eximiis
2442 2741 2727 2807 praeceptis
2759 2741 2823 2793 ad
2862 2740 2964 2795 hoc
2998 2740 3306 2794 institutum
3341 2737 3505 2807 perti-

1935 2828 2189 2881 nentibus
2228 2828 2508 2883 informat.
2541 2829 2690 2886 Hanc
2720 2848 2939 2886 causam
2974 2832 3148 2894 aﬂ'ert,
3179 2847 3275 2885 cur
3299 2831 3504 2885 tardius

1933 2918 2155 2984 scribat,
2179 2920 2320 2987 quod
2345 2927 2547 2973 metuat
2565 2934 2629 2972 ne
2654 2920 2846 2974 littera:
2870 2937 2983 2975 sure
3009 2922 3059 2975 in
3092 2921 3293 2973 alienas
3315 2934 3507 2974 manus

1937 3014 2199 3075 incidant,
2230 3029 2344 3066 cum
2376 3014 2686 3083 prwsertim,
2725 3014 2913 3083 inquil,
2946 3030 3005 3067 ea
3046 3030 3180 3066 nunc
3230 3015 3297 3065 sit
3329 3028 3504 3066 rerum

1934 3104 2257 3172 perturbatio
2300 3105 2354 3157 in
2397 3106 2517 3157 orbe
2571 3113 2854 3158 terrarum.
2915 3104 2969 3158 ln
3019 3104 3262 3173 sequenti
3304 3103 3504 3173 episto-

1934 3198 1981 3251 la
2014 3198 2087 3267 (g)
2124 3197 2337 3250 viduam
2372 3199 2641 3259 hortatur,
2690 3207 2745 3249 ut
2771 3198 3010 3250 divinum
3044 3196 3308 3261 judicium
3346 3206 3504 3251 noctu

1937 3291 2133 3357 diuque
2162 3288 2379 3357 cogitet,
2426 3288 2519 3341 sed
2557 3300 2733 3343 tamen
2783 3300 2991 3354 caveat,
3022 3305 3088 3344 ne
3130 3300 3224 3344 aut
3261 3293 3503 3344 animum

1934 3383 2282 3450 despondeat,
2336 3392 2428 3434 aut
2462 3382 2530 3434 de
2586 3380 2758 3434 salute
2813 3380 3036 3436 dillidat.
3078 3382 3230 3450 Saepe
3282 3384 3347 3433 ad
3383 3395 3504 3435 eam

1935 3473 2179 3529 scribere
2226 3473 2469 3529 voluerat
2520 3472 2769 3539 Basilius,
2824 3475 2917 3529 sed
2959 3490 3079 3529 sese
3126 3474 3390 3541 cohibuit,
3439 3490 3506 3528 ne

1932 3567 2059 3633 quid
2091 3566 2140 3618 ei
2194 3576 2409 3619 crearet
2465 3565 2710 3632 periculi,
2750 3577 3030 3634 propterea
3072 3567 3214 3634 quod
3260 3566 3507 3621 inimicos

1935 3674 2059 3713 suos
2090 3657 2523 3713 sciebatcuriose
2544 3658 2833 3725 inquirere,
2869 3672 2993 3709 num
3019 3657 3139 3724 quis
3175 3657 3243 3709 ab
3267 3672 3330 3710 co
3360 3656 3501 3710 litte-

1936 3764 2021 3801 ras
2058 3749 2341 3817 acciperet.

2005 3827 2395 3910 Malgttenianus
2441 3854 2621 3895 comes
2678 3841 2792 3895 sive
2850 3837 3220 3909 Magninianus
3274 3836 3372 3909 (lt),
3437 3835 3505 3890 ad

1932 3949 2090 4001 quem
2137 3935 2255 3988 dua:
2296 3944 2508 3987 exstant
2546 3932 2723 3987 Basilii
2759 3932 3020 4001 epistolze,
3063 3947 3184 3985 cum
3223 3931 3290 3987 ab
3315 3947 3380 3986 eo
3407 3946 3501 3999 pc-

1934 4021 2127 4085 tiisset,
2172 4031 2228 4075 ut
2264 4022 2331 4075 de
2366 4022 2469 4074 fide
2520 4020 2726 4091 aliquid
2764 4024 2827 4076 ad
2876 4037 2935 4075 se
2984 4022 3281 4087 scriberet;
3326 4021 3501 4076 laudat

1933 4112 2050 4181 ejus
2094 4115 2347 4181 pietatem
2383 4128 2445 4167 ac
2484 4112 2603 4166 fidei
2642 4112 2878 4167 studium
2910 4111 3159 4178 Basilius,
3220 4115 3312 4167 sed
3348 4125 3503 4183 negat

1933 4221 1991 4260 se
2018 4206 2207 4260 adduci
2236 4222 2410 4276 posse,
2450 4215 2507 4259 ut
2533 4204 2650 4273 ejus
2686 4207 2933 4276 petitioni
2981 4216 3206 4261 annuat.
3246 4204 3399 4260 Hunc
3422 4224 3506 4259 co-

1935 4298 2114 4351 mitem
2163 4296 2525 4352 Neocarsarere
2576 4298 2775 4353 vixisse
2805 4299 3001 4369 colligo
3048 4314 3112 4353 ex
3144 4302 3229 4355 his
3256 4317 3376 4370 quae
3414 4318 3502 4355 se—

1931 4400 2170 4456 quuntur
2211 4406 2222 4441 :
2264 4384 2523 4441 Ca'terum
2578 4388 2725 4455 mihi,
2769 4389 2962 4456 inquit,
3012 4388 3254 4441 videmini
3305 4391 3503 4454 erudiri

1938 4480 1999 4533 ab
2034 4479 2327 4533 hominibus
2359 4479 2468 4531 illic
2500 4481 2629 4533 nihil
2658 4480 2949 4547 agentibus,
2976 4482 3065 4548 qui
3112 4490 3167 4533 ut
3195 4499 3274 4536 me
3304 4484 3506 4538 calum-

1937 4575 2141 4627 niantur
2172 4571 2423 4625 nonnulla
2474 4573 2777 4640 proferunt;
2824 4574 2973 4640 quasi
3026 4575 3145 4628 inde
3186 4581 3377 4646 seipsos
3399 4578 3503 4631 sint

1935 4665 2371 4729 commendaturi,
2398 4666 2442 4717 si
2478 4668 2540 4715 de
2563 4680 2643 4716 me
2667 4665 2966 4732 turpissima
3002 4672 3339 4725 mentiuntur.
3373 4668 3504 4721 Illos

1936 4760 2073 4810 enim
2105 4757 2267 4809 nudat
2294 4760 2612 4826 praeteritum
2647 4766 2867 4826 tempus,
2902 4768 2946 4810 et
2975 4760 3309 4827 progrediens
3348 4775 3504 4827 expe-

1937 4850 2124 4903 rientia
2171 4851 2397 4903 notiores
2418 4848 2592 4917 faciet.
2630 4850 2734 4903 Otii
2772 4858 2825 4903 et
2867 4850 3075 4903 inertia:
3110 4852 3361 4917 probrum
3398 4868 3502 4905 non

1937 4958 2041 4998 tam
2079 4944 2207 4997 tnihi
2231 4945 2437 4998 videtur
2461 4942 2740 4997 Eustathio
2759 4953 2811 4996 et
2838 4942 3346 4997 Pneumatomacbis
3371 4960 3505 5012 qtta-

1935 5037 2114 5097 drare,
2146 5036 2451 5088 hominibus
2501 5048 2714 5102 semper
2742 5034 2809 5087 ad
2846 5033 3209 5087 insidiandum
3234 5035 3505 5088 excuban-

1936 5130 2097 5189 tibus,
2128 5142 2292 5193 quam
2321 5126 2545 5180 Atarhio
2571 5126 2987 5180 Neocaesariensi
3014 5126 3265 5195 episcopo
3293 5137 3345 5181 et
3371 5143 3505 5180 non-

1936 5221 2095 5274 nullis
2120 5220 2360 5289 ejusdem
2386 5218 2637 5273 Ecclesize
2670 5218 3020 5287 presbyteris,
3052 5220 3141 5288 qui
3169 5234 3290 5272 cum
3314 5234 3503 5271 somno

1934 5325 1988 5367 et
2022 5312 2146 5365 vino
2173 5312 2345 5367 dediti
2393 5322 2595 5377 essent,
2628 5323 2681 5365 ut
2731 5314 2809 5365 eis
2844 5315 3135 5380 exprobrat
3170 5310 3500 5377 Basilius.(i),

1937 5406 2144 5457 somnia
2175 5413 2222 5455 et
2252 5404 2487 5457 visiones
2520 5403 2883 5473 proferebant,
2923 5416 2978 5458 ut
3007 5404 3261 5458 Basilium
3302 5402 3503 5457 calum-

2014 5520 2075 5584 (υ
2112 5518 2359 5581 sp.t75.

2008 5597 2081 5655 (g)
2111 5589 2204 5652 Ep.
2242 5587 2360 5638 174.

2012 5660 2086 5726 (It)
2118 5658 2211 5723 Ep.
2243 5657 2361 5709 175.

2003 5732 2063 5799 (ι)
2100 5726 2333 5792 ιῳβλιυ,
2366 5745 2416 5778 n.
2451 5729 2500 5781 6.
