4038 6456
545 357 693 402 σιω

1890 354 2391 413 PROLEGOMENA
2402 395 2417 410 .

546 462 649 516 niis
696 462 942 532 ligerent.
981 463 1076 518 His
1116 475 1291 520 autem
1342 469 1541 532 verbis,
1591 468 1722 524 Illos
1765 474 1901 525 enim
1942 474 2101 528 nudat
2131 484 2177 541 Α
2206 473 2507 529 absolutum
2531 480 2648 527 erat
2669 486 2809 526 anno
2833 471 2936 526 375
2965 485 3083 525 cum
3104 468 3515 538 Amphilochius
3538 468 3603 526 ad
3631 467 3777 521 diem

542 554 861 618 preteritum
893 564 1110 623 tempus,
1135 558 1273 610 idem
1306 558 1557 613 Atarbius
1586 561 1796 615 videtur
1817 564 2104 633 designari,

545 642 699 715 cujus
719 644 929 699 invidiae
951 648 1194 701 morbum
1214 649 1443 705 Basilius
1462 667 1565 706 non
1598 652 1767 706 solum
1787 668 1849 707 ex
1881 655 1963 708 his
1989 672 2108 724 qua:

544 743 731 788 contra
782 748 841 789 se
884 748 1086 807 egerat,
1122 741 1215 794 sed
1266 742 1429 794 etiam
1482 757 1547 797 es
1595 752 1703 798 tota
1735 747 1838 797 vita
1876 748 2105 816 perspici

543 824 779 883 declarat
812 826 866 881 in
890 828 1050 898 epist.
1077 830 1206 896 2l0,
1238 848 1294 885 ιι.
1324 832 1377 885 2.

612 918 745 973 Cum
776 929 959 975 autem
988 921 1348 994 Magneniano
1378 926 1639 992 scriptum
1672 926 1886 998 aliquod
1908 930 1972 983 de
2005 930 2108 985 fide

540 1012 828 1079 postulanti
859 1014 931 1068 ita
968 1026 1124 1084 neget
1146 1015 1398 1083 Basilius,
1418 1030 1475 1072 ut
1504 1020 1713 1073 firmum
1736 1037 1838 1077 nou
1868 1023 2108 1077 scriben-

539 1103 594 1157 di
634 1106 919 1160 consilium
966 1122 1077 1176 pra:
1104 1123 1163 1162 se
1187 1108 1347 1174 ferat,
1382 1110 1438 1164 in
1486 1128 1591 1177 quo
1641 1124 1818 1167 tamen
1869 1130 1976 1168 non
2016 1114 2105 1167 diu

538 1196 806 1262 perstitit;
832 1196 957 1264 jure
980 1198 1109 1252 mihi
1142 1200 1325 1255 videor
1357 1202 1493 1257 hanc
1527 1205 1805 1274 epistolam
1838 1206 2107 1260 cumdua-

537 1284 641 1341 bus
677 1289 1103 1357 praecedentibus
1153 1293 1429 1361 aliquanto
1474 1306 1599 1350 ante
1633 1299 1886 1365 scriptam
1915 1298 2105 1352 existi-

539 1392 713 1442 mare,
762 1394 921 1447 quam
974 1381 1202 1438 Basilius
1255 1385 1590 1440 divinitatem
1634 1388 1867 1454 Spiritus
1905 1391 2102 1454 sancti,

541 1466 755 1521 hortatu
790 1468 1153 1538 Amphilochii
1182 1485 1235 1527 et
1264 1474 1555 1538 Eustathii,
1586 1478 1805 1545 scriptis
1820 1478 2105 1533 defendere

540 1557 641 1611 hoc
669 1573 810 1613 anno
839 1559 940 1613 37b
959 1561 1286 1627 inStitueret,
1311 1575 1369 1618 ut
1395 1564 1551 1620 modo
1574 1568 1893 1623 videbimus.

612 1670 696 1724 VI.
725 1672 1162 1742 Amphilochium
1188 1676 1415 1732 Basilius
1451 1678 1528 1750 (a)
1558 1681 1923 1737 invitavithoc
1962 1699 2102 1738 anno

537 1762 603 1817 ad
626 1763 765 1817 diem
796 1764 994 1820 festum
1032 1771 1203 1824 sancti
1259 1771 1570 1844 Eupsychii,
1607 1775 1698 1841 qui
1738 1776 1825 1831 die
1873 1778 2101 1845 septimo
2134 1786 2177 1845 Β

540 1854 874 1923 Septembris
920 1859 1181 1917 celebrari
1230 1862 1456 1920 solebat.
1507 1867 1679 1937 Rogat
1730 1878 1910 1923 autem
1943 1880 2001 1923 ut
2027 1869 2097 1923 fe-

537 1954 681 2000 stum
723 1949 897 2004 tribus
937 1963 1242 2009 autevertat
1298 1957 1511 2024 diebus,
1564 1975 1672 2030 quo
1723 1962 1929 2029 possint
1962 1962 2104 2014 inter

536 2052 596 2091 se
642 2039 813 2095 otiose
862 2043 1117 2113 colloqui,
1150 2063 1320 2117 seque
1356 2049 1585 2105 invicem
1639 2052 1903 2106 donorum
1946 2054 2104 2119 spiri-

539 2128 765 2184 tualium
793 2138 1285 2194 communicatione
1317 2140 1629 2205 consolari;
1682 2152 1793 2194 tum
1827 2143 1988 2197 etiam
2048 2153 2106 2196 ut

539 2223 854 2278 memoriam
905 2226 1019 2283 sive
1066 2230 1352 2284 ecclesiam
1402 2231 2105 2303 PtochotmphiiAmphilo-

537 2313 693 2368 chius
717 2318 1004 2386 praesentia
1033 2334 1128 2374 sua
1160 2322 1421 2392 insignem
1457 2325 1664 2382 reddat.
1696 2325 1904 2381 Iudicat
1925 2329 1971 2382 ei
2002 2326 2104 2379 Ba-

535 2404 687 2461 silius
713 2410 1070 2477 prastitutum
1103 2412 1226 2467 huic
1260 2412 1398 2469 festo
1428 2416 1594 2478 diem,
1622 2419 1761 2485 quod
1786 2430 2102 2488 argumento

533 2509 616 2553 est
658 2503 894 2557 nondum
929 2503 1056 2559 huic
1114 2505 1412 2561 celebritati
1466 2510 1780 2565 interfuisse
1826 2512 2103 2580 Amphilo-

536 2594 743 2659 chium,
771 2611 835 2649 ac
860 2597 1082 2663 proinde
1103 2600 1411 2667 epistolam,
1430 2616 1535 2671 qua
1565 2603 1822 2657 invitatus
1842 2619 1869 2655 a
1906 2604 2103 2658 Basilio

536 2684 659 2749 fuit,
693 2685 761 2740 ad
796 2688 940 2741 hunc
969 2702 1167 2742 annum
1204 2692 1494 2758 pertinere.
1526 2691 1660 2747 Nam
1692 2710 1833 2750 anno
1857 2697 2098 2765 sequenti

538 2776 679 2833 diem
711 2792 814 2831 non
864 2778 1063 2832 indicat
1108 2780 1360 2847 Basilius,
1386 2787 1480 2837 sed
1514 2794 1720 2839 tantum
1752 2788 2015 2855 hortatur,
2047 2797 2103 2842 ut

539 2870 815 2924 memoria:
838 2872 1008 2925 sancti
1042 2871 1328 2944 Eupsychii
1354 2876 1681 2946 meminerit,
1714 2894 1886 2946 neque
1901 2896 2099 2950 exspe-

539 2968 650 3015 ctet
678 2961 801 3016 dum
836 2964 1029 3020 iterum
1056 2978 1357 3024 moneatur.

606 3079 740 3140 Cum
793 3091 970 3135 autem
1003 3084 1067 3137 ad
1093 3084 1197 3137 hoc
1222 3083 1417 3137 festum
1447 3093 1554 3139 tota
1578 3084 1770 3138 vicinia
1810 3084 2101 3140 conflueret

536 3173 924 3239 (accurrebant
974 3176 1117 3229 enim
1163 3176 1327 3231 etiam
1374 3177 1612 3247 episcopi
1649 3177 1906 3231 maritimi
1944 3192 2100 3236 aute-

536 3278 699 3332 quam
731 3278 760 3317 a
794 3262 997 3321 Basilio
1026 3267 1389 3341 dissiderent),
1417 3269 1673 3337 praeclara
1691 3281 1807 3326 erat
1837 3271 2105 3325 haereticis

534 3355 753 3413 occasio
794 3357 1090 3414 insectandi
1140 3362 1349 3427 Basilii,
1372 3363 1417 3418 si
1449 3364 1574 3432 quid
1608 3364 1815 3432 insigne
1844 3374 1949 3418 tam
1997 3364 2106 3419 fre-

535 3448 721 3515 quenti
763 3457 1032 3502 conventu
1064 3451 1130 3502 ad
1183 3453 1428 3506 veritatis
1476 3454 1842 3508 defensionem
1903 3454 2105 3511 faceret

537 3546 633 3591 aut
679 3538 994 3594 dissereret.
1043 3538 1163 3595 lam
1207 3556 1329 3596 eum
1371 3545 1792 3600 observaverant
1830 3563 1971 3602 anno
2000 3550 2097 3604 '57l

536 3629 683 3685 velut
714 3631 767 3685 in
802 3632 1013 3689 insidiis
1044 3632 1311 3689 collocati.
1342 3635 1475 3692 lliuc
1505 3637 1645 3694 forte
1660 3655 1805 3695 anno
1835 3640 1961 3706 375,
1987 3650 2107 3709 post

537 3722 735 3776 festum
761 3726 935 3779 sancti
955 3725 1267 3798 Eupsychii,
1293 3730 1509 3785 consilia
1534 3735 1833 3790 Antiochiae
1848 3735 2106 3789 adversus

539 3810 797 3871 Basilium
840 3814 991 3880 inita,
1026 3826 1083 3870 ut
1114 3826 1259 3886 patet
1291 3833 1354 3879 es
1384 3820 1606 3887 epistola
1632 3824 1756 3881 215.
1794 3823 1937 3879 Idem
1981 3840 2107 3881 eve-

536 3902 685 3957 nisse
712 3920 853 3961 anno
878 3907 981 3962 375
1012 3912 1204 3981 conjici
1252 3924 1435 3983 posset
1464 3929 1530 3968 ex
1574 3918 1733 3985 epist.
1770 3919 1897 3983 156,
1947 3936 2003 3973 n.
2047 3920 2100 3982 5,

538 4011 645 4052 uno
688 4006 779 4051 aut
811 3998 983 4055 altero
1034 4020 1216 4060 mense
1247 4016 1365 4074 post
1406 4006 1545 4060 diem
1581 4005 1771 4061 festum
1804 4010 2023 4079 scripta,
2050 4011 2101 4063 iu

536 4102 643 4157 qua
706 4089 935 4149 Basilius
969 4095 1200 4149 animam
1232 4113 1382 4152 suam
1410 4098 1478 4153 ab
1511 4098 1778 4153 haereticis
1814 4101 1979 4168 quaeri
2027 4110 2104 4155 te-

534 4189 733 4234 statur.
763 4181 869 4237 Sed
894 4187 1160 4255 praecipue
1198 4189 1299 4245 hoc
1331 4204 1474 4245 anno
1501 4205 1687 4244 eorum
1708 4189 1858 4243 furor
1877 4192 2099 4245 exarsit.

536 4268 736 4327 Basilio
781 4276 925 4329 enim
971 4280 1202 4343 precanti
1248 4297 1365 4333 cum
1398 4282 1607 4350 populo,
1653 4290 1711 4336 ut
1775 4281 1998 4350 legimus
2049 4283 2101 4335 in

533 4363 674 4419 libro
694 4364 771 4419 De
802 4365 1008 4437 Spiritu
1048 4368 1137 4435 8.,
1170 4386 1220 4423 c.
1249 4371 1302 4435 1,
1326 4382 1371 4424 et
1408 4382 1625 4441 utroque
1652 4374 1805 4429 modo
1838 4371 2104 4442 glori/ica—

2209 565 2403 619 festum
2439 564 2585 618 venit
2609 564 2777 617 sancti
2811 562 3096 632 Eupsychii
3134 580 3148 615 :
3185 561 3345 629 idque
3391 561 3537 615 clare
3569 559 3779 628 perspi-

2207 655 2380 709 cimus
2424 670 2491 709 cs
2546 654 2628 708 his
2664 654 2839 707 verbis
2890 652 3133 722 epistola:
3177 652 3277 705 251
3322 666 3440 722 qua:
3488 663 3631 703 anno
3667 646 3775 702 375

2206 755 2437 801 exeunte
2469 746 2669 813 scripta
2698 755 2779 799 est
2806 761 2820 797 :
2870 745 2947 798 De
2976 744 3180 814 Spiritu
3210 744 3342 797 liber
3393 744 3616 809 scriptus
3649 742 3773 808 qui-

2207 841 2323 892 dem
2352 856 2384 891 a
2404 840 2550 891 nobis
2575 848 2651 891 est
2679 847 2726 890 et
2748 836 3032 899 absolutus,
3065 845 3121 889 ut
3152 837 3262 904 ipse
3290 837 3449 889 nosti.
3480 834 3775 899 Quominus

2207 940 2380 983 autem
2438 931 2695 982 mitterem
2736 929 2790 981 in
2840 928 3024 981 charta
3065 927 3407 993 descriptum,
3463 923 3775 993 prohibuere

2207 1023 2295 1089 qui
2324 1038 2525 1074 mecum
2557 1030 2675 1073 sunt
2708 1019 2934 1087 fratres;
2957 1036 3074 1072 cum
3099 1034 3153 1071 se
3175 1035 3207 1070 α
3236 1026 3283 1071 te
3307 1015 3556 1068 mandata
3583 1014 3773 1066 habere

2207 1111 2455 1173 dicerent,
2494 1119 2547 1163 ut
2583 1110 2635 1161 in
2662 1109 2971 1161 membranis
3011 1105 3323 1160 describant.
3351 1102 3435 1157 Ne
3454 1104 3578 1173 quid
3608 1102 3775 1170 igitur

2206 1210 2387 1253 contra
2411 1207 2723 1267 preceptuns
2756 1207 2903 1251 tuum
2937 1196 3107 1265 facere
3152 1196 3438 1259 uideamur,
3484 1208 3620 1245 nunc
3643 1206 3771 1258 pro-

2207 1292 2637 1356 crastinavimus;
2691 1291 2781 1344 sed
2825 1288 2984 1357 paulo
3025 1297 3141 1356 post
3189 1288 3476 1347 mittemus,
3527 1283 3572 1335 si
3615 1296 3770 1352 quem

2206 1385 2449 1437 idoneum
2493 1383 2561 1435 ad
2612 1380 2974 1450 perferendum
3023 1379 3416 1432 nanciscamur.
3445 1374 3562 1430 Non
3594 1372 3773 1441 potuit

2206 1473 2610 1541 Amphilochius
2643 1474 2744 1527 hoc
2777 1486 2911 1541 opus
2940 1470 3245 1525 absolutum
3294 1480 3641 1538 cognoscere,
3679 1473 3774 1516 aut

2206 1565 2442 1621 librariis
2491 1564 2771 1630 mandare,
2804 1572 2865 1618 ut
2902 1563 3033 1618 illud
3063 1563 3116 1615 in
3152 1561 3340 1614 charta
3372 1559 3769 1617 describerent,

2204 1659 2305 1712 nisi
2341 1672 2462 1713 cum
2516 1655 2770 1711 Basilium
2823 1656 3030 1711 invisit.
3072 1652 3187 1708 Non
3239 1652 3347 1705 alio
3376 1661 3552 1704 autem
3584 1647 3774 1703 invisit

2204 1761 2445 1819 tempore
2465 1765 2605 1803 anno
2626 1747 2752 1813 375,
2787 1763 2946 1816 quam
2977 1747 3064 1802 die
3094 1746 3232 1801 festo
3256 1741 3426 1797 sancti
3456 1738 3769 1810 Eupsychii.

2205 1844 2321 1898 Jam
2345 1859 2476 1914 ergo
2502 1842 2780 1898 absolutus
2802 1850 2919 1894 erat
2951 1839 3085 1893 liber
3115 1837 3193 1892 De
3228 1834 3431 1903 Spiritu
3461 1843 3641 1885 sancto
3659 1846 3677 1893 ;
3715 1837 3774 1885 et

2206 1951 2326 1989 cum
2361 1935 2502 1988 illius
2550 1933 2821 1989 scribendi
2869 1930 3210 1986 occasionem
3252 1924 3460 1982 dederit
3504 1921 3773 1976 excitatus

2206 2025 2273 2077 ab
2305 2024 2569 2077 haereticis
2590 2030 2855 2091 praesente
2892 2017 3269 2088 Amphilochio
3308 2012 3591 2075 tumultus,
3620 2022 3769 2076 quae-

2209 2114 2429 2165 rendum
2460 2113 2612 2165 nobis
2635 2121 2719 2166 est
2756 2111 2899 2165 aliud
2934 2118 3169 2177 tempus,
3213 2121 3320 2175 quo
3350 2097 3767 2171 Amphilochius

2207 2201 2459 2256 Basilium
2484 2202 2759 2267 inviserit;
2802 2215 2903 2255 nec
2934 2200 3079 2254 aliud
3124 2196 3364 2254 occurrit
3402 2200 3598 2263 praeter
3628 2189 3771 2241 diem

2206 2292 2401 2346 festum
2429 2290 2601 2346 sancti
2639 2290 2925 2359 Eupsychii
2957 2303 3098 2342 anno
3130 2287 3258 2349 57b,
3290 2286 3357 2339 ad
3393 2297 3553 2353 quem
3584 2280 3657 2333 ita
3696 2277 3776 2331 in.

2205 2388 2402 2441 vitatus
2426 2394 2509 2439 est
2538 2380 2963 2453 Amphilochius,
2993 2389 3051 2434 ut
3076 2380 3125 2433 ei
3151 2379 3339 2432 abesse
3370 2377 3635 2443 integrum
3665 2384 3770 2423 non

2206 2479 2387 2533 fuerit.
2424 2476 2691 2531 Przeterea
2731 2474 3017 2528 haereticos
3058 2471 3160 2524 hoc
3200 2482 3342 2522 anno
3378 2466 3483 2519 374
3523 2466 3575 2517 in
3617 2462 3769 2517 Basi-

2204 2572 2330 2624 lium
2360 2569 2446 2623 die
2474 2570 2611 2623 festo
2637 2566 2806 2623 sancti
2840 2561 3131 2634 Eupsychii
3160 2559 3415 2627 majorem
3454 2556 3508 2610 in
3541 2554 3761 2608 modum

2204 2664 2451 2716 incensos
2471 2658 2635 2713 fuisse
2670 2656 3021 2726 perspicimus
3048 2668 3113 2706 ex
3151 2651 3309 2721 epist.
3338 2645 3463 2713 190,
3501 2658 3620 2714 quae
3654 2657 3760 2695 non

2206 2751 2372 2806 multo
2412 2758 2534 2821 post
2558 2749 2701 2803 hunc
2725 2747 2864 2803 diem
2900 2760 3040 2800 anno
3069 2743 3173 2798 37L
3206 2739 3410 2810 scripta
3433 2748 3538 2791 est.
3571 2733 3771 2786 Eorum

2203 2843 2509 2913 autem,qui
2532 2852 2653 2895 tunc
2692 2839 2885 2893 anobis
2918 2835 3135 2891 abscissi
3156 2844 3298 2900 sunt,
3320 2829 3492 2901 inquit
3519 2824 3769 2886 Basilius.

2203 2933 2295 2986 alii
2326 2932 2531 2999 quidem
2574 2931 2643 2982 ad
2690 2928 2867 2981 aulam
2905 2944 2959 2981 se
2986 2925 3341 2989 contulerunt,
3389 2921 3484 2974 alii
3522 2934 3641 2973 vero
3682 2932 3769 2969 re-

2204 3034 2437 3086 manent,
2478 3036 2739 3074 rumorem
2792 3019 2912 3073 inde
2958 3026 3335 3088 exspectantes.
3390 3014 3515 3069 Haec
3567 3010 3771 3080 optime

2127 3131 2169 3187 ο
2204 3114 2549 3169 consentiunt
2599 3126 2719 3166 cum
2776 3110 2862 3164 his
2899 3125 3018 3178 qua
3055 3118 3344 3163 narrantur
3395 3107 3449 3160 in
3503 3101 3773 3175 prommio

2207 3208 2330 3262 libri
2379 3204 2457 3259 De
2493 3203 2697 3272 Spiritu
2731 3212 2943 3266 sancto,
2980 3214 3043 3255 ac
3086 3199 3520 3269 Amphilochium
3569 3195 3771 3265 adfuis-

2206 3314 2265 3355 se
2298 3297 2525 3369 probant
2550 3295 2665 3350 haec
2718 3292 2902 3356 verba,
2955 3290 3045 3361 qui
3104 3299 3226 3347 tunc
3273 3305 3311 3342 α
3351 3287 3497 3341 nobis
3555 3286 3775 3340 abscissi

2206 3402 2348 3448 sunt.

2278 3483 2386 3539 VII.
2419 3483 2582 3540 Nemo
2623 3480 2796 3537 nescit
2826 3486 3056 3551 quantas
3094 3485 3306 3547 strages
3347 3473 3406 3531 in
3441 3470 3658 3526 Oriente
3683 3483 3776 3521 an.

2208 3594 2277 3631 no
2322 3577 2427 3631 574
2480 3574 2835 3632 concitaverit
2869 3572 3266 3645 deprehensum
3304 3580 3491 3623 eorum
3536 3562 3770 3626 facinus,

2206 3665 2296 3730 qui
2338 3664 2401 3716 de
2431 3661 2671 3717 Valentis
2702 3675 3016 3718 successore
3054 3675 3151 3730 per
3178 3668 3351 3714 sortes
3391 3654 3772 3725 inquisierant.

2209 3750 2454 3805 Omnium
2476 3752 2582 3819 fere
2617 3753 2861 3805 ordinum
2891 3751 3199 3815 multitudo,
3223 3765 3379 3819 quam
3405 3761 3666 3801 recensere
3697 3752 3774 3797 est

2208 3844 2456 3909 arduum,
2508 3842 2682 3911 inquit
2704 3842 3021 3895 Ammianus
3050 3842 3152 3909 (b),
3178 3841 3233 3893 in
3265 3840 3447 3907 plagas
3476 3838 3776 3891 calumnia-

2206 3951 2323 3987 rum
2356 3935 2613 4002 conjecta,
2640 3946 2999 3999 percussorum
3045 3932 3293 3984 dexteras
3320 3929 3581 3998 fatigavit.
3637 3928 3773 3983 Cum

2204 4023 2471 4078 Eusebius
2525 4023 2766 4091 quidam,
2820 4036 2980 4092 quem
3030 4021 3262 4077 Basilius
3296 4020 3461 4074 lilium
3517 4020 3771 4089 appellat,

2206 4114 2469 4182 ejusmodi
2504 4113 2789 4169 calumniis
2814 4114 3085 4183 appetitus
3120 4112 3330 4175 fuisset,
3365 4126 3395 4165 a
3448 4112 3645 4181 quibus
3682 4127 3775 4165 ne-

2206 4220 2295 4259 mo
2345 4216 2490 4264 tutus
2538 4220 2663 4261 esse
2712 4213 2943 4275 paterat,
3002 4204 3238 4260 Basilius
3300 4202 3661 4274 Sophronium
3719 4210 3774 4256 et

2205 4298 2500 4367 Aburgium
2557 4307 2735 4366 rogat,
2767 4306 2827 4349 ut
2862 4295 3004 4349 illius
3055 4296 3422 4351 innocentiam
3470 4291 3776 4363 patrocinio

2206 4403 2306 4443 suo
2343 4388 2636 4457 adjuvent:
2675 4388 2776 4442 etsi
2808 4388 2951 4441 enim
2979 4386 3031 4441 in
3057 4387 3179 4456 jure
3212 4387 3500 4456 plurimum
3535 4383 3770 4451 praesidii

531 4458 725 4512 tionem
758 4458 1039 4525 absolventi
1068 4460 1171 4514 Deo
1200 4479 1263 4515 ac
1304 4460 1479 4527 Patri,
1513 4465 1775 4517 interdum
1804 4482 1921 4518 cunt
1953 4462 2100 4517 Filio
2134 4486 2175 4537 ο
2207 4481 2440 4547 positum
2472 4480 2689 4541 habeat,
2738 4487 2917 4535 tamen
2968 4479 3265 4549 ρειείευιυιη
3290 4490 3412 4532 esse
3445 4489 3512 4531 ne
3560 4485 3772 4545 tempus

530 4565 639 4607 una
661 4565 778 4608 cum
818 4563 994 4606 sancto
1022 4551 1241 4620 Spiritu.
1272 4556 1529 4609 interdum
1566 4572 1655 4622 per
1678 4554 1874 4618 Filium
1906 4558 1959 4608 in
1980 4572 2101 4608 san-

532 4649 616 4693 cto
638 4640 865 4708 Spiritu,
887 4645 1098 4711 quidam
1128 4661 1191 4698 ea:
1213 4648 1281 4700 iis
1310 4647 1401 4717 qui
1432 4646 1670 4708 aderant,
1702 4649 1895 4711 crimen
1922 4648 2099 4699 inten-

529 4734 741 4797 derunt,
779 4735 1006 4788 dicentes
1034 4752 1147 4789 eum
1176 4755 1280 4792 non
1322 4740 1480 4792 modo
1521 4740 1807 4807 peregrinis
1841 4756 1902 4803 ac
1953 4740 2097 4797 novis

529 4823 606 4874 uti
629 4825 858 4890 vocibus,
884 4840 1060 4878 verum
1097 4826 1253 4882 etiam
1282 4830 1419 4883 inter
1453 4845 1506 4882 se
1546 4831 1916 4897 pugnantibus.
1962 4829 2096 4884 Tum

528 4914 962 4983 Amphilochius,
991 4918 1080 4986 qui
1114 4919 1341 4988 proinde
1380 4921 1660 4983 intererat,
1694 4920 1905 4975 illorum
1944 4920 2093 4979 utili-

530 5005 626 5059 tati
657 5011 963 5074 consulens,
997 5010 1078 5064 vel
1108 5009 1300 5066 saltem
1343 5028 1555 5079 eorum,
1594 5013 1685 5080 qui
1732 5012 1782 5066 in
1832 5013 2094 5080 ejusmodi

531 5096 779 5151 homines
807 5097 1074 5165 incidunt,
1128 5104 1429 5169 securitati,
1484 5103 1773 5174 postulavit
1819 5122 1847 5157 a
1897 5104 2096 5158 Basilio

528 5186 818 5242 dilucidam
842 5190 908 5245 de
936 5191 987 5245 vi
1020 5192 1209 5246 harum
1235 5196 1560 5266 syllabarum
1601 5198 2093 5264 pertractationem.

529 5276 659 5333 lude
720 5288 843 5332 nata
886 5284 1101 5339 occasio
1160 5286 1279 5339 libri
1327 5288 1393 5341 de
1457 5286 1665 5357 Spiritu
1716 5298 1902 5348 sancto
1964 5289 2100 5345 scri-

531 5367 716 5426 bendi.

599 5460 714 5517 Non
742 5474 917 5532 potest
940 5469 1005 5520 ad
1022 5469 1162 5521 aliud
1186 5481 1391 5539 tempus
1424 5472 1612 5526 referri
1651 5474 1750 5529 hoc
1771 5488 1921 5544 Opus.
1960 5474 2090 5530 Nam

604 5684 679 5751 (η)
713 5685 809 5747 Ep.
836 5688 958 5740 ne.

612 5752 687 5815 (ἐπ’)
716 5752 831 5805 Lib.
866 5771 1018 5819 xxix,
1044 5772 1089 5809 c.
1117 5760 1137 5809 1
1167 5767 1217 5810 et
1238 5757 1295 5809 2.

2204 4585 2421 4623 causam
2462 4569 2607 4621 illius
2662 4567 2837 4634 laedat,
2870 4576 2925 4623 et
2976 4570 3101 4639 quia
3162 4565 3317 4621 multi
3375 4565 3428 4619 in
3488 4568 3773 4622 atrocissi-

2205 4660 2309 4712 mis
2338 4657 2631 4712 sceleribus
2660 4657 2999 4727 deprehensi,
3022 4661 3075 4714 in
3112 4671 3235 4712 eum
3262 4655 3375 4711 haec
3417 4659 3655 4728 suspicio
3682 4674 3773 4713 re-

2200 4751 2417 4803 dundet.

2273 4844 2531 4897 Videntur
2556 4845 2621 4898 ad
2647 4846 2772 4900 illud
2791 4843 3303 4913 suspiciosissimum
3323 4860 3386 4899 ac
3409 4841 3771 4899 saevissimum

2205 4945 2413 5002 tempus
2436 4936 2704 5004 pertinere
2728 4938 2845 4992 dum
2872 4944 3159 5003 sequentes
3187 4936 3426 5005 epistola:
3447 4937 3541 5001 (ο).
3575 4932 3631 4985 1η
3664 4934 3775 4999 pri-

2204 5042 2285 5078 ma
2318 5028 2660 5081 commendat
2682 5028 2955 5081 Arintheo
2980 5028 3148 5080 virum
3184 5028 3340 5096 longe
3374 5024 3771 5080 nobilissimum

2204 5132 2267 5175 ac
2298 5117 2537 5171 moribus
2585 5119 2756 5187 magis
2791 5118 3143 5188 spectandum
3194 5132 3360 5186 quam
3401 5128 3619 5187 genere,
3675 5115 3771 5184 qui

2205 5209 2461 5277 judicium
2503 5210 2822 5275 sustinebat,
2857 5209 2972 5263 leve
3010 5210 3136 5264 illud
3167 5210 3383 5279 quidem
3429 5216 3485 5261 et
3521 5216 3769 5259 contem-

2210 5302 2467 5369 nendum,
2494 5302 2537 5355 si
2568 5302 2764 5357 veritas
2800 5310 3157 5371 spectaretur,
3192 5302 3285 5355 sed
3314 5298 3515 5367 alioqui
3555 5296 3773 5352 difﬁcile

2207 5390 2563 5447 etmolestum
2594 5394 2664 5447 ob
2714 5392 2996 5446 calumnia:
3039 5392 3451 5447 vehementiam.
3500 5388 3556 5443 ln
3600 5393 3768 5443 altera

2209 5482 2611 5534 commendatur
2633 5485 2931 5549 Sophronio
2969 5485 3046 5537 vir
3072 5484 3263 5539 nobilis
3291 5491 3344 5537 et
3376 5482 3639 5547 eruditus,
3678 5481 3768 5550 qui

2271 5702 2338 5764 (ε)
2367 5701 2529 5767 Epist.
2566 5702 2661 5754 l79
2690 5713 2735 5753 et
2776 5703 2888 5753 180.
