4038 6446
1567 356 1727 412 ἮΤΑ
1770 354 1828 410 S.
1869 351 2129 409 BASlLll.

3316 350 3485 398 CIX!“

242 481 297 537 in
316 480 685 543 calamitatem
726 476 987 533 inciderat
1037 475 1435 532 intolerabilem
1491 488 1556 529 ac
1594 474 1821 545 negotiis
1849 472 2177 534 Ascribere,
2234 470 2377 539 quod
2429 484 2549 524 cum
2595 464 2848 522 Ecclesiae
2899 458 3197 533 praepositis
3243 460 3356 514 suis
3396 476 3487 516 ca-

240 587 439 647 praeter
462 572 713 626 meritum
743 570 1045 642 implicatus
1074 579 1213 624 erat.

315 664 447 721 Vlll.
483 662 848 719 Samosateusi
881 660 1134 715 Ecclesiae
1157 659 1386 715 Basilius
1410 670 1477 710 eo
1510 656 1700 726 magis,
1732 672 1814 710 re-

243 761 423 825 legato
452 756 703 819 Eusebio,
742 754 1036 817 metuebat,
1068 769 1177 822 quo
1205 750 1381 819 magis
1404 765 1522 804 eam
1565 752 1818 805 omnibus

244 847 401 903 bonis
426 847 807 918 spiritualibus
850 845 950 897 sub
995 843 1093 899 hoc
1118 840 1569 914 praestantissimo
1604 850 1821 909 pastore

245 939 526 995 florentem
556 938 786 991 viderat.
808 933 957 988 Piam
978 933 1118 989 illius
1146 932 1383 1004 pectoris
1401 932 1819 988 sollicitudinem

246 1030 431 1099 plures
461 1032 660 1085 litterae
698 1035 984 1081 testantur.
1020 1025 1207 1082 Otreio
1250 1024 1574 1080 Melitinensi
1603 1025 1700 1096 (a),
1733 1024 1820 1079 cui

246 1125 498 1179 exsilium
528 1118 748 1174 Eusebii
776 1134 883 1175 non
915 1120 1096 1174 minus
1125 1131 1286 1186 quam
1328 1116 1645 1186 sibimetipsi
1706 1130 1823 1171 ino-

249 1219 447 1275 !estum
476 1229 600 1270 esse
624 1215 854 1278 sciebat,
888 1215 987 1269 has
1015 1220 1320 1267 mutuarum
1344 1213 1645 1267 litterarum
1673 1211 1820 1265 vices

249 1306 538 1381 proponit;
592 1316 650 1362 ut
704 1309 819 1377 ipse
850 1303 1066 1373 quidem
1100 1302 1299 1361 Basilio
1343 1304 1549 1360 scribat
1577 1317 1696 1372 qua:
1720 1302 1823 1357 Sa-

249 1400 478 1457 mosatis
504 1398 816 1460 aﬂerentnr,
850 1396 903 1450 ei
926 1407 1103 1451 autem
1138 1396 1387 1463 Basilius,
1418 1411 1543 1466 qua:
1557 1411 1620 1449 ex
1649 1394 1825 1448 Thra-

249 1493 351 1546 cia.
384 1490 518 1546 Nam
549 1507 648 1546 nec
678 1489 877 1544 Basilio
918 1491 1097 1559 populi
1141 1490 1539 1544 Samosatensls
1573 1496 1828 1542 constan-

252 1583 381 1637 tiam
435 1595 791 1654 cognoscere,
847 1598 947 1637 nec
981 1582 1166 1637 Otreio
1196 1582 1262 1636 de
1315 1580 1620 1636 communis
1658 1578 1829 1650 patris

252 1674 415 1730 rebus
451 1671 691 1735 edoceri,
746 1670 861 1726 leve
916 1672 1169 1726 solatium
1220 1678 1355 1725 erat.
1404 1670 1455 1723 ls
1510 1678 1688 1723 autem
1738 1668 1827 1737 qui

254 1765 397 1822 hanc
446 1764 629 1818 Basilii
686 1765 970 1833 epistolam
1024 1763 1252 1829 ferebat,
1283 1763 1470 1819 Otreio
1510 1775 1829 1818 narraturus

1919 571 2099 625 reant,
2137 559 2425 629 plurimum
2467 558 2665 629 negotii
2689 556 2881 609 habeat
2911 555 2964 607 in
2999 550 3489 607 circumcursandis

1922 653 2126 710 Christi
2160 651 2392 705 ovilibus
2446 664 2510 703 ac
2554 651 2693 719 lupis
2733 645 2968 714 nudique
3002 643 3269 701 arcendis.
3317 641 3492 711 Rogat

1925 761 2102 803 tamen
2140 746 2369 802 Basilius
2394 753 2452 797 ut
2472 743 2536 796 ad
2559 757 2616 796 se
2644 744 2867 804 scribat,
2897 740 3106 806 quoties
3138 745 3385 793 occurret
3408 750 3494 788 oe-

1922 841 2095 895 casio.
2132 838 2281 894 Satis
2314 833 2638 906 perspicitur
2668 832 2807 885 inter
2833 843 3131 901 episcopos,
3160 841 3388 897 quorum
3406 840 3494 878 ex-

1922 935 2101 988 silium
2150 929 2363 1000 negotia
2417 923 2708 980 exhibebat
2754 922 3052 987 Eustathio,
3100 918 3492 974 numerandum

1925 1025 1979 1075 in
2034 1024 2221 1093 primis
2256 1036 2376 1076 esse
2424 1026 2669 1072 sanctmn
2709 1013 2992 1067 Eusebium
3035 1014 3490 1071 Samosatensem,

1924 1116 2014 1183 qui
2069 1113 2317 1166 columen
2382 1119 2502 1164 erat
2553 1103 2936 1160 Ecclesiarum.
2987 1104 3163 1168 Quare
3212 1099 3326 1154 lucc
3382 1099 3497 1164 epi-

1926 1203 2061 1257 stola
2104 1217 2206 1254 non
2238 1202 2402 1254 multo
2448 1212 2566 1269 post
2607 1196 2729 1264 ejus
2777 1190 3026 1245 exsilium
3071 1190 3283 1244 videtur
3335 1184 3498 1242 collo-

1926 1293 2117 1349 cauda.

1998 1384 2115 1440 Non
2154 1383 2307 1450 longe
2346 1378 2412 1432 ab
2438 1379 2623 1433 eodem
2649 1387 2891 1447 tempore
2926 1368 3244 1426 removenda
3271 1368 3496 1437 epistola

1929 1475 1997 1531 ad
2023 1474 2361 1529 Theodotum
2392 1467 2597 1522 Beroea:
2626 1469 2930 1536 episcopum
2967 1463 3058 1537 (ε).
3106 1461 3317 1515 Nullum
3353 1459 3498 1513 enim

1930 1566 2189 1623 indicium
2230 1564 2393 1617 habet
2442 1561 2853 1633 persecutionis,
2910 1573 3071 1630 quam
3139 1554 3395 1621 deinceps
3447 1551 3501 1604 in

1935 1660 2174 1715 Ecclesia
2222 1654 2497 1712 Bertnensi
2543 1653 2832 1708 excitatam
2883 1650 3202 1704 videbimus.
3258 1644 3325 1699 Et
3381 1658 3502 1696 cum

1933 1750 2160 1821 Basilius
2220 1751 2272 1804 in
2332 1745 2611 1817 epistolis,
2680 1756 2819 1813 quas
2881 1740 3097 1808 scripsit
3154 1751 3295 1792 anno
3360 1733 3503 1796 375.

251 1867 371 1914 erat
398 1872 507 1927 quo
539 1857 591 1910 in
626 1866 768 1912 statu
797 1857 1087 1913 Eusebium
1116 1856 1424 1925 reliquisset
1445 1866 1501 1911 et
1515 1871 1623 1927 quo
1648 1856 1832 1910 animo

1948 1856 2047 1895 ium
2087 1842 2253 1902 clero,
2305 1849 2416 1893 tum
2452 1836 2648 1909 populo
2686 1834 2929 1904 ejusdem
2970 1829 3251 1894 Ecclesiae,
3306 1829 3505 1883 nullam

251 1961 528 2003 aerumnas
555 1947 838 2004 ferentem.

329 2043 508 2106 Supra
530 2041 827 2110 Gregorius
853 2041 1228 2101 Nazianzenus
1270 2045 1484 2100 dicebat
1509 2042 1740 2099 Eusebio
1779 2042 1832 2095 in

253 2129 484 2201 epistola
518 2130 676 2199 paulo
701 2130 949 2202 postejus
973 2136 1260 2189 adventum
1293 2135 1345 2188 in
1373 2134 1658 2187 Thraciam
1696 2133 1835 2187 scri-

255 2232 345 2292 pta
388 2241 409 2277 :7
456 2221 665 2277 Habent
715 2222 816 2279 alii
861 2239 1094 2280 nostrum
1136 2225 1361 2293 fortasse
1399 2224 1693 2278 thronum:
1745 2239 1838 2275 nos

258 2313 549 2370 Christum.
589 2314 708 2370 Jam
748 2326 857 2371 tum
908 2331 1041 2385 ergo
1089 2315 1327 2386 suspicio
1356 2325 1476 2370 erat
1515 2314 1748 2384 aliquem
1784 2316 1839 2369 in

260 2407 438 2463 locum
488 2410 662 2463 sancti
698 2408 913 2462 Eusebii
971 2408 1237 2462 intrusum
1294 2406 1483 2474 fuisse,
1511 2409 1651 2478 quod
1680 2423 1842 2477 argu-

266 2510 451 2555 mento
488 2510 571 2553 est
604 2512 716 2551 rem
744 2497 832 2551 diu
857 2513 962 2551 non
1002 2495 1171 2553 fuisse
1204 2498 1464 2565 dilatam;
1497 2512 1673 2567 neque
1696 2498 1841 2552 enim

265 2591 349 2645 his
387 2592 439 2643 in
494 2588 656 2643 rebus
702 2588 832 2643 lenti
883 2597 1044 2643 erant
1076 2589 1284 2643 Ariani.
1326 2589 1448 2645 Cito
1494 2604 1587 2643 eos
1633 2589 1843 2643 facinus

266 2694 556 2749 aggressos
586 2692 706 2734 esse
764 2680 964 2734 indicat
1009 2679 1379 2736 Theodoretus
1409 2679 1507 2750 (b),
1535 2681 1626 2749 qui
1658 2680 1735 2733 sic
1766 2680 1845 2732 lo-

262 2775 484 2839 quitur:
510 2769 642 2825 Cum
658 2771 843 2823 Ariani
867 2781 979 2838 post
1001 2772 1299 2840 ademptum
1320 2774 1462 2843 gregi
1485 2772 1734 2824 eximium
1754 2787 1846 2837 pa-

264 2874 478 2925 storem,
516 2863 630 2929 ejus
668 2861 785 2916 loco
827 2862 990 2915 alium
1026 2863 1447 2923 substituissent.
1499 2877 1648 2915 nemo
1677 2875 1741 2913 ea:
1767 2859 1848 2913 in-

267 2955 398 3009 colis
424 2955 677 3023 civitatis,
708 2972 813 3008 non
836 2971 1054 3026 pauper,
1085 2971 1187 3009 non
1206 2957 1368 3021 dives,
1394 2970 1493 3007 non
1530 2968 1727 3015 servus,
1744 2969 1848 3005 non

269 3047 472 3116 opifex,
513 3064 615 3101 non
656 3048 909 3116 agricola,
956 3064 1062 3099 non
1102 3046 1434 3112 hortulanus,
1473 3060 1573 3096 non
1618 3045 1716 3107 uir,
1746 3060 1849 3096 non

272 3140 492 3206 femina,
522 3154 631 3191 non
659 3136 982 3200 adolescens,
1025 3154 1126 3189 non
1161 3150 1340 3198 senex,
1371 3145 1647 3187 conuentus
1678 3134 1840 3187 eccle-
1873 3170 1923 3233 Ο

271 3227 509 3279 siaslicos
557 3240 623 3277 ea:
662 3240 804 3277 more
842 3222 1211 3294 frequentauit.
1249 3222 1406 3278 Solus
1456 3225 1567 3290 ipse
1608 3223 1846 3294 degebat,

271 3330 392 3367 cum
422 3330 572 3368 nemo
602 3328 719 3367 eum
747 3314 939 3381 uidere,
969 3329 1116 3367 nemo
1146 3312 1343 3383 alloqui
1378 3313 1548 3367 uellet.

344 3406 426 3459 Ad
456 3406 601 3459 hunc
627 3420 757 3474 ergo
791 3420 987 3457 annum
1023 3404 1319 3459 referendae
1347 3405 1466 3459 dua:
1492 3404 1729 3473 epistolae
1752 3404 1851 3476 (c),

274 3507 412 3563 quas
447 3492 681 3548 Basilius
714 3493 927 3547 videtur
956 3494 1261 3564 scripsisse,
1297 3506 1581 3563 postquam
1623 3494 1691 3549 ad
1730 3509 1852 3549 eum

277 3589 344 3640 de
370 3583 594 3639 mirifica
622 3584 755 3640 cleri
785 3600 849 3638 ac
880 3583 1057 3653 populi
1084 3585 1386 3640 censtantia
1417 3584 1637 3639 allatum
1659 3595 1764 3642 est.
1796 3586 1855 3642 In

279 3679 452 3747 prima
489 3678 678 3733 beatos
712 3679 967 3748 praedicat
997 3679 1364 3748 presbyteros.
1398 3680 1542 3748 quod
1580 3681 1647 3732 ad
1694 3680 1852 3735 talem

278 3768 595 3824 certaminis
650 3784 955 3823 mensuram
1002 3771 1246 3838 perducti
1276 3768 1499 3835 fuerint,
1551 3785 1713 3839 quam
1736 3772 1857 3840 qui-

278 3859 401 3914 dem
440 3867 696 3929 precatur
725 3868 786 3911 ut
826 3857 920 3912 Dei
961 3859 1100 3913 dono
1144 3860 1412 3927 patienter
1439 3859 1752 3915 decurrant.
1798 3858 1856 3914 ln

282 3947 452 4003 altera
476 3946 686 4002 senatui
716 3945 1085 4001 Samosateusi
1108 3946 1434 4015 gratulatur,
1452 3950 1594 4017 quod
1617 3964 1739 4004 cum
1763 3966 1860 4020 per

287 4050 462 4093 totum
496 4040 684 4094 orbem
708 4036 1013 4108 persecutio
1033 4036 1226 4093 diffusa
1266 4039 1360 4105 sit,
1387 4054 1451 4094 ac
1476 4040 1725 4096 maxima:
1759 4041 1860 4114 Sy-

283 4136 382 4191 ria
406 4134 568 4190 urbes
591 4133 779 4190 eadem
810 4148 876 4189 ac
904 4133 1006 4203 ipsi
1036 4133 1173 4187 mala
1201 4142 1437 4203 expertae
1471 4133 1692 4202 fuerint,
1743 4136 1863 4191 nul-

284 4228 378 4283 libi
409 4236 591 4282 tamen
623 4227 760 4283 adeo
779 4236 1055 4295 spectatus
1077 4229 1146 4281 sit
1170 4237 1411 4294 senatus,
1450 4242 1515 4285 ac
1541 4229 1699 4285 bonis
1727 4245 1859 4300 ope-

284 4320 439 4375 ribus
472 4319 674 4382 clarus,
700 4327 761 4372 ut
786 4317 1204 4375 Samosateusis.
1245 4319 1423 4384 Quare
1446 4336 1636 4389 parum
1670 4324 1860 4378 aberat

285 4412 417 4480 quin
443 4411 644 4482 gratias
662 4410 824 4465 etiam
847 4411 1068 4465 haberet
1100 4411 1186 4465 bis
1214 4427 1333 4480 quae
1357 4412 1497 4467 Deus
1522 4414 1634 4467 fieri
1661 4417 1862 4485 permi-

1935 1947 2157 2005 prorsus
2201 1934 2522 1986 mentionem
2578 1929 2741 1983 faciat
2779 1925 3036 1995 episcopi,
3094 1922 3147 1977 id
3192 1928 3509 1991 argumento

1934 2038 2020 2082 est
2078 2039 2201 2078 eum
2255 2024 2307 2077 in
2350 2038 2542 2092 magno
2578 2032 2805 2075 numero
2852 2015 3220 2071 confessorum
3262 2007 3509 2065 exsulum

1938 2118 2123 2172 fuisse.
2154 2115 2335 2181 Quare
2364 2123 2491 2167 ante
2514 2113 2643 2167 illud
2673 2123 2886 2180 tempus
2912 2105 3223 2162 collocanda
3258 2105 3371 2157 haec
3397 2100 3512 2169 epi-

1940 2208 2099 2263 stola.

2011 2297 2146 2353 Cum
2172 2310 2313 2350 anno
2341 2295 2447 2350 575
2469 2292 2817 2362 Antipatrum
2850 2285 3210 2360 gubernacula
3235 2282 3515 2353 Cappado-

1942 2391 2041 2446 cize
2083 2398 2452 2461 capessentem
2502 2384 2830 2447 viderimus,
2869 2380 3093 2449 epistola
3135 2390 3366 2448 sequens
3406 2372 3512 2444 (f),

1942 2498 2064 2553 qua:
2094 2484 2160 2537 ad
2192 2497 2314 2537 eum
2336 2479 2536 2547 scripta
2566 2486 2668 2542 est,
2702 2489 2843 2529 anno
2872 2472 2976 2528 573
3003 2482 3095 2526 aut
3132 2471 3235 2525 5⁸74
3263 2468 3516 2524 collocari

1943 2578 2122 2631 debet.
2178 2573 2292 2628 Non
2345 2573 2462 2627 sine
2514 2570 2692 2638 lepore
2740 2564 3040 2638 gratulatur
3095 2556 3517 2627 Basilius'quod

1944 2666 2165 2721 crambe
2226 2673 2379 2718 aceto
2446 2663 2659 2715 condita
2721 2666 2944 2713 sanatus
3005 2659 3174 2717 esset,
3235 2664 3300 2703 ac
3366 2645 3518 2702 cibo-

1947 2774 2067 2813 rum
2137 2754 2500 2826 appetentiam
2555 2759 2875 2817 reparasset.
2936 2743 3171 2817 Epistula
3241 2740 3343 2795 187
3410 2753 3519 2793 nor.

1946 2859 2032 2904 est
2080 2846 2282 2912 Basilii,
2338 2844 2435 2900 sed
2485 2843 2646 2897 breve
2705 2850 2760 2895 et
2820 2840 3070 2894 festivum
3128 2836 3368 2906 ejusdem
3406 2834 3522 2890 An-

1949 2942 2134 3012 tipatri
2186 2940 2253 2995 ad
2309 2935 2644 3008 superiorem
2693 2931 2973 3002 epistolam
3032 2942 3348 2999 responsum
3389 2940 3525 2981 con-

1951 3033 2105 3086 tinet.

2511 3158 2736 3218 CAPUT
2776 3155 2966 3213 XXXI.

1958 3326 2001 3381 1.
2046 3326 2237 3381 Scribit
2254 3332 2464 3379 sanctus
2494 3320 2727 3375 Basilius
2759 3320 2986 3388 primum
3008 3312 3283 3388 epistolam
3314 3310 3528 3388 oenotri:

2028 3380 2166 3450 cam.
2207 3396 2267 3450 ll.
2302 3396 2452 3447 Circa
2485 3392 2621 3445 idem
2650 3380 2846 3459 tempus
2899 3380 3098 3455 scripta
3153 3381 3370 3459 epistola

2031 3448 2494 3526 adEuistathium,
2541 3478 2696 3527 quam
2728 3448 2912 3513 Basilii
2949 3448 3057 3510 esse
3088 3448 3397 3527 ostenditur.
3442 3448 3527 3503 lll.

2034 3535 2327 3603 Respondet
2361 3523 2721 3599 Amphilochia
2764 3526 3181 3603 de_restitue_ndo
3229 3523 3531 3603 episcopatu

2033 3589 2101 3660 ini
2121 3589 2331 3660 civitate
2363 3589 2694 3657 Isaurorum.
2753 3598 2872 3667 Agit
2898 3598 2973 3667 in
2989 3589 3441 3667 eadem_epistola_
3469 3590 3532 3642 de

2032 3659 2314 3747 cujusdam,
2339 3672 2548 3747 Qeurqij
2578 3659 2821 3747 negotio;
2836 3666 2904 3719 ad
2930 3662 3068 3747 quoa
3114 3659 3534 3747 refertur'etiont

2032 3728 2247 3816 epistola
2297 3745 2422 3816 192.
2716 3728 2822 3816 alia
2865 3728 3083 3816 epistola
3122 3728 3237 3803 qua:
3279 3728 3535 3816 falsojn-

2046 3800 2295 3871 s'cribitur
2337 3808 2719 3881 Amphilochia.
2775 3805 2840 3861 γ.
2890 3800 3152 3859 Βαδὶιίωή
3208 3800 3536 3871 persequitur

2036 3886 2193 3940 Ponti
2225 3884 2470 3938 uicarius.

2039 4042 2080 4096 l.
2122 4040 2323 4096 Plenus
2360 4035 2637 4106 apostolici
2683 4033 2914 4091 fervoris
2948 4026 3373 4099 Amphilochius,
3412 4040 3532 4081 eum

1968 4134 2266 4192 Ecclesiam
2310 4146 2463 4186 suam
2501 4129 2741 4184 moribus
2764 4138 2959 4180 ornare
2992 4132 3048 4177 et
3092 4121 3296 4177 sanctis
3327 4118 3536 4190 legibus

1968 4226 2259 4282 emendare
2298 4222 2629 4292 incepisset,
2679 4217 2935 4273 Basilium
2976 4215 3241 4270 consuluit
3296 4210 3539 4281 pluribus

1969 4323 2035 4376 de
2066 4320 2225 4375 rebus
2270 4320 2337 4371 ad
2363 4314 2703 4384 disciplinam
2746 4308 3156 4381 pertinentibus.
3206 4304 3462 4359 Libenter
3487 4302 3553 4356 ei'

1970 4411 2244 4480 respondit
2267 4407 2499 4461 Basilius
2532 4404 2636 4475 (g),
2654 4416 2819 4473 seque
2844 4400 3041 4455 fatetur
3066 4396 3357 4467 plurimum
3393 4394 3540 4447 utili-

286 4514 459 4569 serat,
486 4506 683 4573 quippe
704 4516 825 4557 cum
856 4503 999 4571 quod
1019 4516 1151 4555 auro
1174 4510 1256 4556 est
1276 4504 1541 4567 caminus,
1582 4506 1633 4559 id
1674 4522 1857 4562 eorum
1894 4530 1939 4583 υ
1974 4508 2096 4563 tatis
2122 4501 2420 4572 percipere,
2460 4497 2673 4567 quoties
2699 4490 3059 4565 Anipbilocbii
3086 4489 3294 4543 litteras
3321 4486 3536 4556 accipit,

287 4597 477 4652 virtuti
504 4595 790 4651 calamitas
823 4593 1006 4647 fuerit.
1036 4590 1295 4647 Hortatur
1317 4593 1430 4660 jam
1472 4597 1760 4654 esantlatis
1791 4601 1871 4655 la-

288 4689 514 4745 boribus
562 4686 699 4742 alios
748 4686 1003 4754 deinceps
1049 4684 1240 4754 dignos
1279 4684 1557 4753 adjiciam,
1608 4686 1689 4743 ita
1734 4700 1876 4748 utet

291 4782 611 4835 redeuntem
636 4777 924 4848 aliquando
945 4785 1217 4846 pastorem
1242 4777 1592 4834 circumstent
1615 4781 1704 4835 alii
1729 4783 1872 4840 aliud

293 4889 394 4942 pro
449 4872 689 4928 Ecclesia
736 4880 947 4942 gestum
1008 4881 1293 4927 narrantes
1338 4880 1394 4925 et
1435 4872 1487 4925 in
1539 4888 1727 4945 magna
1770 4876 1875 4931 Do.

295 4964 428 5019 mini
479 4964 566 5020 die
610 4978 792 5034 parem
828 4970 976 5018 recte
1002 4961 1161 5018 factis
1198 4964 1500 5017 mercedem
1525 4977 1866 5034 consequan-

296 5065 407 5107 tur.

368 5143 596 5199 Videtur
622 5141 936 5199 Eustathius
952 5141 1029 5217 (ά)
1048 5142 1353 5199 Himmerite
1378 5146 1433 5200 in
1453 5145 1731 5203 Osrboena
1753 5145 1866 5215 epi-

297 5252 518 5305 scopus,
544 5235 668 5291 lldei
691 5252 920 5306 magnus
941 5236 1192 5291 defensor
1223 5235 1414 5303 fuisse,
1440 5247 1495 5293 et
1530 5237 1761 5294 Eusebio
1775 5252 1869 5292 ex-

297 5330 404 5385 suli
427 5327 684 5383 vicariam
707 5342 929 5398 operam
966 5344 1190 5384 navasse
1219 5331 1272 5384 iu
1295 5331 1660 5385 sustentandis
1690 5329 1875 5385 Eccle-

298 5424 416 5479 siis.
442 5422 761 5490 Suspicatur
787 5422 931 5477 enim
955 5420 1186 5480 Basilius
1209 5438 1331 5478 eum
1360 5423 1561 5480 idcirco
1584 5423 1650 5479 ad
1669 5438 1725 5479 se
1750 5437 1874 5478 raro

374 5595 453 5675 εει)
483 5596 579 5675 ἕρ·
613 5594 763 5675 ίδιο.
868 5663 899 5675 ..

374 5663 447 5738 (ὁ)
480 5663 620 5738 ῌὶει.
656 5664 837 5738 eccles.
858 5663 961 5738 lib.
994 5680 1067 5731 tv,
1094 5678 1143 5719 c.
1180 5663 1265 5719 l5.

377 5670 424 5738 (ὁ
480 5668 620 5720 Hist.
656 5668 837 5721 eecles.
868 5668 909 5717 li'

377 5668 448 5863 (ὦ
490 5737 586 5820 ἓν.
630 5736 753 5799 182,
788 5736 909 5792 183.

378 5816 397 5883 (
435 5818 455 5883 )
497 5810 592 5879 Ep.
632 5805 755 5863 184.

1970 4596 2180 4664 sibique
2231 4590 2541 4659 magistram
2591 4581 2985 4657 quodammodo
3021 4579 3136 4635 llerl
3184 4576 3537 4648 respondendi

1970 4699 2156 4741 curam
2191 4698 2207 4735 :
2238 4691 2293 4737 et
2321 4689 2469 4735 certe
2497 4694 2616 4734 cum
2644 4678 2711 4731 de
2739 4675 2901 4729 rebus
2922 4673 2989 4727 ab
3017 4667 3386 4741 Amphilochio
3419 4682 3540 4738 pro-

1970 4778 2164 4848 positis
2200 4789 2469 4844 nunquam
2500 4781 2656 4826 antea
2684 4767 2949 4825 sollicitus
2977 4765 3102 4820 data
3139 4777 3297 4835 opera
3328 4761 3537 4825 fuisset,

1970 4881 2212 4926 coactum
2245 4882 2367 4924 esse
2400 4867 2517 4923 illas
2540 4871 2795 4920 accurate
2824 4857 3191 4921 considerare,
3228 4866 3284 4910 et
3328 4856 3372 4909 si
3412 4852 3542 4923 quid

1974 4977 2004 5017 a
2039 4959 2340 5015 senioribus
2374 4957 2670 5025 didicisset,
2711 4949 3011 5013 recordari,
3040 4956 3199 5018 atque
3224 4960 3290 4998 ex
3320 4945 3387 4999 iis
3420 4956 3544 5011 qua:

1973 5056 2255 5118 didicerat,
2294 5051 2459 5103 multa
2504 5043 2875 5101 ratiocinando
2914 5040 3181 5111 colligere.
3227 5034 3364 5090 Tres
3395 5033 3542 5102 ejus-

1975 5147 2118 5201 modi
2164 5141 2420 5213 epistolas
2452 5141 2745 5195 canonicas
2773 5137 3050 5198 habemus,
3094 5131 3257 5185 variis
3282 5125 3544 5196 tempori-

1976 5240 2079 5293 bus
2106 5238 2244 5289 intra
2271 5234 2527 5287 anni-nou
2550 5230 2691 5300 pleni
2720 5228 2950 5299 spatium
2984 5222 3327 5294 compositas.
3366 5217 3542 5272 Prima

1979 5342 2120 5381 anno
2154 5324 2260 5381 δη
2289 5333 2520 5378 exeunte
2555 5321 2775 5389 scripta.
2807 5317 2941 5371 Nam
2967 5314 3224 5377 secnnda,
3262 5324 3380 5381 quae
3410 5308 3544 5362 satis

1979 5421 2139 5487 longo
2199 5425 2320 5485 post
2373 5416 2597 5483 primam
2656 5409 2936 5468 intervallo
2989 5408 3152 5463 missa
3214 5412 3314 5469 est,
3384 5398 3544 5471 paulo

2048 5593 2119 5727 2;;
2160 5592 2254 5727 a-
2290 5591 2412 5715 is

2054 5664 2119 5731 (f)
2164 5664 2260 5730 Ep.
2291 5664 2409 5715 l86.

2054 5735 2129 5805 (9)
2164 5734 2260 5803 Ep.
2296 5731 2416 5787 188.
