4038 6460
496 374 659 419 CXXIV

1848 368 2375 425 PBOLECOMENA.

496 477 833 544 posti‘ascha
870 481 991 535 anui
1020 481 1124 537 575
1151 482 1311 537 missa
1345 484 1463 549 fuit,
1493 486 1726 540 utmodo
1753 489 2067 544 videbimus.
2105 494 2144 549 Α
2180 489 2320 540 nitas
2379 488 2429 541 in
2474 487 2894 541 controversiam
2953 486 3018 541 ab
3068 485 3245 555 impiis
3288 486 3554 545 haereticis
3588 501 3744 542 voca—

568 567 631 622 ιι.
668 571 822 624 Αιιιιο
846 569 949 626 574
981 584 1212 629 exeunte
1238 575 1435 643 scripta
1469 578 1681 630 videtur
1722 578 1944 647 epistola
1970 578 2070 633 189

496 662 561 714 ad
598 660 937 717 Eustathium
969 665 1327 720 archiatrum.
1361 671 1407 723 Is
1432 669 1561 722 artis
1593 684 1706 725 sua;
1754 670 2069 724 beneficium

496 768 783 822 corporum
813 757 1018 813 morbis
1055 775 1159 815 non
1186 760 1477 817 deﬁniebat
1508 777 1521 814 :
1554 766 1695 832 quod
1730 765 1939 833 quidem
1974 765 2073 817 Ba-

496 845 651 900 silius
676 860 785 899 non
812 845 985 902 solum
1012 850 1383 905 consentiente
1408 850 1759 918 plurimorum
1788 853 1949 918 fama,
1978 854 2070 910 sed

498 937 660 991 etiam
688 953 784 993 sua
819 940 987 1008 ipsius
1026 943 1354 1011 experientia
1382 959 1504 997 cum
1540 962 1682 1013 smpe
1715 946 1844 999 alias
1878 946 2073 1001 didice-

500 1034 604 1090 rat,
660 1035 771 1081 tum
820 1031 1053 1084 maxime
1091 1032 1142 1085 in
1184 1047 1394 1088 summo
1436 1035 1639 1100 dolore,
1687 1050 1843 1104 quem
1888 1037 1935 1090 ei
1968 1052 2072 1092 non

498 1120 819 1191 enarrabilis
879 1122 1217 1179 inimicorum
1277 1127 1514 1197 nequitia
1577 1129 1845 1183 inurebat.
1910 1128 2071 1185 Gravi

498 1206 639 1262 enim
668 1209 848 1265 cordis
868 1211 1092 1268 vulnere
1118 1213 1504 1272 inﬂammatum
1528 1217 1839 1272 Eustathius
1880 1218 2073 1275 infusis

502 1298 883 1357 consolationis
919 1306 1096 1359 verbis
1121 1305 1394 1375 demulsit,
1437 1318 1491 1362 et
1541 1317 1721 1363 tacere
1750 1310 1969 1377 volenti,
2010 1326 2075 1365 ac

503 1388 643 1442 mala
672 1390 889 1446 silentio
924 1393 1184 1460 perferre,
1219 1396 1384 1450 multo
1406 1395 1575 1450 satius
1597 1410 1715 1451 esse
1736 1398 2074 1451 demonstra-

502 1482 580 1532 vit
614 1482 893 1537 veritatem
927 1500 1029 1537 non
1073 1486 1322 1554 prodere,
1362 1486 1455 1540 sed
1502 1488 1865 1557 sycophantas
1893 1488 2075 1543 redar-

501 1588 689 1641 guere,
730 1592 798 1629 ne
827 1576 1007 1645 plures
1038 1578 1301 1634 la-dantur
1337 1580 1608 1649 prosperis
1651 1582 1912 1635 mendacii
1943 1598 2073 1637 con-

504 1675 583 1719 tra
616 1667 899 1724 veritatem
932 1672 1289 1727 successibus.
1333 1670 1405 1726 Ut
1444 1672 1598 1739 lupus
1646 1687 1765 1726 cum
1819 1688 1958 1740 agno
2003 1674 2075 1725 ita

502 1771 624 1812 cum
647 1756 846 1815 Basilio
872 1762 1071 1816 inimici
1105 1764 1474 1830 decertabant,
1512 1778 1654 1820 nunc
1687 1765 1789 1818 hoc
1834 1779 1976 1817 nunc
2008 1765 2071 1816 il-

2180 580 2356 633 batur.

2246 667 2363 722 Jam
2417 683 2545 723 vero
2598 669 2642 724 si
2700 668 2955 725 adversus
2983 670 3500 727 Pneumatomachos
3547 670 3743 739 scripta

2180 764 2292 818 haec
2321 762 2577 830 epistola;
2636 772 2761 817 tunc
2790 772 2939 817 certe
2969 766 3169 833 scripta
3198 770 3301 829 est,
3344 776 3465 815 cum
3517 765 3747 821 Basilius

2177 856 2458 912 consilium
2486 857 2627 924 cepit
2654 854 2923 911 scribendi
2947 856 3011 907 de
3035 854 3095 910 S.
3120 855 3344 925 Spiritu,
3370 856 3510 921 quod
3529 860 3745 925 quidem

2181 950 2321 1017 cepit
2348 962 2490 1001 anno
2516 948 2638 1015 574,
2683 957 2804 1018 post
2843 945 3039 1000 festum
3071 950 3211 1003 diem
3252 949 3312 1005 S.
3354 947 3658 1017 Eupsychii,
3688 960 3750 1003 ut

2181 1044 2341 1097 modo
2376 1042 2630 1095 vidimus.
2662 1040 3118 1107 Quemadmodum
3149 1042 3289 1094 enim
3324 1041 3375 1095 in
3402 1040 3497 1094 hac
3523 1041 3746 1107 cpistola

2178 1131 2415 1185 declarat
2445 1130 2674 1185 Basilius
2699 1146 2758 1185 se
2792 1142 2969 1185 tacere
3005 1138 3061 1182 et
3097 1129 3233 1181 mala
3264 1131 3481 1186 silentio
3510 1130 3750 1198 perferre

2175 1222 2342 1277 satius
2366 1222 2730 1285 existimasse,
2756 1223 2849 1277 sed
2884 1221 2951 1275 ab
2982 1219 3264 1274 Eustathio
3291 1222 3355 1272 ad
3384 1220 3747 1277 defensionem

2175 1316 2416 1369 veritatis
2439 1320 2783 1377 revocatum;
2837 1314 2917 1367 sic
2960 1311 3122 1365 etiam
3166 1310 3218 1364 in
3258 1309 3394 1365 libro
3440 1313 3515 1366 De
3544 1310 3751 1379 Spiritu

2175 1416 2352 1459 sancto
2389 1407 2467 1475 (ιι.
2510 1402 2577 1457 78
2609 1402 2797 1471 et79),
2841 1412 3067 1457 testatur
3102 1417 3161 1457 se
3210 1412 3387 1456 tacere
3436 1403 3602 1457 satius
3645 1403 3750 1455 du-

2176 1496 2341 1559 xisse,
2390 1495 2481 1549 sed
2546 1493 2833 1556 charitate,
2891 1506 3008 1562 qua:
3068 1508 3172 1546 non
3232 1492 3423 1563 qumrit
3468 1509 3587 1561 qua:
3651 1509 3748 1547 sua

2179 1599 2305 1639 sunt
2340 1584 2391 1655 (1
2416 1585 2537 1638 Cor.
2570 1600 2687 1647 xttt,
2720 1583 2796 1655 5),
2862 1593 3149 1638 retractum
3197 1586 3381 1640 fuisse.
3435 1585 3567 1638 Cum
3620 1600 3752 1652 ergo

2176 1687 2461 1743 utrumque
2479 1675 2761 1742 scriptum,
2786 1690 2974 1744 nempe
2993 1674 3271 1742 epistolam
3298 1676 3361 1729 ad
3385 1672 3748 1738 Eustathium,

2176 1778 2229 1819 et
2252 1766 2442 1818 librum
2474 1763 2553 1818 De
2571 1762 2775 1832 Spiritu
2801 1775 2983 1818 sancto
3014 1764 3254 1819 voluntas
3288 1766 3493 1821 tacendi
3519 1778 3753 1834 praeces-

504 1849 593 1903 lud
623 1851 947 1908 incusantes.
983 1852 1117 1909 Tres
1142 1856 1271 1911 deos
1296 1855 1618 1929 alﬁngebant
1654 1877 1665 1911 :
1695 1859 1863 1912 fracto
1882 1866 1935 1912 et
1953 1873 2078 1914 con-
2108 1852 2148 1906 Β
2178 1857 2329 1919 serit,
2380 1872 2601 1912 necesse
2638 1869 2719 1912 est
2765 1870 2819 1911 ut
2852 1859 3037 1911 eodem
3068 1866 3309 1927 tempore
3362 1871 3414 1913 et
3460 1858 3749 1928 epistolam

503 1942 646 1996 victo
701 1943 803 1996 hoc
860 1946 1162 2015 mendacio,
1224 1950 1279 2003 in
1330 1960 1581 2020 promptu
1619 1961 1735 2003 erat
1783 1951 2070 2009 Sabellius.

502 2032 630 2086 Inde
656 2035 858 2103 pariter
892 2038 1083 2106 deiecti
1130 2042 1419 2098 novitatem
1458 2041 1804 2107 objiciebatrt.
1835 2058 1899 2098 eo
1932 2047 2073 2116 quod

502 2141 665 2179 nnant
726 2127 778 2182 in
812 2130 983 2185 tribus
1013 2133 1257 2200 personis
1307 2134 1642 2187 divinitatem
1702 2133 1929 2192 Basilius
1982 2139 2075 2193 do-

501 2228 667 2272 ceret.
736 2218 1066 2275 Postremam
1130 2223 1268 2276 hanc
1333 2224 1766 2280 criminationem
1823 2242 1926 2281 non
1993 2228 2076 2283 in-

501 2308 771 2363 ficiatione
833 2310 1063 2366 Basilius
1116 2312 1333 2379 refellit,
1381 2318 1474 2370 sed
1514 2316 1931 2374 demonstrando
1960 2319 2078 2388 Spi-

502 2401 664 2455 ritum
695 2411 937 2456 sauctum
978 2405 1028 2458 in
1061 2405 1313 2461 omnibus
1346 2404 1492 2460 Patri
1527 2419 1582 2461 et
1615 2408 1751 2464 Filio
1782 2409 2076 2480 adiungen-

504 2496 651 2550 dunt.

574 2586 723 2642 llanc
766 2590 1046 2658 epistolam
1088 2590 1463 2645 Tillemontius
1501 2592 1725 2646 collocat
1766 2592 1831 2646 ad
1881 2608 2078 2649 annum

502 2679 629 2745 376,
654 2692 706 2737 et
730 2693 915 2736 contra
939 2682 1284 2736 Eustathium
1307 2681 1657 2739 Sebastenum
1684 2685 1941 2755 scriptam
1969 2686 2081 2739 exi-

503 2771 708 2825 stimat.
756 2771 862 2827 Sed
900 2780 1079 2827 tamen
1115 2773 1297 2844 dispar
1329 2774 1550 2828 omnino
1576 2790 1639 2828 ac
1678 2776 1910 2829 discolor
1937 2776 2083 2829 vide-

503 2870 591 2917 tur
628 2863 695 2917 iis
733 2879 851 2931 qua:
883 2865 1143 2919 adversus
1178 2866 1514 2920 Eustathium
1556 2868 1771 2935 scriptae
1798 2877 1922 2920 sunt
1960 2886 1972 2921 :
2016 2882 2083 2921 ne

502 2957 726 3012 verbum
753 2955 967 3026 quidem
1013 2956 1178 3012 ullum
1224 2958 1291 3011 de
1318 2957 1636 3023 Eustathio;
1671 2958 1806 3012 nihil
1846 2960 1912 3013 de
1943 2959 2083 3013 illius

506 3048 560 3101 in
592 3048 696 3103 fide
735 3048 1116 3115 inconstantia,
1161 3049 1294 3104 nihil
1334 3050 1398 3105 de
1440 3051 1647 3105 violatae
1688 3051 1936 3107 amicitia:
1968 3066 2084 3107 sce-

504 3138 621 3192 lere
650 3155 664 3193 :
695 3139 826 3193 nihil
854 3156 955 3194 non
989 3151 1409 3196 consentaneum
1441 3142 1676 3208 silentio,
1697 3144 1837 3212 quod
1856 3145 2080 3199 Basilius

503 3244 602 3299 per
630 3238 738 3284 tres
758 3246 928 3284 annos
951 3232 1202 3285 maximis
1232 3234 1299 3285 ab
1319 3233 1602 3288 Eustathio
1640 3246 1957 3303 provocatus
2000 3238 2080 3287 in-

503 3320 665 3389 juriis
712 3323 965 3374 servavit.
1012 3321 1189 3387 Quare
1233 3336 1337 3374 non
1373 3322 1463 3375 alii
1506 3323 1609 3378 hoc
1651 3323 1769 3379 loco
1806 3323 2077 3391 quaerendi

506 3413 823 3477 adversarii,
853 3428 1015 3483 quam
1049 3415 1346 3482 generatim
1377 3415 1855 3470 Pneumatomachi
1891 3429 1906 3465 :
1944 3429 2078 3482 quos

505 3502 741 3559 Basilius
766 3504 1029 3560 Eustathii
1063 3507 1265 3560 monitu
1293 3507 1605 3575 impugnare
1646 3507 1858 3572 statuit,
1887 3520 2079 3576 quam-

505 3595 589 3649 vis
638 3595 855 3651 interim
904 3600 968 3652 de
1002 3598 1228 3667 privatis
1268 3597 1535 3652 Eustathii
1567 3597 1847 3651 Sebasteni
1878 3598 2082 3651 calum-

509 3689 615 3743 niis
665 3700 885 3744 taceret.
954 3690 1137 3761 Neque
1196 3692 1339 3746 enim
1400 3706 1429 3745 a
1490 3690 1603 3746 solo
1662 3690 1941 3743 Eustathio
1996 3705 2080 3743 res

510 3780 745 3835 molestae
767 3782 965 3837 Basilio
980 3788 1291 3843 acciderunt
1312 3804 1325 3840 :
1345 3796 1577 3854 quantus
1598 3784 1650 3836 in
1675 3800 1795 3837 eum
1820 3784 2084 3837 exs'ilerit

510 3872 1124 3930 l‘ueumatomachorum
1184 3878 1356 3939 furor,
1406 3892 1567 3946 quam
1600 3876 1919 3942 inexpiabile
1961 3891 2081 3927 cum

512 3967 593 4021 eis
617 3966 812 4020 bellum
841 3967 1107 4033 habuerit,
1135 3969 1364 4037 perspici
1401 3978 1579 4036 potest
1604 3984 1669 4023 ex
1696 3968 1853 4037 epist.
1875 3967 2002 4034 2l5,
2030 3978 2086 4021 et

509 4071 577 4111 ex
606 4059 743 4115 libro
769 4058 845 4114 De
873 4058 1076 4129 Spiritu
1110 4070 1312 4124 sancto,
1347 4060 1512 4123 n.13,
1540 4058 1633 4123 25,
1660 4061 1748 4126 54,
1783 4059 1870 4125 52,
1898 4060 1989 4123 60,
2013 4062 2082 4113 69

510 4159 565 4202 et
594 4150 681 4205 75.
718 4148 827 4205 Nec
857 4152 1076 4213 mirum,
1105 4152 1148 4206 si
1174 4166 1295 4205 eum
1326 4150 1449 4219 lupo
1478 4151 1527 4202 in
1570 4149 1670 4203 hac
1698 4151 1917 4218 epistola
1948 4166 2085 4203 cout-

511 4248 789 4309 parantur,
824 4240 916 4310 qui
953 4256 1074 4295 cum
1097 4242 1220 4310 jure
1246 4242 1575 4304 vinceretur,
1616 4240 1864 4294 dentibus
1900 4242 2081 4294 vince-

511 4333 630 4387 bat.
655 4331 721 4387 Hi
747 4332 802 4387 in
830 4330 1087 4386 Basilium
1117 4335 1528 4388 insurrexerunt
1568 4333 1669 4386 hoc
1696 4346 1833 4385 anno
1849 4332 1973 4393 574,
2003 4333 2084 4387 die

515 4425 653 4479 festo
679 4424 852 4479 sancti
880 4423 1190 4492 Eupsychii,
1224 4438 1290 4478 eo
1312 4424 1452 4492 quod
1478 4426 1528 4478 in
1553 4424 1802 4493 precibus
1824 4423 2081 4492 Spiritum

2175 1958 2447 2003 exaratam
2496 1960 2550 2003 et
2588 1950 2869 2004 consilium
2917 1952 2979 2003 dc
3007 1951 3210 2020 Spiritu
3244 1962 3434 2007 sancto
3478 1952 3750 2007 scribendi

2175 2052 2483 2110 susceptum
2520 2043 2780 2098 dicamus.
2808 2042 2990 2110 Neque
3012 2044 3153 2097 enim
3181 2042 3435 2099 Basilium
3464 2060 3495 2099 a
3531 2045 3754 2100 silentio

2178 2136 2493 2190 retraxisset
2539 2134 2870 2199 Eustathius,
2922 2134 2965 2188 si
3006 2134 3118 2203 jam
3161 2137 3519 2206 Amphilocbii
3558 2147 3751 2207 rogatu

2176 2226 2370 2296 stylum
2422 2230 2487 2280 ad
2535 2226 2855 2282 refellendos
2915 2224 3434 2281 Pneumalomachos
3493 2228 3749 2300 acuisset.

2179 2319 2285 2374 Sed
2320 2328 2545 2389 uterque
2584 2322 2635 2374 in
2676 2319 2877 2375 Basilio
2907 2318 3169 2374 ﬂectendo
3194 2331 3413 2387 operam
3446 2320 3748 2387 conjunxit,

2180 2428 2277 2466 nec
2299 2411 2504 2466 videtur
2525 2411 2854 2479 Eustathius,
2880 2413 3005 2466 dum
3033 2410 3286 2465 Basilium
3311 2408 3376 2463 ad
3402 2410 3749 2465 scribendum

2180 2503 2450 2566 hortatur,
2495 2517 2598 2555 una
2630 2501 2803 2569 aliqua
2838 2502 3061 2570 epistola
3098 2511 3386 2558 contentus
3420 2499 3608 2565 fuisse,
3653 2502 3753 2554 sed

2181 2610 2432 2665 magnum
2480 2595 2696 2664 aliquod
2735 2608 2870 2661 opus
2907 2596 2976 2647 ab
3010 2610 3076 2649 eo
3112 2594 3431 2664 postulasse.
3484 2594 3573 2648 Sic
3603 2594 3751 2647 enim

2180 2702 2300 2741 eum
2336 2686 2627 2753 alloquitur
2658 2684 2923 2739 Basilius:
2967 2683 3045 2736 Tu
3074 2702 3190 2737 vero
3221 2697 3357 2740 recte
3384 2686 3575 2755 fecisti,
3611 2688 3754 2755 quod

2180 2780 2414 2829 hortatus
2436 2793 2511 2839 es,
2559 2785 2702 2829 utne
2722 2777 2989 2829 veritatem
3020 2775 3312 2841 proderem.
3352 2776 3442 2829 sed
3472 2779 3755 2845 redargue-

2181 2884 2287 2920 rem
2322 2867 2690 2937 sycophantas,
2725 2882 2787 2918 ne
2817 2865 2989 2933 plures
3012 2864 3295 2930 (edantur,
3322 2882 3591 2935 prosperos
3616 2882 3757 2919 men-

2181 2960 2332 3012 dacio
2361 2968 2543 3013 contra
2561 2958 2822 3011 veritatem
2850 2962 3122 3010 successus
3148 2956 3390 3011 habente.

2253 3047 2368 3103 Non
2414 3047 2864 3103 dissimulandum
2896 3056 2979 3100 est
3026 3046 3164 3099 hanc
3208 3047 3486 3115 epistolam
3536 3052 3754 3099 exstare

2184 3145 2323 3194 inter
2340 3152 2500 3207 Opera
2525 3139 2695 3191 sancti
2730 3135 2975 3206 Gregorii
3011 3133 3262 3204 Nysseni,
3304 3138 3462 3203 eique
3503 3134 3753 3197 attribui,

2185 3231 2405 3284 utillius
2431 3228 2570 3298 stylo
2594 3230 2759 3295 magis
2788 3237 3228 3294 consentaneatn,
3260 3230 3310 3279 in
3336 3226 3565 3293 quodam
3593 3226 3757 3278 scho-

2186 3327 2274 3390 lio,
2312 3324 2451 3393 quod
2481 3341 2510 3375 e
2536 3338 2637 3379 ms.
2669 3322 2854 3376 codice
2879 3331 3089 3375 erutum
3123 3323 3173 3375 in
3202 3322 3352 3375 Notis
3379 3323 3751 3390 apposuimus.

2186 3417 2454 3485 Scriptam
2488 3414 2707 3481 coniicit
2731 3411 3086 3467 Combelisius
3117 3427 3144 3464 a
3171 3412 3431 3481 Gregorio
3461 3422 3583 3481 post
3612 3428 3756 3467 mor-

2185 3520 2289 3563 tem
2325 3508 2527 3563 Basilii.
2578 3507 2683 3561 Sed
2727 3506 2772 3560 si
2812 3504 3054 3573 Gregorii
3086 3513 3188 3568 est,
3230 3504 3393 3559 scribi
3431 3520 3534 3558 non
3578 3505 3756 3575 potuit

2185 3612 2302 3668 post
2330 3610 2555 3653 mortem
2579 3598 2782 3650 Basilii.
2813 3596 3033 3666 Signata
3062 3596 3205 3651 enim
3247 3605 3330 3650 est
3358 3596 3599 3665 pluribus
3631 3611 3758 3664 per-

2185 3691 2477 3746 secutionis
2532 3689 2695 3750 notis,
2746 3702 2844 3741 nec
2893 3702 3127 3755 unquam
3162 3687 3298 3741 alias
3330 3688 3541 3740 videtur
3584 3688 3757 3756 major

2188 3786 2559 3840 haereticorum
2583 3780 2816 3851 potentia
2844 3780 3138 3833 exstitisse.
3176 3779 3246 3832 At
3286 3789 3499 3833 mortuo
3527 3778 3753 3842 Basilio,

2187 3878 2267 3931 vel
2300 3878 2477 3946 potius
2513 3873 2695 3930 statim
2740 3882 2903 3940 atque
2950 3870 3062 3936 ipse
3096 3870 3293 3925 Valens
3320 3870 3759 3940 divinrejustitia:

2192 3987 2380 4040 poenas
2403 3970 2519 4033 luit,
2554 3967 2765 4038 penitus
2812 3964 3043 4019 concidit
3078 3974 3316 4033 potestas
3354 3964 3755 4030 hatreticorum,

2194 4082 2291 4120 nec
2310 4065 2418 4133 jam
2452 4070 2699 4131 poterant
2724 4058 2775 4111 in
2804 4056 3133 4123 Catholicos,
3165 4055 3312 4110 velut
3348 4056 3454 4125 lupi
3485 4056 3535 4109 in
3566 4071 3757 4125 agnos,

2190 4156 2468 4211 desaevire.
2520 4151 2699 4217 Quare
2739 4150 2949 4205 etiamsi
2986 4148 3264 4201 tribuenda
3317 4157 3459 4201 esset
3498 4146 3761 4215 Gregorio

2190 4252 2303 4302 haec
2330 4245 2551 4314 epistola
2572 4285 2587 4308 ,
2622 4245 2687 4296 ad
2724 4243 2823 4297 hoc
2857 4243 3032 4309 ipsum
3063 4239 3485 4309 tempus.referri
3511 4242 3756 4304 deberet,

2188 4341 2253 4392 ad
2305 4336 2444 4405 quod
2503 4334 2838 4387 referendam
2902 4334 3169 4387 duximus.
3229 4332 3347 4385 Non
3379 4333 3522 4385 enim
3569 4332 3758 4386 referri

2191 4437 2369 4499 potest
2395 4426 2461 4479 ad
2500 4424 2648 4477 initia
2682 4424 3021 4491 episcopatus
3052 4423 3331 4491 Gregorii;
3360 4422 3625 4490 siquidem
3660 4438 3759 4475 au-

514 4527 761 4569 sanctum
806 4530 928 4570 cum
973 4513 1130 4569 Patre
1170 4524 1225 4568 et
1262 4514 1404 4568 Filio'
1428 4515 1752 4584 gloriﬁcaret
1784 4515 1885 4586 (a),
1914 4531 1977 4569 ac
2014 4517 2082 4568 ita
2120 4545 2160 4598 ι)
2191 4532 2393 4575 ctorem
2446 4514 2685 4583 epistolze
2726 4511 2838 4581 jam
2870 4512 2959 4565 diu
2994 4514 3263 4564 vexabant
3289 4513 3544 4565 haeretici.
3575 4511 3761 4579 Neque

514 4622 636 4663 sese
657 4610 726 4662 ab
756 4624 821 4665 eo
850 4607 1219 4671 absciderunt,
1246 4615 1305 4661 ut
1335 4622 1520 4662 eorum
1555 4609 1645 4663 alii
1676 4610 1724 4661 in
1750 4609 1928 4662 aulam
1958 4624 2081 4677 pro-

516 4706 912 4767 ficiscerentur,
937 4703 1025 4757 alii
1056 4712 1416 4764 remanerent,
1443 4716 1713 4754 rumorem
1750 4700 1872 4755 inde
1900 4717 2083 4770 exspe-

516 4808 750 4855 ctantes.
790 4796 1098 4862 Quinetiam
1126 4809 1223 4864 per
1247 4801 1415 4848 totam
1443 4792 1674 4846 hiemem
1701 4793 1911 4859 negotia
1939 4793 1984 4845 ei
2015 4792 2086 4845 fa-

517 4904 731 4946 cessere
763 4903 869 4943 non
895 4888 1194 4942 desierunt.
1229 4885 1343 4941 Non
1372 4886 1510 4939 enim
1548 4884 1682 4937 alios
1709 4886 1955 4953 designat
1985 4884 2089 4937 Ba-

521 4983 673 5037 silius
695 4981 747 5033 in
774 4980 932 5049 epist.
953 4979 1077 5041 197,
1108 4992 1230 5033 cum
1258 4978 1636 5043 occupationes
1663 4975 1763 5028 sibi
1792 4989 1886 5043 per
1916 4984 2082 5029 totam

521 5051 769 5134 hiemem,
819 5081 930 5123 tum
970 5084 1035 5123 ex
1078 5069 1307 5136 negotiis
1335 5066 1738 5129 ecclesiasticis,
1786 5075 1895 5119 tum
1932 5068 2089 5120 abiis

518 5161 609 5230 qui
648 5159 900 5215 Ecclesiis
930 5166 1142 5220 nocent,
1178 5156 1451 5211 exhibitas
1489 5154 1653 5210 fuisse
1692 5165 1935 5210 testatur.
1970 5157 2085 5211 Non

516 5267 649 5320 ergo
685 5249 1019 5305 Eustathium
1044 5250 1175 5315 petit
1216 5248 1333 5300 haec
1373 5247 1621 5315 epistola,
1674 5249 1778 5302 nisi
1830 5257 2091 5317 quatenus

520 5358 643 5396 cum
672 5339 1196 5401 Pneumatomachis,
1224 5338 1323 5391 etsi
1348 5341 1579 5403 occulte,
1608 5339 1921 5407 coniunctus
1947 5349 2082 5393 erat.

524 5433 637 5486 Huc
690 5433 899 5486 accedit
952 5432 1067 5496 ipsa
1113 5432 1375 5499 dogmatis
1423 5431 1784 5497 pertractandi
1834 5430 1988 5485 ratio.
2032 5430 2087 5484 In

522 5524 799 5594 probanda
821 5523 963 5575 cnim
994 5521 1111 5575 Filii
1142 5522 1441 5584 divinitate,
1471 5529 1653 5589 utpote
1677 5522 1744 5575 ab
1768 5512 2092 5575 abversariis

524 5630 779 5667 concessa
805 5627 908 5667 non
928 5614 1243 5669 immoratur
1272 5610 1515 5665 Basilius.
1545 5610 1667 5665 Sola
1700 5611 1931 5681 Spiritus
1964 5612 2093 5665 divi~

601 5801 674 5869 (α)
717 5800 809 5869 Ep.
846 5798 957 5853 190.

2189 4614 2349 4667 etiam
2393 4607 2559 4662 multo
2592 4606 2766 4659 serius
2804 4605 2904 4656 hoc
2947 4617 3088 4656 anno
3128 4602 3231 4655 574
3288 4617 3407 4656 eam
3455 4604 3763 4671 scripsisset

2198 4701 2508 4771 Gregorius,
2556 4697 2645 4767 qui
2681 4711 2823 4749 anno
2847 4694 2952 4749 375
2987 4696 3104 4763 fuga
3135 4692 3233 4747 sibi
3263 4694 3554 4758 consuluit,
3590 4708 3761 4761 seque

2198 4793 2570 4847 haereticorum
2594 4789 2759 4843 furori
2792 4789 3080 4856 prudenter
3101 4784 3370 4839 subduxit.
3402 4788 3575 4854 Atque
3594 4789 3760 4839 etiam

2193 4887 2378 4939 dubito
2405 4900 2471 4936 an
2509 4882 2769 4950 ejusmodi
2804 4878 3231 4949 persecutionem
3254 4885 3509 4946 expertus
3534 4876 3603 4929 sit
3631 4892 3760 4931 san-

2196 4989 2314 5031 ctus
2353 4976 2647 5045 Gregorius
2693 4974 2986 5042 Nyssenus,
3041 4985 3160 5040 quae
3211 4984 3331 5023 eum
3380 4969 3479 5023 hac
3531 4969 3758 5038 epistola

2198 5069 2445 5137 quadret.
2477 5066 2588 5119 Etsi
2630 5065 2770 5118 enim
2800 5065 3079 5118 veritatem
3126 5061 3178 5113 in
3226 5074 3289 5113 eo
3332 5060 3501 5113 solam
3533 5061 3761 5114 oderant

2197 5158 2460 5222 haeretici,
2501 5173 2606 5211 non
2639 5172 2759 5209 eum
2792 5165 2994 5217 tamen,
3039 5162 3094 5205 ut
3130 5150 3412 5215 Basilium,
3464 5151 3577 5205 solo
3613 5153 3760 5206 veri-

2197 5252 2321 5305 tatis
2352 5250 2570 5303 nomine
2600 5248 2851 5301 insectati
2876 5254 3031 5309 sunt;
3072 5244 3166 5298 sed
3204 5242 3384 5297 varias
3418 5258 3611 5297 causas
3658 5244 3762 5297 fin-

2196 5350 2389 5392 xerunt
2416 5340 2513 5407 (ὁ),
2548 5338 2939 5391 ordinationem
2973 5349 3078 5387 non
3104 5333 3440 5397 canonicam,
3474 5332 3760 5400 pecuniam

2200 5430 2450 5484 Ecclesia:
2500 5429 2835 5495 dissipatam.
2889 5426 2958 5477 At
3020 5424 3150 5477 nihil
3209 5438 3427 5489 prorsus
3496 5424 3759 5490 reperias,

2202 5525 2342 5591 quod
2374 5539 2473 5575 non
2499 5537 2619 5574 cum
2653 5518 2832 5572 Basilii
2858 5520 3013 5569 rebus
3049 5514 3273 5569 mirifice
3309 5524 3585 5582 congruat.
3631 5516 3762 5585 Sty-

2203 5614 2287 5668 lus
2314 5616 2423 5683 ipse
2451 5612 2703 5666 Basilium
2724 5611 2879 5683 plane
2914 5606 3150 5674 redolet;
3184 5623 3280 5662 nec
3312 5608 3507 5662 multos
3532 5606 3645 5662 fore
3674 5619 3773 5663 ar-‘

2280 5795 2350 5859 (tv)
2394 5793 2485 5860 Ep.
2522 5792 2641 5844 223.
