4038 6446
1605 358 1761 414 VITA
1802 358 1857 414 S.
1902 358 2159 415 BASILII.

3360 382 3501 425 CXXV

272 482 464 547 bitror,
490 484 580 553 qui
605 480 827 543 st-holio,
856 482 996 550 quod
1028 480 1185 533 modo
1211 478 1518 542 citaviutus,
1547 480 1842 532 assentian-
1872 481 1917 535 Α
1947 480 2063 529 dem
2097 479 2499 547 Amphilochius
2541 480 2606 533 ad
2640 482 2778 534 hunc
2808 482 2944 535 diem
2979 478 3171 535 festum
3204 495 3343 535 anno
3374 483 3500 539 575.

274 585 382 630 tur.
413 576 469 629 Si
503 588 636 641 quos
671 583 845 627 autent
882 580 1095 627 moveat
1139 582 1229 624 aut
1261 569 1355 625 Dei
1389 584 1579 623 nomen
1615 570 1834 639 Spiritui

272 677 462 721 sancto
488 667 693 727 datum,
725 675 815 719 aut
859 665 1073 734 opinata
1114 664 1357 731 quaedam
1388 676 1509 715 cum
1548 662 1655 716 alio
1689 680 1837 718 cam—

272 755 521 809 mentarii
556 753 609 807 in
643 754 832 809 Isaiam
882 754 1002 806 loco
1036 750 1438 815 dissimilitudo,
1482 750 1566 805 his
1592 751 1702 820 jam
1748 770 1837 807 oc-

268 847 547 901 currimus
587 846 639 900 in
670 846 843 900 Notis.

343 934 425 988 Ill.
459 936 540 989 Ad
570 938 710 990 idem
746 946 955 1000 tempus
994 931 1284 987 referendae
1312 931 1555 984 videntur
1582 932 1697 985 dua:
1719 934 1835 987 alite

267 1028 529 1094 epistolae,
558 1040 747 1093 nempe
784 1023 886 1078 I90
924 1034 979 1078 ct
1014 1025 1135 1079 I9l.
1166 1024 1311 1076 Inter
1347 1022 1478 1076 alias
1510 1024 1829 1091 provincias,

268 1115 350 1168 vel
391 1119 571 1185 potius
608 1123 881 1182 segmenta
913 1114 1328 1183 provinciarum,
1371 1129 1495 1183 quae
1525 1111 1707 1167 Iconio
1737 1116 1833 1166 ad-

262 1208 466 1277 junctus
520 1221 711 1260 novam
763 1208 1094 1278 provinciam
1150 1215 1586 1271 composuerunt,
1641 1206 1833 1260 civitas

269 1298 574 1353 Isaurorum
602 1313 721 1351 cum
755 1299 995 1367 pluribus
1030 1296 1147 1349 aliis
1176 1296 1414 1364 ejusdem
1447 1296 1733 1367 provincia:
1755 1296 1833 1348 lo-

266 1392 347 1445 cis
368 1388 627 1443 attributa
662 1388 926 1444 fuit.-Sed
953 1403 1073 1443 cum
1109 1390 1221 1444 haec
1250 1391 1386 1453 loca,
1420 1390 1601 1443 itidem
1632 1398 1689 1441 ut
1718 1388 1831 1457 ipsa

266 1482 481 1543 civitas,
523 1480 636 1537 sive
677 1482 746 1535 ab
789 1479 1062 1543 hostibus.
1097 1483 1211 1534 sive
1249 1483 1315 1535 ab
1355 1482 1570 1535 Arianis
1602 1489 1830 1545 vastata,

266 1572 538 1641 episcopis
564 1573 815 1628 destituta
839 1584 1039 1635 essent,
1060 1572 1347 1639 plurimum
1373 1573 1569 1642 negotii
1604 1583 1656 1625 et
1680 1572 1830 1626 solli-

267 1666 529 1719 citudinis
567 1662 887 1718 addiderunt
913 1664 1320 1735 lAmphilochio.
1355 1665 1640 1719 Cousultus
1671 1664 1736 1719 ab
1768 1680 1831 1718 ea

265 1755 500 1809 Basilius
549 1768 655 1822 qua
700 1754 1039 1822 potissimum
1085 1756 1293 1808 ratione
1339 1756 1451 1809 haec
1489 1754 1725 1808 Ecclesia
1775 1756 1827 1807 in

1945 568 2047 624 Sed
2092 572 2157 623 ad
2190 572 2287 625 hoc
2321 583 2524 642 tempus
2557 572 2745 630 referri
2782 589 2884 627 non
2926 574 3121 627 debent
3152 572 3255 626 illae
3292 573 3498 626 haereti-

1940 675 2121 715 corum
2148 661 2469 727 molitiones,
2497 666 2563 719 de
2578 665 2775 734 quibus
2802 664 2854 715 in
2882 663 2980 716 hac
3005 663 3226 732 epistola
3250 662 3497 717 Basilius.

1939 754 2066 818 Qua:
2097 756 2241 806 enim
2281 754 2367 807 hic
2406 754 2471 807 de
2514 756 2857 811 restituendis
2903 755 2954 807 in
2987 754 3189 808 Isattria
3234 754 3501 823 episcopis

1938 846 2173 909 disserit,
2205 859 2267 899 ea
2291 843 2398 911 jam
2432 860 2617 914 magna
2648 865 2709 901 ex
2739 857 2889 916 parte
2922 848 2987 899 ad
3015 857 3215 899 esttam
3242 847 3498 913 perducta

1938 937 2171 1001 fuerant,
2215 946 2342 991 ante
2378 952 2614 990 mensem
2656 940 3023 1006 Septembrem
3064 939 3188 990 anni
3220 938 3323 992 375
3353 938 3498 991 ordi—

1937 1038 2063 1083 nato
2114 1028 2422 1083 Macedonio
2446 1029 2717 1096 episcopo,
2751 1042 2937 1099 atque,
2980 1038 3037 1084 ιιι
3068 1029 3358 1082 verisimile
3392 1037 3497 1090 est,

1936 1117 2175 1185 pluribus
2220 1119 2360 1173 aliis.
2407 1116 2525 1172 Non
2562 1119 2735 1186 potuit
2771 1138 2897 1189 ergo
2928 1125 3041 1176 haec
3072 1119 3235 1176 scribi
3276 1120 3498 1188 cpistola

1937 1209 2036 1263 nisi
2062 1224 2201 1264 anno
2227 1210 2353 1265 574.

2006 1300 2156 1355 IIanc
2183 1302 2464 1369 epistolam
2498 1315 2603 1353 non
2634 1301 2906 1370 pertinere
2930 1301 2995 1353 ad
3021 1318 3219 1357 annum
3243 1302 3346 1357 375
3370 1316 3500 1356 con-

1938 1392 2182 1445 Ilrmatur
2228 1406 2294 1445 ex
2341 1394 2425 1446 his
2454 1391 2635 1446 verbis
2686 1409 2699 1444 :
2754 1391 2851 1445 Re:
2888 1389 3140 1460 Nyssentr
3168 1410 3226 1446 eo
3256 1394 3310 1446 in
3355 1403 3497 1446 statu

1934 1492 2078 1543 sunt,
2110 1483 2163 1533 in
2203 1498 2302 1551 quo
2329 1494 2473 1535 erant
2503 1502 2533 1536 a
2557 1493 2606 1536 te
2634 1483 2849 1544 relictae,
2876 1494 2921 1535 et
2946 1498 3037 1549 ope
3062 1492 3270 1533 tuarum
3292 1500 3496 1548 precum

1936 1573 2123 1626 cedunt
2150 1579 2203 1626 in
2228 1573 2432 1627 melius.
2472 1574 2725 1642 Designat
2756 1572 2987 1626 Basilius
3019 1573 3258 1627 exhibita
3296 1571 3498 1641 Grego-

1935 1666 2016 1719 rio
2057 1665 2210 1717 fratri
2250 1664 2462 1732 negotia
2493 1674 2545 1717 et
2578 1665 2755 1719 illatas
2786 1664 2854 1717 ab
2892 1665 3163 1718 haereticis
3198 1662 3343 1718 lites.
3378 1660 3500 1717 Haec

1938 1765 2115 1808 autem
2150 1763 2267 1824 post
2310 1756 2501 1807 festum
2538 1755 2708 1807 sancti
2748 1753 3036 1824 Eupsychii
3073 1768 3214 1808 anno
3244 1752 3351 1807 575
3392 1767 3498 1806 tice

262 1847 550 1911 pristinum
584 1844 812 1900 nitorem
842 1844 1171 1901 restituenda
1197 1855 1377 1910 esset,
1406 1846 1828 1907 accuratissime,
1866 1841 1904 1895 B
1937 1847 2093 1900 modo
2129 1862 2233 1899 non
2270 1854 2549 1899 cesserunt
2596 1846 2646 1898 in
2696 1846 2920 1909 melius,
2960 1845 3052 1899 sed
3093 1845 3252 1897 etiam
3288 1844 3498 1897 haereti-

264 1944 325 1985 ttt
377 1935 430 1986 in
484 1950 540 1987 re
590 1936 809 1989 maximi
847 1935 1126 2000 momenti,
1186 1937 1490 2005 respondet.
1535 1936 1611 1988 Ac
1648 1934 1829 1988 utilius

266 2025 485 2091 quidem
524 2024 721 2079 fatetur
747 2039 892 2088 esse,
927 2035 984 2078 ιιι
1025 2024 1077 2079 in
1119 2025 1299 2094 plures
1333 2028 1611 2096 episcopos
1645 2025 1829 2079 Eccle-

263 2115 359 2169 sia:
391 2116 787 2170 administratio
808 2116 1112 2178 dividatur;
1141 2119 1233 2172 sed
1271 2119 1395 2188 quia
1431 2134 1529 2172 nec
1559 2116 1715 2173 facile
1749 2125 1831 2172 est

262 2207 526 2274 reperire,
567 2207 655 2274 qui
709 2209 1020 2277 episcopatu
1057 2210 1204 2276 digni
1242 2210 1371 2275 sint,
1416 2227 1514 2264 nec
1560 2214 1829 2269 mediocre

256 2296 514 2350 damnum
547 2297 791 2353 imminet
818 2300 885 2353 ab
918 2299 1186 2367 episc0pis
1228 2310 1374 2354 tanto
1404 2300 1703 2356 ministerio
1744 2306 1827 2355 iu-

255 2388 468 2458 diguis,
506 2390 674 2444 satius
709 2403 829 2444 esse
862 2401 1015 2457 putat
1046 2404 1210 2441 unum
1258 2390 1490 2459 aliquem
1534 2394 1823 2463 probatum

260 2490 317 2533 et
356 2490 655 2549 spectatum
698 2481 973 2549 praeficere
1019 2481 1247 2548 civitati,
1286 2484 1443 2551 eique
1492 2487 1830 2540 committere

261 2572 474 2639 singula
512 2586 609 2624 suo
638 2572 805 2639 ipsius
829 2572 1067 2639 periculo
1097 2573 1454 2641 dispensanda
1484 2594 1496 2628 :
1521 2578 1661 2631 hunc
1684 2580 1825 2632 enim

256 2660 445 2725 procul
476 2660 658 2725 dubio,
692 2661 781 2715 ubi
814 2662 1068 2731 imparem
1114 2678 1172 2718 se
1214 2665 1409 2720 viderit
1436 2670 1610 2733 oneri,
1643 2670 1830 2736 adjun-

255 2762 467 2807 cturmn
515 2754 616 2809 sibi
664 2757 947 2825 operarios
976 2757 1041 2810 ad
1077 2772 1328 2815 messem.
1376 2758 1527 2826 Quod
1588 2764 1631 2814 si
1682 2778 1748 2815 ne
1784 2765 1829 2816 is

254 2846 472 2913 quidem
508 2847 667 2902 facile
698 2848 921 2916 reperiri
956 2850 1155 2917 possit,
1214 2862 1405 2905 auctor
1448 2861 1532 2907 est
1577 2850 1827 2916 Basilius,

257 2947 315 2989 ut
379 2938 461 2991 vel
528 2954 559 2991 a
612 2940 792 3006 parvis
861 2942 1170 2996 civitatibus
1231 2954 1285 2996 et
1335 2944 1641 3012 oppidulis,
1709 2961 1829 3015 qua:

252 3028 384 3080 olim
453 3030 734 3097 episcopos
788 3030 1046 3096 habuere,
1110 3032 1319 3084 iuitiutn
1388 3035 1481 3087 fiat
1539 3038 1831 3090 restituen-

253 3119 307 3171 di
362 3121 724 3188 episcopatus,
778 3136 840 3175 ac
890 3123 1081 3176 deinde
1134 3123 1340 3177 civitati
1396 3126 1553 3179 detur
1614 3130 1824 3195 episco-

254 3223 377 3276 pus,
444 3224 512 3265 ne
574 3210 640 3275 is,
699 3210 745 3265 si
804 3212 1012 3281 primus
1074 3214 1374 3280 ordinetur,
1444 3215 1674 3271 aliorum
1732 3218 1827 3271 ob—

253 3309 361 3354 stet
408 3302 733 3357 ordinationi
776 3321 788 3355 :
833 3304 917 3357 vel
962 3304 1153 3360 saltem
1208 3305 1513 3359 Isaurorum
1554 3307 1823 3377 episcopo,

253 3394 347 3459 qui
415 3394 701 3447 nonnullos
758 3395 967 3449 vicinos
1032 3397 1339 3459 ordinabat,
1406 3414 1537 3451 suus
1599 3400 1826 3451 circum-

253 3486 526 3540 scribatur
579 3485 850 3551 circulus,
906 3488 1091 3555 sicque
1156 3488 1469 3542 restituendi
1543 3490 1825 3559 episcopa-

255 3588 343 3632 tus
401 3578 455 3631 in
505 3578 627 3631 aliis
671 3577 804 3633 locis
836 3578 927 3647 jus
970 3568 1236 3649 integrum
1284 3579 1658 3649 Amphilochia
1716 3598 1827 3635 ser-

252 3680 426 3724 γειιιτ.

326 3762 381 3815 In
438 3762 625 3814 eadem
688 3762 912 3829 epistola
968 3763 1198 3817 Basilius
1255 3762 1497 3817 Philonis
1556 3766 1619 3817 de
1677 3780 1828 3817 man-

255 3868 323 3905 na
381 3854 739 3917 sententiam,
790 3863 845 3908 et
910 3853 1202 3924 Scriptura:
1257 3856 1323 3908 de
1376 3857 1625 3910 curribus
1686 3855 1823 3909 Pha-

252 3944 441 3999 raonis
506 3944 877 4000 testimonium
936 3948 1177 4017 expauit.
1257 3948 1348 4001 Ait
1405 3949 1567 4001 etiam
1632 3962 1691 4001 se
1760 3950 1825 4001 ad

254 4027 529 4085 Valerium
593 4030 860 4097 fratrem,
930 4042 988 4085 ut
1049 4044 1332 4099 rogaverat
1387 4032 1820 4102 Amphilochius,

251 4124 573 4191 scripsisse,
636 4131 692 4176 et
764 4139 792 4177 a
864 4124 1086 4194 Sympio
1145 4125 1353 4179 litteras
1431 4126 1825 4179 communionis

250 4216 549 4284 accepisse.
606 4214 714 4272 Sed
777 4217 843 4270 de
898 4217 985 4271 bis
1036 4227 1091 4272 et
1156 4217 1423 4271 nonnullis
1482 4216 1601 4272 aliis
1668 4218 1825 4272 modo

250 4319 499 4374 agemus.

324 4394 563 4463 Tempus
595 4394 834 4463 epistola:
858 4394 1088 4465 perspici
1115 4404 1289 4465 potest
1310 4412 1377 4450 ex
1403 4397 1485 4450 bis
1504 4398 1681 4452 verbis
1708 4397 1821 4467 (a):

255 4488 459 4543 Eorum
509 4497 706 4554 autem,
754 4489 845 4556 qui
894 4498 1017 4541 tunc
1067 4505 1099 4541 a
1139 4488 1284 4542 nobis
1313 4491 1526 4543 abacissi
1555 4506 1694 4554 sunt,
1730 4493 1823 4545 alii

250 4582 462 4650 quidem
487 4580 557 4633 ad
596 4582 778 4633 aulam
802 4595 855 4632 te
877 4578 1230 4643 contulerunt,
1258 4579 1353 4632 alii
1389 4598 1502 4634 vero
1534 4596 1820 4646 remanent,

249 4672 367 4723 inde
387 4682 744 4739 exspectantes
764 4686 1039 4723 rumorem.
1065 4668 1234 4723 Potest
1252 4684 1422 4725 autem
1443 4672 1690 4725 Dominus
1717 4686 1825 4726 tum

249 4762 433 4813 horum
455 4778 594 4829 spem
612 4761 886 4829 frustrari,
906 4770 1013 4812 tum
1032 4760 1239 4814 illorum
1258 4762 1476 4814 reditum
1498 4764 1701 4815 irritum
1718 4766 1829 4815 red-

248 4854 390 4906 dere.
428 4852 694 4921 Loquitur
728 4853 981 4916 Basilius,
1015 4862 1068 4905 ut
1103 4869 1261 4921 supra
1305 4856 1729 4921 observavimus,
1767 4860 1830 4910 dc

253 4947 319 4999 iis
343 4961 463 5015 quae
496 4948 833 5016 contigerant
865 4948 950 4999 die
973 4946 1109 4999 festo
1136 4949 1307 4999 sancti
1346 4946 1655 5015 Eupsycbii,
1710 4966 1827 5001 cum

250 5039 467 5093 adesset
493 5038 927 5105 Amphilochius.
961 5038 1140 5104 Quare
1162 5040 1299 5092 hanc
1327 5040 1605 5108 epistulam
1640 5040 1825 5093 imme-

249 5131 354 5182 rito
383 5127 561 5199 reiicit
577 5126 949 5184 Tillemontius
967 5130 1040 5199 (b)
1060 5139 1183 5199 post
1201 5128 1407 5183 Pascha
1424 5131 1548 5183 anni
1572 5131 1692 5185 375.
1714 5129 1827 5183 Non

255 5223 400 5275 enim
442 5220 723 5289 probabile
746 5229 828 5274 est
857 5231 949 5274 aut
969 5237 1083 5287 eos,
1116 5222 1205 5291 qui
1236 5224 1494 5276 Ctesarea:
1516 5233 1608 5275 aut
1641 5223 1828 5276 vicinis

252 5313 302 5366 in
336 5312 471 5366 locis
500 5321 899 5376 remanserant,
929 5314 1109 5366 tandiu
1158 5323 1521 5382 exspectasse,
1550 5323 1643 5382 aut
1665 5311 1732 5365 ab
1763 5314 1825 5364 iis

249 5407 339 5471 qui
371 5404 718 5458 Antiochiam
744 5405 970 5470 iverant,
990 5404 1187 5459 nullum
1215 5420 1309 5475 per
1335 5407 1437 5460 hoc
1462 5414 1669 5473 tempus
1694 5421 1827 5457 nun-

253 5498 384 5547 tium
409 5497 647 5550 venisse.
684 5492 803 5549 Uno
832 5510 962 5565 ergo
993 5494 1291 5564 autialtero
1327 5510 1508 5550 mense
1538 5503 1657 5565 post
1684 5494 1823 5548 diem

249 5586 451 5638 festum
486 5584 550 5640 S.
582 5584 871 5654 Eupsycbii
905 5585 1213 5641 collocanda
1243 5586 1486 5656 epistola.
1520 5584 1677 5640 Venit
1708 5588 1825 5653 qui-

322 5770 399 5838 (α)
437 5768 533 5835 Ep.
566 5766 681 5829 190,
712 5782 761 5819 ιι.
787 5766 839 5819 2.

1935 1950 2122 1989 corum
2168 1936 2318 1990 furor
2370 1946 2495 1989 tunc
2545 1936 2779 1990 maxime
2824 1937 2876 1989 in
2908 1937 3228 2007 Gregorium
3273 1934 3496 1999 exarsit,

1931 2041 2161 2095 eumque
2189 2028 2419 2083 vicarius
2440 2026 2599 2097 jussit
2626 2026 3027 2095 comprehendi.

2002 2118 2057 2171 In
2108 2119 2291 2171 cadent
2344 2119 2570 2187 epistola
2617 2119 2856 2185 loquitur
2899 2116 3128 2170 Basilius
3169 2118 3233 2170 de
3266 2113 3498 2183 Georgio

1933 2210 2161 2279 quodam
2195 2209 2571 2277 Atnpbilocbii,
2606 2220 2663 2263 ut
2695 2208 2988 2263 verisimile
3013 2217 3119 2271 est,
3155 2206 3494 2277 propinquo;

1931 2302 2083 2369 cujus
2112 2301 2301 2354 domus
2328 2316 2449 2355 cum
2478 2301 2530 2354 in
2560 2318 2780 2368 magnas
2804 2300 3144 2355 diliicultates
3186 2298 3495 2361 incidisset,

1931 2402 2122 2449 auctor
2148 2403 2268 2448 erat
2299 2392 2702 2460 Amphilochius
2733 2404 2791 2445 ttt
2823 2395 2867 2447 is
2892 2392 3240 2447 eodicillariae
3271 2388 3498 2457 alicujus

1930 2485 2207 2555 dignitatis
2241 2484 2499 2539 beneficio
2530 2500 2593 2538 ex
2630 2484 2711 2538 his
2744 2497 2920 2536 rermn
2963 2483 3230 2549 angustiis
3261 2482 3498 2550 eripere-

1933 2586 2038 2627 tttr.
2076 2575 2306 2629 Basilius
2336 2586 2514 2627 autem
2545 2590 2730 2628 curam
2760 2575 2953 2628 domus
2979 2572 3032 2625 in
3066 2572 3346 2624 Dominum
3374 2585 3497 2640 pro-

1925 2667 2213 2733 jiciendam
2251 2675 2438 2732 ptttat,
2481 2681 2709 2734 eumque
2758 2668 3005 2718 daturum
3062 2662 3496 2732 intelligentiam,

1932 2765 1987 2809 ut
2020 2758 2100 2810 ha:
2132 2755 2389 2810 molestia:
2422 2756 2526 2808 alio
2549 2756 2705 2808 tnodo
2737 2757 2990 2808 vitentur.
3018 2753 3166 2821 Quod
3200 2754 3242 2808 si
3271 2753 3497 2821 Amphi-

1931 2849 2109 2902 locltio
2140 2864 2295 2902 secus
2324 2848 2600 2910 videatur,
2633 2859 2784 2917 rogat
2814 2864 2934 2901 eum
2967 2849 3218 2911 Basilius,
3252 2857 3309 2901 ut
3341 2862 3495 2901 com-

1932 2940 2257 2993 tnentarium
2293 2938 2357 2990 ad
2392 2953 2451 2992 se
2482 2938 2679 3003 mittat,
2713 2938 2779 2991 de
2814 2954 2917 3007 qua
2953 2939 3216 3007 dignitate
3250 2944 3499 3003 oporteat

1930 3046 2113 3085 curam
2141 3030 2474 3099 impendere,
2502 3040 2559 3081 ut
2578 3045 2698 3084 eam
2723 3045 2749 3081 a
2776 3028 3172 3098 potentioribus
3195 3027 3500 3097 quibusque

1934 3124 2123 3178 amicis
2178 3124 2526 3192 aggrediatur
2577 3136 2894 3191 exposcere,
2950 3123 3063 3175 sive
3122 3120 3312 3190 gratis,
3383 3118 3499 3171 sive

1929 3211 2090 3264 etiam
2128 3210 2339 3263 modica
2375 3211 2585 3279 pretia,
2634 3218 2789 3279 prout
2825 3209 3081 3263 Dominus
3133 3207 3346 3261 faverit.
3380 3204 3493 3259 Non

1932 3303 2143 3356 videtur
2171 3304 2275 3355 alia
2308 3305 2371 3357 de
2404 3318 2460 3356 re
2494 3303 2635 3372 loqui
2670 3302 2899 3356 Basilius
2932 3303 2981 3354 in
3018 3299 3241 3367 epistola
3285 3298 3388 3352 I92
3430 3296 3497 3349 ad

1930 3394 2291 3464 Sophronium
2325 3396 2640 3463 magistrqu
2674 3394 2991 3457 ciliciorum,
3024 3391 3114 3460 qui
3145 3405 3266 3444 cum
3301 3388 3496 3457 duplex

1927 3485 2245 3539 beneﬁcium
2281 3486 2383 3538 sibi
2416 3486 2692 3538 videretur
2723 3483 3018 3551 accepisse,
3051 3490 3104 3537 et
3137 3484 3277 3551 quod
3308 3480 3492 3534 Basilii

1928 3575 2141 3627 litteras
2185 3575 2506 3642 accepisset,
2542 3585 2596 3628 et
2646 3576 2785 3643 quod
2830 3574 3172 3628 occasionem
3220 3573 3495 3625 habuisset

1928 3681 2038 3719 sua:
2071 3665 2145 3719 illi
2178 3680 2356 3735 operte
2400 3668 2699 3732 navandae;
2743 3666 2820 3719 sic
2851 3667 2900 3718 ei
2953 3664 3158 3733 gratias
3201 3664 3309 3732 agit
3342 3662 3493 3715 Basi-

1930 3756 2075 3809 lius:
2125 3755 2391 3821 Quantam
2435 3775 2514 3810 me
2561 3757 2976 3810 existimandum
3024 3765 3097 3809 est
3137 3756 3325 3808 habere
3375 3770 3498 3822 gra-

1930 3850 2079 3913 tiam,
2106 3850 2195 3917 qui
2226 3861 2272 3902 et
2308 3850 2512 3903 litteras
2541 3852 2863 3903 citatissimae
2892 3860 2997 3903 tua:
3027 3850 3163 3902 νοεῖς
3195 3850 3315 3919 legi,
3359 3858 3407 3901 et
3442 3848 3499 3900 id

1926 3941 2061 4005 quod
2090 3938 2390 4005 expetebant
2421 3952 2527 3991 tant
2557 3939 2792 3992 celeriter
2813 3939 3106 4006 confectum
3136 3939 3241 3991 vidi
3263 3940 3286 3991 ἱ)
3311 3937 3499 4005 Itaque

1927 4032 1981 4081 id
2009 4033 2146 4099 quod
2178 4031 2394 4081 missum
2428 4040 2502 4081 est
2537 4048 2633 4083 sua
2678 4040 2860 4097 sponte
2897 4041 3195 4098 pergratum
3231 4029 3329 4098 fuit
3360 4045 3379 4082 :
3408 4030 3497 4084 sed

1927 4122 2076 4188 longe
2108 4121 2353 4174 libentius
2384 4120 2479 4173 hoc
2504 4122 2673 4188 ipsum
2703 4137 2761 4173 eo
2800 4122 3005 4173 nomine
3025 4123 3244 4187 suscepi,
3277 4122 3413 4185 quod
3442 4132 3497 4173 tu

1928 4211 1999 4262 rei
2036 4209 2183 4263 illius
2228 4210 2566 4278 conficienda:
2609 4211 2873 4264 exstiteris
2907 4212 3015 4263 dux
3054 4222 3099 4263 et
3133 4222 3335 4264 auctor.
3376 4211 3501 4263 Hatc

1929 4301 2159 4353 mirilice
2191 4301 2467 4354 cohmreut
2498 4314 2619 4353 cum
2656 4300 2914 4368 dignitate
2949 4300 3305 4362 codicillaria,
3336 4315 3498 4368 quam

1928 4408 1956 4442 ει
1991 4391 2388 4458 patentioribus
2414 4391 2603 4445 amicis
2634 4403 2821 4460 petere
2855 4402 3117 4444 statuerat
3144 4390 3405 4453 Basilius,
3451 4394 3499 4444 si

1933 4484 2003 4533 ita
2052 4480 2332 4535 videretur
2371 4481 2765 4551 Amphilochia.
2815 4481 2995 4547 Quare
3046 4483 3182 4535 hanc
3216 4480 3496 4551 epistulam

1936 4573 2034 4628 I99.
2065 4575 2316 4641 scriptam
2352 4585 2599 4641 putamus
2628 4589 2767 4626 anno
2795 4574 2901 4626 5η
2933 4586 3180 4629 exeunte.

2010 4664 2113 4715 Sed
2155 4676 2441 4731 antequam
2476 4663 2814 4716 dimittamus
2844 4664 3127 4732 epistolam
3179 4665 3243 4715 ad
3276 4664 3499 4733 Amphi-

1936 4755 2193 4819 lochium,
2225 4753 2367 4807 aliud
2396 4763 2477 4806 est
2507 4753 2649 4821 quod
2690 4752 2741 4805 itt
2776 4768 2840 4806 ea
2872 4754 3217 4807 observatum
3250 4754 3495 4807 velimus.

1940 4844 2031 4899 Ait
2055 4845 2196 4899 enim
2245 4842 2478 4896 Basilius
2504 4842 2604 4897 sibi
2632 4841 2910 4913 Sympium
2940 4843 3219 4911 epistolam
3249 4842 3407 4897 olficii
3442 4854 3499 4898 et

1933 4938 2328 4991 communionis
2373 4953 2532 4990 causa
2569 4936 2886 5006 scripsisse;
2922 4951 3085 5002 seque
3116 4937 3163 4989 ei
3202 4935 3502 4989 rescribere

1929 5043 1983 5084 et
2020 5032 2229 5083 litteras
2265 5046 2391 5083 suas
2422 5030 2803 5095 Amphilochia
2852 5032 3095 5091 mittere,
3128 5039 3184 5080 ttt
3215 5029 3503 5095 diligenter

1935 5124 2192 5191 probatas
2256 5124 2321 5173 ad
2378 5122 2654 5191 Sympinm
2714 5121 3005 5175 transmitti
3056 5129 3245 5185 curet,
3302 5121 3501 5175 additis

1935 5216 2097 5269 etiam
2129 5216 2243 5269 suis
2279 5214 2444 5283 ipsius
2476 5215 2688 5267 litteris.

2019 5306 2106 5361 IV.
2148 5306 2382 5376 Epistula
2410 5306 2529 5372 l9l,
2568 5321 2684 5375 qua:
2717 5319 2998 5374 perperam
3032 5298 3343 5355 inscribitur
3367 5300 3499 5353 Ant--

1935 5398 2229 5467 philocbio,
2260 5398 2475 5451 videtur
2496 5398 2561 5449 ad
2586 5397 2731 5449 illum
2757 5396 2955 5464 scripta
2983 5394 3312 5463 episc0pum,
3338 5407 3496 5460 quem

1936 5492 2168 5545 Basilius
2221 5489 2495 5560 Sytnpiutn
2546 5498 2723 5543 vocat.
2770 5486 2988 5542 Gratias
3021 5485 3069 5539 ei
3112 5486 3221 5553 agit
3266 5483 3497 5536 Basilius

1936 5582 2074 5651 quod
2107 5582 2248 5649 prior
2284 5580 2349 5632 ad
2377 5594 2435 5632 se
2489 5578 2786 5649 sctipscrit,
2830 5591 2927 5631 nec
2961 5576 3116 5632 amici
3165 5590 3258 5645 per
3292 5572 3500 5627 litteras

2008 5762 2081 5833 (b)
2122 5764 2247 5829 Cap.
2290 5762 2331 5825 Ι,
2367 5775 2417 5826 p.
2449 5760 2496 5811 ὖ.
