  <div class='ocr_page' id='page_1' title='image "/cluster/home/n/w/nwhite01/storage/ocr_20150623/29/ien.35556001660547/138.png"; bbox 0 0 4038 6490; ppageno 0'>
   <div class='ocr_carea' id='block_1_1' title="bbox 498 420 660 462">
    <p class='ocr_par' dir='ltr' id='par_1_1' title="bbox 498 420 660 462">
     <span class='ocr_line' id='line_1_1' title="bbox 498 420 660 462; baseline -0.037 0"><span class='ocrx_word' id='word_1_1' title='bbox 498 420 660 462; x_wconf 60' lang='lat' dir='ltr'><strong>CXXV:</strong></span> 
     </span>
    </p>
   </div>
   <div class='ocr_carea' id='block_1_2' title="bbox 1847 402 2378 460">
    <p class='ocr_par' dir='ltr' id='par_1_2' title="bbox 1847 402 2378 460">
     <span class='ocr_line' id='line_1_2' title="bbox 1847 402 2378 460; baseline 0.006 -3"><span class='ocrx_word' id='word_1_2' title='bbox 1847 402 2378 460; x_wconf 74' lang='lat' dir='ltr'><strong>PROLEGOMENA.</strong></span> 
     </span>
    </p>
   </div>
   <div class='ocr_carea' id='block_1_3' title="bbox 496 518 3745 596">
    <p class='ocr_par' dir='ltr' id='par_1_3' title="bbox 496 518 3745 596">
     <span class='ocr_line' id='line_1_3' title="bbox 496 518 3745 596; baseline -0.002 -14"><span class='ocrx_word' id='word_1_3' title='bbox 496 523 749 595; x_wconf 80' lang='lat' dir='ltr'><strong>colloqui</strong></span> <span class='ocrx_word' id='word_1_4' title='bbox 791 534 1036 596; x_wconf 78' lang='lat' dir='ltr'><strong>inceptor</strong></span> <span class='ocrx_word' id='word_1_5' title='bbox 1078 539 1201 580; x_wconf 86' lang='lat' dir='ltr'><strong>esse</strong></span> <span class='ocrx_word' id='word_1_6' title='bbox 1250 523 1546 580; x_wconf 90' lang='lat' dir='ltr'><strong>erubuerit.</strong></span> <span class='ocrx_word' id='word_1_7' title='bbox 1584 522 1759 593; x_wconf 80' lang='lat' dir='ltr'><strong>Rogat</strong></span> <span class='ocrx_word' id='word_1_8' title='bbox 1785 531 1843 576; x_wconf 92' lang='lat' dir='ltr'><strong>ut</strong></span> <span class='ocrx_word' id='word_1_9' title='bbox 1874 523 2067 577; x_wconf 80' lang='lat' dir='ltr'><strong>unani-</strong></span> <span class='ocrx_word' id='word_1_10' title='bbox 2099 528 2142 585; x_wconf 75' lang='grc' dir='ltr'>Α</span> <span class='ocrx_word' id='word_1_11' title='bbox 2181 520 2320 587; x_wconf 84' lang='lat' dir='ltr'><strong>Quid</strong></span> <span class='ocrx_word' id='word_1_12' title='bbox 2361 520 2689 589; x_wconf 83' lang='lat' dir='ltr'><strong>aliud,&#39;nisi</strong></span> <span class='ocrx_word' id='word_1_13' title='bbox 2722 531 2777 575; x_wconf 90' lang='lat' dir='ltr'><strong>ut</strong></span> <span class='ocrx_word' id='word_1_14' title='bbox 2822 537 2939 576; x_wconf 84' lang='lat' dir='ltr'><strong>eam</strong></span> <span class='ocrx_word' id='word_1_15' title='bbox 2979 529 3266 584; x_wconf 71' lang='lat' dir='ltr'><strong><em>assereret,</em></strong></span> <span class='ocrx_word' id='word_1_16' title='bbox 3296 518 3558 582; x_wconf 87' lang='lat' dir='ltr'><strong>retineret,</strong></span> <span class='ocrx_word' id='word_1_17' title='bbox 3606 524 3745 577; x_wconf 85' lang='lat' dir='ltr'><strong>omni</strong></span> 
     </span>
    </p>
   </div>
   <div class='ocr_carea' id='block_1_4' title="bbox 499 614 2071 677">
    <p class='ocr_par' dir='ltr' id='par_1_4' title="bbox 499 614 2071 677">
     <span class='ocr_line' id='line_1_4' title="bbox 499 614 2071 677; baseline -0.003 -6"><span class='ocrx_word' id='word_1_18' title='bbox 499 632 616 672; x_wconf 78' lang='lat' dir='ltr'><strong>suos</strong></span> <span class='ocrx_word' id='word_1_19' title='bbox 649 628 779 671; x_wconf 80' lang='lat' dir='ltr'><strong>suos</strong></span> <span class='ocrx_word' id='word_1_20' title='bbox 812 616 865 670; x_wconf 93' lang='lat' dir='ltr'><strong>in</strong></span> <span class='ocrx_word' id='word_1_21' title='bbox 909 615 1159 671; x_wconf 82' lang='lat' dir='ltr'><strong>eamdem</strong></span> <span class='ocrx_word' id='word_1_22' title='bbox 1206 617 1533 673; x_wconf 81' lang='lat' dir='ltr'><strong>sententiam</strong></span> <span class='ocrx_word' id='word_1_23' title='bbox 1565 614 1826 677; x_wconf 81' lang='lat' dir='ltr'><strong>adducat,</strong></span> <span class='ocrx_word' id='word_1_24' title='bbox 1845 622 1899 669; x_wconf 89' lang='lat' dir='ltr'><strong>et</strong></span> <span class='ocrx_word' id='word_1_25' title='bbox 1946 628 2071 667; x_wconf 92' lang='lat' dir='ltr'><strong>cum</strong></span> 
     </span>
    </p>
   </div>
   <div class='ocr_carea' id='block_1_5' title="bbox 498 706 2070 779">
    <p class='ocr_par' dir='ltr' id='par_1_5' title="bbox 498 706 2070 779">
     <span class='ocr_line' id='line_1_5' title="bbox 498 706 2070 779; baseline -0.001 -16"><span class='ocrx_word' id='word_1_26' title='bbox 498 718 649 765; x_wconf 80' lang='lat' dir='ltr'><strong>certo</strong></span> <span class='ocrx_word' id='word_1_27' title='bbox 673 709 1029 775; x_wconf 86' lang='lat' dir='ltr'><strong>constiterit,</strong></span> <span class='ocrx_word' id='word_1_28' title='bbox 1060 711 1382 779; x_wconf 85' lang='lat' dir='ltr'><strong>quibuscum</strong></span> <span class='ocrx_word' id='word_1_29' title='bbox 1416 712 1592 763; x_wconf 86' lang='lat' dir='ltr'><strong>latura</strong></span> <span class='ocrx_word' id='word_1_30' title='bbox 1626 709 1697 763; x_wconf 90' lang='lat' dir='ltr'><strong>sit</strong></span> <span class='ocrx_word' id='word_1_31' title='bbox 1728 706 2070 771; x_wconf 88' lang='lat' dir='ltr'><strong>communio;</strong></span> 
     </span>
    </p>
   </div>
   <div class='ocr_carea' id='block_1_6' title="bbox 498 800 2067 870">
    <p class='ocr_par' dir='ltr' id='par_1_6' title="bbox 498 800 2067 870">
     <span class='ocr_line' id='line_1_6' title="bbox 498 800 2067 870; baseline -0.001 -14"><span class='ocrx_word' id='word_1_32' title='bbox 498 816 614 856; x_wconf 80' lang='lat' dir='ltr'><strong>sum</strong></span> <span class='ocrx_word' id='word_1_33' title='bbox 649 814 778 856; x_wconf 85' lang='lat' dir='ltr'><strong>vero</strong></span> <span class='ocrx_word' id='word_1_34' title='bbox 814 800 967 857; x_wconf 91' lang='lat' dir='ltr'><strong>locus</strong></span> <span class='ocrx_word' id='word_1_35' title='bbox 1015 803 1262 870; x_wconf 88' lang='lat' dir='ltr'><strong>utrisque</strong></span> <span class='ocrx_word' id='word_1_36' title='bbox 1298 800 1616 857; x_wconf 82' lang='lat' dir='ltr'><strong>commodus</strong></span> <span class='ocrx_word' id='word_1_37' title='bbox 1650 810 1704 853; x_wconf 88' lang='lat' dir='ltr'><strong>et</strong></span> <span class='ocrx_word' id='word_1_38' title='bbox 1736 810 1946 869; x_wconf 90' lang='lat' dir='ltr'><strong>tempus</strong></span> <span class='ocrx_word' id='word_1_39' title='bbox 1984 800 2067 855; x_wconf 83' lang='lat' dir='ltr'><strong>iti-</strong></span> 
     </span>
    </p>
   </div>
   <div class='ocr_carea' id='block_1_7' title="bbox 500 893 2072 963">
    <p class='ocr_par' dir='ltr' id='par_1_7' title="bbox 500 893 2072 963">
     <span class='ocr_line' id='line_1_7' title="bbox 500 893 2072 963; baseline 0.001 -17"><span class='ocrx_word' id='word_1_40' title='bbox 500 894 617 948; x_wconf 89' lang='lat' dir='ltr'><strong>neri</strong></span> <span class='ocrx_word' id='word_1_41' title='bbox 656 893 911 949; x_wconf 76' lang='lat' dir='ltr'><strong>iaciendo</strong></span> <span class='ocrx_word' id='word_1_42' title='bbox 940 895 1199 950; x_wconf 88' lang='lat' dir='ltr'><strong>idoneum</strong></span> <span class='ocrx_word' id='word_1_43' title='bbox 1233 895 1619 963; x_wconf 74' lang='lat' dir='ltr'><strong>designentur;</strong></span> <span class='ocrx_word' id='word_1_44' title='bbox 1657 908 1721 948; x_wconf 88' lang='lat' dir='ltr'><strong>ac</strong></span> <span class='ocrx_word' id='word_1_45' title='bbox 1750 896 1958 946; x_wconf 80' lang='lat' dir='ltr'><strong>ﬁrmata</strong></span> <span class='ocrx_word' id='word_1_46' title='bbox 1992 894 2072 948; x_wconf 87' lang='lat' dir='ltr'><strong>in-</strong></span> 
     </span>
    </p>
   </div>
   <div class='ocr_carea' id='block_1_8' title="bbox 499 982 2075 1055">
    <p class='ocr_par' dir='ltr' id='par_1_8' title="bbox 499 982 2075 1055">
     <span class='ocr_line' id='line_1_8' title="bbox 499 982 2075 1055; baseline 0.002 -19"><span class='ocrx_word' id='word_1_47' title='bbox 499 992 583 1037; x_wconf 87' lang='lat' dir='ltr'><strong>ter</strong></span> <span class='ocrx_word' id='word_1_48' title='bbox 612 983 898 1055; x_wconf 74' lang='lat' dir='ltr'><strong>episcopos</strong></span> <span class='ocrx_word' id='word_1_49' title='bbox 936 986 1231 1040; x_wconf 89' lang='lat' dir='ltr'><strong>concordia</strong></span> <span class='ocrx_word' id='word_1_50' title='bbox 1275 994 1328 1039; x_wconf 89' lang='lat' dir='ltr'><strong>et</strong></span> <span class='ocrx_word' id='word_1_51' title='bbox 1366 997 1500 1053; x_wconf 81' lang='lat' dir='ltr'><strong>pace</strong></span> <span class='ocrx_word' id='word_1_52' title='bbox 1525 997 1631 1037; x_wconf 91' lang='lat' dir='ltr'><strong>uon</strong></span> <span class='ocrx_word' id='word_1_53' title='bbox 1671 982 1783 1052; x_wconf 84' lang='lat' dir='ltr'><strong>jam</strong></span> <span class='ocrx_word' id='word_1_54' title='bbox 1824 983 1915 1038; x_wconf 85' lang='lat' dir='ltr'><strong>alii</strong></span> <span class='ocrx_word' id='word_1_55' title='bbox 1953 984 2075 1040; x_wconf 86' lang='lat' dir='ltr'><strong>aliis</strong></span> 
     </span>
    </p>
   </div>
   <div class='ocr_carea' id='block_1_9' title="bbox 497 1073 2076 1145">
    <p class='ocr_par' dir='ltr' id='par_1_9' title="bbox 497 1073 2076 1145">
     <span class='ocr_line' id='line_1_9' title="bbox 497 1073 2076 1145; baseline 0.003 -18"><span class='ocrx_word' id='word_1_56' title='bbox 497 1073 735 1144; x_wconf 87' lang='lat' dir='ltr'><strong>suspecti</strong></span> <span class='ocrx_word' id='word_1_57' title='bbox 767 1073 1246 1145; x_wconf 67' lang='lat' dir='ltr'><strong>singulis-urbibus</strong></span> <span class='ocrx_word' id='word_1_58' title='bbox 1267 1074 1815 1141; x_wconf 88' lang='lat' dir='ltr'><strong>circumscribantur;</strong></span> <span class='ocrx_word' id='word_1_59' title='bbox 1843 1077 1937 1131; x_wconf 89' lang='lat' dir='ltr'><strong>sed</strong></span> <span class='ocrx_word' id='word_1_60' title='bbox 1965 1076 2076 1132; x_wconf 80' lang='lat' dir='ltr'><strong>fra-</strong></span> 
     </span>
    </p>
   </div>
   <div class='ocr_carea' id='block_1_10' title="bbox 497 1166 2072 1239">
    <p class='ocr_par' dir='ltr' id='par_1_10' title="bbox 497 1166 2072 1239">
     <span class='ocr_line' id='line_1_10' title="bbox 497 1166 2072 1239; baseline 0.005 -22"><span class='ocrx_word' id='word_1_61' title='bbox 497 1174 609 1221; x_wconf 88' lang='lat' dir='ltr'><strong>tres</strong></span> <span class='ocrx_word' id='word_1_62' title='bbox 650 1180 719 1222; x_wconf 78' lang='lat' dir='ltr'><strong>ex</strong></span> <span class='ocrx_word' id='word_1_63' title='bbox 767 1180 1094 1239; x_wconf 83' lang='lat' dir='ltr'><strong>unaquaque</strong></span> <span class='ocrx_word' id='word_1_64' title='bbox 1136 1166 1375 1221; x_wconf 83' lang='lat' dir='ltr'><strong>Ecclesia</strong></span> <span class='ocrx_word' id='word_1_65' title='bbox 1414 1167 1667 1223; x_wconf 82' lang='lat' dir='ltr'><strong>brevibus</strong></span> <span class='ocrx_word' id='word_1_66' title='bbox 1698 1169 1919 1224; x_wconf 77' lang='lat' dir='ltr'><strong>tesseris</strong></span> <span class='ocrx_word' id='word_1_67' title='bbox 1950 1178 2072 1225; x_wconf 92' lang='lat' dir='ltr'><strong>tan-</strong></span> 
     </span>
    </p>
   </div>
   <div class='ocr_carea' id='block_1_11' title="bbox 495 1257 2071 1330">
    <p class='ocr_par' dir='ltr' id='par_1_11' title="bbox 495 1257 2071 1330">
     <span class='ocr_line' id='line_1_11' title="bbox 495 1257 2071 1330; baseline 0.004 -20"><span class='ocrx_word' id='word_1_68' title='bbox 495 1272 660 1326; x_wconf 86' lang='lat' dir='ltr'><strong>quam</strong></span> <span class='ocrx_word' id='word_1_69' title='bbox 716 1258 919 1315; x_wconf 88' lang='lat' dir='ltr'><strong>viatico</strong></span> <span class='ocrx_word' id='word_1_70' title='bbox 970 1257 1223 1315; x_wconf 90' lang='lat' dir='ltr'><strong>instructi</strong></span> <span class='ocrx_word' id='word_1_71' title='bbox 1280 1259 1567 1314; x_wconf 82' lang='lat' dir='ltr'><strong>mittantur</strong></span> <span class='ocrx_word' id='word_1_72' title='bbox 1615 1268 1671 1315; x_wconf 91' lang='lat' dir='ltr'><strong>et</strong></span> <span class='ocrx_word' id='word_1_73' title='bbox 1718 1260 2071 1330; x_wconf 82' lang='lat' dir='ltr'><strong>recipiantur.</strong></span> 
     </span>
    </p>
   </div>
   <div class='ocr_carea' id='block_1_12' title="bbox 495 1349 2075 1422">
    <p class='ocr_par' dir='ltr' id='par_1_12' title="bbox 495 1349 2075 1422">
     <span class='ocr_line' id='line_1_12' title="bbox 495 1349 2075 1422; baseline 0.004 -19"><span class='ocrx_word' id='word_1_74' title='bbox 495 1349 631 1403; x_wconf 84' lang='lat' dir='ltr'><strong>Cum</strong></span> <span class='ocrx_word' id='word_1_75' title='bbox 668 1349 785 1408; x_wconf 56' lang='lat' dir='ltr'><strong>haec</strong></span> <span class='ocrx_word' id='word_1_76' title='bbox 814 1353 1046 1422; x_wconf 88' lang='lat' dir='ltr'><strong>epistola</strong></span> <span class='ocrx_word' id='word_1_77' title='bbox 1086 1366 1193 1407; x_wconf 91' lang='lat' dir='ltr'><strong>non</strong></span> <span class='ocrx_word' id='word_1_78' title='bbox 1233 1362 1495 1421; x_wconf 73' lang='lat' dir='ltr'><strong>congruat</strong></span> <span class='ocrx_word' id='word_1_79' title='bbox 1526 1352 1928 1422; x_wconf 82' lang='lat' dir='ltr'><strong>Amphilochio,</strong></span> <span class='ocrx_word' id='word_1_80' title='bbox 1975 1369 2075 1409; x_wconf 90' lang='lat' dir='ltr'><strong>cu-</strong></span> 
     </span>
    </p>
   </div>
   <div class='ocr_carea' id='block_1_13' title="bbox 492 1434 2070 1513">
    <p class='ocr_par' dir='ltr' id='par_1_13' title="bbox 492 1434 2070 1513">
     <span class='ocr_line' id='line_1_13' title="bbox 492 1434 2070 1513; baseline 0.004 -22"><span class='ocrx_word' id='word_1_81' title='bbox 492 1434 579 1505; x_wconf 77' lang='lat' dir='ltr'><strong>ius</strong></span> <span class='ocrx_word' id='word_1_82' title='bbox 625 1441 1007 1495; x_wconf 84' lang='lat' dir='ltr'><strong>communione</strong></span> <span class='ocrx_word' id='word_1_83' title='bbox 1052 1455 1328 1509; x_wconf 85' lang='lat' dir='ltr'><strong>nunquam</strong></span> <span class='ocrx_word' id='word_1_84' title='bbox 1360 1441 1539 1496; x_wconf 86' lang='lat' dir='ltr'><strong>caruit</strong></span> <span class='ocrx_word' id='word_1_85' title='bbox 1568 1440 1833 1508; x_wconf 78' lang='lat' dir='ltr'><strong>Basilius;</strong></span> <span class='ocrx_word' id='word_1_86' title='bbox 1871 1442 2070 1513; x_wconf 88' lang='lat' dir='ltr'><strong>duplici</strong></span> 
     </span>
    </p>
   </div>
   <div class='ocr_carea' id='block_1_14' title="bbox 494 1528 2073 1599">
    <p class='ocr_par' dir='ltr' id='par_1_14' title="bbox 494 1528 2073 1599">
     <span class='ocr_line' id='line_1_14' title="bbox 494 1528 2073 1599; baseline 0.004 -17"><span class='ocrx_word' id='word_1_87' title='bbox 494 1532 803 1597; x_wconf 85' lang='lat' dir='ltr'><strong>conjectura</strong></span> <span class='ocrx_word' id='word_1_88' title='bbox 848 1529 1076 1599; x_wconf 85' lang='lat' dir='ltr'><strong>inquirit</strong></span> <span class='ocrx_word' id='word_1_89' title='bbox 1123 1528 1526 1599; x_wconf 83' lang='lat' dir='ltr'><strong>Tillemontius,</strong></span> <span class='ocrx_word' id='word_1_90' title='bbox 1570 1534 1783 1589; x_wconf 88' lang='lat' dir='ltr'><strong>cuinam</strong></span> <span class='ocrx_word' id='word_1_91' title='bbox 1825 1534 1941 1589; x_wconf 62' lang='lat' dir='ltr'><strong>hac</strong></span> <span class='ocrx_word' id='word_1_92' title='bbox 1988 1535 2073 1589; x_wconf 92' lang='lat' dir='ltr'><strong>in-</strong></span> 
     </span>
    </p>
   </div>
   <div class='ocr_carea' id='block_1_15' title="bbox 493 1620 2071 1693">
    <p class='ocr_par' dir='ltr' id='par_1_15' title="bbox 493 1620 2071 1693">
     <span class='ocr_line' id='line_1_15' title="bbox 493 1620 2071 1693; baseline 0.006 -20"><span class='ocrx_word' id='word_1_93' title='bbox 493 1620 780 1675; x_wconf 83' lang='lat' dir='ltr'><strong>scribenda</strong></span> <span class='ocrx_word' id='word_1_94' title='bbox 811 1621 883 1675; x_wconf 87' lang='lat' dir='ltr'><strong>sit</strong></span> <span class='ocrx_word' id='word_1_95' title='bbox 905 1622 1158 1693; x_wconf 86' lang='lat' dir='ltr'><strong>epistola.</strong></span> <span class='ocrx_word' id='word_1_96' title='bbox 1191 1623 1393 1678; x_wconf 81' lang='lat' dir='ltr'><strong>Harum</strong></span> <span class='ocrx_word' id='word_1_97' title='bbox 1426 1624 1653 1681; x_wconf 86' lang='lat' dir='ltr'><strong>alteram</strong></span> <span class='ocrx_word' id='word_1_98' title='bbox 1694 1625 1991 1682; x_wconf 87' lang='lat' dir='ltr'><strong>releilimus</strong></span> <span class='ocrx_word' id='word_1_99' title='bbox 2017 1627 2071 1682; x_wconf 93' lang='lat' dir='ltr'><strong>in</strong></span> 
     </span>
    </p>
   </div>
   <div class='ocr_carea' id='block_1_16' title="bbox 492 1709 2074 1790">
    <p class='ocr_par' dir='ltr' id='par_1_16' title="bbox 492 1709 2074 1790">
     <span class='ocr_line' id='line_1_16' title="bbox 492 1709 2074 1790; baseline 0.008 -27"><span class='ocrx_word' id='word_1_100' title='bbox 492 1709 647 1765; x_wconf 80' lang='lat' dir='ltr'><strong>Notis</strong></span> <span class='ocrx_word' id='word_1_101' title='bbox 696 1712 976 1771; x_wconf 86' lang='lat' dir='ltr'><strong>:alteram</strong></span> <span class='ocrx_word' id='word_1_102' title='bbox 1017 1727 1169 1777; x_wconf 85' lang='lat' dir='ltr'><strong>vero,</strong></span> <span class='ocrx_word' id='word_1_103' title='bbox 1223 1729 1343 1782; x_wconf 67' lang='lat' dir='ltr'><strong>quae</strong></span> <span class='ocrx_word' id='word_1_104' title='bbox 1403 1715 1752 1790; x_wconf 82' lang='lat' dir='ltr'><strong>Symposium</strong></span> <span class='ocrx_word' id='word_1_105' title='bbox 1810 1717 2074 1775; x_wconf 69' lang='lat' dir='ltr'><strong>Seleuciae</strong></span> 
     </span>
    </p>
   </div>
   <div class='ocr_carea' id='block_1_17' title="bbox 491 1802 2072 1876">
    <p class='ocr_par' dir='ltr' id='par_1_17' title="bbox 491 1802 2072 1876">
     <span class='ocr_line' id='line_1_17' title="bbox 491 1802 2072 1876; baseline 0.009 -23"><span class='ocrx_word' id='word_1_106' title='bbox 491 1802 806 1874; x_wconf 78' lang='lat' dir='ltr'><strong>episcopum</strong></span> <span class='ocrx_word' id='word_1_107' title='bbox 830 1822 930 1876; x_wconf 91' lang='lat' dir='ltr'><strong>pro</strong></span> <span class='ocrx_word' id='word_1_108' title='bbox 953 1806 1174 1876; x_wconf 85' lang='lat' dir='ltr'><strong>Symplo</strong></span> <span class='ocrx_word' id='word_1_109' title='bbox 1200 1806 1483 1876; x_wconf 83' lang='lat' dir='ltr'><strong>legendum</strong></span> <span class='ocrx_word' id='word_1_110' title='bbox 1516 1811 1694 1875; x_wconf 88' lang='lat' dir='ltr'><strong>docet,</strong></span> <span class='ocrx_word' id='word_1_111' title='bbox 1722 1810 2072 1867; x_wconf 80' lang='lat' dir='ltr'><strong>vehementer</strong></span> 
     </span>
    </p>
   </div>
   <div class='ocr_carea' id='block_1_18' title="bbox 492 1870 2148 1965">
    <p class='ocr_par' dir='ltr' id='par_1_18' title="bbox 492 1870 2148 1965">
     <span class='ocr_line' id='line_1_18' title="bbox 492 1870 2148 1965; baseline 0.007 -18"><span class='ocrx_word' id='word_1_112' title='bbox 492 1870 1048 1965; x_wconf 50' lang='lat' dir='ltr'><strong>probamus.-Magna</strong></span> <span class='ocrx_word' id='word_1_113' title='bbox 1085 1870 1187 1951; x_wconf 60' lang='lat' dir='ltr'><strong>est</strong></span> <span class='ocrx_word' id='word_1_114' title='bbox 1233 1870 1378 1952; x_wconf 81' lang='lat' dir='ltr'><strong>enim</strong></span> <span class='ocrx_word' id='word_1_115' title='bbox 1430 1870 1735 1955; x_wconf 85' lang='lat' dir='ltr'><strong>similitudo</strong></span> <span class='ocrx_word' id='word_1_116' title='bbox 1788 1903 2065 1958; x_wconf 89' lang='lat' dir='ltr'><strong>nominum</strong></span> <span class='ocrx_word' id='word_1_117' title='bbox 2101 1870 2148 1929; x_wconf 77' lang='grc' dir='ltr'>Β</span> 
     </span>
    </p>
   </div>
   <div class='ocr_carea' id='block_1_19' title="bbox 494 1979 2064 2059">
    <p class='ocr_par' dir='ltr' id='par_1_19' title="bbox 494 1979 2064 2059">
     <span class='ocr_line' id='line_1_19' title="bbox 494 1979 2064 2059; baseline 0.009 -24"><span class='ocrx_word' id='word_1_118' title='bbox 494 1979 700 2052; x_wconf 84' lang='lat' dir='ltr'><strong>Sympii</strong></span> <span class='ocrx_word' id='word_1_119' title='bbox 717 1993 770 2037; x_wconf 90' lang='lat' dir='ltr'><strong>et</strong></span> <span class='ocrx_word' id='word_1_120' title='bbox 786 1983 1054 2052; x_wconf 80' lang='lat' dir='ltr'><strong>Symposii</strong></span> <span class='ocrx_word' id='word_1_121' title='bbox 1078 2000 1095 2039; x_wconf 84' lang='lat'><strong>:</strong></span> <span class='ocrx_word' id='word_1_122' title='bbox 1114 1985 1325 2041; x_wconf 87' lang='lat' dir='ltr'><strong>vicinus</strong></span> <span class='ocrx_word' id='word_1_123' title='bbox 1347 1997 1465 2042; x_wconf 88' lang='lat' dir='ltr'><strong>erat</strong></span> <span class='ocrx_word' id='word_1_124' title='bbox 1482 1990 1845 2059; x_wconf 82' lang='lat' dir='ltr'><strong>Amphilochii</strong></span> <span class='ocrx_word' id='word_1_125' title='bbox 1873 1991 2064 2049; x_wconf 89' lang='lat' dir='ltr'><strong>Seleu-</strong></span> 
     </span>
    </p>
   </div>
   <div class='ocr_carea' id='block_1_20' title="bbox 493 2078 2066 2147">
    <p class='ocr_par' dir='ltr' id='par_1_20' title="bbox 493 2078 2066 2147">
     <span class='ocr_line' id='line_1_20' title="bbox 493 2078 2066 2147; baseline 0.007 -16"><span class='ocrx_word' id='word_1_126' title='bbox 493 2078 693 2132; x_wconf 88' lang='lat' dir='ltr'><strong>ciensis</strong></span> <span class='ocrx_word' id='word_1_127' title='bbox 719 2078 1022 2147; x_wconf 87' lang='lat' dir='ltr'><strong>episcopus.</strong></span> <span class='ocrx_word' id='word_1_128' title='bbox 1061 2079 1329 2137; x_wconf 68' lang='lat' dir='ltr'><strong>Praeterea</strong></span> <span class='ocrx_word' id='word_1_129' title='bbox 1363 2083 1596 2139; x_wconf 84' lang='lat' dir='ltr'><strong>Basilius</strong></span> <span class='ocrx_word' id='word_1_130' title='bbox 1629 2085 1842 2142; x_wconf 85' lang='lat' dir='ltr'><strong>Isauros</strong></span> <span class='ocrx_word' id='word_1_131' title='bbox 1877 2104 2066 2143; x_wconf 89' lang='lat' dir='ltr'><strong>nume-</strong></span> 
     </span>
    </p>
   </div>
   <div class='ocr_carea' id='block_1_21' title="bbox 492 2167 2064 2247">
    <p class='ocr_par' dir='ltr' id='par_1_21' title="bbox 492 2167 2064 2247">
     <span class='ocr_line' id='line_1_21' title="bbox 492 2167 2064 2247; baseline 0.008 -26"><span class='ocrx_word' id='word_1_132' title='bbox 492 2176 578 2222; x_wconf 91' lang='lat' dir='ltr'><strong>rat</strong></span> <span class='ocrx_word' id='word_1_133' title='bbox 627 2167 776 2223; x_wconf 88' lang='lat' dir='ltr'><strong>inter</strong></span> <span class='ocrx_word' id='word_1_134' title='bbox 830 2185 959 2226; x_wconf 88' lang='lat' dir='ltr'><strong>suos</strong></span> <span class='ocrx_word' id='word_1_135' title='bbox 1013 2175 1505 2228; x_wconf 80' lang='lat' dir='ltr'><strong>communicatores</strong></span> <span class='ocrx_word' id='word_1_136' title='bbox 1556 2175 1609 2230; x_wconf 91' lang='lat' dir='ltr'><strong>iu</strong></span> <span class='ocrx_word' id='word_1_137' title='bbox 1663 2178 1890 2247; x_wconf 82' lang='lat' dir='ltr'><strong>epistola</strong></span> <span class='ocrx_word' id='word_1_138' title='bbox 1935 2180 2064 2247; x_wconf 60' lang='grc' dir='ltr'><strong>θοι,</strong></span> 
     </span>
    </p>
   </div>
   <div class='ocr_carea' id='block_1_22' title="bbox 492 2260 2067 2341">
    <p class='ocr_par' dir='ltr' id='par_1_22' title="bbox 492 2260 2067 2341">
     <span class='ocr_line' id='line_1_22' title="bbox 492 2260 2067 2341; baseline 0.008 -27"><span class='ocrx_word' id='word_1_139' title='bbox 492 2276 622 2315; x_wconf 91' lang='lat' dir='ltr'><strong>num</strong></span> <span class='ocrx_word' id='word_1_140' title='bbox 656 2262 709 2317; x_wconf 89' lang='lat'><strong>7.</strong></span> <span class='ocrx_word' id='word_1_141' title='bbox 751 2260 870 2317; x_wconf 87' lang='lat' dir='ltr'><strong>Non</strong></span> <span class='ocrx_word' id='word_1_142' title='bbox 908 2272 1085 2318; x_wconf 87' lang='lat' dir='ltr'><strong>tamen</strong></span> <span class='ocrx_word' id='word_1_143' title='bbox 1121 2266 1338 2320; x_wconf 88' lang='lat' dir='ltr'><strong>videtur</strong></span> <span class='ocrx_word' id='word_1_144' title='bbox 1376 2264 1613 2323; x_wconf 88' lang='lat' dir='ltr'><strong>Basilius</strong></span> <span class='ocrx_word' id='word_1_145' title='bbox 1644 2286 1766 2325; x_wconf 92' lang='lat' dir='ltr'><strong>cum</strong></span> <span class='ocrx_word' id='word_1_146' title='bbox 1796 2272 2067 2341; x_wconf 84' lang='lat' dir='ltr'><strong>episcopis</strong></span> 
     </span>
    </p>
   </div>
   <div class='ocr_carea' id='block_1_23' title="bbox 490 2350 2064 2429">
    <p class='ocr_par' dir='ltr' id='par_1_23' title="bbox 490 2350 2064 2429">
     <span class='ocr_line' id='line_1_23' title="bbox 490 2350 2064 2429; baseline 0.008 -25"><span class='ocrx_word' id='word_1_147' title='bbox 490 2350 639 2406; x_wconf 72' lang='lat' dir='ltr'><strong>illius</strong></span> <span class='ocrx_word' id='word_1_148' title='bbox 675 2352 966 2422; x_wconf 72' lang='lat' dir='ltr'><strong>provincia:</strong></span> <span class='ocrx_word' id='word_1_149' title='bbox 997 2354 1321 2411; x_wconf 82' lang='lat' dir='ltr'><strong>convenisse</strong></span> <span class='ocrx_word' id='word_1_150' title='bbox 1354 2374 1369 2411; x_wconf 93' lang='lat'><strong>:</strong></span> <span class='ocrx_word' id='word_1_151' title='bbox 1402 2373 1526 2411; x_wconf 88' lang='lat' dir='ltr'><strong>nam</strong></span> <span class='ocrx_word' id='word_1_152' title='bbox 1564 2359 1738 2413; x_wconf 87' lang='lat' dir='ltr'><strong>hiems</strong></span> <span class='ocrx_word' id='word_1_153' title='bbox 1768 2362 2064 2429; x_wconf 77' lang='lat' dir='ltr'><strong>appropin~</strong></span> 
     </span>
    </p>
   </div>
   <div class='ocr_carea' id='block_1_24' title="bbox 487 2446 2065 2522">
    <p class='ocr_par' dir='ltr' id='par_1_24' title="bbox 487 2446 2065 2522">
     <span class='ocr_line' id='line_1_24' title="bbox 487 2446 2065 2522; baseline 0.007 -24"><span class='ocrx_word' id='word_1_154' title='bbox 487 2446 729 2515; x_wconf 88' lang='lat' dir='ltr'><strong>quabat,</strong></span> <span class='ocrx_word' id='word_1_155' title='bbox 759 2459 881 2500; x_wconf 89' lang='lat' dir='ltr'><strong>cum</strong></span> <span class='ocrx_word' id='word_1_156' title='bbox 912 2460 1028 2501; x_wconf 59' lang='lat' dir='ltr'><strong>nate</strong></span> <span class='ocrx_word' id='word_1_157' title='bbox 1060 2449 1360 2517; x_wconf 83' lang='lat' dir='ltr'><strong>scriberet,</strong></span> <span class='ocrx_word' id='word_1_158' title='bbox 1398 2452 1537 2505; x_wconf 90' lang='lat' dir='ltr'><strong>unde</strong></span> <span class='ocrx_word' id='word_1_159' title='bbox 1565 2451 1700 2521; x_wconf 88' lang='lat' dir='ltr'><strong>petit</strong></span> <span class='ocrx_word' id='word_1_160' title='bbox 1730 2461 1942 2522; x_wconf 88' lang='lat' dir='ltr'><strong>tempus</strong></span> <span class='ocrx_word' id='word_1_161' title='bbox 1973 2453 2065 2509; x_wconf 91' lang='lat' dir='ltr'><strong>iti-</strong></span> 
     </span>
    </p>
   </div>
   <div class='ocr_carea' id='block_1_25' title="bbox 490 2535 2063 2610">
    <p class='ocr_par' dir='ltr' id='par_1_25' title="bbox 490 2535 2063 2610">
     <span class='ocr_line' id='line_1_25' title="bbox 490 2535 2063 2610; baseline 0.006 -19"><span class='ocrx_word' id='word_1_162' title='bbox 490 2537 607 2592; x_wconf 91' lang='lat' dir='ltr'><strong>neri</strong></span> <span class='ocrx_word' id='word_1_163' title='bbox 642 2535 890 2592; x_wconf 81' lang='lat' dir='ltr'><strong>laciendo</strong></span> <span class='ocrx_word' id='word_1_164' title='bbox 921 2537 1175 2594; x_wconf 89' lang='lat' dir='ltr'><strong>idoneum</strong></span> <span class='ocrx_word' id='word_1_165' title='bbox 1220 2542 1488 2610; x_wconf 85' lang='lat' dir='ltr'><strong>designari</strong></span> <span class='ocrx_word' id='word_1_166' title='bbox 1532 2558 1546 2593; x_wconf 93' lang='lat'><strong>:</strong></span> <span class='ocrx_word' id='word_1_167' title='bbox 1578 2550 1698 2610; x_wconf 90' lang='lat' dir='ltr'><strong>post</strong></span> <span class='ocrx_word' id='word_1_168' title='bbox 1734 2542 1968 2599; x_wconf 87' lang='lat' dir='ltr'><strong>hiemem</strong></span> <span class='ocrx_word' id='word_1_169' title='bbox 2010 2547 2063 2601; x_wconf 92' lang='lat' dir='ltr'><strong>in</strong></span> 
     </span>
    </p>
   </div>
   <div class='ocr_carea' id='block_1_26' title="bbox 489 2630 2067 2700">
    <p class='ocr_par' dir='ltr' id='par_1_26' title="bbox 489 2630 2067 2700">
     <span class='ocr_line' id='line_1_26' title="bbox 489 2630 2067 2700; baseline 0.007 -17"><span class='ocrx_word' id='word_1_170' title='bbox 489 2644 708 2700; x_wconf 85' lang='lat' dir='ltr'><strong>gravem</strong></span> <span class='ocrx_word' id='word_1_171' title='bbox 739 2630 987 2685; x_wconf 86' lang='lat' dir='ltr'><strong>morbum</strong></span> <span class='ocrx_word' id='word_1_172' title='bbox 1028 2632 1237 2687; x_wconf 89' lang='lat' dir='ltr'><strong>incidit.</strong></span> <span class='ocrx_word' id='word_1_173' title='bbox 1274 2632 1378 2688; x_wconf 83' lang='lat' dir='ltr'><strong>Sed</strong></span> <span class='ocrx_word' id='word_1_174' title='bbox 1412 2648 1536 2687; x_wconf 86' lang='lat' dir='ltr'><strong>cum</strong></span> <span class='ocrx_word' id='word_1_175' title='bbox 1567 2638 1634 2689; x_wconf 89' lang='lat' dir='ltr'><strong>de</strong></span> <span class='ocrx_word' id='word_1_176' title='bbox 1670 2635 1774 2691; x_wconf 85' lang='lat' dir='ltr'><strong>lide</strong></span> <span class='ocrx_word' id='word_1_177' title='bbox 1818 2638 1952 2693; x_wconf 88' lang='lat' dir='ltr'><strong>nihil</strong></span> <span class='ocrx_word' id='word_1_178' title='bbox 1984 2640 2067 2695; x_wconf 85' lang='lat' dir='ltr'><strong>in-</strong></span> 
     </span>
    </p>
   </div>
   <div class='ocr_carea' id='block_1_27' title="bbox 488 2722 2063 2797">
    <p class='ocr_par' dir='ltr' id='par_1_27' title="bbox 488 2722 2063 2797">
     <span class='ocr_line' id='line_1_27' title="bbox 488 2722 2063 2797; baseline 0.008 -24"><span class='ocrx_word' id='word_1_179' title='bbox 488 2729 574 2774; x_wconf 90' lang='lat' dir='ltr'><strong>ter</strong></span> <span class='ocrx_word' id='word_1_180' title='bbox 594 2734 689 2775; x_wconf 90' lang='lat' dir='ltr'><strong>eos</strong></span> <span class='ocrx_word' id='word_1_181' title='bbox 721 2722 1130 2792; x_wconf 88' lang='lat' dir='ltr'><strong>disceptandum</strong></span> <span class='ocrx_word' id='word_1_182' title='bbox 1170 2732 1313 2778; x_wconf 88' lang='lat' dir='ltr'><strong>esset</strong></span> <span class='ocrx_word' id='word_1_183' title='bbox 1336 2766 1351 2784; x_wconf 89' lang='lat'><strong>.</strong></span> <span class='ocrx_word' id='word_1_184' title='bbox 1390 2723 1548 2781; x_wconf 80' lang='lat' dir='ltr'><strong>facile</strong></span> <span class='ocrx_word' id='word_1_185' title='bbox 1577 2728 1751 2797; x_wconf 91' lang='lat' dir='ltr'><strong>potuit</strong></span> <span class='ocrx_word' id='word_1_186' title='bbox 1792 2729 1934 2784; x_wconf 85' lang='lat' dir='ltr'><strong>inter</strong></span> <span class='ocrx_word' id='word_1_187' title='bbox 1966 2730 2063 2786; x_wconf 83' lang='lat' dir='ltr'><strong>ab-</strong></span> 
     </span>
    </p>
   </div>
   <div class='ocr_carea' id='block_1_28' title="bbox 485 2818 2067 2893">
    <p class='ocr_par' dir='ltr' id='par_1_28' title="bbox 485 2818 2067 2893">
     <span class='ocr_line' id='line_1_28' title="bbox 485 2818 2067 2893; baseline 0.009 -26"><span class='ocrx_word' id='word_1_188' title='bbox 485 2823 673 2869; x_wconf 84' lang='lat' dir='ltr'><strong>sentes</strong></span> <span class='ocrx_word' id='word_1_189' title='bbox 717 2818 1010 2873; x_wconf 91' lang='lat' dir='ltr'><strong>concordia</strong></span> <span class='ocrx_word' id='word_1_190' title='bbox 1045 2819 1290 2884; x_wconf 87' lang='lat' dir='ltr'><strong>lirmari,</strong></span> <span class='ocrx_word' id='word_1_191' title='bbox 1329 2821 1627 2891; x_wconf 89' lang='lat' dir='ltr'><strong>interprete</strong></span> <span class='ocrx_word' id='word_1_192' title='bbox 1668 2828 1968 2893; x_wconf 67' lang='lat' dir='ltr'><strong>praesertim</strong></span> <span class='ocrx_word' id='word_1_193' title='bbox 2012 2836 2067 2881; x_wconf 86' lang='lat' dir='ltr'><strong>et</strong></span> 
     </span>
    </p>
   </div>
   <div class='ocr_carea' id='block_1_29' title="bbox 485 2907 1618 2981">
    <p class='ocr_par' dir='ltr' id='par_1_29' title="bbox 485 2907 1618 2981">
     <span class='ocr_line' id='line_1_29' title="bbox 485 2907 1618 2981; baseline 0.008 -24"><span class='ocrx_word' id='word_1_194' title='bbox 485 2913 772 2973; x_wconf 80' lang='lat' dir='ltr'><strong>sequestro</strong></span> <span class='ocrx_word' id='word_1_195' title='bbox 800 2907 1193 2977; x_wconf 77' lang='lat' dir='ltr'><strong>paciﬁcationis</strong></span> <span class='ocrx_word' id='word_1_196' title='bbox 1222 2911 1618 2981; x_wconf 87' lang='lat' dir='ltr'><strong>Amphilochio.</strong></span> 
     </span>
    </p>
   </div>
   <div class='ocr_carea' id='block_1_30' title="bbox 564 2993 2063 3058">
    <p class='ocr_par' dir='ltr' id='par_1_30' title="bbox 564 2993 2063 3058">
     <span class='ocr_line' id='line_1_30' title="bbox 564 2993 2063 3058; baseline 0.006 -9"><span class='ocrx_word' id='word_1_197' title='bbox 564 2993 627 3049; x_wconf 73' lang='grc' dir='ltr'><strong>ν.</strong></span> <span class='ocrx_word' id='word_1_198' title='bbox 682 2996 910 3054; x_wconf 78' lang='lat' dir='ltr'><strong>Videtur</strong></span> <span class='ocrx_word' id='word_1_199' title='bbox 951 3000 1020 3056; x_wconf 83' lang='lat' dir='ltr'><strong>ad</strong></span> <span class='ocrx_word' id='word_1_200' title='bbox 1066 3000 1299 3056; x_wconf 88' lang='lat' dir='ltr'><strong>hiemem</strong></span> <span class='ocrx_word' id='word_1_201' title='bbox 1354 3004 1482 3056; x_wconf 88' lang='lat' dir='ltr'><strong>anni</strong></span> <span class='ocrx_word' id='word_1_202' title='bbox 1522 3002 1626 3056; x_wconf 74' lang='grc'><strong>374</strong></span> <span class='ocrx_word' id='word_1_203' title='bbox 1676 3004 1925 3058; x_wconf 81' lang='lat' dir='ltr'><strong>exeuntis</strong></span> <span class='ocrx_word' id='word_1_204' title='bbox 1970 3013 2063 3058; x_wconf 90' lang='lat' dir='ltr'><strong>aut</strong></span> 
     </span>
    </p>
   </div>
   <div class='ocr_carea' id='block_1_31' title="bbox 2181 612 3745 685">
    <p class='ocr_par' dir='ltr' id='par_1_31' title="bbox 2181 612 3745 685">
     <span class='ocr_line' id='line_1_31' title="bbox 2181 612 3745 685; baseline 0.001 -19"><span class='ocrx_word' id='word_1_205' title='bbox 2181 630 2308 667; x_wconf 88' lang='lat' dir='ltr'><strong>cura</strong></span> <span class='ocrx_word' id='word_1_206' title='bbox 2339 625 2574 669; x_wconf 87' lang='lat' dir='ltr'><strong>tueretur</strong></span> <span class='ocrx_word' id='word_1_207' title='bbox 2605 632 2627 671; x_wconf 86' lang='grc'><strong>.·</strong></span> <span class='ocrx_word' id='word_1_208' title='bbox 2662 615 2755 668; x_wconf 88' lang='lat' dir='ltr'><strong>Dei</strong></span> <span class='ocrx_word' id='word_1_209' title='bbox 2791 615 3079 669; x_wconf 69' lang='lat' dir='ltr'><strong>clementia:</strong></span> <span class='ocrx_word' id='word_1_210' title='bbox 3108 624 3155 668; x_wconf 91' lang='lat' dir='ltr'><strong>et</strong></span> <span class='ocrx_word' id='word_1_211' title='bbox 3188 615 3309 681; x_wconf 92' lang='lat' dir='ltr'><strong>legi,</strong></span> <span class='ocrx_word' id='word_1_212' title='bbox 3344 629 3459 685; x_wconf 70' lang='lat' dir='ltr'><strong>qua!</strong></span> <span class='ocrx_word' id='word_1_213' title='bbox 3487 612 3745 667; x_wconf 73' lang='lat' dir='ltr'><strong>altaribus</strong></span> 
     </span>
    </p>
   </div>
   <div class='ocr_carea' id='block_1_32' title="bbox 2175 708 3748 783">
    <p class='ocr_par' dir='ltr' id='par_1_32' title="bbox 2175 708 3748 783">
     <span class='ocr_line' id='line_1_32' title="bbox 2175 708 3748 783; baseline -0.001 -20"><span class='ocrx_word' id='word_1_214' title='bbox 2175 714 2424 765; x_wconf 77' lang='lat' dir='ltr'><strong>honorent</strong></span> <span class='ocrx_word' id='word_1_215' title='bbox 2456 714 2635 768; x_wconf 89' lang='lat' dir='ltr'><strong>haberi</strong></span> <span class='ocrx_word' id='word_1_216' title='bbox 2654 712 2835 783; x_wconf 82' lang='lat' dir='ltr'><strong>jubet,</strong></span> <span class='ocrx_word' id='word_1_217' title='bbox 2870 727 3082 765; x_wconf 87' lang='lat' dir='ltr'><strong>manum</strong></span> <span class='ocrx_word' id='word_1_218' title='bbox 3111 710 3417 779; x_wconf 82' lang='lat' dir='ltr'><strong>porrigeret,</strong></span> <span class='ocrx_word' id='word_1_219' title='bbox 3451 708 3627 764; x_wconf 87' lang='lat' dir='ltr'><strong>omnia</strong></span> <span class='ocrx_word' id='word_1_220' title='bbox 3656 708 3748 762; x_wconf 86' lang='lat' dir='ltr'><strong>dc-</strong></span> 
     </span>
    </p>
   </div>
   <div class='ocr_carea' id='block_1_33' title="bbox 2177 803 3750 874">
    <p class='ocr_par' dir='ltr' id='par_1_33' title="bbox 2177 803 3750 874">
     <span class='ocr_line' id='line_1_33' title="bbox 2177 803 3750 874; baseline -0.004 -17"><span class='ocrx_word' id='word_1_221' title='bbox 2177 805 2331 873; x_wconf 90' lang='lat' dir='ltr'><strong>nique</strong></span> <span class='ocrx_word' id='word_1_222' title='bbox 2358 807 2504 873; x_wconf 89' lang='lat' dir='ltr'><strong>prius</strong></span> <span class='ocrx_word' id='word_1_223' title='bbox 2541 806 2732 874; x_wconf 92' lang='lat' dir='ltr'><strong>faceret</strong></span> <span class='ocrx_word' id='word_1_224' title='bbox 2777 814 2824 857; x_wconf 93' lang='lat' dir='ltr'><strong>et</strong></span> <span class='ocrx_word' id='word_1_225' title='bbox 2860 813 3163 872; x_wconf 88' lang='lat' dir='ltr'><strong>pateretur,</strong></span> <span class='ocrx_word' id='word_1_226' title='bbox 3210 818 3366 870; x_wconf 89' lang='lat' dir='ltr'><strong>quam</strong></span> <span class='ocrx_word' id='word_1_227' title='bbox 3402 814 3458 856; x_wconf 87' lang='lat' dir='ltr'><strong>ut</strong></span> <span class='ocrx_word' id='word_1_228' title='bbox 3504 803 3750 857; x_wconf 89' lang='lat' dir='ltr'><strong>inhuma-</strong></span> 
     </span>
    </p>
   </div>
   <div class='ocr_carea' id='block_1_34' title="bbox 2174 894 3747 968">
    <p class='ocr_par' dir='ltr' id='par_1_34' title="bbox 2174 894 3747 968">
     <span class='ocr_line' id='line_1_34' title="bbox 2174 894 3747 968; baseline -0.001 -21"><span class='ocrx_word' id='word_1_229' title='bbox 2174 895 2293 947; x_wconf 83' lang='lat' dir='ltr'><strong>nius</strong></span> <span class='ocrx_word' id='word_1_230' title='bbox 2328 894 2493 949; x_wconf 88' lang='lat' dir='ltr'><strong>ullum</strong></span> <span class='ocrx_word' id='word_1_231' title='bbox 2521 898 2770 951; x_wconf 88' lang='lat' dir='ltr'><strong>adversus</strong></span> <span class='ocrx_word' id='word_1_232' title='bbox 2812 910 2927 949; x_wconf 88' lang='lat' dir='ltr'><strong>eam</strong></span> <span class='ocrx_word' id='word_1_233' title='bbox 2961 896 3237 950; x_wconf 81' lang='lat' dir='ltr'><strong>consilium</strong></span> <span class='ocrx_word' id='word_1_234' title='bbox 3277 894 3453 957; x_wconf 82' lang='lat' dir='ltr'><strong>iniret,</strong></span> <span class='ocrx_word' id='word_1_235' title='bbox 3499 899 3675 968; x_wconf 86' lang='lat' dir='ltr'><strong>sicque</strong></span> <span class='ocrx_word' id='word_1_236' title='bbox 3698 902 3747 947; x_wconf 92' lang='lat' dir='ltr'><strong>et</strong></span> 
     </span>
    </p>
   </div>
   <div class='ocr_carea' id='block_1_35' title="bbox 2175 985 3749 1054">
    <p class='ocr_par' dir='ltr' id='par_1_35' title="bbox 2175 985 3749 1054">
     <span class='ocr_line' id='line_1_35' title="bbox 2175 985 3749 1054; baseline 0.001 -17"><span class='ocrx_word' id='word_1_237' title='bbox 2175 1000 2410 1038; x_wconf 85' lang='lat' dir='ltr'><strong>mensam</strong></span> <span class='ocrx_word' id='word_1_238' title='bbox 2459 994 2873 1051; x_wconf 84' lang='lat' dir='ltr'><strong>sacrosanctam,</strong></span> <span class='ocrx_word' id='word_1_239' title='bbox 2931 996 2977 1039; x_wconf 90' lang='lat' dir='ltr'><strong>et</strong></span> <span class='ocrx_word' id='word_1_240' title='bbox 3034 987 3186 1054; x_wconf 79' lang='lat' dir='ltr'><strong>ﬁdem</strong></span> <span class='ocrx_word' id='word_1_241' title='bbox 3220 986 3377 1039; x_wconf 87' lang='lat' dir='ltr'><strong>etiam</strong></span> <span class='ocrx_word' id='word_1_242' title='bbox 3412 985 3581 1050; x_wconf 80' lang='lat' dir='ltr'><strong>illam,</strong></span> <span class='ocrx_word' id='word_1_243' title='bbox 3630 1001 3749 1041; x_wconf 87' lang='lat' dir='ltr'><strong>eum</strong></span> 
     </span>
    </p>
   </div>
   <div class='ocr_carea' id='block_1_36' title="bbox 2176 1072 3761 1147">
    <p class='ocr_par' dir='ltr' id='par_1_36' title="bbox 2176 1072 3761 1147">
     <span class='ocr_line' id='line_1_36' title="bbox 2176 1072 3761 1147; baseline 0 -21"><span class='ocrx_word' id='word_1_244' title='bbox 2176 1090 2280 1143; x_wconf 91' lang='lat' dir='ltr'><strong>qua</strong></span> <span class='ocrx_word' id='word_1_245' title='bbox 2309 1072 2529 1143; x_wconf 84' lang='lat' dir='ltr'><strong>supplex</strong></span> <span class='ocrx_word' id='word_1_246' title='bbox 2555 1086 2688 1140; x_wconf 89' lang='lat' dir='ltr'><strong>erat,</strong></span> <span class='ocrx_word' id='word_1_247' title='bbox 2729 1074 3047 1129; x_wconf 85' lang='lat' dir='ltr'><strong>contumelia</strong></span> <span class='ocrx_word' id='word_1_248' title='bbox 3080 1077 3344 1147; x_wconf 69' lang='lat' dir='ltr'><strong>aﬂiceret?</strong></span> <span class='ocrx_word' id='word_1_249' title='bbox 3377 1073 3761 1145; x_wconf 79' lang='lat' dir='ltr'><strong>Nequaquam,</strong></span> 
     </span>
    </p>
   </div>
   <div class='ocr_carea' id='block_1_37' title="bbox 2181 1165 3749 1236">
    <p class='ocr_par' dir='ltr' id='par_1_37' title="bbox 2181 1165 3749 1236">
     <span class='ocr_line' id='line_1_37' title="bbox 2181 1165 3749 1236; baseline 0.003 -19"><span class='ocrx_word' id='word_1_250' title='bbox 2181 1165 2350 1234; x_wconf 86' lang='lat' dir='ltr'><strong>inquit</strong></span> <span class='ocrx_word' id='word_1_251' title='bbox 2379 1181 2539 1220; x_wconf 89' lang='lat' dir='ltr'><strong>novus</strong></span> <span class='ocrx_word' id='word_1_252' title='bbox 2561 1168 2766 1235; x_wconf 85' lang='lat' dir='ltr'><strong>judex;</strong></span> <span class='ocrx_word' id='word_1_253' title='bbox 2797 1165 2888 1219; x_wconf 88' lang='lat' dir='ltr'><strong>sed</strong></span> <span class='ocrx_word' id='word_1_254' title='bbox 2925 1181 3101 1220; x_wconf 91' lang='lat' dir='ltr'><strong>omnes</strong></span> <span class='ocrx_word' id='word_1_255' title='bbox 3145 1166 3360 1236; x_wconf 88' lang='lat' dir='ltr'><strong>imperio</strong></span> <span class='ocrx_word' id='word_1_256' title='bbox 3398 1181 3511 1218; x_wconf 78' lang='lat' dir='ltr'><strong>meo</strong></span> <span class='ocrx_word' id='word_1_257' title='bbox 3546 1169 3749 1233; x_wconf 83' lang='lat' dir='ltr'><strong>cedere,</strong></span> 
     </span>
    </p>
   </div>
   <div class='ocr_carea' id='block_1_38' title="bbox 2176 1255 3752 1328">
    <p class='ocr_par' dir='ltr' id='par_1_38' title="bbox 2176 1255 3752 1328">
     <span class='ocr_line' id='line_1_38' title="bbox 2176 1255 3752 1328; baseline 0.003 -19"><span class='ocrx_word' id='word_1_258' title='bbox 2176 1273 2238 1310; x_wconf 89' lang='lat' dir='ltr'><strong>ac</strong></span> <span class='ocrx_word' id='word_1_259' title='bbox 2276 1255 2603 1311; x_wconf 85' lang='lat' dir='ltr'><strong>Christianos</strong></span> <span class='ocrx_word' id='word_1_260' title='bbox 2635 1260 2769 1328; x_wconf 87' lang='lat' dir='ltr'><strong>leges</strong></span> <span class='ocrx_word' id='word_1_261' title='bbox 2794 1274 2918 1312; x_wconf 87' lang='lat' dir='ltr'><strong>suas</strong></span> <span class='ocrx_word' id='word_1_262' title='bbox 2950 1259 3170 1327; x_wconf 84' lang='lat' dir='ltr'><strong>prodere</strong></span> <span class='ocrx_word' id='word_1_263' title='bbox 3196 1266 3419 1328; x_wconf 86' lang='lat' dir='ltr'><strong>oportet.</strong></span> <span class='ocrx_word' id='word_1_264' title='bbox 3460 1256 3560 1310; x_wconf 84' lang='lat' dir='ltr'><strong>Ille</strong></span> <span class='ocrx_word' id='word_1_265' title='bbox 3585 1260 3752 1328; x_wconf 82' lang='lat' dir='ltr'><strong>igitur</strong></span> 
     </span>
    </p>
   </div>
   <div class='ocr_carea' id='block_1_39' title="bbox 2174 1350 3752 1421">
    <p class='ocr_par' dir='ltr' id='par_1_39' title="bbox 2174 1350 3752 1421">
     <span class='ocr_line' id='line_1_39' title="bbox 2174 1350 3752 1421; baseline 0 -15"><span class='ocrx_word' id='word_1_266' title='bbox 2174 1350 2462 1421; x_wconf 85' lang='lat' dir='ltr'><strong>supplicem</strong></span> <span class='ocrx_word' id='word_1_267' title='bbox 2486 1351 2795 1421; x_wconf 85' lang='lat' dir='ltr'><strong>deposcebat</strong></span> <span class='ocrx_word' id='word_1_268' title='bbox 2818 1365 2836 1404; x_wconf 90' lang='lat'><strong><em>:</em></strong></span> <span class='ocrx_word' id='word_1_269' title='bbox 2859 1351 2944 1405; x_wconf 77' lang='lat' dir='ltr'><strong>hic</strong></span> <span class='ocrx_word' id='word_1_270' title='bbox 2964 1351 3109 1405; x_wconf 87' lang='lat' dir='ltr'><strong>omni</strong></span> <span class='ocrx_word' id='word_1_271' title='bbox 3132 1352 3183 1405; x_wconf 91' lang='lat' dir='ltr'><strong>vi</strong></span> <span class='ocrx_word' id='word_1_272' title='bbox 3210 1351 3481 1407; x_wconf 89' lang='lat' dir='ltr'><strong>retinebat.</strong></span> <span class='ocrx_word' id='word_1_273' title='bbox 3505 1350 3609 1407; x_wconf 85' lang='lat' dir='ltr'><strong>Ille</strong></span> <span class='ocrx_word' id='word_1_274' title='bbox 3632 1370 3752 1407; x_wconf 88' lang='lat' dir='ltr'><strong>rur-</strong></span> 
     </span>
    </p>
   </div>
   <div class='ocr_carea' id='block_1_40' title="bbox 2176 1441 3753 1511">
    <p class='ocr_par' dir='ltr' id='par_1_40' title="bbox 2176 1441 3753 1511">
     <span class='ocr_line' id='line_1_40' title="bbox 2176 1441 3753 1511; baseline 0.003 -16"><span class='ocrx_word' id='word_1_275' title='bbox 2176 1455 2293 1495; x_wconf 90' lang='lat' dir='ltr'><strong>sum</strong></span> <span class='ocrx_word' id='word_1_276' title='bbox 2328 1441 2509 1511; x_wconf 87' lang='lat' dir='ltr'><strong>furore</strong></span> <span class='ocrx_word' id='word_1_277' title='bbox 2538 1441 2868 1505; x_wconf 85' lang='lat' dir='ltr'><strong>concitatur;</strong></span> <span class='ocrx_word' id='word_1_278' title='bbox 2895 1456 2957 1494; x_wconf 89' lang='lat' dir='ltr'><strong>ac</strong></span> <span class='ocrx_word' id='word_1_279' title='bbox 2987 1442 3326 1510; x_wconf 87' lang='lat' dir='ltr'><strong>magistratus</strong></span> <span class='ocrx_word' id='word_1_280' title='bbox 3348 1444 3601 1511; x_wconf 87' lang='lat' dir='ltr'><strong>quosdam</strong></span> <span class='ocrx_word' id='word_1_281' title='bbox 3628 1447 3753 1499; x_wconf 87' lang='lat' dir='ltr'><strong>mit-</strong></span> 
     </span>
    </p>
   </div>
   <div class='ocr_carea' id='block_1_41' title="bbox 2176 1530 3751 1606">
    <p class='ocr_par' dir='ltr' id='par_1_41' title="bbox 2176 1530 3751 1606">
     <span class='ocr_line' id='line_1_41' title="bbox 2176 1530 3751 1606; baseline 0.004 -21"><span class='ocrx_word' id='word_1_282' title='bbox 2176 1532 2263 1598; x_wconf 89' lang='lat' dir='ltr'><strong>tit,</strong></span> <span class='ocrx_word' id='word_1_283' title='bbox 2286 1534 2376 1601; x_wconf 86' lang='lat' dir='ltr'><strong>qui</strong></span> <span class='ocrx_word' id='word_1_284' title='bbox 2399 1532 2578 1587; x_wconf 81' lang='lat' dir='ltr'><strong>sancti</strong></span> <span class='ocrx_word' id='word_1_285' title='bbox 2609 1532 2711 1585; x_wconf 88' lang='lat' dir='ltr'><strong>viri</strong></span> <span class='ocrx_word' id='word_1_286' title='bbox 2757 1530 3055 1586; x_wconf 86' lang='lat' dir='ltr'><strong>cubiculum</strong></span> <span class='ocrx_word' id='word_1_287' title='bbox 3090 1542 3565 1600; x_wconf 83' lang='lat' dir='ltr'><strong>perscrutarentur,</strong></span> <span class='ocrx_word' id='word_1_288' title='bbox 3598 1538 3751 1606; x_wconf 89' lang='lat' dir='ltr'><strong>igno-</strong></span> 
     </span>
    </p>
   </div>
   <div class='ocr_carea' id='block_1_42' title="bbox 2174 1624 3753 1696">
    <p class='ocr_par' dir='ltr' id='par_1_42' title="bbox 2174 1624 3753 1696">
     <span class='ocr_line' id='line_1_42' title="bbox 2174 1624 3753 1696; baseline 0.004 -20"><span class='ocrx_word' id='word_1_289' title='bbox 2174 1624 2354 1677; x_wconf 69' lang='lat' dir='ltr'><strong>miniis</strong></span> <span class='ocrx_word' id='word_1_290' title='bbox 2382 1639 2543 1678; x_wconf 89' lang='lat' dir='ltr'><strong>causa</strong></span> <span class='ocrx_word' id='word_1_291' title='bbox 2576 1624 2749 1691; x_wconf 77' lang='lat' dir='ltr'><strong>potius</strong></span> <span class='ocrx_word' id='word_1_292' title='bbox 2782 1624 2835 1677; x_wconf 89' lang='lat' dir='ltr'><strong>id</strong></span> <span class='ocrx_word' id='word_1_293' title='bbox 2867 1625 3087 1694; x_wconf 78' lang='lat' dir='ltr'><strong>faciens,</strong></span> <span class='ocrx_word' id='word_1_294' title='bbox 3124 1642 3283 1693; x_wconf 84' lang='lat' dir='ltr'><strong>quam</strong></span> <span class='ocrx_word' id='word_1_295' title='bbox 3315 1627 3453 1696; x_wconf 89' lang='lat' dir='ltr'><strong>quod</strong></span> <span class='ocrx_word' id='word_1_296' title='bbox 3492 1627 3753 1696; x_wconf 82' lang='lat' dir='ltr'><strong>ejusmodi</strong></span> 
     </span>
    </p>
   </div>
   <div class='ocr_carea' id='block_1_43' title="bbox 2174 1717 3751 1786">
    <p class='ocr_par' dir='ltr' id='par_1_43' title="bbox 2174 1717 3751 1786">
     <span class='ocr_line' id='line_1_43' title="bbox 2174 1717 3751 1786; baseline 0.004 -17"><span class='ocrx_word' id='word_1_297' title='bbox 2174 1717 2465 1786; x_wconf 78' lang='lat' dir='ltr'><strong>quidquam</strong></span> <span class='ocrx_word' id='word_1_298' title='bbox 2501 1731 2703 1770; x_wconf 89' lang='lat' dir='ltr'><strong>necesse</strong></span> <span class='ocrx_word' id='word_1_299' title='bbox 2739 1727 2891 1772; x_wconf 88' lang='lat' dir='ltr'><strong>esset.</strong></span> <span class='ocrx_word' id='word_1_300' title='bbox 2935 1717 3079 1783; x_wconf 84' lang='lat' dir='ltr'><strong>Quid</strong></span> <span class='ocrx_word' id='word_1_301' title='bbox 3122 1718 3251 1775; x_wconf 83' lang='lat' dir='ltr'><strong>ais.’</strong></span> <span class='ocrx_word' id='word_1_302' title='bbox 3281 1718 3571 1773; x_wconf 89' lang='lat' dir='ltr'><strong>Domumne</strong></span> <span class='ocrx_word' id='word_1_303' title='bbox 3603 1718 3751 1775; x_wconf 90' lang='lat' dir='ltr'><strong>illius</strong></span> 
     </span>
    </p>
   </div>
   <div class='ocr_carea' id='block_1_44' title="bbox 2175 1806 3747 1879">
    <p class='ocr_par' dir='ltr' id='par_1_44' title="bbox 2175 1806 3747 1879">
     <span class='ocr_line' id='line_1_44' title="bbox 2175 1806 3747 1879; baseline 0.002 -20"><span class='ocrx_word' id='word_1_304' title='bbox 2175 1809 2239 1859; x_wconf 91' lang='lat' dir='ltr'><strong>ab</strong></span> <span class='ocrx_word' id='word_1_305' title='bbox 2270 1807 2411 1859; x_wconf 90' lang='lat' dir='ltr'><strong>omni</strong></span> <span class='ocrx_word' id='word_1_306' title='bbox 2440 1806 2672 1861; x_wconf 88' lang='lat' dir='ltr'><strong>libidinis</strong></span> <span class='ocrx_word' id='word_1_307' title='bbox 2710 1816 2853 1863; x_wconf 90' lang='lat' dir='ltr'><strong>motu</strong></span> <span class='ocrx_word' id='word_1_308' title='bbox 2893 1808 3060 1871; x_wconf 88' lang='lat' dir='ltr'><strong>liberi,</strong></span> <span class='ocrx_word' id='word_1_309' title='bbox 3090 1825 3243 1879; x_wconf 85' lang='lat' dir='ltr'><strong>quem</strong></span> <span class='ocrx_word' id='word_1_310' title='bbox 3302 1811 3474 1879; x_wconf 87' lang='lat' dir='ltr'><strong>angeli</strong></span> <span class='ocrx_word' id='word_1_311' title='bbox 3513 1808 3747 1877; x_wconf 82' lang='lat' dir='ltr'><strong>comple-</strong></span> 
     </span>
    </p>
   </div>
   <div class='ocr_carea' id='block_1_45' title="bbox 2182 1898 3755 1971">
    <p class='ocr_par' dir='ltr' id='par_1_45' title="bbox 2182 1898 3755 1971">
     <span class='ocr_line' id='line_1_45' title="bbox 2182 1898 3755 1971; baseline 0.003 -22"><span class='ocrx_word' id='word_1_312' title='bbox 2182 1904 2573 1965; x_wconf 87' lang='lat' dir='ltr'><strong>ctuntur,quem</strong></span> <span class='ocrx_word' id='word_1_313' title='bbox 2596 1898 2675 1951; x_wconf 87' lang='lat' dir='ltr'><strong>vel</strong></span> <span class='ocrx_word' id='word_1_314' title='bbox 2700 1898 2871 1953; x_wconf 86' lang='lat' dir='ltr'><strong>solum</strong></span> <span class='ocrx_word' id='word_1_315' title='bbox 2894 1899 3088 1954; x_wconf 89' lang='lat' dir='ltr'><strong>intueri</strong></span> <span class='ocrx_word' id='word_1_316' title='bbox 3127 1901 3337 1971; x_wconf 68' lang='lat' dir='ltr'><strong>femina:</strong></span> <span class='ocrx_word' id='word_1_317' title='bbox 3364 1900 3755 1969; x_wconf 68' lang='lat' dir='ltr'><strong>reformidant?</strong></span> 
     </span>
    </p>
   </div>
   <div class='ocr_carea' id='block_1_46' title="bbox 2173 1987 3753 2063">
    <p class='ocr_par' dir='ltr' id='par_1_46' title="bbox 2173 1987 3753 2063">
     <span class='ocr_line' id='line_1_46' title="bbox 2173 1987 3753 2063; baseline 0.003 -21"><span class='ocrx_word' id='word_1_318' title='bbox 2173 1987 2285 2042; x_wconf 83' lang='lat' dir='ltr'><strong>Nec</strong></span> <span class='ocrx_word' id='word_1_319' title='bbox 2328 2006 2390 2043; x_wconf 85' lang='lat' dir='ltr'><strong>eo</strong></span> <span class='ocrx_word' id='word_1_320' title='bbox 2421 1998 2699 2044; x_wconf 88' lang='lat' dir='ltr'><strong>contentus</strong></span> <span class='ocrx_word' id='word_1_321' title='bbox 2725 2032 2740 2057; x_wconf 94' lang='lat'><strong>,</strong></span> <span class='ocrx_word' id='word_1_322' title='bbox 2769 1993 2941 2059; x_wconf 88' lang='lat' dir='ltr'><strong>ipsum</strong></span> <span class='ocrx_word' id='word_1_323' title='bbox 2970 1992 3184 2063; x_wconf 85' lang='lat' dir='ltr'><strong>insuper</strong></span> <span class='ocrx_word' id='word_1_324' title='bbox 3222 1995 3426 2059; x_wconf 84' lang='lat' dir='ltr'><strong>adesse,</strong></span> <span class='ocrx_word' id='word_1_325' title='bbox 3455 2001 3505 2047; x_wconf 86' lang='lat' dir='ltr'><strong>et</strong></span> <span class='ocrx_word' id='word_1_326' title='bbox 3534 2010 3753 2050; x_wconf 85' lang='lat' dir='ltr'><strong>causam</strong></span> 
     </span>
    </p>
   </div>
   <div class='ocr_carea' id='block_1_47' title="bbox 2168 2081 3757 2157">
    <p class='ocr_par' dir='ltr' id='par_1_47' title="bbox 2168 2081 3757 2157">
     <span class='ocr_line' id='line_1_47' title="bbox 2168 2081 3757 2157; baseline 0.005 -24"><span class='ocrx_word' id='word_1_327' title='bbox 2168 2081 2343 2135; x_wconf 82' lang='lat' dir='ltr'><strong>dicere</strong></span> <span class='ocrx_word' id='word_1_328' title='bbox 2374 2084 2547 2151; x_wconf 84' lang='lat' dir='ltr'><strong>jubet,</strong></span> <span class='ocrx_word' id='word_1_329' title='bbox 2579 2099 2741 2153; x_wconf 84' lang='lat' dir='ltr'><strong>neque</strong></span> <span class='ocrx_word' id='word_1_330' title='bbox 2780 2084 2835 2137; x_wconf 90' lang='lat' dir='ltr'><strong>id</strong></span> <span class='ocrx_word' id='word_1_331' title='bbox 2875 2083 3086 2153; x_wconf 88' lang='lat' dir='ltr'><strong>placide</strong></span> <span class='ocrx_word' id='word_1_332' title='bbox 3113 2095 3161 2140; x_wconf 93' lang='lat' dir='ltr'><strong>et</strong></span> <span class='ocrx_word' id='word_1_333' title='bbox 3190 2086 3441 2151; x_wconf 87' lang='lat' dir='ltr'><strong>humane,</strong></span> <span class='ocrx_word' id='word_1_334' title='bbox 3471 2086 3560 2141; x_wconf 90' lang='lat' dir='ltr'><strong>sed</strong></span> <span class='ocrx_word' id='word_1_335' title='bbox 3598 2087 3757 2157; x_wconf 85' lang='lat' dir='ltr'><strong>quasi</strong></span> 
     </span>
    </p>
   </div>
   <div class='ocr_carea' id='block_1_48' title="bbox 2168 2173 3757 2247">
    <p class='ocr_par' dir='ltr' id='par_1_48' title="bbox 2168 2173 3757 2247">
     <span class='ocr_line' id='line_1_48' title="bbox 2168 2173 3757 2247; baseline 0.006 -25"><span class='ocrx_word' id='word_1_336' title='bbox 2168 2187 2332 2224; x_wconf 88' lang='lat' dir='ltr'><strong>unum</strong></span> <span class='ocrx_word' id='word_1_337' title='bbox 2359 2188 2424 2225; x_wconf 88' lang='lat' dir='ltr'><strong>ex</strong></span> <span class='ocrx_word' id='word_1_338' title='bbox 2450 2174 2519 2228; x_wconf 89' lang='lat' dir='ltr'><strong>iis</strong></span> <span class='ocrx_word' id='word_1_339' title='bbox 2547 2173 2639 2243; x_wconf 89' lang='lat' dir='ltr'><strong>qui</strong></span> <span class='ocrx_word' id='word_1_340' title='bbox 2662 2174 2852 2243; x_wconf 88' lang='lat' dir='ltr'><strong>capitis</strong></span> <span class='ocrx_word' id='word_1_341' title='bbox 2884 2176 3128 2229; x_wconf 89' lang='lat' dir='ltr'><strong>damnati</strong></span> <span class='ocrx_word' id='word_1_342' title='bbox 3151 2188 3296 2233; x_wconf 90' lang='lat' dir='ltr'><strong>sunt.</strong></span> <span class='ocrx_word' id='word_1_343' title='bbox 3319 2178 3488 2245; x_wconf 79' lang='lat' dir='ltr'><strong>Atque</strong></span> <span class='ocrx_word' id='word_1_344' title='bbox 3511 2178 3620 2245; x_wconf 89' lang='lat' dir='ltr'><strong>ipse</strong></span> <span class='ocrx_word' id='word_1_345' title='bbox 3639 2180 3757 2247; x_wconf 87' lang='lat' dir='ltr'><strong>qui-</strong></span> 
     </span>
    </p>
   </div>
   <div class='ocr_carea' id='block_1_49' title="bbox 2167 2264 3757 2337">
    <p class='ocr_par' dir='ltr' id='par_1_49' title="bbox 2167 2264 3757 2337">
     <span class='ocr_line' id='line_1_49' title="bbox 2167 2264 3757 2337; baseline 0.004 -21"><span class='ocrx_word' id='word_1_346' title='bbox 2167 2264 2285 2317; x_wconf 89' lang='lat' dir='ltr'><strong>dem</strong></span> <span class='ocrx_word' id='word_1_347' title='bbox 2315 2264 2521 2322; x_wconf 90' lang='lat' dir='ltr'><strong>aderat.</strong></span> <span class='ocrx_word' id='word_1_348' title='bbox 2553 2266 2658 2321; x_wconf 93' lang='lat' dir='ltr'><strong>Ille</strong></span> <span class='ocrx_word' id='word_1_349' title='bbox 2686 2275 2861 2320; x_wconf 87' lang='lat' dir='ltr'><strong>autem</strong></span> <span class='ocrx_word' id='word_1_350' title='bbox 2894 2267 2977 2320; x_wconf 91' lang='lat' dir='ltr'><strong>ira</strong></span> <span class='ocrx_word' id='word_1_351' title='bbox 3006 2276 3054 2321; x_wconf 93' lang='lat' dir='ltr'><strong>et</strong></span> <span class='ocrx_word' id='word_1_352' title='bbox 3090 2270 3397 2337; x_wconf 82' lang='lat' dir='ltr'><strong>arrogantia</strong></span> <span class='ocrx_word' id='word_1_353' title='bbox 3428 2270 3612 2337; x_wconf 88' lang='lat' dir='ltr'><strong>plenus</strong></span> <span class='ocrx_word' id='word_1_354' title='bbox 3656 2285 3757 2337; x_wconf 85' lang='lat' dir='ltr'><strong>pro</strong></span> 
     </span>
    </p>
   </div>
   <div class='ocr_carea' id='block_1_50' title="bbox 2168 2354 3752 2426">
    <p class='ocr_par' dir='ltr' id='par_1_50' title="bbox 2168 2354 3752 2426">
     <span class='ocr_line' id='line_1_50' title="bbox 2168 2354 3752 2426; baseline 0.002 -19"><span class='ocrx_word' id='word_1_355' title='bbox 2168 2356 2423 2409; x_wconf 88' lang='lat' dir='ltr'><strong>tribunali</strong></span> <span class='ocrx_word' id='word_1_356' title='bbox 2468 2357 2705 2412; x_wconf 83' lang='lat' dir='ltr'><strong>sedebat.</strong></span> <span class='ocrx_word' id='word_1_357' title='bbox 2749 2356 2937 2412; x_wconf 85' lang='lat' dir='ltr'><strong>Stabat</strong></span> <span class='ocrx_word' id='word_1_358' title='bbox 2983 2354 3260 2421; x_wconf 87' lang='lat' dir='ltr'><strong>Basilius,</strong></span> <span class='ocrx_word' id='word_1_359' title='bbox 3303 2358 3752 2426; x_wconf 86' lang='lat' dir='ltr'><strong>quemadmodum</strong></span> 
     </span>
    </p>
   </div>
   <div class='ocr_carea' id='block_1_51' title="bbox 2167 2446 3755 2519">
    <p class='ocr_par' dir='ltr' id='par_1_51' title="bbox 2167 2446 3755 2519">
     <span class='ocr_line' id='line_1_51' title="bbox 2167 2446 3755 2519; baseline 0.001 -18"><span class='ocrx_word' id='word_1_360' title='bbox 2167 2446 2325 2501; x_wconf 75' lang='lat' dir='ltr'><strong>Iesus</strong></span> <span class='ocrx_word' id='word_1_361' title='bbox 2376 2464 2522 2503; x_wconf 88' lang='lat' dir='ltr'><strong>meus</strong></span> <span class='ocrx_word' id='word_1_362' title='bbox 2576 2448 2755 2504; x_wconf 87' lang='lat' dir='ltr'><strong>Pilato</strong></span> <span class='ocrx_word' id='word_1_363' title='bbox 2795 2450 3093 2519; x_wconf 88' lang='lat' dir='ltr'><strong>judicante.</strong></span> <span class='ocrx_word' id='word_1_364' title='bbox 3139 2449 3544 2503; x_wconf 83' lang='lat' dir='ltr'><strong>Cunctabantur</strong></span> <span class='ocrx_word' id='word_1_365' title='bbox 3591 2464 3755 2518; x_wconf 88' lang='lat' dir='ltr'><strong>porro</strong></span> 
     </span>
    </p>
   </div>
   <div class='ocr_carea' id='block_1_52' title="bbox 2167 2539 3755 2613">
    <p class='ocr_par' dir='ltr' id='par_1_52' title="bbox 2167 2539 3755 2613">
     <span class='ocr_line' id='line_1_52' title="bbox 2167 2539 3755 2613; baseline 0.002 -21"><span class='ocrx_word' id='word_1_366' title='bbox 2167 2539 2417 2608; x_wconf 86' lang='lat' dir='ltr'><strong>fulmina,</strong></span> <span class='ocrx_word' id='word_1_367' title='bbox 2448 2539 2649 2608; x_wconf 85' lang='lat' dir='ltr'><strong>Deique</strong></span> <span class='ocrx_word' id='word_1_368' title='bbox 2679 2541 2890 2613; x_wconf 84' lang='lat' dir='ltr'><strong>gladius</strong></span> <span class='ocrx_word' id='word_1_369' title='bbox 2914 2542 3089 2597; x_wconf 89' lang='lat' dir='ltr'><strong>adhuc</strong></span> <span class='ocrx_word' id='word_1_370' title='bbox 3117 2541 3493 2605; x_wconf 79' lang='lat' dir='ltr'><strong>exacuebatur,</strong></span> <span class='ocrx_word' id='word_1_371' title='bbox 3525 2553 3572 2594; x_wconf 87' lang='lat' dir='ltr'><strong>et</strong></span> <span class='ocrx_word' id='word_1_372' title='bbox 3597 2540 3755 2608; x_wconf 72' lang='grc' dir='ltr'><strong>ἀειγε-</strong></span> 
     </span>
    </p>
   </div>
   <div class='ocr_carea' id='block_1_53' title="bbox 2168 2630 3757 2703">
    <p class='ocr_par' dir='ltr' id='par_1_53' title="bbox 2168 2630 3757 2703">
     <span class='ocr_line' id='line_1_53' title="bbox 2168 2630 3757 2703; baseline 0.001 -18"><span class='ocrx_word' id='word_1_373' title='bbox 2168 2630 2405 2699; x_wconf 90' lang='lat' dir='ltr'><strong>rebatur,</strong></span> <span class='ocrx_word' id='word_1_374' title='bbox 2424 2642 2694 2703; x_wconf 89' lang='lat' dir='ltr'><strong>arcusque&#39;</strong></span> <span class='ocrx_word' id='word_1_375' title='bbox 2709 2634 2785 2687; x_wconf 92' lang='lat' dir='ltr'><strong>ita</strong></span> <span class='ocrx_word' id='word_1_376' title='bbox 2811 2634 3243 2698; x_wconf 88' lang='lat' dir='ltr'><strong>contendebatur,</strong></span> <span class='ocrx_word' id='word_1_377' title='bbox 3264 2643 3319 2687; x_wconf 91' lang='lat' dir='ltr'><strong>ut</strong></span> <span class='ocrx_word' id='word_1_378' title='bbox 3353 2644 3527 2687; x_wconf 88' lang='lat' dir='ltr'><strong>tamen</strong></span> <span class='ocrx_word' id='word_1_379' title='bbox 3562 2633 3757 2687; x_wconf 88' lang='lat' dir='ltr'><strong>retine-</strong></span> 
     </span>
    </p>
   </div>
   <div class='ocr_carea' id='block_1_54' title="bbox 2169 2726 3749 2796">
    <p class='ocr_par' dir='ltr' id='par_1_54' title="bbox 2169 2726 3749 2796">
     <span class='ocr_line' id='line_1_54' title="bbox 2169 2726 3749 2796; baseline 0 -18"><span class='ocrx_word' id='word_1_380' title='bbox 2169 2734 2333 2791; x_wconf 78' lang='lat' dir='ltr'><strong>retur,</strong></span> <span class='ocrx_word' id='word_1_381' title='bbox 2362 2728 2679 2796; x_wconf 73' lang='lat' dir='ltr'><strong>paenitentia:</strong></span> <span class='ocrx_word' id='word_1_382' title='bbox 2703 2726 2943 2781; x_wconf 91' lang='lat' dir='ltr'><strong>videlicet</strong></span> <span class='ocrx_word' id='word_1_383' title='bbox 2974 2741 3173 2793; x_wconf 84' lang='lat' dir='ltr'><strong>tempus</strong></span> <span class='ocrx_word' id='word_1_384' title='bbox 3194 2742 3256 2779; x_wconf 91' lang='lat' dir='ltr'><strong>ac</strong></span> <span class='ocrx_word' id='word_1_385' title='bbox 3285 2726 3457 2779; x_wconf 87' lang='lat' dir='ltr'><strong>locum</strong></span> <span class='ocrx_word' id='word_1_386' title='bbox 3487 2728 3749 2793; x_wconf 86' lang='lat' dir='ltr'><strong>aperiens.</strong></span> 
     </span>
    </p>
   </div>
   <div class='ocr_carea' id='block_1_55' title="bbox 2172 2813 3752 2887">
    <p class='ocr_par' dir='ltr' id='par_1_55' title="bbox 2172 2813 3752 2887">
     <span class='ocr_line' id='line_1_55' title="bbox 2172 2813 3752 2887; baseline 0.001 -19"><span class='ocrx_word' id='word_1_387' title='bbox 2172 2813 2289 2871; x_wconf 75' lang='lat' dir='ltr'><strong>Hoc</strong></span> <span class='ocrx_word' id='word_1_388' title='bbox 2321 2818 2459 2871; x_wconf 89' lang='lat' dir='ltr'><strong>enim</strong></span> <span class='ocrx_word' id='word_1_389' title='bbox 2491 2819 2631 2887; x_wconf 91' lang='lat' dir='ltr'><strong>apud</strong></span> <span class='ocrx_word' id='word_1_390' title='bbox 2679 2818 2846 2872; x_wconf 88' lang='lat' dir='ltr'><strong>Deum</strong></span> <span class='ocrx_word' id='word_1_391' title='bbox 2889 2819 2943 2870; x_wconf 92' lang='lat' dir='ltr'><strong>in</strong></span> <span class='ocrx_word' id='word_1_392' title='bbox 2985 2833 3126 2869; x_wconf 87' lang='lat' dir='ltr'><strong>more</strong></span> <span class='ocrx_word' id='word_1_393' title='bbox 3174 2825 3334 2885; x_wconf 91' lang='lat' dir='ltr'><strong>atque</strong></span> <span class='ocrx_word' id='word_1_394' title='bbox 3378 2834 3477 2869; x_wconf 92' lang='lat' dir='ltr'><strong>usu</strong></span> <span class='ocrx_word' id='word_1_395' title='bbox 3517 2818 3752 2882; x_wconf 87' lang='lat' dir='ltr'><strong>positum</strong></span> 
     </span>
    </p>
   </div>
   <div class='ocr_carea' id='block_1_56' title="bbox 2166 2908 3755 2979">
    <p class='ocr_par' dir='ltr' id='par_1_56' title="bbox 2166 2908 3755 2979">
     <span class='ocr_line' id='line_1_56' title="bbox 2166 2908 3755 2979; baseline -0.001 -18"><span class='ocrx_word' id='word_1_396' title='bbox 2166 2917 2263 2962; x_wconf 88' lang='lat' dir='ltr'><strong>est.</strong></span> <span class='ocrx_word' id='word_1_397' title='bbox 2294 2908 2465 2977; x_wconf 81' lang='lat' dir='ltr'><strong>Atque</strong></span> <span class='ocrx_word' id='word_1_398' title='bbox 2498 2911 2582 2961; x_wconf 82' lang='lat' dir='ltr'><strong>hic</strong></span> <span class='ocrx_word' id='word_1_399' title='bbox 2630 2910 2778 2973; x_wconf 85' lang='lat' dir='ltr'><strong>mihi,</strong></span> <span class='ocrx_word' id='word_1_400' title='bbox 2817 2926 3018 2979; x_wconf 65' lang='lat' dir='ltr'><strong>quaso.</strong></span> <span class='ocrx_word' id='word_1_401' title='bbox 3046 2908 3271 2963; x_wconf 85' lang='lat' dir='ltr'><strong>alterum</strong></span> <span class='ocrx_word' id='word_1_402' title='bbox 3311 2908 3659 2975; x_wconf 85' lang='lat' dir='ltr'><strong>persecutoris</strong></span> <span class='ocrx_word' id='word_1_403' title='bbox 3702 2918 3755 2960; x_wconf 88' lang='lat' dir='ltr'><strong>et</strong></span> 
     </span>
    </p>
   </div>
   <div class='ocr_carea' id='block_1_57' title="bbox 2165 2999 3754 3069">
    <p class='ocr_par' dir='ltr' id='par_1_57' title="bbox 2165 2999 3754 3069">
     <span class='ocr_line' id='line_1_57' title="bbox 2165 2999 3754 3069; baseline 0 -16"><span class='ocrx_word' id='word_1_404' title='bbox 2165 3000 2381 3055; x_wconf 80' lang='lat' dir='ltr'><strong>athlette</strong></span> <span class='ocrx_word' id='word_1_405' title='bbox 2403 3010 2674 3055; x_wconf 88' lang='lat' dir='ltr'><strong>certamen</strong></span> <span class='ocrx_word' id='word_1_406' title='bbox 2700 3011 2895 3069; x_wconf 89' lang='lat' dir='ltr'><strong>specta.</strong></span> <span class='ocrx_word' id='word_1_407' title='bbox 2932 3000 3167 3054; x_wconf 88' lang='lat' dir='ltr'><strong>Pallium</strong></span> <span class='ocrx_word' id='word_1_408' title='bbox 3196 2999 3406 3054; x_wconf 79' lang='lat' dir='ltr'><strong>detrahi</strong></span> <span class='ocrx_word' id='word_1_409' title='bbox 3442 3010 3491 3055; x_wconf 93' lang='lat' dir='ltr'><strong>et</strong></span> <span class='ocrx_word' id='word_1_410' title='bbox 3522 3000 3754 3053; x_wconf 88' lang='lat' dir='ltr'><strong>lacerari</strong></span> 
     </span>
    </p>
   </div>
   <div class='ocr_carea' id='block_1_58' title="bbox 484 3070 3756 3164">
    <p class='ocr_par' dir='ltr' id='par_1_58' title="bbox 484 3070 3756 3164">
     <span class='ocr_line' id='line_1_58' title="bbox 484 3070 3756 3164; baseline -0 -20"><span class='ocrx_word' id='word_1_411' title='bbox 484 3070 593 3140; x_wconf 66' lang='lat'><strong>575</strong></span> <span class='ocrx_word' id='word_1_412' title='bbox 632 3085 872 3144; x_wconf 83' lang='lat' dir='ltr'><strong>ineuntis</strong></span> <span class='ocrx_word' id='word_1_413' title='bbox 904 3089 1185 3144; x_wconf 79' lang='lat' dir='ltr'><strong>referenda</strong></span> <span class='ocrx_word' id='word_1_414' title='bbox 1221 3095 1526 3160; x_wconf 81' lang='lat' dir='ltr'><strong>persecutio</strong></span> <span class='ocrx_word' id='word_1_415' title='bbox 1547 3134 1561 3159; x_wconf 97' lang='lat'><strong>,</strong></span> <span class='ocrx_word' id='word_1_416' title='bbox 1588 3109 1747 3164; x_wconf 84' lang='lat' dir='ltr'><strong>quant</strong></span> <span class='ocrx_word' id='word_1_417' title='bbox 1794 3110 1825 3149; x_wconf 67' lang='grc' dir='ltr'><em>ε</em></span> <span class='ocrx_word' id='word_1_418' title='bbox 1862 3096 2064 3153; x_wconf 78' lang='lat' dir='ltr'><strong>vicario</strong></span> <span class='ocrx_word' id='word_1_419' title='bbox 2159 3091 2397 3162; x_wconf 89' lang='lat' dir='ltr'><strong>jubebat.</strong></span> <span class='ocrx_word' id='word_1_420' title='bbox 2448 3093 2519 3147; x_wconf 79' lang='lat' dir='ltr'><strong>At</strong></span> <span class='ocrx_word' id='word_1_421' title='bbox 2556 3093 2644 3148; x_wconf 89' lang='lat' dir='ltr'><strong>ille</strong></span> <span class='ocrx_word' id='word_1_422' title='bbox 2674 3094 2921 3147; x_wconf 82' lang='lat' dir='ltr'><strong>:Exuam</strong></span> <span class='ocrx_word' id='word_1_423' title='bbox 2948 3102 3225 3161; x_wconf 72' lang='lat' dir='ltr'><strong>praterea,</strong></span> <span class='ocrx_word' id='word_1_424' title='bbox 3250 3093 3296 3149; x_wconf 91' lang='lat' dir='ltr'><strong>si</strong></span> <span class='ocrx_word' id='word_1_425' title='bbox 3312 3094 3387 3147; x_wconf 89' lang='lat' dir='ltr'><strong>ita</strong></span> <span class='ocrx_word' id='word_1_426' title='bbox 3403 3094 3565 3154; x_wconf 88' lang='lat' dir='ltr'><strong>lubet,</strong></span> <span class='ocrx_word' id='word_1_427' title='bbox 3592 3092 3756 3145; x_wconf 88' lang='lat' dir='ltr'><strong>etiam</strong></span> 
     </span>
    </p>
   </div>
   <div class='ocr_carea' id='block_1_59' title="bbox 482 3175 3756 3270">
    <p class='ocr_par' dir='ltr' id='par_1_59' title="bbox 482 3175 3756 3270">
     <span class='ocr_line' id='line_1_59' title="bbox 482 3175 3756 3270; baseline 0.001 -41"><span class='ocrx_word' id='word_1_428' title='bbox 482 3175 644 3232; x_wconf 81' lang='lat' dir='ltr'><strong>Ponti</strong></span> <span class='ocrx_word' id='word_1_429' title='bbox 678 3179 971 3234; x_wconf 84' lang='lat' dir='ltr'><strong>excitatam</strong></span> <span class='ocrx_word' id='word_1_430' title='bbox 995 3179 1288 3253; x_wconf 78' lang='lat' dir='ltr'><strong>Gregorius</strong></span> <span class='ocrx_word' id='word_1_431' title='bbox 1325 3184 1706 3243; x_wconf 73' lang='lat' dir='ltr'><strong>Naziansenus</strong></span> <span class='ocrx_word' id='word_1_432' title='bbox 1734 3188 1805 3242; x_wconf 89' lang='lat' dir='ltr'><strong>ita</strong></span> <span class='ocrx_word' id='word_1_433' title='bbox 1837 3188 2064 3261; x_wconf 84' lang='lat' dir='ltr'><strong>diligen-</strong></span> <span class='ocrx_word' id='word_1_434' title='bbox 2093 3211 2136 3270; x_wconf 68' lang='grc' dir='ltr'>ο</span> <span class='ocrx_word' id='word_1_435' title='bbox 2172 3187 2425 3241; x_wconf 79' lang='lat' dir='ltr'><strong>tunicam.</strong></span> <span class='ocrx_word' id='word_1_436' title='bbox 2478 3185 2634 3255; x_wconf 85' lang='lat' dir='ltr'><strong>Eum,</strong></span> <span class='ocrx_word' id='word_1_437' title='bbox 2663 3188 2751 3251; x_wconf 87' lang='lat' dir='ltr'><strong>qui</strong></span> <span class='ocrx_word' id='word_1_438' title='bbox 2784 3187 2962 3240; x_wconf 86' lang='lat' dir='ltr'><strong>carnis</strong></span> <span class='ocrx_word' id='word_1_439' title='bbox 2986 3200 3172 3254; x_wconf 87' lang='lat' dir='ltr'><strong>expers</strong></span> <span class='ocrx_word' id='word_1_440' title='bbox 3198 3195 3331 3253; x_wconf 88' lang='lat' dir='ltr'><strong>erat,</strong></span> <span class='ocrx_word' id='word_1_441' title='bbox 3355 3185 3756 3238; x_wconf 86' lang='lat' dir='ltr'><strong>verberaturum</strong></span> 
     </span>
    </p>
   </div>
   <div class='ocr_carea' id='block_1_60' title="bbox 486 3274 2067 3347">
    <p class='ocr_par' dir='ltr' id='par_1_60' title="bbox 486 3274 2067 3347">
     <span class='ocr_line' id='line_1_60' title="bbox 486 3274 2067 3347; baseline 0.006 -24"><span class='ocrx_word' id='word_1_442' title='bbox 486 3278 575 3324; x_wconf 88' lang='lat' dir='ltr'><strong>ter</strong></span> <span class='ocrx_word' id='word_1_443' title='bbox 600 3277 657 3325; x_wconf 85' lang='lat' dir='ltr'><strong>et</strong></span> <span class='ocrx_word' id='word_1_444' title='bbox 680 3280 932 3328; x_wconf 82' lang='lat' dir='ltr'><strong>accurate</strong></span> <span class='ocrx_word' id='word_1_445' title='bbox 957 3282 1148 3329; x_wconf 85' lang='lat' dir='ltr'><strong>narrat</strong></span> <span class='ocrx_word' id='word_1_446' title='bbox 1169 3274 1268 3347; x_wconf 81' lang='grc' dir='ltr'><strong>(α),</strong></span> <span class='ocrx_word' id='word_1_447' title='bbox 1302 3285 1360 3331; x_wconf 91' lang='lat' dir='ltr'><strong>ut</strong></span> <span class='ocrx_word' id='word_1_448' title='bbox 1386 3286 1554 3331; x_wconf 90' lang='lat' dir='ltr'><strong>totum</strong></span> <span class='ocrx_word' id='word_1_449' title='bbox 1600 3279 1743 3332; x_wconf 90' lang='lat' dir='ltr'><strong>hunc</strong></span> <span class='ocrx_word' id='word_1_450' title='bbox 1770 3279 1946 3333; x_wconf 90' lang='lat' dir='ltr'><strong>locum</strong></span> <span class='ocrx_word' id='word_1_451' title='bbox 1979 3280 2067 3333; x_wconf 89' lang='lat' dir='ltr'><strong>hic</strong></span> 
     </span>
    </p>
   </div>
   <div class='ocr_carea' id='block_1_61' title="bbox 488 3367 2068 3440">
    <p class='ocr_par' dir='ltr' id='par_1_61' title="bbox 488 3367 2068 3440">
     <span class='ocr_line' id='line_1_61' title="bbox 488 3367 2068 3440; baseline 0.008 -27"><span class='ocrx_word' id='word_1_452' title='bbox 488 3376 765 3432; x_wconf 89' lang='lat' dir='ltr'><strong>apponere</strong></span> <span class='ocrx_word' id='word_1_453' title='bbox 798 3378 979 3434; x_wconf 70' lang='lat' dir='ltr'><strong>operai</strong></span> <span class='ocrx_word' id='word_1_454' title='bbox 1023 3367 1255 3435; x_wconf 90' lang='lat' dir='ltr'><strong>pretium</strong></span> <span class='ocrx_word' id='word_1_455' title='bbox 1292 3382 1417 3422; x_wconf 88' lang='lat' dir='ltr'><strong>esse</strong></span> <span class='ocrx_word' id='word_1_456' title='bbox 1452 3368 1667 3422; x_wconf 87' lang='lat' dir='ltr'><strong>ducam.</strong></span> <span class='ocrx_word' id='word_1_457' title='bbox 1706 3368 1764 3422; x_wconf 87' lang='lat' dir='ltr'><strong>Is</strong></span> <span class='ocrx_word' id='word_1_458' title='bbox 1795 3372 1884 3439; x_wconf 83' lang='lat' dir='ltr'><strong>qui</strong></span> <span class='ocrx_word' id='word_1_459' title='bbox 1916 3372 2068 3440; x_wconf 84' lang='lat' dir='ltr'><strong>nefa-</strong></span> 
     </span>
    </p>
   </div>
   <div class='ocr_carea' id='block_1_62' title="bbox 488 3453 2066 3528">
    <p class='ocr_par' dir='ltr' id='par_1_62' title="bbox 488 3453 2066 3528">
     <span class='ocr_line' id='line_1_62' title="bbox 488 3453 2066 3528; baseline 0.008 -23"><span class='ocrx_word' id='word_1_460' title='bbox 488 3453 630 3506; x_wconf 87' lang='lat' dir='ltr'><strong>rium</strong></span> <span class='ocrx_word' id='word_1_461' title='bbox 656 3453 810 3507; x_wconf 84' lang='lat' dir='ltr'><strong>illum</strong></span> <span class='ocrx_word' id='word_1_462' title='bbox 840 3453 1020 3520; x_wconf 83' lang='lat' dir='ltr'><strong>Adad,</strong></span> <span class='ocrx_word' id='word_1_463' title='bbox 1055 3457 1230 3526; x_wconf 84' lang='lat' dir='ltr'><strong>inquit</strong></span> <span class='ocrx_word' id='word_1_464' title='bbox 1261 3456 1579 3528; x_wconf 86' lang='lat' dir='ltr'><strong>Gregorius,</strong></span> <span class='ocrx_word' id='word_1_465' title='bbox 1604 3461 1855 3515; x_wconf 74' lang='lat' dir='ltr'><strong>adversus</strong></span> <span class='ocrx_word' id='word_1_466' title='bbox 1886 3461 2066 3517; x_wconf 92' lang='lat' dir='ltr'><strong>Israe-</strong></span> 
     </span>
    </p>
   </div>
   <div class='ocr_carea' id='block_1_63' title="bbox 488 3541 2070 3622">
    <p class='ocr_par' dir='ltr' id='par_1_63' title="bbox 488 3541 2070 3622">
     <span class='ocr_line' id='line_1_63' title="bbox 488 3541 2070 3622; baseline 0.009 -29"><span class='ocrx_word' id='word_1_467' title='bbox 488 3541 589 3595; x_wconf 89' lang='lat' dir='ltr'><strong>lem</strong></span> <span class='ocrx_word' id='word_1_468' title='bbox 620 3543 746 3595; x_wconf 85' lang='lat' dir='ltr'><strong>olim</strong></span> <span class='ocrx_word' id='word_1_469' title='bbox 772 3544 1041 3610; x_wconf 80' lang='lat' dir='ltr'><strong>excitavit,</strong></span> <span class='ocrx_word' id='word_1_470' title='bbox 1066 3546 1206 3600; x_wconf 91' lang='lat' dir='ltr'><strong>idem</strong></span> <span class='ocrx_word' id='word_1_471' title='bbox 1237 3556 1422 3601; x_wconf 89' lang='lat' dir='ltr'><strong>contra</strong></span> <span class='ocrx_word' id='word_1_472' title='bbox 1444 3545 1582 3603; x_wconf 78' lang='lat' dir='ltr'><strong>hunc</strong></span> <span class='ocrx_word' id='word_1_473' title='bbox 1601 3566 1805 3622; x_wconf 89' lang='lat' dir='ltr'><strong>quoque</strong></span> <span class='ocrx_word' id='word_1_474' title='bbox 1835 3550 2070 3609; x_wconf 68' lang='lat' dir='ltr'><strong>Ponticis</strong></span> 
     </span>
    </p>
   </div>
   <div class='ocr_carea' id='block_1_64' title="bbox 486 3636 2066 3713">
    <p class='ocr_par' dir='ltr' id='par_1_64' title="bbox 486 3636 2066 3713">
     <span class='ocr_line' id='line_1_64' title="bbox 486 3636 2066 3713; baseline 0.006 -25"><span class='ocrx_word' id='word_1_475' title='bbox 486 3636 773 3701; x_wconf 72' lang='lat' dir='ltr'><strong>provinciae</strong></span> <span class='ocrx_word' id='word_1_476' title='bbox 798 3637 1105 3707; x_wconf 72' lang='lat' dir='ltr'><strong>prafectum</strong></span> <span class='ocrx_word' id='word_1_477' title='bbox 1127 3641 1411 3707; x_wconf 89' lang='lat' dir='ltr'><strong>excitavit;</strong></span> <span class='ocrx_word' id='word_1_478' title='bbox 1435 3642 1533 3695; x_wconf 87' lang='lat' dir='ltr'><strong>hoc</strong></span> <span class='ocrx_word' id='word_1_479' title='bbox 1554 3647 1764 3713; x_wconf 85' lang='lat' dir='ltr'><strong>quidem</strong></span> <span class='ocrx_word' id='word_1_480' title='bbox 1785 3654 2066 3711; x_wconf 69' lang='lat' dir='ltr'><strong>praetextu,</strong></span> 
     </span>
    </p>
   </div>
   <div class='ocr_carea' id='block_1_65' title="bbox 489 3726 2068 3797">
    <p class='ocr_par' dir='ltr' id='par_1_65' title="bbox 489 3726 2068 3797">
     <span class='ocr_line' id='line_1_65' title="bbox 489 3726 2068 3797; baseline 0.006 -20"><span class='ocrx_word' id='word_1_481' title='bbox 489 3726 642 3794; x_wconf 86' lang='lat' dir='ltr'><strong>quasi</strong></span> <span class='ocrx_word' id='word_1_482' title='bbox 664 3727 991 3781; x_wconf 69' lang='lat' dir='ltr'><strong>muliercula</strong></span> <span class='ocrx_word' id='word_1_483' title='bbox 1011 3730 1289 3797; x_wconf 81' lang='lat' dir='ltr'><strong>cujusdam</strong></span> <span class='ocrx_word' id='word_1_484' title='bbox 1318 3746 1483 3789; x_wconf 86' lang='lat' dir='ltr'><strong>causa</strong></span> <span class='ocrx_word' id='word_1_485' title='bbox 1510 3730 1948 3796; x_wconf 75' lang='lat' dir='ltr'><strong>stomacharetur,</strong></span> <span class='ocrx_word' id='word_1_486' title='bbox 1978 3735 2068 3786; x_wconf 86' lang='lat' dir='ltr'><strong>sed</strong></span> 
     </span>
    </p>
   </div>
   <div class='ocr_carea' id='block_1_66' title="bbox 464 3818 2067 3895">
    <p class='ocr_par' dir='ltr' id='par_1_66' title="bbox 464 3818 2067 3895">
     <span class='ocr_line' id='line_1_66' title="bbox 464 3818 2067 3895; baseline 0.007 -27"><span class='ocrx_word' id='word_1_487' title='bbox 464 3833 667 3871; x_wconf 76' lang='lat' dir='ltr'><strong>revera</strong></span> <span class='ocrx_word' id='word_1_488' title='bbox 726 3818 1012 3888; x_wconf 86' lang='lat' dir='ltr'><strong>impietatis</strong></span> <span class='ocrx_word' id='word_1_489' title='bbox 1043 3819 1399 3889; x_wconf 75' lang='lat' dir='ltr'><strong>defensionem</strong></span> <span class='ocrx_word' id='word_1_490' title='bbox 1431 3824 1748 3889; x_wconf 88' lang='lat' dir='ltr'><strong>suscipiens,</strong></span> <span class='ocrx_word' id='word_1_491' title='bbox 1783 3841 1844 3877; x_wconf 89' lang='lat' dir='ltr'><strong>ac</strong></span> <span class='ocrx_word' id='word_1_492' title='bbox 1892 3828 2067 3895; x_wconf 86' lang='lat' dir='ltr'><strong>pieta-</strong></span> 
     </span>
    </p>
   </div>
   <div class='ocr_carea' id='block_1_67' title="bbox 490 3911 2072 3992">
    <p class='ocr_par' dir='ltr' id='par_1_67' title="bbox 490 3911 2072 3992">
     <span class='ocr_line' id='line_1_67' title="bbox 490 3911 2072 3992; baseline 0.007 -29"><span class='ocrx_word' id='word_1_493' title='bbox 490 3924 591 3964; x_wconf 85' lang='lat' dir='ltr'><strong>tem</strong></span> <span class='ocrx_word' id='word_1_494' title='bbox 615 3926 950 3981; x_wconf 76' lang='lat' dir='ltr'><strong>oppugnatis.</strong></span> <span class='ocrx_word' id='word_1_495' title='bbox 986 3911 1143 3967; x_wconf 71' lang='lat' dir='ltr'><strong>Mitto</strong></span> <span class='ocrx_word' id='word_1_496' title='bbox 1174 3914 1312 3969; x_wconf 90' lang='lat' dir='ltr'><strong>alias</strong></span> <span class='ocrx_word' id='word_1_497' title='bbox 1343 3930 1520 3976; x_wconf 86' lang='lat' dir='ltr'><strong>omnes</strong></span> <span class='ocrx_word' id='word_1_498' title='bbox 1554 3918 1922 3987; x_wconf 87' lang='lat' dir='ltr'><strong>contumelias,</strong></span> <span class='ocrx_word' id='word_1_499' title='bbox 1954 3922 2072 3992; x_wconf 77' lang='lat' dir='ltr'><strong>qui-</strong></span> 
     </span>
    </p>
   </div>
   <div class='ocr_carea' id='block_1_68' title="bbox 489 3999 2071 4076">
    <p class='ocr_par' dir='ltr' id='par_1_68' title="bbox 489 3999 2071 4076">
     <span class='ocr_line' id='line_1_68' title="bbox 489 3999 2071 4076; baseline 0.008 -22"><span class='ocrx_word' id='word_1_500' title='bbox 489 4001 585 4054; x_wconf 88' lang='lat' dir='ltr'><strong>bus</strong></span> <span class='ocrx_word' id='word_1_501' title='bbox 612 3999 878 4057; x_wconf 85' lang='lat' dir='ltr'><strong>Basilium</strong></span> <span class='ocrx_word' id='word_1_502' title='bbox 913 4006 1138 4070; x_wconf 85' lang='lat' dir='ltr'><strong>vexavit,</strong></span> <span class='ocrx_word' id='word_1_503' title='bbox 1174 4009 1311 4075; x_wconf 88' lang='lat' dir='ltr'><strong>quod</strong></span> <span class='ocrx_word' id='word_1_504' title='bbox 1344 4007 1562 4076; x_wconf 89' lang='lat' dir='ltr'><strong>perinde</strong></span> <span class='ocrx_word' id='word_1_505' title='bbox 1602 4017 1699 4075; x_wconf 89' lang='lat' dir='ltr'><strong>est,</strong></span> <span class='ocrx_word' id='word_1_506' title='bbox 1732 4027 1794 4064; x_wconf 91' lang='lat' dir='ltr'><strong>ac</strong></span> <span class='ocrx_word' id='word_1_507' title='bbox 1828 4014 1873 4065; x_wconf 89' lang='lat' dir='ltr'><strong>si</strong></span> <span class='ocrx_word' id='word_1_508' title='bbox 1906 4011 2071 4065; x_wconf 84' lang='lat' dir='ltr'><strong>Deum</strong></span> 
     </span>
    </p>
   </div>
   <div class='ocr_carea' id='block_1_69' title="bbox 490 4093 2073 4172">
    <p class='ocr_par' dir='ltr' id='par_1_69' title="bbox 490 4093 2073 4172">
     <span class='ocr_line' id='line_1_69' title="bbox 490 4093 2073 4172; baseline 0.007 -26"><span class='ocrx_word' id='word_1_509' title='bbox 490 4093 743 4164; x_wconf 86' lang='lat' dir='ltr'><strong>dicerem,</strong></span> <span class='ocrx_word' id='word_1_510' title='bbox 771 4097 1023 4150; x_wconf 85' lang='lat' dir='ltr'><strong>adversus</strong></span> <span class='ocrx_word' id='word_1_511' title='bbox 1064 4113 1240 4167; x_wconf 89' lang='lat' dir='ltr'><strong>quem,</strong></span> <span class='ocrx_word' id='word_1_512' title='bbox 1284 4108 1332 4151; x_wconf 91' lang='lat' dir='ltr'><strong>et</strong></span> <span class='ocrx_word' id='word_1_513' title='bbox 1374 4098 1527 4167; x_wconf 88' lang='lat' dir='ltr'><strong>cujus</strong></span> <span class='ocrx_word' id='word_1_514' title='bbox 1560 4116 1724 4154; x_wconf 87' lang='lat' dir='ltr'><strong>causa</strong></span> <span class='ocrx_word' id='word_1_515' title='bbox 1766 4100 1955 4155; x_wconf 88' lang='lat' dir='ltr'><strong>bellum</strong></span> <span class='ocrx_word' id='word_1_516' title='bbox 1984 4120 2073 4172; x_wconf 89' lang='lat' dir='ltr'><strong>ge-</strong></span> 
     </span>
    </p>
   </div>
   <div class='ocr_carea' id='block_1_70' title="bbox 492 4186 2071 4260">
    <p class='ocr_par' dir='ltr' id='par_1_70' title="bbox 492 4186 2071 4260">
     <span class='ocr_line' id='line_1_70' title="bbox 492 4186 2071 4260; baseline 0.008 -24"><span class='ocrx_word' id='word_1_517' title='bbox 492 4188 729 4242; x_wconf 69' lang='lat' dir='ltr'><strong>rebatur.</strong></span> <span class='ocrx_word' id='word_1_518' title='bbox 769 4186 925 4252; x_wconf 85' lang='lat' dir='ltr'><strong>Quod</strong></span> <span class='ocrx_word' id='word_1_519' title='bbox 955 4203 1096 4249; x_wconf 91' lang='lat' dir='ltr'><strong>vero,</strong></span> <span class='ocrx_word' id='word_1_520' title='bbox 1132 4196 1185 4241; x_wconf 89' lang='lat' dir='ltr'><strong>et</strong></span> <span class='ocrx_word' id='word_1_521' title='bbox 1215 4187 1360 4254; x_wconf 62' lang='lat' dir='ltr'><strong>eum,&quot;</strong></span> <span class='ocrx_word' id='word_1_522' title='bbox 1397 4190 1490 4258; x_wconf 90' lang='lat' dir='ltr'><strong>qui</strong></span> <span class='ocrx_word' id='word_1_523' title='bbox 1527 4191 1899 4245; x_wconf 87' lang='lat' dir='ltr'><strong>contumeliam</strong></span> <span class='ocrx_word' id='word_1_524' title='bbox 1934 4195 2071 4260; x_wconf 85' lang='lat' dir='ltr'><strong>infe-</strong></span> 
     </span>
    </p>
   </div>
   <div class='ocr_carea' id='block_1_71' title="bbox 488 4277 2069 4349">
    <p class='ocr_par' dir='ltr' id='par_1_71' title="bbox 488 4277 2069 4349">
     <span class='ocr_line' id='line_1_71' title="bbox 488 4277 2069 4349; baseline 0.004 -19"><span class='ocrx_word' id='word_1_525' title='bbox 488 4278 663 4341; x_wconf 89' lang='lat' dir='ltr'><strong>rebat,</strong></span> <span class='ocrx_word' id='word_1_526' title='bbox 690 4278 929 4331; x_wconf 81' lang='lat' dir='ltr'><strong>maxima</strong></span> <span class='ocrx_word' id='word_1_527' title='bbox 956 4278 1248 4347; x_wconf 87' lang='lat' dir='ltr'><strong>ignominia</strong></span> <span class='ocrx_word' id='word_1_528' title='bbox 1275 4277 1473 4347; x_wconf 70' lang='lat' dir='ltr'><strong>affecit,</strong></span> <span class='ocrx_word' id='word_1_529' title='bbox 1497 4290 1547 4333; x_wconf 92' lang='lat' dir='ltr'><strong>et</strong></span> <span class='ocrx_word' id='word_1_530' title='bbox 1574 4280 1804 4349; x_wconf 84' lang='lat' dir='ltr'><strong>pugilem</strong></span> <span class='ocrx_word' id='word_1_531' title='bbox 1834 4293 2069 4337; x_wconf 88' lang='lat' dir='ltr'><strong>nostrunt</strong></span> 
     </span>
    </p>
   </div>
   <div class='ocr_carea' id='block_1_72' title="bbox 489 4368 2072 4443">
    <p class='ocr_par' dir='ltr' id='par_1_72' title="bbox 489 4368 2072 4443">
     <span class='ocr_line' id='line_1_72' title="bbox 489 4368 2072 4443; baseline 0.003 -19"><span class='ocrx_word' id='word_1_532' title='bbox 489 4386 817 4439; x_wconf 81' lang='lat' dir='ltr'><strong>summopere</strong></span> <span class='ocrx_word' id='word_1_533' title='bbox 868 4370 1053 4424; x_wconf 84' lang='lat' dir='ltr'><strong>extulit</strong></span> <span class='ocrx_word' id='word_1_534' title='bbox 1100 4368 1180 4441; x_wconf 89' lang='lat' dir='ltr'><strong>(si</strong></span> <span class='ocrx_word' id='word_1_535' title='bbox 1231 4371 1388 4423; x_wconf 92' lang='lat' dir='ltr'><strong>modo</strong></span> <span class='ocrx_word' id='word_1_536' title='bbox 1430 4387 1679 4443; x_wconf 87' lang='lat' dir='ltr'><strong>magnum</strong></span> <span class='ocrx_word' id='word_1_537' title='bbox 1726 4375 1977 4443; x_wconf 86' lang='lat' dir='ltr'><strong>quiddam</strong></span> <span class='ocrx_word' id='word_1_538' title='bbox 2019 4383 2072 4429; x_wconf 90' lang='lat' dir='ltr'><strong>et</strong></span> 
     </span>
    </p>
   </div>
   <div class='ocr_carea' id='block_1_73' title="bbox 488 4462 2068 4535">
    <p class='ocr_par' dir='ltr' id='par_1_73' title="bbox 488 4462 2068 4535">
     <span class='ocr_line' id='line_1_73' title="bbox 488 4462 2068 4535; baseline 0.002 -18"><span class='ocrx_word' id='word_1_539' title='bbox 488 4466 754 4519; x_wconf 86' lang='lat' dir='ltr'><strong>excelsum</strong></span> <span class='ocrx_word' id='word_1_540' title='bbox 809 4463 1218 4518; x_wconf 84' lang='lat' dir='ltr'><strong>existimandum</strong></span> <span class='ocrx_word' id='word_1_541' title='bbox 1257 4471 1334 4516; x_wconf 90' lang='lat' dir='ltr'><strong>est</strong></span> <span class='ocrx_word' id='word_1_542' title='bbox 1386 4462 1757 4531; x_wconf 84' lang='lat' dir='ltr'><strong>philosophia,</strong></span> <span class='ocrx_word' id='word_1_543' title='bbox 1811 4476 1859 4518; x_wconf 89' lang='lat' dir='ltr'><strong>et</strong></span> <span class='ocrx_word' id='word_1_544' title='bbox 1908 4465 2068 4535; x_wconf 80' lang='lat' dir='ltr'><strong>hujus</strong></span> 
     </span>
    </p>
   </div>
   <div class='ocr_carea' id='block_1_74' title="bbox 2169 3273 3763 3345">
    <p class='ocr_par' dir='ltr' id='par_1_74' title="bbox 2169 3273 3763 3345">
     <span class='ocr_line' id='line_1_74' title="bbox 2169 3273 3763 3345; baseline -0.003 -16"><span class='ocrx_word' id='word_1_545' title='bbox 2169 3292 2224 3329; x_wconf 91' lang='lat' dir='ltr'><strong>se</strong></span> <span class='ocrx_word' id='word_1_546' title='bbox 2261 3276 2582 3343; x_wconf 90' lang='lat' dir='ltr'><strong>minabatur,</strong></span> <span class='ocrx_word' id='word_1_547' title='bbox 2621 3292 2807 3344; x_wconf 91' lang='lat' dir='ltr'><strong>corpus</strong></span> <span class='ocrx_word' id='word_1_548' title='bbox 2848 3276 3180 3330; x_wconf 88' lang='lat' dir='ltr'><strong>submittebat</strong></span> <span class='ocrx_word' id='word_1_549' title='bbox 3232 3277 3440 3345; x_wconf 87' lang='lat' dir='ltr'><strong>ungulis</strong></span> <span class='ocrx_word' id='word_1_550' title='bbox 3489 3273 3763 3325; x_wconf 75' lang='lat' dir='ltr'><strong>laceratu-</strong></span> 
     </span>
    </p>
   </div>
   <div class='ocr_carea' id='block_1_75' title="bbox 2170 3365 3763 3438">
    <p class='ocr_par' dir='ltr' id='par_1_75' title="bbox 2170 3365 3763 3438">
     <span class='ocr_line' id='line_1_75' title="bbox 2170 3365 3763 3438; baseline -0.002 -19"><span class='ocrx_word' id='word_1_551' title='bbox 2170 3384 2307 3423; x_wconf 85' lang='lat' dir='ltr'><strong>rum.</strong></span> <span class='ocrx_word' id='word_1_552' title='bbox 2332 3368 2397 3421; x_wconf 78' lang='lat' dir='ltr'><strong>At</strong></span> <span class='ocrx_word' id='word_1_553' title='bbox 2415 3368 2504 3421; x_wconf 86' lang='lat' dir='ltr'><strong>ille</strong></span> <span class='ocrx_word' id='word_1_554' title='bbox 2520 3384 2541 3423; x_wconf 91' lang='lat'><strong><em>:</em></strong></span> <span class='ocrx_word' id='word_1_555' title='bbox 2563 3367 2611 3421; x_wconf 86' lang='lat' dir='ltr'><strong>II</strong></span> <span class='ocrx_word' id='word_1_556' title='bbox 2620 3368 2903 3438; x_wconf 77' lang='lat' dir='ltr'><strong>ujusmpdi,</strong></span> <span class='ocrx_word' id='word_1_557' title='bbox 2920 3370 3111 3438; x_wconf 86' lang='lat' dir='ltr'><strong>inquit,</strong></span> <span class='ocrx_word' id='word_1_558' title='bbox 3132 3367 3421 3421; x_wconf 89' lang='lat' dir='ltr'><strong>laniatione</strong></span> <span class='ocrx_word' id='word_1_559' title='bbox 3436 3365 3763 3418; x_wconf 76' lang='lat' dir='ltr'><strong>medicinam</strong></span> 
     </span>
    </p>
   </div>
   <div class='ocr_carea' id='block_1_76' title="bbox 2171 3455 3751 3527">
    <p class='ocr_par' dir='ltr' id='par_1_76' title="bbox 2171 3455 3751 3527">
     <span class='ocr_line' id='line_1_76' title="bbox 2171 3455 3751 3527; baseline 0 -18"><span class='ocrx_word' id='word_1_560' title='bbox 2171 3458 2352 3525; x_wconf 83' lang='lat' dir='ltr'><strong>hepati</strong></span> <span class='ocrx_word' id='word_1_561' title='bbox 2391 3459 2607 3527; x_wconf 85' lang='lat' dir='ltr'><strong>a/feres,</strong></span> <span class='ocrx_word' id='word_1_562' title='bbox 2653 3475 2988 3525; x_wconf 86' lang='lat' dir='ltr'><strong>magnopere,</strong></span> <span class='ocrx_word' id='word_1_563' title='bbox 3039 3469 3093 3511; x_wconf 90' lang='lat' dir='ltr'><strong>ut</strong></span> <span class='ocrx_word' id='word_1_564' title='bbox 3138 3459 3302 3521; x_wconf 88' lang='lat' dir='ltr'><strong>vides,</strong></span> <span class='ocrx_word' id='word_1_565' title='bbox 3345 3472 3425 3510; x_wconf 90' lang='lat' dir='ltr'><strong>me</strong></span> <span class='ocrx_word' id='word_1_566' title='bbox 3472 3455 3751 3522; x_wconf 88' lang='lat' dir='ltr'><strong>prementi.</strong></span> 
     </span>
    </p>
   </div>
   <div class='ocr_carea' id='block_1_77' title="bbox 2174 3548 3757 3618">
    <p class='ocr_par' dir='ltr' id='par_1_77' title="bbox 2174 3548 3757 3618">
     <span class='ocr_line' id='line_1_77' title="bbox 2174 3548 3757 3618; baseline 0 -17"><span class='ocrx_word' id='word_1_567' title='bbox 2174 3550 2344 3618; x_wconf 83' lang='lat' dir='ltr'><strong>Atque</strong></span> <span class='ocrx_word' id='word_1_568' title='bbox 2374 3549 2428 3601; x_wconf 89' lang='lat' dir='ltr'><strong>hi</strong></span> <span class='ocrx_word' id='word_1_569' title='bbox 2451 3550 2659 3617; x_wconf 87' lang='lat' dir='ltr'><strong>quidem</strong></span> <span class='ocrx_word' id='word_1_570' title='bbox 2698 3551 2755 3602; x_wconf 92' lang='lat' dir='ltr'><strong>in</strong></span> <span class='ocrx_word' id='word_1_571' title='bbox 2793 3551 2874 3604; x_wconf 89' lang='lat' dir='ltr'><strong>his</strong></span> <span class='ocrx_word' id='word_1_572' title='bbox 2907 3560 3079 3604; x_wconf 88' lang='lat' dir='ltr'><strong>erant.</strong></span> <span class='ocrx_word' id='word_1_573' title='bbox 3112 3549 3309 3604; x_wconf 86' lang='lat' dir='ltr'><strong>Civitas</strong></span> <span class='ocrx_word' id='word_1_574' title='bbox 3348 3559 3555 3612; x_wconf 84' lang='lat' dir='ltr'><strong>autem,</strong></span> <span class='ocrx_word' id='word_1_575' title='bbox 3593 3548 3757 3603; x_wconf 86' lang='lat' dir='ltr'><strong>simul</strong></span> 
     </span>
    </p>
   </div>
   <div class='ocr_carea' id='block_1_78' title="bbox 2170 3639 3759 3711">
    <p class='ocr_par' dir='ltr' id='par_1_78' title="bbox 2170 3639 3759 3711">
     <span class='ocr_line' id='line_1_78' title="bbox 2170 3639 3759 3711; baseline 0.003 -19"><span class='ocrx_word' id='word_1_576' title='bbox 2170 3651 2324 3710; x_wconf 90' lang='lat' dir='ltr'><strong>atque</strong></span> <span class='ocrx_word' id='word_1_577' title='bbox 2348 3639 2655 3711; x_wconf 87' lang='lat' dir='ltr'><strong>hujusmodi</strong></span> <span class='ocrx_word' id='word_1_578' title='bbox 2689 3640 2888 3695; x_wconf 87' lang='lat' dir='ltr'><strong>malum</strong></span> <span class='ocrx_word' id='word_1_579' title='bbox 2917 3658 2979 3695; x_wconf 90' lang='lat' dir='ltr'><strong>ac</strong></span> <span class='ocrx_word' id='word_1_580' title='bbox 3007 3658 3282 3695; x_wconf 89' lang='lat' dir='ltr'><strong>commune</strong></span> <span class='ocrx_word' id='word_1_581' title='bbox 3332 3642 3628 3711; x_wconf 87' lang='lat' dir='ltr'><strong>periculum</strong></span> <span class='ocrx_word' id='word_1_582' title='bbox 3667 3658 3759 3696; x_wconf 89' lang='lat' dir='ltr'><strong>re-</strong></span> 
     </span>
    </p>
   </div>
   <div class='ocr_carea' id='block_1_79' title="bbox 2170 3732 3757 3803">
    <p class='ocr_par' dir='ltr' id='par_1_79' title="bbox 2170 3732 3757 3803">
     <span class='ocr_line' id='line_1_79' title="bbox 2170 3732 3757 3803; baseline 0.002 -18"><span class='ocrx_word' id='word_1_583' title='bbox 2170 3733 2322 3786; x_wconf 80' lang='lat' dir='ltr'><strong>scivit</strong></span> <span class='ocrx_word' id='word_1_584' title='bbox 2356 3733 2670 3803; x_wconf 85' lang='lat' dir='ltr'><strong>(periculum</strong></span> <span class='ocrx_word' id='word_1_585' title='bbox 2698 3732 2838 3787; x_wconf 89' lang='lat' dir='ltr'><strong>enim</strong></span> <span class='ocrx_word' id='word_1_586' title='bbox 2872 3748 3023 3786; x_wconf 87' lang='lat' dir='ltr'><strong>suum</strong></span> <span class='ocrx_word' id='word_1_587' title='bbox 3049 3734 3268 3803; x_wconf 85' lang='lat' dir='ltr'><strong>quisque</strong></span> <span class='ocrx_word' id='word_1_588' title='bbox 3294 3734 3459 3803; x_wconf 87' lang='lat' dir='ltr'><strong>ipsius</strong></span> <span class='ocrx_word' id='word_1_589' title='bbox 3484 3744 3757 3788; x_wconf 82' lang='lat' dir='ltr'><strong>contume-</strong></span> 
     </span>
    </p>
   </div>
   <div class='ocr_carea' id='block_1_80' title="bbox 2170 3825 3758 3897">
    <p class='ocr_par' dir='ltr' id='par_1_80' title="bbox 2170 3825 3758 3897">
     <span class='ocr_line' id='line_1_80' title="bbox 2170 3825 3758 3897; baseline 0.002 -19"><span class='ocrx_word' id='word_1_590' title='bbox 2170 3827 2297 3881; x_wconf 88' lang='lat' dir='ltr'><strong>liam</strong></span> <span class='ocrx_word' id='word_1_591' title='bbox 2336 3844 2447 3882; x_wconf 89' lang='lat' dir='ltr'><strong>esse</strong></span> <span class='ocrx_word' id='word_1_592' title='bbox 2490 3827 2874 3897; x_wconf 72' lang='lat' dir='ltr'><strong>existimabat),</strong></span> <span class='ocrx_word' id='word_1_593' title='bbox 2905 3835 3015 3881; x_wconf 93' lang='lat' dir='ltr'><strong>tota</strong></span> <span class='ocrx_word' id='word_1_594' title='bbox 3055 3825 3233 3896; x_wconf 87' lang='lat' dir='ltr'><strong>furore</strong></span> <span class='ocrx_word' id='word_1_595' title='bbox 3263 3825 3567 3896; x_wconf 77' lang='lat' dir='ltr'><strong>corripitur,</strong></span> <span class='ocrx_word' id='word_1_596' title='bbox 3598 3835 3758 3894; x_wconf 82' lang='lat' dir='ltr'><strong>atque</strong></span> 
     </span>
    </p>
   </div>
   <div class='ocr_carea' id='block_1_81' title="bbox 2171 3914 3749 3985">
    <p class='ocr_par' dir='ltr' id='par_1_81' title="bbox 2171 3914 3749 3985">
     <span class='ocr_line' id='line_1_81' title="bbox 2171 3914 3749 3985; baseline 0.003 -20"><span class='ocrx_word' id='word_1_597' title='bbox 2171 3914 2497 3979; x_wconf 86' lang='lat' dir='ltr'><strong>incenditur,</strong></span> <span class='ocrx_word' id='word_1_598' title='bbox 2549 3932 2636 3981; x_wconf 91' lang='lat' dir='ltr'><strong>ac,</strong></span> <span class='ocrx_word' id='word_1_599' title='bbox 2671 3915 2809 3970; x_wconf 88' lang='lat' dir='ltr'><strong>velut</strong></span> <span class='ocrx_word' id='word_1_600' title='bbox 2846 3916 2993 3985; x_wconf 88' lang='lat' dir='ltr'><strong>fumo</strong></span> <span class='ocrx_word' id='word_1_601' title='bbox 3025 3931 3185 3984; x_wconf 87' lang='lat' dir='ltr'><strong>apum</strong></span> <span class='ocrx_word' id='word_1_602' title='bbox 3234 3932 3453 3970; x_wconf 84' lang='lat' dir='ltr'><strong>examen</strong></span> <span class='ocrx_word' id='word_1_603' title='bbox 3496 3925 3749 3980; x_wconf 89' lang='lat' dir='ltr'><strong>movente,</strong></span> 
     </span>
    </p>
   </div>
   <div class='ocr_carea' id='block_1_82' title="bbox 2178 4004 3755 4075">
    <p class='ocr_par' dir='ltr' id='par_1_82' title="bbox 2178 4004 3755 4075">
     <span class='ocr_line' id='line_1_82' title="bbox 2178 4004 3755 4075; baseline 0.002 -19"><span class='ocrx_word' id='word_1_604' title='bbox 2178 4004 2420 4057; x_wconf 90' lang='lat' dir='ltr'><strong>certatim</strong></span> <span class='ocrx_word' id='word_1_605' title='bbox 2457 4021 2634 4059; x_wconf 89' lang='lat' dir='ltr'><strong>omnes</strong></span> <span class='ocrx_word' id='word_1_606' title='bbox 2668 4005 2944 4075; x_wconf 84' lang='lat' dir='ltr'><strong>cujuslibet</strong></span> <span class='ocrx_word' id='word_1_607' title='bbox 2974 4007 3175 4075; x_wconf 86' lang='lat' dir='ltr'><strong>generis</strong></span> <span class='ocrx_word' id='word_1_608' title='bbox 3216 4014 3369 4075; x_wconf 90' lang='lat' dir='ltr'><strong>atque</strong></span> <span class='ocrx_word' id='word_1_609' title='bbox 3400 4007 3571 4061; x_wconf 73' lang='lat' dir='ltr'><strong>etatis</strong></span> <span class='ocrx_word' id='word_1_610' title='bbox 3610 4006 3755 4059; x_wconf 78' lang='lat' dir='ltr'><strong>exci-</strong></span> 
     </span>
    </p>
   </div>
   <div class='ocr_carea' id='block_1_83' title="bbox 2175 4098 3749 4165">
    <p class='ocr_par' dir='ltr' id='par_1_83' title="bbox 2175 4098 3749 4165">
     <span class='ocr_line' id='line_1_83' title="bbox 2175 4098 3749 4165; baseline 0.001 -18"><span class='ocrx_word' id='word_1_611' title='bbox 2175 4104 2359 4148; x_wconf 90' lang='lat' dir='ltr'><strong>tantur</strong></span> <span class='ocrx_word' id='word_1_612' title='bbox 2386 4104 2433 4148; x_wconf 91' lang='lat' dir='ltr'><strong>et</strong></span> <span class='ocrx_word' id='word_1_613' title='bbox 2472 4103 2785 4165; x_wconf 88' lang='lat' dir='ltr'><strong>exsurgunt,</strong></span> <span class='ocrx_word' id='word_1_614' title='bbox 2812 4112 2876 4149; x_wconf 91' lang='lat' dir='ltr'><strong>ac</strong></span> <span class='ocrx_word' id='word_1_615' title='bbox 2894 4099 3185 4165; x_wconf 81' lang='lat' dir='ltr'><strong>prtesertim</strong></span> <span class='ocrx_word' id='word_1_616' title='bbox 3217 4114 3487 4151; x_wconf 88' lang='lat' dir='ltr'><strong>armorum</strong></span> <span class='ocrx_word' id='word_1_617' title='bbox 3514 4098 3749 4165; x_wconf 77' lang='lat' dir='ltr'><strong>opiﬁces.</strong></span> 
     </span>
    </p>
   </div>
   <div class='ocr_carea' id='block_1_84' title="bbox 2173 4185 3753 4255">
    <p class='ocr_par' dir='ltr' id='par_1_84' title="bbox 2173 4185 3753 4255">
     <span class='ocr_line' id='line_1_84' title="bbox 2173 4185 3753 4255; baseline 0.003 -20"><span class='ocrx_word' id='word_1_618' title='bbox 2173 4185 2598 4253; x_wconf 87' lang='lat' dir='ltr'><strong>imperatoriique</strong></span> <span class='ocrx_word' id='word_1_619' title='bbox 2629 4194 2877 4239; x_wconf 88' lang='lat' dir='ltr'><strong>textores.</strong></span> <span class='ocrx_word' id='word_1_620' title='bbox 2919 4188 3056 4239; x_wconf 85' lang='lat' dir='ltr'><strong>Nam</strong></span> <span class='ocrx_word' id='word_1_621' title='bbox 3092 4187 3147 4239; x_wconf 87' lang='lat' dir='ltr'><strong>hi</strong></span> <span class='ocrx_word' id='word_1_622' title='bbox 3191 4188 3246 4240; x_wconf 92' lang='lat' dir='ltr'><strong>in</strong></span> <span class='ocrx_word' id='word_1_623' title='bbox 3293 4186 3554 4255; x_wconf 85' lang='lat' dir='ltr'><strong>ejusmodi</strong></span> <span class='ocrx_word' id='word_1_624' title='bbox 3599 4187 3753 4239; x_wconf 86' lang='lat' dir='ltr'><strong>rebus</strong></span> 
     </span>
    </p>
   </div>
   <div class='ocr_carea' id='block_1_85' title="bbox 2174 4276 3751 4347">
    <p class='ocr_par' dir='ltr' id='par_1_85' title="bbox 2174 4276 3751 4347">
     <span class='ocr_line' id='line_1_85' title="bbox 2174 4276 3751 4347; baseline 0.001 -18"><span class='ocrx_word' id='word_1_625' title='bbox 2174 4276 2509 4343; x_wconf 88' lang='lat' dir='ltr'><strong>ferventiores</strong></span> <span class='ocrx_word' id='word_1_626' title='bbox 2551 4288 2713 4342; x_wconf 90' lang='lat' dir='ltr'><strong>sunt,</strong></span> <span class='ocrx_word' id='word_1_627' title='bbox 2742 4286 2900 4347; x_wconf 91' lang='lat' dir='ltr'><strong>atque</strong></span> <span class='ocrx_word' id='word_1_628' title='bbox 2948 4278 3011 4330; x_wconf 90' lang='lat' dir='ltr'><strong>ob</strong></span> <span class='ocrx_word' id='word_1_629' title='bbox 3042 4278 3330 4332; x_wconf 86' lang='lat' dir='ltr'><strong>libertatem</strong></span> <span class='ocrx_word' id='word_1_630' title='bbox 3363 4293 3428 4331; x_wconf 91' lang='lat' dir='ltr'><strong>ac</strong></span> <span class='ocrx_word' id='word_1_631' title='bbox 3461 4277 3751 4345; x_wconf 87' lang='lat' dir='ltr'><strong>licentiam,</strong></span> 
     </span>
    </p>
   </div>
   <div class='ocr_carea' id='block_1_86' title="bbox 2171 4362 3755 4441">
    <p class='ocr_par' dir='ltr' id='par_1_86' title="bbox 2171 4362 3755 4441">
     <span class='ocr_line' id='line_1_86' title="bbox 2171 4362 3755 4441; baseline 0.005 -23"><span class='ocrx_word' id='word_1_632' title='bbox 2171 4384 2279 4437; x_wconf 86' lang='lat' dir='ltr'><strong>qua</strong></span> <span class='ocrx_word' id='word_1_633' title='bbox 2321 4366 2597 4437; x_wconf 87' lang='lat' dir='ltr'><strong>fruuntur,</strong></span> <span class='ocrx_word' id='word_1_634' title='bbox 2645 4369 2715 4422; x_wconf 90' lang='lat' dir='ltr'><strong>ad</strong></span> <span class='ocrx_word' id='word_1_635' title='bbox 2754 4370 3056 4423; x_wconf 90' lang='lat' dir='ltr'><strong>audendum</strong></span> <span class='ocrx_word' id='word_1_636' title='bbox 3102 4371 3421 4437; x_wconf 85' lang='lat' dir='ltr'><strong>paratiores.</strong></span> <span class='ocrx_word' id='word_1_637' title='bbox 3459 4362 3755 4441; x_wconf 66' lang='lat' dir='ltr'><strong>Unicuique</strong></span> 
     </span>
    </p>
   </div>
   <div class='ocr_carea' id='block_1_87' title="bbox 2174 4460 3755 4536">
    <p class='ocr_par' dir='ltr' id='par_1_87' title="bbox 2174 4460 3755 4536">
     <span class='ocr_line' id='line_1_87' title="bbox 2174 4460 3755 4536; baseline 0.001 -18"><span class='ocrx_word' id='word_1_638' title='bbox 2174 4480 2332 4536; x_wconf 89' lang='lat' dir='ltr'><strong>porro</strong></span> <span class='ocrx_word' id='word_1_639' title='bbox 2364 4462 2455 4516; x_wconf 90' lang='lat' dir='ltr'><strong>teli</strong></span> <span class='ocrx_word' id='word_1_640' title='bbox 2484 4461 2601 4516; x_wconf 90' lang='lat' dir='ltr'><strong>loco</strong></span> <span class='ocrx_word' id='word_1_641' title='bbox 2628 4470 2766 4529; x_wconf 91' lang='lat' dir='ltr'><strong>erat,</strong></span> <span class='ocrx_word' id='word_1_642' title='bbox 2799 4460 2877 4516; x_wconf 90' lang='lat' dir='ltr'><strong>vel</strong></span> <span class='ocrx_word' id='word_1_643' title='bbox 2904 4462 3044 4532; x_wconf 89' lang='lat' dir='ltr'><strong>quod</strong></span> <span class='ocrx_word' id='word_1_644' title='bbox 3073 4478 3161 4516; x_wconf 90' lang='lat' dir='ltr'><strong>are</strong></span> <span class='ocrx_word' id='word_1_645' title='bbox 3191 4462 3441 4531; x_wconf 71' lang='lat' dir='ltr'><strong>oﬂ&#39;erebat</strong></span> <span class='ocrx_word' id='word_1_646' title='bbox 3460 4504 3475 4528; x_wconf 94' lang='lat'><strong>,</strong></span> <span class='ocrx_word' id='word_1_647' title='bbox 3506 4464 3583 4518; x_wconf 81' lang='lat' dir='ltr'><strong>vel</strong></span> <span class='ocrx_word' id='word_1_648' title='bbox 3614 4466 3755 4535; x_wconf 87' lang='lat' dir='ltr'><strong>quod</strong></span> 
     </span>
    </p>
   </div>
   <div class='ocr_carea' id='block_1_88' title="bbox 489 4553 3757 4626">
    <p class='ocr_par' dir='ltr' id='par_1_88' title="bbox 489 4553 3757 4626">
     <span class='ocr_line' id='line_1_88' title="bbox 489 4553 3757 4626; baseline 0.001 -17"><span class='ocrx_word' id='word_1_649' title='bbox 489 4557 648 4612; x_wconf 88' lang='lat' dir='ltr'><strong>laude</strong></span> <span class='ocrx_word' id='word_1_650' title='bbox 675 4556 859 4626; x_wconf 86' lang='lat' dir='ltr'><strong>vulgus</strong></span> <span class='ocrx_word' id='word_1_651' title='bbox 886 4554 1130 4624; x_wconf 86' lang='lat' dir='ltr'><strong>anteire),</strong></span> <span class='ocrx_word' id='word_1_652' title='bbox 1160 4555 1216 4609; x_wconf 94' lang='lat' dir='ltr'><strong>id</strong></span> <span class='ocrx_word' id='word_1_653' title='bbox 1250 4557 1489 4609; x_wconf 88' lang='lat' dir='ltr'><strong>oratione</strong></span> <span class='ocrx_word' id='word_1_654' title='bbox 1518 4571 1818 4625; x_wconf 91' lang='lat' dir='ltr'><strong>persequar.</strong></span> <span class='ocrx_word' id='word_1_655' title='bbox 1853 4555 2069 4613; x_wconf 76' lang='lat' dir='ltr'><strong>Mulieri</strong></span> <span class='ocrx_word' id='word_1_656' title='bbox 2100 4561 2145 4617; x_wconf 78' lang='grc' dir='ltr'><strong>Ι)</strong></span> <span class='ocrx_word' id='word_1_657' title='bbox 2174 4559 2229 4610; x_wconf 88' lang='lat' dir='ltr'><strong>in</strong></span> <span class='ocrx_word' id='word_1_658' title='bbox 2259 4572 2315 4610; x_wconf 89' lang='lat' dir='ltr'><strong>re</strong></span> <span class='ocrx_word' id='word_1_659' title='bbox 2337 4556 2584 4623; x_wconf 66' lang='lat' dir='ltr'><strong>praesnti</strong></span> <span class='ocrx_word' id='word_1_660' title='bbox 2619 4553 2961 4609; x_wconf 86' lang='lat' dir='ltr'><strong>tumultuarie</strong></span> <span class='ocrx_word' id='word_1_661' title='bbox 3000 4555 3317 4624; x_wconf 88' lang='lat' dir='ltr'><strong>confecerat.</strong></span> <span class='ocrx_word' id='word_1_662' title='bbox 3352 4556 3525 4610; x_wconf 76' lang='lat' dir='ltr'><strong>‘Fnces</strong></span> <span class='ocrx_word' id='word_1_663' title='bbox 3561 4558 3617 4611; x_wconf 90' lang='lat' dir='ltr'><strong>in</strong></span> <span class='ocrx_word' id='word_1_664' title='bbox 3642 4574 3757 4611; x_wconf 87' lang='lat' dir='ltr'><strong>ma-</strong></span> 
     </span>
    </p>
   </div>
   <div class='ocr_carea' id='block_1_89' title="bbox 488 4647 2068 4717">
    <p class='ocr_par' dir='ltr' id='par_1_89' title="bbox 488 4647 2068 4717">
     <span class='ocr_line' id='line_1_89' title="bbox 488 4647 2068 4717; baseline 0 -12"><span class='ocrx_word' id='word_1_665' title='bbox 488 4653 703 4705; x_wconf 85' lang='lat' dir='ltr'><strong>cuidam</strong></span> <span class='ocrx_word' id='word_1_666' title='bbox 735 4648 1064 4715; x_wconf 87' lang='lat' dir='ltr'><strong>amplissimo</strong></span> <span class='ocrx_word' id='word_1_667' title='bbox 1104 4647 1218 4702; x_wconf 91' lang='lat' dir='ltr'><strong>loco</strong></span> <span class='ocrx_word' id='word_1_668' title='bbox 1259 4656 1433 4712; x_wconf 66' lang='lat' dir='ltr'><strong>nata,</strong></span> <span class='ocrx_word' id='word_1_669' title='bbox 1466 4647 1621 4717; x_wconf 86' lang='lat' dir='ltr'><strong>cujus</strong></span> <span class='ocrx_word' id='word_1_670' title='bbox 1664 4650 1889 4705; x_wconf 89' lang='lat' dir='ltr'><strong>maritus</strong></span> <span class='ocrx_word' id='word_1_671' title='bbox 1924 4651 2068 4705; x_wconf 87' lang='lat' dir='ltr'><strong>haud</strong></span> 
     </span>
    </p>
   </div>
   <div class='ocr_carea' id='block_1_90' title="bbox 488 4736 2072 4810">
    <p class='ocr_par' dir='ltr' id='par_1_90' title="bbox 488 4736 2072 4810">
     <span class='ocr_line' id='line_1_90' title="bbox 488 4736 2072 4810; baseline 0.001 -16"><span class='ocrx_word' id='word_1_672' title='bbox 488 4742 694 4810; x_wconf 84' lang='lat' dir='ltr'><strong>pridem</strong></span> <span class='ocrx_word' id='word_1_673' title='bbox 723 4752 955 4794; x_wconf 82' lang='lat' dir='ltr'><strong>extremo</strong></span> <span class='ocrx_word' id='word_1_674' title='bbox 982 4739 1101 4792; x_wconf 80' lang='lat' dir='ltr'><strong>vita:</strong></span> <span class='ocrx_word' id='word_1_675' title='bbox 1130 4736 1219 4790; x_wconf 88' lang='lat' dir='ltr'><strong>die</strong></span> <span class='ocrx_word' id='word_1_676' title='bbox 1250 4738 1460 4807; x_wconf 89' lang='lat' dir='ltr'><strong>functus</strong></span> <span class='ocrx_word' id='word_1_677' title='bbox 1495 4748 1634 4807; x_wconf 82' lang='lat' dir='ltr'><strong>erat,</strong></span> <span class='ocrx_word' id='word_1_678' title='bbox 1671 4739 1872 4808; x_wconf 86' lang='lat' dir='ltr'><strong>judicia</strong></span> <span class='ocrx_word' id='word_1_679' title='bbox 1899 4758 2072 4796; x_wconf 87' lang='lat' dir='ltr'><strong>asses-</strong></span> 
     </span>
    </p>
   </div>
   <div class='ocr_carea' id='block_1_91' title="bbox 490 4830 2069 4902">
    <p class='ocr_par' dir='ltr' id='par_1_91' title="bbox 490 4830 2069 4902">
     <span class='ocr_line' id='line_1_91' title="bbox 490 4830 2069 4902; baseline -0.002 -14"><span class='ocrx_word' id='word_1_680' title='bbox 490 4850 583 4889; x_wconf 91' lang='lat' dir='ltr'><strong>sor</strong></span> <span class='ocrx_word' id='word_1_681' title='bbox 602 4833 704 4887; x_wconf 83' lang='lat' dir='ltr'><strong>vim</strong></span> <span class='ocrx_word' id='word_1_682' title='bbox 725 4831 1000 4902; x_wconf 66' lang='lat' dir='ltr'><strong>afferebat,</strong></span> <span class='ocrx_word' id='word_1_683' title='bbox 1033 4831 1355 4898; x_wconf 82' lang='lat' dir='ltr'><strong>invitumque</strong></span> <span class='ocrx_word' id='word_1_684' title='bbox 1377 4830 1447 4884; x_wconf 85' lang='lat' dir='ltr'><strong>ad</strong></span> <span class='ocrx_word' id='word_1_685' title='bbox 1476 4832 1687 4900; x_wconf 88' lang='lat' dir='ltr'><strong>nuptias</strong></span> <span class='ocrx_word' id='word_1_686' title='bbox 1713 4833 2069 4900; x_wconf 82' lang='lat' dir='ltr'><strong>pertrahebat.</strong></span> 
     </span>
    </p>
   </div>
   <div class='ocr_carea' id='block_1_92' title="bbox 493 4923 2074 4991">
    <p class='ocr_par' dir='ltr' id='par_1_92' title="bbox 493 4923 2074 4991">
     <span class='ocr_line' id='line_1_92' title="bbox 493 4923 2074 4991; baseline -0.002 -10"><span class='ocrx_word' id='word_1_687' title='bbox 493 4927 604 4981; x_wconf 90' lang='lat' dir='ltr'><strong>Illa</strong></span> <span class='ocrx_word' id='word_1_688' title='bbox 632 4936 830 4991; x_wconf 89' lang='lat' dir='ltr'><strong>autem,</strong></span> <span class='ocrx_word' id='word_1_689' title='bbox 861 4940 981 4979; x_wconf 89' lang='lat' dir='ltr'><strong>cum</strong></span> <span class='ocrx_word' id='word_1_690' title='bbox 1009 4924 1158 4978; x_wconf 89' lang='lat' dir='ltr'><strong>nulla</strong></span> <span class='ocrx_word' id='word_1_691' title='bbox 1188 4932 1388 4977; x_wconf 77' lang='lat' dir='ltr'><strong>ratione</strong></span> <span class='ocrx_word' id='word_1_692' title='bbox 1414 4924 1550 4978; x_wconf 89' lang='lat' dir='ltr'><strong>hanc</strong></span> <span class='ocrx_word' id='word_1_693' title='bbox 1578 4924 1680 4977; x_wconf 89' lang='lat' dir='ltr'><strong>vim</strong></span> <span class='ocrx_word' id='word_1_694' title='bbox 1704 4923 1932 4991; x_wconf 71' lang='lat' dir='ltr'><strong>elfugere</strong></span> <span class='ocrx_word' id='word_1_695' title='bbox 1952 4940 2074 4990; x_wconf 83' lang='lat' dir='ltr'><strong>pos-</strong></span> 
     </span>
    </p>
   </div>
   <div class='ocr_carea' id='block_1_93' title="bbox 496 5016 2072 5087">
    <p class='ocr_par' dir='ltr' id='par_1_93' title="bbox 496 5016 2072 5087">
     <span class='ocr_line' id='line_1_93' title="bbox 496 5016 2072 5087; baseline -0.003 -16"><span class='ocrx_word' id='word_1_696' title='bbox 496 5026 598 5085; x_wconf 83' lang='lat' dir='ltr'><strong>set,</strong></span> <span class='ocrx_word' id='word_1_697' title='bbox 648 5018 930 5071; x_wconf 86' lang='lat' dir='ltr'><strong>consilium</strong></span> <span class='ocrx_word' id='word_1_698' title='bbox 980 5017 1143 5087; x_wconf 86' lang='lat' dir='ltr'><strong>capit,</strong></span> <span class='ocrx_word' id='word_1_699' title='bbox 1193 5033 1299 5071; x_wconf 89' lang='lat' dir='ltr'><strong>non</strong></span> <span class='ocrx_word' id='word_1_700' title='bbox 1342 5016 1562 5087; x_wconf 88' lang='lat' dir='ltr'><strong>majoris</strong></span> <span class='ocrx_word' id='word_1_701' title='bbox 1606 5016 1870 5079; x_wconf 78' lang='lat' dir='ltr'><strong>audacite,</strong></span> <span class='ocrx_word' id='word_1_702' title='bbox 1913 5032 2072 5085; x_wconf 86' lang='lat' dir='ltr'><strong>quam</strong></span> 
     </span>
    </p>
   </div>
   <div class='ocr_carea' id='block_1_94' title="bbox 491 5108 2071 5179">
    <p class='ocr_par' dir='ltr' id='par_1_94' title="bbox 491 5108 2071 5179">
     <span class='ocr_line' id='line_1_94' title="bbox 491 5108 2071 5179; baseline -0.001 -17"><span class='ocrx_word' id='word_1_703' title='bbox 491 5110 789 5179; x_wconf 72' lang='lat' dir='ltr'><strong>prudentie</strong></span> <span class='ocrx_word' id='word_1_704' title='bbox 818 5108 1053 5177; x_wconf 87' lang='lat' dir='ltr'><strong>plenum.</strong></span> <span class='ocrx_word' id='word_1_705' title='bbox 1084 5108 1167 5161; x_wconf 82' lang='lat' dir='ltr'><strong>Ad</strong></span> <span class='ocrx_word' id='word_1_706' title='bbox 1194 5124 1403 5163; x_wconf 88' lang='lat' dir='ltr'><strong>sacram</strong></span> <span class='ocrx_word' id='word_1_707' title='bbox 1436 5108 1624 5164; x_wconf 89' lang='lat' dir='ltr'><strong>etenim</strong></span> <span class='ocrx_word' id='word_1_708' title='bbox 1669 5123 1899 5161; x_wconf 87' lang='lat' dir='ltr'><strong>mensam</strong></span> <span class='ocrx_word' id='word_1_709' title='bbox 1945 5123 2071 5161; x_wconf 87' lang='lat' dir='ltr'><strong>con-</strong></span> 
     </span>
    </p>
   </div>
   <div class='ocr_carea' id='block_1_95' title="bbox 494 5200 2071 5273">
    <p class='ocr_par' dir='ltr' id='par_1_95' title="bbox 494 5200 2071 5273">
     <span class='ocr_line' id='line_1_95' title="bbox 494 5200 2071 5273; baseline -0.001 -17"><span class='ocrx_word' id='word_1_710' title='bbox 494 5205 652 5273; x_wconf 90' lang='lat' dir='ltr'><strong>fugit,</strong></span> <span class='ocrx_word' id='word_1_711' title='bbox 684 5203 955 5265; x_wconf 85' lang='lat' dir='ltr'><strong>Deumque</strong></span> <span class='ocrx_word' id='word_1_712' title='bbox 978 5202 1233 5257; x_wconf 87' lang='lat' dir='ltr'><strong>adversus</strong></span> <span class='ocrx_word' id='word_1_713' title='bbox 1265 5202 1399 5255; x_wconf 87' lang='lat' dir='ltr'><strong>hanc</strong></span> <span class='ocrx_word' id='word_1_714' title='bbox 1426 5200 1686 5269; x_wconf 77' lang='lat' dir='ltr'><strong>injuriatn</strong></span> <span class='ocrx_word' id='word_1_715' title='bbox 1711 5210 2071 5271; x_wconf 81' lang='lat' dir='ltr'><strong>propugnato-</strong></span> 
     </span>
    </p>
   </div>
   <div class='ocr_carea' id='block_1_96' title="bbox 494 5291 2073 5367">
    <p class='ocr_par' dir='ltr' id='par_1_96' title="bbox 494 5291 2073 5367">
     <span class='ocr_line' id='line_1_96' title="bbox 494 5291 2073 5367; baseline -0.003 -17"><span class='ocrx_word' id='word_1_716' title='bbox 494 5312 607 5350; x_wconf 87' lang='lat' dir='ltr'><strong>rem</strong></span> <span class='ocrx_word' id='word_1_717' title='bbox 643 5295 745 5351; x_wconf 89' lang='lat' dir='ltr'><strong>sibi</strong></span> <span class='ocrx_word' id='word_1_718' title='bbox 771 5296 1014 5367; x_wconf 79' lang='lat' dir='ltr'><strong>adoptat.</strong></span> <span class='ocrx_word' id='word_1_719' title='bbox 1051 5294 1193 5361; x_wconf 84' lang='lat' dir='ltr'><strong>Quid</strong></span> <span class='ocrx_word' id='word_1_720' title='bbox 1228 5295 1387 5365; x_wconf 88' lang='lat' dir='ltr'><strong>igitur</strong></span> <span class='ocrx_word' id='word_1_721' title='bbox 1420 5308 1511 5363; x_wconf 89' lang='lat' dir='ltr'><strong>per</strong></span> <span class='ocrx_word' id='word_1_722' title='bbox 1544 5291 1858 5347; x_wconf 85' lang='lat' dir='ltr'><strong>Trinitatem</strong></span> <span class='ocrx_word' id='word_1_723' title='bbox 1901 5294 2073 5363; x_wconf 86' lang='lat' dir='ltr'><strong>ipsam</strong></span> 
     </span>
    </p>
   </div>
   <div class='ocr_carea' id='block_1_97' title="bbox 494 5385 2075 5459">
    <p class='ocr_par' dir='ltr' id='par_1_97' title="bbox 494 5385 2075 5459">
     <span class='ocr_line' id='line_1_97' title="bbox 494 5385 2075 5459; baseline -0.001 -17"><span class='ocrx_word' id='word_1_724' title='bbox 494 5391 593 5455; x_wconf 89' lang='lat' dir='ltr'><strong>(ut</strong></span> <span class='ocrx_word' id='word_1_725' title='bbox 643 5388 846 5458; x_wconf 86' lang='lat' dir='ltr'><strong>forensi</strong></span> <span class='ocrx_word' id='word_1_726' title='bbox 897 5404 1101 5459; x_wconf 87' lang='lat' dir='ltr'><strong>quoque</strong></span> <span class='ocrx_word' id='word_1_727' title='bbox 1154 5386 1366 5441; x_wconf 89' lang='lat' dir='ltr'><strong>dicendi</strong></span> <span class='ocrx_word' id='word_1_728' title='bbox 1415 5401 1601 5454; x_wconf 81' lang='lat' dir='ltr'><strong>genere</strong></span> <span class='ocrx_word' id='word_1_729' title='bbox 1649 5385 1888 5440; x_wconf 87' lang='lat' dir='ltr'><strong>nonnihil</strong></span> <span class='ocrx_word' id='word_1_730' title='bbox 1937 5386 2075 5440; x_wconf 88' lang='lat' dir='ltr'><strong>inter</strong></span> 
     </span>
    </p>
   </div>
   <div class='ocr_carea' id='block_1_98' title="bbox 494 5477 2076 5549">
    <p class='ocr_par' dir='ltr' id='par_1_98' title="bbox 494 5477 2076 5549">
     <span class='ocr_line' id='line_1_98' title="bbox 494 5477 2076 5549; baseline 0.001 -18"><span class='ocrx_word' id='word_1_731' title='bbox 494 5482 679 5534; x_wconf 86' lang='lat' dir='ltr'><strong>laudes</strong></span> <span class='ocrx_word' id='word_1_732' title='bbox 705 5480 873 5545; x_wconf 86' lang='lat' dir='ltr'><strong>utar)</strong></span> <span class='ocrx_word' id='word_1_733' title='bbox 900 5478 1203 5549; x_wconf 87' lang='lat' dir='ltr'><strong>faciendum</strong></span> <span class='ocrx_word' id='word_1_734' title='bbox 1232 5477 1371 5547; x_wconf 79' lang='lat' dir='ltr'><strong>fuit,</strong></span> <span class='ocrx_word' id='word_1_735' title='bbox 1401 5494 1505 5532; x_wconf 90' lang='lat' dir='ltr'><strong>non</strong></span> <span class='ocrx_word' id='word_1_736' title='bbox 1531 5478 1651 5532; x_wconf 86' lang='lat' dir='ltr'><strong>dico</strong></span> <span class='ocrx_word' id='word_1_737' title='bbox 1686 5494 1874 5547; x_wconf 89' lang='lat' dir='ltr'><strong>magno</strong></span> <span class='ocrx_word' id='word_1_738' title='bbox 1915 5478 2076 5533; x_wconf 86' lang='lat' dir='ltr'><strong>Basi-</strong></span> 
     </span>
    </p>
   </div>
   <div class='ocr_carea' id='block_1_99' title="bbox 496 5568 2076 5640">
    <p class='ocr_par' dir='ltr' id='par_1_99' title="bbox 496 5568 2076 5640">
     <span class='ocr_line' id='line_1_99' title="bbox 496 5568 2076 5640; baseline 0.001 -20"><span class='ocrx_word' id='word_1_739' title='bbox 496 5571 589 5634; x_wconf 88' lang='lat' dir='ltr'><strong>lio,</strong></span> <span class='ocrx_word' id='word_1_740' title='bbox 619 5586 682 5623; x_wconf 87' lang='lat' dir='ltr'><strong>ac</strong></span> <span class='ocrx_word' id='word_1_741' title='bbox 706 5570 771 5623; x_wconf 91' lang='lat' dir='ltr'><strong>de</strong></span> <span class='ocrx_word' id='word_1_742' title='bbox 798 5570 883 5623; x_wconf 85' lang='lat' dir='ltr'><strong>his</strong></span> <span class='ocrx_word' id='word_1_743' title='bbox 910 5569 1064 5623; x_wconf 86' lang='lat' dir='ltr'><strong>rebus</strong></span> <span class='ocrx_word' id='word_1_744' title='bbox 1102 5568 1223 5623; x_wconf 84' lang='lat' dir='ltr'><strong>aliis</strong></span> <span class='ocrx_word' id='word_1_745' title='bbox 1248 5569 1382 5640; x_wconf 85' lang='lat' dir='ltr'><strong>leges</strong></span> <span class='ocrx_word' id='word_1_746' title='bbox 1408 5569 1689 5632; x_wconf 89' lang='lat' dir='ltr'><strong>statuenti,</strong></span> <span class='ocrx_word' id='word_1_747' title='bbox 1720 5569 1810 5623; x_wconf 91' lang='lat' dir='ltr'><strong>sed</strong></span> <span class='ocrx_word' id='word_1_748' title='bbox 1845 5568 1943 5621; x_wconf 88' lang='lat' dir='ltr'><strong>alii</strong></span> <span class='ocrx_word' id='word_1_749' title='bbox 1970 5570 2076 5621; x_wconf 88' lang='lat' dir='ltr'><strong>cui-</strong></span> 
     </span>
    </p>
   </div>
   <div class='ocr_carea' id='block_1_100' title="bbox 497 5660 2076 5732">
    <p class='ocr_par' dir='ltr' id='par_1_100' title="bbox 497 5660 2076 5732">
     <span class='ocr_line' id='line_1_100' title="bbox 497 5660 2076 5732; baseline 0.001 -19"><span class='ocrx_word' id='word_1_750' title='bbox 497 5662 640 5729; x_wconf 89' lang='lat' dir='ltr'><strong>piam</strong></span> <span class='ocrx_word' id='word_1_751' title='bbox 685 5660 836 5730; x_wconf 87' lang='lat' dir='ltr'><strong>longe</strong></span> <span class='ocrx_word' id='word_1_752' title='bbox 883 5660 976 5714; x_wconf 90' lang='lat' dir='ltr'><strong>illo</strong></span> <span class='ocrx_word' id='word_1_753' title='bbox 1033 5661 1318 5732; x_wconf 86' lang='lat' dir='ltr'><strong>inferiori,</strong></span> <span class='ocrx_word' id='word_1_754' title='bbox 1366 5663 1490 5717; x_wconf 90' lang='lat' dir='ltr'><strong>dum</strong></span> <span class='ocrx_word' id='word_1_755' title='bbox 1540 5672 1711 5716; x_wconf 85' lang='lat' dir='ltr'><strong>tamen</strong></span> <span class='ocrx_word' id='word_1_756' title='bbox 1768 5661 2076 5715; x_wconf 76' lang='lat' dir='ltr'><strong>sacerdoti?</strong></span> 
     </span>
    </p>
   </div>
   <div class='ocr_carea' id='block_1_101' title="bbox 574 5842 962 5911">
    <p class='ocr_par' dir='ltr' id='par_1_101' title="bbox 574 5842 962 5911">
     <span class='ocr_line' id='line_1_101' title="bbox 574 5842 962 5911; baseline 0.008 -17"><span class='ocrx_word' id='word_1_757' title='bbox 574 5842 650 5911; x_wconf 73' lang='grc' dir='ltr'><strong>(η)</strong></span> <span class='ocrx_word' id='word_1_758' title='bbox 689 5842 837 5897; x_wconf 83' lang='lat' dir='ltr'><strong>Orat.</strong></span> <span class='ocrx_word' id='word_1_759' title='bbox 870 5843 962 5897; x_wconf 69' lang='grc'><strong>20.</strong></span> 
     </span>
    </p>
   </div>
   <div class='ocr_carea' id='block_1_102' title="bbox 2178 4645 3753 4715">
    <p class='ocr_par' dir='ltr' id='par_1_102' title="bbox 2178 4645 3753 4715">
     <span class='ocr_line' id='line_1_102' title="bbox 2178 4645 3753 4715; baseline 0.001 -15"><span class='ocrx_word' id='word_1_760' title='bbox 2178 4647 2351 4709; x_wconf 81' lang='lat' dir='ltr'><strong>uibus,</strong></span> <span class='ocrx_word' id='word_1_761' title='bbox 2378 4661 2533 4713; x_wconf 88' lang='lat' dir='ltr'><strong>saxa,</strong></span> <span class='ocrx_word' id='word_1_762' title='bbox 2565 4645 2731 4715; x_wconf 86' lang='lat' dir='ltr'><strong>fustes</strong></span> <span class='ocrx_word' id='word_1_763' title='bbox 2757 4650 2811 4700; x_wconf 90' lang='lat' dir='ltr'><strong>in</strong></span> <span class='ocrx_word' id='word_1_764' title='bbox 2828 4657 3092 4714; x_wconf 89' lang='lat' dir='ltr'><strong>promptu,</strong></span> <span class='ocrx_word' id='word_1_765' title='bbox 3125 4662 3261 4702; x_wconf 88' lang='lat' dir='ltr'><strong>unus</strong></span> <span class='ocrx_word' id='word_1_766' title='bbox 3284 4648 3517 4703; x_wconf 85' lang='lat' dir='ltr'><strong>omnium</strong></span> <span class='ocrx_word' id='word_1_767' title='bbox 3540 4664 3753 4711; x_wconf 88' lang='lat' dir='ltr'><strong>cursus,</strong></span> 
     </span>
    </p>
   </div>
   <div class='ocr_carea' id='block_1_103' title="bbox 2180 4738 3767 4807">
    <p class='ocr_par' dir='ltr' id='par_1_103' title="bbox 2180 4738 3767 4807">
     <span class='ocr_line' id='line_1_103' title="bbox 2180 4738 3767 4807; baseline -0.002 -14"><span class='ocrx_word' id='word_1_768' title='bbox 2180 4756 2316 4793; x_wconf 81' lang='lat' dir='ltr'><strong>unus</strong></span> <span class='ocrx_word' id='word_1_769' title='bbox 2356 4740 2577 4807; x_wconf 88' lang='lat' dir='ltr'><strong>clamor,</strong></span> <span class='ocrx_word' id='word_1_770' title='bbox 2598 4739 2890 4794; x_wconf 89' lang='lat' dir='ltr'><strong>communis</strong></span> <span class='ocrx_word' id='word_1_771' title='bbox 2928 4739 3224 4792; x_wconf 88' lang='lat' dir='ltr'><strong>animorum</strong></span> <span class='ocrx_word' id='word_1_772' title='bbox 3254 4739 3542 4803; x_wconf 88' lang='lat' dir='ltr'><strong>alacritas;</strong></span> <span class='ocrx_word' id='word_1_773' title='bbox 3575 4738 3767 4805; x_wconf 51' lang='lat' dir='ltr'><strong>furor,</strong></span> 
     </span>
    </p>
   </div>
   <div class='ocr_carea' id='block_1_104' title="bbox 2182 4830 3755 4901">
    <p class='ocr_par' dir='ltr' id='par_1_104' title="bbox 2182 4830 3755 4901">
     <span class='ocr_line' id='line_1_104' title="bbox 2182 4830 3755 4901; baseline -0.001 -14"><span class='ocrx_word' id='word_1_774' title='bbox 2182 4833 2331 4888; x_wconf 86' lang='lat' dir='ltr'><strong>miles</strong></span> <span class='ocrx_word' id='word_1_775' title='bbox 2360 4834 2663 4901; x_wconf 89' lang='lat' dir='ltr'><strong>vehemens,</strong></span> <span class='ocrx_word' id='word_1_776' title='bbox 2693 4834 2797 4887; x_wconf 91' lang='lat' dir='ltr'><strong>imo</strong></span> <span class='ocrx_word' id='word_1_777' title='bbox 2827 4830 2949 4885; x_wconf 89' lang='lat' dir='ltr'><strong>belli</strong></span> <span class='ocrx_word' id='word_1_778' title='bbox 2976 4831 3107 4886; x_wconf 86' lang='lat' dir='ltr'><strong>dux.</strong></span> <span class='ocrx_word' id='word_1_779' title='bbox 3150 4830 3233 4886; x_wconf 86' lang='lat' dir='ltr'><strong>Ne</strong></span> <span class='ocrx_word' id='word_1_780' title='bbox 3271 4832 3513 4885; x_wconf 86' lang='lat' dir='ltr'><strong>mulieres</strong></span> <span class='ocrx_word' id='word_1_781' title='bbox 3543 4832 3755 4900; x_wconf 83' lang='lat' dir='ltr'><strong>quidem</strong></span> 
     </span>
    </p>
   </div>
   <div class='ocr_carea' id='block_1_105' title="bbox 2178 4923 3760 4995">
    <p class='ocr_par' dir='ltr' id='par_1_105' title="bbox 2178 4923 3760 4995">
     <span class='ocr_line' id='line_1_105' title="bbox 2178 4923 3760 4995; baseline -0.004 -14"><span class='ocrx_word' id='word_1_782' title='bbox 2178 4938 2303 4981; x_wconf 89' lang='lat' dir='ltr'><strong>tunc</strong></span> <span class='ocrx_word' id='word_1_783' title='bbox 2334 4926 2579 4995; x_wconf 89' lang='lat' dir='ltr'><strong>temporis</strong></span> <span class='ocrx_word' id='word_1_784' title='bbox 2602 4926 2826 4980; x_wconf 89' lang='lat' dir='ltr'><strong>inermes</strong></span> <span class='ocrx_word' id='word_1_785' title='bbox 2855 4933 3041 4991; x_wconf 91' lang='lat' dir='ltr'><strong>erant,</strong></span> <span class='ocrx_word' id='word_1_786' title='bbox 3072 4924 3170 4977; x_wconf 85' lang='lat' dir='ltr'><strong>hac</strong></span> <span class='ocrx_word' id='word_1_787' title='bbox 3198 4923 3443 4976; x_wconf 87' lang='lat' dir='ltr'><strong>nimirum</strong></span> <span class='ocrx_word' id='word_1_788' title='bbox 3479 4923 3760 4977; x_wconf 87' lang='lat' dir='ltr'><strong>occasione</strong></span> 
     </span>
    </p>
   </div>
   <div class='ocr_carea' id='block_1_106' title="bbox 2178 5014 3756 5083">
    <p class='ocr_par' dir='ltr' id='par_1_106' title="bbox 2178 5014 3756 5083">
     <span class='ocr_line' id='line_1_106' title="bbox 2178 5014 3756 5083; baseline -0.003 -11"><span class='ocrx_word' id='word_1_789' title='bbox 2178 5019 2385 5072; x_wconf 88' lang='lat' dir='ltr'><strong>animos</strong></span> <span class='ocrx_word' id='word_1_790' title='bbox 2428 5030 2611 5071; x_wconf 87' lang='lat' dir='ltr'><strong>earum</strong></span> <span class='ocrx_word' id='word_1_791' title='bbox 2645 5024 2931 5070; x_wconf 82' lang='lat' dir='ltr'><strong>exacuente</strong></span> <span class='ocrx_word' id='word_1_792' title='bbox 2962 5020 2978 5083; x_wconf 90' lang='lat'><strong>(</strong></span> <span class='ocrx_word' id='word_1_793' title='bbox 3012 5014 3153 5067; x_wconf 90' lang='lat' dir='ltr'><strong>radii</strong></span> <span class='ocrx_word' id='word_1_794' title='bbox 3194 5024 3367 5066; x_wconf 87' lang='lat' dir='ltr'><strong>autem</strong></span> <span class='ocrx_word' id='word_1_795' title='bbox 3394 5014 3523 5081; x_wconf 84' lang='lat' dir='ltr'><strong>ipsis</strong></span> <span class='ocrx_word' id='word_1_796' title='bbox 3565 5014 3756 5069; x_wconf 81' lang='lat' dir='ltr'><strong>hasta-</strong></span> 
     </span>
    </p>
   </div>
   <div class='ocr_carea' id='block_1_107' title="bbox 2180 5104 3756 5178">
    <p class='ocr_par' dir='ltr' id='par_1_107' title="bbox 2180 5104 3756 5178">
     <span class='ocr_line' id='line_1_107' title="bbox 2180 5104 3756 5178; baseline -0.004 -13"><span class='ocrx_word' id='word_1_797' title='bbox 2180 5126 2298 5165; x_wconf 87' lang='lat' dir='ltr'><strong>rum</strong></span> <span class='ocrx_word' id='word_1_798' title='bbox 2343 5111 2458 5165; x_wconf 89' lang='lat' dir='ltr'><strong>loco</strong></span> <span class='ocrx_word' id='word_1_799' title='bbox 2489 5119 2638 5164; x_wconf 92' lang='lat' dir='ltr'><strong>erant</strong></span> <span class='ocrx_word' id='word_1_800' title='bbox 2662 5110 2715 5178; x_wconf 95' lang='lat'><strong>),</strong></span> <span class='ocrx_word' id='word_1_801' title='bbox 2750 5110 2855 5163; x_wconf 84' lang='lat' dir='ltr'><strong>imo</strong></span> <span class='ocrx_word' id='word_1_802' title='bbox 2894 5125 2987 5162; x_wconf 89' lang='lat' dir='ltr'><strong>nec</strong></span> <span class='ocrx_word' id='word_1_803' title='bbox 3016 5106 3256 5160; x_wconf 84' lang='lat' dir='ltr'><strong>mulieres</strong></span> <span class='ocrx_word' id='word_1_804' title='bbox 3285 5104 3407 5175; x_wconf 80' lang='lat' dir='ltr'><strong>jam</strong></span> <span class='ocrx_word' id='word_1_805' title='bbox 3448 5108 3756 5171; x_wconf 86' lang='lat' dir='ltr'><strong>manebant,</strong></span> 
     </span>
    </p>
   </div>
   <div class='ocr_carea' id='block_1_108' title="bbox 2180 5198 3758 5274">
    <p class='ocr_par' dir='ltr' id='par_1_108' title="bbox 2180 5198 3758 5274">
     <span class='ocr_line' id='line_1_108' title="bbox 2180 5198 3758 5274; baseline -0.003 -19"><span class='ocrx_word' id='word_1_806' title='bbox 2180 5205 2366 5274; x_wconf 86' lang='lat' dir='ltr'><strong>quippe</strong></span> <span class='ocrx_word' id='word_1_807' title='bbox 2402 5219 2533 5273; x_wconf 89' lang='lat' dir='ltr'><strong>quas</strong></span> <span class='ocrx_word' id='word_1_808' title='bbox 2570 5202 2713 5255; x_wconf 68' lang='lat' dir='ltr'><strong>zelus</strong></span> <span class='ocrx_word' id='word_1_809' title='bbox 2749 5202 3062 5263; x_wconf 85' lang='lat' dir='ltr'><strong>roborasset,</strong></span> <span class='ocrx_word' id='word_1_810' title='bbox 3093 5209 3247 5264; x_wconf 88' lang='lat' dir='ltr'><strong>atque</strong></span> <span class='ocrx_word' id='word_1_811' title='bbox 3276 5200 3343 5250; x_wconf 91' lang='lat' dir='ltr'><strong>ad</strong></span> <span class='ocrx_word' id='word_1_812' title='bbox 3373 5198 3579 5251; x_wconf 84' lang='lat' dir='ltr'><strong>virilem</strong></span> <span class='ocrx_word' id='word_1_813' title='bbox 3607 5198 3758 5268; x_wconf 83' lang='lat' dir='ltr'><strong>forti-</strong></span> 
     </span>
    </p>
   </div>
   <div class='ocr_carea' id='block_1_109' title="bbox 2182 5289 3757 5361">
    <p class='ocr_par' dir='ltr' id='par_1_109' title="bbox 2182 5289 3757 5361">
     <span class='ocr_line' id='line_1_109' title="bbox 2182 5289 3757 5361; baseline -0.004 -14"><span class='ocrx_word' id='word_1_814' title='bbox 2182 5295 2415 5348; x_wconf 83' lang='lat' dir='ltr'><strong>tudinem</strong></span> <span class='ocrx_word' id='word_1_815' title='bbox 2456 5294 2723 5361; x_wconf 86' lang='lat' dir='ltr'><strong>animique</strong></span> <span class='ocrx_word' id='word_1_816' title='bbox 2759 5290 3172 5360; x_wconf 88' lang='lat' dir='ltr'><strong>magnitudinem</strong></span> <span class='ocrx_word' id='word_1_817' title='bbox 3219 5289 3560 5343; x_wconf 70' lang='lat' dir='ltr'><strong>traduxisset.</strong></span> <span class='ocrx_word' id='word_1_818' title='bbox 3612 5290 3757 5354; x_wconf 80' lang='lat' dir='ltr'><strong>Quid</strong></span> 
     </span>
    </p>
   </div>
   <div class='ocr_carea' id='block_1_110' title="bbox 2182 5383 3758 5453">
    <p class='ocr_par' dir='ltr' id='par_1_110' title="bbox 2182 5383 3758 5453">
     <span class='ocr_line' id='line_1_110' title="bbox 2182 5383 3758 5453; baseline -0.003 -14"><span class='ocrx_word' id='word_1_819' title='bbox 2182 5386 2346 5439; x_wconf 86' lang='lat' dir='ltr'><strong>multa</strong></span> <span class='ocrx_word' id='word_1_820' title='bbox 2366 5388 2393 5442; x_wconf 68' lang='grc'><strong><em>2</em></strong></span> <span class='ocrx_word' id='word_1_821' title='bbox 2415 5395 2665 5453; x_wconf 77' lang='lat' dir='ltr'><strong>pietatem</strong></span> <span class='ocrx_word' id='word_1_822' title='bbox 2694 5400 2870 5439; x_wconf 88' lang='lat' dir='ltr'><strong>omnes</strong></span> <span class='ocrx_word' id='word_1_823' title='bbox 2893 5385 2967 5437; x_wconf 91' lang='lat' dir='ltr'><strong>ita</strong></span> <span class='ocrx_word' id='word_1_824' title='bbox 2988 5384 3197 5437; x_wconf 83' lang='lat' dir='ltr'><strong>demum</strong></span> <span class='ocrx_word' id='word_1_825' title='bbox 3225 5384 3362 5436; x_wconf 84' lang='lat' dir='ltr'><strong>inter</strong></span> <span class='ocrx_word' id='word_1_826' title='bbox 3389 5399 3444 5436; x_wconf 91' lang='lat' dir='ltr'><strong>se</strong></span> <span class='ocrx_word' id='word_1_827' title='bbox 3464 5383 3758 5450; x_wconf 86' lang='lat' dir='ltr'><strong>partituros</strong></span> 
     </span>
    </p>
   </div>
   <div class='ocr_carea' id='block_1_111' title="bbox 2180 5474 3758 5546">
    <p class='ocr_par' dir='ltr' id='par_1_111' title="bbox 2180 5474 3758 5546">
     <span class='ocr_line' id='line_1_111' title="bbox 2180 5474 3758 5546; baseline -0.003 -15"><span class='ocrx_word' id='word_1_828' title='bbox 2180 5480 2477 5541; x_wconf 88' lang='lat' dir='ltr'><strong>censebant,</strong></span> <span class='ocrx_word' id='word_1_829' title='bbox 2506 5478 2552 5530; x_wconf 91' lang='lat' dir='ltr'><strong>si</strong></span> <span class='ocrx_word' id='word_1_830' title='bbox 2577 5478 2745 5546; x_wconf 87' lang='lat' dir='ltr'><strong>ipsum</strong></span> <span class='ocrx_word' id='word_1_831' title='bbox 2777 5476 3065 5528; x_wconf 88' lang='lat' dir='ltr'><strong>dividerent</strong></span> <span class='ocrx_word' id='word_1_832' title='bbox 3095 5491 3157 5527; x_wconf 88' lang='lat' dir='ltr'><strong>ac</strong></span> <span class='ocrx_word' id='word_1_833' title='bbox 3182 5474 3528 5541; x_wconf 81' lang='lat' dir='ltr'><strong>discerperent</strong></span> <span class='ocrx_word' id='word_1_834' title='bbox 3555 5489 3575 5526; x_wconf 92' lang='lat'><strong><em>:</em></strong></span> <span class='ocrx_word' id='word_1_835' title='bbox 3598 5485 3758 5544; x_wconf 87' lang='lat' dir='ltr'><strong>atque</strong></span> 
     </span>
    </p>
   </div>
   <div class='ocr_carea' id='block_1_112' title="bbox 2180 5565 3760 5637">
    <p class='ocr_par' dir='ltr' id='par_1_112' title="bbox 2180 5565 3760 5637">
     <span class='ocr_line' id='line_1_112' title="bbox 2180 5565 3760 5637; baseline -0.003 -17"><span class='ocrx_word' id='word_1_836' title='bbox 2180 5571 2224 5621; x_wconf 87' lang='lat' dir='ltr'><strong>is</strong></span> <span class='ocrx_word' id='word_1_837' title='bbox 2257 5568 2510 5637; x_wconf 84' lang='lat' dir='ltr'><strong>majorem</strong></span> <span class='ocrx_word' id='word_1_838' title='bbox 2538 5569 2679 5637; x_wconf 87' lang='lat' dir='ltr'><strong>apud</strong></span> <span class='ocrx_word' id='word_1_839' title='bbox 2711 5584 2796 5621; x_wconf 89' lang='lat' dir='ltr'><strong>eos</strong></span> <span class='ocrx_word' id='word_1_840' title='bbox 2825 5566 3034 5635; x_wconf 88' lang='lat' dir='ltr'><strong>pietatis</strong></span> <span class='ocrx_word' id='word_1_841' title='bbox 3067 5565 3277 5618; x_wconf 89' lang='lat' dir='ltr'><strong>laudem</strong></span> <span class='ocrx_word' id='word_1_842' title='bbox 3310 5566 3588 5623; x_wconf 83' lang='lat' dir='ltr'><strong>habiturus</strong></span> <span class='ocrx_word' id='word_1_843' title='bbox 3619 5565 3760 5618; x_wconf 86' lang='lat' dir='ltr'><strong>vide-</strong></span> 
     </span>
    </p>
   </div>
   <div class='ocr_carea' id='block_1_113' title="bbox 2179 5658 3758 5733">
    <p class='ocr_par' dir='ltr' id='par_1_113' title="bbox 2179 5658 3758 5733">
     <span class='ocr_line' id='line_1_113' title="bbox 2179 5658 3758 5733; baseline -0.002 -19"><span class='ocrx_word' id='word_1_844' title='bbox 2179 5662 2354 5729; x_wconf 87' lang='lat' dir='ltr'><strong>batur,</strong></span> <span class='ocrx_word' id='word_1_845' title='bbox 2384 5662 2473 5733; x_wconf 87' lang='lat' dir='ltr'><strong>qui</strong></span> <span class='ocrx_word' id='word_1_846' title='bbox 2494 5663 2693 5731; x_wconf 85' lang='lat' dir='ltr'><strong>primus</strong></span> <span class='ocrx_word' id='word_1_847' title='bbox 2726 5663 2778 5716; x_wconf 87' lang='lat' dir='ltr'><strong>in</strong></span> <span class='ocrx_word' id='word_1_848' title='bbox 2805 5678 2941 5729; x_wconf 89' lang='lat' dir='ltr'><strong>eum,</strong></span> <span class='ocrx_word' id='word_1_849' title='bbox 2968 5662 3054 5729; x_wconf 87' lang='lat' dir='ltr'><strong>qui</strong></span> <span class='ocrx_word' id='word_1_850' title='bbox 3083 5668 3284 5713; x_wconf 79' lang='lat' dir='ltr'><strong>tentant</strong></span> <span class='ocrx_word' id='word_1_851' title='bbox 3313 5658 3518 5729; x_wconf 86' lang='lat' dir='ltr'><strong>facinus</strong></span> <span class='ocrx_word' id='word_1_852' title='bbox 3550 5672 3758 5728; x_wconf 63' lang='lat' dir='ltr'><strong>aggresr</strong></span> 
     </span>
    </p>
   </div>
  </div>
