4038 6444
1632 375 1789 431 γιτΑ
1830 375 1888 433 S.
1917 375 2182 433 BASlLll.

3331 395 3514 438 οιυιι

277 508 365 547 sus
401 501 526 545 esset
554 531 569 554 ,
602 507 816 544 manum
845 491 1132 562 injecisset.
1173 492 1313 557 Quid
1356 495 1518 563 igitur
1558 498 1737 551 audax
1763 498 1851 551 ille
1880 506 1922 560 Α
1960 499 2163 561 haisse,
2196 498 2246 551 id
2275 506 2384 563 est,
2432 498 2534 553 hoc
2573 508 2847 553 certamen
2876 515 2996 555 cum
3041 501 3244 559 vicario
3276 507 3512 563 omnium

274 598 321 639 et
353 585 583 637 insolens
613 583 783 653 judex
802 583 827 635 2’
849 583 1082 651 Supplex
1111 594 1246 649 erat,
1274 587 1608 655 miserabilis,
1636 590 1849 641 calami-

274 682 440 733 tosus,
474 673 653 740 quovis
682 672 890 724 homine
914 671 1168 738 dejectior
1190 686 1209 724 :
1238 674 1414 740 quoad
1443 675 1498 726 in
1524 688 1848 743 conspectum

272 764 525 830 prodiens
561 761 649 815 ille
680 771 906 831 martyr,
950 771 998 815 et
1030 762 1142 815 sine
1169 763 1339 833 plagis
1364 765 1548 831 victor,
1596 784 1656 819 ac
1686 784 1849 833 popu-

272 854 384 906 lum
417 855 620 923 pudore
667 862 965 918 correptum
1007 869 1099 920 per
1142 855 1535 933 uim_retinens,
1568 860 1847 927 supplicem

273 961 429 997 suum
460 954 508 997 et
547 954 846 1001 vexatorem
874 961 906 997 a
937 944 1171 1012 periculo
1194 946 1490 1001 vindicavit.

346 1053 543 1125 Tangit
577 1058 739 1109 etiam
777 1057 914 1110 hanc
964 1057 1250 1112 historiam
1303 1059 1595 1129 Gregorius
1649 1060 1848 1133 Nysse-

275 1162 377 1201 nns
406 1147 502 1216 (a),
533 1147 623 1215 qui
662 1145 921 1200 Basiliam
960 1159 1164 1212 narrat,
1196 1164 1315 1203 cum
1363 1150 1595 1219 eijudex
1629 1154 1846 1222 quidam

276 1240 582 1293 minaretur
605 1253 664 1293 se
695 1237 835 1291 illius
874 1238 1029 1308 jecur
1061 1254 1126 1294 ex
1157 1241 1460 1297 visceribus
1492 1243 1800 1298 evulsarum
1826 1285 1843 1311 ,

277 1329 514 1383 insalsas
567 1328 738 1382 minas
794 1329 1123 1385 subridendo
1172 1332 1533 1400 excipientem
1588 1335 1787 1390 dixisse
1831 1354 1843 1389 :

276 1416 518 1472 Gratiani
549 1416 644 1469 tibi
676 1416 873 1471 habebo
904 1420 968 1473 ob
998 1421 1135 1473 hanc
1181 1420 1539 1485 voluntatem;
1577 1440 1682 1477 non
1711 1426 1847 1479 enim

274 1508 613 1563 mediocriter
668 1524 747 1562 me
790 1510 932 1579 angit
975 1511 1030 1564 in
1070 1512 1347 1567 uisceribus
1374 1513 1547 1583 jecur.
1583 1514 1760 1581 Quare
1806 1519 1849 1571 si

278 1599 411 1651 illud
457 1597 665 1667 ejicias,
711 1603 1148 1671 quemadmodum
1202 1605 1433 1662 minatus
1486 1624 1563 1673 es,
1611 1609 1848 1663 molestia

277 1711 466 1756 corpus
503 1696 769 1751 liberabis.

344 1806 589 1864 Iudicem
631 1810 817 1877 illum,
845 1810 935 1881 qui
970 1820 1077 1865 tam
1114 1811 1345 1880 indignis
1376 1810 1547 1865 modis
1592 1810 1844 1865 Basiliam
1880 1838 1922 1897 Β

273 1903 515 1966 vexavit,
538 1913 768 1973 uterque
792 1902 1085 1973 Gregorius
1110 1903 1376 1976 ὕπαρχον,
1403 1902 1724 1974 prwfectum,
1752 1918 1846 1972 ap-

272 1991 457 2060 pellat.
493 1993 598 2048 Sed
634 1996 715 2049 his
749 1996 800 2049 in
839 1995 969 2049 locis
1016 1994 1293 2064 legendum
1326 1995 1541 2049 videtur
1574 1994 1844 2067 ἔπαρχον,

275 2084 517 2137 vicarius
538 2084 680 2138 enim
703 2083 801 2138 fuit
822 2082 1059 2153 praefecti
1090 2082 1141 2135 in
1167 2084 1388 2139 dioecesi
1415 2084 1661 2151 Pontica,
1684 2101 1843 2156 quam

274 2177 342 2230 ab
385 2191 451 2230 eo
483 2177 833 2244 gubernatum
872 2185 1101 2229 testatur
1150 2175 1524 2232 Nazianzenus
1568 2197 1584 2234 :
1631 2190 1685 2233 et
1725 2195 1845 2233 cum

266 2267 435 2335 judex
476 2268 543 2319 ab
572 2268 758 2320 eodem
795 2280 1050 2335 vocetur,
1085 2284 1270 2324 comes
1304 2270 1538 2325 Ponticae
1576 2286 1694 2326 esse
1738 2287 1846 2326 non

272 2358 471 2426 potuit,
532 2370 596 2409 ac
656 2358 879 2425 proinde
930 2361 1073 2415 vices
1134 2363 1371 2428 przefecti
1423 2364 1634 2431 agebat.
1694 2362 1845 2432 Apud

271 2446 523 2499 eumdem
572 2444 975 2505 Nazianzenum
1009 2468 1106 2523 pro
1146 2454 1232 2509 his
1267 2454 1493 2507 vocibus
1524 2455 1730 2525 πέμπει
1762 2471 1846 2506 τι-

271 2539 370 2601 νὰς
396 2538 506 2592 τῶν
545 2541 635 2594 ἐπ’
665 2539 929 2609 ἐξουσίας,
980 2547 1235 2615 quosdam
1285 2548 1623 2615 magistratus
1662 2548 1843 2614 mittit,

272 2630 455 2701 legere
484 2634 667 2688 malim
718 2635 809 2687 ὑπ’
835 2635 1112 2701 ἔξουσίας,
1157 2637 1314 2689 mittit
1346 2639 1548 2707 aliquos
1596 2653 1660 2691 ea:
1689 2639 1845 2691 mini-

269 2728 399 2779 stris
423 2728 553 2781 suis.

354 2839 673 2905 Matronam,
710 2841 860 2908 cujus
888 2842 1103 2913 nuptias
1144 2853 1249 2898 tam
1276 2845 1540 2902 violenter
1566 2849 1848 2918 appetebat

278 2933 520 2987 vicarius
557 2932 818 3000 praefecti,
849 2934 1158 2991 Vestianam
1208 2937 1350 2991 illam
1382 2940 1546 2993 fuisse
1595 2941 1846 3007 opinatur

276 3023 543 3077 Baronius
598 3023 696 3096 (ὸ),
752 3027 818 3080 de
858 3042 964 3098 qua
1000 3028 1052 3082 in
1099 3027 1219 3082 Vita
1254 3026 1311 3084 S.
1351 3028 1605 3083 Macrine:
1644 3029 1846 3100 Grego-

276 3118 391 3169 rius
428 3114 707 3185 Nyssenus
757 3118 1017 3189 loquitur.
1072 3120 1178 3175 Sed
1233 3122 1285 3176 in
1342 3122 1446 3176 hac
1501 3124 1845 3192 expendenda

274 3207 612 3276 conjectura,
648 3225 769 3279 quae
800 3211 943 3265 nulla
988 3211 1179 3266 nititur
1228 3214 1459 3279 ratione,
1498 3230 1603 3267 non
1660 3215 1843 3269 immo~

275 3302 461 3357 rabor.
504 3299 637 3355 Illud
670 3302 736 3355 ad
766 3302 1109 3355 statuendum
1160 3300 1459 3366 difﬁcilius,
1506 3304 1726 3374 quinam
1763 3305 1852 3360 ille

274 3390 441 3447 fuerit
462 3394 714 3459 vicarius,
744 3404 796 3449 et
818 3410 924 3464 quo
951 3395 1062 3449 haec
1083 3404 1201 3450 acta
1235 3404 1496 3464 tempore.

345 3505 575 3561 Narrata
608 3506 852 3563 Valentis
881 3508 1146 3564 Ctesareze
1178 3511 1564 3567 commorantis
1595 3525 1850 3581 perseeu-

274 3598 445 3658 tione.
473 3598 553 3651 sic
581 3598 647 3649 ad
682 3598 841 3651 istam
884 3599 1081 3651 transit
1117 3598 1436 3667 Gregorius,
1478 3611 1534 3652 ut
1573 3614 1693 3653 eam
1745 3616 1850 3654 non

271 3692 508 3743 obscure
537 3688 875 3742 demonstret
898 3688 1006 3741 alio
1036 3690 1283 3743 evenisse
1305 3698 1566 3757 tempore.
1598 3690 1659 3741 At
1683 3692 1846 3755 enim,

276 3780 455 3848 inquit
493 3778 589 3849 (c),
617 3779 925 3849 ltujusmodi
955 3781 1167 3848 quidem
1212 3779 1435 3848 fortasse
1460 3796 1544 3844 ea,
1574 3796 1691 3849 quia
1734 3797 1850 3834 cum

275 3872 385 3925 illis
415 3872 539 3942 egit,
566 3872 801 3942 fuerunt,
825 3888 1045 3942 eumque
1071 3873 1227 3941 ﬁnem
1258 3872 1574 3937 habuerunt,
1607 3882 1851 3925 ca'terum

273 3981 397 4018 cum
434 3965 559 4020 aliis
590 3966 696 4019 alio
736 3967 893 4019 modo
928 3981 982 4018 se
1023 3965 1204 4033 gessit,
1238 3974 1328 4017 aut
1360 3964 1533 4031 paruis
1563 3966 1628 4015 de
1675 3962 1849 4027 rebus,

274 4068 366 4108 aut
402 4073 592 4124 parum
639 4057 839 4125 egregie
866 4054 1157 4119 dimicavit,
1198 4064 1289 4106 aut
1336 4069 1440 4106 non
1471 4054 1545 4104 ita
1589 4054 1851 4119 sapienter

272 4150 544 4211 disseruit,
597 4163 688 4200 nec
730 4157 784 4199 ut
828 4147 1092 4199 hominum
1142 4144 1707 4210 commemorationem,
1757 4154 1848 4197 aut

275 4250 425 4293 certe
445 4237 701 4306 insignem
730 4237 939 4291 laudem
963 4234 1291 4289 mereretur?

346 4347 512 4403 Multa
558 4361 688 4401 sane
714 4361 778 4397 ex
829 4346 931 4409 iis,
979 4360 1100 4415 quas
1151 4354 1447 4397 narrantur
1488 4359 1517 4396 a
1563 4342 1845 4412 Gregorio,

274 4442 479 4508 optirne
521 4437 855 4493 conveniunt
894 4437 948 4489 in
998 4437 1221 4507 impium
1253 4436 1399 4489 illum
1429 4432 1664 4488 Pontica:
1703 4434 1849 4488 vica-

1949 599 2278 660 postremum
2313 590 2497 644 fuisse.

2022 682 2104 752 (ά)
2133 680 2241 736 Sed
2279 697 2399 736 cum
2441 680 2675 744 Nicetes,
2703 682 2857 751 cujus
2888 683 2991 738 hac
3039 684 3090 738 in
3126 700 3183 739 re
3212 702 3317 742 non
3363 703 3517 757 sper-

1951 773 2129 825 nenda
2157 771 2469 834 auctoritas,
2498 770 2760 824 vicarium
2788 770 2958 835 illam,
2989 772 3055 827 de
3095 788 3203 843 quo
3226 773 3516 848 Gregorius

1950 862 2221 932 loquitur,
2254 862 2545 917 Eusebium
2595 861 2885 916 Dominicze
2931 863 3294 931 imperati-icis
3343 881 3514 922 avun-

1950 932 2131 1008 culum
2167 953 2333 1008 fuisse
2368 962 2619 1017 testetur,
2656 952 2813 1008 nobis
2836 954 3103 1023 integrum
3136 971 3238 1009 non
3265 967 3347 1011 cst
3376 958 3514 1013 hanc

1952 1045 2359 1100 historiam-in
2413 1044 2787 1100 Demosthenis
2837 1058 3025 1099 nomen
3080 1048 3348 1102 conferre.
3399 1046 3513 1104 Non

1949 1138 2099 1191 ettim
2126 1135 2405 1206 probabile
2441 1146 2525 1191 est
2552 1137 2605 1191 id
2633 1137 2872 1193 Nicetam
2903 1138 2968 1193 de
3009 1152 3107 1193 suo
3134 1138 3383 1204 finxisse;
3420 1142 3515 1195 sed

1949 1231 2126 1300 potius
2152 1228 2603 1285 verisimillimum
2633 1240 2740 1295 est,
2765 1240 2823 1285 at
2843 1231 3095 1287 observat
3123 1230 3514 1298 Tillemontias,

1950 1320 2092 1374 hanc
2119 1332 2248 1373 eum
2288 1320 2617 1373 notationem
2647 1334 2711 1373 ex
2755 1320 2940 1389 aliquo
2984 1321 3275 1389 exemplari
3304 1331 3516 1379 vetusto

1949 1412 2176 1475 eruisse,
2214 1409 2267 1465 in
2306 1424 2414 1481 quo
2445 1424 2637 1465 nomen
2676 1411 2895 1466 Eusebii
2925 1414 2992 1467 ad
3020 1413 3313 1483 marginem
3348 1414 3518 1468 ascri-

1951 1513 2097 1575 ptum
2121 1510 2258 1557 erat.

2020 1595 2153 1649 Cum
2180 1603 2360 1649 autem
2391 1595 2507 1650 haec
2536 1594 2843 1666 persecutio
2874 1610 3046 1663 neque
3078 1596 3144 1648 ad
3165 1612 3365 1650 annum
3385 1593 3514 1672 572,

1950 1699 2124 1754 neque
2159 1688 2226 1740 ad
2268 1684 2377 1739 375
2430 1684 2622 1740 referri
2664 1687 2861 1754 possit,
2918 1686 3129 1739 videtur
3178 1686 3319 1739 intra
3380 1685 3509 1741 illud

1952 1786 2165 1847 tempus
2196 1776 2530 1843 collocanda,
2568 1779 2714 1847 quod
2748 1780 2891 1833 inter
2922 1788 3208 1847 utramque
3256 1793 3511 1847 persecuo

1954 1871 2153 1925 tionem
2184 1868 2409 1926 eﬂluxit.
2457 1869 2593 1924 Nam
2617 1879 2739 1938 post
2772 1868 3146 1923 Demosthenis
3182 1870 3515 1937 persecutio-

1950 1975 2095 2027 nem,
2144 1961 2277 2015 nihil
2307 1961 2463 2016 nobis
2506 1960 2810 2030 suppedth
2860 1959 3083 2013 historia
3129 1958 3333 2022 Basilii,
3365 1959 3509 2028 quod

1948 2066 2069 2105 cum
2098 2051 2200 2105 hoc
2221 2062 2417 2105 eventu
2443 2052 2711 2120 quadrare
2728 2051 2917 2118 possit.
2936 2049 3003 2103 At
3020 2050 3190 2103 hiems
3208 2050 3364 2119 hujus
3389 2048 3518 2103 aeni

1950 2141 2054 2196 374
2084 2143 2330 2198 exeuntis
2380 2141 2607 2197 miriﬁce
2639 2144 2905 2211 congruit.
2958 2141 3074 2197 Jam
3116 2145 3259 2196 enim
3288 2142 3518 2196 vidimus

1951 2233 2189 2289 nefarias
2211 2234 2584 2289 hereticorum
2602 2232 2926 2297 molitiones,
2941 2248 3171 2301 quorum
3198 2232 3285 2286 alii
3310 2241 3427 2302 post
3447 2231 3523 2287 fe-

1948 2337 2089 2383 stum
2108 2326 2165 2381 S.
2192 2326 2476 2397 Eupsychii
2493 2327 2544 2380 in
2558 2326 3118 2386 aulamcucurrerunt,
3139 2324 3230 2378 alii
3250 2339 3499 2379 remanse

1950 2428 2075 2472 runt
2113 2432 2380 2471 rumorem
2402 2426 2796 2485 exspectantes.
2834 2415 3099 2470 Praeterea
3118 2414 3518 2469 Basiliusinitio

1947 2507 2184 2577 epistola:
2216 2506 2321 2561 200
2342 2516 2572 2565 testatur
2598 2507 2698 2561 sibi
2734 2507 2944 2575 negotia
2978 2508 3040 2558 ab
3066 2507 3130 2559 iis
3151 2506 3239 2566 qui
3270 2503 3517 2558 Ecclesiis

1948 2608 2128 2653 nocent
2185 2599 2418 2654 exhibita
2450 2615 2543 2667 per
2570 2608 2733 2651 totam
2789 2597 3005 2650 hiemem
3044 2598 3222 2663 luisse.
3256 2596 3519 2651 Similiter

1951 2692 2103 2746 initio
2126 2692 2368 2759 epistola:
2399 2690 2508 2744 203
2533 2701 2927 2745 commemorat
2969 2706 3066 2744 sua
3123 2706 3239 2742 cum
3289 2690 3380 2753 iis,
3424 2688 3516 2757 qui

1947 2785 2242 2837 doctrinam
2269 2784 2498 2837 veritatis
2518 2783 2843 2850 impugnant,
2862 2782 3169 2836 certamina.
3186 2779 3296 2834 Non
3316 2780 3519 2834 incom-

1949 2877 2104 2930 mode
2144 2889 2273 2945 ergo
2328 2874 2381 2929 in
2434 2874 2537 2929 hac
2593 2873 2771 2927 hieme
2811 2871 3064 2926 Basiliam
3118 2886 3239 2925 cum
3282 2870 3514 2925 Eusebio

1948 2965 2153 3019 vicario
2208 2971 2483 3018 narratam
2537 2977 2567 3018 a
2613 2960 2874 3031 Gregorio
2927 2975 3162 3030 pugnam
3210 2969 3265 3014 et
3320 2959 3517 3013 multas

1950 3056 2085 3110 alias
2115 3054 2439 3111 sustinuisse
2474 3053 2867 3109 existimamus.

2025 3144 2139 3199 Non
2182 3144 2362 3214 magni
2405 3142 2607 3209 refert,
2652 3143 2793 3213 quod
2827 3142 3119 3211 Gregorius
3166 3140 3268 3196 hoc
3319 3138 3515 3195 bellum
3598 3177 3609 3183 ρ

1954 3237 2193 3293 omnium
2240 3246 2570 3305 postremum
2625 3235 2788 3289 fuisse
2843 3235 2994 3288 dicit.
3064 3233 3327 3302 Loquitur
3372 3233 3516 3288 enim

1955 3325 2249 3395 Gregorius
2287 3326 2353 3379 de
2372 3326 2634 3395 ejusmodi
2666 3325 2876 3395 pugnis,
2908 3325 2957 3378 in
2985 3326 3181 3393 quibus
3212 3323 3441 3379 Basilius
3462 3326 3518 3380 in

1948 3414 2209 3483 judicium
2235 3426 2480 3476 vocatas,
2504 3417 2788 3470 veritatem
2816 3432 2911 3484 pro
2936 3414 3186 3470 tribunali
3212 3417 3411 3470 acriter
3432 3414 3524 3471 de-

1954 3508 2123 3562 fendit
2150 3528 2164 3563 :
2196 3510 2340 3577 quod
2372 3509 2587 3577 quidem
2609 3511 2657 3562 ei
2682 3510 2732 3561 in
2759 3507 3133 3561 Demosthenis
3150 3507 3523 3575 persecutione

1955 3614 2061 3654 non
2086 3600 2297 3654 videtur
2330 3600 2641 3666 contigisse.
2670 3597 2783 3652 Huc
2814 3599 3019 3652 accedit
3041 3599 3182 3667 quod
3202 3597 3521 3668 Gregorius,

1954 3692 2077 3744 dum
2101 3691 2196 3752 ait,
2226 3688 2327 3743 llic
2355 3687 2547 3741 bellum
2581 3689 2901 3743 mundanum
2930 3688 3107 3753 desiit,
3133 3704 3237 3742 non
3266 3702 3389 3741 eum
3425 3702 3515 3744 rc-

1954 3796 2071 3835 rum
2090 3780 2332 3834 ordinem
2357 3780 2619 3849 sequitur,
2644 3795 2802 3848 quem
2828 3790 3124 3850 temporum
3146 3779 3316 3833 series
3334 3788 3520 3849 postu-

1953 3873 2135 3937 labat,
2186 3873 2280 3927 sed
2315 3887 2477 3941 quem
2515 3872 2616 3927 sibi
2660 3873 2773 3939 ipse
2823 3874 2874 3925 in
2927 3872 3240 3925 adornanda
3275 3870 3520 3925 oratiore

1952 3966 2376 4036 prmscripserat.
2431 3965 2567 4020 Hinc
2626 3966 2819 4019 bellum
2875 3963 3180 4035 episcopale
3235 3963 3434 4019 ibidem
3483 3978 3517 4016 a

1951 4056 2288 4109 dissensione
2321 4070 2443 4109 cum
2466 4056 2723 4109 Anthimo
2766 4055 3033 4125 incepisse
3072 4055 3236 4118 dicit;
3268 4051 3515 4123 quamvis

1950 4159 2161 4205 constet
2186 4147 2443 4204 Basiliam
2471 4150 2522 4204 in
2549 4150 2662 4219 ipso
2688 4150 3031 4219 episcopatus
3063 4145 3358 4217 primordio
3398 4144 3517 4213 pla-

1955 4257 2043 4296 res
2071 4241 2427 4311 Cappadociae
2451 4245 2732 4311 episcopos
2760 4240 3050 4295 schismate
3074 4252 3102 4290 a
3128 4250 3186 4290 se
3217 4234 3516 4306 disjunctes

1951 4333 2220 4388 habuisse.

2501 4420 2725 4478 CAPUT
2749 4420 2963 4482 XXXII.

275 4534 444 4593 rium,
488 4530 931 4591 Demosthenem,
960 4530 1049 4595 qui
1084 4529 1135 4582 in
1159 4526 1492 4597 Cappadocia
1518 4534 1573 4578 et
1600 4526 1854 4581 finitimis
1888 4522 1931 4577 D
1961 4519 1998 4572 Ι⁶
2033 4516 2379 4597 gravissimus
2408 4515 2595 4597 Basilii
2618 4517 2827 4597 morbus
2850 4530 2969 4597 ante
3006 4518 3208 4597 Pascha
3242 4518 3517 4597 πεινᾷ-575.

273 4622 573 4692 provinciis
600 4630 879 4690 grassatus
919 4628 1004 4672 est
1051 4634 1194 4673 anno
1225 4618 1330 4672 575
1375 4626 1429 4670 et
1473 4613 1597 4669 576.
1644 4614 1692 4669 ls
1729 4633 1849 4670 cum

274 4714 363 4771 sui
394 4713 447 4767 in
489 4712 744 4767 Basiliam
772 4711 881 4767 odii
913 4711 1174 4779 plurimas
1223 4710 1648 4778 significationes
1688 4709 1851 4763 dede-

274 4812 369 4872 rit,
405 4820 573 4873 seque
604 4808 927 4859 acerrimam
963 4802 1186 4856 ha-resis
1216 4802 1552 4857 defensorem
1600 4801 1847 4870 pra-hae-

272 4905 369 4965 rit,
398 4913 505 4954 non
549 4896 819 4950 immerito
860 4896 1001 4949 idem
1031 4893 1201 4946 videri
1239 4905 1442 4962 posset,
1478 4910 1543 4947 ac
1586 4893 1672 4946 ille
1699 4895 1850 4947 vica-

274 4994 414 5058 rius,
442 5004 604 5059 quem
651 4996 840 5041 narrat
890 4984 1183 5056 Gregorius
1223 4984 1424 5039 Basilio
1469 4984 1668 5039 multas
1712 4986 1845 5040 alias

273 5082 637 5137 contumelias
680 5080 897 5145 fecisse,
932 5092 986 5134 et
1013 5078 1329 5150 inspeciem
1374 5081 1590 5149 quidem
1627 5081 1847 5135 mulier-

275 5174 415 5228 cula:
436 5187 603 5228 causa
635 5172 993 5225 excanduisse
1012 5209 1029 5235 ,
1056 5172 1148 5225 sed
1204 5184 1388 5224 revera
1420 5172 1639 5226 hmresis
1664 5172 1849 5227 defen-

280 5266 491 5319 sionem
545 5279 609 5319 ac
640 5262 857 5333 pietatis
880 5263 1330 5332 Oppugnationem
1357 5262 1458 5317 sibi
1483 5266 1846 5335 proposuisse.

274 5358 417 5413 lluic
461 5359 607 5409 favet
648 5354 888 5425 opinioni
926 5356 1069 5422 quod
1113 5356 1189 5408 ait
1239 5354 1325 5409 hic
1370 5356 1568 5409 bellum
1617 5362 1843 5412 munda-

280 5462 418 5502 num
447 5446 706 5511 desiisse,
753 5456 807 5500 et
853 5445 1062 5502 felicem
1094 5445 1205 5502 Deo
1239 5445 1449 5502 favente
1486 5448 1690 5502 exitum
1745 5450 1844 5501 ha-

349 5691 426 5751 (η)
457 5687 520 5739 In
556 5685 721 5738 Basil.
757 5701 875 5751 pag.
914 5687 1032 5740 .tss.

353 5759 428 5817 th)
460 5758 539 5804 ΛιΙ
571 5771 660 5801 :ttl.
699 5752 819 5804 570.

348 5828 414 5887 (ι)
456 5822 545 5875 0r.
584 5820 672 5870 ‘20.

2039 4588 2486 4657 Quatuorlitterte
2516 4591 2583 4639 ad
2618 4590 2753 4641 hunc
2777 4591 3013 4642 morbum
3040 4588 3313 4657 pertinent.
3337 4588 3400 4645 ll.
3429 4597 3502 4648 Ac

2038 4667 2222 4728 curata
2275 4655 2496 4707 historia
2533 4661 2909 4728 translationis
2966 4655 3130 4712 sancti
3177 4657 3410 4728 Dionysii
3456 4680 3522 4717 ea:

2038 4725 2252 4797 epistola
2303 4728 2471 4807 sancti
2518 4727 2705 4781 Basilii
2756 4733 2824 4780 ad
2872 4739 3104 4781 sanctum
3166 4725 3518 4788 Ambrosium.

2032 4799 2117 4851 ΙΙΙ.
2142 4795 2218 4847 De
2248 4798 2466 4853 epistola
2504 4798 2603 4853 198
2626 4801 2691 4850 ad
2730 4797 2785 4851 S.
2821 4798 3120 4852 Eusebium.
3158 4798 3243 4853 IV.
3283 4796 3518 4853 Epistula

2104 4836 2117 4849 .
2142 4813 2218 4847 νο
2248 4813 2466 4859 eptstota
2504 4813 2603 4853 196
2626 4813 2691 4850 aa
2730 4813 2785 4851 ὁ.
2821 4813 3120 4852 ιιιιευηιηι.
3158 4813 3243 4853 IV.
3283 4813 3521 4859 ιινιειυια

2032 4818 2117 4851 ΙΙΙ.
2142 4818 2218 4847 να
2248 4818 2466 4859 σρηιοια
2504 4818 2603 4853 ινδ
2626 4818 2691 4850 aa
2730 4818 2785 4851 ὁ.
2821 4818 3120 4852 ιιυιευιωη.
3158 4818 3243 4853 IV.
3283 4818 3518 4868 ὒμυιυια

2029 4866 2281 4941 canonica
2319 4870 2548 4941 secunda
2590 4878 2640 4921 et
2683 4870 2899 4935 cpistola
2927 4870 3161 4941 iQOQAad
3191 4866 3249 4923 S.
3301 4872 3518 4941 Amphi-

2037 4936 2285 4989 lochium.
2352 4937 2523 4989 Paulo
2584 4950 2697 5004 post
2747 4940 2967 5005 epistola
3017 4938 3114 4992 ‘20l
3164 4941 3233 4991 ad
3284 4936 3522 4995 eumdem

2037 5008 2249 5073 scripta.
2289 5006 2351 5061 V.
2390 5006 2682 5061 Concilium
2714 5009 3054 5073 Ampltilocltti
3086 5011 3149 5062 de
3189 5011 3523 5067 restituendis

2025 5079 2424 5145 episcopalibus,
2464 5079 2534 5130 ad
2560 5078 2698 5147 quod
2725 5088 2936 5129 vocatur
2954 5079 3202 5132 Basilius.

2040 5170 2083 5224 l.
2122 5169 2191 5243 (e)
2222 5170 2454 5239 Loagior
2486 5172 2643 5225 solito
2671 5170 2772 5223 fuit
2808 5171 2979 5225 hiems
3006 5171 3131 5224 anni
3166 5170 3269 5226 375
3301 5172 3353 5226 in
3377 5172 3518 5242 Cap-

1970 5266 2218 5333 padocia,
2252 5279 2315 5318 ac
2345 5266 2444 5318 via:
2467 5278 2653 5319 omnes
2689 5279 2860 5333 usque
2892 5268 2956 5318 ad
2982 5264 3184 5317 Pascha
3219 5265 3521 5321 interclusa

1964 5358 2208 5411 fuerunt.
2246 5356 2501 5411 Basiliam
2536 5371 2630 5425 per
2658 5367 2822 5410 totum
2856 5357 2953 5409 hoc
2978 5366 3184 5425 tempus
3208 5356 3516 5423 occupatio-

1960 5463 2068 5502 nes
2102 5450 2437 5517 negotiorum
2464 5449 2814 5509 exteriorum,
2842 5457 2915 5509 et,
2957 5458 3011 5500 ut
3035 5447 3145 5517 jam
3173 5446 3402 5501 diximus
3422 5444 3515 5513 (η,

2030 5686 2109 5749 (Δ)
2135 5685 2253 5734 Not.
2289 5686 2339 5733 in
2369 5685 2500 5735 Nos.
2532 5700 2647 5753 pag.
2685 5686 2802 5737 78L

2022 5756 2091 5813 (ρ)
2134 5753 2223 5813 Ep.
2264 5754 2376 5801 198.

2019 5820 2084 5883 (1)
2128 5819 2215 5885 Ep.
2246 5818 2365 5871 205.
