4038 6456
513 392 713 437 CXXVIII

1869 381 2395 435 PROLEGOMENA.

511 498 692 564 praelia
728 510 849 549 cum
876 496 1120 551 veritatis
1156 497 1403 553 hostibus
1430 500 1796 555 detinuerunt.
1827 503 1905 573 (α)
1935 502 2081 557 Con-
2115 504 2159 559 Α
2189 500 2428 570 sepultus
2454 501 2671 554 dicitur.
2706 501 3016 569 Simplicius
3050 503 3221 558 multo
3254 518 3315 557 ac
3346 504 3527 560 verius
3548 503 3753 559 Usuar—

513 586 677 641 tinuae
702 586 863 641 etiam
888 602 951 641 ac
986 590 1329 645 vehementes
1357 588 1537 645 febres
1565 592 1707 647 illius
1733 607 1928 661 corpus
1951 595 2083 647 adeo

511 687 981 747 consumpserunt,
1026 690 1084 732 ut
1113 680 1283 734 visum
1319 683 1389 737 sit
1427 682 1632 751 aliquid
1680 684 1793 752 ipso
1848 684 2080 748 tenuius.

514 766 629 833 ipse
657 782 849 838 nempe
879 767 1129 823 Basilius.
1160 769 1426 826 Praterea
1456 784 1853 842 quartanarum
1889 788 2080 828 acces-

512 874 605 915 sus
640 860 779 913 ultra
811 859 1000 930 viginti
1042 862 1189 917 vices
1238 862 1607 931 perstiterunt.
1646 862 1906 919 Febribus
1958 863 2085 920 libe-

515 962 689 1015 ratus,
724 952 797 1006 ita
826 952 1018 1007 debilis
1042 962 1183 1017 erat,
1208 963 1267 1007 ut
1312 954 1446 1009 nihil
1504 954 1573 1009 ab
1620 971 1817 1010 aranea
1870 955 2085 1011 differre

510 1045 808 1101 videretur.
866 1045 1053 1115 itaque
1094 1062 1217 1103 cum
1265 1063 1388 1103 eum
1444 1049 1692 1106 Meletius
1741 1053 1980 1107 medicus
2030 1053 2083 1106 in

512 1150 666 1189 suam
710 1137 1060 1191 solitudinem
1114 1137 1415 1207 invitasset,
1452 1155 1557 1195 non
1606 1142 1775 1209 potuit
1824 1142 1926 1196 hoc
1982 1143 2087 1196 iter

516 1227 812 1294 suscipere,
848 1228 1144 1297 quemlibet
1181 1245 1326 1284 θυι-ω
1365 1231 1651 1301 impulsum
1704 1234 2081 1297 reformidans,

513 1315 606 1368 sed
636 1315 839 1370 iturum
881 1332 940 1371 se
974 1333 1145 1373 verno
1196 1328 1437 1388 tempore
1465 1322 1734 1391 promisit,
1769 1324 1929 1377 modo
1958 1340 2081 1378 cum

513 1403 655 1459 Deus
680 1422 867 1477 magna
898 1422 994 1461 sua
1024 1423 1184 1462 manu
1212 1419 1447 1465 sanaret.

583 1498 777 1553 incidit
817 1500 869 1553 in
905 1500 1055 1554 hunc
1093 1502 1339 1555 morbum
1389 1512 1514 1557 ante
1535 1502 1780 1569 Pascha;
1816 1507 2081 1575 siquidem

513 1590 648 1646 iiber
688 1604 716 1643 a
743 1589 984 1644 febribus
1014 1606 1238 1646 vernum
1273 1602 1483 1661 tempus
1520 1596 1894 1663 exspectabat.
1928 1596 2081 1663 Quod

512 1683 557 1735 si
589 1682 641 1735 in
674 1681 833 1749 epist.
867 1679 971 1736 198
1014 1680 1244 1737 febrium
1277 1683 1635 1739 acerbitatem
1670 1699 2076 1755 commemorat,

517 1772 600 1827 vel
640 1773 706 1827 de
742 1774 1033 1840 praeteritis
1081 1773 1319 1829 febribus
1344 1773 1391 1827 id
1419 1775 1819 1846 intelligendum
1861 1790 1966 1842 est,
2002 1781 2082 1833 vcl

2186 592 2289 646 dus
2315 601 2369 646 et
2402 592 2517 646 Ado
2568 592 2625 644 S.
2658 591 2967 661 Dionysium
3020 593 3070 645 in
3102 592 3439 661 Cappadocia
3485 605 3754 647 mortuum

2182 697 2304 736 esse
2352 681 2592 745 tradunt,
2636 682 2857 752 ejusque
2913 699 3109 753 corpus
3160 685 3446 739 Ambrosio
3499 684 3755 738 Basilium

2184 773 2501 827 reddidisse.
2552 770 2701 827 Utris
2749 774 3109 827 monumentis
3151 775 3282 828 fides
3326 773 3625 827 adhibenda
3661 776 3756 838 sit,

2184 864 2459 934 ambigere
2485 873 2633 917 vetat
2657 864 2880 931 epistola
2900 864 3084 920 Basilii
3110 866 3175 919 ad
3196 863 3757 933 Ambrosium,'qnam

2186 956 2237 1007 in
2281 955 2400 1010 aliis
2428 955 2702 1009 codicibus
2741 970 2869 1009 mss.
2898 965 2952 1011 et
2996 957 3153 1010 editis
3184 956 3378 1021 insigni
3410 965 3563 1024 parte
3598 964 3756 1009 trun-

2191 1056 2390 1111 catam,
2430 1047 2481 1101 in
2534 1046 2900 1101 vetustissimo
2946 1049 3134 1103 codice
3178 1047 3461 1102 Harlaaano
3490 1048 3755 1115 integram

2190 1138 2566 1207 percommode
2593 1140 2912 1207 reperimus.

2258 1228 2651 1300 (b)Ambrosius
2672 1231 2810 1283 inter
2827 1231 3030 1299 primas
3044 1230 3382 1300 episcopatus
3399 1231 3477 1282 sui
3496 1229 3757 1284 sollicitu—

2187 1319 2338 1375 dines
2372 1319 2421 1373 id
2450 1334 2591 1374 cura:
2623 1320 2828 1381 habuit,
2860 1329 2916 1373 ut
2948 1334 3142 1381 corpus
3185 1321 3327 1374 beati
3369 1321 3628 1389 Dionysii,
3662 1319 3755 1387 qui

2184 1412 2237 1463 in
2267 1408 2602 1479 Cappadocia
2635 1413 2861 1475 obierat,
2915 1411 3269 1465 Mediolanum
3320 1414 3620 1466 reduceret.
3658 1410 3759 1464 Mi-

2184 1502 2255 1555 sit
2290 1514 2419 1569 ergo
2446 1515 2477 1556 e
2522 1502 2669 1555 clero
2702 1518 2801 1556 suo
2841 1501 3073 1557 selectos
3103 1502 3248 1556 viros
3290 1517 3411 1555 cum
3460 1502 3653 1556 litteris
3689 1504 3756 1554 ad

2186 1592 2467 1655 Basilium,
2496 1607 2653 1661 quem
2702 1596 2923 1663 rogabat
2952 1605 3008 1647 ut
3047 1594 3147 1649 sibi
3186 1594 3239 1646 in
3276 1593 3376 1647 hoc
3411 1594 3636 1648 consilio
3666 1592 3760 1645 ad-

2183 1683 2331 1751 jutor
2350 1693 2515 1740 esset.
2549 1683 2980 1739 Mediolaneuses
3009 1684 3190 1737 clerici
3219 1683 3427 1736 laudem
3467 1685 3562 1736 toti
3608 1683 3758 1736 clero

2186 1772 2569 1829 Mediolanensi
2593 1774 2949 1827 conciliarunt
2974 1790 3178 1827 morum
3205 1789 3422 1828 suorum
3444 1775 3707 1843 gravitate
3740 1791 3753 1826 :

515 1861 584 1915 de
623 1864 811 1915 morbo
844 1864 1279 1920 recrudescente.
1311 1842 1613 1919 Becruduit
1650 1868 1793 1921 enim
1824 1871 2042 1923 morbus
2069 1890 2081 1924 :
2118 1842 2158 1897 Β
2189 1877 2241 1920 et
2265 1881 2386 1919 cum
2410 1867 2585 1919 adhuc
2614 1865 2828 1919 saeviret
2854 1865 3027 1918 hiems
3052 1866 3101 1919 in
3133 1842 3496 1935 Cappadocia,
3529 1864 3760 1918 libenter

514 1953 657 2006 unde
683 1954 761 2007 ait
792 1954 845 2007 in
868 1953 1092 2024 epistola
1126 1955 1231 2010 200
1270 1975 1282 2010 :
1318 1955 1489 2011 Morbi
1518 1976 1597 2012 me
1630 1975 1693 2013 ea:
1722 1963 1912 2015 morbis
1947 1964 2088 2017 exci-

511 2044 684 2114 piunt.

591 2134 835 2190 Morbum
865 2151 1020 2192 suum
1052 2138 1238 2193 eodem
1271 2139 1430 2194 modo
1456 2140 1655 2195 indicat
1686 2144 1737 2196 in
1762 2143 1985 2211 epistola
2021 2144 2087 2198 ad

519 2225 752 2291 Zoilum,
808 2242 929 2296 qua:
968 2230 1194 2297 proinde
1223 2231 1290 2285 ad
1348 2231 1487 2285 idem
1542 2242 1751 2299 tempus
1786 2234 2085 2290 referenda.

518 2318 775 2373 Eruditus
802 2319 889 2373 ille
922 2320 1005 2373 vir
1031 2334 1097 2374 ac
1128 2320 1361 2375 disertus
1383 2361 1398 2383 .
1448 2338 1573 2377 cum
1602 2325 1681 2378 sic
1736 2326 1799 2377 ad
1836 2325 2086 2383 Basilium

527 2411 856 2481 scripsisset,
888 2421 943 2465 ut
971 2412 1117 2467 velut
1152 2412 1205 2467 in
1242 2415 1531 2470 audaciore
1564 2418 1793 2485 quodam
1826 2418 1969 2473 facto
2001 2436 2090 2475 ve-

519 2501 663 2554 niam
697 2509 943 2570 peteret,
976 2503 1223 2557 hortatur
1241 2517 1363 2555 eum
1394 2502 1645 2563 Basilius,
1675 2516 1732 2558 ut
1778 2508 1843 2559 ad
1874 2522 2086 2560 omnem

517 2593 861 2647 occasionem
895 2595 1139 2660 sta-ibat;
1170 2595 1402 2649 libenter
1439 2597 1579 2649 enim
1610 2597 1871 2650 lecturum
1904 2613 1961 2651 se
1991 2599 2086 2651 viri

520 2684 825 2751 eloquentis
878 2686 1111 2751 litteras,
1159 2697 1213 2741 et
1254 2703 1374 2741 cum
1426 2702 1456 2741 a
1512 2688 1786 2756 Scriptura
1841 2689 2089 2744 didicerit

524 2786 783 2845 quantum
824 2777 896 2830 sit
933 2778 1218 2833 cbaritatis
1275 2778 1507 2844 bonum,
1554 2781 1933 2835 suavissimum
1985 2783 2083 2836 sibi

521 2868 639 2924 fore
671 2868 906 2924 hominis
959 2871 1193 2925 amantis
1248 2871 1596 2939 colloquium.
1634 2873 1882 2940 Ejusdem
1916 2876 2085 2929 morbi

522 2969 664 3015 note
692 2964 1055 3015 observantur
1084 2968 1195 3014 tum
1234 2960 1286 3014 in
1333 2960 1555 3030 epistola
1603 2964 1671 3015 ad
1722 2963 2085 3031 Euphronium

520 3050 761 3105 Colonias
795 3050 1129 3120 episcopum,
1171 3051 1225 3105 in
1250 3065 1353 3120 qua
1383 3051 1513 3105 dicit
1541 3052 1710 3105 videri
1740 3066 1798 3106 se
1830 3054 2003 3108 adhuc
2036 3056 2086 3106 in

522 3152 666 3198 terra
690 3144 914 3206 versari,
948 3151 1057 3197 tum
1090 3143 1144 3197 in
1167 3143 1269 3198 alia
1298 3144 1364 3198 ad
1386 3143 1705 3215 Aburgium,
1731 3159 1890 3212 quem
1914 3156 2087 3215 optat,
2120 3170 2163 3231 ρ

522 3242 582 3286 ut
619 3233 907 3302 aliquando
941 3235 993 3288 in
1021 3234 1195 3303 patria
1226 3235 1407 3289 videre
1443 3237 1635 3303 possit,
1684 3238 1809 3291 dum
1847 3237 1897 3290 in
1925 3239 2088 3292 terris

521 3336 787 3391 versatur,
815 3336 979 3395 atque
1025 3340 1204 3380 aerem
1239 3330 1416 3393 ducit;
1456 3330 1506 3381 in
1540 3330 1641 3383 hoc
1690 3329 1833 3384 enim
1883 3339 2087 3384 tantum

523 3418 836 3487 participem
870 3433 931 3472 se
956 3433 1075 3473 esse
1107 3419 1248 3481 vitae,
1275 3421 1414 3485 quod
1445 3422 1690 3487 respiret.

594 3500 726 3555 Cum
769 3500 1014 3565 Colonia,
1063 3507 1149 3557 cui
1213 3511 1441 3571 praeerat
1488 3502 1850 3571 Euphronius,
1912 3523 1940 3559 a
1988 3507 2090 3559 viis

525 3589 753 3658 publicis
800 3590 1065 3654 distaret,
1112 3590 1341 3647 Basilius
1376 3607 1497 3647 raro
1540 3593 1605 3645 ad
1637 3608 1758 3647 eum
1797 3596 2088 3657 scribebat,

524 3681 773 3751 quamvis
805 3695 947 3749 sape
974 3682 1042 3735 ad
1072 3682 1203 3736 alios
1239 3684 1507 3738 Armenia:
1551 3686 1834 3753 episcopos
1890 3688 2095 3741 scribe-

527 3782 632 3839 ret,
661 3772 791 3843 quia
846 3773 1114 3827 neminem
1156 3771 1393 3825 futurutn
1438 3778 1709 3841 sperabat,
1756 3778 1844 3845 qui
1890 3779 2095 3834 litteras

529 3878 658 3918 suas
701 3862 977 3918 Coloniam
1010 3864 1296 3933 perferret.
1328 3863 1433 3917 Sed
1478 3880 1601 3919 cum
1648 3874 1772 3920 tunc
1807 3868 2097 3921 haberetur

527 3956 815 4011 concilium
846 3956 1062 4024 aliquod
1107 3958 1158 4010 in
1192 3958 1466 4021 Armenia,
1506 3960 1650 4025 quod
1681 3960 1895 4028 quidem
1940 3961 2097 4031 paulo

528 4055 650 4115 post
674 4045 882 4101 Pascha
919 4047 1129 4100 videtur
1155 4048 1477 4117 contigisse;
1521 4049 1750 4107 Basilius
1782 4060 1874 4106 aut
1923 4054 2096 4120 ipsum

532 4139 897 4206 Euphronium
940 4152 1165 4209 sperans
1188 4137 1519 4205 adfuturum,
1552 4152 1645 4195 aut
1673 4142 1862 4196 saltem
1888 4146 2098 4212 episco-

530 4244 628 4299 pos
648 4229 842 4298 quibus
865 4229 1156 4295 scribebat,
1188 4245 1409 4301 operam
1439 4233 1657 4287 daturos
1684 4244 1743 4288 ut
1768 4250 1863 4289 sua
1889 4234 2096 4303 perier—

532 4333 681 4377 retur
702 4322 947 4391 epistoia,
979 4324 1117 4379 hanc
1140 4325 1281 4380 illius
1314 4323 1580 4379 salutandi
1612 4330 1957 4381 occasionem
1992 4343 2097 4382 non

531 4415 897 4486 pratermisit.
951 4415 1184 4484 Epistoia
1238 4417 1327 4471 illa
1390 4419 1456 4470 ad
1501 4416 1785 4484 episcopos
1833 4420 2101 4474 Armenia:

2190 1957 2289 2010 hoc
2318 1957 2716 2011 incommodum
2748 1956 3121 2024 pertulerunt,
3152 1967 3208 2009 ut
3237 1957 3487 2009 mundata
3516 1956 3758 2023 episcopi

2189 2049 2269 2102 sui
2316 2048 2688 2119 adimplerent.
2717 2049 2820 2102 Sed
2858 2046 3227 2102 diiiicillimum
3268 2047 3367 2102 iuit
3410 2048 3656 2102 fidelibus
3697 2047 3763 2101 il—

2189 2136 2289 2192 lius
2316 2137 2439 2203 ioci,
2465 2138 2551 2191 ubi
2584 2138 2821 2207 sepultus
2845 2147 2963 2193 erat
2984 2137 3040 2191 S.
3074 2137 3383 2208 Dionysius,
3411 2138 3761 2207 persuadere,

2192 2239 2245 2282 ut
2278 2238 2486 2297 patrem
2522 2239 2576 2282 et
2608 2241 2891 2297 patronum
2927 2244 3081 2281 suum
3113 2228 3399 2295 cederent,
3434 2229 3519 2282 cui
3550 2238 3763 2298 marty-

2190 2322 2267 2375 ris
2294 2321 2526 2374 honores
2563 2319 2897 2383 deferebant,
2946 2336 3211 2389 quemque
3264 2323 3569 2389 prtesidium
3608 2322 3761 2376 urbis

2196 2426 2307 2464 sum
2339 2426 2461 2465 esse
2483 2412 2764 2465 ducebant.
2792 2410 2897 2465 Sed
2927 2422 3101 2463 tamen
3132 2428 3221 2465 eos
3259 2410 3403 2465 flexit
3439 2412 3759 2465 clericorum

2201 2502 2677 2557 Mediolanensium
2702 2502 2865 2555 animi
2899 2502 3142 2555 firmitas.
3179 2504 3231 2555 in
3263 2519 3367 2571 quo
3389 2505 3603 2573 quidem
3638 2518 3759 2571 per-

2192 2595 2377 2650 utilem
2410 2596 2488 2649 eis
2528 2610 2742 2663 operam
2777 2594 2995 2648 navavit
3021 2593 3313 2647 Therasius
3341 2596 3619 2664 presbyter
3644 2595 3761 2649 Ci!!-

2190 2688 2472 2753 sariensis,
2510 2702 2668 2756 quem
2715 2687 2945 2741 Basilius
2989 2685 3067 2739 eis
3105 2686 3307 2740 socium
3340 2686 3679 2752 adjnnxerat.
3710 2687 3760 2740 is

2193 2780 2373 2834 labore
2403 2780 2612 2833 itineris
2644 2788 2834 2847 sponte
2861 2789 3111 2846 suscepto
3136 2778 3591 2832 vehementiorem
3628 2776 3761 2830 fide-

2192 2872 2320 2925 lium
2379 2870 2479 2925 loci
2516 2870 2656 2925 illius
2697 2871 2952 2938 impetum
2989 2872 3311 2939 compressit
3356 2886 3367 2921 :
3402 2879 3457 2925 et
3511 2884 3633 2922 cum
3674 2884 3763 2923 re-

2196 2962 2463 3015 luctantes
2487 2962 2731 3014 oratione
2761 2976 2853 3014 sua
2884 2962 3152 3025 flexisset,
3182 2976 3360 3015 coram
3408 2960 3761 3031 presbyteris,

2194 3051 2454 3114 diaconis,
2486 3052 2773 3119 multisque
2808 3054 2927 3108 aliis
2971 3054 3134 3107 Deum
3180 3053 3490 3107 timentibus
3520 3051 3764 3105 sublatas

2196 3156 2318 3193 cum
2365 3140 2542 3193 debita
2610 3143 2910 3194 reverentia
2969 3143 3223 3208 reliquias
3278 3142 3769 3196 Mediolanensilms

2193 3234 2449 3295 servavit,
2481 3247 2614 3303 quas
2634 3232 2724 3302 qui
2754 3242 2909 3287 antea
2947 3233 3327 3286 custodiebant
3348 3272 3363 3293 ,
3391 3247 3493 3284 non
3536 3234 3651 3286 sine
3685 3232 3765 3284 la-

2192 3327 2391 3397 crymis
2421 3327 2687 3395 prosecuti
2718 3335 2871 3388 sunt,
2916 3326 3009 3379 sed
3047 3334 3224 3378 tamen
3248 3324 3473 3378 aliorum
3505 3324 3760 3392 gaudium

2195 3431 2305 3469 sum
2336 3416 2686 3469 consolationi
2721 3417 3089 3484 prmtulerunt.

2266 3504 2359 3559 Sic
2405 3504 2563 3558 rebus
2605 3520 2670 3558 ex
2717 3508 2985 3560 sententia
3040 3507 3301 3561 confectis
3353 3505 3641 3559 Ambrosio
3681 3522 3769 3556 re-

2195 3597 2411 3667 scripsit
2439 3596 2686 3659 Basilius.
2712 3612 2772 3652 se
2804 3599 2945 3651 inter
2967 3613 3157 3665 magna
3181 3600 3269 3653 Dei
3292 3598 3428 3653 dona
3454 3612 3766 3656 numerare.

2194 3689 2337 3757 quod
2360 3704 2484 3742 eum
2504 3690 2833 3758 cognoverit,
2864 3698 2918 3743 et
2967 3689 3159 3742 interni
3197 3690 3427 3743 hominis
3468 3690 3768 3758 pulchritu-

2194 3782 2375 3834 dinem
2398 3797 2462 3834 ex
2502 3781 2696 3835 litteris
2722 3782 3071 3849 perspexerit.
3124 3780 3290 3835 Deum
3335 3783 3638 3851 glorificat,
3674 3785 3765 3851 qui

2196 3884 2317 3922 eum
2367 3884 2398 3922 e
2430 3869 2701 3935 judicibus
2744 3878 2901 3921 terrae
2934 3874 2999 3921 ad
3039 3871 3351 3924 cathedram
3400 3874 3768 3941 apostolorum

2200 3956 2521 4012 mirabiliter
2559 3955 2855 4010 transtulit.
2900 3955 3158 4009 Hortatur
3189 3967 3245 4009 ut
3272 3960 3465 4011 bonum
3493 3971 3765 4015 certamen

2199 4062 2399 4117 certet,
2434 4062 2489 4106 et
2533 4062 2741 4121 patrum
2796 4060 3019 4105 renovet
3052 4052 3275 4119 vestigia
3315 4061 3370 4103 et
3413 4068 3553 4120 saepe
3596 4056 3662 4107 ad
3712 4071 3771 4109 se

2199 4146 2418 4199 scribat.
2452 4144 2646 4198 Narrat
2679 4146 2947 4213 quomodo
2980 4158 3176 4211 corpus
3219 4144 3358 4196 beati
3394 4145 3627 4215 Dionysii
3663 4147 3767 4199 im-

2200 4243 2465 4302 petratum
2516 4233 2674 4287 fuerit
2713 4250 2740 4286 a
2784 4233 3030 4287 ﬁdelibus
3081 4231 3222 4286 illius
3264 4232 3396 4297 loci,
3431 4234 3483 4287 in
3531 4250 3639 4303 quo
3684 4251 3769 4286 re-

2200 4325 2533 4393 quiescebat.
2562 4323 2809 4380 Declarat
2831 4324 3032 4377 nullum
3058 4338 3181 4378 esse
3212 4326 3513 4394 ambigendi
3548 4328 3725 4380 locum
3753 4346 3766 4379 :

2203 4416 2343 4469 hunc
2384 4416 2531 4468 illum
2563 4431 2682 4471 esse
2711 4416 2969 4469 invictum
3000 4416 3261 4471 athletam
3302 4434 3315 4469 :
3349 4420 3462 4472 haec
3498 4432 3618 4470 ossa
3650 4434 3771 4485 qua:

530 4510 753 4579 scripta,
800 4510 855 4565 iu
895 4522 1089 4577 magno
1122 4492 1344 4566 numero
1382 4517 1464 4566 est
1503 4524 1712 4575 earum,
1764 4525 1898 4578 quas
1948 4513 2087 4566 ami-
2128 4519 2171 4573 ι)
2202 4521 2324 4559 eum
2348 4506 2500 4560 beata
2527 4506 2708 4559 anima
2731 4505 3120 4561 dimicaverunt
3153 4525 3166 4560 :
3202 4524 3361 4561 unam
3390 4522 3571 4560 arcam
3605 4506 3773 4563 fuisse

601 4689 665 4744 ll.
700 4689 775 4743 De
817 4690 1166 4746 translatione
1199 4690 1441 4758 corporis
1481 4690 1653 4745 sancti
1700 4688 1942 4757 Dionysii
1985 4689 2097 4743 Me-

532 4781 864 4837 diolanensis
898 4782 1061 4836 varia:
1106 4781 1353 4836 feruntur
1386 4783 1645 4847 historiae,
1687 4782 1742 4835 in
1774 4783 1971 4851 quibus
2018 4781 2100 4833 di-

526 4872 835 4940 judicandis
890 4872 1220 4927 recentiores
1271 4873 1566 4945 scriptores
1612 4874 1959 4928 sudaverunt.
2020 4872 2098 4925 Ex

532 4963 854 5031 quibusdam
885 4964 1036 5017 Actis
1070 4963 1210 5033 apud
1247 4962 1610 5017 Mombritium
1646 4972 1866 5019 sanctus
1900 4962 2100 5033 Diony-

534 5058 650 5109 sius
676 5057 879 5113 obiisse
926 5057 1125 5111 dicitur
1169 5060 1221 5112 in
1256 5058 1535 5122 Armenia,
1568 5056 1620 5109 in
1670 5057 1897 5126 quadam
1943 5058 2097 5120 urbe,

534 5164 696 5219 quam
736 5150 826 5203 alii
864 5150 1165 5203 Arreicium
1187 5191 1203 5215 ,
1235 5150 1323 5205 alii
1353 5150 1699 5214 Ariaratiam,
1733 5149 1819 5203 alii
1850 5150 1971 5203 aliis
2006 5165 2099 5218 ap—

536 5239 738 5312 pellant
773 5242 1098 5297 nominibus.
1133 5242 1302 5313 Hujus
1329 5243 1477 5297 urbis
1502 5243 1787 5311 episcopus
1824 5241 2096 5305 Aurelius,

538 5343 698 5403 prout
721 5330 1007 5403 Dionysius
1032 5336 1263 5390 moriens
1288 5344 1588 5405 rogaverat,
1616 5335 1755 5386 illius
1777 5349 1972 5401 corpus
1995 5333 2103 5387 Me-

541 5425 811 5479 diolanum
849 5424 914 5477 ad
944 5424 1283 5479 Ambrosium
1329 5428 1639 5493 episcopum
1682 5422 1895 5483 retulit;
1928 5422 2103 5491 ibique

542 5527 664 5585 post
719 5528 831 5571 tres
886 5531 1059 5571 annos
1091 5518 1206 5586 ipso
1243 5519 1416 5572 sancti
1452 5516 1685 5583 Dionysii
1734 5515 2104 5569 anniversario

542 5611 629 5663 die
676 5624 961 5674 mortuus,
1013 5624 1176 5677 prope
1220 5609 1465 5665 eumdem
1520 5624 1548 5661 a
1599 5615 1783 5661 sancto
1822 5605 2107 5659 Ambrosio

618 5781 691 5850 (α)
734 5784 828 5849 Ep.
861 5784 976 5836 i93.

2206 4594 2731 4664 quas.venerandum
2785 4595 2913 4648 illud
2958 4610 3153 4663 corpus
3211 4594 3449 4664 excepit;
3499 4596 3771 4649 neminem

2204 4700 2369 4753 prope
2412 4686 2583 4753 ipsum
2630 4682 2905 4751 jacuisse,
2966 4685 3172 4753 insigne
3218 4684 3523 4751 sepulcrum
3558 4684 3767 4747 fuisse;

2204 4776 2541 4830 Christianus
2569 4775 2657 4843 qui
2708 4776 2855 4829 illum
2901 4777 3135 4845 hospitio
3183 4784 3531 4841 exceperant.
3561 4784 3614 4828 et
3643 4784 3773 4827 tunc

2206 4870 2449 4922 manibus
2468 4868 2579 4920 suis
2602 4868 2915 4937 deposuisse
2942 4880 2997 4923 et
3024 4883 3166 4922 nunc
3185 4866 3479 4932 extulisse;
3508 4868 3769 4921 bonorem

2206 4962 2463 5030 martyris
2502 4958 2549 5013 ei
2577 4958 2812 5014 delatum
2842 4962 3029 5016 fuisse.

2273 5051 2389 5105 Non
2432 5065 2532 5103 una
2562 5059 2646 5105 est
2673 5067 2857 5117 causa,
2883 5067 2979 5105 cur
3011 5054 3150 5106 hanc
3189 5051 3467 5120 epistolam
3498 5050 3601 5103 hoc
3631 5063 3775 5103 anno

2206 5145 2347 5198 circa
2378 5143 2578 5197 Pascha
2609 5146 2863 5213 scriptam
2892 5143 3213 5197 existimem.
3243 5144 3299 5195 i°
3329 5142 3386 5196 S.
3428 5141 3774 5196 Ambrosium

2209 5232 2457 5295 Basilius,
2491 5239 2546 5285 ut
2582 5246 2767 5286 recens
2797 5232 3052 5296 electum,
3080 5231 3326 5284 hortatur
3354 5231 3420 5284 ad
3451 5238 3661 5298 patrum
3691 5246 3777 5283 se-

2210 5324 2420 5391 quenda
2458 5322 2703 5393 vestigia,
2733 5338 2965 5392 eumque
2984 5322 3183 5385 laudat,
3209 5332 3265 5373 ut
3288 5337 3381 5389 spe
3404 5331 3457 5373 et
3486 5332 3772 5389 exspecm-

2209 5417 2357 5467 tione
2389 5414 2586 5483 magis,
2633 5430 2794 5483 quam
2854 5416 3014 5467 rebus
3042 5428 3138 5482 pro
3166 5411 3403 5465 Ecclesia
3444 5409 3655 5467 fortiter
3683 5425 3776 5479 ge-

2211 5508 2305 5559 stis
2334 5506 2618 5576 insiguem.
2653 5507 2711 5558 2ο
2741 5505 2888 5559 illius
2932 5507 3093 5560 etiam
3136 5504 3363 5556 clericos
3391 5500 3596 5563 laudat,
3631 5501 3775 5567 quod

2216 5600 2448 5652 hiemem
2482 5598 2797 5666 impervium
2833 5612 2935 5651 non
2964 5594 3453 5661 rcfurmidaveriut,
3485 5592 3779 5645 dummodo

2289 5772 2358 5839 (lt)
2397 5772 2489 5837 Ep.
2528 5772 2616 5825 197
2629 5811 2640 5822 .
