4038 6478
1637 399 1795 455 VITA
1842 403 1898 456 S.
1944 402 2203 456 B.\Sll.ll.

3374 427 3437 468 εκ
3449 427 3540 467 ιιι

288 522 531 593 episc0pi
570 518 655 573 sui
710 517 959 572 mandata
1016 518 1371 571 facesserent.
1431 518 1485 570 Id
1525 526 1703 571 autem
1741 519 1867 573 milli
1902 525 1939 578 Α
1972 519 2195 587 cpistola
2226 519 2482 573 canonica
2524 521 2757 576 secunda
2792 530 2847 573 ct
2879 535 3108 590 sequens
3155 522 3379 593 epistola
3410 524 3539 583 200.

287 632 433 671 anno
464 612 659 667 melius
700 614 969 682 congruit,
1004 626 1166 678 quam
1213 610 1335 665 huic
1360 612 1487 674 575,
1522 625 1629 677 quo
1678 626 1864 667 omnes

286 701 650 775 Cappadociae
684 702 783 756 via:
814 717 984 770 usque
1027 701 1092 753 ad
1136 699 1341 756 Pascha
1397 700 1703 757 interclusa
1747 704 1861 756 lue-

287 804 433 858 runt,
474 803 535 848 ut
581 794 809 866 legimus
844 796 896 847 in
949 793 1174 860 epistola
1224 793 1495 863 sequenti.
1543 792 1601 845 3°
1635 793 1863 849 Sanctus

284 888 607 942 Ambrosius
651 903 728 941 suc
764 889 831 941 de
868 885 1122 956 Dionysio
1176 887 1415 955 loquitur
1441 885 1495 939 in
1542 887 1765 955 epistola
1797 889 1863 941 ad

292 980 661 1035 Vercellenses
698 998 710 1032 :
752 978 945 1031 Beatus
981 977 1284 1049 Dionysius,
1319 978 1515 1046 inquit,
1562 983 1728 1051 exegit
1773 998 1863 1034 vo-

283 1072 347 1125 tis
372 1075 502 1126 utin
534 1073 723 1127 exsilio
767 1071 925 1124 vitam
961 1082 1192 1141 poneret,
1235 1087 1297 1123 ne
1334 1087 1596 1140 regressus
1636 1074 1860 1143 confusa

282 1164 533 1218 institutis
563 1174 606 1215 et
638 1180 734 1215 usu
762 1163 1053 1231 infidelium
1096 1164 1270 1216 studia
1304 1163 1463 1231 plebis
1494 1178 1583 1220 aut
1620 1167 1746 1218 cieri
1772 1168 1856 1219 in-

279 1257 473 1307 veniret
516 1254 847 1321 :meruitque
877 1255 1011 1307 hanc
1044 1255 1299 1320 gratiam,
1334 1266 1388 1310 ut
1429 1274 1607 1325 pacem
1646 1257 1857 1312 Domini

279 1345 575 1415 tranquillo
599 1346 790 1415 a/fectu
812 1363 984 1401 secum
1011 1346 1244 1414 referret.
1270 1349 1359 1404 Sic
1382 1367 1509 1419 ergo
1533 1350 1859 1419 conjunctus

281 1436 525 1504 Dionysii
562 1439 769 1493 reditus
823 1451 946 1491 cum
993 1439 1264 1495 Ambrosii
1316 1442 1681 1505 ordinatione,
1733 1455 1855 1510 quze

279 1540 467 1593 pacem
517 1530 777 1591 restituit,
814 1537 868 1579 ut
912 1526 1026 1597 ipse
1059 1529 1347 1601 Dionysius
1379 1531 1565 1601 pa'cem
1605 1532 1855 1588 retulisse

278 1620 574 1678 videretur.
600 1622 679 1676 Ex
704 1623 792 1676 his
819 1622 1121 1692 colligimus
1146 1626 1486 1681 Ambrosium
1512 1626 1853 1696 episcopatus

276 1713 358 1764 sui
390 1713 687 1780 primordia
722 1716 896 1767 sancti
942 1716 1177 1783 Dionysii
1211 1718 1383 1770 reditu
1413 1717 1729 1775 illustrasse.

347 1802 437 1857 lll.
478 1803 646 1856 Paulo
678 1814 803 1858 ante
834 1805 1044 1860 Pascha
1086 1806 1302 1875 scripsit
1338 1818 1556 1864 sanctus
1587 1810 1851 1867 Eusebius

1971 610 2103 665 Nam
2135 612 2186 665 in
2218 611 2446 680 epistola
2493 614 2753 667 canonica
2792 623 3020 667 excusat
3066 617 3309 669 morbum
3342 624 3397 671 et
3435 618 3538 670 mi-

1969 705 2258 759 nistrorum
2302 702 2606 774 penuriam,
2636 719 2733 758 cur
2786 720 2889 758 non
2923 705 3183 774 scriptum
3222 709 3346 763 illud
3376 709 3538 765 citius

1968 797 2194 863 miserit,
2226 814 2343 853 cum
2384 797 2701 867 jamdudum
2732 800 3023 869 propositis
3054 801 3120 854 ab
3154 800 3535 869 Amphilochia

1964 887 2351 955 quaestionibus
2398 888 2783 959 respondisset.
2840 891 2897 947 ln
2949 891 3176 962 epistola
3227 896 3537 949 autem‘iOO

1964 981 2182 1036 morbos
2226 990 2279 1036 et
2315 985 2698 1052 occupationes
2742 986 3077 1053 negotiorum
3122 986 3453 1038 exteriorum
3483 996 3537 1037 et

1962 1073 2257 1126 certamina
2306 1087 2431 1126 cum
2465 1073 2736 1128 haereticis
2778 1086 3052 1143 causatur,
3090 1078 3287 1146 quibus
3337 1092 3396 1132 se
3439 1093 3537 1145 per

1963 1168 2129 1212 totam
2173 1159 2402 1212 hiemem
2442 1176 2609 1230 usque
2664 1162 2729 1215 ad
2765 1162 2923 1229 hujus
2949 1166 3188 1232 epistolae
3220 1176 3428 1234 tempus
3460 1168 3539 1221 di-

1958 1245 2033 1299 cit
2068 1245 2341 1301 detentum
2384 1244 2576 1300 fuisse.
2612 1246 2774 1303 Missa
2808 1262 2936 1317 ergo
2966 1248 3127 1302 simul
3160 1261 3388 1319 utraque
3418 1251 3534 1318 epi-

1959 1340 2092 1394 stola
2118 1378 2133 1403 ,
2174 1339 2439 1410 siquidem
2492 1340 2707 1410 utrique
2753 1356 2962 1396 moram
3003 1342 3202 1397 eaedem
3244 1357 3423 1398 causa
3455 1353 3536 1396 at-

1960 1434 2212 1487 tulerunt.
2884 1422 2887 1429 ’

2028 1522 2250 1576 Frustra
2298 1523 2674 1577 Tillemontius
2725 1524 3000 1577 existimat
3046 1525 3365 1579 canonicam
3420 1543 3535 1597 prt-

1959 1627 2099 1666 mam
2139 1613 2299 1666 simul
2340 1628 2461 1667 cum
2509 1614 2743 1668 secunda
2806 1614 3024 1669 missam
3067 1616 3257 1671 fuisse.
3305 1615 3437 1671 Nam
3478 1620 3530 1672 in

1956 1705 2191 1759 secunda
2228 1719 2332 1758 non
2382 1703 2553 1758 solum
2596 1705 2777 1759 multae
2802 1707 3129 1775 quaestiones
3154 1708 3436 1761 solvuntur
3464 1711 3532 1761 de

1953 1798 2145 1866 quibus
2174 1798 2342 1867 prima
2374 1797 2504 1851 nihil
2528 1796 2808 1862 habuerat,
2841 1797 2983 1853 velut
3004 1799 3069 1853 de
3096 1801 3397 1866 raptoribus
3432 1800 3528 1871 (ὁ),

272 1896 340 1947 ad
371 1892 659 1960 Basiliam,
718 1906 772 1951 et
805 1913 927 1951 cum
982 1896 1325 1969 eo'jurgavit,
1356 1903 1497 1970 quod
1529 1904 1595 1958 ad
1642 1921 1700 1959 se
1747 1922 1847 1959 non

1957 1890 2022 1944 de
2093 1891 2409 1959 presbytero
2466 1892 2666 1959 nuptiis
2739 1891 2940 1946 illicitis
3006 1891 3278 1959 implicato
3322 1894 3416 1962 (c),
3462 1893 3531 1946 de

274 1986 564 2052 scriberet,
609 2002 672 2042 ac
712 1990 757 2042 si
793 1990 973 2043 desint
1015 1992 1369 2058 occasiones,
1408 2009 1512 2048 non
1544 1996 1778 2063 aliquem
1825 2010 1856 2050 e

274 2076 392 2129 suis
426 2075 645 2131 clericis
699 2079 964 2135 mitteret.
1013 2080 1131 2136 Jam
1185 2093 1342 2138 antea
1402 2085 1561 2137 aliam
1613 2084 1854 2153 ejusdem

275 2166 494 2220 Eusebii
527 2168 809 2236 epistolam
842 2169 1098 2227 oliiciales
1128 2172 1452 2227 detulerant.
1510 2172 1717 2229 Revera
1750 2193 1854 2231 non

274 2261 475 2315 multas
523 2262 758 2317 Eusebio
806 2265 1105 2334 scripserat
1145 2265 1408 2332 epistolas
1442 2266 1701 2329 Basilius,
1730 2272 1852 2338 quia

274 2361 468 2407 nactus
503 2367 606 2407 non
644 2363 783 2421 erat,
820 2354 912 2423 qui
959 2354 1025 2406 ad
1062 2369 1183 2407 eum
1219 2356 1714 2424 proficiscerentur,
1761 2362 1854 2415 sed

276 2451 457 2498 tamen
510 2445 631 2513 plus
669 2456 903 2515 quatuor
959 2445 1292 2513 scripserat,
1333 2448 1602 2519 simulque
1647 2451 1855 2507 litteras

272 2533 342 2586 ad
374 2549 433 2587 se
458 2545 579 2604 post
606 2538 838 2603 priorem
873 2534 1091 2590 Eusebii
1126 2539 1411 2606 epistolam
1444 2540 1744 2597 Samosatis
1772 2545 1852 2597 al-

275 2624 432 2690 latas,
470 2625 696 2679 Leontio
727 2629 1088 2694 perzequatori
1116 2628 1313 2684 Nicazte
1339 2631 1585 2694 miserat,
1619 2645 1676 2687 ut
1709 2636 1852 2690 illius

270 2729 436 2782 opera
470 2714 732 2769 darentur
776 2714 1070 2785 Sophronii
1114 2720 1305 2774 domus
1335 2725 1693 2790 procuratori,
1726 2741 1850 2781 eas-

270 2820 378 2874 que
431 2807 517 2862 ille
571 2808 637 2861 ad
683 2808 975 2863 Eusebium
1026 2810 1380 2879 perferendas
1413 2827 1651 2872 curaret.
1695 2816 1849 2872 Unde

270 2899 580 2967 suspicatur
618 2898 848 2955 Basilius
893 2901 969 2974 (a)
1020 2902 1251 2973 alicujus
1297 2920 1504 2971 eorum,
1539 2910 1737 2979 quibus
1770 2911 1850 2964 hat

270 2989 469 3045 litterae
505 2994 812 3055 traduntur,
844 3004 939 3047 aut
970 2996 1199 3065 negotiis
1250 3006 1343 3050 aut
1388 3000 1617 3067 segnitie
1653 3000 1767 3055 ﬁeri
1794 3012 1851 3055 ut

270 3096 380 3135 non
410 3083 725 3136 reddantur.
760 3085 868 3136 Cur
896 3095 1074 3138 autem
1123 3087 1357 3155 aliquem
1388 3103 1454 3143 ex
1485 3091 1697 3147 clericis
1741 3110 1846 3147 non

273 3170 505 3236 miserit,
530 3182 756 3226 excusat
786 3174 1193 3229 acerbissimam
1220 3178 1475 3243 hiemem,
1511 3198 1630 3251 quae
1658 3199 1846 3239 omnes

269 3259 389 3313 vias
418 3276 591 3327 usque
618 3263 685 3316 ad
716 3262 923 3317 Pascha
949 3265 1361 3333 intercluserat;
1400 3279 1508 3324 tum
1544 3272 1707 3326 etiam
1739 3274 1845 3328 cle-

271 3351 511 3406 ricorum
540 3369 764 3408 suorum
800 3357 1041 3410 alienum
1087 3373 1115 3411 a
1169 3363 1695 3430 peregrinationibus
1724 3368 1843 3420 aui-

274 3455 445 3506 mum,
489 3456 554 3495 eo
581 3446 724 3510 quod
753 3458 819 3497 ex
863 3447 1187 3504 sedentariis
1212 3451 1421 3507 artibus
1451 3454 1649 3507 victum
1694 3470 1845 3510 com-

272 3542 483 3599 parent.
525 3531 683 3589 Unde
715 3537 878 3591 etiam
927 3553 1053 3593 rure
1099 3552 1319 3596 coactus
1349 3541 1523 3599 fuerat
1544 3562 1843 3616 accersere,

270 3624 366 3693 qui
418 3625 559 3680 hanc
603 3628 883 3696 epistolam
923 3632 1210 3701 perferret.
1260 3636 1552 3693 Eusebium
1588 3640 1842 3695 lectorem

267 3714 361 3767 diu
385 3716 527 3784 apud
555 3732 615 3771 se
653 3719 950 3775 retinuerat
979 3722 1240 3793 Basilius,
1271 3742 1450 3783 aerem
1490 3740 1842 3800 temperatum

268 3818 644 3875 exspectans:
687 3812 900 3866 tandem
944 3813 1173 3881 dimisit,
1224 3831 1331 3870 non
1383 3819 1501 3872 sine
1558 3830 1725 3885 metu,
1777 3837 1844 3875 ne

268 3898 374 3951 iter
396 3899 627 3955 inﬁrma:
655 3902 945 3957 valetudini
984 3916 1223 3959 noceret.
1257 3906 1522 3963 Nonnulla
1548 3911 1599 3964 in
1626 3911 1845 3968 Oriente

267 3998 465 4042 novata
500 3989 738 4054 fuerant,
778 3994 871 4045 sed
908 4008 1031 4047 cum
1059 4009 1119 4047 ea
1153 3994 1352 4051 fratres
1388 3997 1618 4053 Eusebio
1659 4016 1846 4055 narra-

267 4090 419 4133 turos
450 4079 637 4145 sciret,
677 4082 979 4137 scribendis
1021 4088 1340 4155 supersedit.
1370 4088 1447 4143 Ita
1477 4094 1664 4145 morbo
1687 4093 1842 4147 debi-

262 4170 475 4226 litatum
536 4188 594 4227 se
624 4187 744 4227 esse
790 4175 943 4239 dicit,
994 4187 1051 4231 ut
1083 4193 1142 4232 se
1176 4196 1499 4235 ωτυιηιιομαε
1536 4184 1693 4251 hujus
1724 4186 1844 4239 vita:

266 4273 478 4331 tempus
512 4268 761 4336 exegisse
788 4270 1058 4322 crederet.
1099 4270 1239 4336 Quid
1295 4282 1472 4327 autem
1525 4276 1576 4329 in
1623 4275 1843 4331 Oriente

262 4356 385 4408 novi
446 4360 708 4424 evenerit,
742 4374 845 4414 non
901 4360 1060 4415 facile
1086 4372 1168 4416 est
1210 4367 1445 4434 assequi.
1475 4365 1638 4423 Forte
1666 4368 1841 4438 loqui-

263 4457 351 4501 tur
382 4448 614 4504 Basilius
654 4453 720 4506 de
743 4453 1001 4508 Ecclesia:
1032 4455 1382 4513 Antiochena:
1410 4463 1841 4528 perturbatione,

1958 1982 2206 2036 absurdis
2231 1982 2366 2035 votis
2398 1982 2476 2051 (ά)
2504 1992 2558 2035 et
2579 1984 2697 2038 aliis
2719 1983 3009 2052 ejusmodi;
3039 1984 3131 2039 sed
3159 1985 3319 2039 etiam
3344 1984 3528 2043 multa.

1957 2091 2077 2144 quae
2121 2078 2172 2130 in
2215 2076 2389 2143 prima
2434 2085 2633 2131 statuta
2676 2077 2919 2142 fuerant,
2964 2079 3168 2134 clarius
3225 2088 3277 2135 et
3316 2078 3534 2134 uberius

1960 2166 2323 2237 explanantur
2350 2167 2401 2220 in
2428 2169 2686 2231 secunda,
2719 2175 2776 2220 ut
2815 2168 2880 2221 de
2921 2167 3083 2237 lapsis
3114 2169 3415 2237 virginibus
3436 2167 3530 2240 (e),

1959 2261 2023 2315 de
2050 2260 2314 2329 baptismo
2339 2260 2712 2315 hzcreticorum
2758 2260 2823 2327 if)
2854 2269 2908 2312 et
2950 2259 3192 2329 pluribus
3231 2260 3372 2313 aliis.
3452 2261 3527 2314 Ex

1956 2352 2149 2419 quibus
2191 2361 2338 2420 patet
2376 2350 2851 2420 Amphilochium,
2893 2352 3027 2405 lecta
3081 2351 3263 2423 priore
3304 2352 3528 2422 epistola

1961 2446 2243 2513 canonica,
2279 2458 2447 2496 novas
2482 2442 2811 2511 quastiones
2845 2443 3044 2496 Basilio
3079 2443 3445 2512 proposuisse,
3477 2453 3532 2497 et

1958 2535 2023 2587 de
2050 2534 2361 2602 praeteritis,
2400 2535 2527 2602 quid
2561 2535 2778 2589 dubium
2804 2544 2896 2587 ant
2931 2535 3222 2589 obscurum
3257 2534 3356 2589 sibi
3390 2536 3530 2589 vide-

1955 2632 2106 2677 retur
2150 2620 2508 2691 significasse.
2546 2622 2601 2676 ld
2647 2624 2912 2694 praecipue
2950 2624 3226 2679 observari
3262 2633 3435 2693 potest
3474 2626 3525 2678 in

1954 2731 2161 2770 canone
2190 2716 2258 2770 47
2308 2716 2373 2769 de
2414 2715 2685 2782 baptismo
2723 2716 3136 2781 haereticorum,
3168 2717 3259 2769 ubi
3301 2717 3529 2770 Basilius

1954 2810 2094 2862 idem
2137 2809 2203 2862 de
2249 2808 2580 2874 Encratitis,
2638 2806 2998 2876 SaccOphoris
3024 2817 3078 2862 et
3105 2808 3425 2877 Apotactitis
3451 2808 3528 2863 fe-

1954 2902 2176 2955 rendum
2201 2916 2319 2956 esse
2344 2902 2605 2970 judicium
2632 2911 2812 2973 negat,
2848 2916 2912 2957 ac
2942 2903 3008 2956 de
3029 2901 3343 2957 Novatianis
3369 2916 3382 2953 :
3418 2916 3523 2954 non

1953 2992 2113 3045 aliam
2172 3007 2301 3047 sane
2352 2996 2421 3048 ob
2464 3009 2708 3058 causam,
2767 2996 2868 3049 nisi
2931 2997 3056 3065 quia
3116 2997 3527 3066 Amphilochius

1951 3086 2355 3157 signiﬁcaverat
2382 3088 2671 3143 discrimen
2709 3086 2848 3141 inter
2886 3088 2982 3142 has
3006 3098 3181 3143 sectas
3214 3088 3314 3143 sibi
3348 3091 3526 3142 minus

1954 3179 2189 3248 probari.
2233 3177 2388 3234 Unde
2416 3177 2650 3233 Basilius
2694 3194 2707 3230 :
2755 3176 2908 3244 Quod
2943 3180 2989 3233 si
3022 3181 3163 3248 apud
3193 3196 3305 3244 eos,
3328 3179 3525 3247 inquit,

1948 3271 2211 3341 prohibita
2248 3281 2325 3326 est
2344 3272 2684 3339 rebaptizatio
2713 3273 2847 3324 sicut
2879 3272 3017 3338 apud
3037 3271 3523 3335 Romanos,nostru

1947 3377 2121 3420 tamen
2174 3367 2310 3419 ratio
2374 3366 2478 3419 vim
2532 3365 2781 3419 obtineat.
2853 3362 3070 3430 Decepit
3119 3362 3522 3417 Tillemontium

1948 3460 2050 3513 hoc
2084 3456 2323 3528 cpistOlaz
2368 3457 2618 3511 secunda:
2660 3458 2936 3510 canonica:
2984 3454 3306 3523 prooemium
3345 3450 3522 3507 :Cum

1946 3552 2146 3621 pridem
2173 3551 2241 3604 ad
2261 3551 2555 3619 propositas
2590 3549 2735 3602 nobis
2772 3564 2804 3600 a
2840 3558 2933 3601 tua
2980 3548 3171 3613 pietate
3207 3546 3520 3613 quaestiones

1947 3646 2354 3713 respondissem,
2407 3658 2509 3694 non
2561 3642 2678 3694 misi
2727 3641 3020 3703 scriptum,
3065 3638 3257 3706 partim
3313 3638 3521 3706 quidem

1947 3739 2099 3805 longo
2153 3745 2201 3790 et
2250 3735 2546 3801 periculoso
2608 3732 2788 3785 morbo
2839 3734 3097 3796 detentus,
3159 3731 3352 3799 partim
3402 3747 3522 3786 uero

1946 3838 2153 3898 propter
2192 3827 2465 3897 penuriam
2515 3825 2901 3879 ministrorum.
2958 3824 3083 3878 ΙΙωο
3130 3822 3215 3893 vjr
3240 3824 3427 3877 doctus
3454 3823 3522 3876 de

1948 3920 2137 3992 primis
2162 3920 2460 3975 canonibus
2486 3918 2629 3973 dicta
2664 3916 3030 3979 existimavit,
3057 3914 3307 3983 quamvis
3343 3912 3409 3967 de
3432 3926 3521 3966 se-

1947 4015 2118 4069 cunda
2143 4012 2368 4082 epistola
2394 4009 2652 4065 canonica
2675 4008 2819 4061 dicta
2846 4007 2977 4070 sint,
3014 4006 3100 4058 cui
3119 4004 3230 4073 jam
3262 4002 3520 4056 absolutae

1947 4103 2197 4167 Basilius,
2224 4111 2280 4155 ut
2309 4099 2668 4167 scriptoribus
2718 4109 2825 4149 non
2855 4092 3129 4149 insolitum
3173 4102 3294 4156 est,
3321 4090 3509 4160 praefa-

1950 4198 2148 4250 tionem
2188 4193 2513 4263 apponebat.
2540 4188 2665 4242 Haec
2707 4188 2851 4243 enim
2900 4184 3135 4241 secunda
3160 4183 3385 4252 epistola
3428 4198 3517 4234 ca-

1948 4287 2144 4342 nonica
2197 4283 2359 4339 simul
2396 4296 2519 4337 cum
2564 4280 2932 4335 ducentesima
2975 4276 3199 4349 epistola
3235 4277 3400 4328 missa
3434 4285 3517 4327 est

1944 4394 2039 4449 per
2067 4377 2375 4437 Meletium,
2413 4375 2504 4442 qui
2536 4372 2889 4443 proﬁciscens
2936 4376 3221 4424 monuerat
3261 4366 3515 4421 Basilium

1945 4469 2155 4538 copiam
2214 4481 2334 4522 esse
2392 4465 2657 4519 salutandi
2717 4461 3106 4532 Amphilochii.
3171 4459 3228 4514 ln
3293 4459 3516 4514 exordio

264 4553 385 4607 qua:
420 4541 578 4609 paulo
618 4552 742 4597 ante
781 4544 943 4614 hujus
978 4546 1219 4615 epistolae
1254 4560 1461 4619 tempus
1494 4562 1642 4607 tanta
1670 4556 1841 4608 exsti—
1874 4586 1917 4642 Β
1948 4554 2227 4621 utriusque
2258 4550 2497 4621 epistolae
2526 4549 2745 4604 easdem
2778 4547 2939 4600 atl'ert
2972 4545 3229 4611 rationes,
3265 4558 3361 4598 cur
3398 4554 3517 4594 tan-

263 4634 346 4696 tit,
380 4646 435 4686 ut
482 4635 781 4704 presbyteri
842 4642 1080 4695 nonnulli
1121 4642 1308 4709 jurare
1352 4648 1523 4701 coacti
1554 4648 1659 4702 sint
1696 4666 1838 4703 nun-

257 4738 420 4791 quam
466 4741 527 4779 se
579 4729 796 4795 publice
842 4734 1141 4789 Antiochiae
1187 4738 1497 4793 sacerdotio
1533 4738 1833 4799 iuncturos.

262 4812 381 4867 Vid.
412 4818 573 4883 epist.
608 4819 733 4884 199,
767 4836 889 4875 can.
941 4824 1024 4877 17.
1064 4824 1225 4879 Forte
1254 4827 1416 4880 etiam
1461 4827 1637 4882 Basilii
1674 4832 1835 4886 verba

256 4906 325 4959 de
356 4908 518 4961 rebus
552 4910 1020 4968 Samosatensibus
1050 4920 1217 4985 accipi
1256 4917 1470 4972 debent.
1494 4919 1627 4973 Nam
1658 4922 1835 4977 Euno-

256 4998 423 5060 mius.
452 5002 542 5066 qui
578 5003 627 5053 in
664 5003 837 5057 locum
872 5006 1043 5059 sancti
1084 5005 1301 5061 Eusebii
1355 5010 1593 5063 intrusus
1638 5010 1831 5077 fuerat,

258 5104 364 5142 non
394 5092 482 5143 diu
512 5095 730 5149 videtur
776 5100 875 5153 hac
923 5100 976 5153 in
1012 5104 1145 5156 urbe
1190 5102 1471 5157 mansisse.
1518 5101 1650 5156 Cum
1686 5104 1831 5157 enim

254 5183 489 5235 invisum
534 5202 591 5239 se
618 5191 866 5245 omnibus
916 5206 1039 5246 esse
1080 5192 1572 5258 animadvertisset,
1602 5193 1833 5247 libenter

252 5271 521 5329 abscessit
575 5288 675 5329 :at
722 5280 837 5345 ejus
878 5282 994 5336 loco
1031 5283 1259 5336 Lucium
1308 5283 1490 5336 A-riani
1555 5284 1829 5338 hominem

250 5365 411 5435 longe
440 5370 762 5424 deteriorem
796 5375 1201 5429 ordinaverunt.

322 5458 411 5512 ιν.
438 5460 622 5514 Missae
662 5464 827 5516 etiam
868 5466 1246 5536 Amphilochia
1279 5466 1435 5537 paulo
1470 5478 1588 5537 post
1616 5467 1826 5523 Pascha

323 5680 394 5748 (α)
435 5680 535 5747 Ep.
577 5679 696 5733 198.

321 5750 393 5819 (ὁ)
432 5751 566 5804 Curi.
596 5750 685 5802 30.

323 5828 390 5890 (τ)
431 5821 564 5874 (Jan.
600 5820 693 5873 27.

1952 4644 2039 4699 diu
2064 4641 2292 4697 siluerit.
2338 4644 2408 4695 At
2446 4640 2565 4693 dum
2599 4638 2703 4693 illa:
2747 4635 2991 4705 epistolae
3035 4635 3192 4689 simul
3236 4634 3373 4688 mitti
3409 4649 3514 4686 non

1948 4744 2258 4805 potuerunt,
2286 4736 2413 4803 quin
2449 4731 2708 4787 canonica
2744 4728 2912 4782 multo
2952 4736 3075 4781 ante
3113 4728 3356 4781 absoluta
3402 4724 3517 4777 iue-

1949 4830 2036 4883 rit.
2066 4830 2197 4883 Cum
2231 4830 2375 4881 enim
2432 4825 2621 4879 inutile
2668 4823 2857 4876 fuisset
2886 4822 3019 4875 duas
3068 4818 3229 4874 simul
3274 4817 3339 4870 ad
3368 4832 3517 4871 eum-

1945 4919 2064 4972 dem
2111 4915 2367 4986 epistolas
2399 4916 2673 4979 scribere,
2722 4922 2833 4967 tum
2872 4926 2998 4964 vero
3038 4907 3392 4979 improbabile
3434 4918 3518 4962 est

1942 5008 2196 5062 Basilium
2258 5008 2416 5060 unius
2470 5017 2563 5058 aut
2617 5004 2840 5059 alterius
2868 5002 2973 5057 diei
3006 5002 3182 5070 spatio
3212 5000 3431 5070 triginta
3460 5010 3516 5053 et

1945 5100 2175 5169 amplius
2201 5113 2438 5153 canones
2460 5098 2787 5160 condidisse,
2822 5110 2942 5150 cum
2993 5093 3287 5163 praesertim
3333 5090 3516 5145 decla-

1944 5195 2101 5248 retin
2134 5190 2396 5261 prommio
2426 5189 2698 5242 canonicze
2724 5188 2931 5254 primas,
2965 5195 3207 5241 coactum
3256 5199 3315 5238 se
3349 5182 3517 5235 iuism

1939 5284 2227 5354 diligenter
2257 5282 2560 5344 attendere,
2601 5291 2657 5333 et
2684 5281 2727 5334 si
2755 5278 2879 5348 quid
2917 5294 2947 5333 a
2985 5262 3290 5332 senioribus
3313 5274 3517 5328 audtis-

1940 5382 2045 5438 set,
2073 5371 2365 5438 recordari,
2403 5380 2457 5424 et
2500 5379 2727 5441 cognata
2769 5370 2833 5425 iis
2868 5384 2987 5439 qua;
3013 5368 3298 5430 didicerat,
3333 5380 3427 5436 per
3452 5380 3513 5417 se

1941 5466 2051 5534 ipse
2078 5462 2405 5518 ratiocinari.
2444 5462 2557 5518 Non
2604 5461 2899 5518 verisimile
2930 5471 3014 5516 est
3042 5458 3298 5514 Basilium
3340 5458 3390 5512 in
3422 5471 3514 5511 sc-

2011 5676 2086 5743 (d)
2117 5675 2246 5729 Can.
2282 5675 2334 5729 8.

2008 5752 2075 5813 (e)
2114 5746 2245 5800 (Jan.
2276 5746 2344 5797 18

2005 5818 2067 5887 υ)
2108 5815 2239 5871 Ceu.
2272 5817 2338 5869 97
