4038 6462
527 433 672 478 ειη

1885 398 2417 459 PROLEGOMENA.

520 535 695 591 cunda
715 529 970 586 canonica
990 524 1214 598 epistola
1236 523 1546 580 adornanda
1571 518 1875 592 segniorem
1906 518 2091 575 fuisse.
2122 523 2167 580 Α
2196 516 2537 573 consuluerat
2586 526 2728 568 anno
2792 508 3036 582 proxime
3085 505 3269 576 elapso
3328 499 3763 573 Amphilochius,

521 622 847 679 Iamdudum
891 632 1020 689 ergo
1055 615 1257 672 conditi
1303 627 1540 669 canones
1589 618 1717 666 ante
1746 609 1982 665 oblatam
2016 608 2097 660 fa-

522 714 778 770 cultatem
830 710 1047 774 Meletii,
1097 723 1160 763 ac
1194 704 1438 778 praefatio
1468 714 1590 776 post
1632 699 1935 756 absolutum
1963 712 2098 769 opus

523 807 729 863 addita.
779 803 1041 861 Similiter
1088 800 1298 855 duabus
1346 798 1467 854 aliis
1524 793 1769 866 epistolis
1819 791 2099 851 canonicis

522 898 789 965 praelatio,
818 904 1096 965 postquam
1128 888 1387 945 absolutae
1416 887 1663 948 fuerunt,
1694 884 1933 955 apposita
1975 879 2096 937 fuit.

522 990 657 1043 Nam
688 1003 811 1041 cum
846 988 923 1041 ait
948 983 1184 1039 Basilius
1215 981 1270 1036 in
1313 982 1500 1051 primae
1541 976 1835 1046 prommio,
1870 972 2100 1045 pruden-

525 1081 716 1135 tiorem
747 1079 945 1133 factum
975 1092 1035 1132 se
1060 1089 1200 1140 esse,
1232 1083 1289 1130 et
1317 1073 1481 1128 multa
1505 1084 1623 1139 qua:
1650 1067 1935 1138 ignorabat
1957 1064 2097 1119 didi-

521 1170 684 1231 cisse,
715 1181 779 1221 ac
803 1175 1051 1221 coactum
1083 1163 1251 1219 fuisse
1282 1163 1568 1233 diligenter
1598 1159 1910 1218 attendere,
1955 1163 2010 1209 et
2053 1152 2098 1208 si

520 1260 649 1331 quid
681 1259 929 1313 audierat
974 1272 1005 1312 a
1058 1256 1396 1312 senioribus.
1442 1253 1703 1308 recordar
1732 1267 1763 1321 t,
1789 1259 1844 1306 et
1872 1254 2097 1317 cognata

522 1351 588 1407 iis
614 1366 733 1423 quae
773 1350 1052 1416 audierat,
1085 1364 1181 1420 per
1214 1362 1271 1402 se
1304 1346 1420 1414 ipse
1451 1342 1803 1406 ratiocinari;
1833 1353 1978 1400 cum,
2018 1337 2099 1390 iu-

521 1459 708 1514 qnam,
736 1443 854 1498 hare
883 1442 1035 1509 dicit,
1065 1438 1349 1495 manifeste
1380 1437 1620 1493 declarat
1652 1449 1711 1488 se
1734 1430 1892 1499 hujus
1917 1428 2100 1498 operis

520 1535 708 1591 labore
730 1533 1039 1590 defunctum
1070 1545 1211 1587 esse.
1240 1529 1437 1586 Tertiae
1463 1524 1703 1596 epistola:
1727 1522 2097 1593 praefationem

522 1627 741 1697 scripsit
764 1625 1016 1688 Basilius,
1065 1638 1187 1679 cum
1240 1620 1483 1678 redeunti
1529 1632 1595 1672 ex
1639 1615 1865 1671 Pontico
1905 1614 2099 1668 itinere

523 1723 704 1777 allata:
732 1729 855 1777 sunt
884 1720 1077 1775 litterae
1099 1713 1483 1786 Amphilochil,
1520 1710 1716 1780 quibus
1754 1707 1898 1762 nulla
1932 1707 2099 1760 inter-

521 1814 697 1885 posita
726 1828 877 1869 mora
908 1810 1212 1882 respondit;
1256 1821 1319 1860 ac
1344 1802 1570 1874 proinde
1601 1801 1832 1871 spatium
1862 1814 1970 1853 non
2002 1796 2099 1852 ha-

2198 626 2307 681 qua
2376 606 2713 678 potissimum
2764 607 2851 659 via
2891 599 3185 658 remedium
3240 599 3366 656 huic
3397 594 3537 652 malo
3576 593 3764 647 feren-

2199 704 2327 759 dum
2357 710 2534 767 esset;
2568 699 2661 755 sed
2688 698 2793 752 hoc
2843 710 2986 751 anno
3030 705 3145 748 rem
3192 692 3414 746 minime
3443 683 3772 761 protrahen-

2202 792 2326 845 dam
2388 803 2539 847 ratus
2572 804 2695 845 cum
2751 786 3023 858 episcopis
3074 781 3377 840 deliberare
3433 782 3645 839 statuit,
3698 788 3768 828 ac

2197 880 2455 938 Basilium
2511 882 2578 937 ad
2629 878 2922 935 concilium
2978 890 3134 931 suum
3199 872 3504 928 advocavit.
3563 870 3770 925 Przter

2199 975 2526 1030 desiderium
2560 970 2777 1029 videndi
2814 966 3197 1037 Amphilochii,
3252 973 3360 1019 tam
3402 963 3599 1018 eximia
3630 973 3766 1016 con—

2199 1064 2449 1121 veniendi
2500 1079 2663 1119 causa
2708 1060 2969 1117 Basilium
3024 1058 3097 1129 (c)
3145 1052 3468 1112 esacuebat.
3500 1056 3605 1109 Sed
3635 1062 3765 1107 eum

2200 1157 2404 1214 moveri
2435 1171 2544 1212 non
2602 1157 2857 1211 sinebant
2883 1150 3057 1208 morbi
3093 1147 3358 1218 reliquiae.
3408 1142 3589 1213 Nuper
3618 1143 3766 1199 enim

2200 1266 2360 1306 curru
2396 1251 2463 1304 ad
2502 1256 2772 1317 martyres
2812 1259 2982 1314 usque
3004 1249 3214 1302 vectus,
3264 1250 3401 1306 pene
3434 1234 3487 1288 in
3517 1237 3773 1290 eumdem

2200 1352 2397 1398 statum
2432 1340 2676 1407 relapsus
2703 1337 2905 1393 fuerat.
2932 1336 3106 1406 Rogat
3133 1330 3315 1398 itaque
3339 1335 3397 1381 ut
3424 1339 3532 1387 res,
3564 1326 3611 1379 si
3648 1322 3773 1380 lieri

2200 1436 2393 1503 possit,
2425 1433 2477 1487 in
2507 1443 2706 1501 paucos
2739 1429 2856 1485 dies
2892 1428 3194 1492 diii'eratur,
3240 1433 3413 1492 seque
3443 1417 3767 1473 adfuturum

2201 1526 2482 1595 promittit.
2518 1522 2613 1578 Sin
2648 1531 2824 1577 autem
2876 1530 3071 1591 urgent
3117 1516 3330 1590 negotia
3358 1554 3374 1580 ,
3417 1512 3661 1567 hortatur
3711 1519 3778 1564 ut

2200 1624 2459 1686 peragant
2480 1628 2598 1685 quae
2626 1612 2679 1667 in
2708 1611 2957 1666 manibus
2986 1618 3133 1677 sunt,
3161 1622 3327 1680 seque
3353 1616 3607 1672 tanquam
3632 1616 3777 1669 prae-

2200 1719 2406 1766 sentem
2436 1722 2648 1773 eorum,
2691 1717 2811 1775 quae
2842 1701 3103 1773 praeclare
3138 1709 3419 1770 gerentur,
3449 1691 3772 1768 participem

2202 1811 2505 1859 numerent.

524 1908 730 1963 buisset
776 1870 1175 1963 condendorum
1223 1911 1514 1961 canonum,
1546 1870 1646 1950 nisi
1684 1902 1839 1946 antea
1872 1889 2099 1945 absoluti
2136 1870 2175 1925 Β
2273 1895 2389 1949 Νοη
2445 1895 2664 1949 dubium
2696 1902 2780 1951 est
2809 1890 2940 1963 quin
2985 1895 3332 1959 exspectatus
3384 1885 3546 1939 fuerit
3582 1873 3776 1935 Basilii

525 1998 776 2055 fuissent.

596 2091 791 2146 Narrat
820 2087 1052 2144 Basilius
1087 2085 1164 2157 (α)
1190 2086 1242 2141 ἰη
1277 2084 1503 2154 epistola
1530 2078 1795 2136 canonica
1826 2078 2097 2141 secunda,

533 2179 843 2238 consultum
879 2193 938 2233 se
971 2176 1140 2233 fuisse
1166 2191 1195 2229 a
1241 2172 1571 2245 presbyteris
1601 2168 1980 2232 Antiochenis,
2010 2168 2100 2238 qui

542 2287 725 2329 coram
769 2269 967 2325 inildeli
1010 2268 1127 2322 viro
1160 2264 1336 2322 coacti
1372 2263 1589 2318 fuerant
1609 2261 1797 2331 jurare
1831 2273 2101 2327 nunquam

538 2379 598 2420 se
623 2360 923 2418 Antiochia
950 2357 1255 2414 sacerdotio
1293 2353 1672 2425 perfuncturus
1692 2370 1707 2417 ;
1729 2365 1893 2420 seque
1914 2360 2100 2403 aucto-

528 2472 644 2513 rem
671 2451 755 2511 eis
785 2452 975 2518 fuisse,
1027 2459 1087 2505 ut
1132 2465 1162 2504 a
1199 2446 1426 2519 publicis
1475 2445 1694 2513 quidem
1748 2440 2103 2513 conventibus

531 2548 894 2610 abstinerent,
926 2542 1179 2614 privatim
1218 2547 1398 2593 autem
1458 2535 1647 2589 munia
1705 2534 1922 2588 obirent
1983 2548 2104 2601 pre-

529 2642 895 2711 sbyterorum.
929 2636 1063 2691 Cum
1102 2642 1286 2688 autem
1325 2644 1465 2685 unus
1504 2644 1572 2684 ex
1605 2628 1733 2695 illis,
1784 2627 1982 2682 Bianor
2011 2641 2105 2679 uo-

531 2746 703 2798 mtne,
756 2729 953 2795 lconii,
1006 2724 1294 2783 Antiochia
1328 2722 1545 2787 relicta,
1574 2719 1904 2776 domicilium
1948 2732 2103 2773 suum

529 2823 941 2887 constituisset,
1002 2827 1190 2875 censet
1246 2815 1480 2869 Basilius
1524 2827 1649 2867 eum
1703 2813 1803 2864 hac
1852 2809 1968 2875 lege
1998 2823 2103 2862 non

530 2915 729 2982 teneri,
758 2923 814 2969 et
840 2912 1060 2983 publice
1091 2905 1398 2966 sacerdotio
1434 2902 1684 2974 perfungi
1720 2914 1915 2971 posse;
1945 2897 2105 2952 modo

530 3019 716 3064 tamen
758 3002 1144 3079 pmnitentiam
1202 3010 1331 3073 agat
1357 2999 1427 3055 ob
1456 2995 1670 3053 facilem
1704 3002 1758 3050 ct
1798 3001 2104 3060 promptum

532 3103 600 3158 ad
620 3099 997 3171 jusjurandum
1035 3095 1274 3152 animum

2202 1990 2483 2043 adventus.
2508 1985 2639 2039 Nam
2688 1985 2825 2040 sein
2855 1982 3106 2038 Pisidiam
3142 1979 3358 2035 venisse
3393 1985 3620 2032 testatur
3664 1970 3772 2042 (ά),

2205 2092 2404 2136 utcnm
2428 2079 2702 2149 episcopis
2739 2078 2885 2132 illius
2927 2076 3166 2145 regionis
3189 2089 3275 2139 ea,
3310 2085 3429 2141 qua:
3457 2070 3525 2123 ad
3570 2066 3777 2121 fratres

2203 2172 2424 2226 Isauriae
2454 2178 2730 2239 spectant,
2756 2174 3125 2237 componeret.
3157 2162 3291 2217 Cum
3334 2170 3514 2216 autem
3548 2157 3675 2214 huic
3700 2155 3776 2209 de

2205 2264 2557 2319 restituendis
2587 2259 2988 2331 episcopalibus
3015 2253 3391 2310 deliberationi
3421 2251 3602 2305 multis
3631 2247 3781 2301 ines-

2203 2367 2324 2411 sent
2374 2355 2745 2416 difficultates,
2795 2352 3008 2406 videtur
3064 2363 3127 2403 ea
3189 2346 3387 2399 vicisse
3451 2339 3719 2396 sententia
3750 2372 3771 2400 ,

2206 2464 2367 2519 quam
2396 2462 2540 2502 anno
2569 2446 2854 2515 superiore
2898 2449 3256 2515 proposuerat
3281 2434 3536 2497 Basilius,
3573 2440 3631 2484 ut
3658 2444 3781 2482 ma-

2207 2559 2327 2615 gnze
2356 2540 2564 2597 civitati
2622 2540 2861 2608 primum
2920 2536 3204 2605 episcopus
3250 2531 3503 2590 daretur;
3567 2534 3780 2589 suoque

2208 2634 2286 2689 illi
2324 2631 2530 2687 circulo
2558 2607 3000 2697 circumscripto,
3048 2623 3170 2692 quia
3222 2619 3433 2674 vicinos
3486 2607 3784 2669 nonnullos

2206 2726 2513 2787 ordinabat,
2537 2720 2796 2788 deinceps
2821 2730 2987 2785 penes
3018 2710 3457 2782 Amphilochium
3486 2706 3578 2777 jus
3632 2708 3784 2758 esset

2205 2828 2259 2872 et
2285 2815 2570 2871 arbitrium
2611 2812 2991 2882 episcoporum
3043 2807 3098 2861 in
3139 2803 3263 2858 aliis
3286 2800 3600 2857 civitatibus
3646 2808 3783 2850 con-

2207 2906 2625 2964 stituendorum.
2649 2902 2707 2958 Id
2736 2901 3041 2973 colligimus
3076 2912 3143 2952 ex
3173 2893 3330 2949 initio
3365 2888 3607 2962 epistola:
3642 2883 3779 2952 317,

2207 3018 2327 3067 qua:
2353 3010 2437 3057 est
2462 2999 2723 3056 canonica
2762 2995 2949 3057 tertia,
2981 2992 3073 3048 ubi
3094 2988 3327 3045 Basilius
3362 2992 3553 3040 auctor
3573 2988 3681 3042 est,
3711 2987 3777 3031 ut

2209 3096 2403 3165 aliquis
2434 3108 2499 3149 ex
2527 3093 2813 3163 neophytis
2846 3087 3130 3145 ordinetur
3162 3082 3473 3153 episcOpus,
3517 3073 3632 3165 sive
3661 3070 3783 3165 iia-

617 3163 886 3256 Meietius,
925 3189 1016 3259 qui
1041 3189 1138 3243 has
1189 3186 1399 3240 litteras
1431 3180 1644 3246 detulit,
1679 3179 1883 3234 milites
1918 3191 2104 3233 recens

2214 3163 2443 3247 ccdonio
2477 3188 2548 3241 ita
2586 3185 2856 3249 videatur,
2883 3180 2998 3237 sive
3034 3192 3162 3233 non.
3212 3171 3341 3227 Erat
3367 3182 3499 3239 ergo
3525 3163 3784 3220 Macedo-

531 3281 792 3339 collectos
809 3276 1188 3345 deducebat..G
1198 3292 1254 3329 ra
1264 3276 1471 3329 tissima
1502 3272 1602 3326 fuit
1618 3271 1816 3324 Basilio
1835 3269 2103 3324 scribendi

534 3375 602 3429 ad
630 3369 1070 3441 Amphilochium
1109 3365 1327 3422 occasio
1368 3382 1382 3419 :
1434 3364 1578 3418 hunc
1607 3370 1781 3431 rogat,
1830 3368 1888 3414 ut
1912 3359 2108 3414 invisat

534 3463 835 3521 Ecclesiam
892 3459 1309 3522 Caesariensem,
1359 3463 1646 3525 postquam
1685 3464 1774 3504 res
1822 3448 2107 3521 Lycaonia:

536 3554 923 3627 composuerit,
967 3565 1233 3619 eamque,
1290 3548 1406 3603 sive
1437 3560 1498 3601 se
1533 3546 1675 3609 vivo,
1711 3543 1826 3600 sive
1857 3551 2103 3604 mortuo,

535 3652 598 3700 ut
625 3643 898 3715 propriam
933 3648 1105 3697 curet.
1144 3635 1502 3693 Commendat
1546 3634 1599 3689 ei
1652 3632 1952 3696 Meletium,
1990 3646 2106 3685 mo-

536 3743 739 3804 netque
786 3743 849 3788 ut
900 3731 1007 3786 diei
1056 3730 1201 3785 festo
1250 3726 1421 3782 sancti
1450 3725 1744 3796 Eupsychii
1798 3739 1902 3779 non
1945 3722 2106 3787 desit,

538 3841 714 3897 neque
745 3834 1039 3896 exspectet,
1066 3824 1190 3876 dum
1221 3823 1418 3877 iterum
1454 3827 1762 3885 moneatur,
1791 3816 1901 3871 imo
1927 3816 2103 3885 ipsum

537 3917 680 3975 diem
712 3924 1050 3979 antevertat,
1080 3924 1139 3968 ut
1172 3928 1233 3967 se
1260 3911 1544 3967 esbilaret.

609 4012 746 4067 Cum
777 4008 891 4063 haec
928 4009 1195 4061 scriberet
1224 4005 1481 4069 Basilius,
1513 3999 1947 4072 Amphilochium
1995 4012 2098 4067 pu-

538 4104 688 4160 tabat
719 4101 922 4171 optima
953 4098 1031 4153 uti
1055 4097 1387 4152 valetudine.
1424 4094 1530 4149 Sed
1551 4090 1709 4162 paulo
1734 4102 1855 4161 post
1890 4088 2112 4157 scripsit

537 4192 1023 4266 Amphilochiusse
1052 4189 1106 4244 in
1126 4189 1373 4243 morbum
1408 4185 1684 4240 incidisse.
1714 4180 2109 4237 Pet-molestum

542 4288 596 4345 id
632 4286 732 4342 luit
753 4283 979 4350 Basilio,
1032 4280 1123 4351 qui
1154 4274 1521 4349 Amphilochii
1558 4272 1777 4329 videndi
1807 4285 2002 4340 magno
2029 4280 2111 4323 te-

543 4380 776 4435 nebatur
824 4374 1113 4438 desiderio,
1164 4371 1393 4440 ejusque
1444 4364 1673 4423 consilio
1711 4362 1778 4417 ad
1829 4360 1993 4414 multa
2031 4359 2105 4413 uti

540 4470 780 4526 volebat.
805 4467 911 4524 Sed
938 4467 1013 4539 (ὁ)
1032 4466 1081 4522 ei
1110 4465 1324 4520 veniam
1361 4461 1520 4515 datet
1540 4452 1954 4527 petitvicissim,
1983 4464 2103 4506 cum

2210 3282 2332 3337 nius
2360 3292 2568 3348 magna:
2601 3275 2836 3332 civitatis
2883 3272 3197 3343 episcopus,
3235 3280 3299 3320 ac
3331 3257 3606 3316 metuebat
3634 3254 3791 3310 Basi-

2209 3374 2314 3427 lius
2342 3386 2409 3427 ne
2450 3371 2496 3425 is
2516 3369 2946 3438 iurisdictionem
2980 3376 3133 3418 suam
3162 3360 3539 3430 episcoporum
3576 3352 3631 3407 in
3662 3347 3788 3404 aliis

2208 3462 2516 3518 civitatibus
2539 3460 2889 3515 ordinatione
2919 3454 3156 3512 coerceri
3185 3451 3405 3507 moleste
3447 3448 3635 3504 ferret.
3672 3441 3785 3499 Sed

2210 3554 2367 3621 hujus
2394 3554 2468 3608 rei
2498 3551 2898 3622 interpellandm
2924 3548 3158 3602 ablatum
3191 3544 3240 3600 ei
3271 3544 3361 3613 jus
3392 3543 3568 3596 fuerat
3601 3534 3787 3591 consi-

2210 3646 2280 3702 lio
2306 3644 2508 3709 Basilii,
2542 3642 2631 3713 qui
2671 3655 2827 3696 suum
2863 3639 2937 3694 illi
2969 3636 3230 3693 circulum
3262 3633 3505 3688 voluerat
3552 3628 3788 3684 circum-

2211 3738 2397 3795 scribi.
2436 3734 2778 3791 Macedonius
2826 3745 2930 3786 non
2991 3728 3081 3784 diu
3138 3726 3378 3781 lsanrum
3424 3721 3609 3776 rexit:
3657 3733 3789 3774 nam

2213 3828 2369 3897 hujus
2408 3824 2644 3882 civitatis
2689 3822 2974 3892 episcopus
3025 3816 3260 3872 Hilarius
3294 3813 3349 3868 in
3383 3809 3611 3866 concilio
3644 3807 3793 3865 Con-

2212 3916 2694 3988 stantinopolitano
2740 3923 2795 3970 et
2827 3913 2881 3969 in
2917 3909 3268 3967 Testamento
3313 3904 3485 3962 sancti
3531 3900 3783 3975 Gregorii

2211 4009 2536 4067 Nazianzeni
2566 4017 2811 4065 vocatur.

2752 4096 2979 4157 CAPUT
3015 4092 3255 4152 XXXIII.

2211 4197 2253 4253 Ι.
2290 4197 2627 4252 nasi-nonem
2647 4192 2915 4263 perturbat
2944 4187 3256 4263 Eustathius
3279 4194 3327 4263 et
3352 4188 3546 4237 multos
3569 4179 3787 4263 abstra-

2283 4249 2361 4320 liit
2388 4249 2447 4319 7a
2475 4249 2840 4319 communione
2876 4260 3087 4321 Basilii,
3128 4257 3219 4325 qui
3247 4254 3440 4325 adeo}
3478 4250 3697 4325 scribit.
3720 4249 3787 4325 Il.

2287 4319 2477 4391 Scribit
2495 4334 2654 4389 etiam
2674 4333 2742 4385 ad
2783 4319 3257 4384 Neocmaricnses.
3278 4320 3363 4377 III.
3396 4319 3597 4375 lterum
3624 4319 3789 4391 mittit

2280 4385 2593 4459 inpolitum
2619 4410 2667 4456 et
2700 4399 2806 4470 agit
2840 4401 2903 4470 de
2925 4410 3203 4470 congressu
3243 4408 3359 4470 cunt
3386 4390 3659 4470 episcopis.
3693 4385 3784 4470 Ιγ.

2284 4457 2799 4530 Νεὸέωεανὶιηεὲὸῖη
2826 4468 2954 4522 nihil
2978 4457 3619 4533 re'spondentibus'iteru‘m
3641 4457 3779 4533 scri—

545 4570 838 4629 utrumque
872 4522 1078 4614 eadem
1106 4568 1284 4612 cauete
1324 4522 1679 4612 detinuerint,
1715 4545 1937 4601 morbus
1978 4545 2105 4597 Am-
2138 4542 2184 4599 D
2284 4522 2938 4629 "gaii'blilt'aia'mm
2966 4538 3030 4591 de
3060 4522 3433 4629 riga-(amicos
3463 4522 3772 4629 litterata},

544 4650 902 4724 philochium,
942 4648 1204 4705 Basilium
1236 4655 1390 4705 vetus
1420 4641 1685 4715 aegritudo
1711 4653 1832 4711 quae
1871 4636 2107 4693 nonduin

544 4748 904 4803 abscesserat.

619 4838 684 4894 ν.
730 4836 1024 4907 Postquam
1055 4850 1087 4891 e
1138 4838 1326 4891 morbo
1358 4828 1629 4889 convaluit
1684 4824 2112 4898 Amphilochius,

546 4944 733 4987 curam
769 4937 823 4984 et
858 4926 1279 4982 sollicitudinem
1307 4923 1363 4979 in
1393 4936 1452 4978 re
1478 4918 1659 4991 magni
1693 4914 1950 4972 momenti
1979 4927 2112 4969 coa-

547 5018 819 5079 stitueuda
874 5016 1187 5084 insumpsit.
1245 5014 1391 5069 inter
1428 5011 1532 5068 alia
1580 5007 1982 5080 provinciarum
2036 5018 2124 5061 se-

548 5117 790 5184 gmenta,
813 5124 933 5180 qua:
966 5107 1220 5162 attributa
1251 5104 1433 5159 iconlo
1478 5101 1714 5165 fuerant,
1745 5098 1974 5168 insignis
2003 5102 2123 5151 erat

548 5205 743 5263 civitas
768 5200 1007 5267 Isaurus,
1034 5212 1154 5270 qua
1194 5195 1491 5267 provincia:
1522 5194 1742 5250 Isauria:
1789 5204 1983 5245 nomen
2015 5188 2113 5243 de-

549 5297 727 5359 derat,
767 5301 821 5347 et
868 5288 991 5346 inde
1046 5302 1171 5344 cum
1223 5285 1406 5341 multis
1464 5282 1590 5338 aliis
1642 5280 1857 5351 oppidis
1901 5279 2112 5341 avulsa,

544 5386 836 5461 Lycaonis:
868 5382 1115 5453 adjuncta
1163 5389 1270 5435 est.
1302 5377 1571 5432 Destituta
1609 5383 1791 5428 autem
1840 5369 2111 5441 episcopis

544 5488 708 5535 erant
737 5487 847 5533 tum
879 5489 1069 5545 magna
1105 5472 1190 5528 illa
1220 5471 1433 5536 civitas,
1460 5478 1572 5525 tum
1607 5466 1712 5521 alia
1740 5462 1957 5534 oppida,
2000 5462 2115 5516 sive

546 5568 618 5624 ab
650 5568 938 5631 hmreticis,
975 5566 1089 5621 sive
1145 5566 1212 5619 ab
1260 5562 1504 5618 hostibus
1548 5566 1794 5623 vastata;
1847 5551 2105 5609 Basiliutn

644 5710 698 5763 al
722 5707 855 5763 Can.
892 5707 979 5762 Π.

646 5775 700 5846 ο)
740 5775 1055 5846 ερίειλοι.

644 5726 676 5763 a
722 5710 855 5763 Can.
892 5710 976 5762 Π.

646 5780 676 5833 b
740 5776 976 5846 Epistﬂt

620 5710 700 5922 Et;
732 5850 827 5920 Ep.
852 5847 976 5903 202.

2292 4594 2650 4683 ﬂii—filiuni
2684 4594 2857 4666 sancti
2892 4604 3177 4683 Eupsychii
3216 4604 3271 4683 _in
3309 4594 3783 4683 PontamAproﬁ‘ci:

2287 4665 2609 4742 ieiunitas
2665 4684 2894 4737 ueniente
2947 4665 3015 4731 a'd
3040 4665 3254 4741 '[ratris
3307 4671 3485 4742 a'des,
3537 4665 3787 4742 turbatur

2293 4734 2888 4813 NEbEéaEréa.'serou
2929 4748 2996 4800 ad
3020 4734 3106 4800 eos
3147 4752 3196 4798 et
3226 4744 3294 4797 ad
3342 4739 3659 4813 Olympium.
3695 4734 3783 4790 VI.

2291 4807 2746 4882 Baiiliovredsunti
2770 4819 3049 4873 nuntiatur
3068 4814 3193 4886 quid
3219 4807 3596 4886 contra'rpsunt
3618 4807 3789 4859 liere-

2290 4881 2412 4960 lici,
2436 4894 2563 4966 quid
2586 4904 2790 4966 contra
2810 4881 3647 4966 ueletiamfaulini‘aﬁcta‘toru.
3671 4890 3785 4966 nio-

2294 4945 2721 5023 rPlures
2739 4960 2817 5028 his
2846 4957 3081 5028 iisrebus
3099 4953 3305 5028 littera.
3329 4946 3435 5002 γιι.
3463 4946 3539 5027 ρο
3566 4945 3788 5028 epistola

2292 5016 2853 5093 tertia,'et
2884 5017 3106 5096 epistola
3142 5021 3246 5077 218
3286 5033 3405 5088 qua!
3442 5016 3597 5096 ait-nul
3621 5016 3786 5067 inissa

2292 5084 2559 5164 cit-Tibi.
2578 5084 2804 5156 littera
2830 5084 3359 5164 ad'Samosatenaes,
3391 5090 3459 5142 ad
3488 5084 3786 5140 Bercenus

2291 5162 2336 5233 et
2363 5174 2729 5231 Chalcidenses
2757 5185 2849 5239 per
2870 5167 3119 5221 Acacium
3143 5162 3335 5215 inierat.

2283 5270 2325 5327 ι.
2350 5270 2551 5324 Praeter
2580 5263 2817 5319 famosos
2850 5258 3075 5321 libellos,
3102 5252 3300 5326 quibus
3342 5247 3531 5304 Basilii
3576 5246 3781 5301 famam

2218 5362 2533 5419 Eustathius
2562 5357 2922 5418 laceraverat,
2951 5347 3180 5406 occultis
3205 5344 3369 5400 etiam
3400 5340 3547 5397 illum
3578 5336 3784 5393 machi-

2221 5454 2531 5510 nationibus
2575 5450 2769 5505 Imdere
2796 5445 3110 5503 conabatur.
3140 5436 3274 5494 Nam
3308 5434 3377 5507 (ι)
3410 5433 3781 5493 Dazimonem,

2219 5560 2338 5617 quae
2363 5543 2508 5614 regio
2537 5552 2623 5599 est
2653 5538 2807 5595 Ponti
2832 5549 2987 5593 secus
3020 5533 3215 5591 iridem
3261 5531 3391 5595 sita,
3428 5521 3782 5598 perturbaveo

2290 5688 2373 5822 ἑά)
2403 5686 2500 5773 Bp.
2523 5682 2654 5739 216.

2314 5758 2361 5822 ε)
2393 5758 2491 5822 ιιι).
2514 5756 2639 5811 illi.

2314 5756 2363 5828 ε)
2514 5756 2639 5811 216.
