4038 6468
1616 381 1773 439 VITA
1815 382 1873 437 S.
1910 381 2177 439 BASILII.

3363 402 3527 444 CXXXI

273 515 380 570 rat,
421 520 485 559 ac
515 504 717 559 multos
756 506 809 559 in
845 504 1013 560 Ponto
1056 503 1343 573 episcopos
1396 516 1424 554 a
1465 504 1849 557 communione
1876 507 1923 563 Α
1952 503 2129 560 fronte
2160 500 2484 574 prodeat(n.
2515 501 2594 572 4),
2626 498 2852 565 necjam
2886 501 3246 558 calumniator
3272 504 3375 569 sit,
3433 508 3529 562 sed

274 598 458 652 Basilii
494 600 857 651 abstraxerat.
894 596 1018 650 Haec
1044 607 1224 650 autem
1273 595 1421 648 illum
1448 608 1567 648 astu
1600 595 1842 649 molitum

272 703 415 751 esse,
442 694 556 741 non
588 687 768 755 palam
805 696 860 739 et
903 696 1086 753 aperte
1140 694 1199 737 ιιι
1247 685 1301 738 in
1366 683 1593 739 famosis
1630 683 1843 748 libellis,

271 778 399 833 inde
444 779 785 848 perspicitur,
836 779 999 848 quod,
1062 790 1180 829 cum
1230 776 1278 829 ei
1333 774 1560 830 Basilius
1608 786 1844 830 motuum

271 868 430 923 Ponti
460 870 741 937 conceptis
778 868 960 921 verbis
988 880 1206 919 causam
1242 865 1291 917 in
1320 865 1482 933 epist.
1520 866 1627 919 216
1668 866 1843 919 ascri-

272 961 390 1024 bat,
450 961 502 1015 in
538 960 763 1030 epistola
790 958 897 1014 203
932 959 1166 1028 postulet
1225 968 1282 1012 ut
1322 968 1511 1013 auctor
1550 956 1840 1011 calumnia-

271 1068 391 1107 rum
433 1068 465 1107 e
499 1053 723 1107 latebris
773 1054 825 1106 in
875 1062 1120 1121 apertam
1170 1051 1344 1106 lucem
1393 1051 1640 1119 prodeat.
1693 1048 1848 1105 Basi—

271 1144 375 1197 lius
417 1142 493 1213 (a)
542 1144 744 1197 dudum
794 1143 985 1197 avebat
1013 1158 1135 1197 cum
1181 1143 1444 1212 episcopis
1500 1141 1654 1197 Ponti
1710 1158 1845 1198 con-

271 1235 471 1304 gredi:
516 1246 570 1288 at
596 1250 717 1288 eum
769 1234 1121 1288 detinuerunt
1178 1249 1357 1289 causae
1411 1235 1653 1298 eaedem,
1710 1249 1847 1303 quas

271 1340 435 1394 supra
492 1327 880 1390 recensuimus,
928 1326 1125 1391 morbi,
1161 1326 1552 1381 sollicitudines
1576 1324 1848 1380 Ecclesia-

277 1430 422 1478 rum,
466 1424 523 1469 et
570 1429 759 1482 pugnae
784 1430 905 1469 cum
939 1415 1227 1470 haereticis.
1280 1415 1385 1470 Sed
1421 1415 1582 1485 paulo
1613 1425 1736 1486 post
1764 1430 1848 1471 re-

274 1506 449 1560 ditqu
467 1521 535 1560 ex
568 1504 770 1559 Pisidia
801 1505 1085 1576 epistolam
1116 1504 1192 1576 (ὸ)
1224 1506 1445 1574 scripsit
1469 1506 1537 1561 ad
1561 1509 1844 1576 episcopos

277 1598 603 1661 maritimos,
656 1611 752 1653 eos
777 1600 1073 1667 praesertim
1112 1599 1205 1668 qui
1241 1599 1589 1654 Dazimonem
1641 1600 1845 1654 incole‘

271 1691 423 1744 bant.
462 1688 853 1745 Permolestum
905 1698 1016 1745 erat
1057 1690 1252 1744 Basilio
1299 1689 1392 1762 (c),
1450 1691 1593 1761 quod
1658 1705 1845 1746 eorum

269 1782 513 1835 charitas
567 1782 883 1853 jamdudum
931 1782 1032 1837 sibi
1073 1783 1308 1847 deesset,
1358 1797 1456 1838 nec
1510 1784 1615 1837 ulla
1666 1784 1733 1837 ab
1767 1783 1845 1838 eis

1951 606 2261 660 accusator,
2292 596 2400 649 imo
2428 609 2527 649 nec
2553 605 2862 659 accusator,
2896 596 2989 665 sed
3021 596 3189 649 frater
3227 597 3529 653 admonens

1952 688 2006 742 in
2037 687 2329 742 cbaritate.
2366 686 2485 741 Non
2520 695 2649 757 puto
2678 702 2802 740 eum
2843 687 2907 740 de
2937 686 3223 742 Eustathio
3254 689 3331 743 sic
3376 688 3530 743 locu-

1951 787 2129 833 turum
2161 778 2351 842 fuisse,
2378 779 2423 833 si
2471 780 2541 831 ab
2565 792 2629 832 eo
2670 778 2784 832 haec
2820 777 3000 831 omnia
3033 787 3151 830 orta
3184 793 3306 833 esse
3335 778 3530 849 depre-

1950 872 2245 924 hendisset.
2292 869 2457 924 Forte
2508 885 2639 940 ergo
2671 869 2721 923 id
2749 884 2854 922 non
2902 868 3284 939 deprehendit,
3318 870 3421 924 nisi
3459 886 3524 925 ex

1948 976 2246 1031 congressu
2287 976 2411 1017 cum
2447 960 2721 1031 episcopis
2776 959 2958 1015 Ponti.
2991 960 3153 1016 Certe
3203 970 3326 1030 post
3376 963 3522 1017 hunc

1947 1064 2295 1120 congressum
2349 1065 2464 1105 rem
2494 1060 2831 1121 perspectam
2863 1059 2916 1105 et
2943 1049 3282 1119 exploratam
3313 1051 3523 1105 habuit.

1951 1143 2042 1198 Sic
2086 1144 2232 1197 enim
2270 1143 2511 1213 loquitur
2545 1144 2597 1198 in
2631 1143 2857 1211 epistola
2895 1142 3001 1198 216
3033 1161 3046 1197 :
3080 1142 3248 1213 Atque
3276 1144 3393 1196 inde
3432 1160 3525 1197 nos

1946 1238 2003 1291 in
2059 1234 2287 1291 Pontum
2326 1237 2532 1306 excepit
2575 1236 2925 1307 peregrinatio
2952 1280 2966 1302 ,
3019 1252 3136 1291 cum
3179 1234 3525 1289 Dasimonem

1947 1330 2076 1383 satis
2122 1328 2481 1396 perturbasset
2507 1325 2846 1393 Eustathius,
2872 1326 3171 1396 multosque
3201 1326 3311 1378 illic
3351 1327 3526 1378 adduc

1947 1420 2129 1484 sisset,
2154 1428 2209 1470 ut
2231 1434 2285 1472 se
2314 1417 2377 1471 ab
2413 1415 2651 1471 Ecclesia
2699 1428 2881 1471 nostra
2933 1416 3317 1470 abscinderent.
3348 1415 3524 1468 Mani-

1948 1509 2085 1565 festa
2118 1517 2202 1565 est
2232 1508 2391 1579 hujus
2437 1509 2735 1563 testimonii
2769 1509 3117 1563 necessitudo
3143 1523 3263 1563 cum
3294 1507 3523 1576 epistola

1949 1603 2050 1656 hac
2078 1601 2445 1656 ducentesima
2472 1601 2653 1656 tertia.
2688 1600 2843 1667 Quod
2872 1601 3015 1655 enim
3060 1600 3165 1653 iter
3224 1598 3526 1666 suscepisse

1946 1707 2005 1746 se
2036 1692 2169 1746 dicit
2204 1692 2258 1746 iu
2311 1690 2539 1760 epistola
2584 1690 2713 1751 216,
2752 1691 2803 1745 id
2841 1690 2894 1744 in
2928 1688 3155 1759 epistola
3190 1687 3298 1743 205
3343 1703 3524 1743 susce-

1945 1792 2164 1849 pturum
2211 1798 2269 1835 se
2319 1782 2615 1851 promittit,
2673 1782 2717 1837 si
2776 1782 2956 1837 locum
3011 1780 3297 1851 designare
3361 1779 3527 1833 velint

269 1872 497 1941 epistola
520 1912 537 1939 ,
596 1873 730 1927 nulli
777 1872 960 1929 clerici
1028 1875 1294 1936 venirent,
1364 1876 1613 1942 quamvis
1663 1888 1843 1929 rerum
1876 1867 1922 1925 Β
1946 1867 2101 1923 Ponti
2136 1868 2398 1938 episcopi.
2445 1867 2625 1923 Locus
2655 1884 2722 1922 ex
2753 1878 2987 1938 utraque
3023 1877 3179 1939 parte
3208 1868 3525 1934 designatus

270 1965 623 2035 Cappaddcia:
652 1975 826 2022 status
868 1967 933 2021 ad
970 1967 1083 2023 haec
1109 1968 1285 2023 oilicia
1333 1966 1649 2037 frequenter
1692 1967 1849 2021 exhi-

272 2054 449 2111 benda
503 2071 597 2111 eos
653 2056 863 2112 hortari
914 2058 1206 2112 debuisset.
1266 2055 1403 2110 Nam
1458 2058 1726 2113 excitatos
1779 2058 1848 2114 ab

273 2148 547 2203 hatreticis
599 2146 793 2203 ﬂuctus
840 2148 1190 2218 Cappadoces
1224 2149 1595 2217 excipiebant,
1648 2150 1716 2206 iis
1755 2151 1847 2221 qui

275 2250 430 2295 retro
450 2250 608 2295 erant
631 2242 683 2294 in
718 2239 1008 2308 tranquillo
1030 2238 1369 2309 degentibus.
1400 2239 1565 2297 Forte
1589 2242 1703 2297 hac
1732 2242 1846 2311 ipsa

271 2342 439 2388 causa
467 2346 653 2387 eorum
687 2330 864 2384 studia
890 2330 1225 2385 retardabat.
1257 2331 1529 2387 Metuebat
1561 2333 1706 2388 enim
1737 2332 1848 2387 Ba-

269 2427 430 2482 silius
456 2438 542 2489 ne,
571 2423 696 2494 quia
721 2437 817 2478 eos
840 2424 1091 2479 tuebatur
1123 2423 1366 2479 locorum
1414 2424 1573 2487 situs,
1616 2425 1845 2480 aliorum

268 2515 473 2569 auxilio
505 2524 563 2569 et
606 2516 987 2571 communione
1038 2515 1351 2571 viderentur
1386 2516 1486 2572 sibi
1547 2532 1651 2574 non
1702 2518 1843 2573 indi-

268 2621 419 2677 gere,
454 2617 508 2661 et
536 2608 739 2662 idcirco
768 2607 1012 2673 vulnera,
1052 2622 1172 2677 quae
1194 2622 1382 2662 eorum
1408 2608 1604 2663 animis
1635 2608 1846 2664 calum-

269 2698 376 2753 nia
407 2696 670 2763 iecerant,
706 2698 971 2753 dilllcilius
1005 2706 1351 2752 sanarentur.
1393 2696 1642 2753 Dolorem
1689 2714 1845 2753 suum

267 2791 436 2846 corde
455 2790 769 2860 jamdudum
794 2791 1113 2859 premebat;
1152 2790 1383 2860 pudebat
1414 2790 1567 2845 enim
1599 2789 1847 2859 querelas

270 2896 399 2937 suas
427 2882 567 2950 apud
597 2891 836 2937 remotos
892 2884 1387 2937 eommunlcatores
1440 2879 1673 2933 deferre.
1734 2879 1841 2935 Sed

270 2982 457 3029 tamen
486 2986 551 3027 ea
581 2972 647 3027 de
672 2988 730 3027 re
762 2974 842 3045 (ά)
889 2989 1010 3029 cum
1048 2973 1298 3028 omnibus
1349 2968 1706 3038 Cappadociae
1735 2971 1847 3042 epi-

271 3065 453 3135 scopis
480 3066 927 3129 communicavit,
975 3064 1067 3133 qui
1095 3062 1144 3118 ei
1174 3070 1425 3116 auctores
1481 3060 1635 3117 fuere
1681 3070 1741 3116 ut
1783 3061 1847 3116 ad

1948 1974 2062 2014 rem
2091 1958 2401 2015 confirmat.
2435 1958 2569 2014 Nam
2618 1969 2679 2012 ut
2713 1959 2895 2013 Basilii
2942 1961 3229 2015 commodo
3276 1961 3528 2015 consulc-

1950 2060 2076 2105 rent
2120 2050 2278 2105 Ponti
2314 2052 2581 2122 episcopi,
2618 2059 2677 2105 ut
2725 2051 2885 2106 modo
2916 2051 3220 2106 videbimus
3247 2092 3263 2116 ,
3323 2053 3527 2107 consti-

1949 2149 2170 2195 tuerunt
2203 2157 2327 2197 cum
2362 2156 2430 2196 eo
2479 2142 2760 2212 congredi,
2794 2142 2884 2197 ubi
2932 2142 2979 2197 is
3026 2142 3321 2212 parmciam
3370 2158 3524 2198 suam

1948 2231 2182 2286 visitans
2211 2232 2278 2287 ad
2312 2233 2448 2288 lines
2478 2233 2807 2290 Comanicos
2858 2235 3120 2290 venisset.
3180 2235 3311 2291 Erat
3342 2246 3521 2290 autem

1947 2320 2202 2377 Dazimon
2236 2322 2374 2377 infra
2404 2323 2721 2379 Comanam.

2018 2410 2232 2481 Scripta
2282 2413 2493 2468 videtur
2563 2414 2793 2485 epistola
2848 2416 2954 2472 203
3003 2427 3124 2487 post
3179 2420 3413 2473 reditum
3456 2434 3525 2475 ex

1948 2503 2175 2559 Pisidia.
2228 2503 2365 2560 Nam
2398 2521 2521 2562 cum
2552 2508 2748 2564 Petrus
2797 2520 2982 2580 optata
3011 2527 3269 2581 responsa
3303 2515 3513 2567 retuliso

1947 2606 2051 2663 set,
2088 2597 2319 2654 Basilius
2365 2600 2559 2655 iterum
2606 2600 2878 2657 Meletium
2925 2604 3300 2675 presbyterum
3347 2606 3521 2667 misit.

1948 2704 2013 2745 ac
2043 2690 2326 2763 episcOpos
2371 2694 2439 2747 ob
2479 2694 2729 2761 corporis
2783 2695 3155 2750 infirmitatem
3185 2697 3414 2768 rogavit,
3467 2707 3530 2756 ut

1952 2788 2080 2835 tunc
2102 2796 2426 2851 congressus
2455 2782 2631 2853 ﬁeret,
2666 2801 2789 2839 cum
2837 2787 2953 2855 ipse
3001 2789 3053 2842 in
3105 2788 3238 2844 fines
3267 2790 3527 2846 Comani-

1951 2886 2065 2936 eos,
2106 2876 2402 2941 parmciam
2449 2892 2602 2931 suam
2657 2878 2949 2941 visitando.
3003 2881 3365 2949 pervenisset.
3402 2880 3517 2935 Non

1948 2978 2077 3036 ergo
2112 2965 2253 3021 aliud
2288 2967 2390 3023 iter
2420 2970 2808 3035 meditabatur,
2832 2986 2955 3025 cum
2986 2973 3100 3026 haec
3130 2971 3420 3039 scriberet,
3462 2989 3527 3029 ac

1951 3060 2136 3117 itineri
2169 3060 2417 3127 Pontico,
2486 3062 2642 3133 cujus
2677 3063 3010 3134 suscipiendi
3040 3065 3375 3135 gravissima
3407 3066 3530 3121 sub-

270 3159 584 3213 maritimos
604 3158 888 3226 episcopos
918 3156 1209 3220 scriberet,
1260 3169 1325 3210 ac
1358 3153 1642 3225 epistolam
1682 3154 1845 3210 Petro
1881 3220 1911 3226 _
1956 3161 2111 3208 erant
2142 3168 2342 3219 causae,
2382 3169 2565 3209 moras
2592 3153 2812 3209 aﬂerret
2836 3155 3048 3210 infirma
3075 3155 3348 3212 valetudo.

270 3250 615 3321 presbytero,
640 3220 837 3315 ipsius,
865 3254 924 3301 ut
950 3244 1244 3302 verisimile
1267 3220 1586 3310 est,'fratri,
1628 3244 1745 3297 viro
1777 3246 1842 3297 ad
1870 3220 1913 3278 (ἶ
2021 3243 2088 3298 ll.
2120 3244 2292 3299 Multo
2325 3246 2609 3313 graviores
2637 3244 2839 3300 Basilio
2874 3245 3137 3301 molestiae
3157 3247 3474 3301 acciderunt
3495 3262 3525 3302 s

271 3356 361 3409 ea,
392 3352 513 3410 quae
538 3339 761 3393 deerant
786 3337 1053 3409 epistola,
1082 3336 1343 3407 explenda
1370 3335 1575 3391 idoneo
1596 3336 1843 3391 commit-

270 3440 431 3489 teret.

342 3521 578 3594 Scripsit
628 3521 811 3592 itaque
839 3520 907 3576 ad
942 3534 1037 3576 eos
1088 3519 1373 3590 epistolam
1424 3518 1846 3574 ducentesimam

277 3617 518 3681 tertiam,
542 3628 665 3684 qua:
698 3612 949 3667 omnibus
978 3612 1262 3666 cbaritatis
1279 3619 1334 3666 et
1364 3609 1683 3664 humilitatis
1704 3609 1848 3665 notis

274 3706 506 3776 insignis
545 3712 650 3760 est.
692 3702 953 3770 Pr0ponit
1008 3702 1148 3755 viam
1181 3700 1493 3771 perfacilem
1532 3711 1585 3757 et
1628 3700 1848 3776 expedi-

272 3775 501 3851 taml’ad
547 3790 977 3862 cognoscendam
1023 3790 1331 3844 veritatem.
1372 3775 1668 3846 Profitetur
1691 3806 1849 3862 para-

271 3897 387 3943 tum
410 3900 471 3942 se
504 3899 626 3941 esse
660 3898 843 3940 coram
866 3884 947 3938 eis
979 3882 1126 3939 illata
1161 3883 1265 3939 sibi
1320 3885 1551 3941 crimina
1610 3884 1845 3953 diluere,

270 3975 432 4030 modo
452 3976 679 4030 adversa
717 3973 893 4029 fronte
920 3973 1187 4043 prodeant
1210 3974 1300 4043 qui
1338 3973 1594 4045 injuriam
1615 3973 1842 4039 faciunt,

270 4076 330 4123 ut
359 4067 404 4123 is
430 4068 520 4137 qui
554 4066 915 4129 conviciatur,
953 4078 1057 4118 non
1090 4063 1201 4131 jam
1246 4065 1315 4119 sit
1343 4064 1590 4121 diabolus
1628 4080 1723 4120 seu
1756 4080 1848 4121 ca-

268 4157 587 4225 lumniator,
624 4157 718 4212 sed
748 4165 1053 4220 accusator,
1084 4156 1192 4209 imo
1220 4170 1394 4227 neque
1422 4164 1726 4221 accusator,
1752 4156 1846 4211 sed

270 4250 444 4305 frater
472 4250 774 4303 admonens
804 4248 856 4303 in
909 4247 1175 4304 cbaritate
1204 4256 1259 4301 et
1297 4248 1363 4302 ad
1407 4246 1844 4304 emendationem

270 4355 542 4412 arguens;
578 4338 680 4409 ipsi
709 4352 839 4396 vero
869 4356 976 4397 non
1007 4340 1374 4397 conviciorum
1404 4340 1679 4397 auditores
1708 4341 1842 4408 sint,

271 4434 367 4491 sed
397 4440 837 4502 argumentorum
887 4433 1098 4504 judices
1127 4448 1141 4485 :
1176 4449 1336 4502 neque
1370 4448 1485 4497 nos,
1525 4432 1720 4502 inquit.
1765 4434 1847 4489 in-

1948 3333 2501 3400 Neocaesariensibus,
2537 3351 2701 3406 quam
2741 3336 2811 3389 ab
2850 3336 2973 3392 aliis
3002 3337 3159 3392 Ponti
3186 3338 3522 3396 civitatibus.

1948 3425 2113 3480 Erant
2152 3426 2354 3484 Basilio
2383 3443 2505 3483 cum
2543 3430 2644 3485 hac
2673 3429 2808 3484 urbe
2839 3446 3049 3501 magna:
3078 3433 3523 3489 necessitudines.

1948 3516 2187 3573 Patriam
2222 3535 2399 3586 suam,
2438 3532 2497 3576 ut
2538 3537 2699 3593 supra
2755 3523 2826 3593 (ε)
2878 3523 3133 3587 vidimus,
3167 3524 3396 3580 Pontum
3432 3541 3528 3598 ap-

1948 3608 2131 3677 pellat,
2162 3611 2286 3677 quia
2320 3612 2583 3680 puerilem
2645 3612 3043 3669 institutionem
3091 3630 3257 3685 prope
3305 3616 3524 3674 Neocae-

1948 3713 2160 3755 saream
2188 3712 2485 3771 acceperat
2516 3702 2584 3759 ab
2616 3704 2738 3759 avia
2774 3704 3035 3772 Macrina,
3073 3724 3194 3779 qua:
3218 3710 3287 3780 (Γ)
3323 3709 3525 3781 Grego-

1956 3790 2093 3845 rium
2172 3792 2399 3863 ejusque
2462 3810 2807 3853 successores
2873 3800 3164 3870 magistros
3212 3816 3276 3857 ac
3344 3814 3527 3871 patres

1953 3881 2235 3941 habuerat.
2270 3884 2532 3941 Basilium
2562 3886 2795 3942 Athenis
2824 3890 3076 3944 reducem
3107 3906 3227 3945 cum
3275 3893 3425 3947 missi
3456 3909 3524 3949 ex

1952 3976 2358 4047 magistratibus
2407 3978 2568 4049 legati
2618 3980 2715 4049 (9),
2754 3987 2867 4034 tum
2924 3991 3113 4052 postea
3171 3991 3282 4037 tota
3329 3986 3527 4043 civitas

1949 4067 2279 4123 circumfusa
2351 4070 2603 4127 maximis
2678 4073 2975 4131 honoribus
3060 4075 3282 4131 allicere
3332 4090 3523 4134 conata

1949 4156 2148 4223 fuerat,
2172 4168 2232 4213 ut
2248 4159 2549 4228 iuventutis
2572 4165 2883 4220 erudienda
2912 4166 3249 4234 provinciam
3276 4170 3521 4239 suscipe-

1949 4256 2052 4303 ret.
2103 4248 2477 4325 PrtetereaUt)
2514 4267 2725 4308 summa
2784 4267 3002 4323 semper
3052 4256 3345 4311 exstiterat
3383 4257 3524 4313 inter

1948 4348 2234 4412 utramque
2258 4342 2585 4408 Ecclesiam,
2608 4342 3001 4403 Caesariensem
3031 4352 3086 4401 et
3118 4346 3523 4405 Neoctesarien-

1948 4446 2086 4498 sem,
2137 4434 2442 4490 animorum
2498 4434 2812 4501 coniunctio
2857 4454 2871 4492 :
2926 4437 3213 4511 utriusque
3242 4439 3421 4497 clerus
3458 4456 3523 4499 ac

272 4526 447 4581 atrati
486 4525 861 4596 relinquemur,
910 4532 1089 4579 nostra
1142 4526 1291 4579 nobis
1324 4541 1426 4579 non
1469 4523 1705 4578 iudicato
1754 4525 1843 4579 de-
1876 4558 1919 4614 υ
1947 4522 2178 4593 populus
2202 4538 2342 4594 saepe
2363 4524 2555 4580 diebus
2584 4523 2737 4581 festis
2758 4526 3023 4585 obeundis
3053 4530 3519 4601 permiscebatur:

271 4619 418 4673 licio.
472 4615 601 4674 Sive
629 4620 791 4688 igitur
823 4616 877 4671 in
910 4614 1304 4685 Cappadociam
1356 4616 1540 4672 venire
1567 4614 1755 4682 velint,
1792 4628 1847 4673 et
1948 4614 2051 4684 ipsi
2081 4626 2323 4687 pastores
2344 4615 2417 4670 ita
2446 4616 2589 4672 inter
2614 4632 2672 4673 se
2700 4617 3091 4690 diligebant,ut
3116 4623 3345 4679 alterum
3368 4634 3519 4681 uter-

272 4714 447 4786 ipsius
474 4723 698 4783 peccata
748 4712 1000 4775 scrutari,
1032 4721 1214 4767 utrum
1246 4711 1373 4766 talia
1402 4714 1509 4768 sint
1536 4711 1721 4783 qualia
1753 4727 1849 4767 au-

271 4808 494 4864 dierunt
521 4819 539 4871 ;
568 4804 849 4874 pollicetur
870 4817 929 4860 so
957 4815 1052 4857 eos
1079 4804 1287 4873 supinis
1322 4804 1577 4871 manibus
1599 4814 1849 4873 exceptu-

273 4916 419 4958 rum.
450 4896 577 4955 Sive
621 4896 797 4952 locum
845 4895 1079 4967 aliquem
1111 4894 1164 4948 in
1193 4892 1363 4950 Ponto
1389 4894 1674 4967 designare
1717 4912 1833 4953 ma-

272 4994 497 5060 luerint,
525 4989 759 5045 libenter
786 5002 846 5044 se
880 5003 945 5044 eo
971 4995 1257 5043 venturum
1280 5025 1295 5052 ,
1338 4995 1396 5041 ut
1423 4987 1759 5059 probandum
1786 5002 1846 5046 se

272 5095 331 5141 et
360 5078 778 5139 examinandum
808 5078 1087 5134 exhibeat.

346 5173 426 5231 De
479 5180 702 5227 auctore
750 5167 1144 5224 calumniarum
1178 5170 1258 5226 sic
1307 5168 1542 5240 loquitur
1571 5169 1801 5226 Basilius
1826 5210 1845 5238 ,

271 5264 434 5337 quasi
464 5277 587 5319 eum
618 5276 722 5318 non
752 5268 961 5324 nosset,
990 5269 1084 5315 aut
1108 5275 1272 5315 unum
1316 5260 1548 5331 aliquem
1589 5276 1655 5317 ex
1685 5259 1846 5317 Ponti

270 5360 543 5429 episcopis
558 5370 677 5413 esse
707 5357 1105 5429 suspicaretur.
1136 5352 1378 5411 Postulat
1398 5352 1543 5411 enim
1568 5362 1626 5410 ut
1649 5362 1839 5423 aperta

346 5542 424 5613 (ιι)
451 5539 776 5613 ξρίειηξοὸ,
810 5557 865 5598 ιι.
897 5542 948 5597 i.

354 5680 416 5751 [ιι
442 5681 551 5751 Ἐρ-
578 5680 704 5751 βιβ-

349 5748 427 5817 ίιι)
448 5748 544 5815 sp.
570 5748 695 5817 eos,
724 5764 779 5803 ιι.
811 5748 863 5800 ι.

444 5814 576 5883 cap.
608 5814 655 5865 1.

1945 4721 2050 4777 que
2101 4707 2275 4761 instar
2336 4709 2577 4779 magistri
2632 4724 2696 4765 ac
2754 4712 2910 4769 ducis
2968 4714 3200 4770 haberet
3292 4715 3521 4773 Videtur

1944 4811 2160 4851 summa
2195 4796 2288 4852 illa
2311 4800 2552 4855 charitas
2589 4800 2925 4871 aliquantum
2956 4803 3240 4862 refrixisse
3265 4808 3366 4861 sub
3397 4806 3516 4861 Mu-

1946 4888 2122 4944 sonio.
2161 4889 2483 4963 Quanquam
2538 4894 2605 4961 is,
2659 4894 2759 4950 etsi
2824 4911 2977 4952 suam
3044 4898 3245 4955 Basilio
3297 4912 3517 4968 operam

1946 4983 2000 5040 in
2027 4984 2368 5042 concilianda
2402 4986 2771 5043 Ecclesiarum
2807 5006 2939 5060 pace
2963 5006 3068 5046 non
3100 4991 3358 5058 navabat,
3392 5009 3521 5047 nun-

1942 5091 2103 5145 quam
2136 5086 2317 5133 tamen
2368 5093 2487 5134 eam
2543 5080 2609 5134 ad
2643 5080 2993 5136 debellandos
3041 5082 3324 5139 haereticos
3357 5082 3520 5138 dene-

1942 5177 2208 5239 gaverat:
2262 5169 2488 5241 ejusque
2544 5181 2718 5228 morte
2776 5171 3007 5230 aillictos
3052 5173 3521 5231 Neocasarienses

1942 5261 2304 5319 disertissima
2352 5265 2580 5335 epistola
2637 5265 2949 5323 consolatus
2992 5278 3077 5323 est
3144 5264 3377 5321 Basilius
3429 5263 3517 5334 (ὅ).

1945 5354 2052 5410 Sed
2074 5354 2187 5425 jatu
2224 5365 2335 5411 tum
2366 5359 2640 5414 metuebat
2694 5374 2762 5415 ne
2807 5360 2929 5430 quis
2968 5374 3034 5415 ex
3070 5356 3380 5415 hominibus
3412 5356 3516 5411 sibi

2025 5537 2091 5605 (ι’)
2126 5536 2224 5603 Ep.
2266 5534 2389 5597 204.
2419 5553 2471 5589 ιι.
2509 5535 2559 5589 6.

2044 5604 2094 5672 g)
2124 5606 2291 5671 Epist.
2316 5607 2437 5667 illi),
2473 5621 2523 5656 ιι.
2550 5604 2603 5655 2.

2044 5614 2094 5672 g)
2124 5614 2291 5671 Epist.
2316 5614 2437 5667 “illi,
2473 5621 2523 5656 ιι.
2550 5614 2603 5655 2.

2019 5614 2094 5737 ili)
2130 5674 2291 5737 Epist.
2316 5674 2441 5736 “Illi,
2473 5688 2524 5723 ιι.
2562 5672 2610 5723 7.

2015 5740 2073 5806 li)
2109 5742 2199 5803 Ep.
2229 5739 2315 5793 28.
