4038 6474
524 415 708 458 CXX!"

1867 389 2398 447 PROLEGOMENA.

527 531 634 572 non
667 512 858 568 amicis
900 511 954 566 in
1005 510 1149 564 hanc
1198 506 1379 564 sedem
1411 504 1778 562 eveheretur:
1813 506 2095 562 denuntiat
2129 512 2168 567 Α
2198 508 2300 561 mis
2324 504 2603 563 lacessitus
2630 502 2864 575 injuriis,
2895 505 3116 573 supplex
3142 504 3282 560 ultro
3304 503 3533 569 veniret,
3561 514 3764 560 etcum

527 608 671 663 enim
700 600 1234 659 Neocaesariensibus
1257 615 1407 655 suam
1442 613 1569 655 cum
1601 598 1712 655 illis
1756 596 2095 665 conjunctio-

529 715 675 764 nem,
708 703 866 767 prout
890 694 989 749 sibi
1015 694 1327 764 episcopum
1346 692 1569 761 eligent,
1606 700 1703 745 aut
1728 690 1929 746 arctius
1959 704 2093 744 con-

528 792 778 843 strictum
802 785 891 849 iri,
924 792 1018 837 aut
1049 782 1266 852 penitus
1298 781 1621 835 relaxatum.

605 880 711 934 Usu
772 877 947 934 evenit
995 874 1138 945 quod
1192 872 1430 928 Basilius
1480 874 1753 927 metuebat
1797 889 1810 924 :
1855 885 2030 941 neque
2066 887 2095 925 a

527 969 1079 1031 Nmsariensibus,
1110 982 1178 1022 ex
1218 981 1328 1035 quo
1384 981 1582 1019 novum
1634 965 1947 1033 episeopum
1998 965 2097 1017 ba-

526 1067 715 1128 buere,
742 1063 884 1117 ullas
906 1060 1109 1116 amoris
1137 1068 1192 1113 et
1218 1056 1619 1111 communionis
1670 1056 2099 1128 significationes

527 1157 754 1227 accepit.
789 1154 941 1211 Unde
988 1151 1237 1223 queritur
1263 1148 1372 1221 (α),
1410 1148 1553 1217 quod
1603 1162 1792 1203 eorum
1821 1148 2097 1202 iracundia

529 1260 694 1304 totam
734 1246 973 1302 hominis
1025 1252 1238 1297 aetatem
1287 1242 1545 1311 perduret
1589 1258 1602 1295 :
1637 1256 1858 1295 causam
1899 1240 2101 1307 ubique

527 1342 580 1395 in
606 1340 918 1408 episcopum
956 1335 1173 1405 reiicit:
1204 1332 1505 1403 expostulat
1529 1332 1605 1401 (ὁ)
1649 1347 1771 1387 cum
1795 1332 2083 1386 Neoczesa-

527 1430 825 1491 riensibus.
856 1427 999 1497 quod
1058 1424 1182 1478 belli
1243 1424 1346 1478 sibi
1398 1422 1530 1477 illati
1593 1424 1783 1479 ducem
1816 1437 2005 1477 omnes
2031 1422 2097 1474 ad

524 1536 691 1574 unum
720 1526 1041 1587 sequantur.
1075 1516 1471 1583 'l'empestatem
1504 1514 1656 1569 abiis
1679 1514 1771 1582 qui
1800 1515 1865 1566 ad
1882 1515 2095 1568 clavum

524 1611 717 1664 sedent
744 1608 967 1662 excitari
1018 1606 1093 1659 ait
1122 1606 1218 1675 (c).
1250 1604 1424 1674 Supra
1453 1604 1763 1673 episcopum
1816 1602 2095 1657 Neocaesa-

528 1698 764 1751 riensem
796 1694 1145 1767 probavimus
1170 1706 1290 1748 esse
1320 1692 1603 1746 Atarbium
1647 1691 1821 1754 illum,
1853 1692 1943 1761 qui
1973 1707 2095 1745 cum

525 1788 784 1845 Basilium
818 1785 1162 1858 gravissimis
1210 1781 1513 1837 maledictis
1545 1784 1597 1835 in
1633 1782 1809 1836 tnedia
1869 1782 2094 1835 ecclesia

2199 598 2501 654 bominibus
2529 597 2906 668 arrogantibus
2933 597 3161 653 demisse
3183 612 3243 653 se
3280 605 3511 666 gereret,
3546 596 3768 666 scripsit

2199 688 2265 742 ad
2290 689 2631 760 presbyteros
2656 688 3123 744 Neoczesarienses
3144 726 3161 752 ,
3197 703 3263 743 ac
3302 702 3399 758 per
3439 702 3536 743 eos
3578 688 3644 743 ad
3676 697 3767 744 to-

2200 790 2309 834 tam
2337 780 2611 836 civitatem
2639 782 2798 850 epist.
2832 780 2959 835 205.
2990 780 3248 847 Queritur
3270 781 3414 848 quod
3444 796 3567 835 cum
3599 790 3677 836 tot
3698 797 3769 835 ac

2204 883 2383 927 tantas
2422 888 2544 926 cum
2578 872 2658 928 eis
2687 873 2886 928 habeat
2931 874 3352 928 necessitudinis
3382 888 3610 937 causas,
3642 884 3769 927 tan-

2199 965 2288 1019 diu
2326 966 2531 1019 invisus
2554 965 2636 1021 eis
2657 966 2750 1030 sit,
2782 980 2845 1020 ac
2869 974 3153 1034 utramque
3184 980 3367 1020 aurem
3411 964 3768 1019 calumniato-

2201 1056 2347 1111 ribus
2382 1056 2679 1125 praebeant.
2704 1054 2985 1109 Humiliter
3010 1054 3282 1110 fateturse
3302 1054 3467 1109 multa
3493 1070 3756 1124 peccare;

2202 1149 2292 1201 sed
2327 1157 2501 1217 rogat,
2526 1158 2585 1202 ut
2611 1148 2654 1203 si
2684 1147 2795 1201 vita
2828 1162 2925 1203 sua
2967 1148 3019 1203 in
3050 1147 3256 1203 crimen
3291 1156 3513 1201 vocetur
3535 1186 3550 1211 ,
3580 1161 3771 1200 coram

2201 1240 2485 1307 episcopis,
2509 1250 2601 1295 aut
2627 1254 2811 1294 coram
2835 1238 3250 1309 spectatissimis
3268 1252 3331 1291 ex
3363 1237 3628 1305 cujusque
3660 1236 3771 1291 Ec-

2200 1330 2375 1385 clesiae
2403 1330 2546 1385 clero
2575 1346 2663 1386 res
2712 1330 3052 1397 dijudicetur.
3104 1329 3255 1396 Quod
3286 1330 3330 1384 si
3361 1329 3495 1383 ﬁdes
3522 1343 3618 1383 sua
3647 1343 3773 1381 sus-

2202 1434 2351 1492 cepta
2397 1425 2486 1485 sit,
2527 1422 2760 1492 postulat
2786 1432 2844 1475 ut
2873 1421 3128 1489 scriptum
3155 1422 3478 1489 proferatur,
3503 1432 3558 1475 et
3589 1429 3645 1472 ut
3672 1434 3774 1478 oar

2202 1526 2285 1569 est
2312 1514 2667 1569 examinetur.
2726 1513 2802 1569 Ac
2830 1529 2896 1568 ne
2925 1513 3194 1566 videretur
3222 1527 3447 1567 examen
3478 1513 3763 1569 subterfu-

2201 1619 2349 1674 gere,
2381 1620 2477 1659 sua
2511 1605 2708 1674 scripta
2750 1620 2936 1659 eorum
2967 1603 3167 1670 judicio
3220 1605 3499 1670 permittit.
3550 1602 3770 1671 Scripta

2202 1696 2411 1749 videtur
2439 1696 2554 1749 haec
2586 1695 2809 1763 epistola
2837 1697 2979 1748 circa
3006 1694 3144 1749 idem
3179 1702 3389 1761 tempus
3416 1710 3479 1748 ac
3511 1696 3775 1749 ducente-

2200 1784 2337 1838 sima
2375 1784 2554 1838 tertia.
2612 1782 2917 1838 Verisimile
2974 1793 3056 1838 est
3111 1783 3254 1837 enim
3309 1780 3601 1847 Basilium,
3641 1796 3771 1837 cum

528 1850 907 1941 lacerasse,'et
932 1874 1111 1931 errori
1156 1870 1467 1927 Sabelliauo
1493 1871 1652 1927 aliine
1681 1873 1880 1942 aliquid
1903 1874 2097 1941 praatli-
2131 1850 2170 1903 Β
2201 1875 2356 1931 Ponti
2383 1877 2759 1947 episcoporum
2802 1875 3229 1931 benevolentiam
3261 1874 3573 1945 recolligere
3599 1888 3768 1930 cona-

526 1987 684 2027 casse
714 1971 1013 2032 diceretur,
1040 1966 1338 2022 accersitus
1372 1981 1403 2019 a
1428 1963 1650 2029 Basilio,
1681 1978 1784 2017 non
1808 1963 1969 2018 modo
1993 1978 2095 2017 non

524 2062 728 2133 paruit,
768 2061 864 2117 sed
896 2059 1061 2115 etiam
1110 2055 1295 2112 Basilii
1349 2056 1516 2109 vitam
1564 2064 1617 2108 et
1666 2055 1967 2109 doctrinam
2018 2055 2100 2106 in-

531 2153 753 2219 sectari,
772 2151 932 2206 fanda
954 2160 1008 2205 et
1031 2145 1257 2203 infanda
1284 2148 1336 2201 in
1355 2162 1476 2200 eum
1498 2146 1809 2199 concionari
1840 2145 2095 2213 perrexit,

522 2256 686 2313 atque
714 2241 793 2315 (α)
824 2243 984 2297 etiam
1020 2240 1267 2295 mercede
1314 2237 1591 2301 conduxit,
1612 2238 1701 2306 qui
1723 2237 1932 2290 somnia
1960 2237 2101 2291 illius

524 2335 681 2389 fama:
709 2332 989 2401 iniuriosa,
1011 2331 1223 2394 cmlitus
1237 2328 1339 2385 sibi
1360 2327 1537 2384 oblata
1562 2343 1686 2384 esse
1707 2330 1971 2398 ﬁngerent
1998 2325 2093 2400 (c).

521 2425 738 2494 Scripta
767 2423 979 2487 Basilii,
1008 2432 1069 2477 ut
1102 2420 1385 2492 profanam
1416 2420 1737 2487 sapientiam
1774 2420 2095 2485 redolentia,

520 2515 875 2587 exagitabat:
924 2529 988 2568 ac
1046 2512 1373 2569 criminandi
1428 2527 1613 2567 ansam
1659 2527 1727 2567 ex
1784 2512 1927 2567 illius
1973 2526 2096 2565 cum

522 2606 811 2663 Eustatltio
858 2604 1242 2660 communione
1297 2602 1515 2658 videtur
1588 2603 1905 2671 arripuisse.
1960 2600 2097 2657 Cau-

524 2715 641 2753 sam
677 2698 753 2770 (ι’)
803 2696 1149 2768 inexpiabilis
1193 2696 1303 2750 odii
1331 2696 1660 2766 praetexebat
1694 2692 1949 2747 nonnulla
1975 2691 2095 2746 Ca:-

523 2793 785 2847 sariensis
808 2792 1068 2846 Ecclesia:
1105 2789 1378 2857 instituta,
1420 2789 1565 2845 velut
1601 2788 1859 2858 psallendi
1909 2788 2092 2853 ritum,

523 2893 581 2938 et
606 2884 844 2939 virorum
886 2896 950 2935 ac
979 2880 1249 2949 virginum
1278 2881 1629 2943 monasteria,
1681 2894 1803 2949 qua:
1853 2894 1954 2934 nec
1994 2878 2098 2935 Ec-

521 2974 701 3029 clesia:
754 2971 1182 3028 Neocaesariensi
1238 2980 1365 3025 nota
1418 2982 1575 3025 erant
1608 3006 1626 3035 ,
1684 2986 1784 3026 nec
1849 2969 2093 3041 Gregorii

524 3078 769 3137 tempore
822 3064 1043 3119 fuerant
1093 3061 1314 3119 usitata.
1346 3060 1656 3128 Quinetiam
1689 3061 1764 3132 (g)
1808 3062 2094 3131 impudens

2200 1977 2369 2031 retur,
2403 1983 2508 2022 non
2548 1966 2853 2038 neglexisse
2884 1968 3077 2022 similia
3124 1966 3205 2022 vel
3250 1966 3431 2035 potius
3461 1965 3617 2034 longe
3646 1982 3776 2036 gra-

2198 2060 2348 2113 viora
2377 2060 2429 2113 in
2458 2058 2974 2114 Neoczesariensium
3006 2060 3199 2114 animis
3231 2058 3476 2114 vulnera.
3507 2054 3613 2113 Sed
3642 2073 3773 2113 cunt

2198 2149 2425 2205 diversae
2451 2160 2637 2206 essent
2663 2151 2716 2205 iu
2749 2152 2994 2222 utrisque
3015 2148 3332 2207 oﬂensionis
3359 2164 3563 2215 causa,
3598 2148 3777 2205 diver-

2199 2242 2276 2295 sis
2303 2257 2437 2310 opus
2470 2242 2571 2295 fuit
2593 2242 2817 2298 litteris.

2269 2332 2355 2386 ιιι.
2381 2332 2562 2387 Basilii
2600 2333 2829 2400 epistola
2873 2333 2938 2385 ad
2982 2332 3136 2389 Ponti
3174 2335 3478 2405 episcopos,
3518 2334 3608 2389 cui
3659 2348 3773 2389 non

2199 2439 2387 2495 parum
2421 2423 2655 2477 addebat
2682 2422 2937 2491 ponderis
2956 2423 3098 2479 Petri
3129 2428 3425 2498 presbyteri
3453 2425 3773 2498 prudentia,

2196 2518 2279 2572 sic
2308 2516 2518 2570 animos
2548 2514 2834 2585 permovit,
2879 2526 2936 2569 ut
2964 2519 3138 2584 parati
3184 2520 3250 2572 ad
3283 2520 3657 2587 deponendam
3687 2518 3778 2574 of-

2196 2609 2493 2666 fensionem
2545 2607 2875 2663 viderentur.
2909 2607 3089 2675 Quare
3136 2609 3365 2664 Basilius
3402 2612 3593 2665 iterum
3622 2611 3779 2668 misit

2197 2688 2320 2757 cum
2362 2701 2557 2758 litteris
2604 2699 2886 2757 Meletium
2951 2701 3325 2770 presbyterum
3359 2702 3426 2755 ad
3451 2702 3722 2769 Elpidium
3755 2742 3773 2769 ,

2197 2808 2363 2848 unum
2410 2808 2477 2849 ex
2527 2794 2796 2863 episcopis
2840 2791 3020 2856 Ponti,
3056 2793 3151 2847 sed
3186 2791 3329 2847 forte
3357 2807 3465 2847 non
3488 2806 3553 2847 ex
3580 2806 3776 2849 eorum

2197 2900 2447 2952 numero,
2470 2886 2561 2955 qui
2594 2884 2663 2939 ab
2697 2885 2955 2941 Ecclesiae
3000 2884 3352 2940 Caesariensis
3391 2884 3779 2939 communione

2197 2979 2578 3035 discesserant.
2611 2978 2811 3034 Basilio
2838 2980 2983 3034 enim
3014 2981 3247 3035 amicum
3280 2980 3334 3034 in
3386 2980 3576 3049 primis
3606 2978 3781 3036 fuisse

2197 3082 2345 3140 patet
2376 3087 2444 3125 ex
2471 3073 2573 3127 bac
2600 3082 2654 3129 et
2676 3073 2926 3142 sequenti
2962 3072 3211 3141 epistola.
3248 3073 3421 3143 Rogat
3460 3088 3586 3129 eum
3618 3072 3779 3127 Basi-

524 3159 655 3214 illud
692 3173 757 3214 os
802 3158 870 3213 de
886 3155 1185 3227 virginibus
1224 3153 1407 3250 Basilii
1436 3153 1689 3209 nonnulla
1714 3154 1938 3207 licenter
1964 3150 2093 3250 etin-
2124 3191 2168 3250 ο
2201 3166 2303 3220 lius
2326 3176 2403 3229 ιιι,
2444 3169 2488 3221 εί
2540 3170 2878 3223 necessarius
2922 3168 2971 3221 ei
3006 3169 3216 3223 videtur
3245 3184 3591 3239 congressus,
3628 3171 3779 3227 ἀρεῖ.

526 3250 714 3314 tiebat,
766 3265 885 3318 quae
937 3261 1095 3304 antea
1151 3263 1219 3304 ne
1265 3246 1498 3303 Satanas
1546 3247 1766 3317 quidem
1827 3243 2097 3300 mendacii
2132 3243 2168 3250 '
2204 3265 2332 3327 ςηει
2359 3258 2533 3312 locum
2567 3266 2622 3312 et
2654 3266 2883 3327 tempus,
2922 3275 3091 3328 seque
3116 3269 3169 3315 et
3209 3258 3368 3316 Ponti
3393 3263 3680 3333 episcopos
3710 3278 3779 3319 ea

524 3352 678 3410 pater
711 3340 955 3411 proferre
979 3355 1140 3395 ausus
1156 3340 1354 3395 fuerat.

599 3431 769 3491 Veras
796 3432 905 3490 odii
942 3446 1135 3488 causas
1164 3430 1398 3488 Basilius
1451 3431 1531 3504 (It)
1579 3432 1714 3488 duas
1761 3430 2101 3499 potissimum

528 3532 723 3599 refert,
750 3529 1011 3585 invidiam
1035 3543 1180 3584 caeco
1204 3528 1327 3598 igne
1358 3538 1696 3596 carpentem,
1717 3536 1772 3579 et
1806 3534 2007 3579 metum
2036 3538 2103 3578 ne

531 3642 562 3679 a
583 3624 786 3678 Basilio
808 3622 1099 3677 Sabelliani
1132 3622 1338 3677 erroris
1370 3628 1712 3690 argueretur.
1758 3617 1961 3673 Invidia
1994 3632 2100 3672 non

532 3714 584 3768 in
617 3712 789 3768 solum
838 3709 1094 3765 Basilium
1134 3721 1386 3778 eruperat
1419 3727 1434 3762 :
1486 3712 1582 3764 sed
1619 3712 1720 3765 boc
1762 3712 1953 3765 morbo
1989 3717 2100 3763 tota

533 3806 768 3861 bomiuis
797 3804 902 3857 vita
939 3802 1244 3856 laborabat.
1294 3800 1597 3869 lmpietatis
1631 3810 1809 3853 autem
1842 3801 1943 3854 sibi
1971 3814 2103 3855 con-

528 3898 675 3951 scius
715 3894 895 3950 Basilii
926 3908 1282 3962 congressum
1344 3903 1502 3946 caute
1536 3890 1795 3961 fugiebat.
1824 3888 1927 3945 Vix
1959 3890 2102 3945 enim

530 4004 730 4060 negare
771 3991 1076 4060 potuisset,
1107 4004 1229 4040 cum
1287 3998 1452 4042 testes
1492 3987 1640 4041 illius
1683 4000 1991 4039 sermonum
2018 4000 2104 4038 es-

527 4093 648 4140 sent
681 4097 787 4136 non
821 4080 997 4151 pauci.
1044 4079 1301 4134 Auditum
1339 4088 1459 4133 erat
1511 4095 1578 4132 ex
1613 4094 1699 4142 eo,
1749 4093 1868 4132 cum
1899 4078 2104 4131 diceret

530 4170 607 4239 (n.
642 4170 697 4240 3)
726 4184 919 4224 nomen
967 4167 1267 4222 adversarii
1312 4166 1566 4221 traditum
1616 4182 1769 4229 esse,
1822 4165 2101 4236 Unigeniti

528 4276 658 4315 vero
682 4276 1037 4331 nequaquam.
1070 4260 1192 4315 llaec
1219 4259 1422 4314 Basilio
1459 4260 1716 4329 pudorem
1742 4257 2098 4321 incutiebant,

531 4351 659 4420 quia
691 4353 1129 4421 consanguineus
1175 4352 1321 4405 illius
1372 4360 1490 4405 erat
1539 4349 1834 4419 impietatis
1887 4358 2101 4401 auctor.

527 4441 663 4496 Cum
696 4448 875 4495 autem
909 4449 1051 4494 esset
1077 4439 1167 4494 ille
1195 4439 1278 4493 vir
1306 4439 1707 4494 indoctissiutus
1728 4477 1744 4503 ,
1776 4448 1834 4491 ut
1868 4436 2102 4491 Basilius

2204 3351 2270 3403 de
2302 3364 2357 3403 rc
2380 3352 2662 3404 certiorem
2696 3348 2879 3403 faciat.
2912 3348 3140 3414 Quidam
3162 3365 3228 3403 ex
3260 3352 3362 3406 hoc
3387 3353 3776 3408 convocando-

2206 3458 2321 3497 rum
2346 3442 2723 3512 episcoporum
2768 3456 2991 3495 munere
3011 3478 3027 3506 ,
3072 3457 3181 3509 quo
3212 3442 3524 3510 perfunctus
3556 3454 3641 3499 est
3672 3447 3782 3504 hoc

2203 3534 2255 3588 in
2290 3532 2511 3602 negotio
2533 3531 2795 3601 Elpidius,
2824 3532 3204 3586 concluserunt
3236 3547 3360 3587 eum
3403 3535 3781 3602 metropolita-

2204 3637 2332 3676 num
2362 3620 2528 3676 fuisse
2567 3620 2747 3685 Ponti,
2780 3632 2942 3691 atque
2972 3628 3107 3676 adeo
3136 3623 3449 3692 episcopum
3502 3621 3782 3679 Neocaesa-

2205 3712 2439 3766 riensem
2469 3719 2524 3764 et
2568 3709 2801 3764 Musonii
2859 3725 3254 3767 successorem.
3288 3711 3395 3766 Sed
3429 3710 3546 3766 haec
3591 3713 3781 3781 opinio

2202 3802 2504 3856 consistere
2530 3816 2635 3856 non
2675 3812 2853 3871 potest
2877 3817 3000 3855 curn
3032 3804 3097 3857 iis
3130 3818 3250 3873 qua:
3278 3805 3345 3858 de
3363 3804 3616 3875 episcopo
3636 3803 3782 3859 Neo-

2210 3890 2519 3944 caesariensi
2549 3889 2806 3942 diximus.
2834 3889 3248 3958 Potuitquidem
3276 3892 3537 3961 Elpidius,
3568 3901 3626 3948 ut
3657 3903 3783 3949 erat

2203 3988 2364 4034 :etate
2398 3987 2704 4046 provectus,
2742 3976 2820 4048 (It)
2852 3981 3249 4047 metropolitani
3278 3984 3593 4050 dignitatem
3632 3985 3781 4040 obti-

2205 4087 2354 4139 nere,
2397 4086 2517 4141 quaa
2559 4070 2612 4125 in
2673 4068 2847 4125 Ponto
2897 4073 3041 4125 atati
3096 4070 3457 4141 deferebatur,
3507 4076 3780 4131 interdum

2202 4165 2367 4220 etiam
2398 4165 2583 4219 virtuti
2616 4163 2733 4234 (l);
2783 4173 2840 4219 ut
2876 4162 3122 4219 Musonio
3159 4163 3387 4218 delatam
3446 4182 3607 4233 supra
3640 4170 3782 4223 vidi-

2206 4273 2344 4311 mus.
2397 4257 2504 4311 Sed
2531 4294 2547 4321 ,
2582 4259 2915 4312 utobservat
2958 4256 3356 4321 Tillemoutius,
3408 4272 3529 4312 cum
3558 4270 3783 4327 rogetur

2207 4347 2445 4417 Elpidius
2489 4358 2547 4402 ut
2566 4356 2623 4403 et
2641 4348 2837 4404 Basilio
2856 4358 2912 4403 et
2936 4348 3197 4416 episcopis
3210 4346 3361 4403 Ponti
3380 4349 3624 4419 designet
3643 4361 3782 4405 tem-

2205 4453 2303 4507 pus
2335 4446 2389 4491 et
2422 4440 2595 4494 locum
2625 4454 2982 4509 congressus;
3027 4441 3485 4509 quemadmodum
3510 4443 3634 4498 inde
3656 4445 3775 4498 col-

527 4530 593 4602 (i)
628 4545 735 4585 non
768 4530 1002 4585 obscure
1026 4528 1251 4593 indicat,
1283 4543 1347 4582 ac
1377 4528 1555 4596 impiis
1588 4529 1701 4582 suis
1731 4525 2099 4582 cavillationl-
2141 4544 2181 4598 ο
2209 4531 2293 4600 ligi
2322 4548 2427 4587 non
2460 4543 2637 4605 potest
2668 4549 2791 4588 eum
2816 4535 2869 4588 in
2902 4534 3155 4591 Basiliutn
3193 4537 3315 4607 jura
3355 4539 3775 4605 metropolitana

528 4622 631 4676 bus
651 4637 721 4677 ne
753 4621 1235 4677 verisimilitudinis
1256 4620 1473 4690 quidem
1505 4619 1740 4673 colorem
1767 4620 1975 4674 illinere
2008 4633 2102 4672 va-

532 4710 668 4764 leret
694 4708 781 4778 (jl,
818 4726 1031 4765 errores
1060 4724 1185 4764 suos
1237 4712 1418 4779 inepto
1466 4709 1678 4764 cuidam
1714 4710 1917 4777 scripto
1951 4724 2103 4762 tuan-

530 4803 771 4865 daverat,
804 4801 947 4869 quod
979 4801 1044 4853 ad
1075 4800 1345 4857 Meletiutu
1378 4801 1627 4865 missum,
1696 4808 1752 4854 et
1802 4811 2100 4854 retrorsum

530 4908 561 4945 a
592 4902 780 4947 sancto
803 4892 941 4956 viro,
966 4900 1023 4945 ut
1052 4906 1146 4961 par
1169 4903 1307 4957 erat,
1334 4893 1611 4961 reiectum,
1638 4892 1751 4960 ipse
1772 4891 1823 4945 in
1846 4892 2100 4955 tenebris,

534 4982 672 5037 velut
704 4995 905 5037 matres
938 4997 1058 5051 quae
1084 4992 1320 5035 monstra
1374 4990 1739 5053 pepererunt,
1771 4982 1967 5039 alebat.
2004 4980 2106 5036 Pe-

534 5074 797 5127 riclitatus
848 5074 1009 5127 etiam
1042 5072 1215 5128 fuerat
1268 5072 1321 5125 in
1361 5074 1597 5143 quadam
1641 5073 1870 5142 cpistola
1910 5072 2103 5126 Anlhi-

535 5180 679 5219 mum
708 5166 1061 5236 Tyanensem,
1114 5165 1393 5236 proposito
1428 5166 1662 5235 quodam
1687 5164 1934 5235 Gregorii
1966 5164 2101 5219 Neo-

533 5260 871 5313 caesariensis
899 5260 1233 5315 testimonio.

604 5347 857 5415 Basilius,
881 5350 973 5419 qui
994 5366 1051 5404 se
1083 5349 1399 5407 dedecorari
1432 5364 1535 5405 non
1577 5352 1818 5419 putabat,
1851 5353 1892 5407 si
1930 5351 2100 5404 maxi-

603 5464 681 5672 ἓαζ
714 5464 811 5533 Ep.
838 5467 961 5529 204,
996 5484 1049 5521 ιι.
1080 5468 1131 5522 1.

630 5540 655 5588 b
721 5536 819 5603 Ep.
844 5537 971 5603 207,
1005 5555 1058 5592 ιι.
1099 5540 1121 5590 1

629 5610 674 5672 ε)
706 5606 804 5672 Ep.
834 5606 958 5667 2w,
986 5627 1040 5660 ιι.
1069 5610 1123 5661 2.

630 5536 678 5603 b)
721 5536 819 5603 Ep.
844 5537 971 5603 207,
1005 5555 1058 5592 ιι.
1099 5540 1151 5591 ι.

629 5610 674 5672 ε)
706 5606 804 5673 Ep.
834 5606 958 5667 2w,
986 5627 1040 5660 ιι.
1069 5610 1123 5661 2.

607 5676 683 5745 (ά)
724 5679 818 5743 Ep.
850 5677 974 5741 207,
1011 5695 1063 5728 Il.
1096 5682 1119 5728 1

611 5749 677 5811 te)
710 5747 803 5811 Ep.
828 5746 955 5807 294,
989 5762 1041 5797 n.
1070 5746 1121 5798 5.

610 5815 676 5878 (β’)
714 5812 810 5879 Ep.
838 5815 964 5877 207,
993 5831 1044 5866 ιι.
1074 5814 1130 5868 2.

2212 4623 2486 4691 habuisse,
2519 4626 2593 4679 ita
2619 4624 2951 4694 probabilius
2988 4638 3072 4683 est
3120 4645 3225 4683 non
3266 4629 3401 4683 alias
3425 4643 3547 4683 eum
3581 4631 3684 4686 bac
3725 4634 3780 4687 in

2211 4732 2268 4770 re
2298 4734 2456 4787 quam
2482 4716 2642 4773 amici
2675 4726 2728 4772 et
2759 4719 3073 4791 interpretis
3100 4722 3244 4776 vices
3273 4719 3599 4778 defendisse.

2278 4807 2501 4862 Diﬂicile
2524 4808 2591 4863 ad
2616 4809 2991 4879 explicandum
3022 4812 3193 4881 prima
3219 4812 3401 4880 specie
3426 4813 3656 4875 videtur,
3679 4828 3782 4867 cur

2208 4892 2437 4947 Basilius
2454 4892 2809 4950 dicatiterum
2835 4911 2863 4949 a
2886 4911 2943 4950 se
2974 4894 3247 4949 Meletium
3274 4898 3779 4967 compresbyterum

2208 4985 2368 5038 mitti.
2402 4982 2519 5038 Non
2564 4985 2708 5040 enim
2760 4986 2906 5041 illum
2948 4995 3108 5041 antea
3151 4988 3390 5056 miserat,
3432 4989 3527 5045 sed
3558 4988 3777 5043 Petrum

2207 5078 2599 5147 presbyterum.
2625 5077 2730 5132 Sed
2762 5078 3051 5131 verisimile
3088 5089 3172 5134 cst
3196 5095 3318 5135 eum
3347 5081 3507 5136 simul
3530 5093 3649 5132 cum
3676 5079 3779 5135 Pe-

2206 5177 2290 5222 tro
2320 5170 2540 5222 missum
2568 5169 2734 5223 fuisse
2756 5212 2769 5229 .
2806 5168 2906 5223 etsi
2939 5168 3110 5223 solum
3150 5170 3368 5224 Petrum
3400 5168 3639 5223 nominat
3666 5170 3774 5225 Ba-

2209 5262 2363 5316 silius
2392 5260 2445 5315 iu
2474 5262 2631 5331 epist.
2655 5261 2779 5315 203.
2812 5260 2925 5315 Mos
2955 5262 3099 5315 enim
3131 5271 3248 5315 erat
3274 5275 3439 5315 unum
3470 5261 3777 5328 nominare,

2211 5352 2459 5423 quamvis
2490 5354 2595 5407 duo
2618 5355 2977 5419 mitterentur,
3009 5366 3063 5407 ut
3084 5354 3493 5410 observavimus
3516 5352 3582 5409 ad
3616 5358 3780 5427 epist.

2279 5469 2358 5535 (9)
2394 5466 2487 5535 Ep.
2510 5467 2639 5532 207,
2665 5485 2720 5521 ιι.
2754 5470 2810 5521 2.

2280 5539 2355 5605 (It)
2392 5537 2488 5608 Ep.
2526 5540 2650 5600 2|8,
2686 5557 2738 5591 n.
2763 5541 2818 5593 2.

2280 5608 2342 5672 (ί)
2382 5608 2474 5673 Ep.
2506 5608 2637 5671 θοι,
2674 5628 2725 5663 ll.
2757 5613 2809 5671 5,
2839 5620 2890 5664 et
2912 5610 3037 5678 207,
3076 5629 3126 5665 ll.
3154 5612 3199 5664 ι.

2282 5678 2349 5745 (j)
2385 5678 2480 5745 Ep.
2509 5680 2612 5732 2i0
2635 5722 2647 5741 ,
2683 5698 2735 5734 ιι.
2766 5682 2821 5737 5.

2283 5748 2355 5815 (lt)
2390 5748 2485 5816 Ep.
2520 5748 2647 5804 206.

2288 5819 2345 5885 (ι)
2377 5818 2471 5885 Ep.
2498 5819 2585 5872 25.
