  <div class='ocr_page' id='page_1' title='image "/cluster/home/n/w/nwhite01/storage/ocr_20150623/29/ien.35556001660547/145.png"; bbox 0 0 4038 6516; ppageno 0'>
   <div class='ocr_carea' id='block_1_1' title="bbox 1594 417 2155 478">
    <p class='ocr_par' dir='ltr' id='par_1_1' title="bbox 1594 417 2155 478">
     <span class='ocr_line' id='line_1_1' title="bbox 1594 417 2155 478; baseline 0.002 -2"><span class='ocrx_word' id='word_1_1' title='bbox 1594 418 1753 478; x_wconf 73' lang='grc' dir='ltr'><strong>νιτΑ</strong></span> <span class='ocrx_word' id='word_1_2' title='bbox 1795 420 1851 476; x_wconf 89' lang='lat' dir='ltr'><strong>S.</strong></span> <span class='ocrx_word' id='word_1_3' title='bbox 1889 417 2155 477; x_wconf 82' lang='lat' dir='ltr'><strong>BASILII.</strong></span> 
     </span>
    </p>
   </div>
   <div class='ocr_carea' id='block_1_2' title="bbox 259 542 1903 616">
    <p class='ocr_par' dir='ltr' id='par_1_2' title="bbox 259 542 1903 616">
     <span class='ocr_line' id='line_1_2' title="bbox 259 542 1903 616; baseline -0.004 -11"><span class='ocrx_word' id='word_1_4' title='bbox 259 549 385 605; x_wconf 67' lang='grc'><strong>245.</strong></span> <span class='ocrx_word' id='word_1_5' title='bbox 423 550 557 604; x_wconf 85' lang='lat' dir='ltr'><strong>Eum</strong></span> <span class='ocrx_word' id='word_1_6' title='bbox 585 542 745 616; x_wconf 87' lang='lat' dir='ltr'><strong>paulo</strong></span> <span class='ocrx_word' id='word_1_7' title='bbox 772 557 897 604; x_wconf 87' lang='lat' dir='ltr'><strong>ante</strong></span> <span class='ocrx_word' id='word_1_8' title='bbox 918 545 1157 616; x_wconf 85' lang='lat' dir='ltr'><strong>ejusdem</strong></span> <span class='ocrx_word' id='word_1_9' title='bbox 1185 546 1396 601; x_wconf 75' lang='lat' dir='ltr'><strong>itineris</strong></span> <span class='ocrx_word' id='word_1_10' title='bbox 1422 544 1634 605; x_wconf 89' lang='lat' dir='ltr'><strong>labores</strong></span> <span class='ocrx_word' id='word_1_11' title='bbox 1660 551 1829 603; x_wconf 82' lang='lat' dir='ltr'><strong>susti-</strong></span> <span class='ocrx_word' id='word_1_12' title='bbox 1865 556 1903 610; x_wconf 78' lang='grc' dir='ltr'><strong>Α</strong></span> 
     </span>
    </p>
   </div>
   <div class='ocr_carea' id='block_1_3' title="bbox 266 637 1837 707">
    <p class='ocr_par' dir='ltr' id='par_1_3' title="bbox 266 637 1837 707">
     <span class='ocr_line' id='line_1_3' title="bbox 266 637 1837 707; baseline -0.003 -13"><span class='ocrx_word' id='word_1_13' title='bbox 266 644 471 701; x_wconf 85' lang='lat' dir='ltr'><strong>nuisse,</strong></span> <span class='ocrx_word' id='word_1_14' title='bbox 504 637 629 692; x_wconf 87' lang='lat' dir='ltr'><strong>inde</strong></span> <span class='ocrx_word' id='word_1_15' title='bbox 652 640 814 693; x_wconf 91' lang='lat' dir='ltr'><strong>etiam</strong></span> <span class='ocrx_word' id='word_1_16' title='bbox 844 638 1154 693; x_wconf 88' lang='lat' dir='ltr'><strong>conﬁrmari</strong></span> <span class='ocrx_word' id='word_1_17' title='bbox 1191 649 1387 707; x_wconf 87' lang='lat' dir='ltr'><strong>potest,</strong></span> <span class='ocrx_word' id='word_1_18' title='bbox 1424 639 1568 705; x_wconf 92' lang='lat' dir='ltr'><strong>quod</strong></span> <span class='ocrx_word' id='word_1_19' title='bbox 1604 637 1837 693; x_wconf 85' lang='lat' dir='ltr'><strong>Basilius</strong></span> 
     </span>
    </p>
   </div>
   <div class='ocr_carea' id='block_1_4' title="bbox 3292 430 3501 475">
    <p class='ocr_par' dir='ltr' id='par_1_4' title="bbox 3292 430 3501 475">
     <span class='ocr_line' id='line_1_4' title="bbox 3292 430 3501 475; baseline 0.005 -1"><span class='ocrx_word' id='word_1_20' title='bbox 3292 430 3501 475; x_wconf 68' lang='grc' dir='ltr'><strong>ειικιιι</strong></span> 
     </span>
    </p>
   </div>
   <div class='ocr_carea' id='block_1_5' title="bbox 1938 542 3507 616">
    <p class='ocr_par' dir='ltr' id='par_1_5' title="bbox 1938 542 3507 616">
     <span class='ocr_line' id='line_1_5' title="bbox 1938 542 3507 616; baseline 0.001 -19"><span class='ocrx_word' id='word_1_21' title='bbox 1938 546 2144 616; x_wconf 82' lang='lat' dir='ltr'><strong>ptione.</strong></span> <span class='ocrx_word' id='word_1_22' title='bbox 2179 547 2272 598; x_wconf 89' lang='lat' dir='ltr'><strong>sed</strong></span> <span class='ocrx_word' id='word_1_23' title='bbox 2304 543 2471 607; x_wconf 89' lang='lat' dir='ltr'><strong>liquet</strong></span> <span class='ocrx_word' id='word_1_24' title='bbox 2495 544 2756 614; x_wconf 89' lang='lat' dir='ltr'><strong>scriptam</strong></span> <span class='ocrx_word' id='word_1_25' title='bbox 2788 559 2909 601; x_wconf 88' lang='lat' dir='ltr'><strong>esse</strong></span> <span class='ocrx_word' id='word_1_26' title='bbox 2950 542 3150 600; x_wconf 82' lang='lat' dir='ltr'><strong>homini</strong></span> <span class='ocrx_word' id='word_1_27' title='bbox 3196 543 3377 614; x_wconf 65' lang='lat' dir='ltr'><strong>praelia</strong></span> <span class='ocrx_word' id='word_1_28' title='bbox 3408 556 3507 615; x_wconf 81' lang='lat' dir='ltr'><strong>pro</strong></span> 
     </span>
    </p>
   </div>
   <div class='ocr_carea' id='block_1_6' title="bbox 1938 633 3505 705">
    <p class='ocr_par' dir='ltr' id='par_1_6' title="bbox 1938 633 3505 705">
     <span class='ocr_line' id='line_1_6' title="bbox 1938 633 3505 705; baseline -0.001 -16"><span class='ocrx_word' id='word_1_29' title='bbox 1938 636 2142 692; x_wconf 84' lang='lat' dir='ltr'><strong>Basilio</strong></span> <span class='ocrx_word' id='word_1_30' title='bbox 2170 633 2493 697; x_wconf 80' lang='lat' dir='ltr'><strong>sustinenti,</strong></span> <span class='ocrx_word' id='word_1_31' title='bbox 2512 647 2566 691; x_wconf 89' lang='lat' dir='ltr'><strong>et</strong></span> <span class='ocrx_word' id='word_1_32' title='bbox 2599 636 2738 691; x_wconf 91' lang='lat' dir='ltr'><strong>inter</strong></span> <span class='ocrx_word' id='word_1_33' title='bbox 2760 634 3035 691; x_wconf 82' lang='lat' dir='ltr'><strong>hominum</strong></span> <span class='ocrx_word' id='word_1_34' title='bbox 3056 648 3225 705; x_wconf 89' lang='lat' dir='ltr'><strong>genus</strong></span> <span class='ocrx_word' id='word_1_35' title='bbox 3248 634 3505 696; x_wconf 82' lang='lat' dir='ltr'><strong>versanti,</strong></span> 
     </span>
    </p>
   </div>
   <div class='ocr_carea' id='block_1_7' title="bbox 264 723 3505 798">
    <p class='ocr_par' dir='ltr' id='par_1_7' title="bbox 264 723 3505 798">
     <span class='ocr_line' id='line_1_7' title="bbox 264 723 3505 798; baseline -0.002 -15"><span class='ocrx_word' id='word_1_36' title='bbox 264 732 312 783; x_wconf 86' lang='lat' dir='ltr'><strong>ei</strong></span> <span class='ocrx_word' id='word_1_37' title='bbox 344 740 570 794; x_wconf 82' lang='lat' dir='ltr'><strong>parcere</strong></span> <span class='ocrx_word' id='word_1_38' title='bbox 607 736 875 781; x_wconf 84' lang='lat' dir='ltr'><strong>statuerat</strong></span> <span class='ocrx_word' id='word_1_39' title='bbox 904 726 975 778; x_wconf 92' lang='lat' dir='ltr'><strong>ob</strong></span> <span class='ocrx_word' id='word_1_40' title='bbox 1004 728 1188 782; x_wconf 89' lang='lat' dir='ltr'><strong>carnis</strong></span> <span class='ocrx_word' id='word_1_41' title='bbox 1228 726 1598 780; x_wconf 89' lang='lat' dir='ltr'><strong>inﬁrmitatem</strong></span> <span class='ocrx_word' id='word_1_42' title='bbox 1624 766 1639 789; x_wconf 93' lang='lat'><strong>,</strong></span> <span class='ocrx_word' id='word_1_43' title='bbox 1674 741 1835 795; x_wconf 89' lang='lat' dir='ltr'><strong>quam</strong></span> <span class='ocrx_word' id='word_1_44' title='bbox 1937 731 2027 798; x_wconf 91' lang='lat' dir='ltr'><strong>qui</strong></span> <span class='ocrx_word' id='word_1_45' title='bbox 2054 726 2255 782; x_wconf 87' lang='lat' dir='ltr'><strong>Basilio</strong></span> <span class='ocrx_word' id='word_1_46' title='bbox 2285 724 2439 779; x_wconf 82' lang='lat' dir='ltr'><strong>valde</strong></span> <span class='ocrx_word' id='word_1_47' title='bbox 2479 728 2889 783; x_wconf 88' lang='lat' dir='ltr'><strong>succensebaut.</strong></span> <span class='ocrx_word' id='word_1_48' title='bbox 2943 727 3097 782; x_wconf 80' lang='lat' dir='ltr'><strong>Unde</strong></span> <span class='ocrx_word' id='word_1_49' title='bbox 3127 733 3377 795; x_wconf 80' lang='lat' dir='ltr'><strong>precatur</strong></span> <span class='ocrx_word' id='word_1_50' title='bbox 3402 723 3505 777; x_wconf 86' lang='lat' dir='ltr'><strong>Ba-</strong></span> 
     </span>
    </p>
   </div>
   <div class='ocr_carea' id='block_1_8' title="bbox 266 816 1838 885">
    <p class='ocr_par' dir='ltr' id='par_1_8' title="bbox 266 816 1838 885">
     <span class='ocr_line' id='line_1_8' title="bbox 266 816 1838 885; baseline 0 -14"><span class='ocrx_word' id='word_1_51' title='bbox 266 819 367 871; x_wconf 87' lang='lat' dir='ltr'><strong>sihi</strong></span> <span class='ocrx_word' id='word_1_52' title='bbox 401 830 593 885; x_wconf 86' lang='lat' dir='ltr'><strong>sponte</strong></span> <span class='ocrx_word' id='word_1_53' title='bbox 622 819 949 878; x_wconf 88' lang='lat' dir='ltr'><strong>adsciverat,</strong></span> <span class='ocrx_word' id='word_1_54' title='bbox 992 831 1212 873; x_wconf 89' lang='lat' dir='ltr'><strong>carnem</strong></span> <span class='ocrx_word' id='word_1_55' title='bbox 1261 816 1313 868; x_wconf 91' lang='lat' dir='ltr'><strong>in</strong></span> <span class='ocrx_word' id='word_1_56' title='bbox 1347 816 1660 869; x_wconf 84' lang='lat' dir='ltr'><strong>servitutem</strong></span> <span class='ocrx_word' id='word_1_57' title='bbox 1699 816 1838 871; x_wconf 85' lang='lat' dir='ltr'><strong>redi-</strong></span> 
     </span>
    </p>
   </div>
   <div class='ocr_carea' id='block_1_9' title="bbox 267 906 1836 976">
    <p class='ocr_par' dir='ltr' id='par_1_9' title="bbox 267 906 1836 976">
     <span class='ocr_line' id='line_1_9' title="bbox 267 906 1836 976; baseline 0.003 -19"><span class='ocrx_word' id='word_1_58' title='bbox 267 921 401 976; x_wconf 87' lang='lat' dir='ltr'><strong>gens</strong></span> <span class='ocrx_word' id='word_1_59' title='bbox 426 909 497 965; x_wconf 91' lang='lat' dir='ltr'><strong>ob</strong></span> <span class='ocrx_word' id='word_1_60' title='bbox 520 907 866 976; x_wconf 85' lang='lat' dir='ltr'><strong>Evangelium</strong></span> <span class='ocrx_word' id='word_1_61' title='bbox 896 908 1135 975; x_wconf 81' lang='lat' dir='ltr'><strong>Christi;</strong></span> <span class='ocrx_word' id='word_1_62' title='bbox 1174 907 1267 962; x_wconf 89' lang='lat' dir='ltr'><strong>sed</strong></span> <span class='ocrx_word' id='word_1_63' title='bbox 1302 921 1423 960; x_wconf 91' lang='lat' dir='ltr'><strong>cum</strong></span> <span class='ocrx_word' id='word_1_64' title='bbox 1443 906 1545 961; x_wconf 83' lang='lat' dir='ltr'><strong>sibi</strong></span> <span class='ocrx_word' id='word_1_65' title='bbox 1575 906 1836 962; x_wconf 90' lang='lat' dir='ltr'><strong>decorum</strong></span> 
     </span>
    </p>
   </div>
   <div class='ocr_carea' id='block_1_10' title="bbox 268 995 1838 1068">
    <p class='ocr_par' dir='ltr' id='par_1_10' title="bbox 268 995 1838 1068">
     <span class='ocr_line' id='line_1_10' title="bbox 268 995 1838 1068; baseline 0 -15"><span class='ocrx_word' id='word_1_66' title='bbox 268 1015 390 1055; x_wconf 89' lang='lat' dir='ltr'><strong>esse</strong></span> <span class='ocrx_word' id='word_1_67' title='bbox 432 1001 750 1068; x_wconf 76' lang='lat' dir='ltr'><strong>intelligeret</strong></span> <span class='ocrx_word' id='word_1_68' title='bbox 794 998 1057 1066; x_wconf 86' lang='lat' dir='ltr'><strong>Elpidium</strong></span> <span class='ocrx_word' id='word_1_69' title='bbox 1102 1013 1197 1066; x_wconf 90' lang='lat' dir='ltr'><strong>per</strong></span> <span class='ocrx_word' id='word_1_70' title='bbox 1248 995 1514 1064; x_wconf 81' lang='lat' dir='ltr'><strong>ejusmodi</strong></span> <span class='ocrx_word' id='word_1_71' title='bbox 1565 998 1838 1053; x_wconf 87' lang='lat' dir='ltr'><strong>hominem</strong></span> 
     </span>
    </p>
   </div>
   <div class='ocr_carea' id='block_1_11' title="bbox 270 1087 1839 1158">
    <p class='ocr_par' dir='ltr' id='par_1_11' title="bbox 270 1087 1839 1158">
     <span class='ocr_line' id='line_1_11' title="bbox 270 1087 1839 1158; baseline -0.003 -13"><span class='ocrx_word' id='word_1_72' title='bbox 270 1092 526 1150; x_wconf 77' lang='lat' dir='ltr'><strong>Salutare,</strong></span> <span class='ocrx_word' id='word_1_73' title='bbox 562 1102 624 1140; x_wconf 87' lang='lat' dir='ltr'><strong>ac</strong></span> <span class='ocrx_word' id='word_1_74' title='bbox 652 1087 765 1156; x_wconf 87' lang='lat' dir='ltr'><strong>ipse</strong></span> <span class='ocrx_word' id='word_1_75' title='bbox 794 1087 1061 1154; x_wconf 75' lang='lat' dir='ltr'><strong>Meletius,</strong></span> <span class='ocrx_word' id='word_1_76' title='bbox 1082 1104 1147 1141; x_wconf 85' lang='lat' dir='ltr'><strong>ex</strong></span> <span class='ocrx_word' id='word_1_77' title='bbox 1166 1102 1270 1156; x_wconf 88' lang='lat' dir='ltr'><strong>quo</strong></span> <span class='ocrx_word' id='word_1_78' title='bbox 1294 1100 1517 1144; x_wconf 86' lang='lat' dir='ltr'><strong>noverat</strong></span> <span class='ocrx_word' id='word_1_79' title='bbox 1545 1088 1839 1158; x_wconf 88' lang='lat' dir='ltr'><strong>Elpidium,</strong></span> 
     </span>
    </p>
   </div>
   <div class='ocr_carea' id='block_1_12' title="bbox 273 1176 1844 1248">
    <p class='ocr_par' dir='ltr' id='par_1_12' title="bbox 273 1176 1844 1248">
     <span class='ocr_line' id='line_1_12' title="bbox 273 1176 1844 1248; baseline -0.001 -14"><span class='ocrx_word' id='word_1_80' title='bbox 273 1195 469 1248; x_wconf 79' lang='lat' dir='ltr'><strong>magno</strong></span> <span class='ocrx_word' id='word_1_81' title='bbox 506 1176 649 1231; x_wconf 89' lang='lat' dir='ltr'><strong>illius</strong></span> <span class='ocrx_word' id='word_1_82' title='bbox 681 1178 893 1232; x_wconf 84' lang='lat' dir='ltr'><strong>videndi</strong></span> <span class='ocrx_word' id='word_1_83' title='bbox 938 1177 1205 1231; x_wconf 90' lang='lat' dir='ltr'><strong>desiderio</strong></span> <span class='ocrx_word' id='word_1_84' title='bbox 1251 1188 1559 1242; x_wconf 89' lang='lat' dir='ltr'><strong>teneretur;</strong></span> <span class='ocrx_word' id='word_1_85' title='bbox 1603 1178 1844 1232; x_wconf 80' lang='lat' dir='ltr'><strong>exoravit</strong></span> 
     </span>
    </p>
   </div>
   <div class='ocr_carea' id='block_1_13' title="bbox 270 1266 1839 1339">
    <p class='ocr_par' dir='ltr' id='par_1_13' title="bbox 270 1266 1839 1339">
     <span class='ocr_line' id='line_1_13' title="bbox 270 1266 1839 1339; baseline 0.001 -17"><span class='ocrx_word' id='word_1_86' title='bbox 270 1284 393 1323; x_wconf 89' lang='lat' dir='ltr'><strong>eum</strong></span> <span class='ocrx_word' id='word_1_87' title='bbox 435 1266 683 1329; x_wconf 85' lang='lat' dir='ltr'><strong>Basilius,</strong></span> <span class='ocrx_word' id='word_1_88' title='bbox 713 1276 770 1321; x_wconf 91' lang='lat' dir='ltr'><strong>ut</strong></span> <span class='ocrx_word' id='word_1_89' title='bbox 794 1268 991 1320; x_wconf 90' lang='lat' dir='ltr'><strong>iterum</strong></span> <span class='ocrx_word' id='word_1_90' title='bbox 1019 1268 1072 1322; x_wconf 91' lang='lat' dir='ltr'><strong>in</strong></span> <span class='ocrx_word' id='word_1_91' title='bbox 1114 1267 1344 1323; x_wconf 83' lang='lat' dir='ltr'><strong>Pontum</strong></span> <span class='ocrx_word' id='word_1_92' title='bbox 1384 1270 1839 1339; x_wconf 90' lang='lat' dir='ltr'><strong>proﬁcisceretur.</strong></span> 
     </span>
    </p>
   </div>
   <div class='ocr_carea' id='block_1_14' title="bbox 342 1358 1845 1429">
    <p class='ocr_par' dir='ltr' id='par_1_14' title="bbox 342 1358 1845 1429">
     <span class='ocr_line' id='line_1_14' title="bbox 342 1358 1845 1429; baseline 0.007 -21"><span class='ocrx_word' id='word_1_93' title='bbox 342 1358 603 1424; x_wconf 75' lang='lat' dir='ltr'><strong>Quamvis</strong></span> <span class='ocrx_word' id='word_1_94' title='bbox 638 1358 866 1413; x_wconf 83' lang='lat' dir='ltr'><strong>Basilius</strong></span> <span class='ocrx_word' id='word_1_95' title='bbox 892 1375 988 1429; x_wconf 94' lang='lat' dir='ltr'><strong>pro</strong></span> <span class='ocrx_word' id='word_1_96' title='bbox 1024 1376 1236 1415; x_wconf 88' lang='lat' dir='ltr'><strong>summa</strong></span> <span class='ocrx_word' id='word_1_97' title='bbox 1278 1378 1370 1416; x_wconf 90' lang='lat' dir='ltr'><strong>sua</strong></span> <span class='ocrx_word' id='word_1_98' title='bbox 1424 1363 1729 1418; x_wconf 87' lang='lat' dir='ltr'><strong>urbanitate</strong></span> <span class='ocrx_word' id='word_1_99' title='bbox 1767 1363 1845 1417; x_wconf 63' lang='lat' dir='ltr'><strong>lo~</strong></span> 
     </span>
    </p>
   </div>
   <div class='ocr_carea' id='block_1_15' title="bbox 272 1452 1842 1522">
    <p class='ocr_par' dir='ltr' id='par_1_15' title="bbox 272 1452 1842 1522">
     <span class='ocr_line' id='line_1_15' title="bbox 272 1452 1842 1522; baseline 0.003 -18"><span class='ocrx_word' id='word_1_100' title='bbox 272 1466 394 1504; x_wconf 93' lang='lat' dir='ltr'><strong>cum</strong></span> <span class='ocrx_word' id='word_1_101' title='bbox 423 1458 479 1503; x_wconf 90' lang='lat' dir='ltr'><strong>et</strong></span> <span class='ocrx_word' id='word_1_102' title='bbox 524 1458 733 1519; x_wconf 86' lang='lat' dir='ltr'><strong>tempus</strong></span> <span class='ocrx_word' id='word_1_103' title='bbox 783 1466 1107 1522; x_wconf 88' lang='lat' dir='ltr'><strong>congressus</strong></span> <span class='ocrx_word' id='word_1_104' title='bbox 1147 1452 1355 1520; x_wconf 83' lang='lat' dir='ltr'><strong>Elpidio</strong></span> <span class='ocrx_word' id='word_1_105' title='bbox 1405 1454 1842 1509; x_wconf 87' lang='lat' dir='ltr'><strong>constituendum</strong></span> 
     </span>
    </p>
   </div>
   <div class='ocr_carea' id='block_1_16' title="bbox 276 1545 1847 1615">
    <p class='ocr_par' dir='ltr' id='par_1_16' title="bbox 276 1545 1847 1615">
     <span class='ocr_line' id='line_1_16' title="bbox 276 1545 1847 1615; baseline 0.002 -18"><span class='ocrx_word' id='word_1_106' title='bbox 276 1545 543 1613; x_wconf 76' lang='lat' dir='ltr'><strong>relinquat</strong></span> <span class='ocrx_word' id='word_1_107' title='bbox 571 1586 586 1611; x_wconf 90' lang='lat'><strong>,</strong></span> <span class='ocrx_word' id='word_1_108' title='bbox 624 1546 767 1599; x_wconf 86' lang='lat' dir='ltr'><strong>dedit</strong></span> <span class='ocrx_word' id='word_1_109' title='bbox 794 1558 967 1600; x_wconf 90' lang='lat' dir='ltr'><strong>tamen</strong></span> <span class='ocrx_word' id='word_1_110' title='bbox 1003 1548 1053 1598; x_wconf 90' lang='lat' dir='ltr'><strong>itt</strong></span> <span class='ocrx_word' id='word_1_111' title='bbox 1086 1547 1351 1601; x_wconf 81' lang='lat' dir='ltr'><strong>mandatis</strong></span> <span class='ocrx_word' id='word_1_112' title='bbox 1382 1546 1618 1611; x_wconf 81' lang='lat' dir='ltr'><strong>Meletio,</strong></span> <span class='ocrx_word' id='word_1_113' title='bbox 1654 1556 1712 1600; x_wconf 91' lang='lat' dir='ltr'><strong>ut</strong></span> <span class='ocrx_word' id='word_1_114' title='bbox 1736 1548 1847 1615; x_wconf 86' lang='lat' dir='ltr'><strong>epi-</strong></span> 
     </span>
    </p>
   </div>
   <div class='ocr_carea' id='block_1_17' title="bbox 275 1636 1849 1706">
    <p class='ocr_par' dir='ltr' id='par_1_17' title="bbox 275 1636 1849 1706">
     <span class='ocr_line' id='line_1_17' title="bbox 275 1636 1849 1706; baseline 0.002 -17"><span class='ocrx_word' id='word_1_115' title='bbox 275 1638 456 1706; x_wconf 86' lang='lat' dir='ltr'><strong>scopis</strong></span> <span class='ocrx_word' id='word_1_116' title='bbox 506 1640 841 1691; x_wconf 88' lang='lat' dir='ltr'><strong>demonstret</strong></span> <span class='ocrx_word' id='word_1_117' title='bbox 906 1638 1345 1703; x_wconf 86' lang='lat' dir='ltr'><strong>percommodum</strong></span> <span class='ocrx_word' id='word_1_118' title='bbox 1410 1638 1516 1693; x_wconf 85' lang='lat' dir='ltr'><strong>sibi</strong></span> <span class='ocrx_word' id='word_1_119' title='bbox 1561 1636 1739 1691; x_wconf 93' lang='lat' dir='ltr'><strong>locum</strong></span> <span class='ocrx_word' id='word_1_120' title='bbox 1795 1648 1849 1692; x_wconf 89' lang='lat' dir='ltr'><strong>et</strong></span> 
     </span>
    </p>
   </div>
   <div class='ocr_carea' id='block_1_18' title="bbox 280 1729 1847 1800">
    <p class='ocr_par' dir='ltr' id='par_1_18' title="bbox 280 1729 1847 1800">
     <span class='ocr_line' id='line_1_18' title="bbox 280 1729 1847 1800; baseline 0.001 -18"><span class='ocrx_word' id='word_1_121' title='bbox 280 1740 490 1798; x_wconf 81' lang='lat' dir='ltr'><strong>tempus</strong></span> <span class='ocrx_word' id='word_1_122' title='bbox 521 1729 659 1790; x_wconf 88' lang='lat' dir='ltr'><strong>fore,</strong></span> <span class='ocrx_word' id='word_1_123' title='bbox 691 1729 736 1781; x_wconf 93' lang='lat' dir='ltr'><strong>si</strong></span> <span class='ocrx_word' id='word_1_124' title='bbox 773 1736 901 1781; x_wconf 92' lang='lat' dir='ltr'><strong>tunc</strong></span> <span class='ocrx_word' id='word_1_125' title='bbox 936 1743 1257 1800; x_wconf 89' lang='lat' dir='ltr'><strong>congressus</strong></span> <span class='ocrx_word' id='word_1_126' title='bbox 1304 1730 1479 1793; x_wconf 80' lang='lat' dir='ltr'><strong>ﬁeret,</strong></span> <span class='ocrx_word' id='word_1_127' title='bbox 1509 1743 1631 1782; x_wconf 90' lang='lat' dir='ltr'><strong>cum</strong></span> <span class='ocrx_word' id='word_1_128' title='bbox 1668 1742 1847 1797; x_wconf 76' lang='lat' dir='ltr'><strong>parce-</strong></span> 
     </span>
    </p>
   </div>
   <div class='ocr_carea' id='block_1_19' title="bbox 276 1818 1847 1891">
    <p class='ocr_par' dir='ltr' id='par_1_19' title="bbox 276 1818 1847 1891">
     <span class='ocr_line' id='line_1_19' title="bbox 276 1818 1847 1891; baseline 0.001 -19"><span class='ocrx_word' id='word_1_129' title='bbox 276 1822 372 1872; x_wconf 66' lang='lat' dir='ltr'><strong>ciae</strong></span> <span class='ocrx_word' id='word_1_130' title='bbox 412 1835 524 1871; x_wconf 73' lang='lat' dir='ltr'><strong>suae</strong></span> <span class='ocrx_word' id='word_1_131' title='bbox 553 1832 719 1886; x_wconf 89' lang='lat' dir='ltr'><strong>pagos</strong></span> <span class='ocrx_word' id='word_1_132' title='bbox 767 1818 989 1873; x_wconf 87' lang='lat' dir='ltr'><strong>visitans</strong></span> <span class='ocrx_word' id='word_1_133' title='bbox 1028 1820 1094 1872; x_wconf 91' lang='lat' dir='ltr'><strong>ad</strong></span> <span class='ocrx_word' id='word_1_134' title='bbox 1120 1818 1446 1873; x_wconf 86' lang='lat' dir='ltr'><strong>Comanicos</strong></span> <span class='ocrx_word' id='word_1_135' title='bbox 1493 1819 1627 1875; x_wconf 88' lang='lat' dir='ltr'><strong>lines</strong></span> <span class='ocrx_word' id='word_1_136' title='bbox 1654 1835 1847 1891; x_wconf 81' lang='lat' dir='ltr'><strong>perve-</strong></span> 
     </span>
    </p>
   </div>
   <div class='ocr_carea' id='block_1_20' title="bbox 1940 813 3507 883">
    <p class='ocr_par' dir='ltr' id='par_1_20' title="bbox 1940 813 3507 883">
     <span class='ocr_line' id='line_1_20' title="bbox 1940 813 3507 883; baseline 0.001 -14"><span class='ocrx_word' id='word_1_137' title='bbox 1940 817 2109 883; x_wconf 85' lang='lat' dir='ltr'><strong>silius,</strong></span> <span class='ocrx_word' id='word_1_138' title='bbox 2143 826 2201 871; x_wconf 91' lang='lat' dir='ltr'><strong>ut</strong></span> <span class='ocrx_word' id='word_1_139' title='bbox 2230 825 2284 872; x_wconf 90' lang='lat' dir='ltr'><strong>et</strong></span> <span class='ocrx_word' id='word_1_140' title='bbox 2321 814 2411 869; x_wconf 89' lang='lat' dir='ltr'><strong>ille</strong></span> <span class='ocrx_word' id='word_1_141' title='bbox 2453 813 2596 869; x_wconf 89' lang='lat' dir='ltr'><strong>idem</strong></span> <span class='ocrx_word' id='word_1_142' title='bbox 2635 825 2971 883; x_wconf 85' lang='lat' dir='ltr'><strong>permaneat,</strong></span> <span class='ocrx_word' id='word_1_143' title='bbox 3004 826 3058 869; x_wconf 91' lang='lat' dir='ltr'><strong>et</strong></span> <span class='ocrx_word' id='word_1_144' title='bbox 3108 814 3196 871; x_wconf 83' lang='lat' dir='ltr'><strong>isti</strong></span> <span class='ocrx_word' id='word_1_145' title='bbox 3254 816 3507 870; x_wconf 79' lang='lat' dir='ltr'><strong>meliores</strong></span> 
     </span>
    </p>
   </div>
   <div class='ocr_carea' id='block_1_21' title="bbox 1943 908 2093 961">
    <p class='ocr_par' dir='ltr' id='par_1_21' title="bbox 1943 908 2093 961">
     <span class='ocr_line' id='line_1_21' title="bbox 1943 908 2093 961; baseline 0 0"><span class='ocrx_word' id='word_1_146' title='bbox 1943 908 2093 961; x_wconf 82' lang='lat' dir='ltr'><strong>ﬁant.</strong></span> 
     </span>
    </p>
   </div>
   <div class='ocr_carea' id='block_1_22' title="bbox 2017 992 3505 1069">
    <p class='ocr_par' dir='ltr' id='par_1_22' title="bbox 2017 992 3505 1069">
     <span class='ocr_line' id='line_1_22' title="bbox 2017 992 3505 1069; baseline 0.001 -18"><span class='ocrx_word' id='word_1_147' title='bbox 2017 995 2079 1051; x_wconf 73' lang='grc' dir='ltr'><strong>ν.</strong></span> <span class='ocrx_word' id='word_1_148' title='bbox 2110 999 2410 1069; x_wconf 86' lang='lat' dir='ltr'><strong>Antequam</strong></span> <span class='ocrx_word' id='word_1_149' title='bbox 2429 995 2660 1052; x_wconf 83' lang='lat' dir='ltr'><strong>Basilius</strong></span> <span class='ocrx_word' id='word_1_150' title='bbox 2688 998 2739 1051; x_wconf 93' lang='lat' dir='ltr'><strong>in</strong></span> <span class='ocrx_word' id='word_1_151' title='bbox 2779 992 3004 1054; x_wconf 82' lang='lat' dir='ltr'><strong>Pontum</strong></span> <span class='ocrx_word' id='word_1_152' title='bbox 3048 996 3505 1069; x_wconf 85' lang='lat' dir='ltr'><strong>proficisceretur,</strong></span> 
     </span>
    </p>
   </div>
   <div class='ocr_carea' id='block_1_23' title="bbox 1944 1086 3509 1159">
    <p class='ocr_par' dir='ltr' id='par_1_23' title="bbox 1944 1086 3509 1159">
     <span class='ocr_line' id='line_1_23' title="bbox 1944 1086 3509 1159; baseline -0.001 -14"><span class='ocrx_word' id='word_1_153' title='bbox 1944 1089 2240 1145; x_wconf 76' lang='lat' dir='ltr'><strong>Celebravit</strong></span> <span class='ocrx_word' id='word_1_154' title='bbox 2261 1092 2402 1145; x_wconf 88' lang='lat' dir='ltr'><strong>diem</strong></span> <span class='ocrx_word' id='word_1_155' title='bbox 2444 1087 2641 1144; x_wconf 83' lang='lat' dir='ltr'><strong>festum</strong></span> <span class='ocrx_word' id='word_1_156' title='bbox 2671 1086 2731 1144; x_wconf 90' lang='lat' dir='ltr'><strong>S.</strong></span> <span class='ocrx_word' id='word_1_157' title='bbox 2761 1087 3070 1159; x_wconf 77' lang='lat' dir='ltr'><strong>Ettpsyt-hii,</strong></span> <span class='ocrx_word' id='word_1_158' title='bbox 3123 1091 3210 1146; x_wconf 87' lang='lat' dir='ltr'><strong>cui</strong></span> <span class='ocrx_word' id='word_1_159' title='bbox 3265 1090 3509 1145; x_wconf 87' lang='lat' dir='ltr'><strong>interfuit</strong></span> 
     </span>
    </p>
   </div>
   <div class='ocr_carea' id='block_1_24' title="bbox 1944 1179 3509 1250">
    <p class='ocr_par' dir='ltr' id='par_1_24' title="bbox 1944 1179 3509 1250">
     <span class='ocr_line' id='line_1_24' title="bbox 1944 1179 3509 1250; baseline 0.002 -16"><span class='ocrx_word' id='word_1_160' title='bbox 1944 1181 2378 1250; x_wconf 84' lang='lat' dir='ltr'><strong>Amphilochius,</strong></span> <span class='ocrx_word' id='word_1_161' title='bbox 2428 1190 2487 1235; x_wconf 92' lang='lat' dir='ltr'><strong>ut</strong></span> <span class='ocrx_word' id='word_1_162' title='bbox 2508 1179 2825 1248; x_wconf 89' lang='lat' dir='ltr'><strong>jamdudum</strong></span> <span class='ocrx_word' id='word_1_163' title='bbox 2853 1194 3066 1249; x_wconf 87' lang='lat' dir='ltr'><strong>rogatus</strong></span> <span class='ocrx_word' id='word_1_164' title='bbox 3098 1199 3126 1237; x_wconf 87' lang='lat' dir='ltr'><strong>a</strong></span> <span class='ocrx_word' id='word_1_165' title='bbox 3163 1181 3363 1236; x_wconf 80' lang='lat' dir='ltr'><strong>Basilio</strong></span> <span class='ocrx_word' id='word_1_166' title='bbox 3391 1182 3509 1237; x_wconf 64' lang='lat' dir='ltr'><strong>fuco</strong></span> 
     </span>
    </p>
   </div>
   <div class='ocr_carea' id='block_1_25' title="bbox 1946 1269 3513 1342">
    <p class='ocr_par' dir='ltr' id='par_1_25' title="bbox 1946 1269 3513 1342">
     <span class='ocr_line' id='line_1_25' title="bbox 1946 1269 3513 1342; baseline 0.001 -16"><span class='ocrx_word' id='word_1_167' title='bbox 1946 1280 2049 1326; x_wconf 89' lang='lat' dir='ltr'><strong>rat.</strong></span> <span class='ocrx_word' id='word_1_168' title='bbox 2073 1271 2191 1327; x_wconf 83' lang='lat' dir='ltr'><strong>Jam</strong></span> <span class='ocrx_word' id='word_1_169' title='bbox 2215 1274 2519 1328; x_wconf 88' lang='lat' dir='ltr'><strong>absolutum</strong></span> <span class='ocrx_word' id='word_1_170' title='bbox 2534 1280 2801 1338; x_wconf 88' lang='lat' dir='ltr'><strong>eratopus</strong></span> <span class='ocrx_word' id='word_1_171' title='bbox 2819 1271 2883 1325; x_wconf 88' lang='lat' dir='ltr'><strong>de</strong></span> <span class='ocrx_word' id='word_1_172' title='bbox 2905 1269 3106 1339; x_wconf 82' lang='lat' dir='ltr'><strong>Spiritu</strong></span> <span class='ocrx_word' id='word_1_173' title='bbox 3132 1284 3337 1335; x_wconf 85' lang='lat' dir='ltr'><strong>sancto.</strong></span> <span class='ocrx_word' id='word_1_174' title='bbox 3368 1275 3513 1342; x_wconf 90' lang='lat' dir='ltr'><strong>quod</strong></span> 
     </span>
    </p>
   </div>
   <div class='ocr_carea' id='block_1_26' title="bbox 1947 1361 3515 1435">
    <p class='ocr_par' dir='ltr' id='par_1_26' title="bbox 1947 1361 3515 1435">
     <span class='ocr_line' id='line_1_26' title="bbox 1947 1361 3515 1435; baseline 0.001 -18"><span class='ocrx_word' id='word_1_175' title='bbox 1947 1363 2177 1418; x_wconf 79' lang='lat' dir='ltr'><strong>Basilius</strong></span> <span class='ocrx_word' id='word_1_176' title='bbox 2212 1365 2379 1435; x_wconf 88' lang='lat' dir='ltr'><strong>ipsius</strong></span> <span class='ocrx_word' id='word_1_177' title='bbox 2401 1365 2619 1419; x_wconf 85' lang='lat' dir='ltr'><strong>hortatu</strong></span> <span class='ocrx_word' id='word_1_178' title='bbox 2648 1374 2963 1432; x_wconf 84' lang='lat' dir='ltr'><strong>susceperat</strong></span> <span class='ocrx_word' id='word_1_179' title='bbox 2984 1369 3023 1428; x_wconf 74' lang='grc' dir='ltr'><strong>ς*</strong></span> <span class='ocrx_word' id='word_1_180' title='bbox 3044 1367 3137 1417; x_wconf 91' lang='lat' dir='ltr'><strong>sed</strong></span> <span class='ocrx_word' id='word_1_181' title='bbox 3172 1369 3382 1421; x_wconf 91' lang='lat' dir='ltr'><strong>videtur</strong></span> <span class='ocrx_word' id='word_1_182' title='bbox 3416 1361 3515 1419; x_wconf 82' lang='lat' dir='ltr'><strong>Ba-</strong></span> 
     </span>
    </p>
   </div>
   <div class='ocr_carea' id='block_1_27' title="bbox 1948 1456 3510 1527">
    <p class='ocr_par' dir='ltr' id='par_1_27' title="bbox 1948 1456 3510 1527">
     <span class='ocr_line' id='line_1_27' title="bbox 1948 1456 3510 1527; baseline 0.001 -15"><span class='ocrx_word' id='word_1_183' title='bbox 1948 1456 2103 1512; x_wconf 89' lang='lat' dir='ltr'><strong>silius</strong></span> <span class='ocrx_word' id='word_1_184' title='bbox 2132 1456 2261 1511; x_wconf 89' lang='lat' dir='ltr'><strong>illud</strong></span> <span class='ocrx_word' id='word_1_185' title='bbox 2299 1456 2543 1526; x_wconf 79' lang='lat' dir='ltr'><strong>relegere</strong></span> <span class='ocrx_word' id='word_1_186' title='bbox 2574 1463 2627 1509; x_wconf 91' lang='lat' dir='ltr'><strong>ct</strong></span> <span class='ocrx_word' id='word_1_187' title='bbox 2653 1465 2953 1509; x_wconf 77' lang='lat' dir='ltr'><strong>extremam</strong></span> <span class='ocrx_word' id='word_1_188' title='bbox 2991 1470 3203 1508; x_wconf 90' lang='lat' dir='ltr'><strong>manum</strong></span> <span class='ocrx_word' id='word_1_189' title='bbox 3231 1457 3510 1527; x_wconf 76' lang='lat' dir='ltr'><strong>imponere</strong></span> 
     </span>
    </p>
   </div>
   <div class='ocr_carea' id='block_1_28' title="bbox 1951 1544 3512 1615">
    <p class='ocr_par' dir='ltr' id='par_1_28' title="bbox 1951 1544 3512 1615">
     <span class='ocr_line' id='line_1_28' title="bbox 1951 1544 3512 1615; baseline 0.003 -15"><span class='ocrx_word' id='word_1_190' title='bbox 1951 1546 2213 1609; x_wconf 84' lang='lat' dir='ltr'><strong>voluisse,</strong></span> <span class='ocrx_word' id='word_1_191' title='bbox 2244 1561 2308 1600; x_wconf 91' lang='lat' dir='ltr'><strong>ac</strong></span> <span class='ocrx_word' id='word_1_192' title='bbox 2357 1547 2562 1601; x_wconf 91' lang='lat' dir='ltr'><strong>idcirco</strong></span> <span class='ocrx_word' id='word_1_193' title='bbox 2594 1544 2943 1601; x_wconf 81' lang='lat' dir='ltr'><strong>auferendum</strong></span> <span class='ocrx_word' id='word_1_194' title='bbox 2980 1546 3358 1615; x_wconf 81' lang='lat' dir='ltr'><strong>Amphilochio</strong></span> <span class='ocrx_word' id='word_1_195' title='bbox 3404 1565 3512 1604; x_wconf 91' lang='lat' dir='ltr'><strong>non</strong></span> 
     </span>
    </p>
   </div>
   <div class='ocr_carea' id='block_1_29' title="bbox 1948 1635 3520 1706">
    <p class='ocr_par' dir='ltr' id='par_1_29' title="bbox 1948 1635 3520 1706">
     <span class='ocr_line' id='line_1_29' title="bbox 1948 1635 3520 1706; baseline -0.001 -12"><span class='ocrx_word' id='word_1_196' title='bbox 1948 1638 2179 1694; x_wconf 83' lang='lat' dir='ltr'><strong>dedisse.</strong></span> <span class='ocrx_word' id='word_1_197' title='bbox 2216 1635 2354 1702; x_wconf 85' lang='lat' dir='ltr'><strong>Quin</strong></span> <span class='ocrx_word' id='word_1_198' title='bbox 2394 1636 2557 1690; x_wconf 89' lang='lat' dir='ltr'><strong>etiam</strong></span> <span class='ocrx_word' id='word_1_199' title='bbox 2586 1653 2706 1690; x_wconf 90' lang='lat' dir='ltr'><strong>cum</strong></span> <span class='ocrx_word' id='word_1_200' title='bbox 2747 1647 2932 1706; x_wconf 85' lang='lat' dir='ltr'><strong>postea</strong></span> <span class='ocrx_word' id='word_1_201' title='bbox 2967 1637 3123 1691; x_wconf 77' lang='lat' dir='ltr'><strong>vellet</strong></span> <span class='ocrx_word' id='word_1_202' title='bbox 3156 1640 3520 1700; x_wconf 74' lang='lat' dir='ltr'><strong>mitterc,mo-</strong></span> 
     </span>
    </p>
   </div>
   <div class='ocr_carea' id='block_1_30' title="bbox 1951 1723 3515 1794">
    <p class='ocr_par' dir='ltr' id='par_1_30' title="bbox 1951 1723 3515 1794">
     <span class='ocr_line' id='line_1_30' title="bbox 1951 1723 3515 1794; baseline -0.001 -13"><span class='ocrx_word' id='word_1_203' title='bbox 1951 1743 2066 1782; x_wconf 93' lang='lat' dir='ltr'><strong>ram</strong></span> <span class='ocrx_word' id='word_1_204' title='bbox 2104 1726 2405 1780; x_wconf 84' lang='lat' dir='ltr'><strong>attulerunt</strong></span> <span class='ocrx_word' id='word_1_205' title='bbox 2436 1726 2555 1778; x_wconf 88' lang='lat' dir='ltr'><strong>data</strong></span> <span class='ocrx_word' id='word_1_206' title='bbox 2586 1725 2825 1780; x_wconf 87' lang='lat' dir='ltr'><strong>librariis</strong></span> <span class='ocrx_word' id='word_1_207' title='bbox 2853 1725 2922 1779; x_wconf 90' lang='lat' dir='ltr'><strong>ab</strong></span> <span class='ocrx_word' id='word_1_208' title='bbox 2953 1723 3331 1794; x_wconf 78' lang='lat' dir='ltr'><strong>Aznphilocliio</strong></span> <span class='ocrx_word' id='word_1_209' title='bbox 3360 1741 3515 1780; x_wconf 39' lang='lat' dir='ltr'><strong>mane</strong></span> 
     </span>
    </p>
   </div>
   <div class='ocr_carea' id='block_1_31' title="bbox 1953 1817 3516 1886">
    <p class='ocr_par' dir='ltr' id='par_1_31' title="bbox 1953 1817 3516 1886">
     <span class='ocr_line' id='line_1_31' title="bbox 1953 1817 3516 1886; baseline 0.001 -14"><span class='ocrx_word' id='word_1_210' title='bbox 1953 1823 2099 1886; x_wconf 89' lang='lat' dir='ltr'><strong>data,</strong></span> <span class='ocrx_word' id='word_1_211' title='bbox 2156 1830 2213 1874; x_wconf 93' lang='lat' dir='ltr'><strong>ut</strong></span> <span class='ocrx_word' id='word_1_212' title='bbox 2246 1818 2393 1873; x_wconf 90' lang='lat' dir='ltr'><strong>hunc</strong></span> <span class='ocrx_word' id='word_1_213' title='bbox 2441 1817 2636 1871; x_wconf 91' lang='lat' dir='ltr'><strong>librum</strong></span> <span class='ocrx_word' id='word_1_214' title='bbox 2672 1818 2723 1871; x_wconf 90' lang='lat' dir='ltr'><strong>in</strong></span> <span class='ocrx_word' id='word_1_215' title='bbox 2760 1818 3091 1873; x_wconf 80' lang='lat' dir='ltr'><strong>membranis</strong></span> <span class='ocrx_word' id='word_1_216' title='bbox 3126 1817 3516 1875; x_wconf 85' lang='lat' dir='ltr'><strong>describerent.</strong></span> 
     </span>
    </p>
   </div>
   <div class='ocr_carea' id='block_1_32' title="bbox 278 1901 3516 1981">
    <p class='ocr_par' dir='ltr' id='par_1_32' title="bbox 278 1901 3516 1981">
     <span class='ocr_line' id='line_1_32' title="bbox 278 1901 3516 1981; baseline 0.001 -21"><span class='ocrx_word' id='word_1_217' title='bbox 278 1911 466 1961; x_wconf 86' lang='lat' dir='ltr'><strong>nisset.</strong></span> <span class='ocrx_word' id='word_1_218' title='bbox 494 1907 548 1961; x_wconf 85' lang='lat' dir='ltr'><strong>id</strong></span> <span class='ocrx_word' id='word_1_219' title='bbox 575 1910 719 1961; x_wconf 92' lang='lat' dir='ltr'><strong>enim</strong></span> <span class='ocrx_word' id='word_1_220' title='bbox 752 1909 819 1961; x_wconf 86' lang='lat' dir='ltr'><strong>ab</strong></span> <span class='ocrx_word' id='word_1_221' title='bbox 852 1910 1120 1976; x_wconf 85' lang='lat' dir='ltr'><strong>episcopis</strong></span> <span class='ocrx_word' id='word_1_222' title='bbox 1151 1907 1383 1966; x_wconf 85' lang='lat' dir='ltr'><strong>Basilius</strong></span> <span class='ocrx_word' id='word_1_223' title='bbox 1425 1914 1647 1981; x_wconf 83' lang='lat' dir='ltr'><strong>petiisse</strong></span> <span class='ocrx_word' id='word_1_224' title='bbox 1680 1928 1738 1967; x_wconf 90' lang='lat' dir='ltr'><strong>se</strong></span> <span class='ocrx_word' id='word_1_225' title='bbox 1767 1912 1848 1965; x_wconf 75' lang='lat' dir='ltr'><strong>di-</strong></span> <span class='ocrx_word' id='word_1_226' title='bbox 1882 1901 1923 1954; x_wconf 84' lang='grc' dir='ltr'>Β</span> <span class='ocrx_word' id='word_1_227' title='bbox 1956 1909 2075 1963; x_wconf 63' lang='lat' dir='ltr'><strong>Haec</strong></span> <span class='ocrx_word' id='word_1_228' title='bbox 2104 1911 2462 1980; x_wconf 89' lang='lat' dir='ltr'><strong>perspicimus</strong></span> <span class='ocrx_word' id='word_1_229' title='bbox 2488 1923 2555 1963; x_wconf 82' lang='lat' dir='ltr'><strong>ex</strong></span> <span class='ocrx_word' id='word_1_230' title='bbox 2595 1907 2772 1961; x_wconf 84' lang='lat' dir='ltr'><strong>verbis</strong></span> <span class='ocrx_word' id='word_1_231' title='bbox 2795 1909 3031 1976; x_wconf 74' lang='lat' dir='ltr'><strong>epistola:</strong></span> <span class='ocrx_word' id='word_1_232' title='bbox 3058 1910 3183 1975; x_wconf 77' lang='grc'><strong>251,</strong></span> <span class='ocrx_word' id='word_1_233' title='bbox 3212 1925 3331 1980; x_wconf 66' lang='lat' dir='ltr'><strong>qua:</strong></span> <span class='ocrx_word' id='word_1_234' title='bbox 3355 1926 3516 1979; x_wconf 84' lang='lat' dir='ltr'><strong>supra</strong></span> 
     </span>
    </p>
   </div>
   <div class='ocr_carea' id='block_1_33' title="bbox 278 1999 1847 2075">
    <p class='ocr_par' dir='ltr' id='par_1_33' title="bbox 278 1999 1847 2075">
     <span class='ocr_line' id='line_1_33' title="bbox 278 1999 1847 2075; baseline 0.005 -24"><span class='ocrx_word' id='word_1_235' title='bbox 278 1999 346 2052; x_wconf 85' lang='lat' dir='ltr'><strong>cit</strong></span> <span class='ocrx_word' id='word_1_236' title='bbox 381 2001 433 2052; x_wconf 94' lang='lat' dir='ltr'><strong>in</strong></span> <span class='ocrx_word' id='word_1_237' title='bbox 476 2001 703 2070; x_wconf 86' lang='lat' dir='ltr'><strong>epistula</strong></span> <span class='ocrx_word' id='word_1_238' title='bbox 750 2002 1021 2068; x_wconf 80' lang='lat' dir='ltr'><strong>sequenti,</strong></span> <span class='ocrx_word' id='word_1_239' title='bbox 1059 2017 1261 2072; x_wconf 89' lang='lat' dir='ltr'><strong>eosque</strong></span> <span class='ocrx_word' id='word_1_240' title='bbox 1296 2006 1551 2059; x_wconf 89' lang='lat' dir='ltr'><strong>annuisse</strong></span> <span class='ocrx_word' id='word_1_241' title='bbox 1600 2013 1750 2075; x_wconf 87' lang='lat' dir='ltr'><strong>patet</strong></span> <span class='ocrx_word' id='word_1_242' title='bbox 1780 2020 1847 2059; x_wconf 74' lang='lat' dir='ltr'><strong>ex</strong></span> 
     </span>
    </p>
   </div>
   <div class='ocr_carea' id='block_1_34' title="bbox 278 2090 1851 2165">
    <p class='ocr_par' dir='ltr' id='par_1_34' title="bbox 278 2090 1851 2165">
     <span class='ocr_line' id='line_1_34' title="bbox 278 2090 1851 2165; baseline 0.007 -23"><span class='ocrx_word' id='word_1_243' title='bbox 278 2097 465 2146; x_wconf 88' lang='lat' dir='ltr'><strong>eadem</strong></span> <span class='ocrx_word' id='word_1_244' title='bbox 500 2094 756 2162; x_wconf 85' lang='lat' dir='ltr'><strong>epistola,</strong></span> <span class='ocrx_word' id='word_1_245' title='bbox 788 2090 841 2145; x_wconf 90' lang='lat' dir='ltr'><strong>in</strong></span> <span class='ocrx_word' id='word_1_246' title='bbox 869 2108 972 2163; x_wconf 88' lang='lat' dir='ltr'><strong>qua</strong></span> <span class='ocrx_word' id='word_1_247' title='bbox 1007 2095 1274 2163; x_wconf 87' lang='lat' dir='ltr'><strong>Elpidium</strong></span> <span class='ocrx_word' id='word_1_248' title='bbox 1314 2099 1524 2165; x_wconf 90' lang='lat' dir='ltr'><strong>nepotis</strong></span> <span class='ocrx_word' id='word_1_249' title='bbox 1553 2107 1728 2153; x_wconf 91' lang='lat' dir='ltr'><strong>morte</strong></span> <span class='ocrx_word' id='word_1_250' title='bbox 1769 2097 1851 2153; x_wconf 89' lang='lat' dir='ltr'><strong>af-</strong></span> 
     </span>
    </p>
   </div>
   <div class='ocr_carea' id='block_1_35' title="bbox 279 2183 1850 2265">
    <p class='ocr_par' dir='ltr' id='par_1_35' title="bbox 279 2183 1850 2265">
     <span class='ocr_line' id='line_1_35' title="bbox 279 2183 1850 2265; baseline 0.008 -28"><span class='ocrx_word' id='word_1_251' title='bbox 279 2183 484 2239; x_wconf 78' lang='lat' dir='ltr'><strong>ﬂictum</strong></span> <span class='ocrx_word' id='word_1_252' title='bbox 528 2186 853 2252; x_wconf 86' lang='lat' dir='ltr'><strong>consolatur,</strong></span> <span class='ocrx_word' id='word_1_253' title='bbox 890 2204 953 2243; x_wconf 91' lang='lat' dir='ltr'><strong>ac</strong></span> <span class='ocrx_word' id='word_1_254' title='bbox 999 2201 1150 2259; x_wconf 80' lang='lat' dir='ltr'><strong>rogat</strong></span> <span class='ocrx_word' id='word_1_255' title='bbox 1188 2202 1247 2244; x_wconf 92' lang='lat' dir='ltr'><strong>ut</strong></span> <span class='ocrx_word' id='word_1_256' title='bbox 1294 2207 1359 2246; x_wconf 90' lang='lat' dir='ltr'><strong>ne</strong></span> <span class='ocrx_word' id='word_1_257' title='bbox 1387 2193 1531 2245; x_wconf 90' lang='lat' dir='ltr'><strong>illius</strong></span> <span class='ocrx_word' id='word_1_258' title='bbox 1555 2194 1705 2247; x_wconf 90' lang='lat' dir='ltr'><strong>dolor</strong></span> <span class='ocrx_word' id='word_1_259' title='bbox 1734 2211 1850 2265; x_wconf 86' lang='lat' dir='ltr'><strong>spe-</strong></span> 
     </span>
    </p>
   </div>
   <div class='ocr_carea' id='block_1_36' title="bbox 282 2276 1776 2351">
    <p class='ocr_par' dir='ltr' id='par_1_36' title="bbox 282 2276 1776 2351">
     <span class='ocr_line' id='line_1_36' title="bbox 282 2276 1776 2351; baseline 0.005 -22"><span class='ocrx_word' id='word_1_260' title='bbox 282 2288 457 2329; x_wconf 86' lang='lat' dir='ltr'><strong>ratum</strong></span> <span class='ocrx_word' id='word_1_261' title='bbox 480 2279 542 2329; x_wconf 90' lang='lat' dir='ltr'><strong>ad</strong></span> <span class='ocrx_word' id='word_1_262' title='bbox 566 2276 887 2334; x_wconf 88' lang='lat' dir='ltr'><strong>Comanicos</strong></span> <span class='ocrx_word' id='word_1_263' title='bbox 916 2280 1048 2333; x_wconf 82' lang='lat' dir='ltr'><strong>lines</strong></span> <span class='ocrx_word' id='word_1_264' title='bbox 1075 2295 1422 2349; x_wconf 74' lang='lat' dir='ltr'><strong>congressum</strong></span> <span class='ocrx_word' id='word_1_265' title='bbox 1450 2281 1776 2351; x_wconf 88' lang='lat' dir='ltr'><strong>interpellet.</strong></span> 
     </span>
    </p>
   </div>
   <div class='ocr_carea' id='block_1_37' title="bbox 349 2351 1850 2445">
    <p class='ocr_par' dir='ltr' id='par_1_37' title="bbox 349 2351 1850 2445">
     <span class='ocr_line' id='line_1_37' title="bbox 349 2351 1850 2445; baseline 0.002 -20"><span class='ocrx_word' id='word_1_266' title='bbox 349 2370 436 2425; x_wconf 81' lang='lat' dir='ltr'><strong>IV.</strong></span> <span class='ocrx_word' id='word_1_267' title='bbox 464 2369 685 2426; x_wconf 82' lang='lat' dir='ltr'><strong>Litteris</strong></span> <span class='ocrx_word' id='word_1_268' title='bbox 718 2371 899 2425; x_wconf 82' lang='lat' dir='ltr'><strong>Basilii</strong></span> <span class='ocrx_word' id='word_1_269' title='bbox 953 2372 1084 2424; x_wconf 86' lang='lat' dir='ltr'><strong>nihil</strong></span> <span class='ocrx_word' id='word_1_270' title='bbox 1126 2351 1519 2440; x_wconf 73' lang='lat' dir='ltr'><strong>reapondertint</strong></span> <span class='ocrx_word' id='word_1_271' title='bbox 1550 2375 1850 2445; x_wconf 80' lang='lat' dir='ltr'><strong>presbyteri</strong></span> 
     </span>
    </p>
   </div>
   <div class='ocr_carea' id='block_1_38' title="bbox 281 2460 1853 2533">
    <p class='ocr_par' dir='ltr' id='par_1_38' title="bbox 281 2460 1853 2533">
     <span class='ocr_line' id='line_1_38' title="bbox 281 2460 1853 2533; baseline 0.002 -16"><span class='ocrx_word' id='word_1_272' title='bbox 281 2460 767 2526; x_wconf 62' lang='lat' dir='ltr'><strong>Neocaesarienses,</strong></span> <span class='ocrx_word' id='word_1_273' title='bbox 811 2476 874 2516; x_wconf 90' lang='lat' dir='ltr'><strong>ac</strong></span> <span class='ocrx_word' id='word_1_274' title='bbox 912 2460 1129 2516; x_wconf 91' lang='lat' dir='ltr'><strong>silentio</strong></span> <span class='ocrx_word' id='word_1_275' title='bbox 1174 2476 1271 2517; x_wconf 85' lang='lat' dir='ltr'><strong>suo</strong></span> <span class='ocrx_word' id='word_1_276' title='bbox 1319 2464 1549 2533; x_wconf 75' lang='lat' dir='ltr'><strong>gratiam</strong></span> <span class='ocrx_word' id='word_1_277' title='bbox 1600 2480 1659 2519; x_wconf 86' lang='lat' dir='ltr'><strong>se</strong></span> <span class='ocrx_word' id='word_1_278' title='bbox 1714 2468 1853 2521; x_wconf 91' lang='lat' dir='ltr'><strong>inire</strong></span> 
     </span>
    </p>
   </div>
   <div class='ocr_carea' id='block_1_39' title="bbox 284 2553 1855 2628">
    <p class='ocr_par' dir='ltr' id='par_1_39' title="bbox 284 2553 1855 2628">
     <span class='ocr_line' id='line_1_39' title="bbox 284 2553 1855 2628; baseline 0.005 -23"><span class='ocrx_word' id='word_1_279' title='bbox 284 2554 441 2607; x_wconf 84' lang='lat' dir='ltr'><strong>malle</strong></span> <span class='ocrx_word' id='word_1_280' title='bbox 470 2554 539 2607; x_wconf 92' lang='lat' dir='ltr'><strong>ab</strong></span> <span class='ocrx_word' id='word_1_281' title='bbox 567 2553 822 2621; x_wconf 89' lang='lat' dir='ltr'><strong>episcopo</strong></span> <span class='ocrx_word' id='word_1_282' title='bbox 856 2568 976 2621; x_wconf 89' lang='lat' dir='ltr'><strong>suo,</strong></span> <span class='ocrx_word' id='word_1_283' title='bbox 1003 2569 1165 2625; x_wconf 89' lang='lat' dir='ltr'><strong>quam</strong></span> <span class='ocrx_word' id='word_1_284' title='bbox 1206 2571 1393 2625; x_wconf 56' lang='lat' dir='ltr'><strong>aequos</strong></span> <span class='ocrx_word' id='word_1_285' title='bbox 1411 2571 1469 2611; x_wconf 89' lang='lat' dir='ltr'><strong>se</strong></span> <span class='ocrx_word' id='word_1_286' title='bbox 1486 2556 1685 2613; x_wconf 87' lang='lat' dir='ltr'><strong>Basilio</strong></span> <span class='ocrx_word' id='word_1_287' title='bbox 1715 2574 1855 2628; x_wconf 66' lang='lat' dir='ltr'><strong>prae-</strong></span> 
     </span>
    </p>
   </div>
   <div class='ocr_carea' id='block_1_40' title="bbox 285 2644 1851 2717">
    <p class='ocr_par' dir='ltr' id='par_1_40' title="bbox 285 2644 1851 2717">
     <span class='ocr_line' id='line_1_40' title="bbox 285 2644 1851 2717; baseline 0.006 -20"><span class='ocrx_word' id='word_1_288' title='bbox 285 2645 411 2697; x_wconf 86' lang='lat' dir='ltr'><strong>bere</strong></span> <span class='ocrx_word' id='word_1_289' title='bbox 439 2644 833 2713; x_wconf 86' lang='lat' dir='ltr'><strong>signiﬁcarunt.</strong></span> <span class='ocrx_word' id='word_1_290' title='bbox 860 2644 983 2700; x_wconf 70' lang='lat' dir='ltr'><strong>Haec</strong></span> <span class='ocrx_word' id='word_1_291' title='bbox 1010 2647 1207 2717; x_wconf 87' lang='lat' dir='ltr'><strong>agendi</strong></span> <span class='ocrx_word' id='word_1_292' title='bbox 1251 2649 1391 2703; x_wconf 85' lang='lat' dir='ltr'><strong>ratio</strong></span> <span class='ocrx_word' id='word_1_293' title='bbox 1432 2650 1715 2705; x_wconf 87' lang='lat' dir='ltr'><strong>videbatur</strong></span> <span class='ocrx_word' id='word_1_294' title='bbox 1748 2651 1851 2706; x_wconf 87' lang='lat' dir='ltr'><strong>Ba-</strong></span> 
     </span>
    </p>
   </div>
   <div class='ocr_carea' id='block_1_41' title="bbox 286 2736 1852 2810">
    <p class='ocr_par' dir='ltr' id='par_1_41' title="bbox 286 2736 1852 2810">
     <span class='ocr_line' id='line_1_41' title="bbox 286 2736 1852 2810; baseline 0.006 -20"><span class='ocrx_word' id='word_1_295' title='bbox 286 2736 463 2790; x_wconf 83' lang='lat' dir='ltr'><strong>siliutn</strong></span> <span class='ocrx_word' id='word_1_296' title='bbox 497 2738 792 2802; x_wconf 85' lang='lat' dir='ltr'><strong>adhortari,</strong></span> <span class='ocrx_word' id='word_1_297' title='bbox 821 2748 878 2791; x_wconf 92' lang='lat' dir='ltr'><strong>ut</strong></span> <span class='ocrx_word' id='word_1_298' title='bbox 906 2740 1143 2793; x_wconf 87' lang='lat' dir='ltr'><strong>vicissim</strong></span> <span class='ocrx_word' id='word_1_299' title='bbox 1169 2741 1283 2810; x_wconf 92' lang='lat' dir='ltr'><strong>ipse</strong></span> <span class='ocrx_word' id='word_1_300' title='bbox 1312 2744 1721 2797; x_wconf 88' lang='lat' dir='ltr'><strong>conticesceret.</strong></span> <span class='ocrx_word' id='word_1_301' title='bbox 1747 2746 1852 2799; x_wconf 91' lang='lat' dir='ltr'><strong>Sed</strong></span> 
     </span>
    </p>
   </div>
   <div class='ocr_carea' id='block_1_42' title="bbox 286 2827 1852 2901">
    <p class='ocr_par' dir='ltr' id='par_1_42' title="bbox 286 2827 1852 2901">
     <span class='ocr_line' id='line_1_42' title="bbox 286 2827 1852 2901; baseline 0.008 -23"><span class='ocrx_word' id='word_1_302' title='bbox 286 2840 406 2879; x_wconf 85' lang='lat' dir='ltr'><strong>cum</strong></span> <span class='ocrx_word' id='word_1_303' title='bbox 437 2827 726 2881; x_wconf 85' lang='lat' dir='ltr'><strong>calumniis</strong></span> <span class='ocrx_word' id='word_1_304' title='bbox 749 2843 808 2881; x_wconf 92' lang='lat' dir='ltr'><strong>se</strong></span> <span class='ocrx_word' id='word_1_305' title='bbox 840 2831 1015 2898; x_wconf 88' lang='lat' dir='ltr'><strong>appeti</strong></span> <span class='ocrx_word' id='word_1_306' title='bbox 1044 2830 1276 2896; x_wconf 85' lang='lat' dir='ltr'><strong>videret,</strong></span> <span class='ocrx_word' id='word_1_307' title='bbox 1313 2847 1375 2885; x_wconf 91' lang='lat' dir='ltr'><strong>ac</strong></span> <span class='ocrx_word' id='word_1_308' title='bbox 1398 2843 1658 2901; x_wconf 69' lang='lat' dir='ltr'><strong>praeterea</strong></span> <span class='ocrx_word' id='word_1_309' title='bbox 1695 2835 1852 2891; x_wconf 89' lang='lat' dir='ltr'><strong>ﬁdem</strong></span> 
     </span>
    </p>
   </div>
   <div class='ocr_carea' id='block_1_43' title="bbox 286 2915 1857 2987">
    <p class='ocr_par' dir='ltr' id='par_1_43' title="bbox 286 2915 1857 2987">
     <span class='ocr_line' id='line_1_43' title="bbox 286 2915 1857 2987; baseline 0.008 -20"><span class='ocrx_word' id='word_1_310' title='bbox 286 2915 353 2967; x_wconf 87' lang='lat' dir='ltr'><strong>ab</strong></span> <span class='ocrx_word' id='word_1_311' title='bbox 405 2915 661 2985; x_wconf 88' lang='lat' dir='ltr'><strong>episcopo</strong></span> <span class='ocrx_word' id='word_1_312' title='bbox 718 2915 1139 2973; x_wconf 69' lang='lat' dir='ltr'><strong>Neocaesariensi</strong></span> <span class='ocrx_word' id='word_1_313' title='bbox 1188 2923 1457 2987; x_wconf 87' lang='lat' dir='ltr'><strong>perverti,</strong></span> <span class='ocrx_word' id='word_1_314' title='bbox 1517 2923 1687 2977; x_wconf 84' lang='lat' dir='ltr'><strong>satius</strong></span> <span class='ocrx_word' id='word_1_315' title='bbox 1736 2940 1857 2980; x_wconf 88' lang='lat' dir='ltr'><strong>esse</strong></span> 
     </span>
    </p>
   </div>
   <div class='ocr_carea' id='block_1_44' title="bbox 288 3007 1857 3084">
    <p class='ocr_par' dir='ltr' id='par_1_44' title="bbox 288 3007 1857 3084">
     <span class='ocr_line' id='line_1_44' title="bbox 288 3007 1857 3084; baseline 0.009 -27"><span class='ocrx_word' id='word_1_316' title='bbox 288 3008 437 3060; x_wconf 78' lang='lat' dir='ltr'><strong>duxit</strong></span> <span class='ocrx_word' id='word_1_317' title='bbox 465 3007 770 3062; x_wconf 89' lang='lat' dir='ltr'><strong>animarum</strong></span> <span class='ocrx_word' id='word_1_318' title='bbox 790 3009 947 3066; x_wconf 79' lang='lat' dir='ltr'><strong>saluti</strong></span> <span class='ocrx_word' id='word_1_319' title='bbox 976 3009 1281 3067; x_wconf 85' lang='lat' dir='ltr'><strong>consulere.</strong></span> <span class='ocrx_word' id='word_1_320' title='bbox 1310 3009 1511 3068; x_wconf 84' lang='lat' dir='ltr'><strong>Scribit</strong></span> <span class='ocrx_word' id='word_1_321' title='bbox 1544 3015 1728 3084; x_wconf 88' lang='lat' dir='ltr'><strong>itaque</strong></span> <span class='ocrx_word' id='word_1_322' title='bbox 1749 3015 1857 3071; x_wconf 81' lang='lat' dir='ltr'><strong>cle-</strong></span> 
     </span>
    </p>
   </div>
   <div class='ocr_carea' id='block_1_45' title="bbox 290 3097 1853 3176">
    <p class='ocr_par' dir='ltr' id='par_1_45' title="bbox 290 3097 1853 3176">
     <span class='ocr_line' id='line_1_45' title="bbox 290 3097 1853 3176; baseline 0.007 -24"><span class='ocrx_word' id='word_1_323' title='bbox 290 3100 416 3153; x_wconf 90' lang='lat' dir='ltr'><strong>ricis</strong></span> <span class='ocrx_word' id='word_1_324' title='bbox 446 3097 1000 3167; x_wconf 74' lang='lat' dir='ltr'><strong>Neoczesariensibus,</strong></span> <span class='ocrx_word' id='word_1_325' title='bbox 1042 3117 1244 3173; x_wconf 84' lang='lat' dir='ltr'><strong>eosque</strong></span> <span class='ocrx_word' id='word_1_326' title='bbox 1279 3106 1531 3159; x_wconf 89' lang='lat' dir='ltr'><strong>hortatur</strong></span> <span class='ocrx_word' id='word_1_327' title='bbox 1557 3117 1615 3160; x_wconf 95' lang='lat' dir='ltr'><strong>ut</strong></span> <span class='ocrx_word' id='word_1_328' title='bbox 1649 3125 1715 3162; x_wconf 89' lang='lat' dir='ltr'><strong>ne</strong></span> <span class='ocrx_word' id='word_1_329' title='bbox 1738 3109 1853 3176; x_wconf 88' lang='lat' dir='ltr'><strong>ple-</strong></span> 
     </span>
    </p>
   </div>
   <div class='ocr_carea' id='block_1_46' title="bbox 288 3191 1853 3265">
    <p class='ocr_par' dir='ltr' id='par_1_46' title="bbox 288 3191 1853 3265">
     <span class='ocr_line' id='line_1_46' title="bbox 288 3191 1853 3265; baseline 0.009 -24"><span class='ocrx_word' id='word_1_330' title='bbox 288 3191 407 3242; x_wconf 87' lang='lat' dir='ltr'><strong>bem</strong></span> <span class='ocrx_word' id='word_1_331' title='bbox 477 3192 657 3257; x_wconf 83' lang='lat' dir='ltr'><strong>pravis</strong></span> <span class='ocrx_word' id='word_1_332' title='bbox 727 3193 1007 3246; x_wconf 83' lang='lat' dir='ltr'><strong>erroribus</strong></span> <span class='ocrx_word' id='word_1_333' title='bbox 1062 3193 1282 3248; x_wconf 88' lang='lat' dir='ltr'><strong>Sabellii</strong></span> <span class='ocrx_word' id='word_1_334' title='bbox 1337 3196 1503 3249; x_wconf 90' lang='lat' dir='ltr'><strong>imbui</strong></span> <span class='ocrx_word' id='word_1_335' title='bbox 1562 3199 1853 3265; x_wconf 89' lang='lat' dir='ltr'><strong>patiantur.</strong></span> 
     </span>
    </p>
   </div>
   <div class='ocr_carea' id='block_1_47' title="bbox 1960 1998 3515 2057">
    <p class='ocr_par' dir='ltr' id='par_1_47' title="bbox 1960 1998 3515 2057">
     <span class='ocr_line' id='line_1_47' title="bbox 1960 1998 3515 2057; baseline 0.003 -4"><span class='ocrx_word' id='word_1_336' title='bbox 1960 2000 2263 2055; x_wconf 86' lang='lat' dir='ltr'><strong>retulimus.</strong></span> <span class='ocrx_word' id='word_1_337' title='bbox 2292 2000 2548 2055; x_wconf 90' lang='lat' dir='ltr'><strong>Basilium</strong></span> <span class='ocrx_word' id='word_1_338' title='bbox 2586 1998 2967 2053; x_wconf 87' lang='lat' dir='ltr'><strong>Tillemontius</strong></span> <span class='ocrx_word' id='word_1_339' title='bbox 2996 2012 3118 2055; x_wconf 92' lang='lat' dir='ltr'><strong>ante</strong></span> <span class='ocrx_word' id='word_1_340' title='bbox 3148 2003 3285 2057; x_wconf 92' lang='lat' dir='ltr'><strong>diem</strong></span> <span class='ocrx_word' id='word_1_341' title='bbox 3318 2001 3515 2057; x_wconf 85' lang='lat' dir='ltr'><strong>festum</strong></span> 
     </span>
    </p>
   </div>
   <div class='ocr_carea' id='block_1_48' title="bbox 1958 2089 3514 2162">
    <p class='ocr_par' dir='ltr' id='par_1_48' title="bbox 1958 2089 3514 2162">
     <span class='ocr_line' id='line_1_48' title="bbox 1958 2089 3514 2162; baseline 0.003 -18"><span class='ocrx_word' id='word_1_342' title='bbox 1958 2089 2016 2145; x_wconf 88' lang='lat' dir='ltr'><strong>S.</strong></span> <span class='ocrx_word' id='word_1_343' title='bbox 2050 2092 2336 2162; x_wconf 83' lang='lat' dir='ltr'><strong>Eupsyehii</strong></span> <span class='ocrx_word' id='word_1_344' title='bbox 2368 2093 2419 2146; x_wconf 93' lang='lat' dir='ltr'><strong>in</strong></span> <span class='ocrx_word' id='word_1_345' title='bbox 2450 2092 2677 2145; x_wconf 90' lang='lat' dir='ltr'><strong>Pontum</strong></span> <span class='ocrx_word' id='word_1_346' title='bbox 2713 2091 2990 2145; x_wconf 78' lang='lat' dir='ltr'><strong>existimat</strong></span> <span class='ocrx_word' id='word_1_347' title='bbox 3027 2093 3323 2162; x_wconf 89' lang='lat' dir='ltr'><strong>profectum</strong></span> <span class='ocrx_word' id='word_1_348' title='bbox 3372 2106 3514 2151; x_wconf 77' lang='lat' dir='ltr'><strong>esse.</strong></span> 
     </span>
    </p>
   </div>
   <div class='ocr_carea' id='block_1_49' title="bbox 1959 2182 3521 2255">
    <p class='ocr_par' dir='ltr' id='par_1_49' title="bbox 1959 2182 3521 2255">
     <span class='ocr_line' id='line_1_49' title="bbox 1959 2182 3521 2255; baseline 0.002 -19"><span class='ocrx_word' id='word_1_349' title='bbox 1959 2182 2065 2238; x_wconf 84' lang='lat' dir='ltr'><strong>Sed</strong></span> <span class='ocrx_word' id='word_1_350' title='bbox 2103 2183 2217 2237; x_wconf 68' lang='lat' dir='ltr'><strong>haec</strong></span> <span class='ocrx_word' id='word_1_351' title='bbox 2261 2183 2528 2235; x_wconf 89' lang='lat' dir='ltr'><strong>sententia</strong></span> <span class='ocrx_word' id='word_1_352' title='bbox 2566 2183 2843 2237; x_wconf 90' lang='lat' dir='ltr'><strong>conciliari</strong></span> <span class='ocrx_word' id='word_1_353' title='bbox 2892 2196 2994 2237; x_wconf 89' lang='lat' dir='ltr'><strong>non</strong></span> <span class='ocrx_word' id='word_1_354' title='bbox 3034 2194 3207 2252; x_wconf 89' lang='lat' dir='ltr'><strong>potest</strong></span> <span class='ocrx_word' id='word_1_355' title='bbox 3244 2201 3363 2238; x_wconf 90' lang='lat' dir='ltr'><strong>cum</strong></span> <span class='ocrx_word' id='word_1_356' title='bbox 3406 2202 3521 2255; x_wconf 81' lang='lat' dir='ltr'><strong>ept-</strong></span> 
     </span>
    </p>
   </div>
   <div class='ocr_carea' id='block_1_50' title="bbox 1957 2272 3524 2346">
    <p class='ocr_par' dir='ltr' id='par_1_50' title="bbox 1957 2272 3524 2346">
     <span class='ocr_line' id='line_1_50' title="bbox 1957 2272 3524 2346; baseline 0.001 -18"><span class='ocrx_word' id='word_1_357' title='bbox 1957 2273 2092 2328; x_wconf 83' lang='lat' dir='ltr'><strong>stola</strong></span> <span class='ocrx_word' id='word_1_358' title='bbox 2121 2272 2247 2338; x_wconf 78' lang='grc'><strong>215,</strong></span> <span class='ocrx_word' id='word_1_359' title='bbox 2281 2272 2460 2326; x_wconf 89' lang='lat' dir='ltr'><strong>statim</strong></span> <span class='ocrx_word' id='word_1_360' title='bbox 2486 2283 2605 2342; x_wconf 90' lang='lat' dir='ltr'><strong>post</strong></span> <span class='ocrx_word' id='word_1_361' title='bbox 2629 2275 2853 2329; x_wconf 86' lang='lat' dir='ltr'><strong>reditum</strong></span> <span class='ocrx_word' id='word_1_362' title='bbox 2883 2276 3111 2343; x_wconf 87' lang='lat' dir='ltr'><strong>scripta,</strong></span> <span class='ocrx_word' id='word_1_363' title='bbox 3157 2276 3208 2329; x_wconf 87' lang='lat' dir='ltr'><strong>iit</strong></span> <span class='ocrx_word' id='word_1_364' title='bbox 3238 2292 3340 2346; x_wconf 87' lang='lat' dir='ltr'><strong>qua</strong></span> <span class='ocrx_word' id='word_1_365' title='bbox 3368 2275 3524 2332; x_wconf 80' lang='lat' dir='ltr'><strong>Basi-</strong></span> 
     </span>
    </p>
   </div>
   <div class='ocr_carea' id='block_1_51' title="bbox 1960 2362 3522 2435">
    <p class='ocr_par' dir='ltr' id='par_1_51' title="bbox 1960 2362 3522 2435">
     <span class='ocr_line' id='line_1_51' title="bbox 1960 2362 3522 2435; baseline 0.004 -19"><span class='ocrx_word' id='word_1_366' title='bbox 1960 2364 2063 2419; x_wconf 90' lang='lat' dir='ltr'><strong>lius</strong></span> <span class='ocrx_word' id='word_1_367' title='bbox 2102 2364 2380 2419; x_wconf 89' lang='lat' dir='ltr'><strong>denuntiat</strong></span> <span class='ocrx_word' id='word_1_368' title='bbox 2405 2362 2674 2418; x_wconf 89' lang='lat' dir='ltr'><strong>Dorotbco</strong></span> <span class='ocrx_word' id='word_1_369' title='bbox 2709 2364 2935 2418; x_wconf 79' lang='lat' dir='ltr'><strong>Romam</strong></span> <span class='ocrx_word' id='word_1_370' title='bbox 2968 2367 3249 2435; x_wconf 87' lang='lat' dir='ltr'><strong>cogitanti,</strong></span> <span class='ocrx_word' id='word_1_371' title='bbox 3277 2370 3377 2421; x_wconf 88' lang='lat' dir='ltr'><strong>hoc</strong></span> <span class='ocrx_word' id='word_1_372' title='bbox 3421 2370 3522 2423; x_wconf 83' lang='lat' dir='ltr'><strong>iter</strong></span> 
     </span>
    </p>
   </div>
   <div class='ocr_carea' id='block_1_52' title="bbox 1969 2455 3521 2527">
    <p class='ocr_par' dir='ltr' id='par_1_52' title="bbox 1969 2455 3521 2527">
     <span class='ocr_line' id='line_1_52' title="bbox 1969 2455 3521 2527; baseline 0.005 -21"><span class='ocrx_word' id='word_1_373' title='bbox 1969 2455 2144 2508; x_wconf 91' lang='lat' dir='ltr'><strong>hieme</strong></span> <span class='ocrx_word' id='word_1_374' title='bbox 2170 2455 2359 2509; x_wconf 87' lang='lat' dir='ltr'><strong>conﬁci</strong></span> <span class='ocrx_word' id='word_1_375' title='bbox 2388 2472 2490 2509; x_wconf 90' lang='lat' dir='ltr'><strong>non</strong></span> <span class='ocrx_word' id='word_1_376' title='bbox 2520 2470 2680 2526; x_wconf 86' lang='lat' dir='ltr'><strong>posse</strong></span> <span class='ocrx_word' id='word_1_377' title='bbox 2708 2473 2722 2522; x_wconf 90' lang='lat'><strong>;</strong></span> <span class='ocrx_word' id='word_1_378' title='bbox 2755 2456 2895 2525; x_wconf 90' lang='lat' dir='ltr'><strong>quod</strong></span> <span class='ocrx_word' id='word_1_379' title='bbox 2924 2459 3142 2527; x_wconf 90' lang='lat' dir='ltr'><strong>quidem</strong></span> <span class='ocrx_word' id='word_1_380' title='bbox 3172 2459 3403 2514; x_wconf 88' lang='lat' dir='ltr'><strong>absurde</strong></span> <span class='ocrx_word' id='word_1_381' title='bbox 3436 2461 3521 2514; x_wconf 82' lang='lat' dir='ltr'><strong>di-</strong></span> 
     </span>
    </p>
   </div>
   <div class='ocr_carea' id='block_1_53' title="bbox 1960 2547 3518 2621">
    <p class='ocr_par' dir='ltr' id='par_1_53' title="bbox 1960 2547 3518 2621">
     <span class='ocr_line' id='line_1_53' title="bbox 1960 2547 3518 2621; baseline 0.006 -24"><span class='ocrx_word' id='word_1_382' title='bbox 1960 2557 2103 2599; x_wconf 81' lang='lat' dir='ltr'><strong>ctum</strong></span> <span class='ocrx_word' id='word_1_383' title='bbox 2134 2547 2325 2602; x_wconf 87' lang='lat' dir='ltr'><strong>fuisset</strong></span> <span class='ocrx_word' id='word_1_384' title='bbox 2358 2560 2481 2602; x_wconf 90' lang='lat' dir='ltr'><strong>ante</strong></span> <span class='ocrx_word' id='word_1_385' title='bbox 2518 2566 2754 2605; x_wconf 90' lang='lat' dir='ltr'><strong>mensem</strong></span> <span class='ocrx_word' id='word_1_386' title='bbox 2789 2549 3182 2621; x_wconf 86' lang='lat' dir='ltr'><strong>Septembrem.</strong></span> <span class='ocrx_word' id='word_1_387' title='bbox 3221 2551 3312 2608; x_wconf 90' lang='lat' dir='ltr'><strong>Sic</strong></span> <span class='ocrx_word' id='word_1_388' title='bbox 3355 2555 3518 2607; x_wconf 86' lang='lat' dir='ltr'><strong>etiam</strong></span> 
     </span>
    </p>
   </div>
   <div class='ocr_carea' id='block_1_54' title="bbox 1962 2639 3524 2715">
    <p class='ocr_par' dir='ltr' id='par_1_54' title="bbox 1962 2639 3524 2715">
     <span class='ocr_line' id='line_1_54' title="bbox 1962 2639 3524 2715; baseline 0.004 -21"><span class='ocrx_word' id='word_1_389' title='bbox 1962 2640 2016 2694; x_wconf 91' lang='lat' dir='ltr'><strong>in</strong></span> <span class='ocrx_word' id='word_1_390' title='bbox 2054 2639 2275 2710; x_wconf 86' lang='lat' dir='ltr'><strong>epistola</strong></span> <span class='ocrx_word' id='word_1_391' title='bbox 2297 2640 2423 2699; x_wconf 79' lang='grc'><strong>215,</strong></span> <span class='ocrx_word' id='word_1_392' title='bbox 2448 2655 2609 2709; x_wconf 85' lang='lat' dir='ltr'><strong>quam</strong></span> <span class='ocrx_word' id='word_1_393' title='bbox 2645 2644 2814 2696; x_wconf 88' lang='lat' dir='ltr'><strong>reditu</strong></span> <span class='ocrx_word' id='word_1_394' title='bbox 2851 2660 2949 2697; x_wconf 89' lang='lat' dir='ltr'><strong>suo</strong></span> <span class='ocrx_word' id='word_1_395' title='bbox 3002 2646 3246 2712; x_wconf 91' lang='lat' dir='ltr'><strong>protinus</strong></span> <span class='ocrx_word' id='word_1_396' title='bbox 3286 2647 3524 2715; x_wconf 78' lang='lat' dir='ltr'><strong>scripsit,</strong></span> 
     </span>
    </p>
   </div>
   <div class='ocr_carea' id='block_1_55' title="bbox 1960 2729 3526 2801">
    <p class='ocr_par' dir='ltr' id='par_1_55' title="bbox 1960 2729 3526 2801">
     <span class='ocr_line' id='line_1_55' title="bbox 1960 2729 3526 2801; baseline 0.003 -18"><span class='ocrx_word' id='word_1_397' title='bbox 1960 2745 2080 2783; x_wconf 89' lang='lat' dir='ltr'><strong>cum</strong></span> <span class='ocrx_word' id='word_1_398' title='bbox 2137 2740 2356 2798; x_wconf 82' lang='lat' dir='ltr'><strong>rogatus</strong></span> <span class='ocrx_word' id='word_1_399' title='bbox 2412 2729 2605 2786; x_wconf 85' lang='lat' dir='ltr'><strong>luisset</strong></span> <span class='ocrx_word' id='word_1_400' title='bbox 2650 2741 2705 2785; x_wconf 93' lang='lat' dir='ltr'><strong>ut</strong></span> <span class='ocrx_word' id='word_1_401' title='bbox 2752 2731 2804 2785; x_wconf 90' lang='lat' dir='ltr'><strong>in</strong></span> <span class='ocrx_word' id='word_1_402' title='bbox 2843 2731 3277 2801; x_wconf 75' lang='lat' dir='ltr'><strong>Mesopotamiam</strong></span> <span class='ocrx_word' id='word_1_403' title='bbox 3311 2748 3370 2789; x_wconf 88' lang='lat' dir='ltr'><strong>se</strong></span> <span class='ocrx_word' id='word_1_404' title='bbox 3395 2750 3526 2789; x_wconf 55' lang='lat' dir='ltr'><strong>con.</strong></span> 
     </span>
    </p>
   </div>
   <div class='ocr_carea' id='block_1_56' title="bbox 1963 2822 3529 2893">
    <p class='ocr_par' dir='ltr' id='par_1_56' title="bbox 1963 2822 3529 2893">
     <span class='ocr_line' id='line_1_56' title="bbox 1963 2822 3529 2893; baseline 0.004 -19"><span class='ocrx_word' id='word_1_405' title='bbox 1963 2822 2128 2877; x_wconf 82' lang='lat' dir='ltr'><strong>ferret</strong></span> <span class='ocrx_word' id='word_1_406' title='bbox 2158 2865 2173 2889; x_wconf 89' lang='lat'><strong>,</strong></span> <span class='ocrx_word' id='word_1_407' title='bbox 2203 2840 2398 2893; x_wconf 84' lang='lat' dir='ltr'><strong>corpus</strong></span> <span class='ocrx_word' id='word_1_408' title='bbox 2420 2842 2573 2879; x_wconf 87' lang='lat' dir='ltr'><strong>suum</strong></span> <span class='ocrx_word' id='word_1_409' title='bbox 2603 2825 2727 2880; x_wconf 90' lang='lat' dir='ltr'><strong>huic</strong></span> <span class='ocrx_word' id='word_1_410' title='bbox 2749 2825 2927 2880; x_wconf 88' lang='lat' dir='ltr'><strong>itineri</strong></span> <span class='ocrx_word' id='word_1_411' title='bbox 2958 2824 3401 2881; x_wconf 87' lang='lat' dir='ltr'><strong>biemefaciendo</strong></span> <span class='ocrx_word' id='word_1_412' title='bbox 3432 2828 3529 2881; x_wconf 82' lang='lat' dir='ltr'><strong>lm-</strong></span> 
     </span>
    </p>
   </div>
   <div class='ocr_carea' id='block_1_57' title="bbox 1963 2914 3530 2985">
    <p class='ocr_par' dir='ltr' id='par_1_57' title="bbox 1963 2914 3530 2985">
     <span class='ocr_line' id='line_1_57' title="bbox 1963 2914 3530 2985; baseline 0.004 -20"><span class='ocrx_word' id='word_1_413' title='bbox 1963 2928 2060 2982; x_wconf 90' lang='lat' dir='ltr'><strong>par</strong></span> <span class='ocrx_word' id='word_1_414' title='bbox 2084 2929 2205 2967; x_wconf 89' lang='lat' dir='ltr'><strong>esse</strong></span> <span class='ocrx_word' id='word_1_415' title='bbox 2238 2914 2387 2968; x_wconf 88' lang='lat' dir='ltr'><strong>dicit.</strong></span> <span class='ocrx_word' id='word_1_416' title='bbox 2416 2914 2681 2968; x_wconf 70' lang='lat' dir='ltr'><strong>Praeterea</strong></span> <span class='ocrx_word' id='word_1_417' title='bbox 2719 2916 2771 2969; x_wconf 90' lang='lat' dir='ltr'><strong>in</strong></span> <span class='ocrx_word' id='word_1_418' title='bbox 2805 2918 3067 2983; x_wconf 69' lang='lat' dir='ltr'><strong>prooemio</strong></span> <span class='ocrx_word' id='word_1_419' title='bbox 3096 2916 3335 2985; x_wconf 76' lang='lat' dir='ltr'><strong>epistola:</strong></span> <span class='ocrx_word' id='word_1_420' title='bbox 3355 2918 3530 2971; x_wconf 75' lang='lat' dir='ltr'><strong>tertiae</strong></span> 
     </span>
    </p>
   </div>
   <div class='ocr_carea' id='block_1_58' title="bbox 1963 3002 3529 3072">
    <p class='ocr_par' dir='ltr' id='par_1_58' title="bbox 1963 3002 3529 3072">
     <span class='ocr_line' id='line_1_58' title="bbox 1963 3002 3529 3072; baseline 0.001 -13"><span class='ocrx_word' id='word_1_421' title='bbox 1963 3005 2260 3067; x_wconf 61' lang='lat' dir='ltr'><strong>canonice,</strong></span> <span class='ocrx_word' id='word_1_422' title='bbox 2312 3005 2452 3072; x_wconf 93' lang='lat' dir='ltr'><strong>quod</strong></span> <span class='ocrx_word' id='word_1_423' title='bbox 2504 3002 2736 3057; x_wconf 90' lang='lat' dir='ltr'><strong>Basilius</strong></span> <span class='ocrx_word' id='word_1_424' title='bbox 2784 3005 2977 3058; x_wconf 90' lang='lat' dir='ltr'><strong>itinere</strong></span> <span class='ocrx_word' id='word_1_425' title='bbox 3027 3002 3249 3059; x_wconf 79' lang='lat' dir='ltr'><strong>Pontico</strong></span> <span class='ocrx_word' id='word_1_426' title='bbox 3280 3005 3529 3063; x_wconf 84' lang='lat' dir='ltr'><strong>defessus</strong></span> 
     </span>
    </p>
   </div>
   <div class='ocr_carea' id='block_1_59' title="bbox 1966 3094 3528 3165">
    <p class='ocr_par' dir='ltr' id='par_1_59' title="bbox 1966 3094 3528 3165">
     <span class='ocr_line' id='line_1_59' title="bbox 1966 3094 3528 3165; baseline 0.003 -16"><span class='ocrx_word' id='word_1_427' title='bbox 1966 3094 2256 3157; x_wconf 86' lang='lat' dir='ltr'><strong>scribebat,</strong></span> <span class='ocrx_word' id='word_1_428' title='bbox 2289 3108 2541 3162; x_wconf 77' lang='lat' dir='ltr'><strong>magnum</strong></span> <span class='ocrx_word' id='word_1_429' title='bbox 2577 3094 2789 3147; x_wconf 88' lang='lat' dir='ltr'><strong>videndi</strong></span> <span class='ocrx_word' id='word_1_430' title='bbox 2817 3094 3177 3165; x_wconf 85' lang='lat' dir='ltr'><strong>Atnphilocltii</strong></span> <span class='ocrx_word' id='word_1_431' title='bbox 3204 3098 3528 3154; x_wconf 87' lang='lat' dir='ltr'><strong>desiderium</strong></span> 
     </span>
    </p>
   </div>
   <div class='ocr_carea' id='block_1_60' title="bbox 1965 3187 3525 3258">
    <p class='ocr_par' dir='ltr' id='par_1_60' title="bbox 1965 3187 3525 3258">
     <span class='ocr_line' id='line_1_60' title="bbox 1965 3187 3525 3258; baseline 0.002 -16"><span class='ocrx_word' id='word_1_432' title='bbox 1965 3187 2260 3258; x_wconf 85' lang='lat' dir='ltr'><strong>signiﬁcat,</strong></span> <span class='ocrx_word' id='word_1_433' title='bbox 2312 3200 2479 3255; x_wconf 71' lang='lat' dir='ltr'><strong>st-qne</strong></span> <span class='ocrx_word' id='word_1_434' title='bbox 2515 3187 2745 3240; x_wconf 88' lang='lat' dir='ltr'><strong>libenter</strong></span> <span class='ocrx_word' id='word_1_435' title='bbox 2793 3188 3210 3256; x_wconf 80' lang='lat' dir='ltr'><strong>Eupltemiadem</strong></span> <span class='ocrx_word' id='word_1_436' title='bbox 3238 3196 3525 3245; x_wconf 79' lang='lat' dir='ltr'><strong>venturum</strong></span> 
     </span>
    </p>
   </div>
   <div class='ocr_carea' id='block_1_61' title="bbox 289 3261 1856 3351">
    <p class='ocr_par' dir='ltr' id='par_1_61' title="bbox 289 3279 1856 3351">
     <span class='ocr_line' id='line_1_61' title="bbox 289 3279 1856 3351; baseline 0.006 -17"><span class='ocrx_word' id='word_1_437' title='bbox 289 3279 634 3335; x_wconf 81' lang='lat' dir='ltr'><strong>Demonstrat</strong></span> <span class='ocrx_word' id='word_1_438' title='bbox 668 3296 1018 3351; x_wconf 88' lang='lat' dir='ltr'><strong>congressum</strong></span> <span class='ocrx_word' id='word_1_439' title='bbox 1057 3299 1210 3338; x_wconf 91' lang='lat' dir='ltr'><strong>suum</strong></span> <span class='ocrx_word' id='word_1_440' title='bbox 1248 3301 1352 3339; x_wconf 94' lang='lat' dir='ltr'><strong>non</strong></span> <span class='ocrx_word' id='word_1_441' title='bbox 1393 3287 1498 3340; x_wconf 90' lang='lat' dir='ltr'><strong>alio</strong></span> <span class='ocrx_word' id='word_1_442' title='bbox 1538 3290 1763 3343; x_wconf 87' lang='lat' dir='ltr'><strong>consilio</strong></span> <span class='ocrx_word' id='word_1_443' title='bbox 1794 3293 1856 3345; x_wconf 90' lang='lat' dir='ltr'><strong>ab</strong></span> 
     </span>
    </p>
   </div>
   <div class='ocr_carea' id='block_1_62' title="bbox 1959 3261 3530 3351">
    <p class='ocr_par' dir='ltr' id='par_1_62' title="bbox 1969 3275 3530 3349">
     <span class='ocr_line' id='line_1_62' title="bbox 1969 3275 3530 3349; baseline 0 -17"><span class='ocrx_word' id='word_1_444' title='bbox 1969 3280 2259 3349; x_wconf 89' lang='lat' dir='ltr'><strong>promittit,</strong></span> <span class='ocrx_word' id='word_1_445' title='bbox 2291 3275 2337 3333; x_wconf 86' lang='lat' dir='ltr'><strong>si</strong></span> <span class='ocrx_word' id='word_1_446' title='bbox 2366 3293 2430 3332; x_wconf 89' lang='lat' dir='ltr'><strong>eo</strong></span> <span class='ocrx_word' id='word_1_447' title='bbox 2467 3276 2879 3346; x_wconf 83' lang='lat' dir='ltr'><strong>Amphilochius</strong></span> <span class='ocrx_word' id='word_1_448' title='bbox 2917 3278 3173 3331; x_wconf 89' lang='lat' dir='ltr'><strong>accedere</strong></span> <span class='ocrx_word' id='word_1_449' title='bbox 3193 3292 3299 3332; x_wconf 80' lang='lat' dir='ltr'><strong>non</strong></span> <span class='ocrx_word' id='word_1_450' title='bbox 3340 3293 3530 3346; x_wconf 80' lang='lat' dir='ltr'><strong>grave-</strong></span> 
     </span>
    </p>
   </div>
   <div class='ocr_carea' id='block_1_63' title="bbox 287 3374 1862 3448">
    <p class='ocr_par' dir='ltr' id='par_1_63' title="bbox 287 3374 1862 3448">
     <span class='ocr_line' id='line_1_63' title="bbox 287 3374 1862 3448; baseline 0.004 -21"><span class='ocrx_word' id='word_1_451' title='bbox 287 3386 473 3427; x_wconf 90' lang='lat' dir='ltr'><strong>eorum</strong></span> <span class='ocrx_word' id='word_1_452' title='bbox 504 3374 763 3444; x_wconf 89' lang='lat' dir='ltr'><strong>episcopo</strong></span> <span class='ocrx_word' id='word_1_453' title='bbox 787 3374 1066 3439; x_wconf 86' lang='lat' dir='ltr'><strong>declinari,</strong></span> <span class='ocrx_word' id='word_1_454' title='bbox 1096 3376 1194 3429; x_wconf 89' lang='lat' dir='ltr'><strong>nisi</strong></span> <span class='ocrx_word' id='word_1_455' title='bbox 1233 3378 1375 3446; x_wconf 88' lang='lat' dir='ltr'><strong>quod</strong></span> <span class='ocrx_word' id='word_1_456' title='bbox 1407 3389 1632 3443; x_wconf 85' lang='lat' dir='ltr'><strong>metuat,</strong></span> <span class='ocrx_word' id='word_1_457' title='bbox 1656 3396 1862 3448; x_wconf 86' lang='lat' dir='ltr'><strong>nepra-</strong></span> 
     </span>
    </p>
   </div>
   <div class='ocr_carea' id='block_1_64' title="bbox 288 3466 1861 3538">
    <p class='ocr_par' dir='ltr' id='par_1_64' title="bbox 288 3466 1861 3538">
     <span class='ocr_line' id='line_1_64' title="bbox 288 3466 1861 3538; baseline 0.006 -22"><span class='ocrx_word' id='word_1_458' title='bbox 288 3478 477 3517; x_wconf 81' lang='lat' dir='ltr'><strong>verum</strong></span> <span class='ocrx_word' id='word_1_459' title='bbox 509 3466 821 3534; x_wconf 82' lang='lat' dir='ltr'><strong>dogmatum</strong></span> <span class='ocrx_word' id='word_1_460' title='bbox 849 3466 1068 3520; x_wconf 89' lang='lat' dir='ltr'><strong>nomine</strong></span> <span class='ocrx_word' id='word_1_461' title='bbox 1094 3478 1372 3536; x_wconf 89' lang='lat' dir='ltr'><strong>arguatur.</strong></span> <span class='ocrx_word' id='word_1_462' title='bbox 1394 3468 1540 3522; x_wconf 90' lang='lat' dir='ltr'><strong>Illius</strong></span> <span class='ocrx_word' id='word_1_463' title='bbox 1570 3470 1861 3538; x_wconf 88' lang='lat' dir='ltr'><strong>impuden-</strong></span> 
     </span>
    </p>
   </div>
   <div class='ocr_carea' id='block_1_65' title="bbox 292 3556 1858 3631">
    <p class='ocr_par' dir='ltr' id='par_1_65' title="bbox 292 3556 1858 3631">
     <span class='ocr_line' id='line_1_65' title="bbox 292 3556 1858 3631; baseline 0.006 -23"><span class='ocrx_word' id='word_1_464' title='bbox 292 3556 421 3608; x_wconf 89' lang='lat' dir='ltr'><strong>tiam</strong></span> <span class='ocrx_word' id='word_1_465' title='bbox 452 3559 717 3625; x_wconf 78' lang='lat' dir='ltr'><strong>exagitat,</strong></span> <span class='ocrx_word' id='word_1_466' title='bbox 754 3560 897 3628; x_wconf 87' lang='lat' dir='ltr'><strong>quod</strong></span> <span class='ocrx_word' id='word_1_467' title='bbox 930 3559 1138 3613; x_wconf 87' lang='lat' dir='ltr'><strong>somnia</strong></span> <span class='ocrx_word' id='word_1_468' title='bbox 1179 3570 1231 3613; x_wconf 92' lang='lat' dir='ltr'><strong>et</strong></span> <span class='ocrx_word' id='word_1_469' title='bbox 1262 3561 1373 3615; x_wconf 90' lang='lat' dir='ltr'><strong>visa</strong></span> <span class='ocrx_word' id='word_1_470' title='bbox 1406 3559 1609 3631; x_wconf 88' lang='lat' dir='ltr'><strong>ﬁngere</strong></span> <span class='ocrx_word' id='word_1_471' title='bbox 1638 3564 1858 3630; x_wconf 89' lang='lat' dir='ltr'><strong>audeat,</strong></span> 
     </span>
    </p>
   </div>
   <div class='ocr_carea' id='block_1_66' title="bbox 291 3643 1861 3721">
    <p class='ocr_par' dir='ltr' id='par_1_66' title="bbox 291 3643 1861 3721">
     <span class='ocr_line' id='line_1_66' title="bbox 291 3643 1861 3721; baseline 0.006 -23"><span class='ocrx_word' id='word_1_472' title='bbox 291 3656 347 3698; x_wconf 90' lang='lat' dir='ltr'><strong>ut</strong></span> <span class='ocrx_word' id='word_1_473' title='bbox 374 3643 558 3698; x_wconf 83' lang='lat' dir='ltr'><strong>Basilii</strong></span> <span class='ocrx_word' id='word_1_474' title='bbox 592 3648 870 3714; x_wconf 82' lang='lat' dir='ltr'><strong>doctrime,</strong></span> <span class='ocrx_word' id='word_1_475' title='bbox 898 3659 1150 3719; x_wconf 89' lang='lat' dir='ltr'><strong>tanquam</strong></span> <span class='ocrx_word' id='word_1_476' title='bbox 1184 3652 1522 3721; x_wconf 69' lang='lat' dir='ltr'><strong>perniciosae,</strong></span> <span class='ocrx_word' id='word_1_477' title='bbox 1552 3653 1731 3709; x_wconf 88' lang='lat' dir='ltr'><strong>odium</strong></span> <span class='ocrx_word' id='word_1_478' title='bbox 1756 3654 1861 3707; x_wconf 88' lang='lat' dir='ltr'><strong>im-</strong></span> 
     </span>
    </p>
   </div>
   <div class='ocr_carea' id='block_1_67' title="bbox 290 3736 1863 3813">
    <p class='ocr_par' dir='ltr' id='par_1_67' title="bbox 290 3736 1863 3813">
     <span class='ocr_line' id='line_1_67' title="bbox 290 3736 1863 3813; baseline 0.006 -25"><span class='ocrx_word' id='word_1_479' title='bbox 290 3745 490 3806; x_wconf 89' lang='lat' dir='ltr'><strong>portet.</strong></span> <span class='ocrx_word' id='word_1_480' title='bbox 522 3736 657 3791; x_wconf 72' lang='lat' dir='ltr'><strong>Cum</strong></span> <span class='ocrx_word' id='word_1_481' title='bbox 694 3738 816 3792; x_wconf 90' lang='lat' dir='ltr'><strong>belli</strong></span> <span class='ocrx_word' id='word_1_482' title='bbox 850 3740 1207 3808; x_wconf 86' lang='lat' dir='ltr'><strong>implacabilis</strong></span> <span class='ocrx_word' id='word_1_483' title='bbox 1235 3757 1415 3796; x_wconf 70' lang='lat' dir='ltr'><strong>causa:</strong></span> <span class='ocrx_word' id='word_1_484' title='bbox 1450 3745 1636 3797; x_wconf 88' lang='lat' dir='ltr'><strong>inanes</strong></span> <span class='ocrx_word' id='word_1_485' title='bbox 1662 3745 1863 3813; x_wconf 78' lang='lat' dir='ltr'><strong>profer-</strong></span> 
     </span>
    </p>
   </div>
   <div class='ocr_carea' id='block_1_68' title="bbox 291 3826 1865 3895">
    <p class='ocr_par' dir='ltr' id='par_1_68' title="bbox 291 3826 1865 3895">
     <span class='ocr_line' id='line_1_68' title="bbox 291 3826 1865 3895; baseline 0.006 -16"><span class='ocrx_word' id='word_1_486' title='bbox 291 3838 499 3890; x_wconf 80' lang='lat' dir='ltr'><strong>rentur,</strong></span> <span class='ocrx_word' id='word_1_487' title='bbox 537 3826 799 3894; x_wconf 87' lang='lat' dir='ltr'><strong>psallendi</strong></span> <span class='ocrx_word' id='word_1_488' title='bbox 833 3829 970 3883; x_wconf 89' lang='lat' dir='ltr'><strong>ritus</strong></span> <span class='ocrx_word' id='word_1_489' title='bbox 1004 3840 1059 3880; x_wconf 88' lang='lat' dir='ltr'><strong>et</strong></span> <span class='ocrx_word' id='word_1_490' title='bbox 1087 3831 1408 3884; x_wconf 86' lang='lat' dir='ltr'><strong>monasteria</strong></span> <span class='ocrx_word' id='word_1_491' title='bbox 1432 3870 1447 3895; x_wconf 92' lang='lat'><strong>,</strong></span> <span class='ocrx_word' id='word_1_492' title='bbox 1488 3834 1725 3887; x_wconf 85' lang='lat' dir='ltr'><strong>declarat</strong></span> <span class='ocrx_word' id='word_1_493' title='bbox 1760 3833 1865 3887; x_wconf 87' lang='lat' dir='ltr'><strong>Ba-</strong></span> 
     </span>
    </p>
   </div>
   <div class='ocr_carea' id='block_1_69' title="bbox 290 3917 1861 3986">
    <p class='ocr_par' dir='ltr' id='par_1_69' title="bbox 290 3917 1861 3986">
     <span class='ocr_line' id='line_1_69' title="bbox 290 3917 1861 3986; baseline 0.005 -16"><span class='ocrx_word' id='word_1_494' title='bbox 290 3917 444 3970; x_wconf 90' lang='lat' dir='ltr'><strong>silius</strong></span> <span class='ocrx_word' id='word_1_495' title='bbox 470 3932 529 3972; x_wconf 89' lang='lat' dir='ltr'><strong>se</strong></span> <span class='ocrx_word' id='word_1_496' title='bbox 560 3918 673 3970; x_wconf 67' lang='lat' dir='ltr'><strong>haec</strong></span> <span class='ocrx_word' id='word_1_497' title='bbox 701 3917 945 3971; x_wconf 88' lang='lat' dir='ltr'><strong>instituta</strong></span> <span class='ocrx_word' id='word_1_498' title='bbox 971 3932 1179 3986; x_wconf 63' lang='lat' dir='ltr'><strong>magnae</strong></span> <span class='ocrx_word' id='word_1_499' title='bbox 1215 3919 1358 3974; x_wconf 86' lang='lat' dir='ltr'><strong>laudi</strong></span> <span class='ocrx_word' id='word_1_500' title='bbox 1384 3921 1585 3975; x_wconf 91' lang='lat' dir='ltr'><strong>ducere</strong></span> <span class='ocrx_word' id='word_1_501' title='bbox 1612 3935 1628 3975; x_wconf 90' lang='lat'><strong>:</strong></span> <span class='ocrx_word' id='word_1_502' title='bbox 1665 3932 1861 3977; x_wconf 89' lang='lat' dir='ltr'><strong>etcum</strong></span> 
     </span>
    </p>
   </div>
   <div class='ocr_carea' id='block_1_70' title="bbox 291 4009 1863 4081">
    <p class='ocr_par' dir='ltr' id='par_1_70' title="bbox 291 4009 1863 4081">
     <span class='ocr_line' id='line_1_70' title="bbox 291 4009 1863 4081; baseline 0.004 -19"><span class='ocrx_word' id='word_1_503' title='bbox 291 4009 588 4077; x_wconf 85' lang='lat' dir='ltr'><strong>objicerent</strong></span> <span class='ocrx_word' id='word_1_504' title='bbox 611 4011 725 4064; x_wconf 76' lang='lat' dir='ltr'><strong>btec</strong></span> <span class='ocrx_word' id='word_1_505' title='bbox 753 4009 1003 4081; x_wconf 85' lang='lat' dir='ltr'><strong>Gregorii</strong></span> <span class='ocrx_word' id='word_1_506' title='bbox 1040 4022 1284 4080; x_wconf 85' lang='lat' dir='ltr'><strong>tempore</strong></span> <span class='ocrx_word' id='word_1_507' title='bbox 1325 4027 1429 4065; x_wconf 93' lang='lat' dir='ltr'><strong>non</strong></span> <span class='ocrx_word' id='word_1_508' title='bbox 1464 4012 1658 4080; x_wconf 86' lang='lat' dir='ltr'><strong>fuisse,</strong></span> <span class='ocrx_word' id='word_1_509' title='bbox 1684 4014 1863 4069; x_wconf 87' lang='lat' dir='ltr'><strong>oblata</strong></span> 
     </span>
    </p>
   </div>
   <div class='ocr_carea' id='block_1_71' title="bbox 289 4089 1867 4171">
    <p class='ocr_par' dir='ltr' id='par_1_71' title="bbox 289 4089 1867 4171">
     <span class='ocr_line' id='line_1_71' title="bbox 289 4089 1867 4171; baseline 0.001 -13"><span class='ocrx_word' id='word_1_510' title='bbox 289 4104 578 4158; x_wconf 84' lang='lat' dir='ltr'><strong>cccasione</strong></span> <span class='ocrx_word' id='word_1_511' title='bbox 598 4104 950 4166; x_wconf 86' lang='lat' dir='ltr'><strong>demonstrat,</strong></span> <span class='ocrx_word' id='word_1_512' title='bbox 974 4089 1238 4171; x_wconf 57' lang='lat' dir='ltr'><strong>quantum</strong></span> <span class='ocrx_word' id='word_1_513' title='bbox 1267 4119 1454 4158; x_wconf 89' lang='lat' dir='ltr'><strong>eorum</strong></span> <span class='ocrx_word' id='word_1_514' title='bbox 1476 4118 1654 4159; x_wconf 88' lang='lat' dir='ltr'><strong>mores</strong></span> <span class='ocrx_word' id='word_1_515' title='bbox 1675 4119 1705 4157; x_wconf 90' lang='lat' dir='ltr'><strong>a</strong></span> <span class='ocrx_word' id='word_1_516' title='bbox 1735 4104 1867 4160; x_wconf 82' lang='lat' dir='ltr'><strong>Gre-</strong></span> 
     </span>
    </p>
   </div>
   <div class='ocr_carea' id='block_1_72' title="bbox 291 4192 1865 4265">
    <p class='ocr_par' dir='ltr' id='par_1_72' title="bbox 291 4192 1865 4265">
     <span class='ocr_line' id='line_1_72' title="bbox 291 4192 1865 4265; baseline 0.001 -16"><span class='ocrx_word' id='word_1_517' title='bbox 291 4192 431 4263; x_wconf 76' lang='lat' dir='ltr'><strong>gorii</strong></span> <span class='ocrx_word' id='word_1_518' title='bbox 462 4194 641 4263; x_wconf 83' lang='lat' dir='ltr'><strong>magni</strong></span> <span class='ocrx_word' id='word_1_519' title='bbox 674 4194 917 4247; x_wconf 86' lang='lat' dir='ltr'><strong>moribus</strong></span> <span class='ocrx_word' id='word_1_520' title='bbox 940 4193 1277 4249; x_wconf 76' lang='lat' dir='ltr'><strong>deﬂexerint.</strong></span> <span class='ocrx_word' id='word_1_521' title='bbox 1321 4196 1586 4250; x_wconf 61' lang='lat' dir='ltr'><strong>(laterum</strong></span> <span class='ocrx_word' id='word_1_522' title='bbox 1617 4206 1865 4265; x_wconf 90' lang='lat' dir='ltr'><strong>paratum</strong></span> 
     </span>
    </p>
   </div>
   <div class='ocr_carea' id='block_1_73' title="bbox 292 4286 1865 4355">
    <p class='ocr_par' dir='ltr' id='par_1_73' title="bbox 292 4286 1865 4355">
     <span class='ocr_line' id='line_1_73' title="bbox 292 4286 1865 4355; baseline 0.002 -17"><span class='ocrx_word' id='word_1_523' title='bbox 292 4301 351 4339; x_wconf 86' lang='lat' dir='ltr'><strong>se</strong></span> <span class='ocrx_word' id='word_1_524' title='bbox 386 4299 507 4339; x_wconf 85' lang='lat' dir='ltr'><strong>esse</strong></span> <span class='ocrx_word' id='word_1_525' title='bbox 546 4286 789 4340; x_wconf 89' lang='lat' dir='ltr'><strong>declarat</strong></span> <span class='ocrx_word' id='word_1_526' title='bbox 829 4286 1073 4355; x_wconf 87' lang='lat' dir='ltr'><strong>privatas</strong></span> <span class='ocrx_word' id='word_1_527' title='bbox 1127 4286 1358 4355; x_wconf 87' lang='lat' dir='ltr'><strong>injurias</strong></span> <span class='ocrx_word' id='word_1_528' title='bbox 1391 4288 1692 4341; x_wconf 89' lang='lat' dir='ltr'><strong>voluntaria</strong></span> <span class='ocrx_word' id='word_1_529' title='bbox 1726 4288 1865 4343; x_wconf 58' lang='lat' dir='ltr'><strong>ohlio</strong></span> 
     </span>
    </p>
   </div>
   <div class='ocr_carea' id='block_1_74' title="bbox 292 4376 1864 4449">
    <p class='ocr_par' dir='ltr' id='par_1_74' title="bbox 292 4376 1864 4449">
     <span class='ocr_line' id='line_1_74' title="bbox 292 4376 1864 4449; baseline 0.004 -22"><span class='ocrx_word' id='word_1_530' title='bbox 292 4379 450 4429; x_wconf 89' lang='lat' dir='ltr'><strong>vione</strong></span> <span class='ocrx_word' id='word_1_531' title='bbox 482 4387 783 4444; x_wconf 90' lang='lat' dir='ltr'><strong>conterere,</strong></span> <span class='ocrx_word' id='word_1_532' title='bbox 822 4380 980 4431; x_wconf 88' lang='lat' dir='ltr'><strong>modo</strong></span> <span class='ocrx_word' id='word_1_533' title='bbox 1026 4376 1156 4431; x_wconf 81' lang='lat' dir='ltr'><strong>fides</strong></span> <span class='ocrx_word' id='word_1_534' title='bbox 1184 4380 1248 4437; x_wconf 77' lang='lat' dir='ltr'><strong>in</strong></span> <span class='ocrx_word' id='word_1_535' title='bbox 1276 4388 1388 4431; x_wconf 91' lang='lat' dir='ltr'><strong>tuto</strong></span> <span class='ocrx_word' id='word_1_536' title='bbox 1417 4380 1507 4443; x_wconf 90' lang='lat' dir='ltr'><strong>sit,</strong></span> <span class='ocrx_word' id='word_1_537' title='bbox 1544 4380 1864 4449; x_wconf 78' lang='lat' dir='ltr'><strong>hypoStases</strong></span> 
     </span>
    </p>
   </div>
   <div class='ocr_carea' id='block_1_75' title="bbox 293 4470 1865 4537">
    <p class='ocr_par' dir='ltr' id='par_1_75' title="bbox 293 4470 1865 4537">
     <span class='ocr_line' id='line_1_75' title="bbox 293 4470 1865 4537; baseline 0.003 -16"><span class='ocrx_word' id='word_1_538' title='bbox 293 4482 401 4521; x_wconf 88' lang='lat' dir='ltr'><strong>non</strong></span> <span class='ocrx_word' id='word_1_539' title='bbox 436 4477 768 4535; x_wconf 86' lang='lat' dir='ltr'><strong>evertantur,</strong></span> <span class='ocrx_word' id='word_1_540' title='bbox 810 4470 1011 4525; x_wconf 78' lang='lat' dir='ltr'><strong>Christi</strong></span> <span class='ocrx_word' id='word_1_541' title='bbox 1047 4485 1239 4523; x_wconf 90' lang='lat' dir='ltr'><strong>nomen</strong></span> <span class='ocrx_word' id='word_1_542' title='bbox 1269 4485 1372 4522; x_wconf 88' lang='lat' dir='ltr'><strong>non</strong></span> <span class='ocrx_word' id='word_1_543' title='bbox 1406 4470 1719 4537; x_wconf 79' lang='lat' dir='ltr'><strong>abnegetur,</strong></span> <span class='ocrx_word' id='word_1_544' title='bbox 1768 4485 1865 4526; x_wconf 86' lang='lat' dir='ltr'><strong>nec</strong></span> 
     </span>
    </p>
   </div>
   <div class='ocr_carea' id='block_1_76' title="bbox 289 4556 1936 4655">
    <p class='ocr_par' dir='ltr' id='par_1_76' title="bbox 289 4556 1936 4655">
     <span class='ocr_line' id='line_1_76' title="bbox 289 4556 1936 4655; baseline 0.002 -43"><span class='ocrx_word' id='word_1_545' title='bbox 289 4556 537 4626; x_wconf 83' lang='lat' dir='ltr'><strong>Gregorii</strong></span> <span class='ocrx_word' id='word_1_546' title='bbox 574 4560 733 4610; x_wconf 89' lang='lat' dir='ltr'><strong>verba</strong></span> <span class='ocrx_word' id='word_1_547' title='bbox 763 4560 947 4627; x_wconf 80' lang='lat' dir='ltr'><strong>pravis</strong></span> <span class='ocrx_word' id='word_1_548' title='bbox 972 4559 1511 4628; x_wconf 86' lang='lat' dir='ltr'><strong>interpretationibus</strong></span> <span class='ocrx_word' id='word_1_549' title='bbox 1544 4572 1861 4629; x_wconf 72' lang='lat' dir='ltr'><strong>pervertan~</strong></span> <span class='ocrx_word' id='word_1_550' title='bbox 1893 4598 1936 4655; x_wconf 65' lang='grc' dir='ltr'><strong>υ</strong></span> 
     </span>
    </p>
   </div>
   <div class='ocr_carea' id='block_1_77' title="bbox 291 4646 1862 4719">
    <p class='ocr_par' dir='ltr' id='par_1_77' title="bbox 291 4646 1862 4719">
     <span class='ocr_line' id='line_1_77' title="bbox 291 4646 1862 4719; baseline 0.003 -20"><span class='ocrx_word' id='word_1_551' title='bbox 291 4655 382 4699; x_wconf 93' lang='lat' dir='ltr'><strong>tur</strong></span> <span class='ocrx_word' id='word_1_552' title='bbox 420 4664 434 4700; x_wconf 73' lang='grc' dir='ltr'>ς</span> <span class='ocrx_word' id='word_1_553' title='bbox 466 4646 663 4715; x_wconf 90' lang='lat' dir='ltr'><strong>quibus</strong></span> <span class='ocrx_word' id='word_1_554' title='bbox 686 4649 863 4702; x_wconf 85' lang='lat' dir='ltr'><strong>verbis</strong></span> <span class='ocrx_word' id='word_1_555' title='bbox 895 4648 1448 4704; x_wconf 87' lang='lat' dir='ltr'><strong>subindicatBasilius</strong></span> <span class='ocrx_word' id='word_1_556' title='bbox 1474 4664 1593 4718; x_wconf 65' lang='lat' dir='ltr'><strong>quae</strong></span> <span class='ocrx_word' id='word_1_557' title='bbox 1621 4651 1862 4719; x_wconf 89' lang='lat' dir='ltr'><strong>apertius</strong></span> 
     </span>
    </p>
   </div>
   <div class='ocr_carea' id='block_1_78' title="bbox 291 4738 1865 4810">
    <p class='ocr_par' dir='ltr' id='par_1_78' title="bbox 291 4738 1865 4810">
     <span class='ocr_line' id='line_1_78' title="bbox 291 4738 1865 4810; baseline 0.002 -20"><span class='ocrx_word' id='word_1_558' title='bbox 291 4741 514 4804; x_wconf 82' lang='lat' dir='ltr'><strong>exponit</strong></span> <span class='ocrx_word' id='word_1_559' title='bbox 548 4739 601 4792; x_wconf 88' lang='lat' dir='ltr'><strong>in</strong></span> <span class='ocrx_word' id='word_1_560' title='bbox 637 4738 864 4807; x_wconf 86' lang='lat' dir='ltr'><strong>epistola</strong></span> <span class='ocrx_word' id='word_1_561' title='bbox 890 4740 1016 4807; x_wconf 74' lang='grc'><strong>210,</strong></span> <span class='ocrx_word' id='word_1_562' title='bbox 1046 4756 1101 4795; x_wconf 94' lang='lat' dir='ltr'><strong>n.</strong></span> <span class='ocrx_word' id='word_1_563' title='bbox 1128 4740 1183 4805; x_wconf 77' lang='grc' dir='ltr'><strong>ὅ,</strong></span> <span class='ocrx_word' id='word_1_564' title='bbox 1208 4742 1274 4794; x_wconf 91' lang='lat' dir='ltr'><strong>de</strong></span> <span class='ocrx_word' id='word_1_565' title='bbox 1298 4741 1556 4810; x_wconf 82' lang='lat' dir='ltr'><strong>episcopo</strong></span> <span class='ocrx_word' id='word_1_566' title='bbox 1581 4738 1865 4795; x_wconf 62' lang='lat' dir='ltr'><strong>Neocarsa—</strong></span> 
     </span>
    </p>
   </div>
   <div class='ocr_carea' id='block_1_79' title="bbox 292 4829 1861 4899">
    <p class='ocr_par' dir='ltr' id='par_1_79' title="bbox 292 4829 1861 4899">
     <span class='ocr_line' id='line_1_79' title="bbox 292 4829 1861 4899; baseline 0.003 -16"><span class='ocrx_word' id='word_1_567' title='bbox 292 4829 482 4896; x_wconf 83' lang='lat' dir='ltr'><strong>rieusi,</strong></span> <span class='ocrx_word' id='word_1_568' title='bbox 509 4844 577 4884; x_wconf 77' lang='lat' dir='ltr'><strong>ex</strong></span> <span class='ocrx_word' id='word_1_569' title='bbox 604 4844 711 4899; x_wconf 92' lang='lat' dir='ltr'><strong>quo</strong></span> <span class='ocrx_word' id='word_1_570' title='bbox 740 4831 980 4885; x_wconf 86' lang='lat' dir='ltr'><strong>auditum</strong></span> <span class='ocrx_word' id='word_1_571' title='bbox 1018 4832 1216 4895; x_wconf 88' lang='lat' dir='ltr'><strong>fuerat,</strong></span> <span class='ocrx_word' id='word_1_572' title='bbox 1255 4849 1378 4887; x_wconf 92' lang='lat' dir='ltr'><strong>cum</strong></span> <span class='ocrx_word' id='word_1_573' title='bbox 1406 4834 1635 4899; x_wconf 86' lang='lat' dir='ltr'><strong>diceret,</strong></span> <span class='ocrx_word' id='word_1_574' title='bbox 1667 4849 1861 4888; x_wconf 90' lang='lat' dir='ltr'><strong>nomen</strong></span> 
     </span>
    </p>
   </div>
   <div class='ocr_carea' id='block_1_80' title="bbox 296 4919 1859 4991">
    <p class='ocr_par' dir='ltr' id='par_1_80' title="bbox 296 4919 1859 4991">
     <span class='ocr_line' id='line_1_80' title="bbox 296 4919 1859 4991; baseline 0.001 -14"><span class='ocrx_word' id='word_1_575' title='bbox 296 4919 574 4991; x_wconf 78' lang='lat' dir='ltr'><strong>Unigeniti</strong></span> <span class='ocrx_word' id='word_1_576' title='bbox 607 4922 865 4977; x_wconf 82' lang='lat' dir='ltr'><strong>traditum</strong></span> <span class='ocrx_word' id='word_1_577' title='bbox 902 4936 1006 4975; x_wconf 91' lang='lat' dir='ltr'><strong>non</strong></span> <span class='ocrx_word' id='word_1_578' title='bbox 1028 4938 1169 4988; x_wconf 85' lang='lat' dir='ltr'><strong>esse,</strong></span> <span class='ocrx_word' id='word_1_579' title='bbox 1194 4925 1288 4979; x_wconf 89' lang='lat' dir='ltr'><strong>sed</strong></span> <span class='ocrx_word' id='word_1_580' title='bbox 1323 4938 1516 4978; x_wconf 90' lang='lat' dir='ltr'><strong>nomen</strong></span> <span class='ocrx_word' id='word_1_581' title='bbox 1542 4924 1859 4978; x_wconf 88' lang='lat' dir='ltr'><strong>adversarii.</strong></span> 
     </span>
    </p>
   </div>
   <div class='ocr_carea' id='block_1_81' title="bbox 366 5015 1861 5088">
    <p class='ocr_par' dir='ltr' id='par_1_81' title="bbox 366 5015 1861 5088">
     <span class='ocr_line' id='line_1_81' title="bbox 366 5015 1861 5088; baseline 0.004 -21"><span class='ocrx_word' id='word_1_582' title='bbox 366 5015 495 5067; x_wconf 77' lang='lat' dir='ltr'><strong>Dua:</strong></span> <span class='ocrx_word' id='word_1_583' title='bbox 520 5024 807 5083; x_wconf 80' lang='lat' dir='ltr'><strong>sequentes</strong></span> <span class='ocrx_word' id='word_1_584' title='bbox 838 5015 1077 5083; x_wconf 71' lang='lat' dir='ltr'><strong>epistolae</strong></span> <span class='ocrx_word' id='word_1_585' title='bbox 1106 5017 1356 5070; x_wconf 87' lang='lat' dir='ltr'><strong>videntur</strong></span> <span class='ocrx_word' id='word_1_586' title='bbox 1386 5018 1451 5071; x_wconf 89' lang='lat' dir='ltr'><strong>ad</strong></span> <span class='ocrx_word' id='word_1_587' title='bbox 1485 5017 1616 5071; x_wconf 92' lang='lat' dir='ltr'><strong>illud</strong></span> <span class='ocrx_word' id='word_1_588' title='bbox 1641 5027 1861 5088; x_wconf 86' lang='lat' dir='ltr'><strong>tempus</strong></span> 
     </span>
    </p>
   </div>
   <div class='ocr_carea' id='block_1_82' title="bbox 292 5106 1860 5177">
    <p class='ocr_par' dir='ltr' id='par_1_82' title="bbox 292 5106 1860 5177">
     <span class='ocr_line' id='line_1_82' title="bbox 292 5106 1860 5177; baseline 0.001 -14"><span class='ocrx_word' id='word_1_589' title='bbox 292 5108 587 5177; x_wconf 86' lang='lat' dir='ltr'><strong>pertinere,</strong></span> <span class='ocrx_word' id='word_1_590' title='bbox 615 5123 721 5175; x_wconf 90' lang='lat' dir='ltr'><strong>quo</strong></span> <span class='ocrx_word' id='word_1_591' title='bbox 747 5106 1094 5163; x_wconf 72' lang='lat' dir='ltr'><strong>Neocazsarea</strong></span> <span class='ocrx_word' id='word_1_592' title='bbox 1113 5108 1306 5163; x_wconf 89' lang='lat' dir='ltr'><strong>bellum</strong></span> <span class='ocrx_word' id='word_1_593' title='bbox 1337 5110 1603 5165; x_wconf 89' lang='lat' dir='ltr'><strong>inferebat</strong></span> <span class='ocrx_word' id='word_1_594' title='bbox 1630 5109 1860 5165; x_wconf 88' lang='lat' dir='ltr'><strong>Basilio.</strong></span> 
     </span>
    </p>
   </div>
   <div class='ocr_carea' id='block_1_83' title="bbox 290 5197 1857 5271">
    <p class='ocr_par' dir='ltr' id='par_1_83' title="bbox 290 5197 1857 5271">
     <span class='ocr_line' id='line_1_83' title="bbox 290 5197 1857 5271; baseline 0.001 -19"><span class='ocrx_word' id='word_1_595' title='bbox 290 5200 478 5253; x_wconf 90' lang='lat' dir='ltr'><strong>Prima</strong></span> <span class='ocrx_word' id='word_1_596' title='bbox 507 5199 709 5266; x_wconf 87' lang='lat' dir='ltr'><strong>scripta</strong></span> <span class='ocrx_word' id='word_1_597' title='bbox 734 5211 818 5253; x_wconf 85' lang='lat' dir='ltr'><strong>est</strong></span> <span class='ocrx_word' id='word_1_598' title='bbox 846 5197 1107 5253; x_wconf 87' lang='lat' dir='ltr'><strong>Eulancio</strong></span> <span class='ocrx_word' id='word_1_599' title='bbox 1137 5200 1211 5271; x_wconf 90' lang='lat' dir='ltr'><strong>(a)</strong></span> <span class='ocrx_word' id='word_1_600' title='bbox 1234 5239 1251 5265; x_wconf 92' lang='lat'><strong>,</strong></span> <span class='ocrx_word' id='word_1_601' title='bbox 1290 5203 1541 5270; x_wconf 73' lang='lat' dir='ltr'><strong>sophista:</strong></span> <span class='ocrx_word' id='word_1_602' title='bbox 1576 5202 1857 5255; x_wconf 74' lang='lat' dir='ltr'><strong>Neocaesa-</strong></span> 
     </span>
    </p>
   </div>
   <div class='ocr_carea' id='block_1_84' title="bbox 290 5290 1855 5359">
    <p class='ocr_par' dir='ltr' id='par_1_84' title="bbox 290 5290 1855 5359">
     <span class='ocr_line' id='line_1_84' title="bbox 290 5290 1855 5359; baseline 0.003 -16"><span class='ocrx_word' id='word_1_603' title='bbox 290 5290 482 5353; x_wconf 89' lang='lat' dir='ltr'><strong>rieusi,</strong></span> <span class='ocrx_word' id='word_1_604' title='bbox 507 5290 598 5358; x_wconf 91' lang='lat' dir='ltr'><strong>qui</strong></span> <span class='ocrx_word' id='word_1_605' title='bbox 630 5304 749 5343; x_wconf 91' lang='lat' dir='ltr'><strong>cum</strong></span> <span class='ocrx_word' id='word_1_606' title='bbox 782 5291 984 5359; x_wconf 84' lang='lat' dir='ltr'><strong>jamdiu</strong></span> <span class='ocrx_word' id='word_1_607' title='bbox 1014 5291 1148 5344; x_wconf 87' lang='lat' dir='ltr'><strong>nihil</strong></span> <span class='ocrx_word' id='word_1_608' title='bbox 1186 5294 1447 5347; x_wconf 86' lang='lat' dir='ltr'><strong>scriberet</strong></span> <span class='ocrx_word' id='word_1_609' title='bbox 1481 5294 1701 5357; x_wconf 85' lang='lat' dir='ltr'><strong>Basilio,</strong></span> <span class='ocrx_word' id='word_1_610' title='bbox 1742 5308 1855 5347; x_wconf 80' lang='lat' dir='ltr'><strong>me-</strong></span> 
     </span>
    </p>
   </div>
   <div class='ocr_carea' id='block_1_85' title="bbox 291 5382 1859 5449">
    <p class='ocr_par' dir='ltr' id='par_1_85' title="bbox 291 5382 1859 5449">
     <span class='ocr_line' id='line_1_85' title="bbox 291 5382 1859 5449; baseline 0 -11"><span class='ocrx_word' id='word_1_611' title='bbox 291 5384 475 5438; x_wconf 88' lang='lat' dir='ltr'><strong>tuendi</strong></span> <span class='ocrx_word' id='word_1_612' title='bbox 501 5386 682 5438; x_wconf 90' lang='lat' dir='ltr'><strong>locum</strong></span> <span class='ocrx_word' id='word_1_613' title='bbox 726 5382 1007 5449; x_wconf 77' lang='lat' dir='ltr'><strong>aﬂ‘erebat,</strong></span> <span class='ocrx_word' id='word_1_614' title='bbox 1052 5400 1120 5439; x_wconf 88' lang='lat' dir='ltr'><strong>ne</strong></span> <span class='ocrx_word' id='word_1_615' title='bbox 1157 5384 1415 5440; x_wconf 90' lang='lat' dir='ltr'><strong>Basilium</strong></span> <span class='ocrx_word' id='word_1_616' title='bbox 1450 5383 1859 5438; x_wconf 73' lang='lat' dir='ltr'><strong>Neocazsarien-</strong></span> 
     </span>
    </p>
   </div>
   <div class='ocr_carea' id='block_1_86' title="bbox 285 5480 1856 5551">
    <p class='ocr_par' dir='ltr' id='par_1_86' title="bbox 285 5480 1856 5551">
     <span class='ocr_line' id='line_1_86' title="bbox 285 5480 1856 5551; baseline 0 -18"><span class='ocrx_word' id='word_1_617' title='bbox 285 5482 433 5533; x_wconf 75' lang='lat' dir='ltr'><strong>siuzn</strong></span> <span class='ocrx_word' id='word_1_618' title='bbox 472 5494 639 5534; x_wconf 84' lang='lat' dir='ltr'><strong>eausa</strong></span> <span class='ocrx_word' id='word_1_619' title='bbox 671 5480 849 5533; x_wconf 89' lang='lat' dir='ltr'><strong>odisse</strong></span> <span class='ocrx_word' id='word_1_620' title='bbox 873 5483 1147 5550; x_wconf 73' lang='lat' dir='ltr'><strong>cmpisset,</strong></span> <span class='ocrx_word' id='word_1_621' title='bbox 1172 5482 1263 5551; x_wconf 89' lang='lat' dir='ltr'><strong>qui</strong></span> <span class='ocrx_word' id='word_1_622' title='bbox 1292 5490 1446 5535; x_wconf 89' lang='lat' dir='ltr'><strong>antea</strong></span> <span class='ocrx_word' id='word_1_623' title='bbox 1478 5480 1657 5533; x_wconf 89' lang='lat' dir='ltr'><strong>Basilii</strong></span> <span class='ocrx_word' id='word_1_624' title='bbox 1693 5495 1856 5536; x_wconf 87' lang='lat' dir='ltr'><strong>causa</strong></span> 
     </span>
    </p>
   </div>
   <div class='ocr_carea' id='block_1_87' title="bbox 286 5568 1857 5629">
    <p class='ocr_par' dir='ltr' id='par_1_87' title="bbox 286 5568 1857 5629">
     <span class='ocr_line' id='line_1_87' title="bbox 286 5568 1857 5629; baseline 0.001 -4"><span class='ocrx_word' id='word_1_625' title='bbox 286 5571 819 5625; x_wconf 63' lang='lat' dir='ltr'><strong>Neocmsariensibus</strong></span> <span class='ocrx_word' id='word_1_626' title='bbox 849 5571 1051 5625; x_wconf 89' lang='lat' dir='ltr'><strong>invisus</strong></span> <span class='ocrx_word' id='word_1_627' title='bbox 1080 5586 1219 5628; x_wconf 84' lang='lat' dir='ltr'><strong>erat.</strong></span> <span class='ocrx_word' id='word_1_628' title='bbox 1256 5572 1440 5629; x_wconf 84' lang='lat' dir='ltr'><strong>Altera</strong></span> <span class='ocrx_word' id='word_1_629' title='bbox 1480 5584 1636 5629; x_wconf 84' lang='lat' dir='ltr'><strong>caret</strong></span> <span class='ocrx_word' id='word_1_630' title='bbox 1661 5568 1857 5628; x_wconf 50' lang='lat' dir='ltr'><strong>inseri;</strong></span> 
     </span>
    </p>
   </div>
   <div class='ocr_carea' id='block_1_88' title="bbox 383 5743 709 5814">
    <p class='ocr_par' dir='ltr' id='par_1_88' title="bbox 383 5743 709 5814">
     <span class='ocr_line' id='line_1_88' title="bbox 383 5743 709 5814; baseline 0 -17"><span class='ocrx_word' id='word_1_631' title='bbox 383 5746 437 5813; x_wconf 89' lang='lat' dir='ltr'><strong>a)</strong></span> <span class='ocrx_word' id='word_1_632' title='bbox 465 5746 559 5814; x_wconf 81' lang='lat' dir='ltr'><strong>Ep.</strong></span> <span class='ocrx_word' id='word_1_633' title='bbox 584 5743 709 5800; x_wconf 70' lang='grc'><strong>208.</strong></span> 
     </span>
    </p>
   </div>
   <div class='ocr_carea' id='block_1_89' title="bbox 362 5746 726 5887">
    <p class='ocr_par' dir='ltr' id='par_1_89' title="bbox 362 5746 726 5887">
     <span class='ocr_line' id='line_1_89' title="bbox 383 5746 709 5814; baseline 0 -17"><span class='ocrx_word' id='word_1_634' title='bbox 383 5746 437 5813; x_wconf 83' lang='grc' dir='ltr'><strong>α)</strong></span> <span class='ocrx_word' id='word_1_635' title='bbox 465 5746 559 5814; x_wconf 81' lang='lat' dir='ltr'><strong>Ep.</strong></span> <span class='ocrx_word' id='word_1_636' title='bbox 584 5746 709 5800; x_wconf 71' lang='grc'><strong>208.</strong></span> 
     </span>
     <span class='ocr_line' id='line_1_90' title="bbox 362 5746 726 5887; baseline 0.005 -20"><span class='ocrx_word' id='word_1_637' title='bbox 362 5746 435 5887; x_wconf 53' lang='lat' dir='ltr'><strong>ib)</strong></span> <span class='ocrx_word' id='word_1_638' title='bbox 471 5817 567 5887; x_wconf 74' lang='lat' dir='ltr'><strong>Ep.</strong></span> <span class='ocrx_word' id='word_1_639' title='bbox 599 5815 726 5869; x_wconf 70' lang='grc'><strong>252.</strong></span> 
     </span>
    </p>
   </div>
   <div class='ocr_carea' id='block_1_90' title="bbox 610 5907 1304 5972">
    <p class='ocr_par' dir='ltr' id='par_1_90' title="bbox 610 5907 1304 5972">
     <span class='ocr_line' id='line_1_91' title="bbox 610 5907 1304 5972; baseline 0.001 -1"><span class='ocrx_word' id='word_1_640' title='bbox 610 5912 881 5972; x_wconf 69' lang='lat' dir='ltr'><strong>Pnaoa.</strong></span> <span class='ocrx_word' id='word_1_641' title='bbox 914 5910 1029 5969; x_wconf 76' lang='lat' dir='ltr'><strong>Gtt.</strong></span> <span class='ocrx_word' id='word_1_642' title='bbox 1073 5909 1120 5971; x_wconf 82' lang='grc' dir='ltr'><strong>Χ</strong></span> <span class='ocrx_word' id='word_1_643' title='bbox 1135 5907 1304 5972; x_wconf 72' lang='lat' dir='ltr'><strong>XIX.</strong></span> 
     </span>
    </p>
   </div>
   <div class='ocr_carea' id='block_1_91' title="bbox 1965 3367 3531 3443">
    <p class='ocr_par' dir='ltr' id='par_1_91' title="bbox 1965 3367 3531 3443">
     <span class='ocr_line' id='line_1_92' title="bbox 1965 3367 3531 3443; baseline 0.001 -20"><span class='ocrx_word' id='word_1_644' title='bbox 1965 3379 2069 3423; x_wconf 92' lang='lat' dir='ltr'><strong>tur.</strong></span> <span class='ocrx_word' id='word_1_645' title='bbox 2107 3371 2213 3426; x_wconf 90' lang='lat' dir='ltr'><strong>Sed</strong></span> <span class='ocrx_word' id='word_1_646' title='bbox 2260 3370 2304 3425; x_wconf 86' lang='lat' dir='ltr'><strong>si</strong></span> <span class='ocrx_word' id='word_1_647' title='bbox 2357 3368 2592 3424; x_wconf 89' lang='lat' dir='ltr'><strong>instabat</strong></span> <span class='ocrx_word' id='word_1_648' title='bbox 2630 3368 2747 3423; x_wconf 88' lang='lat' dir='ltr'><strong>dies</strong></span> <span class='ocrx_word' id='word_1_649' title='bbox 2794 3368 2962 3422; x_wconf 87' lang='lat' dir='ltr'><strong>festus</strong></span> <span class='ocrx_word' id='word_1_650' title='bbox 3006 3367 3065 3422; x_wconf 90' lang='lat' dir='ltr'><strong>S.</strong></span> <span class='ocrx_word' id='word_1_651' title='bbox 3097 3368 3404 3443; x_wconf 71' lang='lat' dir='ltr'><strong>Eupsychii,</strong></span> <span class='ocrx_word' id='word_1_652' title='bbox 3430 3380 3531 3425; x_wconf 83' lang='lat' dir='ltr'><strong>cur</strong></span> 
     </span>
    </p>
   </div>
   <div class='ocr_carea' id='block_1_92' title="bbox 1966 3458 3530 3528">
    <p class='ocr_par' dir='ltr' id='par_1_92' title="bbox 1966 3458 3530 3528">
     <span class='ocr_line' id='line_1_93' title="bbox 1966 3458 3530 3528; baseline 0.001 -16"><span class='ocrx_word' id='word_1_653' title='bbox 1966 3474 2068 3512; x_wconf 89' lang='lat' dir='ltr'><strong>non</strong></span> <span class='ocrx_word' id='word_1_654' title='bbox 2102 3458 2295 3511; x_wconf 89' lang='lat' dir='ltr'><strong>iterum</strong></span> <span class='ocrx_word' id='word_1_655' title='bbox 2339 3458 2770 3528; x_wconf 80' lang='lat' dir='ltr'><strong>Amphilochium</strong></span> <span class='ocrx_word' id='word_1_656' title='bbox 2822 3458 3055 3512; x_wconf 74' lang='lat' dir='ltr'><strong>invitat?</strong></span> <span class='ocrx_word' id='word_1_657' title='bbox 3106 3458 3223 3513; x_wconf 82' lang='lat' dir='ltr'><strong>Jam</strong></span> <span class='ocrx_word' id='word_1_658' title='bbox 3250 3461 3391 3514; x_wconf 90' lang='lat' dir='ltr'><strong>enim</strong></span> <span class='ocrx_word' id='word_1_659' title='bbox 3442 3462 3530 3514; x_wconf 80' lang='lat' dir='ltr'><strong>in-</strong></span> 
     </span>
    </p>
   </div>
   <div class='ocr_carea' id='block_1_93' title="bbox 1964 3548 3531 3617">
    <p class='ocr_par' dir='ltr' id='par_1_93' title="bbox 1964 3548 3531 3617">
     <span class='ocr_line' id='line_1_94' title="bbox 1964 3548 3531 3617; baseline 0.004 -17"><span class='ocrx_word' id='word_1_660' title='bbox 1964 3551 2225 3603; x_wconf 86' lang='lat' dir='ltr'><strong>vitaverat</strong></span> <span class='ocrx_word' id='word_1_661' title='bbox 2254 3549 2412 3617; x_wconf 89' lang='lat' dir='ltr'><strong>paulo</strong></span> <span class='ocrx_word' id='word_1_662' title='bbox 2437 3559 2559 3617; x_wconf 91' lang='lat' dir='ltr'><strong>post</strong></span> <span class='ocrx_word' id='word_1_663' title='bbox 2586 3548 2814 3605; x_wconf 86' lang='lat' dir='ltr'><strong>Pascha.</strong></span> <span class='ocrx_word' id='word_1_664' title='bbox 2840 3550 2970 3603; x_wconf 85' lang='lat' dir='ltr'><strong>Nam</strong></span> <span class='ocrx_word' id='word_1_665' title='bbox 2994 3551 3159 3604; x_wconf 88' lang='lat' dir='ltr'><strong>etiam</strong></span> <span class='ocrx_word' id='word_1_666' title='bbox 3193 3552 3235 3605; x_wconf 88' lang='lat' dir='ltr'><strong>si</strong></span> <span class='ocrx_word' id='word_1_667' title='bbox 3266 3556 3370 3606; x_wconf 87' lang='lat' dir='ltr'><strong>iter</strong></span> <span class='ocrx_word' id='word_1_668' title='bbox 3392 3550 3531 3607; x_wconf 80' lang='lat' dir='ltr'><strong>Pon-</strong></span> 
     </span>
    </p>
   </div>
   <div class='ocr_carea' id='block_1_94' title="bbox 1966 3640 3530 3712">
    <p class='ocr_par' dir='ltr' id='par_1_94' title="bbox 1966 3640 3530 3712">
     <span class='ocr_line' id='line_1_95' title="bbox 1966 3640 3530 3712; baseline 0.002 -17"><span class='ocrx_word' id='word_1_669' title='bbox 1966 3643 2125 3695; x_wconf 90' lang='lat' dir='ltr'><strong>ticum</strong></span> <span class='ocrx_word' id='word_1_670' title='bbox 2155 3650 2279 3695; x_wconf 89' lang='lat' dir='ltr'><strong>ante</strong></span> <span class='ocrx_word' id='word_1_671' title='bbox 2303 3640 2677 3709; x_wconf 86' lang='lat' dir='ltr'><strong>Septembrem</strong></span> <span class='ocrx_word' id='word_1_672' title='bbox 2705 3643 2955 3696; x_wconf 88' lang='lat' dir='ltr'><strong>collocari</strong></span> <span class='ocrx_word' id='word_1_673' title='bbox 3004 3654 3209 3712; x_wconf 90' lang='lat' dir='ltr'><strong>posset,</strong></span> <span class='ocrx_word' id='word_1_674' title='bbox 3250 3653 3396 3698; x_wconf 87' lang='lat' dir='ltr'><strong>certe</strong></span> <span class='ocrx_word' id='word_1_675' title='bbox 3426 3661 3530 3699; x_wconf 89' lang='lat' dir='ltr'><strong>non</strong></span> 
     </span>
    </p>
   </div>
   <div class='ocr_carea' id='block_1_95' title="bbox 1965 3735 3531 3805">
    <p class='ocr_par' dir='ltr' id='par_1_95' title="bbox 1965 3735 3531 3805">
     <span class='ocr_line' id='line_1_96' title="bbox 1965 3735 3531 3805; baseline 0.003 -19"><span class='ocrx_word' id='word_1_676' title='bbox 1965 3735 2132 3788; x_wconf 89' lang='lat' dir='ltr'><strong>multo</strong></span> <span class='ocrx_word' id='word_1_677' title='bbox 2161 3746 2286 3789; x_wconf 87' lang='lat' dir='ltr'><strong>ante</strong></span> <span class='ocrx_word' id='word_1_678' title='bbox 2318 3752 2331 3790; x_wconf 87' lang='lat'><strong>:</strong></span> <span class='ocrx_word' id='word_1_679' title='bbox 2373 3736 2644 3805; x_wconf 90' lang='lat' dir='ltr'><strong>siquidem</strong></span> <span class='ocrx_word' id='word_1_680' title='bbox 2678 3737 2910 3789; x_wconf 82' lang='lat' dir='ltr'><strong>maxima</strong></span> <span class='ocrx_word' id='word_1_681' title='bbox 2944 3749 3070 3803; x_wconf 87' lang='lat' dir='ltr'><strong>pars</strong></span> <span class='ocrx_word' id='word_1_682' title='bbox 3098 3736 3358 3800; x_wconf 89' lang='lat' dir='ltr'><strong>temporis</strong></span> <span class='ocrx_word' id='word_1_683' title='bbox 3392 3753 3420 3790; x_wconf 89' lang='lat' dir='ltr'><strong>a</strong></span> <span class='ocrx_word' id='word_1_684' title='bbox 3445 3738 3531 3791; x_wconf 91' lang='lat' dir='ltr'><strong>die</strong></span> 
     </span>
    </p>
   </div>
   <div class='ocr_carea' id='block_1_96' title="bbox 1962 3822 3530 3897">
    <p class='ocr_par' dir='ltr' id='par_1_96' title="bbox 1962 3822 3530 3897">
     <span class='ocr_line' id='line_1_97' title="bbox 1962 3822 3530 3897; baseline 0.002 -20"><span class='ocrx_word' id='word_1_685' title='bbox 1962 3822 2184 3879; x_wconf 71' lang='lat' dir='ltr'><strong>Pascha:</strong></span> <span class='ocrx_word' id='word_1_686' title='bbox 2226 3840 2398 3896; x_wconf 87' lang='lat' dir='ltr'><strong>usque</strong></span> <span class='ocrx_word' id='word_1_687' title='bbox 2432 3826 2498 3879; x_wconf 91' lang='lat' dir='ltr'><strong>ad</strong></span> <span class='ocrx_word' id='word_1_688' title='bbox 2531 3827 2632 3879; x_wconf 92' lang='lat' dir='ltr'><strong>hoc</strong></span> <span class='ocrx_word' id='word_1_689' title='bbox 2667 3834 2878 3895; x_wconf 90' lang='lat' dir='ltr'><strong>tempus</strong></span> <span class='ocrx_word' id='word_1_690' title='bbox 2906 3826 2959 3880; x_wconf 91' lang='lat' dir='ltr'><strong>in</strong></span> <span class='ocrx_word' id='word_1_691' title='bbox 3006 3826 3219 3889; x_wconf 89' lang='lat' dir='ltr'><strong>itinere,</strong></span> <span class='ocrx_word' id='word_1_692' title='bbox 3258 3828 3401 3897; x_wconf 87' lang='lat' dir='ltr'><strong>quod</strong></span> <span class='ocrx_word' id='word_1_693' title='bbox 3433 3828 3530 3881; x_wconf 89' lang='lat' dir='ltr'><strong>ha-</strong></span> 
     </span>
    </p>
   </div>
   <div class='ocr_carea' id='block_1_97' title="bbox 1963 3915 3534 3989">
    <p class='ocr_par' dir='ltr' id='par_1_97' title="bbox 1963 3915 3534 3989">
     <span class='ocr_line' id='line_1_98' title="bbox 1963 3915 3534 3989; baseline 0.001 -18"><span class='ocrx_word' id='word_1_694' title='bbox 1963 3920 2076 3971; x_wconf 86' lang='lat' dir='ltr'><strong>buit</strong></span> <span class='ocrx_word' id='word_1_695' title='bbox 2116 3915 2347 3973; x_wconf 83' lang='lat' dir='ltr'><strong>Basilius</strong></span> <span class='ocrx_word' id='word_1_696' title='bbox 2382 3919 2432 3972; x_wconf 89' lang='lat' dir='ltr'><strong>in</strong></span> <span class='ocrx_word' id='word_1_697' title='bbox 2479 3917 2761 3981; x_wconf 79' lang='lat' dir='ltr'><strong>Pisidiam,</strong></span> <span class='ocrx_word' id='word_1_698' title='bbox 2809 3918 3003 3971; x_wconf 87' lang='lat' dir='ltr'><strong>deinde</strong></span> <span class='ocrx_word' id='word_1_699' title='bbox 3047 3917 3098 3971; x_wconf 92' lang='lat' dir='ltr'><strong>in</strong></span> <span class='ocrx_word' id='word_1_700' title='bbox 3135 3917 3419 3975; x_wconf 85' lang='lat' dir='ltr'><strong>visitandis</strong></span> <span class='ocrx_word' id='word_1_701' title='bbox 3442 3933 3534 3989; x_wconf 83' lang='lat' dir='ltr'><strong>pa-</strong></span> 
     </span>
    </p>
   </div>
   <div class='ocr_carea' id='block_1_98' title="bbox 1965 4008 3533 4076">
    <p class='ocr_par' dir='ltr' id='par_1_98' title="bbox 1965 4008 3533 4076">
     <span class='ocr_line' id='line_1_99' title="bbox 1965 4008 3533 4076; baseline 0.002 -14"><span class='ocrx_word' id='word_1_702' title='bbox 1965 4011 2147 4065; x_wconf 75' lang='lat' dir='ltr'><strong>rmcize</strong></span> <span class='ocrx_word' id='word_1_703' title='bbox 2184 4010 2457 4076; x_wconf 69' lang='lat' dir='ltr'><strong>ecclesiis,</strong></span> <span class='ocrx_word' id='word_1_704' title='bbox 2502 4012 2555 4065; x_wconf 92' lang='lat' dir='ltr'><strong>in</strong></span> <span class='ocrx_word' id='word_1_705' title='bbox 2596 4010 2936 4065; x_wconf 81' lang='lat' dir='ltr'><strong>conficiendo</strong></span> <span class='ocrx_word' id='word_1_706' title='bbox 2970 4009 3163 4064; x_wconf 89' lang='lat' dir='ltr'><strong>itinere</strong></span> <span class='ocrx_word' id='word_1_707' title='bbox 3195 4008 3421 4066; x_wconf 91' lang='lat' dir='ltr'><strong>Pontico</strong></span> <span class='ocrx_word' id='word_1_708' title='bbox 3451 4012 3533 4065; x_wconf 75' lang='lat' dir='ltr'><strong>in-</strong></span> 
     </span>
    </p>
   </div>
   <div class='ocr_carea' id='block_1_99' title="bbox 1964 4100 2426 4156">
    <p class='ocr_par' dir='ltr' id='par_1_99' title="bbox 1964 4100 2426 4156">
     <span class='ocr_line' id='line_1_100' title="bbox 1964 4100 2426 4156; baseline 0 -3"><span class='ocrx_word' id='word_1_709' title='bbox 1964 4100 2101 4153; x_wconf 90' lang='lat' dir='ltr'><strong>sumi</strong></span> <span class='ocrx_word' id='word_1_710' title='bbox 2135 4101 2426 4156; x_wconf 87' lang='lat' dir='ltr'><strong>debuisset.</strong></span> 
     </span>
    </p>
   </div>
   <div class='ocr_carea' id='block_1_100' title="bbox 2037 4190 3531 4263">
    <p class='ocr_par' dir='ltr' id='par_1_100' title="bbox 2037 4190 3531 4263">
     <span class='ocr_line' id='line_1_101' title="bbox 2037 4190 3531 4263; baseline 0.003 -19"><span class='ocrx_word' id='word_1_711' title='bbox 2037 4190 2259 4245; x_wconf 84' lang='lat' dir='ltr'><strong>Videtur</strong></span> <span class='ocrx_word' id='word_1_712' title='bbox 2287 4191 2518 4247; x_wconf 90' lang='lat' dir='ltr'><strong>Basilius</strong></span> <span class='ocrx_word' id='word_1_713' title='bbox 2549 4208 2613 4247; x_wconf 76' lang='lat' dir='ltr'><strong>ex</strong></span> <span class='ocrx_word' id='word_1_714' title='bbox 2658 4192 2760 4247; x_wconf 89' lang='lat' dir='ltr'><strong>hoc</strong></span> <span class='ocrx_word' id='word_1_715' title='bbox 2803 4192 2995 4247; x_wconf 90' lang='lat' dir='ltr'><strong>itinere</strong></span> <span class='ocrx_word' id='word_1_716' title='bbox 3039 4202 3255 4263; x_wconf 84' lang='lat' dir='ltr'><strong>optatos</strong></span> <span class='ocrx_word' id='word_1_717' title='bbox 3287 4192 3437 4263; x_wconf 84' lang='lat' dir='ltr'><strong>pacis</strong></span> <span class='ocrx_word' id='word_1_718' title='bbox 3474 4200 3531 4249; x_wconf 89' lang='lat' dir='ltr'><strong>et</strong></span> 
     </span>
    </p>
   </div>
   <div class='ocr_carea' id='block_1_101' title="bbox 1964 4283 3531 4355">
    <p class='ocr_par' dir='ltr' id='par_1_101' title="bbox 1964 4283 3531 4355">
     <span class='ocr_line' id='line_1_102' title="bbox 1964 4283 3531 4355; baseline 0.002 -18"><span class='ocrx_word' id='word_1_719' title='bbox 1964 4283 2265 4337; x_wconf 69' lang='lat' dir='ltr'><strong>concordiae</strong></span> <span class='ocrx_word' id='word_1_720' title='bbox 2293 4284 2501 4338; x_wconf 88' lang='lat' dir='ltr'><strong>fructus</strong></span> <span class='ocrx_word' id='word_1_721' title='bbox 2532 4285 2861 4355; x_wconf 90' lang='lat' dir='ltr'><strong>percepisse.</strong></span> <span class='ocrx_word' id='word_1_722' title='bbox 2906 4286 3062 4338; x_wconf 81' lang='lat' dir='ltr'><strong>Anno</strong></span> <span class='ocrx_word' id='word_1_723' title='bbox 3107 4286 3252 4341; x_wconf 88' lang='lat' dir='ltr'><strong>enim</strong></span> <span class='ocrx_word' id='word_1_724' title='bbox 3285 4286 3531 4355; x_wconf 84' lang='lat' dir='ltr'><strong>sequenti</strong></span> 
     </span>
    </p>
   </div>
   <div class='ocr_carea' id='block_1_102' title="bbox 1966 4374 3531 4448">
    <p class='ocr_par' dir='ltr' id='par_1_102' title="bbox 1966 4374 3531 4448">
     <span class='ocr_line' id='line_1_103' title="bbox 1966 4374 3531 4448; baseline 0.003 -20"><span class='ocrx_word' id='word_1_725' title='bbox 1966 4377 2159 4429; x_wconf 89' lang='lat' dir='ltr'><strong>invitat</strong></span> <span class='ocrx_word' id='word_1_726' title='bbox 2200 4374 2356 4430; x_wconf 88' lang='lat' dir='ltr'><strong>Ponti</strong></span> <span class='ocrx_word' id='word_1_727' title='bbox 2397 4378 2680 4447; x_wconf 89' lang='lat' dir='ltr'><strong>episcopos</strong></span> <span class='ocrx_word' id='word_1_728' title='bbox 2725 4378 2824 4448; x_wconf 86' lang='lat' dir='ltr'><strong>(b),</strong></span> <span class='ocrx_word' id='word_1_729' title='bbox 2858 4387 2915 4431; x_wconf 92' lang='lat' dir='ltr'><strong>ut</strong></span> <span class='ocrx_word' id='word_1_730' title='bbox 2945 4378 3226 4447; x_wconf 89' lang='lat' dir='ltr'><strong>antiquam</strong></span> <span class='ocrx_word' id='word_1_731' title='bbox 3261 4381 3531 4433; x_wconf 70' lang='lat' dir='ltr'><strong>memoria:</strong></span> 
     </span>
    </p>
   </div>
   <div class='ocr_carea' id='block_1_103' title="bbox 1966 4465 3532 4539">
    <p class='ocr_par' dir='ltr' id='par_1_103' title="bbox 1966 4465 3532 4539">
     <span class='ocr_line' id='line_1_104' title="bbox 1966 4465 3532 4539; baseline 0 -18"><span class='ocrx_word' id='word_1_732' title='bbox 1966 4465 2024 4521; x_wconf 87' lang='lat' dir='ltr'><strong>S.</strong></span> <span class='ocrx_word' id='word_1_733' title='bbox 2071 4466 2363 4538; x_wconf 63' lang='lat' dir='ltr'><strong>Eopsycbii</strong></span> <span class='ocrx_word' id='word_1_734' title='bbox 2414 4469 2679 4523; x_wconf 70' lang='lat' dir='ltr'><strong>obeunda:</strong></span> <span class='ocrx_word' id='word_1_735' title='bbox 2726 4469 3173 4523; x_wconf 86' lang='lat' dir='ltr'><strong>consuetudinem</strong></span> <span class='ocrx_word' id='word_1_736' title='bbox 3212 4470 3278 4524; x_wconf 93' lang='lat' dir='ltr'><strong>de</strong></span> <span class='ocrx_word' id='word_1_737' title='bbox 3322 4471 3532 4539; x_wconf 89' lang='lat' dir='ltr'><strong>integro</strong></span> 
     </span>
    </p>
   </div>
   <div class='ocr_carea' id='block_1_104' title="bbox 1968 4558 3532 4629">
    <p class='ocr_par' dir='ltr' id='par_1_104' title="bbox 1968 4558 3532 4629">
     <span class='ocr_line' id='line_1_105' title="bbox 1968 4558 3532 4629; baseline 0.003 -18"><span class='ocrx_word' id='word_1_738' title='bbox 1968 4570 2231 4628; x_wconf 85' lang='lat' dir='ltr'><strong>repetant.</strong></span> <span class='ocrx_word' id='word_1_739' title='bbox 2250 4559 2420 4612; x_wconf 85' lang='lat' dir='ltr'><strong>Aliam</strong></span> <span class='ocrx_word' id='word_1_740' title='bbox 2441 4575 2663 4614; x_wconf 88' lang='lat' dir='ltr'><strong>causam</strong></span> <span class='ocrx_word' id='word_1_741' title='bbox 2700 4560 2849 4614; x_wconf 78' lang='lat' dir='ltr'><strong>addit</strong></span> <span class='ocrx_word' id='word_1_742' title='bbox 2880 4558 3275 4624; x_wconf 88' lang='lat' dir='ltr'><strong>Tillemontius,</strong></span> <span class='ocrx_word' id='word_1_743' title='bbox 3307 4560 3449 4629; x_wconf 86' lang='lat' dir='ltr'><strong>quod</strong></span> <span class='ocrx_word' id='word_1_744' title='bbox 3472 4575 3532 4616; x_wconf 82' lang='lat' dir='ltr'><strong>se</strong></span> 
     </span>
    </p>
   </div>
   <div class='ocr_carea' id='block_1_105' title="bbox 1970 4650 3533 4723">
    <p class='ocr_par' dir='ltr' id='par_1_105' title="bbox 1970 4650 3533 4723">
     <span class='ocr_line' id='line_1_106' title="bbox 1970 4650 3533 4723; baseline 0.001 -20"><span class='ocrx_word' id='word_1_745' title='bbox 1970 4654 2297 4704; x_wconf 57' lang='grc' dir='ltr'><strong>πάθει-πεῖ</strong></span> <span class='ocrx_word' id='word_1_746' title='bbox 2311 4651 2553 4721; x_wconf 72' lang='lat' dir='ltr'><strong>amictum</strong></span> <span class='ocrx_word' id='word_1_747' title='bbox 2573 4668 2602 4706; x_wconf 91' lang='lat' dir='ltr'><strong>e</strong></span> <span class='ocrx_word' id='word_1_748' title='bbox 2622 4651 2791 4705; x_wconf 90' lang='lat' dir='ltr'><strong>Ponto</strong></span> <span class='ocrx_word' id='word_1_749' title='bbox 2816 4651 3041 4705; x_wconf 89' lang='lat' dir='ltr'><strong>rediisse</strong></span> <span class='ocrx_word' id='word_1_750' title='bbox 3055 4650 3197 4704; x_wconf 88' lang='lat' dir='ltr'><strong>dicat</strong></span> <span class='ocrx_word' id='word_1_751' title='bbox 3222 4651 3315 4721; x_wconf 77' lang='lat' dir='ltr'><strong>(r):</strong></span> <span class='ocrx_word' id='word_1_752' title='bbox 3340 4667 3405 4706; x_wconf 83' lang='lat' dir='ltr'><strong>ex</strong></span> <span class='ocrx_word' id='word_1_753' title='bbox 3426 4668 3533 4723; x_wconf 88' lang='lat' dir='ltr'><strong>quo</strong></span> 
     </span>
    </p>
   </div>
   <div class='ocr_carea' id='block_1_106' title="bbox 1969 4740 3530 4811">
    <p class='ocr_par' dir='ltr' id='par_1_106' title="bbox 1969 4740 3530 4811">
     <span class='ocr_line' id='line_1_107' title="bbox 1969 4740 3530 4811; baseline 0.003 -16"><span class='ocrx_word' id='word_1_754' title='bbox 1969 4742 2173 4811; x_wconf 88' lang='lat' dir='ltr'><strong>colligit</strong></span> <span class='ocrx_word' id='word_1_755' title='bbox 2198 4743 2546 4798; x_wconf 89' lang='lat' dir='ltr'><strong>doctissimus</strong></span> <span class='ocrx_word' id='word_1_756' title='bbox 2579 4742 2813 4811; x_wconf 91' lang='lat' dir='ltr'><strong>scriptor</strong></span> <span class='ocrx_word' id='word_1_757' title='bbox 2854 4740 3320 4798; x_wconf 76' lang='lat' dir='ltr'><strong>Neoczesarienses</strong></span> <span class='ocrx_word' id='word_1_758' title='bbox 3362 4746 3530 4800; x_wconf 82' lang='lat' dir='ltr'><strong>mole-</strong></span> 
     </span>
    </p>
   </div>
   <div class='ocr_carea' id='block_1_107' title="bbox 1968 4834 3532 4909">
    <p class='ocr_par' dir='ltr' id='par_1_107' title="bbox 1968 4834 3532 4909">
     <span class='ocr_line' id='line_1_108' title="bbox 1968 4834 3532 4909; baseline 0.004 -21"><span class='ocrx_word' id='word_1_759' title='bbox 1968 4834 2103 4889; x_wconf 87' lang='lat' dir='ltr'><strong>stias</strong></span> <span class='ocrx_word' id='word_1_760' title='bbox 2132 4835 2314 4905; x_wconf 86' lang='lat' dir='ltr'><strong>aliquo</strong></span> <span class='ocrx_word' id='word_1_761' title='bbox 2342 4851 2371 4889; x_wconf 93' lang='lat' dir='ltr'><strong>a</strong></span> <span class='ocrx_word' id='word_1_762' title='bbox 2417 4836 2704 4890; x_wconf 88' lang='lat' dir='ltr'><strong>maritimis</strong></span> <span class='ocrx_word' id='word_1_763' title='bbox 2742 4835 3011 4904; x_wconf 89' lang='lat' dir='ltr'><strong>episcopis</strong></span> <span class='ocrx_word' id='word_1_764' title='bbox 3045 4837 3238 4891; x_wconf 85' lang='lat' dir='ltr'><strong>solatio</strong></span> <span class='ocrx_word' id='word_1_765' title='bbox 3279 4854 3532 4909; x_wconf 77' lang='lat' dir='ltr'><strong>compen-</strong></span> 
     </span>
    </p>
   </div>
   <div class='ocr_carea' id='block_1_108' title="bbox 1970 4928 3533 4997">
    <p class='ocr_par' dir='ltr' id='par_1_108' title="bbox 1970 4928 3533 4997">
     <span class='ocr_line' id='line_1_109' title="bbox 1970 4928 3533 4997; baseline 0.003 -17"><span class='ocrx_word' id='word_1_766' title='bbox 1970 4936 2117 4981; x_wconf 86' lang='lat' dir='ltr'><strong>satas</strong></span> <span class='ocrx_word' id='word_1_767' title='bbox 2149 4929 2357 4991; x_wconf 80' lang='lat' dir='ltr'><strong>fuisse;</strong></span> <span class='ocrx_word' id='word_1_768' title='bbox 2404 4928 2603 4997; x_wconf 87' lang='lat' dir='ltr'><strong>alioqui</strong></span> <span class='ocrx_word' id='word_1_769' title='bbox 2645 4942 2749 4981; x_wconf 90' lang='lat' dir='ltr'><strong>non</strong></span> <span class='ocrx_word' id='word_1_770' title='bbox 2796 4928 3119 4983; x_wconf 88' lang='lat' dir='ltr'><strong>mediocrem</strong></span> <span class='ocrx_word' id='word_1_771' title='bbox 3169 4929 3349 4985; x_wconf 84' lang='lat' dir='ltr'><strong>Basilii</strong></span> <span class='ocrx_word' id='word_1_772' title='bbox 3387 4930 3533 4985; x_wconf 80' lang='lat' dir='ltr'><strong>futu-</strong></span> 
     </span>
    </p>
   </div>
   <div class='ocr_carea' id='block_1_109' title="bbox 1972 5019 3532 5083">
    <p class='ocr_par' dir='ltr' id='par_1_109' title="bbox 1972 5019 3532 5083">
     <span class='ocr_line' id='line_1_110' title="bbox 1972 5019 3532 5083; baseline 0.005 -12"><span class='ocrx_word' id='word_1_773' title='bbox 1972 5033 2088 5071; x_wconf 91' lang='lat' dir='ltr'><strong>rum</strong></span> <span class='ocrx_word' id='word_1_774' title='bbox 2125 5019 2313 5083; x_wconf 89' lang='lat' dir='ltr'><strong>fuisse,</strong></span> <span class='ocrx_word' id='word_1_775' title='bbox 2336 5021 2430 5074; x_wconf 88' lang='lat' dir='ltr'><strong>sed</strong></span> <span class='ocrx_word' id='word_1_776' title='bbox 2458 5020 2753 5073; x_wconf 84' lang='lat' dir='ltr'><strong>maximum</strong></span> <span class='ocrx_word' id='word_1_777' title='bbox 2796 5035 3104 5076; x_wconf 69' lang='lat' dir='ltr'><strong>maerorem.</strong></span> <span class='ocrx_word' id='word_1_778' title='bbox 3146 5022 3343 5076; x_wconf 79' lang='lat' dir='ltr'><strong>Verum</strong></span> <span class='ocrx_word' id='word_1_779' title='bbox 3402 5025 3532 5080; x_wconf 87' lang='lat' dir='ltr'><strong>illud</strong></span> 
     </span>
    </p>
   </div>
   <div class='ocr_carea' id='block_1_110' title="bbox 1972 5110 3535 5182">
    <p class='ocr_par' dir='ltr' id='par_1_110' title="bbox 1972 5110 3535 5182">
     <span class='ocr_line' id='line_1_111' title="bbox 1972 5110 3535 5182; baseline 0.004 -22"><span class='ocrx_word' id='word_1_780' title='bbox 1972 5110 2226 5182; x_wconf 78' lang='grc' dir='ltr'><strong>μετρίως,</strong></span> <span class='ocrx_word' id='word_1_781' title='bbox 2253 5112 2394 5179; x_wconf 92' lang='lat' dir='ltr'><strong>quod</strong></span> <span class='ocrx_word' id='word_1_782' title='bbox 2428 5111 2605 5165; x_wconf 88' lang='lat' dir='ltr'><strong>fucum</strong></span> <span class='ocrx_word' id='word_1_783' title='bbox 2636 5111 2765 5167; x_wconf 87' lang='lat' dir='ltr'><strong>fecit</strong></span> <span class='ocrx_word' id='word_1_784' title='bbox 2795 5111 3162 5178; x_wconf 74' lang='lat' dir='ltr'><strong>Tallemontio,</strong></span> <span class='ocrx_word' id='word_1_785' title='bbox 3200 5129 3303 5168; x_wconf 94' lang='lat' dir='ltr'><strong>non</strong></span> <span class='ocrx_word' id='word_1_786' title='bbox 3329 5115 3535 5169; x_wconf 81' lang='lat' dir='ltr'><strong>medio-</strong></span> 
     </span>
    </p>
   </div>
   <div class='ocr_carea' id='block_1_111' title="bbox 1968 5202 3530 5273">
    <p class='ocr_par' dir='ltr' id='par_1_111' title="bbox 1968 5202 3530 5273">
     <span class='ocr_line' id='line_1_112' title="bbox 1968 5202 3530 5273; baseline 0.004 -20"><span class='ocrx_word' id='word_1_787' title='bbox 1968 5216 2139 5264; x_wconf 90' lang='lat' dir='ltr'><strong>crem,</strong></span> <span class='ocrx_word' id='word_1_788' title='bbox 2171 5204 2264 5255; x_wconf 88' lang='lat' dir='ltr'><strong>sed</strong></span> <span class='ocrx_word' id='word_1_789' title='bbox 2292 5216 2512 5272; x_wconf 90' lang='lat' dir='ltr'><strong>gravem</strong></span> <span class='ocrx_word' id='word_1_790' title='bbox 2549 5202 2789 5256; x_wconf 88' lang='lat' dir='ltr'><strong>dolorem</strong></span> <span class='ocrx_word' id='word_1_791' title='bbox 2816 5204 3110 5273; x_wconf 79' lang='lat' dir='ltr'><strong>signiﬁcat,</strong></span> <span class='ocrx_word' id='word_1_792' title='bbox 3142 5214 3199 5258; x_wconf 92' lang='lat' dir='ltr'><strong>ut</strong></span> <span class='ocrx_word' id='word_1_793' title='bbox 3222 5204 3274 5258; x_wconf 89' lang='lat' dir='ltr'><strong>in</strong></span> <span class='ocrx_word' id='word_1_794' title='bbox 3304 5214 3429 5259; x_wconf 84' lang='lat' dir='ltr'><strong>nota</strong></span> <span class='ocrx_word' id='word_1_795' title='bbox 3465 5208 3530 5261; x_wconf 87' lang='lat' dir='ltr'><strong>ad</strong></span> 
     </span>
    </p>
   </div>
   <div class='ocr_carea' id='block_1_112' title="bbox 1968 5289 2767 5349">
    <p class='ocr_par' dir='ltr' id='par_1_112' title="bbox 1968 5289 2767 5349">
     <span class='ocr_line' id='line_1_113' title="bbox 1968 5289 2767 5349; baseline 0.009 -7"><span class='ocrx_word' id='word_1_796' title='bbox 1968 5289 2112 5344; x_wconf 92' lang='lat' dir='ltr'><strong>hunc</strong></span> <span class='ocrx_word' id='word_1_797' title='bbox 2139 5290 2312 5346; x_wconf 88' lang='lat' dir='ltr'><strong>locum</strong></span> <span class='ocrx_word' id='word_1_798' title='bbox 2337 5292 2767 5349; x_wconf 81' lang='lat' dir='ltr'><strong>observavimus.</strong></span> 
     </span>
    </p>
   </div>
   <div class='ocr_carea' id='block_1_113' title="bbox 2039 5380 3533 5456">
    <p class='ocr_par' dir='ltr' id='par_1_113' title="bbox 2039 5380 3533 5456">
     <span class='ocr_line' id='line_1_114' title="bbox 2039 5380 3533 5456; baseline 0.005 -22"><span class='ocrx_word' id='word_1_799' title='bbox 2039 5380 2153 5436; x_wconf 78' lang='lat' dir='ltr'><strong>Non</strong></span> <span class='ocrx_word' id='word_1_800' title='bbox 2184 5382 2325 5437; x_wconf 86' lang='lat' dir='ltr'><strong>enim</strong></span> <span class='ocrx_word' id='word_1_801' title='bbox 2368 5384 2690 5438; x_wconf 81' lang='lat' dir='ltr'><strong>mediocrem</strong></span> <span class='ocrx_word' id='word_1_802' title='bbox 2737 5384 2975 5439; x_wconf 90' lang='lat' dir='ltr'><strong>dolorem</strong></span> <span class='ocrx_word' id='word_1_803' title='bbox 3024 5386 3243 5441; x_wconf 89' lang='lat' dir='ltr'><strong>inurere</strong></span> <span class='ocrx_word' id='word_1_804' title='bbox 3282 5393 3533 5456; x_wconf 84' lang='lat' dir='ltr'><strong>poterant</strong></span> 
     </span>
    </p>
   </div>
   <div class='ocr_carea' id='block_1_114' title="bbox 1966 5473 3533 5545">
    <p class='ocr_par' dir='ltr' id='par_1_114' title="bbox 1966 5473 3533 5545">
     <span class='ocr_line' id='line_1_115' title="bbox 1966 5473 3533 5545; baseline 0.003 -19"><span class='ocrx_word' id='word_1_805' title='bbox 1966 5484 2086 5542; x_wconf 73' lang='lat' dir='ltr'><strong>quae</strong></span> <span class='ocrx_word' id='word_1_806' title='bbox 2114 5473 2478 5530; x_wconf 68' lang='lat' dir='ltr'><strong>Neocaesareae</strong></span> <span class='ocrx_word' id='word_1_807' title='bbox 2513 5476 2565 5529; x_wconf 93' lang='lat' dir='ltr'><strong>in</strong></span> <span class='ocrx_word' id='word_1_808' title='bbox 2588 5474 2847 5530; x_wconf 84' lang='lat' dir='ltr'><strong>Basiliam</strong></span> <span class='ocrx_word' id='word_1_809' title='bbox 2879 5478 3337 5545; x_wconf 64' lang='lat' dir='ltr'><strong>commissajsunt.</strong></span> <span class='ocrx_word' id='word_1_810' title='bbox 3372 5476 3533 5534; x_wconf 75' lang='lat' dir='ltr'><strong>Post-</strong></span> 
     </span>
    </p>
   </div>
   <div class='ocr_carea' id='block_1_115' title="bbox 1968 5569 3536 5641">
    <p class='ocr_par' dir='ltr' id='par_1_115' title="bbox 1968 5569 3536 5641">
     <span class='ocr_line' id='line_1_116' title="bbox 1968 5569 3536 5641; baseline 0.003 -20"><span class='ocrx_word' id='word_1_811' title='bbox 1968 5582 2127 5637; x_wconf 91' lang='lat' dir='ltr'><strong>quam</strong></span> <span class='ocrx_word' id='word_1_812' title='bbox 2158 5571 2268 5639; x_wconf 81' lang='lat' dir='ltr'><strong>egit</strong></span> <span class='ocrx_word' id='word_1_813' title='bbox 2301 5585 2421 5624; x_wconf 91' lang='lat' dir='ltr'><strong>cum</strong></span> <span class='ocrx_word' id='word_1_814' title='bbox 2446 5570 2716 5641; x_wconf 89' lang='lat' dir='ltr'><strong>episcopis</strong></span> <span class='ocrx_word' id='word_1_815' title='bbox 2743 5569 3034 5627; x_wconf 89' lang='lat' dir='ltr'><strong>maritimis</strong></span> <span class='ocrx_word' id='word_1_816' title='bbox 3057 5586 3177 5640; x_wconf 79' lang='lat' dir='ltr'><strong>qua:</strong></span> <span class='ocrx_word' id='word_1_817' title='bbox 3199 5572 3299 5628; x_wconf 89' lang='lat' dir='ltr'><strong>sibi</strong></span> <span class='ocrx_word' id='word_1_818' title='bbox 3334 5584 3536 5641; x_wconf 74' lang='lat' dir='ltr'><strong>propo~</strong></span> 
     </span>
    </p>
   </div>
   <div class='ocr_carea' id='block_1_116' title="bbox 2045 5745 2394 5819">
    <p class='ocr_par' dir='ltr' id='par_1_116' title="bbox 2045 5745 2394 5819">
     <span class='ocr_line' id='line_1_117' title="bbox 2045 5745 2394 5819; baseline 0.014 -21"><span class='ocrx_word' id='word_1_819' title='bbox 2045 5745 2112 5815; x_wconf 72' lang='grc' dir='ltr'><strong>(ε)</strong></span> <span class='ocrx_word' id='word_1_820' title='bbox 2147 5748 2239 5819; x_wconf 85' lang='lat' dir='ltr'><strong>Ep.</strong></span> <span class='ocrx_word' id='word_1_821' title='bbox 2269 5748 2394 5803; x_wconf 74' lang='lat'><strong>217.</strong></span> 
     </span>
    </p>
   </div>
  </div>
