4038 6476
516 469 713 506 ελ-κλιν

1858 434 2382 491 PBOLEGUMENA.

514 572 690 618 suam
717 598 735 623 ,
764 556 1171 625 respirationem
1197 553 1428 619 aliquam
1451 566 1479 603 a
1504 552 1735 620 negotiis
1760 560 1947 604 nactus
1974 547 2069 615 (a),
2104 554 2148 604 Α
2179 560 2293 596 Μαι
2345 536 2823 595 exercitationibus
2864 539 3053 599 charo,
3103 544 3155 586 et
3187 535 3238 587 in
3267 552 3492 607 corpore
3524 535 3741 593 infirmo

513 653 741 708 contulit
780 665 836 704 se
866 650 931 702 ad
970 648 1113 701 ades
1144 645 1325 700 fratris
1361 643 1530 707 Petri,
1564 660 1683 713 qua
1715 658 1879 710 pr0pe
1918 641 2070 693 Neo-

513 758 804 801 caesaream
831 741 947 795 sitae
975 750 1152 793 erant.
1179 737 1331 791 Hunc
1359 738 1501 791 enim
1532 737 1705 789 locum
1726 738 1777 789 in
1801 731 2076 787 amoribus

517 834 926 895 babebat,‘tttm
962 829 1088 897 quia
1126 826 1193 878 ibi
1230 828 1371 893 apud
1415 825 1591 879 aviam
1622 822 1846 878 matrem
1878 822 2077 874 educa-

520 936 605 977 tus
636 919 812 980 infans
865 920 1063 979 fuerat,
1112 931 1177 969 ac
1224 928 1407 985 postea
1455 915 1639 982 plures
1680 928 1848 969 annos
1880 912 2075 965 ibidem

520 1012 703 1083 procul
734 1027 761 1064 a
791 1012 1037 1065 civilibus
1064 1009 1222 1064 undis
1251 1007 1680 1077 pbi|050phando
1719 1006 2027 1058 traduxerat
2058 1046 2073 1068 ,

522 1114 630 1155 tum
680 1100 804 1169 quia
855 1100 921 1152 ibi
975 1098 1207 1150 instituti
1257 1096 1321 1147 ab
1360 1109 1427 1149 eo
1475 1092 1723 1149 monachi
1751 1093 1849 1145 sub
1895 1090 2079 1143 fratris

520 1194 662 1247 Petri
693 1190 973 1259 disciplina
992 1189 1279 1256 degebant.
1306 1188 1375 1241 At
1393 1190 1479 1242 ubi
1506 1185 1759 1239 Basilium
1785 1199 1847 1236 eo
1871 1182 2081 1235 venisse

523 1280 1045 1337 Neocasariensibus
1070 1278 1371 1332 nuntiatum
1401 1287 1505 1339 est,
1552 1284 1662 1327 tum
1698 1288 1823 1327 vero
1862 1272 2078 1340 quidam

521 1375 786 1431 mendacii
828 1373 1065 1427 artifices
1097 1370 1447 1424 clamitarunt
1482 1366 1737 1420 Basilium
1788 1366 1840 1419 in
1893 1364 2077 1417 urbem

520 1475 830 1531 venturum,
861 1474 918 1517 ut
939 1461 1140 1517 erroris
1171 1468 1420 1530 argueret
1463 1473 1600 1526 quos
1638 1472 1702 1511 eo
1748 1454 1966 1509 nomine
1992 1468 2081 1506 su-

520 1558 822 1627 perioribus
860 1554 1051 1608 litteris
1080 1559 1449 1613 accusaverat,
1482 1564 1645 1613 seque
1670 1547 1865 1617 populo
1895 1543 2084 1599 vendi-

524 1654 682 1699 taret.
718 1646 901 1710 ltaque
929 1642 1161 1694 tumultu
1192 1640 1385 1693 civitas
1423 1638 1651 1707 repleta,
1682 1638 1802 1691 aliis
1827 1633 2083 1705 fugienti-

524 1742 646 1803 bus,
682 1736 801 1790 aliis
850 1734 1157 1789 clanculum
1194 1732 1640 1802 egredientibus:
1689 1738 1743 1784 et
1789 1727 1978 1783 harioli
2021 1741 2084 1780 ac

525 1827 858 1883 somniorum
890 1826 1214 1892 interpretes
1247 1830 1508 1874 terrorem
1531 1827 1871 1888 sparserunt,
1902 1832 1963 1870 ac
1984 1814 2087 1869 Ba-

2179 637 2415 690 aniutum
2445 640 2775 686 constantem
2816 644 2880 682 ac
2919 630 2969 681 in
3006 641 3189 682 amore
3214 630 3459 685 veritatis
3486 628 3739 684 stabilem

2177 726 2402 800 gerenti.
2443 727 2547 780 Sed
2582 724 2766 793 paucis
2798 722 2987 777 diebus
3013 737 3295 792 postquam
3330 725 3551 779 advenit
3579 724 3733 778 Basi-

2185 824 2309 883 lius,
2343 819 2605 872 llilarium
2663 816 2859 870 abiisse
2888 815 3092 869 didicit.
3138 818 3192 871 ld
3238 830 3301 869 eo
3356 816 3527 882 magis
3575 817 3747 872 doluit

2182 911 2402 967 Basilio,
2432 908 2575 976 quod
2614 906 2841 959 libenter
2874 903 3179 970 aperuisset
3212 903 3415 959 Hilario
3444 904 3746 968 molestias,

2180 1015 2299 1071 quae
2328 998 2426 1051 sibi
2460 999 2779 1051 accidebant
2835 994 2903 1048 ab
2940 994 3225 1047 Enstathio
3260 1006 3316 1050 et
3366 998 3433 1049 ab
3462 995 3748 1050 Anomcnis

2181 1103 2234 1146 et
2266 1090 2773 1145 Pneumatomachis
2800 1106 2813 1142 :
2852 1102 2916 1140 ex
2948 1084 3143 1154 quibus
3176 1086 3525 1151 Eustathius,
3580 1100 3742 1152 quem

2182 1184 2409 1238 Basilius
2439 1180 2611 1249 majus
2640 1181 2915 1248 quidpiam
2941 1192 3060 1232 esse
3100 1177 3439 1243 crediderat,
3470 1194 3631 1249 quam
3663 1176 3748 1229 fc-

2184 1285 2267 1329 rat
2306 1276 2541 1327 humana
2574 1281 2789 1333 natura,
2823 1270 2900 1321 sic
2932 1283 3053 1320 eum
3113 1267 3310 1333 ubique
3373 1277 3637 1322 terrarum
3687 1279 3755 1320 ac

2187 1364 2414 1417 marium
2458 1361 2881 1417 decantaverat,
2915 1366 2970 1408 ut
3001 1356 3131 1407 nihil
3177 1354 3357 1409 Basilii
3400 1360 3619 1413 nomine
3661 1357 3761 1410 de—

2187 1456 2485 1511 testabilius
2540 1461 2682 1504 esset
2720 1450 2859 1518 apud
2892 1450 3027 1514 pios.
3056 1448 3304 1500 Anornaai
3349 1447 3510 1500 etiam
3554 1448 3757 1502 Basilio

2186 1548 2378 1601 bellum
2399 1543 2717 1603 inferebant,
2741 1541 2830 1595 sed
2848 1540 3114 1608 praecipue
3132 1538 3605 1591 Pneumatomacbi
3631 1556 3755 1591 eum

2186 1638 2447 1693 conviciis
2497 1633 2819 1706 perfundere
2874 1642 2928 1683 et
2982 1630 3223 1684 insidiari
3256 1644 3360 1683 non
3391 1630 3756 1691 desinebant,

2189 1748 2496 1801 quanquam
2549 1731 2815 1784 hactenus
2840 1740 3024 1778 eorum
3060 1733 3285 1777 conatus
3312 1722 3532 1777 inutiles
3572 1720 3761 1774 Domi-

2192 1838 2289 1876 nus
2318 1822 2646 1874 reddiderat.
2701 1817 2974 1879 Hilarius,
3010 1823 3067 1868 ut
3116 1815 3370 1869 Ecclesia:
3397 1827 3557 1868 causa
3592 1811 3759 1864 velte-

524 1915 704 1968 silium
734 1911 1017 1966 acerrimis
1067 1908 1366 1964 maledictis
1409 1908 1663 1974 fixerunt,
1709 1909 1782 1961 ita
1825 1907 1957 1961 utin
1984 1920 2085 1975 βυ·
2118 1893 2159 1952 Β
2191 1922 2397 1967 menter
2441 1912 2739 1979 cupiebat,
2791 1909 2991 1963 Basilio
3051 1908 3115 1962 de
3170 1909 3330 1960 rebus
3372 1903 3764 1960 ecclesiasticis

525 2007 682 2061 blicis
710 2004 969 2058 conviviis
993 2001 1171 2057 fabula
1198 2002 1372 2057 fieret.

596 2093 741 2149 Nihil
774 2109 903 2148 sane
935 2095 1158 2163 cogebat
1187 2092 1440 2145 Basilium
1479 2087 1743 2159 ejusmodi
1784 2088 2089 2143 hominibus

528 2187 740 2243 consilii
774 2185 856 2240 sui
894 2185 1154 2238 rationem
1185 2195 1455 2250 exponere
1489 2196 1503 2231 :
1543 2181 1635 2233 sed
1668 2189 1848 2233 tamen
1879 2192 2088 2233 summa

529 2276 676 2331 illum
710 2275 949 2329 charitas
983 2272 1216 2340 impulit,
1243 2280 1299 2323 ut
1324 2272 1462 2325 hanc
1492 2273 1707 2341 quoq'ne
1730 2271 1867 2323 viam
1899 2269 1963 2322 ad
1998 2283 2091 2323 eos

529 2368 798 2424 sanandos
837 2372 1091 2420 tentaret.
1129 2361 1361 2432 Scripsit
1383 2363 1563 2431 itaque
1596 2362 1921 2431 primoribus
1954 2361 2091 2413 civi-

531 2461 661 2514 tatis
681 2457 959 2527 epistolam
982 2456 1108 2522 ‘2l0,
1135 2456 1186 2509 in
1210 2470 1313 2523 qua
1334 2454 1573 2508 declarat
1594 2467 1697 2507 non
1717 2466 1840 2506 eum
1867 2466 1926 2508 se
1949 2465 2092 2518 esse,

528 2551 769 2620 quicum
800 2548 926 2601 olim
961 2548 1029 2599 ab
1058 2548 1137 2601 eis
1174 2543 1568 2615 perhonorifice
1614 2553 1837 2601 vocatus
1894 2544 2081 2599 venire

531 2638 785 2701 noluerit,
827 2650 970 2690 nunc
1002 2635 1284 2689 invocatus
1314 2649 1372 2689 se
1402 2634 1683 2698 obtrudat,
1720 2643 1775 2687 et
1819 2632 2092 2700 navigium

532 2732 894 2798 gubernatore
922 2728 1236 2782 destitutum
1264 2726 1469 2795 ingredi
1499 2725 1644 2778 velit.
1676 2723 1855 2777 Factae
1891 2723 1992 2777 sibi
2021 2721 2097 2773 in-

525 2824 687 2890 juria:
720 2834 937 2874 causam
976 2819 1171 2886 repetit
1206 2834 1270 2869 ex
1305 2818 1457 2869 ducis
1497 2829 1685 2870 eorum
1740 2814 1939 2869 invidia
1962 2852 1979 2878 ,
2034 2827 2099 2868 ac

533 2910 844 2966 inducenda:
871 2907 1089 2962 haeresis
1107 2907 1420 2961 Sabellianm
1443 2906 1716 2977 proposito
1748 2925 1760 2961 :
1788 2916 1840 2962 et
1859 2908 2101 2976 quamvis

535 3020 662 3059 eum
703 3003 1075 3056 vehementius
1102 3016 1262 3069 quam
1314 2999 1365 3052 in
1411 2999 1681 3067 prioribus
1717 2999 1913 3053 litteris
1945 3012 2103 3051 accn-

538 3106 644 3159 set,
672 3094 944 3147 leuitatem
974 3102 1150 3145 tamen
1174 3106 1239 3145 eo
1267 3091 1530 3159 perducit,
1566 3102 1623 3145 ut
1650 3106 1770 3145 eum
1805 3091 1907 3145 sibi
1943 3089 2104 3143 satis-

538 3186 811 3240 facturum
850 3183 1015 3245 dicat,
1064 3182 1108 3235 si
1142 3197 1383 3235 errorem
1438 3196 1592 3235 suum
1657 3192 1713 3235 et
1748 3181 1908 3249 impie
1933 3180 2098 3241 dicta,

537 3294 656 3347 qua:
680 3292 744 3330 ex
767 3290 832 3329 eo
854 3274 1034 3327 audita
1060 3273 1293 3337 fuerant,
1326 3282 1484 3342 neget
1518 3290 1532 3324 :
1584 3272 1727 3340 quod
1757 3272 1802 3323 si
1845 3283 2097 3337 perseve-

540 3381 645 3431 ret,
693 3366 1018 3434 scripturum
1073 3378 1132 3417 se
1178 3363 1244 3415 ad
1297 3363 1432 3415 alias
1490 3361 1786 3415 Ecclesias.
1833 3357 2100 3412 Caeterum

538 3459 746 3511 sontuia
778 3456 862 3507 illa
898 3470 1002 3507 non
1046 3469 1077 3507 a
1119 3456 1225 3507 Deo
1250 3468 1374 3507 esse
1404 3454 1585 3512 docet,
1616 3453 1709 3507 sed
1757 3467 1785 3503 a
1836 3452 1961 3504 vino
2005 3465 2102 3503 ex-

522 3557 840 3611 aestuante;
867 3555 1025 3615 atque
1046 3546 1260 3599 etiamsi
1293 3554 1478 3599 essent
1506 3543 1792 3614 Evangelia
1815 3552 2103 3597 consenta-

545 3655 672 3704 nea,
706 3639 830 3706 quia
860 3648 1035 3692 tamen
1064 3637 1385 3692 charitatem
1415 3636 1634 3700 laedunt,
1666 3637 1729 3689 iis
1764 3650 1984 3704 prorsus
2014 3649 2108 3688 su-

544 3732 937 3801 persedendum
961 3746 1097 3784 esse.
1128 3730 1372 3785 Nondum
1396 3746 1426 3785 e
1457 3730 1642 3785 fratris
1669 3730 1871 3784 aedibus
1902 3729 2107 3783 disces-

542 3832 690 3877 serat
722 3820 984 3883 Basilius,
1030 3836 1153 3873 cutn
1217 3823 1356 3876 hanc
1400 3823 1623 3890 scripsit
1674 3822 1995 3892 epistolam,
2052 3829 2112 3875 ut

546 3922 693 3981 patet
717 3926 783 3966 ex
818 3912 1111 3979 primordio
1145 3928 1159 3965 :
1199 3909 1368 3964 Plane
1402 3914 1538 3965 nihil
1572 3930 1697 3979 opus
1725 3924 1861 3975 erat,
1908 3913 2104 3981 inquit,

547 4015 601 4057 ut
628 4019 795 4057 meum
820 4001 963 4056 vobis
984 4005 1309 4080 enuntiarem
1327 4004 1626 4066 consilium,
1649 4014 1739 4055 aut
1762 4004 1953 4071 quibus
1973 4019 2110 4056 nunc

548 4102 611 4147 de
639 4079 895 4148 causisin
923 4096 1001 4146 Itis
1031 4096 1127 4146 sim
1156 4079 1287 4147 locis
1310 4109 1639 4158 exponerem.

617 4184 754 4239 Cum
784 4185 838 4238 in
867 4184 950 4237 his
973 4184 1237 4252 angustiis
1263 4193 1574 4236 versaretur
1595 4181 1844 4245 Basilius,
1866 4196 2112 4249 percom-

552 4280 709 4333 mode
759 4277 1037 4348 Olympius
1079 4275 1153 4346 (li)
1202 4277 1429 4346 insignis
1471 4276 1609 4329 inter
1648 4274 2113 4329 Neocarsarienses

550 4370 706 4433 civis,
736 4383 864 4423 suos
889 4371 953 4421 ad
987 4383 1109 4422 eum
1136 4367 1271 4422 lllios
1300 4384 1421 4421 cum
1452 4367 1648 4422 litteris
1675 4368 1839 4421 misit.
1859 4366 2111 4433 Magnum

551 4463 603 4515 id
628 4459 881 4513 solatium
918 4459 1015 4512 fuit
1038 4458 1257 4521 Basilio,
1292 4460 1382 4527 qui
1405 4467 1687 4527 postquam
1709 4458 1918 4511 litteras
1938 4458 2117 4527 Olym-

2194 2006 2518 2073 scripserat;
2546 2015 2776 2070 cumque
2804 2000 2938 2053 nihil
2967 1999 3209 2068 responsi
3251 1997 3544 2066 acciperet,
3574 1997 3763 2048 admo-

2190 2098 2306 2151 nuit
2364 2094 2656 2157 Basilium;
2696 2093 2790 2145 sed
2821 2092 2958 2145 hanc
2990 2088 3272 2157 epistolam
3330 2087 3430 2142 sibi
3490 2086 3763 2140 redditam

2192 2204 2297 2243 non
2332 2187 2495 2241 fuisse
2530 2184 2760 2238 Basilius
2803 2192 3053 2237 testatur.

2267 2277 2348 2332 Vl.
2376 2278 2639 2333 Redeunti
2693 2291 2724 2330 e
2768 2274 2942 2328 Ponto
2973 2260 3174 2326 Basilio
3202 2282 3305 2321 non
3334 2269 3450 2322 sine
3482 2268 3645 2319 multa
3676 2267 3766 2319 in-

2196 2372 2454 2426 ﬁrmitate
2477 2387 2541 2425 ex
2569 2370 2833 2423 imbribus
2857 2378 2909 2420 et
2938 2365 3201 2421 molestiis
3224 2363 3450 2417 collecta
3481 2361 3675 2415 litterae
3698 2375 3768 2413 ex

2195 2464 2421 2518 Oriente
2448 2461 2619 2513 allatae
2640 2468 2765 2513 sunt
2787 2473 2849 2510 ac
2875 2458 3020 2509 varia
3059 2455 3273 2524 negotia
3310 2459 3766 2521 supervenerunt.

2196 2554 2330 2607 Tum
2358 2564 2479 2604 cum
2509 2548 2653 2601 enirn
2684 2548 3073 2602 constituenda:
3109 2548 3159 2597 in
3186 2545 3359 2597 Ponto
3401 2541 3515 2610 paci
3540 2554 3768 2610 operam

2198 2645 2386 2705 daret,
2421 2641 2656 2694 haeretici
2694 2639 2746 2692 in
2789 2638 2905 2691 aula
2938 2637 3111 2693 solitis
3154 2635 3381 2690 nocendi
3406 2634 3616 2688 artibus
3642 2646 3771 2687 ute-

2198 2734 2415 2790 bantur.
2454 2734 2637 2801 Itaque
2682 2733 2923 2788 redeunti
2964 2730 3269 2785 nuntiatum
3318 2738 3440 2789 est,
3470 2728 3619 2782 brevi
3643 2741 3770 2781 eum

2200 2828 2252 2881 in
2295 2826 2468 2880 aulam
2498 2825 2575 2895 (tl)
2626 2825 2772 2893 pacis
2802 2828 3025 2877 obtentu
3059 2832 3307 2876 voeatum
3343 2819 3429 2873 iri.
3463 2818 3617 2885 Quod
3647 2818 3771 2886 qui-

2203 2924 2323 2974 dem
2350 2919 2437 2973 ubi
2473 2918 2659 2971 didicit
2688 2916 2974 2984 episcopus
3006 2916 3243 2981 quidam,
3272 2928 3432 2981 quem
3488 2910 3764 2963 Mcletium

2205 3024 2326 3064 esse
2383 3007 2703 3074 conjiciinus
2752 3020 2817 3057 ex
2850 3003 3002 3056 initio
3054 3000 3295 3069 epistola:
3346 2999 3477 3062 216,
3511 2998 3769 3051 Basiliam

2211 3115 2308 3169 per
2346 3100 2557 3152 litteras
2590 3100 2837 3151 hortatus
2863 3104 2967 3157 est,
3005 3101 3062 3145 ut
3089 3090 3409 3144 festinanter
3446 3090 3498 3143 iu
3523 3087 3774 3157 Mesopo-

2206 3190 2426 3242 tantiam
2456 3190 2678 3243 tendens
2706 3228 2722 3252 ,
2777 3185 2847 3241 ibi
2877 3183 3123 3240 veritatis
3150 3181 3463 3241 defensores
3502 3180 3557 3239 in
3601 3196 3772 3239 unum

2205 3294 2445 3354 cogeret,
2487 3299 2549 3337 ac
2585 3281 2743 3337 simul
2785 3297 2908 3335 cum
2935 3282 3066 3349 ipsis
3094 3281 3159 3334 ad
3186 3281 3567 3349 imperatorem
3605 3278 3774 3347 protl-

2205 3372 2524 3424 cisceretur.
2561 3369 2693 3423 Rem
2744 3370 3106 3423 necessariam
3139 3368 3373 3424 Basilius
3397 3384 3500 3424 non
3556 3369 3775 3437 judica-

2207 3463 2322 3526 bat,
2358 3477 2421 3516 ac
2455 3473 2712 3530 praeterea
2744 3460 2934 3515 itinere
2963 3459 3186 3515 Pontico
3214 3460 3418 3514 fractus
3447 3470 3503 3514 et
3526 3460 3776 3514 debilita-

2220 3562 2322 3616 tus,
2354 3555 2524 3622 impar
2554 3553 2657 3607 sibi
2692 3553 2758 3604 ad
2806 3567 3000 3605 novum
3034 3554 3211 3606 hieme
3248 3552 3641 3606 conficiendum
3687 3551 3774 3603 vi-

2211 3646 2455 3699 debatur.
2510 3643 2614 3697 Sed
2655 3652 2831 3696 tamen
2877 3642 3003 3709 quid
3049 3643 3194 3696 facto
3231 3657 3366 3711 opus
3402 3645 3516 3707 sit,
3546 3657 3612 3696 et
3665 3643 3776 3696 alio

2212 3738 2445 3806 quodam
2489 3734 2741 3805 episcdpo
2783 3734 3113 3795 sciscitatur,
3148 3734 3300 3798 cujus
3327 3734 3518 3789 littera:
3552 3735 3778 3789 Neocae-

2210 3827 2439 3884 sariensi
2485 3828 2711 3880 tumultu
2734 3824 2987 3879 afﬂictum
3018 3835 3412 3880 recreaverant.
3432 3824 3615 3895 Neque
3631 3828 3777 3881 enim

2212 3923 2368 3975 aliam
2394 3920 2595 3974 doloris
2621 3934 2843 3974 causam
2870 3920 3105 3973 indicant
3138 3918 3253 3973 haec
3274 3920 3434 3973 verba
3465 3917 3537 3991 (e)
3569 3938 3583 3974 :
3611 3919 3779 3973 Eram

2211 4012 2349 4064 enim
2387 4009 2769 4077 quodammodo
2824 4010 2961 4062 male
3014 4010 3233 4077 affectus
3269 4010 3444 4061 animo
3480 4048 3497 4073 ,
3553 4025 3672 4062 cum
3722 4009 3781 4063 in

2211 4116 2400 4166 magna
2430 4098 2697 4149 hominum
2726 4098 3063 4149 multitudine
3107 4097 3339 4162 ferinam
3380 4099 3667 4167 quamdam
3715 4114 3780 4150 ac

2212 4188 2432 4240 rationis
2458 4188 2666 4238 omnino
2700 4196 2959 4252 expertem
2989 4188 3229 4239 vidissent
3262 4188 3581 4250 socordiam,
3604 4197 3652 4241 et
3678 4190 3782 4241 du-

2212 4289 2413 4332 ctorum
2442 4278 2778 4330 inveteratam
2808 4279 2990 4346 vixque
3018 4279 3389 4330 emendabilem
3416 4279 3541 4331 mali
3560 4295 3783 4332 consue-

2214 4370 2464 4422 tudinem.
2504 4367 2656 4421 Unde
2712 4370 2878 4420 miror
2922 4369 3065 4422 hunc
3126 4378 3376 4422 eventum
3424 4381 3587 4438 atque
3639 4371 3780 4423 hanc

2214 4459 2537 4526 epistolam,
2572 4472 2691 4523 quae
2747 4468 2853 4509 tam
2910 4456 3209 4511 manifestis
3269 4456 3430 4523 hujus
3462 4458 3591 4510 anni
3634 4457 3782 4511 notis

552 4552 623 4618 pii
652 4549 797 4619 legit,
824 4558 1024 4601 etcum
1056 4549 1173 4617 ejus
1206 4549 1330 4602 liliis
1363 4550 1659 4603 collocutus
1692 4558 1797 4613 est,
1832 4548 1985 4601 facile
2018 4547 2113 4601 ob-
2145 4560 2189 4614 l)
2218 4552 2424 4619 signata
2459 4561 2586 4604 sunt
2614 4587 2630 4613 ,
2685 4550 2749 4602 ad
2802 4564 3001 4602 annum
3042 4548 3146 4601 575
3200 4563 3230 4602 a
3282 4548 3625 4603 Tillemontio
3692 4563 3785 4600 re-

553 4640 679 4693 litus
707 4650 793 4695 est
833 4640 1047 4705 veneni,
1076 4641 1215 4709 quod
1264 4641 1596 4693 sonmiorum
1646 4654 1919 4708 caupones
1969 4639 2109 4707 apud

552 4731 952 4786 Neocaesaream
977 4731 1453 4795 circumferebant,
1488 4741 1543 4785 ut
1565 4734 1632 4787 ab
1662 4734 1726 4785 iis
1753 4734 1844 4801 qui
1874 4748 1968 4787 eos
1992 4747 2114 4786 con-

552 4826 840 4888 duxerant,
881 4826 1109 4893 gratiam
1162 4826 1404 4883 inirent..
1428 4823 1624 4878 Narrat
1660 4840 1721 4881 se
1747 4825 1955 4879 litteras
1987 4826 2110 4893 qui—

553 4916 673 4969 dem
708 4915 841 4968 alias
878 4917 1180 4985 scripsisse.
1236 4916 1371 4971 alias
1410 4932 1539 4971 vero
1582 4918 1931 4989 scripturum,
1964 4920 2008 4971 si
2040 4918 2113 4970 ita

551 5012 797 5065 videatur
826 5009 1095 5079 Olympio.
1134 5009 1366 5062 Tantum
1396 5020 1649 5078 precatur
1695 5019 1752 5063 ut
1778 5011 1985 5079 prosint
2024 5025 2117 5063 ac-

553 5100 897 5169 cipientibus.
932 5098 1157 5153 Videtur
1200 5101 1343 5152 inter
1388 5102 1485 5153 has
1526 5099 1730 5154 litteras
1782 5101 2113 5153 numeranda

552 5191 777 5259 epistola
805 5190 931 5246 210.
965 5189 1268 5244 Verisimile
1295 5190 1439 5243 enim
1470 5200 1552 5243 est
1581 5189 1813 5259 Olympii
1842 5190 1999 5252 filios,
2020 5190 2111 5257 qui

552 5280 736 5336 Basilii
773 5281 1007 5334 animam
1038 5279 1173 5333 adeo
1199 5277 1452 5331 afﬂictam
1486 5278 1846 5340 invenerunt,
1894 5288 2019 5330 tunc
2048 5278 2114 5331 ad

552 5388 675 5426 enm
708 5371 918 5426 venisse
945 5386 1063 5425 cum
1096 5369 1270 5424 adhuc
1298 5381 1601 5423 moraretur
1635 5370 1773 5435 apud
1802 5367 2046 5423 fratrem.

626 5461 951 5528 Speraverat
1000 5458 1230 5513 Basilius
1265 5474 1323 5512 se
1363 5458 1437 5526 (ε’)
1490 5456 1782 5511 Dazimone
1842 5458 1892 5510 in
1949 5458 2115 5511 collo-

555 5550 739 5619 quium
782 5547 991 5604 Hilario
1024 5558 1310 5604 venturum
1342 5588 1357 5618 ,
1398 5548 1601 5604 homini
1626 5549 1693 5603 ab
1734 5548 1868 5619 ipsis
1900 5549 2120 5603 schola-

621 5707 703 5774 (η)
733 5703 828 5771 Ep.
858 5704 961 5757 207
999 5713 1053 5759 et
1083 5704 1208 5761 215.

627 5775 701 5843 (ιι)
739 5776 833 5843 κν.
855 5775 980 5843 ett.

625 5842 697 5913 (ε)
723 5844 818 5913 Ep.
843 5842 966 5898 2η.

2219 4642 2371 4696 ferri.

2290 4732 2681 4799 Significabant
2705 4731 2890 4784 eadem
2924 4730 3207 4784 Antiochia
3245 4730 3418 4784 allata:
3458 4730 3650 4783 litterae
3687 4729 3781 4800 (Γ),

2218 4824 2441 4880 Paulino
2461 4825 2670 4879 venisse
2701 4815 2873 4877 Roma
2902 4823 3184 4891 epistolam
3212 4824 3522 4891 quamdam,
3559 4836 3681 4889 qua:
3728 4825 3782 4877 ei

2218 4918 2583 4983 episcopatum
2634 4914 3028 4967 Antiochenam
3063 4914 3376 4978 deferebat,
3422 4923 3477 4965 et
3503 4912 3777 4967 Meletium

2219 5005 2601 5069 frustrabatnr,
2645 5003 2905 5075 valdeque
2951 5003 3129 5059 eﬂ'erri
3186 5003 3341 5069 huius
3393 5004 3561 5072 partis
3609 5005 3775 5056 duces

2221 5108 2276 5153 et
2300 5097 2519 5166 gloriari
2548 5098 2611 5149 de
2635 5097 2733 5149 hac
2761 5096 2986 5164 epistola
3022 5115 3035 5149 :
3068 5097 3257 5150 deinde
3304 5098 3466 5150 etiam
3498 5096 3655 5149 fidem
3682 5109 3781 5148 eos

2221 5201 2519 5257 proponere
2545 5227 2561 5251 ,
2588 5196 2639 5239 et
2660 5190 2889 5254 ‘paratos
2912 5204 3031 5243 esse
3054 5202 3115 5241 ea
3146 5190 3480 5255 conditione,
3508 5190 3557 5242 id
3586 5198 3691 5251 est,
3731 5188 3780 5241 si

2220 5278 2353 5333 nihil
2388 5279 2616 5346 amplius
2639 5280 2706 5333 ab
2744 5280 2823 5333 eis
2846 5290 3137 5348 peteretur,
3158 5297 3278 5334 cum
3308 5281 3502 5336 Meletii
3538 5280 3782 5334 Ecclesia

2220 5367 2491 5436 coniungi.
2547 5368 2686 5434 Quin
2719 5370 2903 5435 etiam,
2932 5374 3073 5438 quod
3116 5371 3314 5425 Basilio
3346 5374 3584 5427 acriores
3613 5386 3785 5424 cura-

2222 5476 2341 5514 rum
2376 5461 2625 5514 stimulos
2652 5461 2907 5525 admovit,
2940 5462 3252 5517 Terentium
3282 5464 3537 5517 comitem
3564 5462 3616 5515 in
3652 5477 3785 5519 suas

2223 5560 2405 5621 partes
2427 5552 2645 5607 trahere
2677 5553 3034 5621 conabantur,
3061 5565 3116 5611 et
3147 5571 3271 5610 cum
3301 5570 3367 5612 eo
3400 5557 3633 5625 agebant
3660 5595 3680 5622 ,
3726 5566 3785 5611 ut

2298 5709 2373 5778 id)
2407 5709 2503 5777 Ep.
2532 5709 2661 5763 215.

2294 5782 2365 5846 (ε)
2403 5779 2533 5833 Ibid.

2293 5848 2361 5919 (ί)
2402 5850 2494 5918 Ep.
2525 5851 2630 5905 ευ.
2654 5850 2848 5920 et_216.
