4038 6446
1617 402 1776 458 VlTA
1818 402 1873 457 S.
1917 398 2178 457 BASILII.

3329 407 3508 450 εἰςιν

272 516 415 570 hanc
444 531 567 570 cum
596 514 790 569 Me‘letii
828 512 1066 569 Ecclesia
1110 513 1551 583 coniunctionem
1603 521 1838 574 auctori-
1869 526 1913 581 Α
1941 520 2061 575 oleo
2089 532 2145 573 et
2173 533 2335 588 opera
2364 517 2580 585 scripsit
2604 531 2667 570 ac
2717 515 2997 571 Terentio.
3046 514 3177 569 Cum
3210 523 3391 567 autem
3438 515 3505 567 si-

272 617 381 660 tate
416 624 511 662 sua
543 609 779 677 juvaret.

341 698 607 751 Audierat
640 695 872 750 Basilius
900 696 978 767 (a)
1012 696 1323 751 Terentium
1349 713 1413 752 ex
1452 700 1584 763 otio,
1620 700 1670 753 in
1693 703 1834 769 quod

268 802 330 842 se
369 788 435 841 ad
466 789 701 840 animam
731 788 1023 840 curandam
1052 799 1378 851 removerat,
1407 790 1599 843 iterum
1634 794 1700 844 ad
1726 793 1840 846 helc-

270 877 406 932 licos
458 877 720 932 tumultus
776 879 953 933 redire
1016 888 1264 933 coactum
1323 880 1508 936 fuisse.
1547 883 1651 936 Sed
1686 892 1834 951 tunc,

270 970 358 1023 ubi
389 971 642 1035 cognovit
690 985 810 1024 eum
865 970 1162 1024 Antiochia
1213 973 1456 1035 versari,
1507 982 1563 1026 et
1621 976 1834 1045 negotia

267 1074 392 1112 cum
428 1060 638 1129 magnis
689 1062 1045 1129 potestatibus
1082 1061 1503 1129 administrare;
1544 1073 1653 1117 tum
1706 1081 1835 1121 vero

268 1150 492 1203 minime
522 1152 834 1205 cessandum
882 1161 1034 1205 ratus
1072 1153 1123 1205 in
1164 1168 1221 1206 re
1257 1154 1385 1206 tanti
1420 1157 1701 1221 momenti,
1740 1172 1836 1211 ex-

266 1252 517 1309 spectare
564 1241 755 1305 noluit,
802 1243 926 1296 dum
973 1244 1219 1305 Aeacius,
1247 1244 1336 1312 qui
1366 1253 1476 1297 tum
1511 1256 1625 1299 erat
1657 1246 1835 1301 Casa-

267 1348 375 1387 rea.
401 1332 500 1403 (ιι),
533 1335 582 1386 in
603 1335 828 1402 patriam
856 1336 1092 1401 rediret;
1120 1335 1210 1389 sed
1242 1345 1498 1405 praterea
1528 1339 1712 1392 minus
1744 1354 1833 1392 su-

264 1436 509 1493 spectum
538 1439 659 1478 esse
686 1427 886 1480 ducens
920 1442 1015 1493 per
1043 1427 1253 1497 ignotos
1284 1426 1537 1483 Terentio
1568 1430 1827 1496 scribere,

262 1514 548 1581 epistolam
579 1517 725 1569 dedit
758 1516 1068 1570 numerario
1096 1515 1254 1570 oﬂicii
1286 1522 1554 1588 prasidis.
1576 1521 1660 1574 cui
1696 1538 1831 1589 pra-

262 1605 407 1672 cepit
435 1615 494 1657 ttt
526 1620 643 1659 eam
698 1607 965 1661 Dorotheo
1004 1610 1319 1678 presbytero
1368 1610 1589 1681 ejusque
1643 1616 1828 1669 amicis

260 1698 413 1763 prius
438 1697 768 1752 ostenderet.

331 1784 552 1841 Veritus
613 1790 791 1858 itaque
856 1789 1087 1845 Basilius
1146 1807 1212 1846 ne
1266 1794 1366 1847 sibi
1422 1810 1668 1863 magnum
1721 1796 1824 1850 hoc

1943 612 2251 682 gniﬁcasset
2283 611 2581 666 Dorotheus
2618 609 2720 662 sibi
2767 610 2823 662 in
2872 609 3055 662 animo
3105 621 3226 663 esse
3271 604 3500 659 Romam

1942 703 2233 772 proﬁcisci,
2289 702 2501 758 scilicet
2540 712 2597 756 ut
2622 716 2839 756 causam
2876 699 3074 753 Meletii
3102 708 3379 764 tueretur;
3436 710 3499 752 ac

1943 786 2193 841 Basiiiutn
2228 795 2471 856 rogasset
2511 795 2567 838 ut
2596 785 2907 850 Gregorium
2966 783 3268 853 Nyssenum
3298 784 3367 837 ad
3402 784 3504 838 hoc

1940 878 2041 932 iter
2065 878 2458 946 suscipiendum
2501 877 2835 948 impelleret,
2868 887 3028 946 negat
3059 877 3291 931 Basilius
3328 874 3498 929 Doro-

1941 969 2120 1023 theum
2166 970 2343 1022 hieme
2374 968 2601 1021 Romam
2648 966 2916 1037 proficisci
2958 980 3153 1035 posse;
3216 976 3500 1035 pr0pterea

1937 1059 2079 1128 quod
2106 1074 2135 1111 a
2165 1057 2631 1126 Constantinopoli
2661 1071 2832 1126 usque
2865 1057 2932 1111 ad
2980 1055 3111 1111 ﬁnes
3144 1056 3501 1126 Cappadocia

1938 1149 2117 1203 smnia
2154 1148 2397 1203 hostibus
2436 1149 2634 1202 referta
2666 1166 2680 1201 :
2716 1150 2763 1203 si
2796 1158 2977 1201 tamen
3023 1147 3323 1201 Dorotheus
3362 1147 3501 1199 mari

1936 1232 2154 1306 utatur,‘
2194 1250 2403 1308 tempus
2439 1239 2679 1293 futurum
2715 1256 2728 1292 :
2761 1240 2918 1294 modo
2944 1240 3045 1292 hoc
3090 1238 3248 1306 legati
3304 1247 3501 1291 munus

1934 1346 2040 1384 non
2075 1328 2612 1400 recuset'Gregorius
2647 1328 2947 1396 Nyssenus.
2992 1328 3097 1383 Sed
3128 1327 3363 1382 Basilius
3392 1334 3497 1382 non

1932 1422 2147 1475 videbat
2186 1421 2403 1489 quinam
2439 1436 2559 1473 cum
2582 1435 2647 1474 eo
2674 1421 3182 1489 proficiscerentur;
3209 1420 3350 1490 quod
3376 1421 3496 1489 qui-

1934 1514 2053 1568 dem
2110 1514 2175 1567 de
2228 1512 2496 1582 episcOpis
2531 1512 2965 1581 intelligendum;
3017 1526 3138 1563 nam
3197 1505 3495 1582 presbyteri

1932 1620 2039 1659 non
2066 1604 2280 1658 difﬁcile
2308 1604 2512 1658 inventi
2569 1604 2836 1658 fuissent:
2869 1603 2961 1657 sed
2990 1606 3135 1657 viros
3169 1604 3497 1659 auctoritate

1930 1698 2186 1766 praditos
2226 1697 2492 1763 Evagrius
2540 1696 2713 1751 Roma
2758 1697 2972 1751 rediens
3025 1698 3316 1751 mittendos
3374 1708 3499 1750 esse

1931 1788 2299 1844 nuntiaverat.
2355 1786 2625 1841 Praterea
2689 1770 2910 1840 fratrem
2975 1802 3133 1840 suum
3190 1787 3389 1841 fatetur
3428 1786 3497 1839 ad

266 1877 323 1932 s.
368 1878 563 1934 Meletii
606 1897 781 1936 causae
817 1886 1117 1951 prasidium
1151 1885 1465 1953 eriperetur,
1496 1888 1827 1945 demonstrat
1862 1865 1902 1919 Β
1931 1878 2192 1947 eiusmodi
2230 1878 2441 1949 nesOtia
2493 1880 2671 1932 minus
2714 1880 2964 1933 idoneum
3005 1893 3127 1933 esse
3156 1895 3170 1929 ι
3198 1879 3315 1947 eius
3346 1879 3494 1932 enim

256 1968 517 2026 Terentio
544 1974 672 2041 quid
704 1974 771 2028 de
806 1974 1002 2029 litteris
1051 1974 1221 2029 Roma
1258 1976 1435 2031 allatis
1483 1982 1820 2036 sentiendum

254 2065 371 2130 sit,
410 2065 536 2132 quid
579 2067 646 2121 de
695 2068 814 2121 aliis
855 2067 1048 2120 litteris
1081 2067 1362 2124 Athanasii
1404 2072 1467 2124 ad
1500 2070 1822 2139 Paulinum,

252 2170 397 2223 quas
425 2156 568 2210 illius
599 2166 893 2212 sectatores
927 2157 1227 2225 iactabant.
1258 2160 1512 2228 Quamvis
1542 2164 1821 2221 Paulinum

254 2246 649 2315 perhonoriﬁce
675 2248 927 2314 appellet,
951 2260 1114 2321 negat
1144 2262 1325 2307 tamen
1358 2268 1416 2308 se
1440 2269 1561 2308 cum
1588 2271 1651 2311 eo
1680 2273 1820 2312 com-

253 2336 681 2401 municalurum,
710 2340 923 2394 etiamsi
967 2340 1178 2396 litteras
1206 2343 1348 2398 calo
1398 2345 1590 2401 allatas
1640 2348 1824 2416 profe-

250 2441 360 2482 rat.
397 2430 582 2501 Neque
610 2431 758 2487 enim
796 2434 1145 2502 quastionetn
1173 2434 1240 2489 de
1268 2437 1647 2507 hypostasibus
1688 2440 1822 2495 leris

250 2525 512 2579 momenti
544 2526 712 2581 videri
764 2525 961 2580 debere
990 2567 1004 2590 ,
1037 2527 1128 2581 sed
1182 2528 1499 2582 latissimum
1550 2530 1822 2586 haereticis

250 2630 500 2685 campum
532 2618 599 2672 ad
633 2618 1022 2674 detrahendum
1059 2620 1123 2674 de
1168 2619 1408 2674 Ecclesia
1443 2632 1687 2690 apertum
1734 2625 1821 2688 iri,

251 2708 298 2761 si
349 2709 442 2777 qui
480 2725 642 2764 unam
694 2726 815 2765 cum
871 2710 1105 2766 Sabellio
1152 2713 1481 2784 hypostasim
1516 2714 1821 2783 profitetur,

251 2798 509 2856 Ecclesia
538 2802 889 2859 Antiochena
921 2804 1281 2872 principatum
1310 2845 1325 2868 ,
1366 2817 1677 2877 contempto
1710 2808 1822 2862 Me-

252 2891 404 2957 letio,
436 2896 700 2950 obtineat.
735 2894 885 2949 Hanc
918 2896 972 2948 iu
997 2897 1321 2952 sententiam
1363 2899 1677 2970 accipienda
1704 2915 1821 2953 esse

250 2983 439 3041 Basilii
476 2990 637 3043 verba
673 2989 1022 3056 probavimus
1050 2988 1102 3042 in
1131 2988 1470 3046 Prafationis
1500 2993 1675 3059 capite
1716 3003 1822 3045 ter-

252 3078 343 3131 tio.
404 3077 685 3132 Postremo
735 3077 1043 3134 Terentium
1096 3092 1249 3150 rogat
1298 3082 1563 3147 Basilius,
1592 3092 1651 3136 ut
1680 3084 1819 3137 inte-

248 3179 402 3233 grum
434 3178 495 3218 se
518 3173 700 3219 servet
724 3181 893 3235 usque
916 3167 981 3220 ad
1008 3167 1239 3220 reditum
1274 3168 1666 3235 confessorum,
1687 3183 1822 3239 quos

250 3254 482 3311 Basilius
516 3256 795 3313 columnas
821 3268 874 3313 et
904 3260 1306 3314 ﬁrmamentum
1337 3260 1583 3317 veritatis
1622 3272 1676 3317 et
1702 3230 1814 3318 Bc-
1846 3230 1889 3287 θ

245 3348 429 3403 slesia
459 3365 586 3405 esse
618 3351 875 3406 declarat.

316 3439 669 3512 Perspicuum
724 3450 780 3496 et
837 3441 1171 3510 exploratum
1218 3452 1299 3495 est
1349 3442 1487 3496 hanc
1531 3445 1813 3512 epistolam

244 3536 431 3592 statim
460 3544 586 3605 post
623 3534 850 3587 reditum
881 3548 947 3586 ex
984 3532 1155 3585 Ponto
1184 3533 1444 3600 scriptam
1474 3548 1618 3590 esse.
1678 3534 1812 3589 Nam

244 3626 300 3679 in
333 3625 497 3692 epist.
532 3622 659 3685 216,
683 3636 844 3690 quam
882 3636 1072 3676 recens
1109 3624 1178 3675 ab
1210 3621 1316 3678 hoc
1359 3625 1551 3681 itinere
1598 3628 1817 3694 scripsit

247 3716 507 3778 Basilius,
538 3718 829 3769 certiorem
864 3714 993 3770 facit
1022 3715 1081 3772 S.
1115 3718 1385 3775 Meletium
1426 3735 1504 3787 se,
1529 3733 1813 3790 postquam

245 3809 416 3863 audiit
463 3805 675 3861 Paulini
714 3817 1016 3863 sectatores
1060 3826 1277 3881 cperam
1312 3813 1444 3867 dare
1507 3822 1565 3866 ut
1622 3812 1817 3867 Teren-

246 3901 376 3955 tium
410 3894 463 3954 in
485 3913 609 3955 suas
627 3910 807 3970 partes
830 3903 1164 3971 pertrahant,
1189 3904 1437 3958 celeriter
1471 3905 1699 3958 adhunc
1725 3920 1815 3958 co-

246 3995 435 4048 mitem
470 3993 777 4059 scripsisse,
798 4002 856 4045 ut
882 4006 1071 4046 eorum
1099 3992 1319 4049 fraudes
1355 3995 1502 4050 illum
1536 3998 1811 4050 edoceret.

244 4086 523 4139 Immerito
547 4098 678 4152 ergo
699 4084 930 4150 epistola
967 4081 1183 4137 Damasi
1224 4086 1289 4139 ad
1332 4087 1618 4143 Paulinum
1646 4087 1814 4143 refer-

244 4187 333 4231 tur
380 4174 449 4227 ad
496 4188 699 4226 annum
726 4174 852 4238 378,
886 4174 954 4231 ab
978 4174 1194 4229 erudito
1222 4177 1432 4233 editore
1458 4178 1810 4249 epistolarum

242 4280 583 4325 summorum
618 4265 951 4335 pontiﬁcum.
993 4266 1221 4322 Exstant
1259 4268 1405 4321 enim
1467 4270 1549 4324 ha
1598 4272 1813 4326 Damasi

246 4362 466 4423 littera,
511 4374 630 4428 qua
674 4373 797 4412 cum
832 4358 1119 4413 Paulinum
1160 4362 1466 4416 Antiochia
1500 4363 1811 4433 episcopum

242 4452 500 4513 salutent,
533 4452 658 4505 visa
683 4459 809 4504 sunt
851 4450 899 4503 ei
945 4452 1316 4519 episc0patunt
1363 4455 1692 4524 adjudicare.
1756 4454 1811 4510 ltt

241 4555 353 4610 quo
384 4542 603 4609 quidem
632 4540 884 4595 discessit
915 4540 1179 4595 Damasus
1207 4559 1235 4597 a
1278 4543 1478 4599 Liberii
1512 4546 1813 4601 decessoris

241 4635 327 4691 sui
356 4635 619 4702 vesttgiis,
647 4636 738 4704 qui
791 4636 843 4689 in
890 4633 1085 4701 litteris
1135 4649 1228 4703 per
1264 4636 1542 4691 Silvanum
1580 4636 1813 4692 Tarsen-

243 4742 363 4782 sem
423 4724 476 4778 in
527 4724 804 4781 Orientem
855 4726 1034 4782 allatis
1079 4722 1139 4778 S.
1186 4724 1457 4782 Meletium
1513 4729 1816 4784 Antiochia

243 4820 560 4889 episcopum
616 4828 944 4887 agnoverat,
981 4827 1040 4873 ut
1068 4826 1298 4873 testatur
1342 4819 1574 4876 Basilius
1609 4822 1661 4875 in
1702 4826 1819 4890 epi-

243 4912 383 4967 stola
413 4912 501 4966 67.
538 4909 669 4965 Eum
695 4921 878 4967 autem
931 4913 1194 4967 Damasus
1243 4928 1349 4967 non
1400 4914 1569 4969 solum
1604 4914 1818 4985 episco-

242 5011 375 5073 patu
398 5003 714 5067 frustratur,
747 5004 841 5056 sed
875 5005 1038 5059 etiam
1064 5020 1182 5059 cum
1208 5005 1523 5073 gravissima
1550 5016 1699 5060 notat
1732 5007 1815 5060 in-

236 5099 406 5167 jnria,
430 5112 554 5151 cum
590 5098 665 5151 ait
694 5110 779 5149 eos
809 5098 899 5164 qui
926 5099 989 5149 de
1015 5096 1260 5150 Ecclesiis
1289 5096 1357 5147 ad
1380 5097 1516 5151 alias
1546 5096 1811 5151 Ecclesias

242 5193 622 5259 migrat-erunt.
653 5189 842 5244 tandiu
872 5206 905 5242 a
929 5190 1291 5243 communione
1314 5204 1410 5240 sua
1445 5190 1646 5243 alienos
1673 5188 1807 5257 fore,

240 5287 411 5339 donec
440 5285 510 5337 ad
540 5300 629 5337 eas
659 5284 907 5338 redierint
958 5284 1194 5337 civitates
1220 5324 1235 5348 ,
1266 5282 1321 5335 in
1365 5282 1552 5350 quibus
1585 5282 1811 5351 primum

240 5386 367 5432 sunt
393 5376 688 5429 constituti.

316 5469 538 5524 Littera
564 5468 851 5524 Antiochia
885 5469 1061 5525 allata
1090 5468 1290 5525 Basilio
1310 5509 1325 5536 ,
1351 5466 1567 5537 scripta
1598 5466 1819 5522 fuerunt

240 5579 274 5619 ι
308 5563 583 5619 Dorotheo
615 5561 956 5635 presbytero,
1006 5564 1095 5621 cui
1135 5562 1370 5620 Basilius
1416 5559 1487 5632 (c)
1527 5560 1594 5617 de
1624 5560 1811 5617 eodem

313 5698 393 5765 (a)
426 5698 521 5764 Ep.
545 5699 674 5755 214.

312 5768 390 5836 (ά)
425 5768 672 5835 Ep.215.

314 5846 385 5905 (ε)
426 5838 560 5893 Ibid.

1929 1989 2278 2044 congressum
2302 1974 2537 2044 benigno
2563 1989 2627 2027 ac
2651 1973 2763 2027 miti
2802 1973 2921 2025 viro
2951 1971 3315 2025 venerabilem
3342 1972 3455 2027 fore
3478 1980 3492 2025 t

1928 2079 2128 2124 atcnm
2175 2066 2319 2120 elato
2350 2074 2405 2119 et
2433 2065 2648 2119 sublimi
2690 2074 2744 2118 et
2779 2065 2939 2119 altius
2987 2064 3196 2119 sedenti
3224 2104 3239 2128 ,
3296 2066 3494 2134 quique

1928 2170 2213 2231 propterea
2244 2158 2530 2212 veritatem
2557 2156 2704 2211 humi
2764 2158 3121 2225 pradicantes
3147 2158 3333 2212 audire
3386 2172 3493 2211 non

1927 2250 2120 2320 possit,
2152 2264 2342 2318 parum
2373 2249 2751 2302 communibus
2786 2247 2948 2309 rebus
2996 2248 3340 2317 profuturum
3392 2250 3493 2303 ho-

1926 2342 2124 2393 minem
2158 2340 2224 2393 ab
2260 2338 2506 2393 illiberali
2553 2338 2919 2393 assentatione
2965 2339 3221 2393 alienum.
3271 2340 3353 2394 Ad
3395 2340 3493 2395 bas

1927 2431 1992 2485 de
2068 2431 2313 2493 Romano
2394 2430 2647 2499 pontifice
2725 2430 2979 2499 querelas
3051 2430 3265 2501 impulit
3337 2430 3493 2487 Basia

1927 2521 2057 2575 lium
2124 2521 2449 2575 commotior
2514 2521 2718 2591 iniquis
2775 2521 2995 2588 iudiciis
3054 2522 3311 2589 animus,
3368 2538 3492 2593 qua

1926 2613 2111 2667 Roma
2140 2615 2204 2667 de
2254 2612 2313 2666 S.
2361 2611 2571 2666 Meletio
2612 2612 2730 2683 (ά),
2780 2629 2838 2668 re
2868 2628 2971 2665 non
3000 2614 3304 2667 examinata
3329 2653 3344 2681 ,
3398 2617 3495 2672 sed

1925 2720 1989 2757 ex
2024 2705 2333 2758 hominibus
2376 2706 2612 2773 partium
2666 2704 2924 2761 studiosis
2951 2705 3134 2759 audita
3167 2742 3183 2771 ,
3232 2706 3489 2760 ferebane

1930 2786 2031 2851 Fur.

2001 2889 2177 2959 Magni
2214 2888 2468 2943 momenti
2492 2898 2577 2943 est
2595 2889 2886 2943 observare
2909 2887 3192 2957 epistolam
3230 2884 3354 2953 215,
3387 2888 3491 2948 hoc

1926 2995 2067 3036 anno
2099 2982 2207 3037 575
2238 2992 2360 3052 post
2397 2982 2631 3035 reditum
2681 2994 2746 3033 ex
2792 2980 2965 3034 Ponto
2997 2984 3251 3050 scriptam
3297 2982 3487 3037 fuisse.

1924 3073 2203 3129 Manifesta
2237 3089 2323 3127 res
2356 3084 2437 3125 est
2466 3084 2533 3124 ex
2574 3072 2761 3139 primis
2802 3072 3045 3141 epistola
3096 3072 3277 3127 verbis
3312 3090 3326 3127 :
3364 3072 3489 3128 Stas

1928 3170 2017 3221 tim
2041 3166 2361 3221 occasionem
2396 3178 2600 3229 nactus,
2638 3166 2831 3233 inquit,
2862 3166 3050 3234 scripsi
3085 3168 3194 3219 viro
3218 3168 3271 3220 in
3299 3168 3485 3236 primis

1924 3262 2233 3315 admirando
2279 3260 2458 3314 comiti
2505 3257 2784 3325 Terentio,
2830 3260 3002 3311 minus
3028 3270 3329 3327 suspectum
3375 3274 3487 3314 esse

1922 3354 2223 3406 existimans
2272 3368 2361 3420 per
2398 3353 2599 3423 ignotos
2648 3353 2715 3404 ad
2751 3368 2867 3405 eum
2916 3351 2981 3404 de
3008 3352 3298 3417 prepositis
3332 3352 3486 3406 rebus

1922 3444 2182 3509 scribere;
2214 3444 2471 3514 simulque
2500 3444 2571 3496 rei
2615 3460 2817 3497 moram
2854 3444 3044 3513 nﬁerre
3074 3443 3252 3497 nolens
3296 3461 3327 3497 α
3358 3444 3488 3497 cha-

1922 3539 2128 3592 rissimo
2157 3538 2323 3606 fratre
2346 3538 2559 3591 Acacio.
2580 3535 2795 3605 Scripta
2823 3551 2952 3605 ergo
2981 3536 3093 3590 hac
3118 3536 3342 3605 cpistola
3363 3550 3485 3590 cum

1923 3631 2061 3699 apud
2090 3629 2346 3684 Basilium
2376 3638 2521 3683 esset
2560 3629 2808 3683 Aeacius.
2843 3629 2912 3681 At
2949 3627 3052 3681 hoc
3088 3629 3203 3694 ipso
3238 3636 3488 3697 tempore

1920 3724 2175 3777 Acacium
2203 3722 2508 3777 Caesaream
2560 3720 2777 3774 venisse
2822 3719 3195 3771 demonstrant
3252 3730 3489 3789 quatuor

1922 3813 2135 3879 littera,
2166 3828 2301 3885 quas
2357 3814 2404 3868 ei
2442 3812 2673 3867 Basilius
2714 3811 2769 3863 in
2811 3809 3089 3865 Orientem
3137 3810 3484 3880 perferendas

1921 3908 2232 3968 commisit,
2276 3913 2333 3957 ut
2361 3903 2520 3956 modo
2571 3902 2895 3956 videbimus.
2955 3902 3224 3956 Praterea
3257 3902 3485 3971 epistola

1922 4000 2031 4061 illa,
2061 4012 2220 4068 quam
2244 4009 2303 4050 se
2332 3994 2590 4049 Terentio
2623 3995 2905 4063 scripsisse
2957 4003 3146 4048 narrat
3178 4004 3325 4047 tanta
3360 4010 3483 4050 cum

1921 4092 2221 4154 celeritate,
2253 4098 2311 4144 ut
2334 4089 2515 4143 Acacii
2542 4088 2772 4142 reditum
2820 4097 3139 4156 exspectare
3172 4087 3378 4154 nollet,
3433 4099 3490 4143 et

1922 4194 2068 4238 tanta
2114 4198 2233 4237 cum
2268 4182 2515 4236 cautione
2543 4188 2600 4231 ut
2634 4192 2728 4237 per
2762 4179 2970 4247 ignotos
3027 4177 3266 4231 scribere
3320 4178 3487 4234 tutius

1921 4278 2182 4341 crederet,
2214 4277 2315 4330 alia
2344 4275 2584 4345 profecto
2612 4287 2731 4327 esse
2768 4287 2871 4324 non
2923 4280 3121 4339 potest,
3154 4286 3317 4340 quant
3346 4288 3482 4342 prae

1920 4373 2116 4427 cedens
2151 4371 2219 4425 ad
2269 4370 2578 4425 Terentium
2626 4366 2851 4435 epistola
2883 4408 2898 4431 ,
2936 4381 3054 4436 qua
3103 4375 3159 4418 et
3202 4366 3484 4418 celerrime

1920 4459 2119 4526 scripta
2162 4468 2266 4523 est,
2295 4465 2603 4512 uttestatur
2638 4455 2870 4510 Basilius
2901 4456 2951 4509 in
3006 4454 3234 4523 epistola
3272 4453 3399 4518 216,
3429 4464 3485 4508 et

1919 4567 2039 4605 cum
2066 4560 2257 4621 ageret
2287 4553 2351 4605 de
2383 4549 2541 4604 rebus
2568 4548 2763 4603 Meletit
2794 4587 2808 4611 ,
2852 4548 3028 4601 minus
3068 4545 3209 4599 forte
3240 4547 3480 4599 animum

1919 4642 2157 4697 Terentii
2190 4641 2614 4707 commovisset,
2668 4639 2710 4693 si
2757 4653 2877 4693 eam
2908 4636 3140 4691 Aeacius
3170 4637 3380 4691 Meletio
3432 4648 3487 4695 et

1917 4734 2113 4789 Basilio
2139 4733 2501 4788 amicissimus
2529 4731 2871 4787 reddidisset.

1989 4826 2310 4896 Episc0pum
2342 4823 2512 4888 illum,
2544 4838 2701 4893 quem
2740 4838 2901 4893 supra
2932 4823 3161 4878 Basilius
3190 4820 3261 4893 (ε)
3296 4830 3483 4875 aucto-

1918 4931 2031 4972 rem
2060 4916 2161 4970 sibi
2199 4929 2320 4970 esse
2351 4916 2585 4980 dicebat,
2614 4926 2673 4970 ut
2712 4915 2766 4969 in
2803 4914 3242 4985 Mesopotamiam
3272 4928 3337 4967 ac
3358 4913 3487 4968 inde

1918 5004 2261 5061 Antiochiam
2320 5019 2377 5060 se
2406 5004 2717 5069 conferret,
2752 5004 3026 5057 Meletium
3068 4999 3236 5056 fuisse
3281 5015 3486 5069 cogito-

1919 5099 2119 5154 scimus
2154 5113 2219 5152 ex
2245 5098 2435 5168 primis
2471 5098 2652 5151 verbis
2679 5094 2916 5164 epistola
2951 5093 3081 5157 216,
3127 5109 3246 5164 qua
3271 5102 3358 5146 est
3416 5095 3483 5145 ad

1920 5189 2192 5244 Meletiutn
2224 5208 2237 5244 :
2274 5188 2459 5240 Multa:
2485 5203 2599 5253 nos,
2637 5186 2844 5255 inquit,
2874 5196 2919 5239 et
2953 5186 3075 5240 alia:
3109 5186 3486 5255 peregrinatio-

1918 5297 2005 5335 nes
2032 5298 2063 5335 a
2103 5279 2274 5348 patria
2304 5286 2613 5331 avocnrunt.
2647 5276 2780 5331 Tum
2828 5292 2923 5331 sua
2956 5278 3010 5330 in
3048 5275 3304 5330 Pisidiam
3339 5285 3395 5329 et
3429 5276 3481 5328 in

1916 5373 2143 5429 Pontum
2182 5381 2367 5425 narrat
2411 5370 2629 5435 itinera,
2678 5384 2740 5423 ac
2769 5370 3003 5438 scriptas
3038 5368 3211 5422 reditu
3270 5381 3369 5423 suo
3415 5366 3483 5419 ad

1924 5464 2233 5520 Terentium
2268 5464 2492 5517 litteras.
2528 5461 2607 5515 Ex
2643 5460 2841 5525 verbis,
2871 5472 2991 5528 qua
3024 5458 3325 5523 attulimus,
3357 5470 3480 5526 per-

1920 5557 2147 5627 spicitur
2198 5555 2431 5624 aliquam
2463 5550 2952 5623 peregrinationem
2986 5564 3016 5606 a
3044 5548 3264 5605 Meletio
3285 5560 3485 5619 prope.

2014 5696 2068 5757 d)
2103 5692 2198 5761 Ep.
2228 5691 2520 5756 21‘,n.2.

2012 5767 2059 5831 e)
2086 5764 2178 5833 Ep.
2203 5764 2328 5816 213.
