4038 6462
525 445 721 489 εκιιτι

1874 417 2404 476 PROLEGOMENA.

531 547 692 603 sitam
740 541 787 596 ei
823 537 1030 600 fuisse,
1087 535 1154 589 de
1210 548 1313 603 qua
1369 532 1497 602 quid
1544 531 1745 588 sentiat
1793 547 1898 586 non
1945 533 2087 587 edis-
2120 533 2319 595 Adam
2358 522 2730 593 Amphilochia
2753 516 3091 588 perscﬁbere
3114 513 3401 575 voluerat,
3448 512 3539 566 sed
3571 510 3755 565 nescio

535 640 703 702 serit,
751 635 876 704 quia
928 630 1098 685 satius
1153 627 1434 682 videbatur
1487 639 1600 679 rem
1663 623 1791 678 tanti
1844 624 2093 677 momenti

535 729 745 788 arcanis
812 724 1077 781 mandatis
1143 719 1408 785 nuntiari,
1471 731 1631 787 quam
1683 717 1883 772 charta:
1948 730 2095 771 com-

541 821 706 878 mitti.

618 908 722 964 Vll.
749 906 883 962 Cum
919 904 1166 960 rediisset
1194 899 1444 961 Basilius,
1467 908 1526 952 ut
1556 897 1809 958 vidimus,
1842 903 1892 949 et
1917 893 2098 946 animo

537 1002 767 1060 afﬂictus
817 1007 872 1053 et
924 1008 1150 1067 corpore
1204 992 1567 1056 confractus;
1627 989 1807 1044 subito
1853 986 2095 1039 omnium

540 1092 742 1147 oblitus
768 1099 869 1151 est,
897 1087 984 1142 ubi
1009 1085 1142 1138 vidit
1165 1083 1373 1137 litteras
1397 1079 1753 1148 Amphilochii
1780 1078 1846 1130 ab
1879 1075 2097 1130 .Eliano

540 1184 768 1254 quodam
800 1180 986 1234 allatas
1013 1175 1108 1248 (a),
1139 1189 1297 1244 quem
1324 1172 1522 1228 Basilio
1538 1170 1945 1225 commendabat
1973 1167 2102 1219 Am-

541 1275 869 1346 philochius,
894 1285 956 1324 ac
985 1266 1206 1338 rogabat
1237 1272 1293 1317 ut
1326 1263 1390 1316 ad
1435 1262 1669 1331 negotia,
1702 1274 1819 1328 qum
1840 1257 2101 1312 Caesareae

546 1344 798 1428 habebat,
822 1359 1177 1433 patrocinium
1218 1370 1368 1409 suum
1423 1353 1780 1423 impenderet.
1825 1349 1872 1402 ls
1919 1344 2100 1400 Basilii

544 1458 845 1532 patrocinio
875 1468 1008 1523 Opus
1032 1466 1135 1505 non
1163 1447 1385 1511 habuit,
1440 1446 1532 1498 sed
1568 1441 1827 1496 confectis
1872 1437 2103 1505 negotiis

547 1531 681 1609 duas
716 1550 783 1604 ab
808 1564 872 1604 eo
893 1544 1145 1615 epistolas
1166 1543 1231 1597 ad
1257 1534 1688 1606 Amphilochium
1716 1531 1944 1598 accepit,
1969 1543 2103 1597 qna-

551 1662 670 1700 rum
699 1643 862 1697 altera
895 1649 975 1694 est
997 1635 1289 1692 centesima
1317 1629 1521 1684 decima
1553 1626 1779 1694 septima
1807 1663 1822 1690 ,
1849 1623 1960 1677 sive
2012 1635 2104 1675 ca-

549 1733 744 1788 nonica
794 1729 950 1784 tertia
981 1768 996 1791 ,
1050 1724 1217 1776 altera
1288 1716 1579 1772 centesima
1632 1715 1838 1768 decima
1883 1721 2100 1766 octava.

549 1824 846 1888 Utramque
889 1817 1030 1869 cnim
1057 1809 1333 1880 epistolam
1365 1805 1520 1860 simul
1565 1805 1783 1858 missam
1822 1802 1987 1855 fuisse
2013 1816 2104 1868 pa-

2197 636 2301 689 quo
2351 629 2517 688 pacto
2549 613 2744 667 oblitus
2795 617 2897 664 est.
2923 607 3148 673 Quidam
3177 621 3242 660 ex
3289 605 3372 658 his
3399 605 3488 672 qui
3531 619 3560 656 e
3589 601 3752 671 Lycia

2194 713 2490 768 Cmsaream
2515 706 2817 766 veniebant,
2846 697 3406 755 nuntiaveratBasilio
3437 695 3614 764 plures
3630 709 3757 748 esse

2197 803 2248 856 in
2275 801 2374 854 hac
2398 795 2696 868 provincia,
2734 791 2824 860 qui
2857 791 2923 844 ab
2943 789 3263 844 Asianorum
3295 783 3562 838 sententia
3589 782 3757 835 alicui

2198 900 2414 954 essent,
2460 898 2512 942 et
2554 883 2985 941 communionem
3015 879 3198 934 Basilii
3235 883 3497 944 cuperent
3554 871 3761 940 amplc-

2201 983 2294 1037 cti.
2330 981 2500 1050 Rogat
2527 992 2656 1047 ergo
2685 973 3116 1043 Amphilochium
3137 1012 3152 1037 ,
3181 979 3240 1024 ut
3271 973 3494 1036 probum
3523 964 3759 1031 aliquem

2199 1075 2374 1126 virum
2404 1073 2583 1124 mittat
2613 1069 2664 1122 in
2701 1067 2946 1134 Lyciam.
2975 1062 3154 1116 Primo
3181 1060 3327 1114 enim
3349 1070 3443 1111 eos
3473 1057 3590 1109 sine
3614 1053 3762 1105 litte-

2203 1165 2277 1219 ris
2309 1162 2690 1230 explorandos,
2725 1159 2940 1218 deinde.
2978 1170 3033 1208 re
3063 1161 3364 1223 perspecta,
3409 1146 3756 1202 scribendum

2203 1265 2256 1310 et
2276 1257 2342 1308 de
2377 1267 2676 1321 congressu
2711 1249 2992 1321 agendum.
3024 1245 3078 1299 Si
3102 1247 3222 1314 quis
3249 1252 3428 1297 autem
3456 1239 3628 1293 iturus
3658 1236 3758 1298 sit,

2201 1348 2250 1401 ei
2272 1359 2458 1399 auctor
2482 1352 2566 1398 est
2603 1342 2832 1396 Basilius
2853 1379 2867 1405 ,
2899 1348 2954 1392 ut
2985 1335 3261 1406 perquirat
3311 1329 3598 1402 Corydalis
3631 1327 3762 1381 Ale-

2203 1438 2464 1491 xandrum
2509 1451 2571 1488 ex
2604 1434 2862 1486 monacho
2894 1431 3234 1498 episcopum;
3286 1424 3514 1493 Limym
3573 1419 3760 1473 Diali-

2205 1543 2372 1589 ntum,
2401 1525 2556 1595 Cyris
2604 1521 2882 1575 Talianum
2934 1529 2989 1572 et
3046 1516 3328 1569 Polemona
3364 1523 3418 1566 et
3462 1509 3761 1564 Macarium

2205 1619 2577 1688 presbyteros;
2604 1611 2812 1666 Pataris
2840 1611 3130 1664 Eudemum
3155 1605 3460 1673 episcopum
3486 1642 3501 1666 ,
3524 1598 3762 1655 Telmesi

2207 1708 2468 1762 Hilarium
2503 1706 2810 1774 episcopum
2841 1743 2856 1766 ,
2894 1700 3040 1753 Pheli
3085 1698 3379 1752 Lollianum
3427 1695 3761 1761 episcopum.

2207 1799 2313 1852 llos
2334 1807 2387 1852 et
2421 1796 2599 1863 plures
2642 1794 2774 1847 alios
2809 1792 2999 1860 aliquis
3027 1791 3362 1843 nuntiaverat
3388 1785 3453 1840 de
3482 1785 3585 1840 lide
3615 1795 3767 1842 recte

551 1924 648 1976 tet,
674 1926 777 1966 non
809 1907 978 1962 solum
1010 1901 1129 1969 quia
1165 1901 1217 1952 in
1257 1905 1482 1963 utraque
1523 1893 1805 1946 collectum
1853 1903 1917 1942 ex
1967 1886 2106 1941 Pon-
2141 1876 2179 1928 Β
2208 1890 2425 1942 sentire.
2463 1887 2610 1943 Unde
2649 1884 2876 1939 Basilius
2911 1881 3170 1952 plurimas
3224 1879 3331 1934 Deo
3358 1878 3556 1947 gratias
3599 1890 3768 1944 agen-

547 2007 658 2061 tico
703 2002 893 2056 itinere
944 1994 1186 2050 morbum
1231 1994 1635 2047 commemorat,
1675 1981 1765 2035 sed
1798 1981 1957 2034 etiam
1985 1977 2108 2046 quia

552 2095 710 2166 paulo
743 2100 861 2161 post
886 2085 1070 2141 Basilii
1116 2081 1343 2136 reditum
1396 2076 1560 2129 multa
1598 2081 1934 2134 evenerunt,
1990 2081 2110 2134 qua:

554 2159 785 2243 Basilius
837 2181 948 2248 ipse
995 2177 1046 2228 in
1096 2173 1253 2241 epist.
1297 2167 1398 2222 2'51
1448 2167 1774 2233 scripturum
1833 2176 1891 2215 se
1944 2159 2110 2212 fuisse

552 2274 923 2346 Amphilochio
950 2267 1207 2328 declarat,
1239 2262 1284 2315 si
1337 2275 1441 2328 qua
1476 2257 1666 2311 fuisset
1704 2252 1925 2309 occasio
1970 2250 2109 2305 serio

549 2370 730 2426 bendi.
755 2366 990 2432 Utraque
1021 2375 1148 2428 ergo
1179 2352 1401 2426 epistola
1427 2349 1680 2421 praecedit
1713 2346 1831 2402 illos
1859 2353 2107 2408 eventus,

550 2475 688 2532 quos
729 2457 886 2511 modo
916 2451 1279 2506 narrabimus.

624 2551 681 2604 In
716 2546 934 2603 exordio
960 2543 1198 2613 epistola:
1234 2539 1500 2595 canonica
1530 2535 1700 2588 tertia!
1755 2542 2005 2598 magnum
2035 2524 2111 2576 vi-

554 2641 715 2699 dcudi
765 2635 1122 2708 Amphilochii
1159 2631 1481 2688 desiderium
1514 2626 1786 2694 significat
1835 2617 2069 2673 Basilius
2093 2655 2109 2680 ,

555 2706 974 2800 sequeJibenter
998 2725 1062 2778 ad
1116 2723 1257 2776 illius
1284 2721 1423 2773 aedes
1453 2756 1466 2780 ,
1503 2732 1619 2783 qua!
1663 2715 1714 2766 in
1749 2706 2114 2779 Euphemiade

555 2825 672 2880 sita:
694 2829 866 2879 erant.
901 2829 1262 2876 accessurum,
1288 2813 1330 2866 si
1361 2825 1426 2864 eo
1467 2804 1874 2876 Amphilochius
1925 2798 2111 2851 venire

555 2934 664 2971 non
695 2921 967 2985 gravetur.
1007 2908 1366 2977 Praeterquam
1403 2901 1542 2971 quod
1575 2893 1835 2950 molestiis
1866 2930 1881 2954 ,
1918 2889 2116 2959 quibus

556 3008 817 3062 Caesareae
869 2976 1232 3070 premebatur,
1278 2994 1503 3048 libenter
1544 3003 1602 3043 se
1637 2983 1925 3054 eripuisset
1971 2987 2026 3033 et
2051 2976 2116 3031 ad

558 3090 994 3161 Amphilochium
1050 3086 1408 3145 festinasset;
1461 3073 1839 3143 suSpicabatur
1894 3079 2118 3120 necesse

560 3182 662 3237 sibi
693 3181 924 3233 futurum
963 3174 1287 3231 Nazianzmn
1321 3166 1591 3239 proficisci
1617 3204 1632 3226 ,
1668 3163 1790 3230 quia
1825 3158 2117 3228 Gregorius

561 3217 662 3237 νιν.
963 3217 1287 3231 ..........._.--.-
1322 3217 1525 3239 r--_-,,
1556 3217 1585 3218 ,,
1620 3217 1631 3226 ,
1688 3217 1700 3230 ,
1938 3217 1965 3228 ν

560 3291 627 3329 ex
659 3275 758 3327 hac
789 3271 921 3324 urbe
956 3266 1133 3321 subito
1163 3264 1508 3318 discesserat,
1541 3269 1606 3308 ne
1634 3254 1748 3321 ipso
1776 3251 1990 3318 quidem
2025 3244 2117 3299 ad-
2148 3217 2190 3274 Ο

567 3364 773 3420 monito
807 3359 1023 3422 Basilio,
1057 3354 1148 3424 qui
1188 3351 1381 3420 quibus
1409 3348 1472 3403 de
1497 3346 1674 3400 causis
1706 3343 1754 3394 id
1786 3337 1990 3393 consilii
2015 3350 2118 3391 cat-

562 3455 729 3524 pisset
765 3449 1079 3518 Gregorius,
1100 3444 1301 3498 fatetur
1333 3455 1391 3494 se
1429 3436 1657 3491 nescire.
1693 3431 1889 3484 Narrat
1923 3425 2116 3481 ibidem

564 3540 792 3598 Basilius
818 3577 832 3601 ,
866 3515 1024 3604 quem
1058 3549 1114 3588 se
1161 3533 1448 3587 missurum
1487 3519 1862 3592 Amphilochio
1919 3515 2120 3585 promi-

566 3643 714 3690 serat
762 3640 824 3684 ut
876 3630 1158 3697 episc0pus
1203 3619 1644 3676 constitueretur,
1679 3627 1801 3665 eum
1863 3620 1917 3663 et
1949 3608 2119 3660 veteri

565 3721 998 3795 egritudine,et
1053 3713 1251 3770 recenti
1307 3709 1585 3765 oculorum
1642 3702 1829 3756 morbo
1861 3700 2121 3767 imparem

567 3790 912 3884 episcOpatus
965 3806 1114 3859 oneri
1168 3800 1484 3856 sustinendo
1532 3796 1732 3848 factum
1775 3805 1916 3844 esse.
1942 3790 2124 3853 Quare

570 3882 670 3960 etsi
700 3902 1013 3958 electionem
1055 3893 1253 3964 judicio
1289 3890 1469 3944 Basilii
1508 3898 1562 3942 et
1591 3882 1952 3955 Amphilochii
1981 3895 2126 3933 com-

569 4000 824 4055 miserant
854 3991 1045 4051 lsauri,
1068 3985 1341 4043 existimat
1366 3980 1596 4035 Basilius
1619 3974 1989 4032 necessitatem
2016 3973 2127 4021 hare

569 4091 733 4146 verba
766 4102 831 4140 ex
854 4085 933 4138 eis
959 4077 1309 4148 expressisse,
1339 4073 1430 4126 sed
1479 4085 1603 4124 vere
1632 4077 1689 4122 et
1719 4083 1781 4120 ex
1827 4065 2006 4118 animo
2034 4071 2127 4112 eos

570 4193 787 4252 optasse
825 4179 877 4232 id
906 4175 1046 4245 quod
1079 4170 1234 4226 initio
1269 4169 1645 4237 poposcerant,
1682 4171 1739 4213 ut
1779 4171 1998 4213 suorum
2032 4150 2133 4204 ali-

573 4271 696 4342 quis
731 4268 1132 4338 prmﬁceretur;
1170 4259 1339 4314 satius
1385 4268 1516 4323 ergo
1567 4262 1687 4304 esse
1731 4263 1795 4300 ex
1851 4241 2132 4311 neophytis

574 4365 807 4434 aliquem
842 4358 1146 4427 episcopum
1181 4352 1433 4406 ordinare
1459 4387 1475 4410 ,
1524 4345 1639 4399 sive
1691 4337 2006 4394 Macedonio
2056 4334 2130 4387 ita

573 4429 835 4518 videatur,
891 4451 1004 4506 sive
1045 4460 1169 4499 non.
1205 4439 1437 4510 Epistola
1469 4436 1730 4492 canonica
1776 4429 1930 4484 tertia
1985 4442 2127 4495 pra:-

575 4548 732 4618 cipue
760 4542 1041 4597 insumitur
1073 4537 1125 4590 in
1174 4530 1529 4587 decernendis
1564 4521 1894 4598 paenitentiae
1931 4521 2085 4572 annis
2113 4559 2127 4581 ,

575 4615 714 4710 quos
738 4635 928 4701 cuique
950 4637 1170 4700 peccato
1202 4639 1300 4694 par
1331 4633 1449 4676 erat
1480 4617 1668 4688 inlligi.
1695 4615 1803 4669 llos
1832 4619 2008 4663 autem
2037 4622 2132 4661 ca—

581 4743 748 4785 nones
782 4724 1008 4780 Basilius
1066 4735 1168 4774 non
1220 4717 1317 4772 soli
1362 4712 1623 4769 lconiensi
1652 4707 1918 4764 condebat
1951 4701 2130 4756 Eccle-

578 4821 694 4884 siae,
745 4817 839 4873 sed
869 4829 963 4870 eos
997 4814 1061 4866 ad
1091 4808 1442 4863 Caesariensis
1472 4800 1723 4857 Ecclesiae
1757 4809 1914 4851 usum
1950 4792 2137 4861 vulga-

582 4912 678 4968 vit.
702 4911 1100 4965 Commemorat
1124 4900 1266 4956 enim
1297 4900 1347 4951 in
1376 4893 1602 4965 epistola
1635 4890 1759 4952 270,
1806 4900 2068 4943 canouem
2101 4899 2130 4936 a

584 5015 644 5056 se
701 4999 768 5053 de
816 4994 1122 5066 raptoribus
1151 4999 1310 5044 antea
1350 4985 1645 5054 vulgatum.
1700 4978 1832 5032 llinc
1881 4977 2039 5030 etiam
2089 4975 2139 5028 in

582 5090 807 5161 epistola
836 5064 1091 5142 canonica
1137 5078 1368 5138 secunda
1405 5077 1483 5130 sic
1513 5071 1749 5142 loquitur
1771 5069 1842 5140 (ὸ)
1873 5085 1886 5121 ;
1917 5065 2068 5132 Quod
2095 5064 2142 5116 si

585 5158 725 5252 apud
755 5197 840 5234 vos
890 5176 1148 5246 prohibita
1199 5183 1272 5227 eu
1318 5165 1661 5236 rebaptizatio
1688 5200 1703 5225 ,
1731 5165 1863 5214 sicut
1908 5171 1954 5215 et
1998 5158 2137 5225 apud

587 5275 879 5334 Romanos,
912 5267 1206 5323 oeconomia:
1237 5262 1462 5331 alicujus
1503 5258 1713 5328 gratia;
1753 5267 1925 5308 nostra
1968 5264 2143 5307 tamen

589 5369 725 5424 ratio
758 5366 861 5420 vim
883 5362 1129 5415 obtineat.

658 5459 714 5514 ln
745 5451 1100 5525 epistolailB,
1125 5464 1241 5520 qua:
1265 5445 1426 5500 simul
1452 5458 1614 5497 nussa
1638 5449 1720 5494 est
1744 5452 1862 5492 cum
1883 5438 2142 5492 canonica

589 5548 771 5614 tertia,
798 5545 908 5615 agit
930 5540 1156 5598 Basilius
1188 5539 1253 5594 de
1274 5553 1330 5592 re
1351 5534 1528 5606 magni
1555 5529 1832 5590 momenti,
1868 5544 2029 5599 quant
2054 5527 2148 5581 du-

667 5723 740 5792 (α)
769 5722 863 5790 Ep.
891 5720 1013 5776 an.
1046 5718 1168 5772 2l8.

668 5786 742 5865 (ὁ)
909 5792 1031 5856 199,
1058 5804 1178 5843 catt.
1214 5786 1300 5840 47.

2176 1980 2304 2035 -das
2329 1979 2514 2042 duxit,
2571 1979 2616 2032 si
2673 1977 2762 2045 qui
2813 1973 3033 2029 omnino
3063 1973 3114 2024 in
3163 1970 3362 2025 Asiano
3406 1977 3577 2023 tractu
3611 1979 3768 2021 extra

2211 2069 2381 2123 labem
2409 2069 2780 2123 haereticorum
2808 2075 3008 2122 essent.

2282 2161 2411 2217 V'Ill.
2438 2158 2622 2212 Nullus
2654 2167 2772 2210 erat
2807 2159 2858 2209 in
2905 2156 3036 2208 orbe
3074 2163 3339 2208 terrarum
3381 2152 3549 2216 locus,
3580 2149 3632 2202 in
3662 2163 3774 2216 quo

2213 2255 2384 2322 major
2429 2251 2714 2305 enituisset
2735 2257 2788 2299 et
2833 2246 2959 2299 cieri
2986 2256 3040 2300 et
3073 2245 3485 2315 magistratuum
3510 2251 3564 2296 et
3587 2240 3774 2310 p0puli

2212 2358 2513 2402 consensus
2565 2341 2632 2395 ad
2661 2337 2782 2393 lidei
2811 2336 3172 2392 defensionem
3201 2375 3216 2398 ,
3259 2351 3420 2404 quam
3449 2331 3775 2388 Samosatis.

2212 2439 2318 2494 Sed
2353 2433 2651 2491 communis
2680 2432 2800 2485 vitae
2828 2431 3071 2482 humanae
3105 2428 3296 2490 hostis,
3321 2441 3439 2480 cum
3472 2441 3559 2480 eos
3587 2438 3781 2495 perse-

2212 2541 2460 2583 cutorum
2509 2525 2714 2578 viribus
2747 2522 2962 2574 vincere
2992 2532 3095 2570 non
3133 2518 3434 2585 potuisset,
3473 2517 3781 2571 discordia-

2216 2635 2330 2674 rum
2361 2618 2565 2673 semiua
2614 2616 2749 2668 inter
2793 2626 2884 2666 eos
2917 2608 3158 2677 sparsit,
3187 2622 3307 2676 quae
3355 2606 3506 2659 initio
3555 2608 3778 2672 quidem

2216 2726 2378 2780 parva
2430 2718 2485 2763 et
2528 2707 2685 2761 facile
2738 2702 2996 2759 sanabilia
3027 2740 3043 2764 ,
3106 2699 3157 2753 iu
3220 2697 3419 2750 malum
3483 2697 3785 2751 insanabile

2217 2814 2498 2866 emergere
2547 2808 2820 2864 poterant,
2853 2794 2956 2850 nisi
2989 2800 3201 2846 mature
3231 2789 3521 2844 remedium
3551 2787 3781 2843 afferre-

2222 2901 2329 2942 tur.
2361 2889 2538 2956 Quare
2589 2887 2648 2941 S.
2691 2886 2953 2940 Eusebius
3003 2884 3055 2938 in
3098 2898 3156 2938 re
3190 2880 3323 2936 tanti
3367 2881 3623 2934 momenti
3676 2895 3785 2934 non

2220 2981 2476 3043 cessavit,
2508 2978 2600 3032 sed
2629 2992 2690 3030 ea
2719 2977 2936 3042 scripsit
2959 2975 3210 3030 Ecclesiae
3238 2989 3370 3037 suae,
3395 2987 3513 3042 quas
3544 2987 3642 3042 par
3665 2980 3789 3026 erat

2220 3089 2248 3125 a
2275 3081 2380 3126 tam
2408 3078 2595 3125 sancto
2638 3065 2892 3136 episcopo
2931 3067 3262 3133 exspectari.
3294 3065 3521 3121 Basilius
3572 3074 3782 3130 autem,

2221 3179 2342 3220 cum
2390 3178 2420 3217 a
2456 3160 2743 3215 Theodoro
2782 3157 3111 3210 subdiacono
3149 3157 3428 3212 didicisset
3482 3156 3784 3212 Ecclesiam

2227 3257 2653 3310 Samosatensem
2681 3247 3004 3322 perturbari,
3043 3245 3248 3302 intimis
3273 3249 3519 3304 sensibus
3547 3249 3789 3304 dolorem

2230 3345 2414 3408 traxit,
2443 3357 2608 3408 seque
2639 3342 2923 3395 Samosata
2947 3335 3306 3400 contulisset,
3337 3337 3383 3390 si
3424 3347 3664 3406 tempora
3715 3340 3794 3392 si-

2227 3442 2450 3494 vissent.
2485 3435 2590 3490 Sed
2623 3449 2743 3488 cum
2775 3433 3013 3488 scribere
3041 3431 3177 3485 nihil
3230 3438 3439 3484 vetaret
3469 3469 3485 3492 ,
3518 3443 3585 3482 eo
3616 3428 3796 3482 liben-

2231 3533 2337 3586 tius
2367 3531 2468 3584 hoc
2491 3525 2812 3582 adhortandi
2841 3523 3016 3580 olIicio
3043 3522 3404 3592 perfungitur,
3431 3521 3575 3590 quod
3602 3558 3618 3584 ,
3665 3534 3791 3573 cum

2229 3623 2402 3679 exsilii
2451 3624 2608 3674 minae
2631 3620 2680 3672 ei
2715 3619 3132 3680 intentarentur,
3184 3617 3420 3671 incertus
3451 3623 3568 3668 erat
3595 3629 3662 3668 an
3707 3627 3798 3666 se-

2230 3714 2334 3768 mel
2366 3711 2726 3782 praetermissa
2749 3709 2965 3761 occasio
3003 3708 3273 3763 scribendi
3314 3720 3597 3761 reversura
3625 3715 3794 3761 esset.

2233 3803 2606 3857 Subdiaconus
2654 3798 2743 3852 ille
2795 3795 3114 3850 Theodorus
3147 3797 3200 3848 in
3227 3795 3512 3850 Thraciam
3549 3799 3615 3850 ad
3669 3811 3799 3851 san-

2231 3905 2378 3950 ctum
2429 3892 2718 3947 Eusebium
2784 3888 3193 3946 contendebat:
3228 3887 3367 3942 unde
3414 3887 3649 3942 Basilius
3689 3905 3798 3943 non

2234 3989 2440 4042 dubitat
2467 3988 2594 4055 quin
2653 3986 2847 4040 iterum
2900 3981 3199 4051 scripturus
3226 3987 3371 4034 esset
3403 3976 3803 4034 Samosatensi-

2237 4078 2335 4130 bus
2360 4077 2641 4129 Eusebius.

2309 4167 2423 4222 Non
2471 4181 2535 4220 eo
2579 4175 2865 4220 contentus
2909 4163 3121 4216 videtur
3157 4161 3322 4216 fuisse
3367 4170 3588 4216 sanctus
3632 4159 3805 4214 Euse-

2238 4259 2378 4320 bius,
2408 4267 2466 4312 ut
2494 4259 2684 4312 litteris
2717 4257 2830 4309 suis
2862 4262 3168 4308 nascentem
3218 4253 3270 4308 in
3305 4253 3544 4310 Ecclesia
3568 4267 3663 4308 sua
3690 4253 3807 4306 dis-

2239 4350 2471 4402 cordiam
2519 4350 2917 4416 exstingueret;
2949 4347 3042 4401 sed
3087 4346 3251 4402 etiam
3288 4361 3349 4400 ea
3387 4359 3547 4398 causa
3587 4344 3804 4398 videtur

2239 4441 2558 4494 Antiochum
2591 4437 2773 4492 fratris
2801 4437 2967 4490 lilium
2994 4438 3223 4492 misisse.
3258 4436 3411 4490 Hunc
3437 4435 3581 4490 enim
3613 4435 3805 4492 Samo-

2241 4532 2368 4585 satis
2399 4532 2707 4585 redeuntem
2733 4529 3032 4584 videbimus
3061 4545 3202 4583 anno
3234 4527 3365 4591 576,
3392 4526 3537 4580 circa
3570 4541 3798 4582 vernum

2245 4632 2474 4692 tempus,
2498 4635 2562 4675 ex
2588 4635 2695 4691 quo
2721 4623 3003 4689 conjicitur
3025 4623 3122 4676 has
3147 4620 3508 4675 dissensiones
3535 4635 3676 4674 anno
3698 4621 3806 4674 375

2241 4713 2507 4768 evenisse.
2546 4710 2658 4765 lluc
2690 4713 2896 4766 accedit
2925 4711 3090 4779 quod,
3123 4725 3243 4764 cum
3283 4709 3481 4775 scripta
3510 4719 3593 4763 est
3622 4708 3805 4761 Basilii

2240 4805 2307 4858 ad
2347 4805 2750 4859 Samosatenses
2773 4802 3018 4872 epistola,
3047 4801 3156 4870 jam
3194 4801 3494 4855 immineret
3521 4801 3808 4868 Cappado-

2244 4899 2340 4950 cia:
2366 4895 2680 4963 gravissima
2717 4903 3027 4962 tempestas,
3063 4901 3119 4946 ut
3151 4893 3281 4946 satis
3317 4893 3516 4946 indicat
3547 4888 3804 4954 Basilius,

2245 4985 2333 5053 qui
2375 4998 2434 5037 se
2467 4983 2668 5037 idcirco
2701 4982 2979 5037 Samosata
3016 4996 3119 5036 non
3154 4983 3364 5036 venisse
3397 4980 3524 5034 dicit
3559 4979 3655 5050 (ιι.
3696 4981 3808 5051 l):

2250 5073 2387 5139 Quia
2418 5073 2470 5124 id
2503 5085 2732 5141 tempora
2764 5089 2863 5126 non
2894 5073 3091 5125 sinunt.
3125 5069 3215 5127 Sic
3241 5075 3403 5125 etiam
3430 5085 3549 5124 cum
3580 5069 3656 5122 ait
3684 5087 3698 5123 :
3733 5072 3810 5126 Eo

2249 5166 2387 5234 quod
2416 5165 2585 5217 adhuc
2611 5180 2907 5217 concessum
2934 5163 3025 5228 ait,
3058 5172 3110 5215 ut
3142 5162 3284 5216 vobis
3310 5163 3577 5238 propiores
3623 5163 3810 5228 simus,

2252 5256 2334 5310 his
2369 5255 2545 5309 verbis
2580 5256 2718 5308 inest
2747 5270 2852 5308 non
2884 5255 3112 5308 obscura
3143 5253 3317 5309 exsilii
3359 5254 3715 5322 exspectatio.

2328 5345 2422 5399 Vix
2454 5359 2631 5400 autem
2671 5345 2887 5399 dubium
2919 5357 3001 5400 est
3032 5348 3159 5415 quin
3197 5347 3332 5401 hanc
3377 5345 3557 5398 Basilii
3607 5347 3812 5413 epistoo

2253 5434 2358 5488 lam
2401 5436 2452 5488 iu
2485 5435 2760 5490 Orientem
2798 5435 3080 5504 pertulerit
3133 5436 3271 5490 idem
3323 5435 3572 5498 Aeacius,
3605 5439 3696 5506 qui
3734 5435 3812 5505 (τ)

2253 5536 2307 5580 et
2349 5528 2508 5580 trium
2558 5527 2786 5580 aliarum
2835 5526 3044 5597 bajulus
3084 5526 3203 5584 fuit.
3258 5527 3308 5584 ls
3353 5538 3471 5584 erat
3507 5526 3813 5595 Ctesareae,

2333 5705 2403 5777 (ε)
2445 5705 2539 5774 Ep.
2570 5704 2688 5759 2l5.
