4038 6444
1600 344 1757 400 νιΤΑ
1798 345 1858 401 S.
1896 344 2156 399 BASlLll.

3281 361 3524 406 CXXIV“.

260 486 387 529 cum
420 456 651 523 Basilius
681 467 838 523 rediit
866 483 895 522 e
920 466 1125 530 Ponto,
1158 464 1248 535 qui
1283 478 1402 519 eum
1446 479 1565 518 eum
1597 465 1737 533 apud
1778 478 1835 518 se
1865 470 1911 526 Α
1940 464 2237 518 clarissima
2271 462 2387 519 luce
2428 472 2482 517 et
2518 463 2756 518 omnium
2800 464 2969 520 oculis
3002 474 3316 535 exponeret.
3353 465 3501 521 llauc

266 561 581 631 aliquandiu
616 560 814 612 habere
854 560 1032 625 vellet,
1069 558 1238 612 noluit
1272 572 1442 625 usque
1486 559 1551 610 ad
1590 557 1703 623 ejus
1744 572 1830 609 re-

264 654 438 707 ditum
492 650 706 707 dill'erre
752 650 979 715 litteras,
1028 666 1161 719 quas
1204 648 1457 705 Terentio
1510 650 1719 718 magnis
1766 650 1833 704 de

267 748 434 800 rebus
462 745 751 799 scribebat.
784 743 977 798 Missus
1012 743 1111 795 fuit
1142 740 1369 795 Aeacius
1410 755 1531 795 cmn
1566 742 1834 795 nonnullis

266 838 388 892 aliis
419 852 484 891 ex
512 838 697 890 eodem
726 834 889 897 clero,
920 848 982 886 ac
1017 833 1224 887 litteras
1254 833 1504 909 Ecclesia:
1529 832 1834 887 Bermensis

265 930 448 984 attulit
478 928 695 981 Basilio.
732 926 895 993 Hujus
928 927 1075 977 urbis
1110 926 1395 995 episcopus
1430 934 1547 978 erat
1582 922 1832 980 Theodo-

269 1032 374 1086 tus,
412 1020 478 1073 ad
524 1034 684 1089 quem
718 1031 877 1086 supra
905 1026 1081 1070 exstat
1116 1014 1295 1069 Basilii
1328 1015 1574 1083 epistola,
1618 1016 1709 1069 sed
1750 1017 1829 1080 is,

266 1122 326 1165 ut
357 1110 513 1164 multi
554 1110 642 1163 alii
681 1108 1043 1169 confessores,
1081 1107 1133 1160 in
1175 1106 1363 1160 exsilio
1400 1106 1590 1173 agebat
1622 1125 1636 1161 :
1666 1107 1834 1175 siqui-

266 1204 388 1257 dem
421 1202 562 1256 nulla
592 1201 733 1255 illius
762 1199 960 1253 mentio
986 1201 1037 1252 in
1064 1198 1145 1252 bis
1172 1198 1378 1251 duabus
1407 1198 1624 1251 litteris.
1656 1199 1836 1253 Pasto-

267 1296 344 1348 ris
393 1292 638 1347 ahsentia
692 1291 822 1344 nihil
866 1289 1069 1359 proluit
1122 1290 1259 1358 lupis
1309 1290 1374 1341 ad
1420 1289 1830 1357 dispergentlum

266 1401 507 1455 gregem.
554 1382 687 1437 Nam
720 1398 929 1437 summa
976 1382 1169 1437 enituit
1209 1391 1264 1434 et
1307 1380 1433 1435 cleri
1477 1390 1532 1432 et
1574 1379 1749 1449 populi
1782 1389 1836 1435 et

268 1480 677 1546 magistratuum
710 1473 788 1543 (ιι)
826 1476 879 1527 in
914 1472 1306 1527 certaminibus
1334 1473 1573 1541 quotidie
1604 1487 1699 1540 pro
1732 1471 1836 1526 llde

266 1567 536 1621 obeundis
563 1567 887 1629 constantia,
912 1579 1125 1619 summa
1153 1567 1207 1617 in
1231 1567 1485 1618 omnibus
1514 1565 1674 1618 rebus
1706 1580 1835 1619 con-

263 1656 450 1711 cordia
481 1672 495 1708 :
528 1670 647 1723 qua:
679 1670 801 1708 cum
836 1653 1066 1709 Basilius
1098 1656 1441 1722 cognovisset
1480 1668 1547 1709 ex
1588 1665 1835 1708 sermone

261 1746 448 1800 Acacii
506 1754 560 1800 et
602 1745 800 1799 litteris
845 1743 1100 1799 Ecclesiae
1146 1744 1476 1810 Bermensis,
1530 1747 1723 1798 mirum
1781 1745 1831 1798 in

263 1839 486 1893 modum
514 1837 652 1893 hanc
686 1835 987 1891 Ecclesiam
1015 1836 1227 1891 beatam
1254 1836 1582 1904 praadicavit,
1613 1849 1675 1890 ac
1701 1835 1829 1888 dua-

264 1929 370 1984 bus
406 1929 669 1998 epistolis,
706 1944 933 1999 quarum
977 1929 1148 1997 prima
1193 1928 1259 1978 ad
1290 1926 1515 1991 clerum,
1553 1925 1721 1981 altera
1764 1926 1831 1980 ad

262 2023 476 2093 plebem
511 2022 710 2091 scripta
745 2031 850 2087 est,
883 2022 949 2074 ad
983 2018 1438 2087 perseverantiam
1463 2033 1556 2073 eos
1585 2019 1832 2073 hortatus

260 2124 369 2171 εκ.

338 2206 550 2273 Scripta
587 2203 639 2256 in
668 2201 912 2255 eamdem
960 2201 1310 2267 sententiam,
1354 2215 1417 2254 ac
1469 2204 1656 2256 eodem
1698 2210 1835 2256 tem-

264 2312 415 2367 pore,
446 2294 527 2348 vel
558 2292 735 2362 potius
765 2306 860 2361 per
896 2294 1089 2362 ipsum,
1128 2304 1186 2347 ut
1230 2294 1522 2349 verisimile
1560 2303 1663 2354 est,
1692 2295 1833 2345 Aca-

264 2390 407 2441 cium
441 2386 603 2439 missa
634 2383 859 2454 epistola
881 2382 987 2437 222
1022 2384 1088 2438 ad
1136 2385 1537 2439 Chalcidenses.
1572 2384 1664 2439 Ait
1689 2384 1833 2436 enim

269 2477 499 2530 Basilius
522 2491 581 2530 se
606 2478 841 2543 acceptis
865 2490 1049 2530 eorum
1076 2476 1268 2529 litteris
1296 2477 1591 2543 respirasse
1616 2488 1677 2527 ex
1710 2488 1838 2527 con-

271 2568 433 2623 tinuis
463 2570 870 2633 tentationibus,
902 2576 957 2621 et
988 2568 1345 2623 certaminum
1390 2569 1671 2630 memoria,
1716 2580 1836 2635 qua

270 2676 369 2731 pio
422 2662 527 2716 ﬁde
573 2660 952 2716 Chalcidenses
996 2662 1381 2725 sustinuerant,
1428 2661 1835 2713 corroboratum

269 2770 391 2808 esse
437 2755 503 2807 ad
544 2754 875 2821 pr0positum
910 2764 1183 2807 certamen
1229 2751 1438 2805 fortiter
1480 2748 1834 2804 subeundum.

270 2845 572 2908 Enimvero,
601 2846 771 2913 inquit
796 2885 812 2911 ,
833 2846 1130 2898 incendium
1152 2847 1288 2912 quod
1310 2845 1577 2910 plerasque
1605 2840 1837 2901 Orientis

268 2946 441 3005 partes
471 2936 779 2998 devastatvit,
807 2935 963 3001 serpit
981 2935 1095 2999 jam
1126 2945 1172 2984 et
1202 2932 1256 2983 in
1291 2946 1518 2985 nostrum
1552 2937 1834 3003 regionem,

269 3041 373 3081 etc.
408 3026 521 3080 Non
552 3038 774 3096 pas-sunt
800 3028 910 3077 lure
940 3023 1128 3076 relerri
1154 3024 1221 3076 ad
1247 3038 1364 3077 eam
1389 3028 1833 3095 persecutionem,

269 3134 429 3183 quam
460 3117 655 3169 Valens
686 3116 736 3166 in
761 3112 1097 3183 Cappadocia
1128 3116 1309 3169 multis
1331 3120 1439 3185 jam
1467 3119 1684 3173 vastatis
1709 3137 1832 3189 pro-

270 3209 484 3269 vinclis,
532 3220 674 3259 anno
717 3205 812 3258 371
863 3208 1125 3259 exercuit.
1174 3206 1325 3262 Tunc
1362 3210 1506 3263 enim
1540 3213 1843 3279 persecutio

270 3316 335 3355 ex
405 3299 540 3352 lucis
588 3297 1106 3365 Constantinopolim
1156 3298 1295 3353 inter
1350 3310 1404 3354 et
1448 3300 1841 3370 Cappadociam

272 3390 599 3460 interjectis,
638 3404 741 3443 non
768 3430 782 3455 ,
819 3399 877 3442 ut
913 3390 1014 3442 hoc
1042 3404 1182 3441 anno
1208 3391 1335 3453 375,
1364 3406 1428 3444 ex
1470 3390 1690 3445 Oriente
1717 3407 1841 3461 gra-

280 3484 549 3537 liebatur.
595 3481 788 3533 Mirum
830 3490 1009 3533 autem
1045 3480 1211 3531 videri
1250 3496 1351 3534 non
1388 3481 1543 3533 debet
1590 3497 1688 3532 cur
1725 3483 1845 3537 duas

272 3573 644 3642 praecedentes
688 3570 879 3621 litterae
921 3568 1054 3621 nihil
1102 3568 1332 3621 habeant
1381 3570 1444 3622 de
1492 3580 1741 3639 serpente
1792 3572 1842 3625 in

272 3662 668 3731 Cappadociam
717 3659 1112 3727 persecutione.
1172 3658 1305 3711 Nam
1358 3674 1477 3712 cum
1541 3660 1847 3718 Bertnensis

272 3754 529 3808 Ecclesia!
557 3752 837 3823 presbyter
861 3759 1002 3807 esset
1034 3753 1264 3807 Aeacius
1290 3795 1303 3814 ,
1342 3755 1561 3807 dubium
1590 3771 1696 3809 non
1729 3765 1846 3810 erat

270 3847 403 3915 quin
434 3844 819 3899 Bonnensibus
860 3845 1137 3899 nuntiaret
1161 3859 1279 3913 qua:
1308 3845 1360 3897 in
1392 3845 1728 3914 Cappadocia
1762 3848 1844 3901 vi—

271 3939 451 3998 derat,
484 3950 585 3990 nec
627 3936 848 4005 proinde
875 3951 1094 3989 necesse
1123 3947 1242 3989 erat
1272 3937 1452 3989 omnia
1491 3937 1694 3990 chartis
1718 3952 1847 3991 con-

271 4045 514 4105 signare.

799 4096 1023 4153 CAPUT
1068 4096 1307 4151 XXXIV.

274 4194 317 4248 Ι.
351 4191 549 4247 Scribit
578 4199 789 4244 sanctus
818 4189 1336 4259 Basiliusgadversus
1371 4188 1706 4244 Eustathium
1731 4191 1825 4259 epi-

346 4264 510 4317 stolas
546 4261 652 4314 223
685 4269 728 4310 et
760 4259 883 4311 224.
944 4259 1005 4312 ll.
1046 4257 1411 4312 Demosthenes
1441 4261 1670 4314 vicarius
1704 4257 1849 4315 Pon-

352 4336 473 4386 tica:
519 4330 803 4384 Ecclesium
829 4332 1181 4395 persequitur.
1229 4328 1523 4381 Concilium
1574 4332 1848 4383 hwrelico~

354 4419 473 4454 rum
510 4402 730 4469 Ancyra:
767 4399 937 4469 cogit.
968 4397 1249 4468 Gregorius
1293 4397 1565 4469 Nyssenus
1611 4415 1638 4451 e
1678 4402 1848 4452 mani-

1932 557 2073 610 enim
2104 554 2332 608 Basilius
2365 555 2641 622 rumpendi
2682 555 2877 609 silentii
2907 570 3123 611 causam
3156 556 3413 612 habuisse
3436 572 3497 613 se

1934 646 2085 707 dicit,
2112 644 2255 714 quod
2296 644 2499 699 videret
2533 641 2607 714 (ὁ)
2649 644 2979 697 inimicitiam
3021 644 3180 698 simul
3216 661 3332 699 cum
3371 656 3501 701 teut-

1932 755 2056 807 pore
2083 739 2345 809 progredi,
2379 754 2469 791 nec
2496 738 2613 790 illos
2642 738 2889 801 poenitere
2907 754 3089 793 eorum
3113 755 3225 807 qua
3252 741 3316 792 ob
3346 741 3499 795 initio

1935 832 2203 897 dixerunt,
2246 847 2337 885 nec
2370 832 2628 899 quomodo
2669 835 2935 898 praeterita
2970 840 3177 894 sonent,
3218 832 3501 901 cogitatio-

1937 941 2052 977 nem
2084 924 2243 976 ullam
2270 925 2551 991 suscipere,
2581 926 2671 980 sed
2704 939 2833 977 noua
2858 939 3015 991 opera
3044 933 3092 977 et
3129 923 3270 993 facto
3294 924 3500 994 agmine

1937 1016 1993 1067 in
2028 1014 2082 1067 id
2114 1015 2429 1079 incumbere,
2466 1016 2604 1085 quod
2636 1015 2738 1068 sibi
2787 1015 2852 1068 ab
2884 1016 3033 1068 initio
3070 1031 3407 1083 proposuere,
3440 1024 3499 1070 ut

1939 1106 2098 1158 vitam
2129 1106 2293 1173 ipsius
2333 1107 2560 1177 aﬂigant
2600 1118 2647 1161 et
2682 1109 3118 1164 existimationem
3142 1112 3281 1178 apud
3310 1110 3499 1180 fratres

1938 1197 2182 1265 artificiis
2210 1200 2321 1251 suis
2366 1201 2744 1256 contaminent.
2783 1200 2952 1267 Quam
2983 1202 3141 1271 iusta:
3168 1202 3277 1257 sint
3311 1203 3495 1261 Basilii

1934 1290 2168 1358 querelae
2212 1290 2366 1345 testis
2404 1302 2488 1344 est
2523 1293 2829 1347 Dazimonis
2878 1294 3043 1362 regio,
3091 1294 3143 1348 in
3176 1308 3278 1362 qua
3312 1295 3502 1351 Eusta-

1940 1383 2085 1436 thius
2135 1382 2333 1436 multos
2388 1396 2416 1436 a
2473 1381 2658 1435 Basilii
2708 1384 3089 1437 communione
3135 1384 3495 1442 abstraxerat.

1939 1471 2279 1525 Metuentlum
2310 1481 2430 1525 erat
2460 1486 2525 1525 ne
2552 1471 2815 1538 ejusmodi
2848 1481 2992 1525 artes
3018 1470 3309 1527 valerrimo
3343 1474 3496 1544 inge-

1938 1568 2027 1617 nio
2064 1564 2114 1617 iu
2156 1564 2278 1617 aliis
2321 1564 2454 1618 locis
2499 1565 2866 1617 succederent.
2902 1561 3085 1631 Itaque
3125 1562 3325 1618 silentii
3352 1579 3502 1618 rum-

1936 1655 2095 1722 pendi
2128 1664 2339 1723 tempus
2367 1670 2489 1710 esse
2524 1655 2961 1709 animadvertens
2992 1652 3245 1720 Basilius,
3284 1656 3503 1726 scripsit

1938 1747 2199 1800 adversus
2249 1746 2589 1801 Eustathium
2638 1747 2919 1815 epistolam
2960 1746 3087 1813 223,
3142 1748 3191 1801 in
3239 1761 3345 1817 qua
3391 1763 3504 1803 suae

1939 1850 2060 1889 cum
2089 1835 2178 1890 illo
2205 1834 2599 1904 coniunctionis
2618 1836 2880 1905 originem
2907 1838 3119 1906 repetit,
3145 1837 3341 1891 violata
3366 1838 3503 1891 ami-

1939 1930 2081 1984 citia:
2105 1928 2226 1996 jura
2260 1930 2527 1998 queritur,
2564 1928 2717 1983 ﬁctas
2745 1939 2799 1983 et
2829 1928 3018 1983 inanes
3048 1929 3341 1984 inimicitiae
3373 1944 3502 1985 cau-

1940 2037 2029 2077 sas
2056 2020 2274 2084 relellit,
2310 2034 2371 2073 ac
2399 2020 2761 2074 certissimam
2798 2018 2957 2088 hujus
3002 2020 3077 2074 rei
3120 2034 3340 2075 causam
3381 2034 3503 2076 esse

1942 2115 2297 2178 demonstrat,
2341 2110 2577 2167 studium
2637 2112 2823 2179 gratim
2888 2111 3028 2180 apud
3089 2112 3373 2167 hmreticos
3423 2112 3506 2168 in-

1940 2205 2144 2259 cunilae.

2012 2292 2223 2363 Scripta
2255 2307 2360 2347 non
2396 2291 2565 2348 multo
2594 2299 2715 2361 post
2742 2290 2808 2346 ad
2847 2290 3185 2346 Genethlium
3220 2295 3502 2366 presbyte-

1946 2400 2061 2438 rum
2099 2385 2346 2451 epistola,
2373 2384 2463 2453 qui
2492 2399 2551 2438 se
2578 2400 2698 2439 cum
2730 2384 2926 2439 Basilio
2952 2386 3155 2439 sentire
3182 2400 3276 2455 per
3299 2386 3507 2444 litteras

1944 2479 2364 2548 signiﬁcaverat,
2393 2488 2447 2532 et
2490 2478 2697 2547 repudii
2728 2478 2962 2531 libellum
3004 2479 3272 2534 Eustathii
3302 2482 3497 2536 adver-

1944 2587 2037 2625 sus
2092 2570 2350 2625 Basiliam
2397 2570 2596 2640 scripta
2652 2569 3033 2640 appellaverat.
3087 2570 3312 2625 Brevius
3361 2575 3507 2641 cogit

1944 2661 2171 2715 Basilius
2205 2675 2323 2729 quae
2359 2660 2412 2713 in
2443 2659 2722 2729 superiore
2752 2658 2980 2722 epistola
3016 2659 3349 2714 disseruerat
3375 2666 3509 2717 ube-

1945 2755 2077 2815 rius,
2117 2766 2342 2821 eamque
2389 2750 2787 2805 satisl‘acturam
2846 2760 3051 2816 monet,
3102 2751 3145 2806 si
3189 2752 3311 2820 quis
3356 2754 3509 2822 plura

1944 2843 2235 2898 desideret.

2019 2935 2315 3003 Utramque
2356 2932 2639 3003 epistolam
2691 2944 2817 2987 ante
2850 2932 3188 2986 manifestam
3238 2932 3508 2991 Eustathii

1946 3043 2068 3082 cmn
2125 3028 2345 3081 Atiauis
2395 3026 2849 3094 coujuuctiouem,
2911 3026 3277 3080 collocandam
3335 3027 3502 3094 duxi,

1871 3162 1913 3218 ϐ
1948 3119 2191 3187 quamvis
2221 3117 2567 3170 Tillemontio
2608 3133 2763 3171 secus
2786 3118 3049 3171 videatur.
3084 3116 3253 3187 llujus
3287 3118 3510 3186 conju't-

1948 3208 2163 3270 ctionis,
2191 3222 2308 3276 quae
2351 3206 2675 3261 uberrimam
2706 3208 2961 3275 arguendi
3012 3208 3277 3262 Eustathii
3332 3220 3509 3264 mate-

1950 3292 2081 3352 Fiam
2132 3300 2295 3360 dedit,
2330 3298 2469 3350 milia
2506 3314 2726 3366 prorsus
2764 3302 2963 3353 mentio
2996 3300 3049 3353 in
3095 3301 3178 3354 his
3221 3300 3467 3369 epistolis
3494 3342 3507 3367 ,

1946 3387 2193 3456 quamvis
2224 3386 2405 3440 nullihi
2428 3388 2605 3455 aptius
2634 3388 2747 3441 lieri
2778 3391 3015 3458 potuisse
3047 3391 3311 3449 videatur.
3346 3406 3508 3459 quam

1950 3478 2001 3530 in
2031 3476 2255 3545 epistola
2282 3478 2407 3543 225,
2435 3494 2535 3530 non
2563 3479 2627 3532 ad
2650 3494 2813 3532 unum
2842 3478 3071 3546 aliquem
3102 3480 3393 3545 hominem,
3417 3484 3510 3535 sed

1949 3569 2014 3622 ad
2041 3568 2298 3637 plurimas
2332 3569 2599 3623 Ecelesias
2649 3572 2833 3625 missa.
2868 3573 2980 3625 Non
3012 3572 3179 3624 utitur
3220 3572 3323 3627 hoc
3353 3587 3510 3641 argu-

1950 3672 2151 3726 mento,
2186 3676 2306 3714 eum
2352 3660 2614 3713 Eustathii
2653 3663 3065 3716 inconstantiam
3097 3663 3309 3732 probat,
3336 3665 3429 3718 sed
3462 3664 3510 3718 ei

1950 3763 2152 3809 tantum
2183 3751 2368 3820 objicit
2401 3751 2472 3820 (c)
2520 3750 2803 3805 formulam
2839 3752 2959 3806 lidei
2994 3755 3246 3806 traditam
3277 3752 3509 3808 Gelasio.

1947 3847 2084 3913 Quin
2111 3845 2273 3899 etiam
2310 3844 2386 3914 (tl)
2418 3844 2465 3898 ei
2511 3859 2614 3897 non
2658 3844 2817 3898 audet
2841 3846 3053 3899 crimini
3088 3855 3316 3909 vertere,
3360 3845 3502 3913 quod

1946 3940 2058 3993 Arii
2092 3937 2404 4005 discipulus,
2436 3948 2485 3990 et
2515 3938 2674 3998 Aetii,
2705 3951 2797 3989 seu
2831 3938 3009 4006 potius
3040 3936 3204 3997 Aerii,
3240 3938 3495 4006 magister

1949 4030 2160 4083 luisset.
2196 4030 2300 4082 Sed
2327 4028 2465 4096 quod
2495 4042 2603 4079 rem
2629 4042 2951 4095 causamque
2982 4029 3215 4080 maxime
3249 4030 3510 4092 continet,

1949 4121 2184 4177 studium
2210 4120 2450 4190 placendi
2480 4116 2871 4189 potentioribus
2902 4117 3113 4171 Arianis
3143 4132 3249 4170 non
3273 4118 3512 4187 exagitat

1950 4212 2180 4267 Basilius
2212 4214 2262 4266 in
2300 4212 2598 4276 Eustathio,
2646 4219 2704 4263 ut
2736 4225 2844 4263 rem
2873 4209 3112 4263 omnium
3141 4210 3312 4263 oculis
3343 4219 3509 4263 testa-

1951 4314 2081 4369 tam,
2115 4306 2208 4359 sed
2239 4315 2295 4357 ut
2325 4304 2567 4357 morbum
2600 4304 2841 4369 pluribus
2877 4302 3145 4355 occultum
3172 4302 3369 4371 detegit
3402 4316 3506 4354 non

1949 4403 2065 4454 sine
2089 4401 2263 4469 aliqua
2306 4398 2647 4453 verecundia.
2679 4398 2769 4450 Sic
2795 4396 2934 4449 enim
2962 4396 3199 4463 loquitur
3223 4397 3324 4450 sub
3348 4396 3508 4449 tinem

350 4473 446 4557 bus
496 4468 1003 4557 ,ειιιεηὲιιιιιμίιςξίιἸ
1038 4469 1251 4557 ejusque
1284 4468 1443 4551 causa
1482 4469 1837 4557 sc'ribitnBosi-

1944 4468 2183 4557 epistolae
2212 4486 2318 4539 223
2348 4501 2363 4538 :
2399 4487 2463 4538 At
2505 4494 2637 4539 enim
2694 4485 2912 4554 epistola
2956 4485 3301 4553 separationis
3348 4502 3511 4540 causa

350 4541 455 4592 lius
487 4542 838 4595 Demostheni.
869 4540 948 4590 ΙΙΙ.
980 4537 1199 4590 Interest
1228 4541 1350 4592 huic
1382 4540 1602 4592 concilio
1644 4536 1840 4593 Eusta-

350 4610 511 4661 thius.
538 4611 729 4663 Scribit
755 4608 982 4661 Basilius
1006 4607 1249 4662 adversus
1273 4627 1389 4662 eum
1414 4608 1687 4677 epistolam
1715 4610 1837 4663 226.

354 4677 445 4735 IV.
482 4678 817 4743 Euphronius
850 4677 1176 4732 Coloniensis
1211 4682 1277 4731 ad
1308 4676 1478 4733 sedem
1520 4676 1843 4739 Nicopolim-

352 4763 477 4806 nam
527 4751 779 4817 evehitur.
812 4749 1052 4811 Quatuor
1083 4762 1143 4798 eo
1183 4750 1245 4799 de
1279 4767 1333 4801 re
1363 4751 1597 4817 epistola:
1628 4747 1841 4817 Basilii.

355 4821 421 4874 ν.
455 4818 615 4871 Aliud
652 4816 840 4886 Nyssa:
866 4819 1140 4872 concilium
1164 4817 1548 4872 liwretic0t'um.
1586 4818 1671 4871 Vl.
1706 4816 1842 4871 Pro-

354 4896 512 4944 batur
538 4897 811 4956 utramque
836 4892 1091 4959 synodum
1121 4900 1241 4940 ante
1260 4905 1453 4941 annum
1481 4889 1583 4943 576
1610 4889 1841 4944 habitam

354 4963 383 5033 ί
381 4964 537 5015 uisse.

355 5053 395 5107 Ι.
441 5052 716 5106 llactenus
761 5052 971 5103 tacebat
1023 5050 1273 5115 Basilius,
1333 5066 1452 5103 cum
1505 5050 1843 5107 Eustathium

279 5144 573 5213 cpprobria
630 5150 1028 5196 recantaturum
1084 5152 1345 5207 speraret,
1402 5158 1467 5196 ac
1514 5144 1847 5212 ignoratione

282 5235 457 5305 magis
478 5234 721 5288 veritatis
750 5246 907 5301 quam
935 5232 1137 5285 malitia
1166 5245 1420 5302 peccasse
1445 5235 1709 5287 crederet.
1743 5234 1849 5288 Sed

284 5326 505 5379 tandem
552 5324 665 5393 ipse
697 5323 1029 5384 Eustathius,
1067 5325 1280 5377 cumqu
1321 5323 1589 5391 prioribus
1642 5324 1847 5379 [acino-

286 5417 439 5471 ribus
468 5416 671 5477 addito.
704 5416 844 5470 hanc
870 5417 918 5471 ei
949 5417 1326 5470 necessitatem
1357 5414 1627 5483 imposuit,
1668 5426 1726 5470 ut
1763 5419 1845 5471 in-

282 5504 591 5561 nocentiam
642 5520 793 5557 suam
818 5514 871 5560 et
903 5504 1336 5559 adversariorum
1363 5503 1759 5571 improbitatem
1794 5506 1845 5559 in

356 5691 435 5758 (η)
476 5690 646 5757 Epist.
680 5690 784 5744 220
820 5697 871 5744 et
901 5692 1025 5747 221.

353 5762 429 5829 (ι)
471 5761 571 5828 Ep.
601 5758 723 5825 2‘23,
758 5779 812 5815 ιι.
850 5764 895 5812 1.

1948 4598 2049 4633 non
2092 4589 2167 4632 est
2196 4594 2211 4631 :
2240 4596 2412 4633 verum
2463 4578 2569 4631 alia
2618 4589 2691 4629 est
2743 4578 3119 4645 disjunctionis
3158 4579 3315 4642 ratio,
3356 4595 3516 4647 quant

1950 4673 2188 4740 equidem
2218 4672 2408 4738 referre
2432 4670 2748 4721 verecundor
2773 4685 2833 4721 ac
2875 4684 3077 4738 semper
3104 4671 3382 4733 siluissem,
3412 4672 3515 4725 nisi

1945 4780 2006 4818 ea
2046 4781 2161 4834 qua:
2195 4779 2331 4815 nunc
2368 4772 2510 4830 gesta
2546 4772 2690 4825 sunt,
2741 4764 3093 4816 necessitatem
3136 4764 3263 4815 mihi
3302 4763 3513 4816 attulis-

1949 4870 2057 4910 sent
2106 4857 2264 4908 totius
2305 4870 2483 4906 eorum
2535 4854 2739 4907 consilii
2800 4855 2861 4907 ob
2907 4856 3186 4907 multorum
3237 4852 3516 4908 utilitatem

1955 4947 2119 4999 oculis
2175 4946 2485 5013 exponendi.
2536 4943 2917 4998 Existimorunt
2966 4945 3087 4995 boni
3140 4944 3238 4998 tiri
3287 4947 3509 5016 impedi-

1957 5050 2127 5091 mento
2162 5039 2260 5090 sibi
2293 5054 2401 5090 esse
2428 5036 2496 5090 ad
2522 5037 2957 5105 recuperationem
2984 5038 3259 5104 potestatis
3282 5053 3517 5090 comatu-

1954 5131 2161 5183 nionem
2209 5138 2509 5182 nostram...
2556 5126 2637 5179 Ne
2683 5129 2805 5195 quid
2840 5142 2905 5179 ea:
2944 5126 3039 5180 illa
3083 5128 3402 5194 confessione
3441 5130 3521 5182 vi-

1953 5222 2163 5274 deretur
2189 5220 2291 5273 illis
2318 5219 2666 5286 impedimenti
2693 5233 2984 5283 occurrere,
3005 5218 3283 5288 quominus
3312 5220 3375 5272 ab
3405 5223 3508 5285 his,

1950 5316 2039 5381 qui
2088 5327 2225 5365 nunc
2272 5312 2633 5371 dominantur,
2661 5310 3057 5377 suscipiantur;
3106 5312 3513 5364 communionem

1954 5404 2099 5457 nobis
2133 5402 2517 5455 renuntiarunt.
2554 5387 2645 5454 llis
2669 5414 2798 5469 ergo
2825 5402 3022 5465 verbis,
3046 5416 3161 5469 qua:
3195 5417 3331 5454 nunc
3368 5412 3513 5469 gesta

1954 5510 2095 5566 sunt,
2129 5514 2231 5552 nou
2265 5494 2548 5551 manifesta
2588 5509 2711 5547 eum
2753 5493 2965 5547 Ariauis
3013 5491 3347 5560 eonjunctio,
3382 5490 3510 5558 sed,

2031 5685 2104 5753 (c)
2147 5684 2243 5753 Ep.
2277 5683 2400 5745 224,
2434 5700 2483 5734 η.

2030 5750 2107 5825 (ά)
2277 5753 2400 5817 2'23,
2434 5769 2485 5804 ιι.
2519 5750 2573 5802 5.
