4038 6464
537 369 773 428 αιιιγιιί

1869 361 2396 417 PBOLEGUMENA.

536 492 598 536 ut
650 481 810 535 initio
842 478 1103 551 epistolae,
1147 479 1271 537 novi
1320 478 1582 532 Eustathii
1639 482 1704 531 ad
1760 480 2096 548 alliigendam
2128 491 2171 543 Α
2203 497 2264 534 ac
2296 490 2549 550 praeterea
2590 494 2776 535 renum
2818 479 3129 535 infirmitate
3161 481 3230 535 ob
3272 481 3549 535 collectum
3584 482 3753 552 frigus

536 574 720 635 Basilii
751 573 915 627 vitam
950 580 1177 627 conatus
1213 570 1545 634 indicantur,
1574 585 1639 624 ex
1673 572 1867 640 quibus
1903 565 2095 626 Eusta-

542 665 636 719 thii
680 664 961 719 consilium
994 663 1271 721 evidenter
1301 663 1550 733 cognosci
1589 663 1643 718 in
1680 664 1921 733 epistolae
1949 664 2097 720 clau-

540 753 659 820 aula
682 754 938 815 declarat,

612 844 677 904 ll.
707 845 949 903 Providit
973 843 1117 901 velut
1143 859 1210 899 ex
1234 844 1468 915 quadam
1494 843 1976 915 speculaBasilius
2004 848 2098 900 im-

543 935 836 1001 minentem
873 934 1233 1004 Cappadociae-
1268 946 1323 988 et
1368 937 1559 990 vicinis
1605 936 1863 991 Ecclesiis
1896 947 2101 1006 tempe-

541 1038 755 1081 statem.
784 1025 913 1081 Nam
959 1027 1013 1080 in
1044 1026 1270 1096 epistola
1295 1026 1423 1089 221,
1460 1044 1619 1097 quam
1651 1027 2097 1083 Chalcidensibus

536 1132 645 1171 non
677 1118 841 1171 multo
880 1128 997 1190 post
1032 1118 1261 1171 reditum
1309 1133 1374 1171 ex
1423 1117 1591 1171 Ponto
1633 1118 1872 1185 scripsit,
1906 1119 2094 1172 incen-

535 1209 706 1274 dium,
740 1212 878 1278 quod
923 1212 1206 1280 plerasque
1232 1210 1468 1265 Orientis
1498 1210 1767 1264 Ecclesias
1813 1212 2095 1278 depastum

538 1300 732 1362 fuerat,
759 1299 869 1374 jam
903 1299 954 1354 in
990 1298 1380 1372 Cappadociam
1412 1316 1627 1369 serpere
1662 1300 1948 1370 significat.
1975 1300 2096 1353 Pri-

534 1405 680 1443 mum
703 1390 780 1462 (a)
828 1400 885 1445 et
936 1392 1229 1445 maximqu
1278 1393 1633 1462 Cappadocia:
1679 1393 1955 1447 malorum
1994 1393 2096 1448 fuit

534 1482 773 1534 vicarius
801 1479 1210 1548 Demosthenes,
1244 1496 1350 1549 quo
1385 1491 1561 1535 tamen
1593 1482 1955 1551 gubernacula
1993 1497 2089 1536 ca-

534 1579 785 1651 pessente
830 1573 1031 1640 gratias
1080 1575 1189 1641 egit
1238 1573 1346 1627 Deo
1387 1572 1638 1637 Basilius,
1665 1575 1806 1641 quod
1858 1576 2088 1639 patriam

536 1663 744 1717 videret
771 1663 1115 1717 commissam
1159 1665 1277 1717 viro
1310 1665 1405 1733 (b),
1439 1665 1663 1731 primum
1698 1665 1907 1733 quidem
1936 1663 2093 1718 Chri-

533 1756 729 1819 stiano,
760 1756 947 1810 deinde
975 1757 1207 1809 moribus
1232 1766 1390 1818 recto,
1423 1766 1471 1808 et
1503 1756 1669 1825 legum
1717 1768 1961 1811 accurato
1997 1774 2089 1809 cu-

2198 572 2533 627 labOrantem
2570 574 2922 628 inexorabiles
2960 574 3151 627 milites
3191 573 3517 637 detinerent,
3566 589 3750 627 eorum

2196 664 2446 715 manibus
2473 663 2703 731 elapsus,
2733 666 2786 717 in
2812 667 3055 733 quietum
3084 664 3313 731 aliquem
3340 663 3515 717 locum
3543 663 3748 733 effugit.

2266 750 2581 807 Crediderat
2615 754 2839 817 Basilius
2872 755 3106 822 seipsum
3139 754 3462 806 accersitum
3508 754 3594 815 iri,
3645 770 3750 807 non

2198 859 2326 899 vero
2360 844 2601 899 fratrem.
2630 844 2732 898 Sed
2760 847 2847 899 ubi
2881 846 3011 899 vidit
3036 844 3087 897 in
3128 843 3268 897 illius
3294 844 3629 911 potissimum
3661 860 3754 898 ca-

2198 948 2291 1004 put
2322 936 2692 990 haireticorum
2730 938 3019 1006 nequitiam
3046 935 3313 1002 erupisse,
3341 937 3618 1005 ipsumque
3653 953 3751 990 au-

2198 1027 2427 1096 fugisse;
2457 1037 2565 1081 tum
2591 1042 2719 1081 vero
2745 1040 2987 1082 metuens
3015 1042 3081 1081 ne
3106 1028 3245 1081 illius
3268 1026 3389 1095 fuga
3415 1030 3751 1083 stomachum

2199 1117 2538 1172 Demostheni
2577 1118 2809 1181 faceret,
2844 1118 3053 1185 placare
3083 1120 3339 1172 vicarium
3370 1130 3535 1174 tentat
3560 1124 3753 1191 perho-

2199 1208 2429 1264 norificis
2487 1210 2677 1263 litteris
2728 1209 2817 1277 (ᾗ,
2874 1224 2936 1262 ac
2990 1210 3323 1264 demonstrat
3385 1211 3549 1265 dilato
3612 1214 3751 1268 Grec

2198 1298 2329 1365 gorii
2358 1314 2582 1352 occursu
2614 1314 2714 1353 nec
2743 1298 2981 1366 publicas
3010 1313 3094 1353 res
3125 1300 3262 1363 lzedi,
3297 1315 3393 1353 nec
3427 1302 3752 1357 ecclesiasti-

2196 1403 2319 1453 cas;
2376 1402 2595 1457 paratos
2642 1392 2782 1444 enim
2837 1404 2957 1443 esse
3002 1392 3236 1457 pecuniae
3284 1407 3453 1446 sacrzae
3500 1395 3753 1447 custodes

2198 1480 2459 1534 rationem
2491 1482 2712 1535 reddere
2744 1499 2757 1536 :
2787 1490 2841 1533 et
2873 1495 2938 1535 ex
2976 1482 3115 1535 beati
3157 1484 3389 1553 episcopi
3417 1484 3632 1553 scriptis
3662 1500 3755 1538 ve-

2196 1574 2406 1625 ritatem
2446 1574 2783 1628 manifestam
2820 1574 3019 1628 facere.
3054 1574 3204 1638 Quod
3243 1587 3418 1630 autem
3450 1586 3657 1647 spectat
3686 1577 3756 1631 ad

2197 1663 2590 1719 ordinationem
2625 1663 2911 1733 Gregoriii,
2962 1665 3005 1718 si
3039 1673 3214 1717 tamen
3247 1664 3330 1718 his
3363 1668 3427 1719 de
3461 1670 3618 1723 rebus
3649 1668 3757 1723 De-

2196 1756 2505 1811 mosthenes
2526 1756 2782 1823 judicium
2809 1756 2908 1810 sibi
2935 1770 3189 1824 arrogare
3212 1755 3372 1821 velit,
3398 1773 3604 1825 aequum
3633 1774 3758 1815 esse

532 1844 692 1906 studi.
734 1842 839 1898 Sed
877 1845 922 1898 si
969 1846 1052 1899 his
1094 1843 1337 1899 laudibus
1380 1846 1571 1915 dignus
1618 1846 1768 1900 initio
1808 1848 2093 1900 videbatur
2123 1840 2164 1894 Β
2196 1856 2252 1899 ut
2279 1860 2467 1899 omnes
2501 1846 2731 1915 episcopi
2763 1847 3104 1912 conveniant,
3135 1861 3254 1899 cum
3287 1861 3468 1899 eorum
3497 1848 3654 1917 culpa
3681 1853 3754 1904 sit

536 1933 945 1997 Demosthenes,
991 1950 1052 1989 ac
1082 1951 1185 1989 non
1217 1938 1393 2005 potius
1443 1938 1643 1991 monita
1674 1946 1726 1990 et
1756 1937 1929 1994 honor
1970 1940 2092 2007 qui-

533 2021 659 2079 dam
694 2026 944 2092 potestati
975 2025 1189 2089 debitus
1215 2027 1515 2082 existimari
1552 2029 1782 2092 debent;
1808 2038 1959 2081 certe
1986 2030 2094 2082 cito

538 2128 662 2178 sese
693 2115 907 2185 aperuit
935 2127 990 2169 et
1029 2118 1251 2173 nudavit
1284 2133 1346 2173 ac
1375 2133 1498 2187 spes
1533 2134 1724 2177 omnes
1767 2120 1832 2171 de
1862 2134 1922 2172 se
1964 2135 2094 2172 con-

537 2214 721 2274 ceptas
744 2206 997 2259 mentitus
1020 2217 1122 2261 est.
1148 2206 1340 2261 Utrum
1365 2209 1657 2263 hzereticus
1681 2210 1950 2263 sententia
1975 2210 2093 2265 fue-

534 2297 625 2363 rit,
666 2312 771 2352 non
806 2310 1078 2353 asseverat
1109 2300 1340 2361 Basilius
1371 2301 1465 2369 (ε).
1504 2300 1653 2357 illum
1683 2303 1825 2362 enim
1860 2304 2095 2358 arbitra-

532 2389 691 2448 batur
735 2392 912 2447 omnis
964 2393 1223 2452 doctrinae
1268 2405 1540 2460 expertem
1588 2410 1729 2462 esse,
1776 2411 1875 2449 nec
1926 2395 2090 2451 ullum

532 2478 794 2547 ejusmodi
828 2496 1003 2543 rerum
1055 2485 1285 2538 studium
1314 2496 1405 2540 aut
1452 2502 1605 2547 nsum
1648 2486 1871 2552 habere,
1896 2488 2092 2555 quippe

533 2584 655 2626 cum
696 2585 816 2625 cum
850 2572 903 2636 in
952 2573 1073 2629 aliis
1117 2575 1276 2633 rebus
1309 2591 1472 2633 carne
1510 2586 1563 2629 et
1597 2577 1796 2637 animo,
1844 2587 2001 2629 noctu
2038 2585 2093 2629 et

532 2660 765 2721 Interdiu
815 2675 1136 2734 occupatum
1190 2666 1413 2721 videret.
1468 2666 1573 2718 Sed
1626 2676 1773 2719 certe
1821 2667 2092 2726 haereticis

535 2754 766 2817 amicum
801 2752 989 2818 fuisse,
1037 2769 1134 2808 nec
1167 2755 1334 2825 magis
1365 2770 1457 2809 eos
1498 2755 1766 2822 dilexisse,
1796 2773 1953 2824 quam
1984 2759 2090 2813 Ca~

534 2844 763 2899 tholicos
796 2846 994 2911 odisse,
1025 2846 1322 2901 confirmat.
1362 2847 1518 2901 Hunc
1555 2849 1767 2901 videtur
1805 2850 2091 2918 designare

530 2935 783 3003 Basilius,
858 2954 981 2993 cum
1042 2939 1371 2995 Doarensem
1440 2939 1739 2993 Ecclesiam
1803 2942 1870 2995 ab
1928 2941 2093 2995 obeso

542 3037 665 3082 ceto
696 3029 773 3107 (d)
800 3031 1101 3098 perturbari
1150 3030 1243 3084 ait.
1291 3030 1431 3084 Alibi
1462 3030 1532 3100 (e)
1579 3030 1826 3099 angelum
1880 3030 2092 3087 Satanae

533 3120 783 3189 appellat,
814 3130 868 3179 et
896 3121 1115 3183 haeresis
1139 3122 1473 3186 defensorem
1500 3138 1566 3177 ne
1593 3122 1841 3191 sanguini
1872 3123 2087 3194 quidem

536 3211 769 3273 tidelium
805 3224 1135 3283 parcentem.
1184 3212 1296 3275 Non
1331 3213 1685 3285 improbabile
1715 3222 1798 3268 est
1839 3216 2086 3268 eumdem

532 3304 702 3359 fuisse
735 3303 1147 3360 Demosthenem
1173 3345 1186 3369 ,
1218 3305 1357 3358 sacri
1392 3304 1572 3371 palatii
1617 3315 1969 3368 castrensem,
2002 3304 2091 3373 qui

535 3409 657 3450 cum
702 3393 755 3447 in
782 3392 981 3451 Basilio
1009 3410 1189 3451 coram
1217 3393 1439 3449 Valente
1476 3395 1807 3463 objurgando
1844 3395 2092 3449 barbari-

532 3500 705 3544 smum
745 3484 1054 3541 admisisset
1078 3483 1143 3556 (Ῑ)
1198 3486 1482 3540 subridens
1525 3485 1778 3549 Basilius,
1832 3483 2089 3553 Vidimus,

532 3578 730 3645 inquit,
762 3578 921 3629 etiam
955 3576 1343 3639 Demosthenem
1372 3577 1727 3633 illitteratum.

602 3669 693 3727 Bis
720 3667 795 3739 (g)
823 3669 969 3722 venit
998 3669 1300 3723 Caesaream
1330 3670 1431 3725 hoc
1474 3685 1616 3723 anno
1656 3670 2049 3724 Demosthenes
2075 3685 2089 3723 :

536 3775 659 3816 nam
700 3760 929 3815 Basilius
967 3770 1247 3829 postquam
1296 3760 1451 3823 dixit,
1483 3761 1703 3815 Advenit
1755 3761 1903 3819 nobis
1953 3763 2093 3813 vica-

535 3868 665 3917 rius,
682 3861 811 3920 elc.,
837 3852 1107 3907 nonnullis
1132 3850 1426 3919 intenjectis
1450 3851 1514 3903 de
1540 3851 1724 3905 eodem
1750 3853 1821 3904 ait
1851 3871 1863 3905 :
1892 3850 2093 3913 Rursus

532 3952 599 3995 ad
632 3960 723 3997 nos
747 3944 984 4011 accessit,
1015 3944 1148 3996 iram
1173 3942 1466 4010 eisdemque
1500 3942 1726 4008 spiram.
1754 3932 1905 4009 Quod
1934 3958 2094 4010 argu-

532 4042 711 4086 mento
743 4042 824 4085 est
860 4046 981 4085 eum
1018 4030 1246 4097 primum
1280 4030 1498 4102 quidem
1537 4030 1770 4095 venisse,
1806 4036 1862 4082 ut
1896 4031 2093 4098 guber-

531 4122 721 4189 nacula
762 4122 1013 4181 dimcesis
1066 4136 1175 4183 suae
1218 4133 1543 4187 capesseret,
1594 4123 1789 4179 deinde
1824 4132 1882 4181 ut
1914 4123 1997 4176 sui
2039 4123 2093 4176 in

530 4214 837 4270 Catholicos
866 4215 975 4269 odii
999 4215 1269 4283 specimen
1302 4213 1507 4268 ederet.

601 4303 743 4361 Inter
767 4308 934 4372 prima
966 4306 1105 4359 illius
1132 4316 1279 4375 gesta
1315 4302 1581 4359 recenseri
1612 4302 1769 4359 debet
1808 4304 2090 4360 concilium

532 4395 843 4465 impiorum,
887 4414 1019 4466 quos
1044 4398 1217 4453 media
1250 4397 1426 4453 hieme
1454 4398 1723 4466 Ancyram
1754 4399 2089 4453 convocavit.

2197 1934 2285 2001 qui
2332 1933 2674 1997 ordinavere,
2720 1950 2824 1989 non
2867 1934 3009 1990 illius
3051 1936 3135 1988 cui
3172 1936 3418 2003 impOsita
3457 1939 3753 1995 necessitas

2197 2024 2478 2080 ministerii
2524 2026 2868 2093 suscipiendi.
2917 2026 3089 2096 Rogat
3118 2026 3296 2096 itaque
3339 2024 3755 2082 Demosthenem

2197 2115 2443 2181 Basilius,
2479 2125 2537 2170 ut
2575 2117 2675 2170 sibi
2706 2119 2944 2171 auditum
2986 2128 3164 2171 servet
3191 2118 3242 2170 in
3272 2120 3465 2187 patria,
3501 2133 3598 2173 nec
3630 2135 3756 2186 per-

2196 2205 2374 2261 trahat
2417 2208 2469 2259 in
2508 2216 2747 2261 exteram
2785 2209 3075 2277 regionem,
3125 2224 3226 2263 nec
3273 2210 3564 2264 convenire
3597 2218 3758 2280 cogat

2195 2312 2315 2351 cum
2366 2297 2653 2365 episcopis,
2688 2298 3009 2367 quibuscum
3057 2302 3125 2357 de
3169 2303 3330 2358 rebus
3370 2302 3756 2358 ecclesiasticis

2193 2388 2564 2444 dissentiebat.

2264 2478 2474 2548 Scripta
2502 2481 2615 2534 haec
2639 2478 2859 2549 epistola
2890 2481 3125 2536 omnium
3156 2482 3505 2553 Cappadocia
3535 2487 3753 2555 episco~

2193 2585 2380 2639 porum
2432 2571 2666 2626 nomine.
2727 2570 2970 2627 Venimus
3023 2590 3219 2640 omnes,
3268 2576 3441 2643 inquit
3486 2577 3750 2640 Basilius.

2194 2662 2529 2728 amplitudini
2591 2672 2695 2717 tum
2744 2664 3023 2732 supplices.
3082 2663 3199 2729 Quo
3257 2680 3481 2721 numero
3539 2669 3761 2723 videtur

2192 2753 2471 2823 utriusque
2532 2753 2879 2823 Cappadocia
2933 2756 3212 2823 episcopos
3264 2758 3747 2825 comprehendere.

2194 2842 2418 2910 Utrique
2450 2844 2594 2901 enim
2623 2845 3007 2900 ordinaverant
3034 2846 3375 2915 Gregorium,
3406 2849 3601 2918 quippe
3629 2864 3758 2906 cum

2191 2935 2467 2989 ordinatus
2508 2938 2579 2992 sit
2619 2944 2745 2992 ante
2786 2937 3102 2993 divisionem
3147 2938 3515 3008 Cappadociae.
3571 2939 3755 3007 Quare

2195 3034 2538 3093 utrorumque
2591 3042 2676 3079 res
2716 3028 2996 3095 agebatur.
3046 3028 3261 3084 Minime
3299 3045 3429 3099 ergo
3472 3031 3667 3085 mirum
3706 3032 3752 3086 si

2195 3127 2412 3181 operam
2441 3130 2593 3169 suam
2630 3114 2828 3170 Basilio
2860 3118 2962 3171 hac
2995 3119 3048 3170 in
3096 3134 3153 3173 re
3187 3130 3467 3175 navarunt.
3501 3122 3618 3177 Huc
3658 3140 3753 3177 ac~

2192 3202 2333 3256 cedit
2382 3204 2520 3270 quod
2562 3220 2684 3258 cum
2744 3220 2809 3259 eo
2854 3215 2977 3259 ante
3017 3207 3118 3260 hoc
3170 3220 3375 3279 tempus
3416 3213 3469 3265 in
3523 3215 3753 3283 gratiam

2194 3308 2318 3347 vere
2365 3302 2418 3347 et
2468 3311 2533 3349 ex
2589 3296 2770 3351 animo
2805 3296 3095 3350 redierant.
3140 3298 3335 3353 Eorum
3376 3303 3517 3356 enim
3553 3315 3755 3359 metro-

2192 3385 2483 3454 politanum
2532 3386 2840 3440 Anthimum
2904 3394 3054 3441 vocat
3115 3388 3417 3443 unanimem
3476 3408 3632 3446 suum
3697 3394 3751 3447 in

2191 3478 2345 3547 epist.
2379 3478 2504 3542 ato,
2537 3493 2589 3530 η.
2623 3477 2675 3532 5.

2262 3568 2316 3621 In
2351 3571 2536 3625 eodem
2562 3569 2788 3625 concilio
2815 3570 3218 3636 Demosthenes,
3245 3572 3396 3641 cujus
3427 3583 3613 3627 nutum
3640 3576 3755 3644 epi-

2193 3657 2337 3723 scopi
2387 3658 2702 3721 horrebant,
2753 3660 2955 3729 ilypsin
3002 3660 3395 3717 Parnassenum
3445 3666 3752 3735 episcopum

2190 3746 2478 3815 ejecitm,
2525 3749 2746 3820 ejusque
2789 3752 2903 3804 loco
2953 3751 3226 3807 Ecdicium
3270 3757 3574 3813 constituit.
3624 3759 3756 3815 Erat

2195 3837 2281 3890 ille
2307 3837 2553 3897 Ecdicius
2588 3839 2795 3907 Euippii
2823 3839 3071 3891 alumnus
3099 3842 3181 3910 (1),
3214 3844 3265 3897 id
3288 3854 3391 3910 est,
3422 3847 3490 3899 ab
3521 3860 3585 3899 eo
3610 3848 3754 3900 ordi-

2194 3939 2374 3992 natus,
2416 3942 2650 3996 eumque
2694 3942 2814 3981 cum
2844 3928 3047 3996 Anysio
3076 3928 3284 4000 Euippii
3314 3934 3496 3988 itidem
3539 3936 3756 3991 alumno

2196 4019 2247 4070 iu
2276 4018 2531 4070 vexandis
2556 4016 2814 4070 Ecclesiis
2843 4018 3144 4073 arctissime
3170 4022 3513 4091 conjunctum
3541 4027 3752 4083 videbi-

2196 4124 2333 4161 mus.
2383 4107 2576 4177 Hypsis
2626 4119 2804 4164 autem
2850 4111 3058 4165 videtur
3104 4109 3152 4163 ei
3195 4117 3541 4184 successisse,
3598 4118 3753 4185 cujus

2195 4208 2368 4253 morte
2402 4200 2649 4256 alllictam
2694 4202 2988 4257 Ecclesium
3030 4201 3417 4261 Parnassenam
3451 4208 3755 4263 consolatur

2194 4292 2421 4346 Basilius
2452 4293 2502 4346 in
2532 4294 2753 4363 epistola
2776 4294 2863 4348 69..

2268 4383 2352 4438 lll.
2395 4382 2641 4439 Interfuit
2674 4387 2797 4439 huic
2824 4385 3053 4440 concilio
3085 4384 3415 4455 Eustathius,
3446 4405 3510 4445 ac
3538 4392 3750 4449 tandem

532 4487 758 4557 volebat
788 4490 932 4543 enim
983 4501 1039 4544 ιη
1068 4492 1134 4543 ad
1180 4490 1417 4549 facinora
1467 4506 1560 4544 sua
1593 4492 1800 4559 species
1842 4490 2087 4559 quadam
2121 4499 2163 4551 D
2193 4494 2257 4533 ex
2286 4476 3042 4533 dissimulationisinvolucris
3086 4481 3138 4534 in
3168 4492 3401 4550 apertam
3436 4498 3556 4535 cum
3590 4485 3751 4539 Aria-

529 4582 863 4641 auctoritatis
912 4582 1229 4652 cpiscOpalis
1279 4582 1580 4643 accederet.
1638 4583 1694 4636 in
1741 4583 1842 4638 hac
1888 4580 2091 4651 synodo

532 4681 814 4733 accusatus
844 4672 1133 4740 Gregorius
1162 4672 1430 4742 Nysseuus
1461 4673 1535 4744 (Ιι)
1562 4689 1591 4726 a
1617 4673 1961 4736 Philochare,
1993 4672 2086 4733 ho-

532 4765 677 4817 mine
711 4764 923 4837 ignobili
950 4765 1011 4832 (ἰ)
1040 4767 1181 4833 quod
1206 4781 1386 4819 sacras
1420 4767 1670 4833 pecunias
1697 4766 1764 4827 ab
1794 4764 1959 4833 ipsius
1994 4766 2088 4820 de-

534 4870 775 4921 cessore,
807 4865 866 4909 ut
911 4856 1193 4911 verisimile
1226 4868 1336 4923 est,
1385 4856 1600 4909 relictas
1628 4856 1962 4925 dissipasset.
2002 4856 2087 4909 Si—

532 4947 676 4999 milis
708 4946 971 5002 calumnia
1000 4962 1231 5003 eanones
1258 4951 1309 5000 in
1340 4948 1456 5016 ejus
1502 4948 1838 5005 ordinatione
1866 4948 2089 5007 violatos

532 5038 879 5106 querebatur.
916 5037 1093 5095 Missis
1126 5039 1303 5107 itaque
1340 5040 1597 5094 militibus
1637 5037 1951 5106 Gregorium
1987 5040 2086 5092 De-

534 5130 845 5184 mosthenes
912 5130 1081 5199 abripi
1134 5130 1315 5199 jussit.
1371 5131 1655 5183 MandatO'
1688 5129 2084 5195 obtemperavit

532 5217 859 5289 Gregorius:
892 5221 985 5275 sed
1012 5236 1133 5277 cum
1171 5236 1292 5275 eum
1319 5218 1503 5273 lateris
1539 5219 1720 5277 dolore
1764 5229 2085 5286 correnlum,

605 5363 681 5424 (ai
724 5356 817 5423 Ep.
852 5357 973 5418 337,
1006 5372 1060 5409 n.
1089 5358 1142 5411 ἓ.

603 5428 679 5496 (bi
721 5427 884 5493 lipiSl.
914 5427 1038 5479 “2‘25.

604 5498 672 5561 (ιἰ
715 5498 809 5560 Ep.
848 5498 969 5559 ‘257,
1006 5516 1058 5550 tt.
1097 5498 1149 5551 Ξ.

607 5565 685 5633 (cf)
720 5567 811 5633 Ep.
844 5566 967 5619 23L

606 5636 677 5699 (θ)
715 5635 811 5700 Ep.
840 5636 962 5687 9.48.

606 5703 675 5837 if)
718 5704 1060 5759 Theodoret..
1099 5703 1235 5758 Ηὶεε.
1269 5705 1358 5761 lib.
1388 5720 1458 5769 IV,
1486 5722 1603 5771 cap.
1638 5708 1721 5771 ta.

638 5784 685 5837 (tl
732 5773 823 5837 Ep.
850 5774 976 5828 “2'57.

638 5784 685 5843 (tl
732 5773 823 5840 Ep.
850 5774 945 5842 “2.37
959 5812 976 5825 .

2198 4572 2280 4621 nis
2314 4570 2749 4640 conjunctionem
2778 4568 2970 4637 erupit.
3025 4570 3140 4623 Non
3184 4573 3325 4624 enim
3368 4571 3463 4641 (m)
3494 4576 3559 4627 ad
3598 4578 3746 4632 aliud

2197 4674 2404 4734 tempus
2452 4664 2642 4719 referri
2693 4670 2867 4729 potest
2914 4665 3055 4718 illius
3106 4681 3226 4719 cum
3272 4666 3486 4721 Arianis
3525 4670 3753 4740 Ancyra:

2194 4760 2515 4822 counnunio,
2549 4757 2615 4810 de
2645 4770 2745 4821 qua
2788 4754 2921 4810 nihil
2947 4757 3144 4809 habent
3174 4759 3475 4823 superiores
3512 4761 3751 4830 epistola)

2193 4848 2296 4903 3'25
2328 4862 2380 4905 et
2410 4850 2535 4913 2:24,
2562 4848 2684 4916 quia
2713 4849 2912 4903 scilicet
2942 4848 3172 4902 nondum
3203 4848 3303 4902 hoc
3332 4848 3536 4905 facinus
3565 4852 3751 4904 edide-

2197 4953 2277 4994 rat
2303 4942 2635 4997 Eustathius.
2662 4940 2776 4994 Non
2803 4953 2979 4995 tamen
3006 4956 3125 4992 eum
3152 4941 3228 4994 eis
3253 4944 3667 4996 communicavit
3699 4946 3751 4999 in

2192 5034 2439 5096 ecclesia,
2483 5034 2573 5086 sed
2606 5034 2652 5086 iu
2684 5034 2950 5097 domibus,
2980 5033 3102 5100 quia
3135 5050 3199 5087 ne
3228 5036 3275 5089 id
3300 5035 3513 5102 quidem
3548 5036 3613 5086 ab
3643 5035 3747 5090 illis

2206 5126 2496 5195 impetrare
2525 5124 2724 5192 potuit,
2770 5133 2827 5177 ut
2856 5122 3066 5191 publice
3094 5126 3436 5193 reciperetur.
3479 5122 3750 5179 Vereban-

2196 5226 2282 5271 tur
2310 5215 2450 5269 enim
2470 5214 2543 5285 (η)
2572 5232 2656 5283 ne,
2683 5232 2803 5271 cum
2825 5213 3131 5270 Eustathius
3154 5230 3294 5270 anno
3312 5212 3416 5268 560
3442 5232 3468 5271 a
3493 5216 3757 5286 quingen-

2268 5357 2343 5423 (h)
2385 5357 2477 5425 Ep.
2510 5358 2631 5409 295.

2270 5430 2331 5487 ti)
2382 5428 2479 5496 Ep.
2507 5429 2631 5483 257.
2672 5444 2726 5479 n.
2756 5426 2807 5481 2.

2268 5498 2331 5565 (j)
2374 5499 2466 5564 Ep.
2504 5498 2623 5550 225.

2268 5566 2337 5635 με)
2380 5569 2474 5634 Ep.
2504 5567 2629 5618 237.

2269 5638 2327 5691 ill
2384 5638 2476 5699 Ep.
2508 5638 2633 5685 239.

2272 5708 2361 5769 (ut)
2407 5706 2498 5767 I‘Lp.
2532 5704 2649 5754 2‘26.

2274 5774 2349 5841 (η)
2395 5772 2487 5837 Ep.
2522 5771 2646 5836 “Li-5t,
2682 5789 2731 5820 n.
2762 5772 2814 5827 Ἰ.
