4038 6452
1607 357 1768 412 VITA
1804 355 1861 415 S.
1894 357 2155 414 BASILII.

3319 373 3512 410 εκλκιι

261 485 337 541 tis
383 487 652 556 episcOpis
699 484 971 551 depositus
1019 481 1227 543 fuisset,
1285 495 1473 534 eorum
1534 479 1840 534 auctoritati
1875 485 1916 536 A
1949 479 2238 532 consilium
2266 479 2505 548 episcopi
2547 475 2750 548 Spiritu
2788 485 2978 530 sancto
3005 476 3304 546 inspirante
3343 480 3502 542 cepis-

261 590 355 633 aut
389 593 613 633 numero
646 591 830 643 parum
863 577 1100 628 tribucre
1133 574 1464 633 viderentur,
1511 572 1553 624 si
1588 588 1707 625 eum
1743 590 1842 641 pu-

265 669 407 722 b'licc
442 669 753 735 episcopum
783 673 1160 732 agnoscerent.
1186 662 1398 730 Ambigi
1431 662 1597 730 possit
1620 678 1686 716 an
1718 679 1839 717 eum

268 759 414 828 paSsi
444 760 553 809 sint
576 757 625 810 in
651 758 880 811 concilio
904 755 1112 808 sedere.
1141 754 1399 822 Equidem
1430 768 1532 805 non
1557 763 1684 819 puto
1702 755 1844 807 hunc

265 854 315 903 ei
370 852 632 902 honorem
680 851 1000 914 denegatum
1053 848 1241 902 fuisse.
1284 845 1537 909 Quamvis
1583 845 1723 896 enim
1778 861 1844 897 ne

270 938 535 994 Sebastize
561 942 802 1009 quidem,
831 936 918 990 ubi
950 939 1202 992 maximis
1237 937 1303 988 ab
1331 950 1396 987 eo
1421 936 1712 989 honoribus
1747 952 1842 989 cu-

271 1031 458 1084 mulati
487 1040 632 1094 sunt,
675 1039 912 1099 optatam
944 1034 990 1085 ei
1023 1030 1458 1084 communionem
1489 1030 1842 1095 reddiderint,

269 1140 397 1178 mox
430 1135 609 1178 tamen
660 1137 782 1174 cum
810 1137 874 1176 eo
922 1122 1217 1189 Nicopolim
1259 1131 1638 1188 oppugnarunt
1685 1131 1743 1174 ut
1780 1121 1847 1174 ab

272 1215 389 1284 ipso
423 1215 708 1268 Eustathio
738 1218 1046 1282 episr~0pum
1075 1214 1363 1281 acciperet.
1393 1213 1543 1280 Quod
1581 1215 1624 1265 si
1656 1215 1848 1266 Eusta-

272 1311 418 1364 thius
460 1307 672 1362 concilii
701 1309 967 1376 episcopis
996 1306 1264 1373 ascriptus
1321 1305 1441 1371 fuit,
1470 1305 1684 1360 dill‘icile
1725 1283 1845 1360 cre-

271 1405 385 1455 ditu
427 1411 514 1456 est
550 1415 655 1455 non
687 1418 809 1454 eum
856 1415 952 1468 pro
982 1414 1076 1451 sua
1114 1398 1253 1467 apud
1298 1398 1556 1452 vicarimn
1598 1399 1766 1466 gratia
1795 1409 1846 1452 et

271 1494 601 1548 auctoritate
649 1494 939 1546 maximam
985 1503 1193 1560 partem
1243 1505 1426 1545 eorum
1479 1507 1597 1561 quae
1644 1491 1847 1546 nefarie

275 1591 400 1636 acta
430 1593 558 1638 sunt
589 1581 933 1638 sustinuisse.

343 1670 622 1728 Eustathii
661 1671 902 1724 facinore
951 1687 1056 1726 non
1092 1670 1248 1724 valde
1276 1672 1552 1741 obstupuit
1597 1670 1845 1738 Basilius,

272 1766 365 1833 qui
400 1768 607 1820 dudum
665 1763 939 1817 hominem
990 1780 1094 1818 non
1144 1780 1295 1818 nzevo
1346 1765 1546 1831 aliquo,
1598 1767 1690 1819 sed
1739 1775 1849 1820 toto

273 1872 508 1926 corpore
555 1866 794 1912 noverat.
848 1859 915 1911 At
971 1859 1296 1910 uberrimam
1339 1857 1524 1912 habuit
1565 1859 1845 1912 materiam

275 1951 419 2004 illius
444 1951 694 2018 nequitize
721 1951 961 2004 omnium
991 1949 1162 2002 oculis
1188 1959 1240 2004 et
1270 1952 1517 2005 manibus
1553 1952 1850 2021 subjicien-

275 2042 380 2094 dre.
416 2043 595 2113 Atque
643 2042 695 2095 id
745 2041 963 2108 quidem
1013 2042 1226 2112 egregie
1280 2044 1488 2112 perlicit
1537 2045 1589 2096 in
1625 2043 1849 2110 epistola

272 2129 383 2185 29.6
415 2134 482 2186 ad
515 2133 809 2187 monachos
848 2147 995 2195 suos,
1024 2149 1158 2200 quos
1190 2133 1568 2200 cutnjuvisere
1601 2147 1702 2185 non
1726 2147 1850 2200 pos-

274 2234 378 2288 set,
411 2225 559 2278 vices
597 2239 725 2278 suas
753 2227 1045 2279 committit
1099 2225 1312 2278 Meletio
1373 2223 1706 2291 pre~bvtero.
1753 2224 1853 2279 De-

277 2324 551 2370 monstrat
582 2330 641 2371 se
671 2327 794 2386 post
832 2318 992 2369 trium
1029 2329 1294 2368 annorum
1346 2317 1626 2369 silentium
1658 2317 1723 2369 ad
1755 2318 1849 2370 de-

275 2405 576 2462 fensionem
611 2423 763 2463 suam
816 2418 1062 2461 coactum
1099 2422 1215 2462 esse
1263 2422 1581 2478 assurgere;
1631 2410 1722 2464 sed
1781 2409 1851 2463 ita

277 2501 620 2568 perspicuam
644 2515 765 2554 esse
796 2498 1103 2560 veritatem,
1139 2508 1195 2550 ut
1234 2500 1444 2553 etiamsi
1502 2501 1615 2569 ipse
1660 2509 1852 2568 taceat,

280 2606 445 2647 nemo
478 2607 598 2645 eam
625 2593 874 2661 ignorare
905 2593 1096 2660 possit,
1139 2597 1295 2645 modo
1338 2595 1644 2647 consideret
1686 2596 1856 2649 actio-

286 2696 388 2735 nes
421 2679 718 2748 Eustathii,
750 2683 840 2750 qui
870 2697 990 2735 cum
1023 2694 1176 2737 antea
1213 2693 1318 2736 tam
1353 2684 1641 2737 vehemens
1670 2684 1859 2738 fuisset

281 2772 335 2825 in
384 2772 760 2842 oppugnandis
808 2772 1048 2835 Arianis,
1088 2787 1258 2840 nuper
1287 2773 1446 2826 auirni
1498 2775 1578 2827 sui
1639 2783 1857 2829 senten-

279 2862 412 2916 tiam
446 2863 686 2929 nudavit,
713 2878 835 2918 cum
872 2864 950 2918 eis
994 2865 1224 2934 Ancyrae
1255 2865 1306 2918 in
1339 2865 1585 2918 domibus
1611 2879 1856 2918 commu-

281 2953 496 3016 nicans,
531 2955 656 3023 quia
700 2956 933 3008 nondum
976 2955 1186 3023 publice
1222 2956 1289 3008 ab
1324 2957 1402 3010 eis
1439 2965 1688 3024 receptus
1717 2964 1854 3011 erat.

283 3043 503 3112 Scripta
535 3059 666 3113 ergo
715 3044 828 3098 ha—c
879 3045 1104 3112 epistola
1139 3055 1258 3113 post
1308 3046 1588 3099 concilium
1616 3047 1858 3116 Ancyra-

287 3148 442 3196 num,
500 3137 594 3188 sed
646 3145 931 3201 antequam
963 3135 1194 3189 Arianos
1247 3136 1651 3202 perhonorifice
1687 3138 1857 3191 Seba-

283 3224 446 3278 stiam
477 3235 779 3279 accerseret
808 3225 1142 3280 Eustathius.
1195 3227 1335 3280 Nihil
1385 3231 1526 3283 enim
1579 3246 1641 3284 ea
1691 3236 1759 3285 de
1806 3246 1865 3285 re

286 3314 490 3382 legitur
522 3315 575 3367 in
610 3331 695 3384 ep.
727 3317 852 3378 226,
881 3334 933 3372 n.
969 3319 1023 3371 3.
1053 3318 1213 3374 Aliud
1248 3319 1512 3376 Eustathii
1543 3321 1748 3376 facinus
1775 3339 1865 3377 nu-

288 3423 386 3476 per
414 3407 849 3479 deprehenderat
886 3409 1138 3476 Basilius,
1178 3414 1318 3480 quod
1359 3415 1575 3482 quidem
1610 3416 1687 3467 sic
1719 3430 1866 3469 coru—

289 3513 603 3555 memorat:
640 3501 712 3554 Hi
771 3519 906 3556 nunc
945 3512 993 3556 et
1043 3505 1107 3557 de
1148 3504 1372 3558 Nicama
1412 3506 1692 3558 detrahunt
1739 3507 1862 3574 ﬁde,

290 3609 486 3660 nosque
517 3603 701 3647 vocant
749 3593 1211 3649 Homoousiastas.
1272 3593 1475 3661 Quibus
1517 3596 1690 3649 verbis
1729 3596 1867 3651 indi-

288 3695 448 3737 catur
472 3684 596 3739 fidei
628 3685 856 3738 formula
889 3684 1070 3755 Cyzici
1103 3687 1170 3740 ab
1204 3686 1483 3741 Eustathio
1515 3698 1726 3755 recepta
1765 3689 1865 3756 (α),

289 3777 346 3827 in
382 3793 484 3844 qua
539 3777 998 3831 consubstantiale
1050 3778 1466 3833 condemnabat.
1501 3779 1722 3833 Videtur
1763 3781 1868 3848 Cy-

289 3870 414 3923 zico
448 3870 666 3924 rediens
694 3871 925 3939 Ancyrae
955 3885 1079 3923 cum
1109 3871 1327 3923 Arianis
1350 3887 1408 3923 se
1439 3871 1806 3938 conjunxisse.

361 3957 450 4011 ιν.
483 3961 643 4014 Circa
675 3959 806 4013 illud
838 3970 1072 4028 tempus,
1098 3976 1208 4030 quo
1245 3963 1438 4015 Ariani
1484 3963 1712 4034 Aucyrm
1740 3981 1870 4019 con-

290 4050 637 4110 siliabantur,
675 4051 813 4105 obiit
840 4067 1065 4121 magnus
1103 4052 1351 4106 veritatis
1381 4053 1654 4120 defensor,
1688 4056 1868 4113 Theo-

292 4141 456 4194 dorus
504 4139 936 4211 NicOpolitanus.
974 4142 1108 4197 Cum
1159 4152 1341 4196 autem
1397 4144 1538 4198 banc
1585 4148 1771 4200 urbem
1816 4157 1872 4204 et

293 4231 463 4299 ipsius
495 4233 634 4288 situs
668 4233 806 4302 (erat
853 4236 997 4287 enim
1034 4235 1304 4287 Armeniae
1336 4237 1519 4305 caput)
1563 4246 1616 4290 et
1644 4239 1869 4294 Ariano-

294 4336 414 4374 rum
444 4331 684 4389 potestas
707 4323 808 4376 sub
840 4323 1175 4390 nequissimo
1207 4322 1434 4387 vicario,
1473 4323 1523 4376 in
1573 4325 1866 4378 maximum

294 4413 593 4482 periculum
626 4414 972 4477 adduxisset;
1031 4412 1310 4468 Pmrnenio
1353 4413 1618 4468 Satalensi
1661 4417 1870 4484 episco-

1947 579 2086 628 sent.
2126 584 2222 622 nec
2252 569 2428 621 mimis
2460 569 2626 635 ipsius
2677 565 2915 621 Coloniae
2946 567 3224 619 securitati
3256 566 3516 634 providis-

1945 671 2266 730 sent,quam
2296 657 2589 726 Nicopolis,
2626 675 2744 728 quae
2776 659 2820 714 si
2863 658 2916 711 in
2955 657 3277 711 Arianorum
3326 672 3518 710 manus

1945 756 2197 815 venisset,
2238 753 2377 805 idem
2422 749 2620 803 malum
2667 752 2768 804 alia
2826 749 3120 819 provinciae
3167 749 3358 816 Oppida
3411 761 3515 800 non

1947 844 2284 914 effugissent;
2322 841 2453 894 nihil
2481 850 2656 894 tamen
2691 844 2820 895 tanti
2855 843 2957 895 fuit
2987 838 3416 900 Coloniensibus,
3460 846 3518 891 ttt

1949 935 2178 1004 pastoris
2205 932 2287 988 sui
2329 932 2718 984 discessionem
2757 938 3031 985 moderate
3066 929 3292 984 ferrent.
3322 928 3516 982 Clerici

1949 1027 2020 1096 (ε)
2057 1024 2388 1080 iracundiam
2415 1032 2468 1075 et
2493 1022 2730 1075 dolorem
2765 1035 2830 1074 eo
2863 1025 3248 1088 perduxerunt,
3278 1031 3334 1072 ut
3365 1035 3422 1072 se
3451 1020 3516 1071 ad

1951 1117 2240 1168 tribunalia
2271 1113 2516 1184 judicum
2554 1112 2798 1165 abituros
2825 1110 3179 1174 minarentur,
3210 1125 3274 1164 ac
3306 1124 3392 1162 res
3423 1107 3517 1161 ho-

1953 1206 2192 1259 minibus
2221 1204 2632 1263 commissuros,
2663 1202 2858 1268 quibus
2908 1199 3263 1255 ecclesiarum
3310 1199 3520 1255 eversio

1949 1307 2110 1368 caput
2139 1307 2257 1352 erat
2291 1308 2566 1351 votorum.
2606 1295 2866 1348 Videntur
2899 1294 3011 1346 lucc
3053 1291 3252 1346 dixisse
3281 1296 3333 1346 in
3380 1294 3518 1347 litte-

1952 1395 2026 1447 ris
2077 1393 2142 1445 ad
2199 1391 2452 1444 Basiliam
2490 1390 2724 1456 scriptis.
2779 1385 3085 1440 Verisimile
3129 1385 3272 1438 enim
3316 1395 3397 1438 est
3424 1401 3518 1440 eos

1951 1485 2258 1554 scripsisse,
2293 1484 2545 1550 quamvis
2575 1491 2851 1548 acceptam
2879 1479 2946 1531 ab
2970 1480 3054 1532 eis
3096 1476 3377 1543 epistolam
3417 1492 3520 1530 ncn

1954 1582 2348 1634 commemoret
2375 1571 2626 1624 Basilius.
2665 1572 2989 1625 Delrortatur
3020 1582 3113 1620 eos
3137 1582 3164 1618 a
3193 1577 3300 1618 tam
3338 1565 3522 1616 insana

1955 1666 2307 1736 cogitatione,
2342 1679 2406 1716 ac
2437 1661 2660 1732 Spiritui
2708 1672 2896 1714 sancto
2925 1659 3266 1712 tribuendum
3294 1660 3516 1711 demou-

1953 1772 2091 1818 strat
2124 1761 2505 1830 episcoporum
2557 1753 2866 1817 consilium,
2899 1753 2984 1807 cui
3026 1751 3069 1804 si
3119 1751 3392 1812 resistant,
3428 1747 3522 1801 Dei

1957 1856 2215 1908 resistent
2244 1847 2594 1904 ordinatioui.
2629 1843 2744 1900 Non
2775 1846 2967 1899 decere
2989 1854 3047 1899 ut
3084 1858 3204 1896 cum
3235 1851 3404 1893 matre
3434 1837 3528 1892 Ni.

1958 1945 2131 2006 copoli
2161 1945 2476 2012 delitigent:
2510 1954 2698 1992 eorum
2754 1939 2895 1991 enim
2931 1933 3207 1989 securitati
3255 1929 3526 2001 pravisum

1958 2050 2097 2099 esse,
2125 2039 2248 2088 dum
2286 2043 2444 2103 caput
2488 2031 2728 2086 munitur
2759 2030 3026 2082 Armeniae
3067 2046 3079 2080 :
3112 2036 3369 2094 prmterea
3419 2037 3526 2074 non

1960 2128 2270 2198 repudiatos
2302 2126 2370 2178 ab
2416 2121 2726 2191 Euphronio
2753 2120 3123 2184 Colonienses,
3156 2118 3246 2170 sed
3279 2116 3410 2168 alios
3444 2129 3531 2167 as-

1960 2229 2242 2288 sumptos;
2274 2218 2578 2282 suscepisse
2611 2214 2755 2267 illum
2807 2207 3076 2275 Nicopolis
3109 2221 3314 2266 curaui,
3360 2213 3414 2256 et
3463 2203 3529 2256 ad

1960 2312 2177 2364 futuras
2206 2309 2316 2362 illic
2348 2305 2739 2362 sollicitudines
2788 2298 3195 2356 Coloniensiunt
3227 2311 3411 2350 curam
3441 2309 3532 2348 ac-

1960 2414 2233 2455 cessuram
2243 2437 2256 2451 .

2033 2536 2088 2591 In
2122 2533 2368 2589 eamdem
2415 2527 2740 2584 sententiam
2770 2525 2990 2593 scripsit
3021 2523 3098 2595 (ά)
3129 2519 3534 2592 magistratibus

1963 2626 2401 2688 Coloniensibus,
2433 2622 2522 2692 qui
2551 2623 2616 2674 ad
2660 2635 2781 2672 eum
2815 2617 3167 2684 scripserant.
3211 2615 3417 2669 Laudat
3440 2628 3536 2668 eos

1967 2721 2110 2789 quod
2135 2733 2313 2772 rerum
2344 2714 2680 2784 publicarum
2713 2710 2861 2764 curis
2907 2708 3153 2775 occupati
3209 2707 3538 2761 ecclesiasti-

1967 2825 2060 2863 cas
2093 2824 2197 2862 non
2233 2808 2527 2876 negligant,
2568 2803 2662 2859 sed
2701 2801 2770 2857 de
2818 2801 2898 2854 eis
2928 2799 3139 2854 solliciti
3191 2799 3323 2862 sint,
3360 2806 3418 2850 ut
3471 2798 3538 2852 de

1968 2900 2186 2970 proprio
2211 2898 2438 2966 quisque
2465 2896 2678 2965 negotio
2699 2905 2755 2948 et
2785 2909 2848 2947 ex
2888 2908 2998 2962 quo
3023 2893 3130 2946 vita
3166 2907 3258 2946 sua
3286 2891 3532 2960 pendeat.

1970 2993 2076 3048 Sed
2106 2991 2376 3052 hortatur,
2402 2995 2459 3040 ut
2487 2985 2745 3054 temporis
2761 2985 3123 3038 difﬁcultatem
3148 2993 3203 3035 et
3223 2983 3536 3037 (economim

1974 3086 2352 3141 necessitatem
2385 3079 2797 3135 considerantes
2825 3074 3094 3145 episcopis
3146 3074 3444 3144 ignoscant.
3479 3073 3536 3125 In

1892 3177 1934 3233 C
1972 3189 2199 3243 utraque
2225 3173 2448 3240 epistola
2477 3187 2626 3239 spem
2656 3167 2810 3222 affert
2834 3182 2892 3222 se
2926 3167 2991 3218 ad
3022 3180 3115 3220 eos
3146 3177 3450 3228 venturum,
3485 3173 3539 3217 et

1968 3264 2143 3332 majus
2169 3261 2436 3331 quoddam
2462 3273 2648 3313 eorum
2695 3271 2814 3326 qua:
2847 3264 2963 3310 acta
3007 3253 3246 3317 fuerant,
3286 3251 3535 3305 solatium

1971 3356 2284 3418 allaturum,
2313 3354 2356 3408 si
2395 3353 2444 3406 id
2481 3353 2560 3406 eis
2596 3348 2959 3404 necessarium
2987 3347 3253 3400 videatur.

2043 3471 2274 3538 Scripsit
2303 3468 2466 3522 etiam
2495 3464 2729 3519 Basilius
2760 3460 2831 3532 (e)
2860 3461 2925 3513 ad
2953 3459 3183 3513 clericos
3211 3455 3540 3527 Nicopolita—

1968 3572 2151 3618 noset
2185 3563 2343 3614 aliam
2400 3560 2466 3612 ad
2524 3557 2874 3625 magistratus
2929 3550 3234 3620 epistolam.
3285 3548 3540 3616 Utrisque

1969 3667 2120 3722 Spem
2155 3651 2312 3704 affert
2343 3663 2400 3702 se
2437 3661 2530 3702 eos
2566 3645 2890 3699 invisurum.
2923 3641 3166 3696 Clericos
3187 3640 3454 3699 hortatur,
3485 3648 3544 3692 ut

1972 3746 2169 3797 fratres
2199 3740 2553 3796 Colonienses
2584 3735 2871 3800 deliniant,
2914 3748 2980 3787 ne
3021 3733 3161 3786 forte
3206 3731 3539 3786 iracundiam

1971 3834 2178 3903 longius
2211 3834 2450 3894 tendant,
2473 3829 2516 3884 si
2552 3844 2612 3882 se
2638 3827 2706 3880 ob
2723 3827 3037 3879 tenuitatem
3067 3833 3406 3890 contemptos
3447 3838 3542 3890 pu-

1974 3937 2108 3982 tent.
2143 3928 2346 3979 Auctor
2380 3930 2462 3976 est
2502 3917 2935 3989 magistratibus,
2977 3925 3036 3968 ut
3069 3916 3254 3968 datum
3284 3914 3383 3968 sibi
3429 3915 3544 3983 epi-

1970 4035 2191 4088 scopum
2241 4015 2691 4084 complectantur,
2739 4021 2795 4064 et
2839 4026 2962 4064 cum
3019 4008 3118 4076 ipsi
3178 4007 3246 4062 de
3289 4008 3542 4063 Ecclesia:

1970 4113 2205 4167 utilitate
2225 4109 2436 4176 optime
2470 4105 2726 4168 sentiant,
2758 4100 2995 4155 civitatis
3027 4115 3089 4153 ac
3114 4100 3256 4153 ruris
3287 4101 3541 4168 populnrn

1971 4201 2027 4257 iu
2054 4199 2301 4255 eamdem
2328 4195 2654 4250 sententiam
2683 4193 2949 4246 adducere
2975 4201 3255 4246 conentur.

2044 4314 2168 4368 limo
2199 4321 2377 4364 autem
2425 4307 2718 4376 contigisse
2766 4309 2910 4360 circa
2964 4304 3094 4360 illud
3144 4313 3358 4374 tempus
3395 4308 3540 4372 quod

1973 4408 2232 4466 diximus,
2267 4413 2503 4470 quatuor
2542 4400 2647 4454 illa:
2685 4401 3061 4453 demonstrant
3093 4395 3352 4465 epistolas.
3389 4394 3540 4462 Quod

293 4518 366 4575 po
397 4502 471 4576 (ὁ)
495 4505 758 4574 Optimum
785 4505 1068 4561 consilium
1111 4503 1163 4556 in
1202 4513 1434 4557 mentem
1463 4505 1626 4568 venit,
1660 4517 1715 4561 ut
1763 4509 1867 4561 Eu-
1898 4510 1941 4563 D
1971 4499 2117 4551 enim
2147 4495 2385 4566 episcopi
2409 4493 2675 4556 fecerant,
2710 4490 2779 4561 (Γ)
2804 4500 3108 4556 temporum
3142 4487 3396 4541 tribuitur
3433 4487 3514 4540 dif
3527 4517 3547 4529 ς

294 4596 564 4666 phrouius
586 4595 926 4651 Coloniensis
965 4596 1251 4665 episeopus
1279 4596 1344 4648 ad
1375 4600 1554 4649 sedem
1598 4597 1869 4669 Nicopoli-

297 4696 484 4741 tanam
512 4689 855 4743 eveheretur.
889 4689 994 4741 lies
1032 4686 1234 4756 placuit
1263 4687 1530 4755 episcopis
1557 4693 1870 4757 provinciae,

295 4786 351 4832 et
391 4777 537 4830 clero
556 4793 620 4833 ac
646 4777 844 4848 papulo
872 4775 1267 4845 Nicopolitano.
1302 4778 1487 4846 Itaque
1522 4778 1664 4832 nulla
1718 4798 1872 4849 pror—

296 4885 393 4925 sus
421 4870 736 4939 interposita
773 4885 921 4923 mora
952 4869 1262 4924 Poemenius
1297 4870 1346 4923 id
1391 4871 1532 4938 quod
1578 4874 1874 4940 prudenter

297 4965 726 5032 excogitaverat,
758 4978 968 5018 summa
1018 4964 1184 5018 anirui
1225 4963 1542 5018 fortitudine
1589 4976 1872 5019 exsecutus

300 5064 409 5121 est,
436 5063 491 5108 et
523 5064 813 5124 antequam
849 5065 1060 5128 tempus
1080 5061 1300 5112 daretur
1322 5057 1541 5111 Arianis
1565 5057 1664 5109 sibi
1691 5057 1873 5125 provi-

299 5149 485 5213 dendi,
520 5148 863 5217 Euphronius
893 5150 1164 5205 communi
1188 5164 1456 5204 consensu
1495 5149 1547 5201 iu
1603 5148 1730 5202 sede
1776 5146 1869 5202 Ni-

303 5240 604 5308 copolitana
635 5241 928 5297 collocatus
958 5253 1062 5296 est.

375 5332 486 5385 Sed
516 5346 679 5400 quam
707 5341 923 5401 gratum
957 5334 1058 5386 hoc
1103 5330 1513 5400 Nicopolitanis,
1547 5340 1655 5382 tam
1702 5330 1871 5396 mole-

302 5435 450 5478 stum
499 5423 696 5477 accidit
747 5423 1183 5478 Coloniensihus.
1253 5421 1509 5488 Quamvis
1562 5420 1701 5473 enim
1771 5421 1872 5472 hoc

370 5599 448 5671 (α)
478 5598 576 5672 Ep.
605 5599 730 5672 sta.
761 5619 811 5656 η.
840 5603 874 5657 5
907 5613 960 5660 et
989 5604 1048 5670 9;
1090 5619 1173 5672 ep.
1210 5601 1336 5664 253,
1367 5615 1416 5652 n.
1460 5598 1512 5651 4.

376 5670 452 5741 (ὁ)
488 5671 583 5741 Ep.
609 5670 804 5741 229,".
837 5675 887 5728 1.

377 5740 448 5810 (ε)
485 5740 580 5806 Ep.
608 5740 732 5810 227.

377 5809 459 5882 (Α)
491 5811 587 5879 Ep.
618 5809 734 5865 228.

1978 4589 2229 4645 ficultati.
2263 4586 2514 4654 Quotidie
2559 4583 2632 4656 (g)
2667 4597 2830 4637 aures
2869 4581 3105 4650 undique
3135 4594 3352 4633 rumore
3394 4593 3544 4633 ever-

1976 4698 2160 4737 sarum
2195 4679 2551 4735 ecclesiarum
2579 4671 3043 4743 percutiebantur.
3078 4670 3266 4724 Ariani
3305 4679 3462 4724 erant
3486 4669 3540 4722 in

1977 4774 2188 4829 insidiis
2232 4767 2485 4826 collocati
2516 4765 2615 4837 (Ia),
2644 4775 2698 4818 et
2729 4764 2933 4818 idcirco
2963 4762 3172 4817 fortiter
3197 4761 3542 4816 antevenien-

1976 4869 2100 4920 dum
2135 4860 2355 4917 videbat
2391 4857 2720 4910 Ptemeuius.
2771 4851 2939 4907 Nemo
2977 4854 3112 4907 adeo
3157 4866 3355 4922 parvus
3402 4861 3538 4915 erat,

1975 4958 2065 5026 qui
2115 4970 2220 5009 non
2273 4960 2454 5024 posset
2499 4962 2816 5016 magnorum
2879 4945 3139 4999 malorum
3200 4944 3538 4997 occasionem

1971 5046 2394 5103 subministrare
2441 5042 2524 5096 his
2550 5041 2644 5109 qui
2672 5037 3010 5095 occasionem
3037 5035 3372 5104 quaerebant.
3427 5034 3540 5087 Ne-

1970 5158 2067 5210 que
2100 5139 2180 5203 id,
2209 5137 2388 5207 inquit
2421 5133 2675 5196 Basilius,
2709 5147 2772 5185 ea:
2813 5129 3129 5198 conjectum
3163 5129 3408 5192 dicimus,
3450 5127 3539 5178 sed

1973 5231 2296 5300 experientia
2321 5227 2650 5297 propriorum
2696 5223 2954 5276 malorum
3005 5216 3196 5287 edocti,
3242 5236 3357 5286 (μίαν
3401 5217 3537 5270 Deus

1974 5325 2157 5378 vestris
2191 5322 2434 5391 precibus
2467 5326 2686 5371 avertat.
2720 5316 2813 5369 His
2834 5314 3014 5368 verbis
3047 5314 3260 5366 videtur
3303 5311 3538 5365 indicare

1975 5415 2186 5468 facinus
2213 5413 2560 5466 commissum
2591 5410 2640 5461 in
2673 5406 2988 5476 Gregorium
3028 5403 3347 5474 Nyssenuru,
3379 5416 3536 5471 quem

2046 5595 2115 5660 (ei
2155 5592 2247 5659 Ep.
2282 5590 2386 5642 229
2419 5599 2472 5640 et
2500 5587 2623 5660 250*.

2072 5667 2114 5732 ί)
2145 5664 2241 5728 κν.
2278 5661 2378 5732 227
2408 5668 2458 5711 el
2485 5659 2610 5713 ass.

2072 5667 2114 5732 Ῑ)
2145 5666 2241 5728 Ep.
2278 5666 2377 5712 '22?

2046 5666 2121 5801 19)
2154 5734 2248 5794 Ενο
2271 5731 2394 5801 228:

2052 5799 2127 5859 (hi
2168 5801 2266 5857 Eo.
2296 5799 2411 5854 22.9.
