4038 6456
498 382 598 424 ιιι.

1841 358 2375 417 ιἰιοιξ-·ῦοδιΕΝ.λ.

501 479 569 533 ab
606 494 713 532 uno
740 479 979 540 hmniue,
1018 492 1190 548 eaque
1244 479 1491 547 ignobili,
1526 493 1838 536 accusatum
1879 480 2063 534 Dento-
2096 486 2139 539 Α
2173 485 2363 529 ventus
2392 479 2607 527 decreta
2667 472 2935 526 attribuit.
2974 470 3035 525 lli
3072 469 3129 525 S.
3170 471 3489 542 Gregorium
3535 469 3705 539 Nyssc

498 573 718 628 sthenes
759 572 933 641 abripi
957 572 1217 639 jusserat.

571 664 789 721 Electus
814 678 943 734 ergo
969 662 1310 730 Euphronius
1344 672 1464 734 post
1486 662 1777 719 concilium
1824 663 2067 733 Ancyra-

500 771 649 821 num,
680 760 772 812 sed
806 766 933 811 ante
977 755 1373 809 ordinationem
1425 755 1733 816 Frontonis,
1768 767 1895 810 ante
1947 770 2068 823 per-

497 847 856 913 secutionem,
932 861 1091 916 quam
1143 846 1286 914 passi
1341 854 1467 900 sunt
1528 845 1903 915 Nicopolitani.
1961 846 2066 899 Res

503 937 638 991 adeo
662 937 807 992 clara
844 949 897 992 et
939 937 1247 1006 manifesta,
1272 948 1329 991 ut
1357 937 1578 994 dubiam
1612 938 1957 995 Tillemontio
1985 940 2066 991 vi-

499 1043 614 1085 sam
648 1044 771 1085 esse
793 1031 975 1083 mirer.
1009 1029 1322 1101 Tranquitla
1366 1034 1511 1087 enim
1548 1042 1665 1086 erat
1689 1033 1963 1093 Armenia,
1992 1032 2063 1083 ita

498 1128 560 1174 ut
586 1119 934 1175 Colonienses
969 1120 1290 1175 Arianorum
1344 1136 1522 1178 motus
1568 1123 1901 1191 ignorarent.
1954 1120 2065 1173 Nos

497 1230 639 1279 raro,
667 1211 837 1281 inquit
867 1211 1098 1266 Basilius
1122 1210 1221 1281 (α),
1275 1216 1366 1283 qui
1407 1216 1458 1268 in
1487 1214 1672 1267 mediis
1706 1219 1855 1268 rebus
1894 1229 2067 1267 uersa-

498 1320 637 1362 mur.
666 1314 712 1357 et
751 1319 971 1370 quorum
1030 1319 1184 1356 aures
1232 1308 1460 1374 undique
1491 1320 1800 1374 unoquoque
1845 1306 1929 1357 die
1978 1320 2066 1357 ru-

498 1408 640 1447 mors
702 1407 1002 1445 cversarum
1054 1394 1391 1447 ecclesiarum
1457 1398 1844 1461 percutiuntur,
1917 1394 2066 1446 valde

495 1485 645 1537 anxii
691 1500 895 1547 sumus,
941 1500 1003 1537 uc
1048 1483 1186 1551 forte
1245 1489 1535 1540 communis
1583 1489 1746 1541 hostis
1802 1486 2067 1538 diuturna:

494 1575 614 1627 vita
645 1584 826 1627 ucstra
854 1575 1233 1643 tranquillitati
1272 1576 1530 1638 inridens,
1560 1579 1615 1629 in
1659 1575 1838 1629 vestris
1864 1592 2065 1645 quoque

494 1664 623 1721 locis
652 1680 747 1717 sua
773 1665 937 1732 ipsius
971 1667 1175 1719 zizania
1209 1682 1378 1719 serere
1396 1668 1579 1736 possit,
1607 1669 1857 1736 cedatque
1880 1677 1927 1720 ct
1964 1668 2068 1719 Ar-

493 1756 786 1809 meniorum
814 1756 952 1824 regio
980 1758 1032 1808 in
1064 1771 1236 1813 escam
1266 1758 1602 1812 adversariis.
1642 1756 1848 1811 Laudat
1877 1758 1929 1811 in
1953 1758 2067 1826 epi—

2172 580 2299 617 num
2333 564 2724 627 deposuerunt.
2777 558 3052 614 Hactenus
3099 561 3242 613 enim
3274 561 3558 629 judiciutn,
3592 564 3737 626 qum

2175 656 2240 709 de
2266 670 2330 707 eo
2353 653 2495 707 ferre
2531 651 2813 706 Voluerunt
2849 652 3097 721 Ancyrae,
3133 649 3256 718 fuga
3289 662 3343 705 et
3379 652 3603 706 latebris
3636 652 3737 703 dc-

2184 747 2501 801 clinaverat.
2569 743 2673 797 Sed
2718 753 2852 797 tunc
2906 744 3182 798 absentem
3217 740 3536 809 depositum
3570 742 3737 797 fuisse

2167 839 2523 906 perspicimus
2538 852 2603 889 cx
2641 836 2726 889 his
2749 834 2927 888 Basilii
2954 834 3020 886 de
3051 835 3155 890 hoc
3178 832 3403 889 concilio
3432 835 3608 887 verbis
3635 832 3735 904 (g):

2171 928 2241 981 lli
2273 945 2407 983 nunc
2442 928 2655 996 fratrem
2684 942 2854 979 meum
2880 920 3055 992 Νέμεα
3092 924 3418 991 expulerunt,
3466 926 3735 977 sententia

2167 1035 2261 1073 sua
2288 1020 2560 1075 videlicet.
2586 1017 2719 1071 Nam
2754 1018 2889 1070 nihil
2922 1014 3065 1069 aliud
3104 1025 3349 1082 poterant
3378 1016 3428 1067 in
3459 1015 3736 1068 absentem

2168 1126 2231 1165 ac
2260 1122 2377 1165 tuto
2400 1111 2828 1165 delitescentem.
2866 1109 2991 1176 Ejus
3022 1108 3139 1160 loco
3174 1108 3586 1162 introduxerunt
3635 1106 3738 1159 bo-

2171 1204 2397 1265 miuem,
2429 1202 2512 1255 vel
2540 1203 2717 1269 potius
2749 1201 3078 1270 mancipium
3108 1200 3292 1268 paucis
3316 1201 3490 1254 obolis
3521 1196 3736 1261 venale,

2166 1296 2260 1349 sed
2291 1297 2437 1363 quod
2469 1296 2535 1348 ad
2573 1293 2693 1347 lidei
2728 1277 3087 1360 corruptelam
3118 1291 3329 1353 attinet,
3356 1292 3462 1360 his,
3493 1292 3583 1363 qui
3605 1304 3741 1346 cou-

2166 1389 2414 1450 stituerc,
2451 1401 2556 1439 non
2590 1382 2840 1437 inferius.

2245 1480 2331 1546 (It)
2371 1476 2627 1529 Miscrunt
2662 1474 2823 1527 ctiam
2857 1474 2907 1526 in
2959 1473 3209 1542 oppidum
3246 1471 3414 1524 Doara
3464 1475 3738 1529 hominem

2167 1570 2527 1635 pestilentem,
2564 1563 2890 1632 pupillorum
2934 1563 3190 1616 [amulum
3240 1572 3294 1615 et
3346 1576 3374 1612 a
3427 1564 3540 1615 suis
3589 1566 3741 1620 beris

2168 1659 2473 1726 fugitivum,
2502 1671 2657 1725 quem
2684 1655 3003 1721 episcopum
3021 1656 3427 1712 ordinaverunt,
3458 1663 3515 1705 ut
3550 1668 3741 1707 assen-

2170 1759 2418 1803 tarentur
2451 1745 2777 1801 muliercula:
2800 1744 3002 1811 impiae,
3041 1760 3161 1812 qua:
3210 1747 3363 1813 prius
3390 1742 3624 1814 Georgio
3667 1747 3737 1797 ad

494 1844 630 1898 stola
668 1848 911 1914 sequenti
963 1846 1039 1915 (ὁ)
1071 1861 1337 1902 summam
1370 1847 1638 1903 Ρωιυειιίί
1693 1850 2063 1904 fortitudinem
2098 1843 2140 1898 B
2171 1838 2457 1892 arbitrium
2493 1852 2651 1889 suum
2679 1850 2773 1889 usa
2827 1833 3021 1896 fuerat,
3059 1843 3112 1885 et
3164 1846 3349 1902 postea
3405 1835 3545 1887 hunc
3596 1833 3738 1888 illius

493 1932 683 1994 animi,
736 1933 877 2007 quod
924 1950 1027 1987 non
1067 1935 1281 1990 dederit
1328 1948 1538 2006 tempus
1587 1939 1917 1993 adversariis
1961 1940 2063 1995 sibi

499 2024 845 2092 providendi,
880 2040 1054 2093 neque
1116 2042 1303 2082 eorum
1359 2028 1586 2082 insidias
1632 2033 2062 2087 exsuscitaverit.

493 2111 776 2181 Quomodo
798 2115 909 2168 hac
938 2116 1040 2167 dici
1074 2128 1316 2183 patuere,
1343 2118 1385 2171 si
1412 2118 1523 2188 jam
1552 2120 1739 2174 Ariani
1768 2120 2062 2191 Nicopolim

493 2205 901 2275 cppuguabaut,
938 2215 989 2259 et
1024 2207 1237 2261 intruso
1269 2223 1366 2275 per
1401 2211 1509 2262 vim
1557 2221 1612 2265 et
1649 2212 2060 2282 impressionem

498 2298 626 2365 lupo
657 2296 1034 2366 gravissimam
1066 2300 1492 2367 persecutionem
1541 2306 1914 2359 exercebant?
1959 2304 2065 2359 De-

495 2392 660 2459 nique
693 2389 1029 2449 Theodotum
1082 2393 1269 2460 paucis
1299 2395 1487 2449 diebus
1530 2395 1729 2450 obiisse
1769 2408 2060 2464 antequam

494 2483 611 2538 lure
634 2482 893 2537 scriberet
916 2480 1167 2547 Basilius,
1206 2499 1273 2537 ex
1298 2485 1383 2538 bis
1418 2485 1595 2538 verbis
1621 2486 1891 2556 colligitur
1928 2504 1941 2539 :
1975 2487 2063 2540 Si-

494 2575 602 2630 mul
634 2585 807 2628 autem
830 2583 876 2626 ct
903 2574 1050 2627 nobis
1087 2590 1392 2641 prosperum
1418 2575 1519 2627 iter
1547 2578 1841 2643 precemiui,
1868 2588 1925 2630 ut
1971 2579 2064 2631 ad-

493 2665 755 2722 venientes
793 2666 1056 2719 vobiscum
1098 2665 1424 2733 gaudeamus
1452 2668 1514 2721 de
1541 2669 1784 2732 prwscuti
1833 2683 2064 2739 pastore,

496 2772 690 2824 uosque
723 2767 904 2815 mutuo
932 2758 996 2812 de
1026 2756 1169 2812 obitu
1202 2759 1491 2815 communis
1530 2761 1699 2829 patris
1735 2765 1899 2816 nostri
1942 2780 2065 2818 cou-

493 2848 745 2903 solemur.

566 2935 697 2991 Tam
730 2938 1050 3006 praeclarum
1079 2940 1351 2997 Armeniae
1379 2942 1757 3012 episcoporum
1778 2944 2061 2998 consilium

494 3040 684 3101 optato
714 3032 866 3093 exitu
904 3035 1103 3088 caruit.
1135 3033 1255 3090 Cito
1278 3036 1423 3091 enim
1466 3037 1682 3089 videtur
1722 3035 2065 3104 Euphronius

496 3120 773 3178 Coloniam
820 3126 1079 3194 rediisse;
1132 3129 1278 3182 nulla
1326 3129 1473 3183 illius
1513 3128 1774 3197 deinceps
1812 3138 2066 3184 occurret

2170 1930 2434 1983 habuerat
2460 1940 2850 1980 successorem.
2881 1924 3054 1977 Alium
3083 1925 3352 1979 hominem
3372 1927 3736 1995 desperatum,

2170 2024 2220 2073 in
2260 2017 2531 2072 Ecclesias
2574 2017 2898 2076 immissom,
2935 2014 2985 2066 id
3018 2025 3124 2078 est,
3159 2018 3226 2071 ab
3257 2018 3458 2087 Auysio
3485 2031 3540 2073 et
3576 2018 3739 2074 Ecdi.

2167 2118 2252 2170 cio
2274 2117 2607 2179 ordinatum,
2646 2114 2876 2170 Basilius
2910 2116 2960 2165 iu
3000 2115 3099 2166 hac
3131 2124 3183 2166 et
3214 2112 3490 2181 superiore
3516 2113 3581 2164 ad
3604 2127 3736 2165 San-

2166 2218 2311 2260 ctum
2342 2207 2636 2261 Eusebium
2661 2204 2888 2274 epistola
2921 2214 3173 2257 testatur.
3207 2203 3376 2266 Quem
3422 2212 3601 2255 autem
3634 2201 3738 2255 tui-

2167 2309 2355 2351 serunt
2383 2300 2578 2361 Doara,
2612 2298 2660 2350 is
2691 2307 2775 2350 est
2810 2297 2875 2350 de
2899 2310 3006 2364 quo
3045 2293 3276 2346 Basilius
3315 2295 3391 2344 ait
3415 2294 3467 2345 in
3507 2292 3734 2361 epistola

2165 2388 2291 2452 251,
2322 2388 2500 2443 Doara
2542 2392 2812 2455 antiquum
2855 2396 3153 2454 receperunt
3186 2382 3494 2437 Mulionem.
3528 2384 3737 2451 Quibus

2167 2497 2233 2536 ex
2253 2482 2428 2535 verbis
2446 2480 2643 2549 colligit
2660 2479 3030 2534 Tillemontius
3051 2482 3112 2549 (ἱ)
3129 2480 3268 2532 hunc
3286 2476 3553 2530 hominem
3573 2485 3734 2528 antea

2171 2575 2494 2628 Doarensem
2526 2572 2833 2641 episcopum
2864 2571 3051 2635 fuisse,
3076 2575 3167 2625 sed
3191 2589 3219 2625 a
3242 2570 3533 2625 Catholicis
3548 2566 3737 2635 expul-

2170 2682 2309 2729 sum,
2343 2666 2435 2734 qui
2497 2666 2548 2719 ei
2608 2664 2871 2718 Eulalium
2922 2663 3340 2727 substituerunt,
3399 2672 3586 2731 postea
3636 2659 3738 2714 sub

2171 2758 2564 2818 Demosthene,
2590 2757 2711 2809 data
2741 2756 3047 2816 occasione,
3098 2756 3280 2808 sedem
3322 2770 3472 2806 suam
3512 2766 3737 2819 recupe-

2175 2863 2346 2903 rasse.
2403 2845 2702 2900 Confirmat
2737 2846 2875 2898 hanc
2904 2844 3181 2897 historiam
3215 2846 3559 2897 doctissimus
3586 2841 3725 2898 seri?

2168 2948 2292 3008 ptor
2313 2954 2376 2991 ex
2403 2937 2648 2992 oratione
2699 2938 2968 2990 tricesima
3001 2936 3175 2989 sancti
3205 2934 3451 3001 Gregorii
3494 2933 3738 2986 Nazian-

2170 3030 2313 3086 zeni.
2346 3030 2451 3083 Sed
2491 3044 2613 3083 cum
2664 3044 2825 3095 supra
2876 3028 3273 3082 ostenderimus
3301 3023 3621 3094 Gregorium
3678 3024 3733 3076 in

2170 3122 2274 3176 hac
2301 3121 2550 3176 oratione
2576 3136 2675 3175 non
2704 3122 2771 3173 de
2792 3120 3017 3188 expulso
3046 3119 3325 3182 haeretica,
3348 3119 3441 3169 sed
3471 3115 3538 3169 de
3569 3113 3734 3169 Eula-

496 3217 735 3282 mentio;
775 3192 1075 3285 Nicopolim
1122 3235 1150 3272 a
1198 3220 1532 3291 presbyteris
1563 3192 1775 3289 vigente
1813 3236 2068 3291 persecu-
2094 3192 2135 3249 θ
2174 3215 2244 3267 lio
2276 3216 2327 3267 in
2355 3228 2550 3266 novum
2579 3213 2940 3279 episcopatum
2994 3221 3180 3266 erecto
3209 3222 3399 3276 agere,
3462 3217 3577 3261 rutt
3616 3218 3729 3262 tota

497 3304 641 3360 tione
665 3306 1014 3377 gubernatam
1046 3309 1344 3363 videbimus
1365 3351 1379 3374 ,
1417 3326 1513 3365 nec
1547 3311 1803 3365 Frontoni
1836 3354 1850 3377 ,
1886 3312 1975 3378 qui
2014 3313 2065 3375 in

498 3396 641 3452 hanc
686 3398 871 3451 sedem
908 3397 1083 3453 instar
1121 3398 1347 3455 latronis
1407 3402 1627 3465 invasit,
1679 3401 1806 3455 illud
1861 3404 2065 3456 crimen

494 3488 776 3554 objicitur,
807 3490 949 3559 quod
986 3490 1285 3561 legitimum
1310 3491 1620 3560 episcopum
1652 3491 1938 3560 expulerit.
1962 3491 2065 3547 Vc-

496 3577 731 3631 risimile
777 3588 860 3632 est
906 3588 1124 3635 coactos
1174 3581 1340 3635 fuisse
1396 3581 1678 3651 episcopos
1716 3580 1957 3649 querelis
1996 3596 2060 3636 ac

497 3668 660 3723 minis
690 3668 1066 3725 Colonensium
1100 3656 1314 3726 cedere.

572 3760 637 3814 ν.
663 3758 790 3814 Post
812 3762 1098 3816 concilium
1135 3763 1478 3832 Ancyranum
1516 3761 1906 3839 Demosthenes
1934 3777 2065 3831 pau-

498 3850 669 3918 lisper
715 3852 859 3905 circa
909 3868 998 3907 res
1030 3851 1293 3907 militares
1333 3864 1648 3924 occupatus,
1700 3870 1888 3909 rursus
1922 3856 2066 3909 venit

498 3941 800 3995 Cmsaream
832 3942 932 4011 (c),
980 3958 1043 3996 ac
1081 3944 1329 4011 protinus
1355 3959 1493 3999 voce
1540 3936 1696 3999 unica
1728 3960 1917 4000 omnes
1958 3947 2064 4000 Ec-

499 4032 677 4086 clesiae
709 4031 1068 4087 Caesariensis
1102 4034 1334 4089 clericos
1364 4036 1528 4089 curiae
1554 4037 1795 4090 tradidit.
1822 4035 1947 4091 inde
1973 4053 2063 4091 ve-

497 4123 578 4177 nit
611 4122 939 4184 Sebastiam,
1004 4122 1093 4176 ubi
1150 4123 1329 4192 plures
1376 4123 1493 4179 dies
1546 4124 1706 4189 sedit,
1760 4139 1826 4179 ac
1876 4139 2066 4180 omnes

500 4214 559 4274 8.
586 4213 767 4268 Basilii
796 4216 1290 4270 communicatores
1322 4218 1492 4270 curize
1531 4216 1766 4282 addixit,
1797 4217 2063 4272 Eustatbii

498 4314 677 4362 autem
713 4306 917 4361 amicos
944 4306 1193 4359 maximis
1230 4308 1529 4363 honoribus
1560 4308 1712 4365 fovit.

572 4396 780 4451 ltursus
797 4395 1113 4451 Galatarum
1137 4406 1193 4449 et
1222 4395 1567 4452 Ponticorum
1595 4400 1855 4469 synodum
1882 4399 2067 4471 Nysae

496 4488 659 4556 jussit
692 4487 977 4542 celebrari.
1010 4488 1065 4542 In
1094 4502 1201 4556 quo
1230 4489 1445 4557 quidem
1489 4505 1708 4559 operam
1763 4492 1813 4546 ei
1849 4494 2067 4547 navavit

507 4577 846 4642 Eustathius,
898 4592 963 4633 ac
1002 4581 1188 4633 vicarii
1231 4581 1498 4635 mandatis
1535 4580 1783 4649 adjunxit
1836 4583 2063 4652 legatio-

498 4682 621 4722 nem
651 4668 968 4720 selectorum
1014 4667 1092 4739 (ά)
1144 4683 1209 4723 ex
1252 4684 1347 4723 sua
1376 4669 1611 4724 Ecclesia
1642 4670 1941 4736 hominum,
1975 4672 2067 4741 qui

498 4757 714 4820 Galatas
770 4769 1109 4814 accerserent
1171 4776 1235 4815 ac
1289 4762 1675 4831 perbonorilice
1718 4762 2065 4819 deducerent.

499 4849 801 4903 Adfuerunt
835 4854 993 4904 etiam
1041 4851 1255 4907 Pontici
1313 4853 1568 4922 episcopi.
1618 4853 1751 4907 Nam
1808 4862 2068 4922 utrosque

500 4938 729 4996 Basilius
764 4940 833 5009 (ε)
865 4942 1127 4996 mandatis
1169 4944 1355 4997 vicarii
1406 4945 1650 5013 paruisse
1700 4952 1949 4997 testatur.
2007 4944 2062 4995 In

501 5031 607 5087 hoc
637 5033 869 5086 concilio
893 5034 1150 5088 dominati
1178 5045 1307 5090 sunt
1329 5037 1557 5105 Anysius
1589 5046 1641 5090 et
1658 5035 1904 5090 Ecdicius
1930 5034 2061 5089 Par-

507 5137 788 5188 nasseuus,
824 5126 1022 5195 quibus
1060 5126 1396 5198 potissimum
1422 5127 1648 5184 Basilius
1668 5128 1734 5199 (ι’)
1759 5128 1903 5197 impii
1934 5142 2066 5182 cou-

571 5348 645 5416 (al
678 5346 909 5412 Erum.

573 5418 649 5483 (li)
682 5417 777 5481 Ep.
808 5419 933 5471 229.

572 5486 644 5623 pi
686 5486 783 5550 Ep.
817 5487 943 5539 257.

602 5556 655 5623 tl)
689 5555 783 5621 Ep.
812 5557 942 5621 ait,

602 5556 655 5629 rt)
681 5555 942 5629 βῃηίζῌ,
968 5576 1020 5612 n.
1048 5559 1098 5625 7,
1123 5570 1174 5614 et
1203 5574 1285 5629 ep.
1322 5559 1427 5614 250
1454 5572 1504 5615 et
1536 5561 1662 5626 251,
1697 5580 1748 5615 n.
1772 5564 1827 5617 ὖ.

577 5626 647 5693 (ε)
680 5626 772 5691 Ep.
793 5625 917 5683 239.

580 5696 652 5787 tfl
676 5694 808 5787 ῑιεξεξ·

609 5765 654 5819 'l
680 5764 808 5823 lbid.

2170 3308 2414 3362 narratio
2442 3305 2795 3359 Tillemontii.
2821 3307 2999 3371 Quare
3023 3320 3143 3359 cum
3172 3304 3247 3357 ait
3278 3302 3531 3366 Basilius,
3557 3301 3736 3355 Doara

2168 3399 2441 3466 antiquum
2472 3396 2754 3449 Mulionem
2792 3406 3111 3464 receperunt,
3140 3397 3403 3450 nefarium
3448 3398 3589 3448 hunc
3633 3396 3736 3447 lto-

2170 3488 2367 3541 minem
2397 3486 2525 3542 olim
2570 3485 2763 3542 Doaris
2800 3503 2996 3541 munus
3035 3486 3285 3540 Mulionis
3307 3487 3617 3539 exercui-se
3646 3486 3735 3537 in-

2166 3576 2332 3629 dicat.

2238 3668 2315 3737 (j)
2350 3666 2556 3723 Galatae
2588 3666 2773 3720 Ariani
2819 3676 2941 3719 cum
2988 3666 3288 3719 amicorum
3342 3664 3605 3717 Ettslttlllll
3638 3676 3734 3715 eo-

2167 3762 2379 3825 mitatu,
2414 3759 2583 3830 Nyssa
2607 3756 2810 3827 egressi
2854 3766 3004 3821 sunt,
3056 3765 3111 3809 et
3168 3754 3269 3808 hoc
3326 3754 3582 3808 satellitio
3634 3753 3736 3806 sti-

2167 3854 2300 3924 pati,
2322 3867 2532 3907 omnem
2557 3849 2814 3922 parteciae
2840 3847 3128 3902 Eustathio
3168 3845 3423 3912 subjectae
3454 3846 3732 3914 regionem

2170 3952 2615 4014 peragraverunt,
2665 3944 3040 4013 episcoporum
3102 3940 3401 3993 honoribus
3443 3948 3496 3992 et
3543 3936 3736 3992 ciliciis

2178 4040 2377 4093 ornati.
2420 4039 2717 4093 lntroducti
2752 4046 2929 4090 autem
2954 4043 3079 4088 sunt
3104 4034 3495 4104 perbonorilicc
3521 4033 3571 4085 in
3603 4034 3737 4086 civi-

2184 4138 2372 4193 tatem,
2406 4131 2717 4184 concionem
2751 4127 3007 4181 habentes
3046 4141 3254 4179 summa
3282 4141 3401 4180 cum
3443 4135 3730 4194 potestate.

2168 4217 2425 4273 Traditus
2458 4229 2543 4273 est
2568 4221 2710 4273 enim
2745 4218 2854 4272 illis
2884 4221 3133 4287 populus,
3170 4218 3426 4271 traditum
3462 4217 3651 4278 altare,
3681 4218 3733 4269 in

2172 4324 2279 4378 quo
2302 4310 2443 4362 sacri
2468 4310 2764 4362 licavet‘ttnt
2786 4309 2882 4376 (lt),
2916 4319 2971 4362 et
3010 4310 3284 4376 proprium
3317 4321 3511 4375 panem
3538 4309 3735 4377 populo

2170 4398 2321 4451 Omni
2357 4397 2777 4449 distribuerunt.
2807 4398 3005 4460 Quales
3051 4405 3232 4449 essent
3269 4396 3531 4462 ejusmodi
3564 4395 3736 4449 homi-

2171 4504 2269 4542 nes
2301 4486 2387 4555 (ι),
2416 4496 2471 4541 et
2500 4488 2768 4554 quomodo
2797 4503 2984 4541 corum
3019 4488 3246 4556 quisque
3303 4490 3581 4543 ordiuatus
3623 4502 3637 4537 :
3680 4495 3737 4537 et

2180 4579 2322 4647 quali
2363 4593 2427 4632 ex
2456 4579 2563 4630 vita
2598 4578 2663 4630 ad
2697 4579 2833 4632 hanc
2873 4587 3093 4633 evectus
3137 4587 3480 4646 potestatem,
3519 4578 3735 4631 silentio

2184 4670 2433 4734 Basilius,
2471 4680 2528 4722 ut
2556 4680 2738 4723 notum
2785 4671 3034 4725 omnibus
3069 4670 3185 4739 (ιη),
3216 4672 3305 4738 qui
3349 4686 3467 4724 cum
3497 4671 3575 4723 eis
3615 4681 3735 4725 tan-

2184 4762 2351 4829 tisper
2377 4762 2573 4815 versati
2605 4761 2841 4824 fuerant,
2870 4763 3387 4829 przetermitteudum
3431 4762 3731 4816 existimat.

2173 4852 2279 4906 Sed
2312 4861 2493 4905 tamen
2528 4862 2647 4919 post
2681 4863 2787 4906 tam
2841 4853 3072 4920 insignia
3102 4852 3305 4907 venalis
3350 4861 3402 4905 ct
3442 4851 3732 4920 turpificati

2171 4945 2336 4998 animi
2378 4945 2692 5014 specituiua,
2726 4959 2913 4997 eorum
2948 4946 3014 4997 ad
3060 4960 3118 4999 se
3140 4944 3571 4998 communionem
3625 4944 3734 4998 Eu-

2172 5036 2405 5091 stathius
2428 5052 2532 5089 non
2562 5037 2785 5092 retraxit
2810 5037 2909 5105 (η).
2961 5037 3113 5103 Quod
3158 5039 3237 5092 eis
3290 5037 3453 5091 dabat
3502 5038 3736 5104 accipie-

2174 5130 2334 5195 bant;
2368 5130 2461 5184 sed
2493 5128 2786 5183 nihiltauti
2818 5130 2897 5183 eis
2940 5129 3061 5196 fuit,
3116 5140 3177 5185 ut
3214 5130 3282 5186 ab
3328 5131 3732 5200 episcoporum,

2235 5351 2309 5420 (It)
2347 5350 2442 5418 Ep.
2464 5352 2589 5404 259.

2229 5426 2290 5488 (ι)
2323 5420 2475 5473 Tom.
2504 5422 2592 5484 IX,
2620 5440 2667 5491 p.
2695 5424 2818 5476 ὅθί.

2234 5494 2298 5561 (j)
2333 5493 2425 5556 Ep.
2451 5491 2574 5550 ‘251.
2612 5511 2663 5547 ll.
2694 5495 2745 5544 5.

2233 5561 2426 5629 (1;)112p.
2457 5561 2578 5632 244,
2616 5580 2669 5618 n.
2701 5564 2821 5623 7,ct
2843 5578 2927 5632 ep.
2960 5562 3079 5614 “250.

2238 5635 2300 5695 (Ι)
2334 5634 2425 5693 lip.
2455 5630 2577 5692 2M,
2606 5649 2657 5683 tt.
2686 5634 2735 5685 7.

2234 5702 2328 5765 (γη)
2363 5702 2455 5765 Ep.
2480 5701 2605 5765 9.31,
2642 5719 2693 5754 n.
2734 5702 2783 5757 5.

2234 5777 2310 5838 (η)
2342 5771 2468 5824 Ibid.
