4038 6456
1584 368 1744 425 νιΤΑ
1783 368 1841 425 S.
1878 369 2143 427 BASILII.

3378 390 3501 432 CIL!

239 489 339 561 qui
374 488 713 547 Eustathium
774 487 1163 555 deposuerant,
1219 488 1540 543 auctoritate
1581 490 1824 548 discede-
1850 494 1897 554 Α
1932 489 2299 560 Cappadocia,
2322 500 2376 547 et
2410 504 2533 564 post
2565 490 2774 547 Pascha
2818 491 3096 556 stertebat,
3125 498 3194 544 ut‘
3220 504 3362 545 anno
3393 492 3501 548 375

245 594 375 637 rent
406 584 511 657 (a).
535 583 669 637 Cum
703 581 806 633 hoc
834 582 1048 651 agmine
1070 578 1380 635 Eustathius
1408 580 1699 652 Nicopolim
1728 600 1824 640 ve-

246 679 354 742 nit,
380 689 440 732 ut
474 687 529 730 et
564 674 753 727 vicarii
804 685 859 729 et
906 674 1234 728 Arianorum
1265 682 1533 742 potestate
1564 678 1822 743 munitus,

248 768 380 822 huic
434 764 710 831 Ecclesiae,
753 779 873 833 qua:
909 778 1081 829 nuper
1120 765 1439 832 episcopum
1491 760 1820 819 Theodotum

250 860 535 918 amiserat,
564 856 729 910 alium
771 854 1086 922 episcopum
1112 855 1286 908 daret.

321 950 412 1003 γι.
439 948 552 1003 Non
590 949 814 1005 multum
852 948 1141 1001 habuimus
1176 946 1372 1015 negotii
1405 944 1457 998 in
1488 944 1819 1009 disponenda

242 1042 517 1107 ejusmodi
545 1050 837 1097 eventuum
869 1041 1032 1096 serie.
1068 1038 1160 1093 Sic
1188 1040 1331 1091 enim
1362 1040 1429 1093 ab
1472 1040 1587 1109 ipso
1620 1040 1821 1095 Basilio

242 1132 439 1187 ordine
467 1144 756 1188 narrantur
786 1133 839 1186 in
870 1132 1114 1201 epistolis
1160 1129 1267 1184 257
1293 1142 1347 1184 et
1367 1131 1494 1186 259.
1536 1133 1639 1187 Sed
1681 1130 1818 1184 ditii-

241 1226 407 1283 cilius
453 1237 540 1283 est
584 1238 847 1287 statuere,
881 1234 1061 1277 utrum
1121 1238 1261 1277 anno
1304 1225 1407 1280 575
1451 1237 1718 1287 exeunte,
1751 1239 1818 1276 an

243 1321 468 1375 ineunte
496 1322 624 1381 576,
680 1319 1029 1389 contigerint.
1090 1320 1475 1376 Tillemontius
1524 1329 1579 1372 et
1631 1327 1820 1372 auctor

239 1411 585 1467 Bibliotheca!
614 1411 983 1467 ecclesiastica:
1011 1415 1079 1469 ad
1134 1415 1346 1469 initium
1372 1410 1501 1466 anni
1552 1410 1813 1477 referunt,

238 1494 473 1569 excepto
509 1512 687 1558 tamen
722 1505 955 1560 concilio
1015 1509 1329 1578 Ancyrano,
1387 1506 1531 1575 quod
1579 1503 1817 1559 fatentur

240 1595 342 1649 sub
372 1594 539 1649 finem
572 1598 697 1652 atnti
726 1597 832 1653 575
852 1607 1212 1652 convocatum
1255 1598 1445 1651 fuisse.
1480 1597 1612 1652 Cum
1649 1595 1815 1651 Tille-

236 1690 447 1743 montio
490 1688 668 1743 facere
714 1690 965 1743 videntur
1010 1689 1158 1756 plura
1207 1690 1470 1742 rationum
1507 1699 1810 1756 momenta;

241 1782 385 1847 quod
417 1783 658 1849 synodus
694 1782 1007 1850 Ancyrana,
1041 1797 1204 1850 quam
1246 1781 1336 1834 alii
1370 1791 1595 1836 eventus
1627 1798 1812 1837 conse-

240 1872 351 1925 cuti
382 1880 530 1931 sunt,
572 1872 744 1925 inedia
781 1872 956 1926 hieme
989 1874 1040 1926 in
1071 1875 1232 1943 epist.
1259 1873 1366 1928 257
1413 1874 1597 1928 habita
1644 1874 1811 1929 fuisse

236 1962 480 2032 legitur:
533 1964 677 2031 quod
723 1963 1043 2019 Eustathius
1074 1966 1232 2021 annis
1272 1968 1458 2023 decem
1494 1977 1549 2020 et
1606 1975 1810 2036 septem

231 2064 339 2102 non
369 2052 578 2107 exactis
608 2054 1034 2123 postconcilium
1066 2056 1121 2111 C.
1150 2054 1209 2111 P.
1245 2058 1371 2112 anni
1400 2057 1523 2122 360,
1554 2072 1672 2112 sese
1689 2072 1810 2110 cum

233 2138 475 2207 Arianis,
514 2154 574 2199 ut
622 2147 877 2215 opinatur
920 2148 1325 2213 Tillemontius,
1358 2161 1545 2220 aperte
1583 2149 1811 2218 conjun-

231 2232 388 2284 xisse
416 2236 617 2289 dicitur
646 2238 697 2291 in
723 2239 951 2307 epismla
981 2238 1107 2305 251,
1140 2256 1193 2292 n.
1215 2240 1270 2293 2.

305 2320 411 2375 Sed
471 2325 555 2377 his
600 2327 925 2394 coniecturis
981 2329 1138 2398 longe
1194 2329 1530 2397 praeferenda
1573 2333 1812 2399 epistola:

227 2412 329 2469 231
372 2418 696 2483 auctoritas,
742 2435 863 2491 qua:
890 2432 1017 2474 ante
1047 2420 1229 2475 natale
1259 2420 1492 2487 Domini,
1528 2431 1587 2476 ut
1621 2433 1809 2490 postea

232 2509 559 2575 videbimus,
597 2512 821 2581 scripta,
855 2511 1107 2567 Ecclesia:
1136 2512 1426 2570 Doarensis
1450 2516 1811 2586 perturbatio-

232 2612 353 2651 nem
389 2612 444 2653 et
471 2604 785 2671 episcopum
823 2606 869 2657 ei
908 2605 1220 2675 impositum
1264 2608 1639 2677 Amphilochio
1674 2625 1812 2665 nun-

233 2688 351 2742 tiat.
382 2689 501 2743 Jam
534 2708 665 2762 ergo
696 2697 948 2750 accersiti
984 2712 1013 2750 e
1052 2696 1263 2751 Galatia
1294 2699 1503 2765 Ariani,
1537 2699 1648 2767 jam
1675 2700 1809 2771 Nys-

234 2796 365 2835 sena
392 2785 633 2853 synodus
652 2788 992 2854 pestilentem
1028 2791 1301 2844 hominem
1338 2791 1390 2843 in
1420 2792 1521 2845 hoc
1556 2794 1807 2861 oppidum

238 2875 487 2930 miserat.
527 2876 718 2933 Utrum
746 2881 909 2935 iidem
932 2882 1121 2937 Ariani
1154 2881 1467 2938 Sebastiam
1516 2884 1809 2938 introducti

232 2962 461 3031 fuerint,
504 2982 628 3022 cum
691 2968 833 3025 hanc
884 2972 1171 3043 epistolam
1226 2972 1491 3027 scriberet
1553 2971 1808 3037 Basilius,

230 3056 485 3122 equidem
512 3068 752 3114 statuere
792 3078 897 3116 non
932 3079 1176 3131 possum.
1230 3064 1335 3119 Res
1386 3062 1587 3118 differri
1634 3072 1811 3133 potest

231 3160 402 3211 usque
425 3149 493 3200 ad
514 3149 730 3203 initium
766 3154 890 3205 anni
925 3154 1050 3207 576.
1088 3154 1233 3207 Satis
1253 3163 1336 3209 est
1370 3156 1435 3207 ad
1467 3154 1804 3209 concilianda

1925 583 2353 637 observavimus.
2382 582 2492 641 Nec
2527 586 2723 641 mirum
2756 584 2983 653 proinde
3011 584 3058 641 si
3092 583 3360 637 interdum
3391 583 3501 639 cito

1923 675 2190 731 veniebat.

1996 767 2111 822 Non
2145 766 2361 821 adhibui
2398 780 2796 836 argumentum,
2822 768 2966 836 quod
2996 768 3098 822 sibi
3136 766 3298 832 objict
3331 779 3494 836 posse

1923 860 2093 913 sensit
2140 855 2536 912 Tillemontius.
2586 859 2640 911 In
2693 858 2918 929 epistola
2953 858 3080 924 251,
3130 874 3250 929 quae
3290 861 3493 927 scripta

1923 960 2003 1003 est
2055 962 2198 1003 anno
2239 948 2364 1011 576,
2417 950 2494 1003 ait
2548 948 2776 1005 Basilius
2810 952 3045 1006 Arianos
3095 951 3163 1005 ab
3212 950 3499 1005 Eustatbin

1921 1040 2213 1095 accersitos
2258 1054 2289 1093 e
2320 1039 2528 1094 Galatia
2584 1055 2726 1092 anno
2780 1043 3056 1110 praeterito
3110 1039 3298 1099 fuisse.
3343 1040 3497 1097 Unde

1922 1132 2093 1188 facilis
2138 1133 2415 1189 conclusio
2461 1134 2510 1185 id
2545 1134 2838 1203 contigisse
2884 1152 3025 1191 anno
3065 1134 3192 1192 575.
3244 1135 3333 1189 Sic
3380 1149 3493 1188 rem

1918 1227 2132 1289 expedit
2168 1224 2567 1280 Tillemoutius.
2618 1226 2816 1279 Statuit
2878 1226 3015 1284 hanc
3058 1228 3342 1300 epistolam
3389 1226 3489 1281 251

1921 1328 2106 1368 mense
2140 1315 2380 1383 Octobri,
2413 1331 2557 1372 anno
2588 1315 2711 1383 576,
2741 1318 2995 1386 scriptam
3044 1336 3194 1389 esse;
3230 1319 3357 1375 anni
3400 1333 3497 1372 au-

1920 1414 2028 1460 tem
2071 1406 2283 1461 initium
2339 1411 2479 1478 apud
2529 1408 2836 1464 Orientales
2881 1425 2909 1463 a
2946 1425 3131 1465 mense
3183 1410 3493 1483 Septembri

1918 1495 2061 1549 duci.
2098 1495 2233 1552 Hinc
2268 1499 2470 1570 colligit
2511 1500 2794 1565 Basiliutu,
2843 1515 2965 1555 cum
2995 1502 3263 1557 scriberet
3290 1507 3493 1574 episto-

1916 1592 2019 1644 lam
2058 1589 2185 1656 251,
2212 1607 2397 1647 mense
2434 1592 2674 1659 Octobri,
2723 1595 2789 1649 ad
2820 1610 3020 1649 annum
3056 1598 3387 1665 prmteritnm
3426 1613 3490 1653 ea

1916 1682 2121 1738 referre
2145 1685 2381 1753 potuisse
2403 1701 2523 1755 qnte
2544 1704 2725 1743 mense
2746 1688 3007 1744 Januario
3037 1690 3283 1757 proxime
3303 1689 3490 1759 elapso

1914 1778 2272 1848 contigerant.
2322 1778 2429 1832 Sed
2465 1781 2530 1833 de
2568 1779 2650 1833 bis
2689 1795 2915 1850 agemus
2962 1781 3323 1851 conjecturis,
3366 1796 3491 1839 cum

1843 1849 1887 1907 Β
1918 1872 1983 1925 ad
2010 1870 2294 1942 epistolam
2324 1870 2422 1926 251
2460 1849 2787 1926 venerimus.

2462 1987 2688 2044 CAPUT
2732 1987 2941 2042 XXXV.

1914 2076 1953 2132 1.
1995 2079 2357 2150 ρητρΜΙοσΙιίο
2395 2081 2658 2150 signiﬁcat
2695 2078 2924 2134 Basilius
2956 2097 3015 2134 ea
3060 2097 3175 2148 qua:
3216 2088 3486 2150 geruntur.

1987 2146 2275 2214 Respondet
2321 2154 2372 2203 in
2405 2146 2511 2217 alia
2534 2146 2769 2217 epistola
2822 2151 2963 2203 illius
3008 2146 3197 2203 litteris
3216 2146 3277 2203 ἐι
3308 2166 3491 2204 mune-

1985 2220 2130 2272 ribus
2160 2221 2228 2272 ad
2262 2221 2454 2274 Natale
2486 2222 2696 2277 Domini
2739 2221 2932 2274 missis.
2972 2220 3137 2273 Mittit
3166 2230 3489 2274 commenta-

1985 2292 2123 2342 rium
2174 2292 2228 2341 in
2268 2306 2369 2359 quo
2422 2292 2569 2343 solvit
2619 2293 2760 2344 illius
2805 2293 3134 2357 qumstiones.
3176 2288 3253 2359 ll:
3288 2286 3490 2341 Fronto

1982 2372 2248 2413 mercatur
2281 2358 2642 2424 episcopatum
2691 2364 2753 2416 ab
2802 2363 3032 2413 Arianis.
3086 2359 3172 2413 ΙΙΙ.
3222 2358 3486 2411 Resislunl

1983 2432 2177 2483 acriter
2214 2430 2594 2498 NicOpolitani.
2632 2428 2721 2482 IV.
2763 2430 2838 2484 De
2876 2431 3106 2498 epistolis
3148 2428 3383 2498 257241
3419 2431 3489 2482 ad

1986 2498 2271 2553 Eusebium
2302 2496 2359 2554 et
2388 2501 2456 2552 ad
2490 2496 2912 2566 Nicoltolilttnos.
2947 2497 3009 2552 V.
3038 2497 3218 2567 Legati
3251 2501 3305 2551 in
3336 2496 3490 2567 Οᾳξξ-

1983 2569 2185 2639 dentem
2227 2570 2518 2624 Dorotheus
2561 2583 2610 2625 et
2646 2572 3023 2625 Sanctissimus
3056 2565 3487 2639 presbyteri.r\‘l.

1982 2634 2249 2691 Probatur
2284 2658 2369 2692 eos
2415 2640 2510 2691 hoc
2542 2656 2680 2693 anno
2715 2643 2857 2695 circa
2895 2634 3141 2706 Pasclia,
3193 2634 3295 2693 rion
3331 2638 3487 2692 citius

1979 2708 2238 2777 profectos
2266 2710 2447 2778 fuisse.

1982 2802 2020 2857 1.
2054 2801 2201 2856 inter
2231 2801 2332 2857 has
2379 2818 2670 2864 aerumnas.
2705 2811 2761 2856 ut
2794 2818 3019 2872 qua'que
3056 2817 3141 2857 res
3174 2802 3485 2866 eveniebat,

1913 2894 2145 2948 libenter
2205 2895 2584 2965 Ampliilocbio
2645 2893 2891 2964 pretinus
2973 2892 3276 2947 nuntiasset
3332 2890 3487 2944 Basi-

1913 2986 2016 3039 lius
2037 2985 2137 3054 (c),
2168 2997 2278 3039 tum
2312 2996 2369 3040 ut
2398 2988 2511 3057 ipse
2542 2988 2829 3040 narrandis
2854 2984 3033 3040 amico
3068 2985 3229 3040 rebus
3254 2984 3367 3038 suis
3396 2999 3487 3039 ac-

1912 3078 2251 3146 quiesceret,
2306 3086 2415 3131 tum
2470 3080 2595 3147 quia
2650 3080 2937 3131 maximam
2993 3092 3052 3132 se
3106 3092 3228 3132 esse
3278 3076 3488 3131 sciebat

1910 3165 2273 3234 Amphilochii
2316 3178 2525 3219 curam.
2560 3166 2665 3219 Sed
2703 3166 2927 3220 deerant
2973 3166 3064 3234 qui
3110 3165 3319 3221 litteras
3364 3180 3487 3235 per-

232 3232 417 3288 Basilii
455 3238 786 3303 testimonia,
820 3251 878 3295 ut
909 3245 1145 3313 synodus
1191 3244 1433 3314 Nyssena
1483 3246 1550 3297 ad
1604 3261 1803 3298 annum
1833 3248 1875 3305 C
1916 3232 2157 3322 ferrent;
2189 3270 2439 3324 magnum
2470 3254 2610 3309 enim
2645 3270 2748 3307 non
2777 3266 2889 3308 era'
2920 3232 3313 3325 Cappadociam
3346 3232 3489 3310 inter

232 3328 338 3382 375
365 3339 654 3383 exeuntem
686 3330 981 3387 referatur.
1011 3336 1245 3389 Arianos
1291 3335 1433 3390 enim
1483 3334 1715 3388 Basilius
1752 3337 1803 3388 in

230 3418 462 3486 epistola
510 3419 637 3484 251,
680 3424 976 3479 accersitos
1004 3439 1035 3478 e
1078 3423 1287 3479 Galatia
1331 3439 1473 3479 anno
1528 3424 1807 3494 praeterito

230 3508 399 3564 fuisse
448 3512 583 3565 dicit
640 3530 657 3571 :
705 3513 1044 3571 introductos
1094 3517 1145 3571 in
1201 3519 1391 3572 urbem
1428 3519 1617 3573 eodem
1663 3532 1807 3573 anno

229 3597 402 3655 fuisse
429 3617 533 3655 non
557 3604 709 3658 dicit.

298 3693 481 3750 Minus
522 3699 907 3755 animadvertit
950 3701 1349 3769 Tillemontius,
1380 3719 1503 3758 cum
1548 3703 1805 3759 Basiliam

226 3790 506 3841 existimat
530 3804 558 3841 a
585 3791 817 3847 concilio
851 3793 1459 3864 Constantinopolitano
1484 3794 1548 3848 ad
1578 3793 1805 3864 conjun-

227 3880 467 3933 ctionem
501 3879 769 3937 Eustathii
796 3900 918 3939 cum
952 3885 1175 3938 Arianis
1202 3900 1373 3938 annos
1411 3886 1597 3939 decem
1636 3896 1692 3939 et
1721 3899 1804 3938 sev

226 3982 377 4039 ptem
408 3986 515 4025 non
541 3972 727 4040 plenos
763 3991 1071 4030 numerare.
1105 3975 1351 4030 Totidem
1383 3978 1527 4031 enim
1557 3984 1808 4029 numerat

228 4076 401 4132 usque
457 4064 525 4117 ad
588 4064 716 4120 illud
751 4076 978 4136 tempus,
1017 4082 1125 4136 quo
1178 4068 1317 4122 hanc
1366 4068 1804 4138 conjunctionem

229 4155 518 4211 Eustathio
586 4162 973 4225 exprobrabat,
1033 4164 1255 4215 minime
1322 4175 1451 4215 vero
1506 4176 1679 4230 usque
1737 4160 1805 4214 ad

227 4249 404 4317 ipsam
432 4251 895 4315 coniunctionem,
929 4269 1049 4321 quae
1099 4269 1203 4308 non
1260 4254 1419 4323 paulo
1458 4255 1699 4309 anterior
1723 4262 1807 4309 est

225 4336 456 4403 epistola
489 4338 613 4393 251.
668 4338 803 4394 Tota
856 4358 943 4395 res
986 4342 1144 4397 facile
1198 4345 1524 4413 perspicitur
1553 4360 1617 4397 ex
1674 4344 1804 4413 ipsis

226 4426 422 4481 Basilii
459 4430 660 4487 verbis.
710 4430 838 4486 Htec
889 4441 1065 4486 autem
1103 4445 1401 4501 evenerunt,
1466 4435 1642 4503 inquit
1684 4436 1802 4504 (b),

228 4537 426 4592 nempe
466 4522 732 4579 Enstatbii
758 4526 1023 4594 depositio
1059 4526 1113 4579 in
1137 4526 1369 4581 coacilio
1408 4525 1804 4583 Constantino-

1907 3356 1961 3399 et
1988 3343 2239 3398 Pisidiam
2268 3347 2673 3400 commercium.
2706 3343 2907 3400 Nactus
2933 3349 3150 3410 tatnlem
3185 3345 3477 3414 Elpidium,

1908 3435 2000 3503 qui
2032 3434 2098 3487 ad
2135 3435 2325 3489 herum
2361 3452 2519 3489 suum
2548 3439 2895 3504 properabat,
2924 3446 2981 3489 ut
3011 3445 3249 3489 structas
3280 3435 3381 3488 sibi
3417 3434 3486 3488 ab

1909 3526 2141 3580 inimicis
2179 3524 2478 3579 calumnias
2520 3526 2751 3579 dilueret
2784 3566 2799 3590 ,
2837 3527 3006 3581 utitur
3055 3529 3157 3583 hac
3211 3527 3483 3583 scribendi

1905 3617 2211 3674 occasione.
2237 3618 2586 3673 Commendat
2628 3619 2893 3687 Elpidium
2924 3622 3323 3688 Amphilocbio,
3364 3624 3488 3675 bre-

1906 3711 2046 3763 viter
2092 3719 2281 3763 narrat
2322 3708 2390 3763 de
2442 3707 2629 3765 fratris
2682 3711 2894 3774 exsilio,
2943 3722 2997 3765 et
3047 3710 3115 3764 de
3167 3721 3486 3782 tempestate

1909 3802 2099 3856 Boaris
2124 3801 2381 3864 excitata,
2410 3815 2475 3853 ac
2503 3801 2572 3855 de
2605 3801 2817 3856 insidiis
2856 3803 2955 3856 sibi
3003 3803 3053 3857 in
3082 3803 3202 3856 aula
3237 3807 3481 3871 structis,

1908 3906 2045 3962 quas
2096 3902 2274 3945 tamen
2324 3906 2384 3946 se
2440 3892 2530 3946 Dei
2580 3894 2782 3946 auxilio
2830 3904 3211 3963 superaturum
3272 3904 3478 3965 sperat.

1908 3983 2199 4037 Absolutus
2236 3990 2353 4036 erat
2395 3982 2533 4037 liber
2580 3982 2655 4037 De
2695 3983 2900 4050 Spiritu
2956 3995 3173 4048 sancto,
3217 3995 3277 4037 ut
3318 4000 3481 4055 supra

1907 4073 2163 4137 diximus,
2214 4087 2388 4142 neque
2418 4072 2470 4126 id
2504 4073 2703 4127 latebat
2728 4074 3188 4140 Amphilochium.
3216 4073 3321 4129 Sed
3356 4090 3479 4130 cum

1909 4166 1954 4219 is
1987 4164 2226 4218 librariis
2254 4164 2435 4218 Basilii
2470 4164 2835 4233 praecepisset,
2862 4173 2919 4217 nt
2950 4166 3050 4218 hoc
3075 4181 3209 4233 opus
3236 4167 3288 4220 in
3319 4180 3483 4219 mem-

1909 4256 2095 4308 branis
2129 4254 2520 4317 describerent,
2554 4252 2786 4307 Basilius
2819 4253 3051 4322 cognitis
3078 4253 3223 4308 illius
3257 4254 3482 4307 manda-

1910 4348 1997 4411 tis,
2027 4346 2239 4415 Elpidio
2266 4343 2646 4414 perferendum
2678 4360 2785 4399 non
2817 4346 2985 4406 dedit,
3031 4347 3125 4399 sed
3170 4343 3318 4398 brevi
3356 4344 3483 4397 mis-

1906 4452 2093 4491 surmn
2145 4453 2205 4492 se
2259 4438 2551 4506 promittit,
2610 4438 2768 4491 modo
2818 4438 3187 4501 nanciscatur,
3242 4435 3328 4491 cui
3369 4446 3484 4491 tuto

1910 4532 2079 4600 possit
2109 4531 2390 4586 committi.

227 4614 497 4681 politano,
533 4612 757 4684 ejusque
810 4618 1073 4670 adversus
1105 4617 1242 4670 hanc
1276 4618 1543 4686 synodum
1586 4616 1799 4677 litterae,
1835 4594 1880 4648 Ῑ)
1911 4594 1924 4600 “
1983 4623 2197 4692 Scripta
2228 4631 2313 4677 est
2346 4624 2459 4679 haec
2494 4624 2716 4693 epistola
2740 4621 2868 4687 251,
2908 4636 3048 4675 anno
3078 4621 3182 4677 575
3215 4628 3445 4676 exeunte
3466 4662 3481 4675 ι

225 4714 350 4756 ante
374 4706 549 4758 decem
581 4716 631 4759 et
653 4717 842 4775 septem
875 4724 976 4760 non
1007 4718 1219 4761 exactos
1234 4722 1421 4759 annos.
1470 4705 1801 4761 Numerandi

227 4809 361 4861 erga
406 4796 481 4849 illi
511 4802 697 4851 decem
744 4807 799 4851 et
847 4809 1053 4868 septem
1098 4798 1223 4853 anni
1262 4811 1433 4866 usque
1465 4800 1532 4853 ad
1567 4810 1801 4867 tempus,

226 4902 338 4960 quo
365 4889 637 4943 scribebat
666 4888 896 4944 Basilius
932 4891 1211 4958 epistolam
1238 4890 1365 4944 251.

295 4978 637 5034 Probabilior
666 4992 811 5035 esset
855 4983 1014 5036 ducta
1052 4985 1187 5037 ratio
1226 4999 1290 5038 ex
1340 4984 1571 5039 concilio
1621 4982 1799 5038 media

224 5070 408 5126 hieme
438 5084 755 5136 convocato,
785 5075 829 5129 si
884 5075 999 5128 haec
1030 5075 1190 5130 verba
1236 5075 1400 5131 latius
1453 5074 1799 5146 interpretari

228 5180 335 5219 non
388 5166 599 5219 liceret.
624 5170 693 5222 At
747 5170 905 5223 facile
949 5180 1033 5223 est
1084 5169 1186 5224 hoc
1244 5170 1362 5225 loco
1410 5185 1514 5225 non
1570 5168 1801 5225 inediam

227 5256 429 5311 hiemis
459 5268 691 5327 partem,
717 5265 812 5314 sed
842 5262 1098 5326 medium,
1134 5262 1183 5315 id
1212 5271 1316 5323 est,
1345 5263 1599 5316 acerbum
1633 5261 1804 5333 frigus

225 5346 553 5417 intelligere.
611 5349 795 5406 Hiems
842 5354 985 5407 enim
1038 5354 1234 5407 dicitur
1280 5355 1529 5407 acerbum
1586 5352 1795 5423 frigus;

226 5441 370 5495 unde
398 5440 631 5495 Basilius
662 5441 1027 5512 longissimam
1055 5458 1178 5498 csse
1213 5443 1444 5498 hiemem
1472 5444 1714 5513 queritur
1744 5443 1798 5498 in

222 5534 386 5601 epist.
417 5536 539 5589 121.
595 5535 867 5592 interdum
903 5554 1023 5595 sero
1068 5539 1355 5594 admodum
1401 5537 1694 5593 decedebat
1745 5539 1797 5593 in

294 5712 372 5781 (η)
410 5713 505 5781 Ep.
534 5714 658 5768 237.

292 5784 373 5854 (ὁ)
408 5784 506 5854 Ep.
535 5786 661 5853 Qui,
687 5801 719 5839 tt
763 5789 817 5841 ‘2.

1909 4725 1993 4771 est
2024 4716 2168 4771 enim
2204 4716 2471 4771 vetustior
2499 4715 2866 4769 ducentesima
2905 4715 3181 4769 tricesima
3218 4714 3503 4777 secunda,

1908 4820 2027 4875 qua!
2067 4807 2247 4861 missis
2282 4807 2351 4861 ab
2394 4806 2769 4874 Amphilochia
2811 4806 2879 4860 ad
2921 4804 3111 4858 Natale
3143 4803 3351 4858 Domini
3397 4803 3484 4857 lit-

1910 4898 2041 4950 teris
2091 4898 2400 4966 respondet.
2453 4895 2548 4951 His
2588 4898 2785 4951 litteris
2828 4896 3238 4966 Amphilochius
3285 4893 3479 4961 adjun-

1906 4997 2063 5041 xerat
2106 4987 2443 5055 munuscula,
2487 5003 2678 5053 nempe
2710 4989 2983 5057 lanipenas
3010 4999 3064 5043 et
3097 4988 3341 5042 bellaria.
3377 4986 3485 5039 Re-

1909 5078 2137 5147 spondet
2166 5078 2397 5133 Basilius
2436 5080 2537 5133 sibi
2586 5080 2727 5135 diem
2770 5078 2964 5133 festum
2995 5092 3140 5141 esse,
3173 5079 3483 5148 quicunque

1910 5170 2119 5226 litteras
2204 5171 2393 5227 afferat
2450 5173 2847 5242 Amphilochii;
2901 5173 2995 5228 sed
3048 5172 3317 5240 adjunetis
3374 5170 3482 5224 diei

1913 5260 2036 5317 festi
2070 5264 2329 5333 symbolis
2371 5265 2564 5320 festum
2617 5266 2875 5321 festorum
2906 5278 3045 5330 esse,
3089 5273 3149 5318 ut
3194 5263 3335 5333 apud
3382 5260 3479 5316 Ju-

1909 5354 2055 5410 dzeos
2088 5356 2321 5410 Sabbata
2369 5354 2748 5413 Sabbatorum.
2790 5356 2968 5411 Etiam
3000 5366 3165 5425 atque
3192 5355 3356 5409 etiam
3393 5368 3477 5409 τοο

1908 5456 1999 5515 gat
2040 5454 2098 5501 ut
2138 5462 2196 5502 se
2232 5449 2463 5503 invisere
2493 5464 2598 5503 non
2629 5458 2905 5517 gravetur.
2944 5446 3091 5502 Illius
3122 5457 3307 5500 autem
3356 5462 3476 5498 mn-

1908 5555 2039 5594 nera
2095 5540 2175 5596 sic
2226 5542 2633 5612 interpretatur,
2695 5542 2851 5613 quasi
2904 5542 3131 5596 validam
3192 5537 3472 5609 Amphiloo

1984 5723 2052 5793 (ς)
2094 5723 2189 5794 Ep.
2217 5724 2341 5779 251.
