4038 6488
519 419 660 459 CIL“

1867 390 2386 462 PROLEGOMENA.

521 523 680 580 chius
721 529 975 591 precatus
1004 532 1150 576 esset
1193 532 1542 590 senectutem,
1583 524 1843 590 lampenis
1879 527 2092 595 quidem
2125 531 2168 587 Α
2203 526 2430 580 tuendos
2459 523 2642 578 vicarii
2673 532 2831 576 nutus
2858 520 3233 576 adducturum.
3265 521 3392 575 Erat
3422 519 3535 574 lucc
3566 521 3762 578 civitas

524 613 791 667 hortando
836 613 903 667 ad
967 624 1260 668 nocturnos
1329 614 1571 679 labores,
1627 614 1860 670 bellariis
1909 629 2084 670 autem

521 705 753 757 validum
807 719 925 759 esse
969 707 1216 759 omnibus
1268 708 1524 762 membris
1567 715 1619 760 et
1670 709 1946 763 robustum
1997 708 2086 774 ju-

521 794 714 846 bendo.
737 793 854 848 Jam
878 793 1020 847 enim
1050 796 1382 864 praeterierat
1411 810 1539 852 aetas
1566 799 1629 850 ad
1663 800 1896 853 rodenda
1927 798 2088 853 bella-

522 885 626 948 ria,
655 886 852 939 dudum
885 888 1134 941 contritis
1165 888 1349 942 morbo
1377 899 1431 943 et
1457 899 1718 943 vetustate
1748 893 2013 947 dentibus.

593 976 905 1032 Gratulatur
962 980 1220 1042 Basilius,
1277 983 1420 1048 quod
1474 992 1527 1036 et
1588 995 1717 1034 sano
1770 998 1992 1050 corpore
2035 992 2088 1036 et

523 1068 701 1133 quieta
755 1066 998 1120 Ecclesia
1060 1068 1469 1134 Amphilochius
1519 1069 1772 1128 salutaris
1831 1075 2086 1127 Incarna~

522 1159 684 1212 tionis
725 1161 1038 1213 memoriam
1071 1162 1447 1217 celebraverit.
1489 1163 1642 1217 Unde
1674 1167 1870 1235 c0njici
1910 1174 2091 1234 posset

521 1250 800 1317 scripsisse
844 1251 1274 1316 Amphilochium
1323 1263 1438 1322 post
1474 1251 1658 1306 Natale
1709 1255 1938 1309 Domini.
1979 1252 2084 1307 Sed

522 1340 675 1406 longe
715 1342 1038 1408 probabilius
1083 1352 1165 1396 est
1203 1343 1452 1399 Basilium
1491 1343 1603 1397 haec
1637 1345 1889 1415 gratulari
1925 1345 2084 1398 ducta

520 1448 584 1485 ex
621 1432 814 1486 litteris
857 1434 1014 1502 paulo
1055 1448 1180 1488 ante
1212 1435 1398 1489 Natale
1441 1434 1652 1489 Domini
1695 1437 1909 1502 scriptis
1955 1452 2089 1489 con-

521 1523 747 1576 iectura.
776 1522 909 1578 Nam
944 1526 1058 1592 ipsa
1091 1525 1446 1594 Amphilochii
1489 1542 1709 1579 munera
1739 1527 1991 1579 videntur
2019 1528 2089 1582 ad

523 1615 698 1682 ipsum
749 1615 890 1669 diem
944 1615 1142 1681 missa,
1176 1627 1231 1672 et
1273 1618 1375 1670 diei
1440 1616 1678 1670 laetitiam
1743 1633 1847 1670 non
1901 1633 2089 1686 parum

521 1705 756 1767 auxisse,
786 1713 842 1756 ut
879 1709 1203 1775 perspicitur
1232 1723 1296 1760 ex
1329 1707 1414 1770 his
1447 1724 1566 1776 quae
1593 1724 1754 1776 supra
1787 1709 2088 1762 retulimus.

523 1797 735 1864 Scripta
767 1812 898 1868 ergo
930 1800 1041 1854 haec
1069 1799 1291 1866 epistola
1336 1799 1461 1863 252,
1494 1800 1577 1853 vel
1621 1801 1719 1853 sub
1763 1799 1918 1852 finem
1964 1802 2090 1855 anni

2196 619 2370 685 magni
2422 619 2490 671 ad
2525 632 2634 670 rem
2671 613 3087 670 ecclesiasticam
3141 613 3422 674 momenti,
3479 621 3588 664 tum
3636 617 3758 678 quia

2194 718 2351 775 caput
2382 717 2502 761 erat
2529 707 2818 766 Armeniae,
2849 714 2960 758 tum
2995 703 3118 772 quia
3151 717 3444 775 martyrum
3480 703 3605 756 olim
3643 717 3762 753 san-

2194 799 2354 867 guine
2387 798 2676 861 illustrata,
2713 807 2769 852 et
2810 810 2839 848 a
2886 794 3344 862 prarstautissimis
3370 793 3631 864 episcOpis
3666 793 3760 844 ha-

2193 899 2382 943 ctenus
2413 890 2733 959 gubernata,
2760 885 2937 940 nutrix
2961 893 3078 938 erat
3108 883 3324 951 pietatis
3349 895 3402 937 et
3427 885 3586 938 veluti
3613 897 3760 936 same

2194 980 2456 1035 doctrina:
2495 978 2829 1045 metropolis,
2859 986 2917 1030 ut
2950 974 3186 1044 appellat
3214 973 3441 1029 Basilius
3465 976 3561 1046 (b).
3595 975 3760 1043 Digna

2193 1084 2321 1138 ergo
2368 1069 2480 1120 visa
2518 1077 2599 1121 est
2640 1068 2888 1130 Arianis,
2938 1080 3097 1133 quam
3147 1065 3199 1118 in
3235 1074 3557 1132 potestatem
3608 1079 3760 1120 suam

2196 1164 2518 1231 redigerent,
2551 1171 2642 1213 aut
2685 1160 2831 1214 omni
2881 1159 3086 1214 scelere
3135 1157 3526 1227 perturbarent.
3562 1157 3763 1211 Fronto

2200 1270 2342 1308 unus
2367 1269 2432 1307 ex
2469 1251 2802 1320 presbyteris
2835 1253 3090 1318 civitatis,
3124 1252 3211 1320 qui
3242 1251 3485 1305 veritatis
3512 1249 3762 1303 defensor

2195 1346 2340 1398 visus
2392 1344 2652 1396 hactenus
2700 1341 2873 1394 fuerat
2913 1342 2982 1411 (c)
3011 1383 3026 1408 ,
3069 1354 3350 1411 postquam
3403 1341 3630 1394 Arianos
3678 1341 3760 1393 vi-

2196 1437 2326 1490 carii
2363 1435 2683 1488 auctoritate
2719 1432 2883 1487 fretos
2913 1435 2980 1485 ad
3013 1435 3244 1487 dandum
3281 1435 3397 1487 urbi
3449 1434 3760 1499 episcopum

2197 1531 2406 1584 venisse
2445 1526 2711 1597 cognovit,
2749 1525 2920 1578 victus
2975 1524 3270 1578 ambitione
3319 1526 3534 1577 tradidit
3567 1538 3624 1577 se
3659 1523 3764 1575 ini-

2197 1623 2351 1676 micis
2383 1621 2600 1684 Christi,
2632 1629 2684 1672 et
2716 1620 2923 1687 ejurata
2952 1616 3054 1670 fide
3096 1616 3355 1670 catholica
3385 1618 3753 1686 episcopatum

2197 1715 2264 1767 ab
2297 1714 2398 1766 illis
2433 1717 2698 1765 mercatus
2725 1719 2825 1763 est.

2270 1803 2380 1858 Hoc
2419 1805 2560 1858 enim
2607 1803 2777 1872 pretio
2819 1801 3186 1872 episcopatum
3234 1797 3305 1852 illi
3341 1800 3649 1855 constitisse
3694 1819 3760 1858 ex

520 1885 648 1951 575.
690 1891 736 1944 si
773 1899 897 1943 tunc
927 1891 1110 1945 Natale
1151 1890 1359 1943 Domini
1392 1891 1478 1944 die
1515 1891 1822 1945 Decembris
1850 1890 1921 1944 25
1951 1891 2091 1946 cele-
2123 1893 2166 1947 Β
2196 1896 2434 1964 pluribus
2471 1895 2650 1948 Basilii
2697 1895 3013 1948 testimoniis
3059 1892 3403 1962 perspicitur.
3463 1894 3627 1950 Miser
3671 1896 3765 1949 ille

521 1975 817 2040 brabatur;
853 1978 932 2031 vel
976 1979 1192 2033 ineunte
1231 1994 1375 2033 anno
1404 1980 1529 2044 576,
1562 1983 1603 2034 si
1633 1979 1749 2033 dies
1802 1981 1889 2033 ille
1921 1979 2094 2036 festus

523 2084 645 2124 cum
677 2069 969 2139 Epiphania
1014 2070 1461 2141 conjungebatur.
1493 2071 1653 2126 Certe
1696 2073 1964 2140 posterior
2013 2083 2096 2132 est

523 2160 724 2224 litteris.
749 2175 844 2229 per
889 2161 1150 2230 Elpidium
1190 2164 1389 2224 missis,
1436 2163 1487 2214 in
1534 2161 1728 2230 quibus
1772 2162 2002 2219 Basilius
2042 2168 2096 2217 e't

521 2252 732 2305 veniam
763 2255 914 2320 petit,
965 2255 1107 2322 quod
1150 2254 1356 2323 jamdiu
1402 2270 1505 2307 non
1554 2256 1882 2324 scripsisset,
1926 2266 1983 2310 et
2029 2257 2094 2310 de

522 2343 902 2412 persecutione
947 2344 1204 2414 loquitur,
1253 2355 1312 2399 ut
1357 2346 1424 2400 de
1467 2361 1526 2400 re
1577 2347 1901 2402 uberrimam
1955 2347 2094 2400 scri-

523 2434 682 2489 bendi
715 2436 994 2490 materiam
1032 2437 1429 2506 suppeditante,
1462 2439 1555 2491 sed
1591 2447 1762 2492 tamen
1809 2438 2088 2506 Amphilo-

522 2527 648 2580 cbio
689 2528 926 2582 nondum
963 2530 1231 2594 nuntiata,
1275 2544 1339 2585 eo
1381 2537 1525 2599 quod
1570 2532 1821 2586 deessent
1861 2531 1955 2601 qui
2001 2531 2096 2586 lit-

525 2627 671 2671 teras
696 2618 1019 2686 perferrent.

596 2706 767 2763 Simul
807 2726 929 2764 cum
975 2711 1202 2781 epistola
1245 2714 1352 2768 252
1385 2715 1526 2769 misit
1559 2713 1792 2772 Basilius
1821 2731 2093 2772 commen-

526 2801 745 2867 tarium,
773 2803 827 2857 in
865 2819 972 2873 quo
1003 2807 1164 2860 variis
1194 2807 1552 2876 Amphilocbii
1595 2811 1979 2878 quaestionibus
2005 2826 2092 2863 sa-

526 2892 774 2948 tisfacere
805 2906 1029 2950 conatus
1068 2896 1270 2962 fuerat,
1312 2909 1568 2965 quantum
1617 2916 1711 2969 per
1759 2909 1969 2969 tempus
2021 2901 2084 2955 li-

525 2995 727 3038 cuerat.
758 2985 910 3050 Quod
933 2988 1166 3052 quidem,
1205 2990 1401 3055 inquit,
1425 2993 1492 3042 ad
1519 2991 1840 3062 interrogata
1867 2995 2091 3049 attinet:

530 3076 684 3146 facta
723 3088 842 3131 sunt
892 3079 948 3133 in
1001 3082 1372 3134 commentario
1424 3084 1780 3151 responsiones
1820 3088 2092 3157 quaedam,

529 3170 712 3238 quales
743 3171 910 3236 potui,
936 3181 983 3224 et
1021 3181 1076 3223 ut
1115 3188 1206 3240 per
1234 3183 1431 3240 tempus
1462 3173 1630 3228 licuit.
1675 3175 1752 3230 Ex
1791 3177 1874 3232 his
1919 3179 2095 3232 verbis

2197 1986 2419 2050 Fronto,
2463 1987 2632 2053 inquit
2674 1986 2724 2038 in
2782 1986 2940 2053 epist.
2970 1986 3094 2049 259,
3127 1988 3216 2054 qui
3252 1988 3398 2053 prius
3427 1989 3634 2054 quidem
3672 1989 3764 2042 de-

2195 2079 2479 2147 fensionem
2507 2076 2840 2130 simulaverat
2872 2079 3122 2142 veritatis,
3154 2078 3365 2131 tandem
3398 2082 3617 2145 turpiter
3650 2097 3767 2148 pro-

2193 2169 2354 2233 didit,
2378 2177 2428 2221 et
2472 2167 2626 2236 ﬁdem
2671 2176 2719 2221 et
2757 2169 3006 2233 seipsum.
3037 2166 3100 2218 Et
3150 2169 3199 2220 in
3235 2169 3393 2235 epist.
3421 2170 3546 2234 240,
3591 2188 3648 2225 n.
3675 2173 3710 2225 3
3747 2184 3765 2224 :

2195 2259 2328 2314 Cum
2371 2271 2705 2328 speraverant
2751 2261 3027 2327 adepturos
3067 2273 3120 2311 se
3171 2259 3376 2312 inanem
3421 2262 3570 2315 illum
3615 2266 3764 2329 prin-

2196 2351 2446 2418 cipatum,
2478 2349 2830 2417 adjunxernnt
2864 2365 2917 2401 se
2953 2348 3183 2401 inimicis
3213 2347 3427 2404 Christi.
3456 2351 3557 2405 Ubi
3583 2353 3759 2409 vident

2195 2443 2410 2509 papulas
2440 2443 2518 2493 ira
2549 2440 2819 2506 efferatos,
2863 2455 3046 2492 rursus
3082 2441 3328 2494 simulant
3368 2455 3554 2495 rectam
3584 2440 3764 2507 ﬁdem.

2196 2533 2321 2588 Htec
2350 2548 2485 2587 nova
2525 2532 2646 2585 fidei
2681 2541 2840 2585 rectae
2868 2532 3142 2587 simulatio
3177 2535 3243 2587 ad
3271 2533 3517 2602 populum
3547 2532 3770 2601 placan-

2195 2625 2340 2686 dum,
2366 2634 2680 2692 argumento
2711 2635 2792 2678 est
2821 2633 2977 2677 antea
3021 2624 3345 2679 Frontonem
3395 2624 3610 2690 impiam
3655 2626 3768 2679 ha:—

2194 2713 2352 2765 resim
2383 2712 2682 2780 professum
2731 2714 2926 2778 fuisse;
2961 2716 3099 2767 unde
3145 2715 3336 2766 merito
3379 2712 3608 2768 Basilius
3656 2717 3762 2769 ibi-

2194 2803 2312 2857 dem
2346 2804 2423 2857 ait
2451 2805 2599 2858 illum
2627 2804 2865 2872 profanis
2894 2804 3141 2860 manibus
3169 2804 3233 2854 ad
3263 2804 3598 2858 eversionem
3640 2805 3764 2859 tidei

2195 2896 2500 2950 ordinatum
2529 2897 2711 2950 fuisse.
2732 2894 2868 2961 Quin
2889 2896 3049 2948 etiam
3075 2910 3195 2949 eum
3229 2894 3285 2951 S.
3312 2896 3472 2951 Pater
3491 2901 3772 2952 existimat

2197 3003 2471 3057 nunquam
2510 3003 2632 3042 vere
2673 2998 2727 3042 et
2774 3002 2841 3039 ex
2887 2988 3071 3041 animo
3105 2990 3388 3044 veritatem
3429 2991 3763 3052 defendisse,

2197 3081 2290 3134 sed
2331 3078 2593 3133 commodi
2635 3079 2716 3132 sui
2751 3094 2949 3144 causa;
2983 3095 3047 3134 ac
3083 3091 3192 3134 tum
3224 3082 3438 3135 demum
3483 3097 3601 3135 sese
3637 3096 3768 3148 ape-

2205 3170 2396 3233 ruisse,
2426 3169 2512 3222 ubi
2549 3168 2685 3222 vidit
2719 3184 2776 3224 se
2821 3171 3073 3226 secundis
3125 3173 3434 3226 Arianorum
3484 3173 3657 3224 ventis
3703 3173 3769 3224 ad

530 3259 907 3328 cognoscimus
955 3269 1164 3328 tempus
1201 3272 1433 3330 quatuor
1484 3262 1668 3316 Basilii
1715 3266 2058 3332 epistolarum
2081 3305 2094 3327 ,
2125 3241 2168 3298 θ
2205 3260 2437 3313 honores
2466 3261 2681 3328 pervehi
2715 3276 2894 3330 posse.
2924 3263 3075 3318 Patet
3107 3265 3156 3317 id
3194 3279 3313 3316 cum
3344 3278 3408 3315 ex
3440 3261 3769 3317 teStiquniis

529 3363 721 3418 nempe
748 3348 873 3413 255,
907 3348 1033 3414 254,
1063 3350 1166 3403 255
1190 3361 1244 3404 et
1280 3351 1404 3404 256.
1434 3352 1568 3405 Nam
1597 3369 1717 3404 cum
1747 3367 1844 3405 nec
1889 3353 2097 3405 initium

530 3457 630 3496 nec
677 3440 971 3496 clausulam
1009 3443 1277 3505 habeant,
1325 3457 1444 3511 quat
1475 3442 1721 3510 epistolis
1750 3436 2097 3506 conveniant,

531 3549 628 3589 nec
662 3535 951 3603 quidquam
983 3536 1048 3588 de
1081 3534 1265 3587 Basilii
1301 3543 1394 3586 aut
1422 3533 1779 3602 Amphilochii
1830 3534 1991 3590 rebus
2019 3534 2102 3588 Jo-

531 3637 788 3699 quantur.
828 3628 920 3682 sed
968 3636 1175 3680 tantum
1215 3626 1570 3694 Amphilochii
1621 3627 1962 3697 interrogatis
2012 3641 2098 3680 re-

534 3720 863 3790 spondeant;
903 3719 992 3773 vix
1035 3719 1250 3773 dubium
1281 3719 1410 3787 quin
1442 3734 1507 3772 ex
1542 3732 1626 3785 eo,
1666 3720 1809 3788 quod
1848 3719 2098 3782 diximus,

534 3815 949 3874 commentario,
1001 3812 1053 3865 in
1104 3825 1211 3879 quo
1256 3809 1484 3865 Basilius
1526 3809 1888 3878 Amphilochii
1936 3809 2102 3864 inter-

532 3911 716 3972 rogata
751 3902 1097 3968 explauabat,
1141 3902 1294 3956 facta:
1325 3904 1432 3954 siut
1484 3902 1827 3956 librariorum
1877 3901 2104 3956 arbitrio

533 4003 762 4063 quatuor
793 3992 1053 4060 epistolae.
1083 3990 1139 4045 In
1175 3993 1344 4060 prima
1382 3994 1721 4045 demonstrat
1752 3993 1951 4046 bonum
1985 3993 2105 4062 qui-

535 4089 656 4140 dem
693 4100 813 4140 esse
838 4094 1071 4139 mentem
1103 4093 1157 4137 et
1187 4083 1383 4137 mentis
1422 4082 1815 4150 operationem,
1848 4099 2098 4150 eamque,

534 4174 580 4227 si
629 4171 833 4240 Spiritu
885 4181 1070 4227 sancto
1115 4187 1173 4228 se
1224 4173 1430 4238 tradat,
1473 4169 1540 4225 ad
1597 4170 1688 4225 Dei
1737 4174 2099 4241 cognitionem

532 4264 708 4327 evehi,
738 4265 828 4318 sed
866 4273 1042 4317 tamen
1090 4273 1295 4318 tantum
1341 4277 1688 4334 cognoscere,
1728 4273 1988 4333 quantum
2021 4264 2102 4318 fas

531 4365 618 4410 est
664 4355 925 4409 infinitam
977 4358 1315 4422 maiestatem
1371 4374 1402 4412 a
1460 4359 1773 4414 tenuissimo
1829 4357 2099 4425 cognosci.

532 4441 592 4494 ιιι
631 4444 864 4496 secunda
909 4442 1102 4496 refellit
1132 4443 1272 4498 hanc
1306 4445 1704 4501 cavillationem
1739 4446 2102 4499 Eunomiana-

534 4547 677 4598 rum,
718 4534 915 4588 colisne
944 4535 1083 4605 quod
1135 4537 1292 4600 nosti,
1337 4553 1406 4590 an
1450 4539 1588 4606 quod
1622 4537 1877 4606 ignoras?
1927 4537 2104 4591 Refelo

535 4625 721 4680 luntur
769 4627 927 4681 iidem
979 4627 1028 4680 in
1077 4628 1232 4681 tertia
1284 4628 1619 4682 Eunomiani.
1668 4627 1869 4694 Quarta
1925 4630 2102 4684 varias

534 4718 752 4786 expedit
802 4720 1149 4789 quaestiones.
1202 4719 1350 4774 Hanc
1404 4719 1591 4774 ultimo
1632 4720 1750 4775 loco
1803 4722 2098 4789 posuimus,

534 4812 660 4881 quia
712 4812 801 4865 ubi
851 4813 999 4865 venit
1029 4811 1094 4865 ad
1135 4812 1482 4881 quaestionem
1537 4811 1604 4865 de
1650 4795 1782 4876 fato,
1830 4811 2099 4865 defessum

532 4918 594 4958 se
625 4917 745 4958 esse
789 4903 1061 4968 significat
1107 4902 1186 4972 (η.
1213 4900 1291 4972 5),
1335 4917 1558 4971 eamque
1590 4901 1992 4972 pratermittit,
2042 4910 2102 4955 ut

536 5008 636 5062 pro
687 4995 934 5060 prasenti
987 5007 1083 5046 sua
1140 4993 1418 5048 debilitate
1469 4994 1761 5064 longiorem
1806 5011 1820 5048 :
1872 5007 1938 5046 ex
1993 5007 2101 5060 quo

536 5091 686 5154 patet
730 5084 828 5138 bas
867 5085 1214 5152 quaestiones,
1247 5100 1366 5153 quas.
1414 5086 1466 5139 iu
1504 5093 1690 5153 quarta
1724 5083 1949 5152 epistola
1987 5093 2098 5136 tra-

533 5185 768 5240 ctantur,
820 5178 1062 5231 omnium
1113 5185 1413 5246 postremas
1449 5177 1500 5229 in
1555 5175 1938 5230 commentario
1985 5184 2101 5228 tra-

531 5277 704 5323 t'tatas
725 5268 905 5322 fuisse.

606 5358 671 5413 ll.
709 5361 912 5430 Agmen
947 5359 1074 5414 illud
1105 5358 1449 5420 Arianorum,
1477 5358 1617 5426 quod
1661 5371 1782 5411 cum
1811 5355 2096 5409 Eustathio

533 5450 834 5520 Nicopolim
889 5453 1102 5506 venisse
1166 5452 1399 5505 diximus
1455 5451 1609 5503 initio
1672 5449 1796 5502 anni
1843 5446 1969 5510 376,
2021 5445 2103 5498 vel

535 5550 768 5596 exeunte
791 5542 918 5608 575,
950 5543 1268 5613 promiserat
1309 5543 1385 5614 (a)
1433 5557 1491 5598 se
1520 5541 1657 5595 hanc
1705 5538 1888 5593 urbem
1920 5537 1986 5591 ad
2019 5537 2103 5590 in-

609 5760 684 5830 !u)
726 5761 822 5830 Ep.
843 5763 962 5825 9.51,
1005 5780 1057 5817 ll.
1084 5765 1135 5820 5.

612 5831 685 5898 (6)
729 5834 824 5902 Ep.
848 5833 970 5887 258.

2201 3353 2357 3404 modo
2389 3350 2587 3416 allatis,
2613 3360 2724 3404 tum
2750 3356 2979 3409 maxime
3004 3371 3070 3409 ex
3113 3356 3195 3407 his
3227 3352 3402 3406 verbis
3427 3353 3582 3419 epist.
3609 3353 3719 3409 258
3756 3375 3768 3408 :

2198 3443 2273 3496 Ac
2310 3445 2401 3496 ille
2429 3446 2638 3510 quidem
2671 3446 2828 3499 totius
2861 3462 2971 3499 sua:
3015 3447 3132 3497 vitta
3175 3443 3506 3510 manifestum
3551 3447 3771 3516 protulit

2202 3536 2458 3588 indicium
2489 3553 2552 3590 ea:
2579 3541 2821 3604 pra'senti
2852 3536 3090 3597 consilio,
3130 3550 3395 3602 nunquam
3441 3537 3681 3589 videlicet
3719 3552 3775 3588 se

2202 3627 2400 3680 vixisse
2429 3629 2482 3679 in
2526 3645 2613 3694 spe
2642 3631 2984 3695 repositorum
3015 3628 3160 3680 nobis
3196 3629 3596 3695 promissionum
3630 3628 3772 3691 apud

2200 3716 2515 3779 Dominum;
2545 3720 2633 3770 sed
2654 3720 2698 3771 si
2736 3720 2862 3785 quid
2899 3718 3000 3771 sibi
3026 3729 3380 3783 aucuparetur
3417 3718 3773 3770 humanarum

2200 3824 2394 3872 rerum,
2421 3819 2469 3861 et
2502 3811 2651 3862 verba
2689 3809 2813 3876 ﬁdei
2853 3819 2901 3862 et
2938 3818 3281 3861 commentum
3315 3808 3548 3875 pietatis,
3595 3810 3772 3861 omnia

2203 3901 2422 3970 denique
2467 3905 2535 3954 ad
2583 3901 2754 3954 obvios
2800 3916 3026 3969 quosque
3075 3899 3406 3968 decipiendos
3451 3900 3770 3954 elaborasse.

2205 3987 2319 4041 Non
2389 3991 2690 4043 certissima
2747 3989 2963 4043 videtur
3013 3990 3128 4043 haec
3183 3989 3412 4042 rationis
3468 3991 3769 4044 conclusio.

2204 4079 2343 4134 Fieri
2387 4082 2528 4133 enim
2564 4090 2759 4148 potest,
2800 4092 2857 4134 ut
2896 4082 2983 4150 qui
3025 4082 3308 4134 veritatem
3341 4081 3555 4135 sincero
3585 4084 3768 4134 animo

2205 4172 2294 4224 diu
2327 4173 2585 4234 defendit,
2630 4172 2814 4226 oblato
2847 4175 3067 4241 praemio
3099 4174 3345 4227 haeresim
3392 4173 3770 4238 amplectatur.

2203 4262 2309 4316 Sed
2354 4262 2492 4316 forte
2521 4263 2640 4315 aliae
2683 4266 2944 4318 suberant
2991 4280 3202 4328 causae,
3246 4280 3342 4316 cur
3388 4265 3456 4316 de
3502 4262 3775 4318 Frontone

2206 4353 2432 4408 Basilius
2480 4354 2584 4408 hoc
2615 4353 2880 4423 judicium
2931 4354 3116 4416 ferret,
3161 4355 3424 4422 imprimis
3468 4356 3772 4408 arctissima

2205 4446 2436 4499 hominis
2476 4460 2597 4500 cum
2639 4444 2919 4498 Eustathio
2951 4444 3246 4498 Sebasteuo
3276 4446 3534 4498 amicitia.
3565 4445 3762 4511 Quanti

2206 4537 2349 4589 enim
2407 4535 2731 4589 Frontonem
2787 4536 2987 4589 faceret
3041 4535 3383 4600 Eustathius,
3437 4553 3540 4591 non
3593 4535 3769 4589 solum

2217 4621 2440 4675 nefariis
2477 4622 2967 4675 machinationibus
3010 4623 3059 4675 in
3096 4639 3160 4676 eo
3187 4626 3250 4678 ad
3283 4626 3649 4694 episcopatum
3679 4640 3777 4693 per

2209 4712 2290 4772 fas
2317 4722 2371 4766 et
2403 4713 2553 4766 nefas
2595 4713 2856 4768 tradendo
2890 4714 3206 4778 declaravit,
3235 4716 3328 4769 sed
3368 4717 3526 4769 etiam
3571 4716 3774 4769 eximio

2209 4803 2407 4857 amoris
2456 4805 2787 4869 testimonio,
2837 4806 2977 4872 quod
3031 4807 3076 4859 ei
3119 4818 3236 4874 post
3289 4806 3570 4859 formulam
3617 4807 3774 4872 fidei,

2210 4910 2328 4963 quae
2355 4907 2436 4950 est
2477 4895 2660 4950 Basilii
2695 4896 2916 4966 epistola
2970 4897 3091 4961 125,
3124 4898 3384 4951 exhibuit.
3420 4896 3471 4952 ls
3507 4897 3652 4951 enim
3694 4900 3778 4951 vi-

2207 4988 2366 5042 detur
2403 5003 2542 5052 esse,
2589 5003 2747 5056 quem
2796 4985 3110 5043 Eustathius
3164 4988 3484 5041 Frontonem
3529 4999 3774 5042 nostrum

2210 5081 2462 5150 appellat.
2490 5081 2665 5147 Quare
2707 5081 2942 5146 suspicio
2976 5089 3094 5133 erat
3127 5095 3268 5141 eum,
3311 5094 3432 5132 cum
3469 5079 3518 5132 in
3567 5080 3776 5134 intimis

2209 5183 2351 5226 esset
2403 5172 2694 5234 Eustathii,
2746 5171 2885 5224 illius
2921 5172 3082 5225 etiam
3133 5185 3408 5232 errorum,
3458 5184 3596 5238 quos
3653 5171 3774 5222 fidis

2212 5266 2400 5318 amicis
2435 5265 2710 5326 credebat,
2738 5264 3014 5316 conscium
3066 5262 3246 5326 fuisse,
3279 5262 3500 5330 ejusque
3527 5262 3776 5330 exemplo

2210 5370 2353 5408 nunc
2381 5356 2656 5408 veritatem
2690 5356 2990 5423 compendii
3023 5354 3104 5408 sui
3136 5369 3320 5419 causa,
3354 5367 3496 5407 nunc
3530 5366 3770 5406 errorem

2210 5445 2528 5499 defendisse.

2279 5535 2366 5591 ΙΙΙ.
2407 5535 2550 5589 Nihil
2597 5535 2782 5590 nocuit
2811 5532 3198 5604 Nicopolitanis
3235 5527 3498 5587 Eustathii
3527 5537 3582 5583 et
3619 5528 3776 5583 Aria.

2283 5754 2349 5826 (ἢ
2391 5753 2625 5822 Εμεῶα
