4038 6448
1604 374 1758 430 νιΤΑ
1802 375 1860 430 S.
1899 374 2164 433 BASILII.

3327 395 3494 437 (ιιιηι

263 497 461 539 norum
496 484 829 553 improbitas,
859 487 951 542 sed
987 487 1165 556 potius
1197 503 1391 544 novum
1422 491 1547 546 huic
1579 490 1831 547 Ecclesiae
1860 504 1899 553 Α
1931 509 2086 548 suum
2141 492 2372 547 levasset
2425 492 2670 547 Basilius.
2708 491 2937 563 Scripsit
2984 494 3195 549 tandem
3246 494 3312 547 ad
3374 510 3497 549 eum

262 578 431 630 decus
479 578 685 640 attulit,
738 579 916 632 oblata
966 579 1088 634 ﬁdei
1136 580 1480 637 defendenda:
1525 586 1823 640 occasione.

262 662 593 720 Frontonem
618 669 800 722 Ariani
829 670 1039 738 quidem
1065 674 1366 741 episcopum
1389 675 1704 729 ordinarunt
1727 677 1825 746 (a).

262 758 356 811 sed
387 757 438 810 in
472 772 536 811 eo
576 759 866 828 rejiciendo
911 760 1103 815 enituit
1132 763 1259 817 cleri
1291 779 1354 818 ac
1378 765 1555 833 populi
1598 781 1825 822 consen-

262 862 374 901 sus.
411 847 507 901 Vix
544 865 682 904 unus
707 861 798 905 aut
832 853 970 907 alter
998 854 1225 908 clericus
1251 870 1370 909 cum
1405 871 1472 911 eo
1514 856 1732 913 abiere:
1771 868 1826 914 at

260 938 436 993 lactus
473 951 557 995 est
600 944 898 997 communis
950 946 1249 999 exsecratio
1321 948 1482 1003 totius
1536 950 1822 1003 Armeniae.

260 1029 445 1099 ltaque
485 1032 672 1085 Ariani
705 1048 761 1088 re
805 1034 996 1089 infecta
1028 1036 1330 1102 redierunt;
1363 1048 1417 1092 et
1459 1040 1511 1093 in
1557 1041 1825 1095 redeundo

259 1121 435 1189 aliqua
473 1124 765 1190 impietatis
800 1142 909 1179 suze
947 1127 1170 1196 vestigia
1208 1129 1559 1199 reliquerunt,
1600 1132 1664 1184 de
1703 1133 1825 1201 qui-

257 1213 361 1267 bus
402 1216 484 1269 sic
533 1217 759 1272 Basilius
804 1218 855 1271 in
902 1233 988 1288 ep.
1034 1219 1161 1285 251,
1198 1238 1252 1277 n.
1293 1224 1364 1277 3:
1402 1222 1470 1274 Hi
1522 1223 1823 1292 Nicopolim

258 1323 419 1376 usque
468 1311 754 1379 progressi,
790 1327 905 1363 cum
958 1313 1089 1368 nillil
1138 1316 1421 1381 potuissent
1462 1332 1670 1383 eorum,
1704 1334 1823 1387 qua:

255 1401 637 1464 promiserant,
664 1402 939 1469 perﬁcere;
961 1408 1217 1471 quomodo
1249 1408 1515 1471 redierint,
1548 1409 1823 1480 qualesque

255 1491 309 1544 in
350 1494 611 1547 redeundo
636 1496 731 1547 visi
756 1496 880 1562 sint,
910 1507 1099 1551 norunt
1125 1500 1215 1567 qui
1242 1500 1543 1568 adfuerunt.

325 1580 716 1639 Demosthenes
744 1586 830 1640 ubi
867 1588 991 1641 vidit
1033 1586 1431 1657 Nicopolitanos
1464 1610 1569 1649 non
1606 1598 1818 1662 cedere,

252 1672 301 1726 vi
332 1683 387 1727 et
423 1674 777 1743 impressione
808 1679 1113 1733 ordinatum
1148 1682 1254 1737 illis
1288 1684 1596 1755 episcopum
1650 1688 1820 1755 impo-

252 1779 378 1817 nere
406 1780 693 1836 aggressus
716 1777 820 1833 est,
853 1784 916 1825 ac
947 1772 1241 1827 Ecclesium
1276 1776 1515 1832 civitatis
1550 1777 1814 1833 Frontoni

1931 583 2206 652 epistolam
2232 582 2357 647 237,
2392 583 2543 637 initio
2573 583 2728 649 hujus
2768 584 2894 636 anni
2931 583 3059 649 376,
3102 596 3221 653 post
3267 584 3496 638 reditum

1929 676 2249 729 Arianorum
2297 690 2363 727 ex
2412 678 2541 729 urbe
2586 674 2859 743 Nicopoli,
2916 687 3026 730 tum
3074 691 3195 731 cum
3264 676 3500 731 vicarius

1928 767 2175 835 graviora
2205 765 2525 829 minaretur,
2553 781 2614 819 ac
2643 765 2779 821 forte
2812 777 3101 837 antequam
3132 767 3323 821 tradita
3355 776 3500 822 esset

1928 856 2166 911 Ecclesia
2207 855 2491 911 Frontoni.
2517 856 2571 910 ln
2611 857 2713 911 hac
2740 857 2963 926 epistola
2999 858 3265 911 rationem
3300 858 3494 920 reddit,

1925 963 2022 1003 cur
2070 958 2218 1003 tanto
2252 948 2540 1002 intervallo
2582 949 2803 1016 scribat,
2852 965 2913 1004 ac
2959 953 3407 1020 persecutionem,
3440 957 3498 1002 ut

1926 1041 2176 1105 vidimus,
2202 1041 2387 1095 ordine
2419 1041 2691 1097 describit.

1997 1131 2343 1201 Scripserunt
2386 1132 2680 1201 presbyteri
2732 1131 3085 1202 Nicopolitani
3140 1134 3208 1188 ad
3241 1133 3496 1187 Basiliam

1924 1229 1990 1283 de
2016 1227 2269 1282 aerumnis
2298 1226 2551 1282 Ecclesiae
2590 1242 2719 1281 suae.
2754 1226 2857 1281 Sed
2894 1242 3077 1282 eorum
3111 1228 3322 1281 litteras
3354 1227 3496 1279 fama

1924 1336 2017 1375 sua
2055 1318 2329 1374 celeritate
2376 1328 2761 1386 superaverat,
2802 1326 2857 1373 et
2903 1318 2955 1371 in
3005 1318 3234 1371 vicinam
3280 1331 3495 1370 omnem

1926 1413 2193 1481 regionem
2231 1410 2403 1464 scelus
2452 1409 2739 1463 Frontonis
2780 1417 2834 1461 et
2868 1408 2999 1464 cleri
3048 1423 3111 1462 ac
3144 1407 3311 1476 plebis
3340 1408 3393 1460 in
3428 1422 3496 1461 eo

1922 1502 2236 1557 detestanda
2294 1516 2618 1556 consensum
2678 1500 2965 1554 detulerat.
3032 1498 3215 1569 Itaque
3264 1498 3494 1552 Basilius

1922 1594 2053 1647 nihil
2101 1595 2221 1647 novi
2264 1607 2330 1646 ex
2360 1606 2547 1646 eorum
2577 1590 2773 1644 litteris
2816 1591 3023 1643 didicit.
3056 1589 3363 1658 Respondet
3402 1604 3497 1657 per

1920 1684 2198 1752 epistolam
2221 1683 2348 1747 238,
2373 1698 2436 1737 ac
2472 1683 2721 1736 hortatur
2748 1696 2815 1735 ne
2847 1682 3084 1734 animum
3115 1681 3491 1748 despondeant

1920 1775 1988 1825 ob
2018 1771 2223 1839 lapsum
2267 1773 2424 1825 unius
2468 1782 2561 1825 aut
2605 1771 2826 1825 alterius
2857 1771 2944 1841 qui
2983 1787 3042 1825 se
3093 1770 3355 1825 Frontoni
3398 1772 3494 1821 ad-

253 1856 498 1912 tradidit.
529 1858 635 1913 Sed
689 1870 867 1915 tamen
904 1863 1036 1917 nihil
1073 1867 1357 1933 promovit,
1404 1868 1710 1923 maluerunt
1744 1870 1816 1939 pii
1850 1836 2243 1931 Biunxerant.
2293 1877 2413 1917 cum
2471 1863 2602 1917 cieri
2652 1877 2848 1931 corpus
2909 1864 3175 1932 integrum
3228 1869 3483 1919 maneat;

248 1946 500 2004 homines
541 1949 641 2004 sub
672 1953 761 2005 dio
793 1964 1088 2008 conventus
1117 1971 1245 2010 suos
1287 1972 1462 2026 agere,
1495 1973 1655 2026 quam
1696 1974 1816 2014 cum

248 2035 528 2096 Frontone
577 2044 998 2100 communicare.
1047 2046 1231 2114 Itaque
1275 2047 1329 2100 in
1374 2050 1559 2105 vacuis
1617 2051 1820 2107 adibus

246 2132 489 2200 quotidie
518 2148 638 2186 cum
669 2148 834 2202 parva
879 2145 1203 2191 sectatorum
1238 2151 1397 2191 manu
1448 2142 1814 2211 recumbebat,

246 2238 343 2290 pro
388 2225 730 2294 episcOpatus
763 2227 952 2296 gloria,
985 2244 1145 2298 quam
1191 2238 1471 2300 tantopere
1501 2237 1821 2306 concupive-

247 2323 351 2377 rat,
383 2314 675 2383 ignominia
701 2328 755 2369 et
786 2319 1091 2387 opprobriis
1124 2332 1437 2390 coopertus.

316 2406 443 2460 llaec
475 2409 634 2476 paulo
676 2409 835 2463 aliter
887 2425 948 2465 ac
980 2410 1359 2470 Tillemontius
1411 2415 1814 2486 descripsimus.

244 2499 534 2552 Existimat
558 2499 701 2553 enim
745 2501 1087 2560 doctissimus
1116 2508 1347 2577 scriptor
1376 2507 1812 2574 Demosthenem,

244 2608 365 2645 cum
432 2589 928 2661 Nicopolitanorum
1002 2598 1212 2653 animos
1270 2600 1559 2654 levioribus
1639 2610 1814 2654 tenta-

243 2685 441 2738 mentis
470 2699 859 2757 Oppugnasset,
900 2698 959 2743 ut
1002 2689 1268 2744 Eustathii
1302 2706 1459 2744 manu
1504 2692 1812 2761 epi5t~0pum

241 2778 582 2843 acciperent,
627 2778 715 2831 ubi
762 2779 895 2831 vidit
932 2793 1025 2833 eos
1079 2795 1183 2833 non
1231 2782 1459 2847 cedere,
1522 2784 1812 2839 violentum

242 2868 373 2921 illud
412 2885 605 2937 agmen
650 2870 972 2923 Arianorum
1010 2871 1319 2930 immisisse.
1350 2875 1403 2928 In
1444 2892 1564 2931 eam
1597 2888 1809 2932 senten-

243 2961 367 3011 tiam
408 2960 791 3026 interpretatur
826 2961 951 3015 illud
982 2977 1049 3017 ex
1083 2966 1239 3034 epist.
1272 2966 1398 3030 ‘23‘7,
1434 2967 1531 3020 Ubi
1569 2971 1699 3022 videt
1728 2987 1814 3023 eos

243 3046 466 3102 libenter
490 3066 592 3103 non
621 3054 821 3116 cedere,
846 3068 982 3106 nunc
1005 3056 1306 3123 aggreditur
1331 3057 1631 3111 violentiore
1656 3076 1813 3113 manu

241 3142 427 3191 datum
468 3140 577 3191 illis
627 3142 922 3210 ερὶεσομαιη
955 3146 1290 3199 constituere.
1337 3144 1443 3201 Sed
1489 3150 1601 3203 haec
1644 3152 1813 3205 inter-

243 3235 476 3302 pretatio
509 3245 655 3289 stare
688 3250 793 3288 non
828 3248 1032 3305 potest;
1074 3248 1288 3293 constat
1318 3242 1459 3295 enim
1492 3243 1815 3299 Frontonem

242 3328 311 3386 ab
355 3328 578 3382 Arianis
628 3329 996 3399 episcopatum
1049 3331 1343 3400 accepisse.
1388 3331 1566 3399 Quare
1610 3336 1815 3389 violen-

245 3420 371 3471 tiam
429 3419 608 3484 illam,
656 3436 814 3488 quam
871 3424 1254 3479 Demosthenes
1302 3425 1557 3480 adhibere
1590 3429 1814 3491 statuit,

244 3520 298 3560 ut
330 3511 518 3563 datum
560 3512 855 3578 episcoPum
886 3514 1270 3578 constitueret,
1322 3529 1429 3567 non
1471 3516 1817 3569 itntnittendis

242 3603 460 3657 Arianis
503 3603 768 3667 adhibuit,
811 3604 900 3670 qui
938 3604 1051 3671 jam
1098 3604 1436 3672 perfecerant
1478 3607 1618 3673 quod
1654 3607 1814 3665 situm

245 3696 295 3746 in
341 3694 471 3760 ipsis
501 3692 696 3753 fuerat,
727 3695 819 3745 sed
851 3692 1019 3746 sacris
1057 3693 1259 3747 aidibus
1299 3693 1553 3749 Frontoni
1585 3711 1679 3763 per
1709 3698 1815 3750 vim

250 3783 543 3837 tradendis.
603 3782 733 3836 Vide
785 3798 905 3851 qua:
958 3784 1363 3841 observavimus
1413 3789 1479 3843 ad
1538 3789 1815 3860 epistolam

243 3878 367 3931 237.

314 3968 406 4021 ιν.
449 3966 589 4022 Tum
634 3984 754 4022 cum
804 3968 1193 4041 NicOpolitanis
1226 3975 1470 4043 graviora
1521 3975 1817 4029 minaretur

249 4064 662 4127 Demosthenes,
698 4080 881 4117 rumor
914 4074 1031 4118 erat
1059 4065 1309 4130 Arianos,
1359 4065 1447 4133 qui
1491 4067 1627 4120 forte
1673 4082 1814 4119 non-

248 4158 371 4211 dum
422 4154 476 4207 in
510 4153 774 4207 Galatiam
810 4156 1100 4221 redierant,
1132 4156 1271 4209 aliud
1316 4158 1601 4210 concilium
1648 4158 1817 4211 medi-

247 4254 369 4310 tari,
404 4247 469 4300 ad
500 4245 641 4314 quod
673 4250 990 4301 accersitum
1022 4248 1294 4313 Basilium,
1328 4259 1420 4302 aut
1456 4264 1635 4305 secum
1670 4264 1817 4303 com-

246 4342 528 4395 municare
552 4348 829 4406 cogerent,
856 4348 949 4393 aut
979 4356 1071 4395 sua
1101 4343 1488 4397 consuetudine
1517 4351 1813 4399 uterentur.

243 4432 387 4486 luter
421 4432 518 4485 has
562 4427 835 4483 molestias
876 4428 1103 4485 Basilius
1136 4432 1267 4485 nihil
1296 4434 1359 4486 de
1390 4433 1692 4488 valetudine
1721 4448 1813 4485 sua

1923 1966 2095 2021 neque
2150 1953 2312 2005 etiam
2371 1952 2533 2006 nimis
2600 1951 2853 2017 doleant,
2906 1953 3050 2020 quod
3102 1960 3253 2005 extra
3312 1965 3493 2004 muros

1921 2044 2076 2115 eiecti
2116 2044 2254 2108 sint,
2294 2045 2387 2099 sed
2420 2045 2599 2113 siqua
2641 2044 2712 2097 sit
2745 2044 2849 2097 hac
2896 2043 2947 2095 in
2983 2058 3039 2097 re
3086 2042 3351 2106 molestia,
3396 2057 3493 2110 spe

1921 2138 2185 2192 mercedis
2225 2146 2281 2192 et
2331 2134 2567 2191 adfuturi
2615 2134 2723 2190 cito
2769 2132 2956 2187 auxilii
3006 2140 3319 2188 constanter
3363 2146 3489 2199 per-

1921 2235 2117 2375 16:3:
2132 2319 2297 2375 multo
2326 2326 2448 2386 post
2475 2317 2732 2385 scriptam
2760 2315 2994 2370 Eusebio
3035 2314 3319 2385 epistolam
3346 2314 3473 2379 237,

1918 2413 2216 2466 Antiochus
2249 2426 2315 2465 ex
2342 2410 2562 2465 Oriente
2598 2410 2650 2464 in
2688 2407 2972 2463 Thraciam
3009 2407 3343 2463 contendens
3370 2406 3490 2461 Cae-

1918 2518 2075 2558 sarea
2112 2504 2349 2569 transiit,
2382 2517 2445 2556 ac
2474 2516 2628 2555 nova:
2655 2501 2899 2571 epistolae
2919 2501 3258 2555 occasionem
3292 2497 3491 2552 Basilio

1918 2595 2116 2650 attulit.
2169 2595 2319 2650 Hanc
2360 2594 2675 2665 epistolam,
2720 2607 2839 2662 quae
2883 2602 2966 2647 est
3007 2592 3111 2646 9.39
3136 2632 3151 2657 ,
3185 2606 3289 2644 non
3323 2589 3489 2643 multo

1917 2697 2038 2757 post
2058 2703 2176 2742 eam
2214 2702 2336 2757 qua:
2361 2697 2446 2742 est
2474 2687 2602 2751 237,
2638 2688 2893 2755 scriptam
2929 2700 3050 2740 esse
3080 2682 3402 2754 perspicitur
3423 2695 3491 2734 ex

1918 2782 2032 2849 ipso
2067 2780 2219 2833 initio
2252 2795 2268 2834 :
2300 2778 2457 2832 Dedit
2480 2778 2627 2831 nobis
2653 2777 2901 2831 Dominus
2930 2777 3087 2829 etiam
3123 2790 3327 2829 nunc...
3348 2775 3494 2829 salu-

1918 2883 2027 2924 tare
2083 2874 2417 2925 sanctitatem
2465 2883 2653 2935 tuam,
2704 2881 2807 2925 etc.
2864 2869 3073 2924 Statum
3126 2870 3490 2925 Ecclesiarum

1917 2962 2199 3029 deplorat,
2242 2978 2307 3016 ac
2337 2964 2404 3016 de
2456 2961 2644 3031 legatis
2672 2959 2896 3016 Romam
2931 2962 3207 3016 mittendis
3237 2962 3494 3015 nonnulla

1918 3054 2172 3119 disserit,
2205 3068 2325 3123 quas
2354 3057 2513 3109 modo
2554 3054 3006 3108 examinabimus.
3044 3052 3149 3107 Sed
3198 3061 3490 3120 antequam

1917 3147 1985 3199 ad
2017 3146 2155 3199 hanc
2203 3145 2527 3216 legationem
2556 3145 2840 3199 veniamus
2862 3185 2876 3209 ,
2907 3159 3026 3211 quae
3054 3142 3238 3197 multis
3265 3142 3494 3195 dillicul—

1925 3238 2120 3290 tatibus
2160 3236 2439 3305 implicata
2495 3245 2612 3300 est,
2666 3235 2769 3288 alia
2800 3234 2983 3289 Basilii
3018 3234 3491 3287 commemoranda

1922 3330 1988 3383 ad
2021 3329 2421 3397 NicOpolitanos
2464 3327 2811 3397 presbyteros
2841 3325 3085 3397 epistola.
3128 3325 3264 3379 Cum
3298 3340 3489 3395 parum

1919 3420 2111 3475 beatus
2137 3419 2239 3474 sibi
2265 3419 2540 3474 videretur
2560 3419 2761 3475 Fronto
2788 3436 2971 3474 vacua:
2996 3418 3254 3474 Ecclesia:
3279 3433 3495 3489 posses-

1918 3512 2091 3576 sione,
2130 3526 2244 3565 rem
2281 3523 2403 3566 astu
2432 3521 2670 3567 tractare
2705 3522 2760 3566 et
2790 3512 2946 3565 ﬁdem
2978 3512 3296 3565 catholicam
3330 3511 3495 3580 proﬂ-

1921 3608 2018 3658 teri
2064 3606 2229 3673 ecepit
2263 3623 2278 3659 :
2308 3621 2483 3674 neque
2512 3621 2636 3659 eum
2681 3606 2795 3659 haec
2851 3606 2973 3658 alea
3008 3604 3231 3659 omnino
3268 3600 3489 3666 fefellit;

1918 3711 2043 3750 nam
2073 3697 2317 3750 nonnulli
2344 3698 2593 3753 dubitare
2625 3714 2689 3753 ac
2717 3697 2981 3753 ﬂuctuare
3014 3706 3314 3767 coeperunt.
3348 3694 3492 3749 Inte-

1920 3790 2023 3844 rim
2058 3792 2193 3844 varii
2226 3801 2281 3846 et
2310 3792 2503 3846 incerti
2539 3807 2786 3846 rumores
2821 3790 3077 3845 Basilitnn
3119 3790 3486 3843 sollicitudine

1918 3882 2331 3951 distringebant,
2383 3892 2438 3936 et
2473 3892 2623 3936 certo
2674 3884 2817 3936 scire
2866 3882 3130 3951 majorem
3172 3881 3225 3933 in
3271 3879 3489 3933 modum

1918 3976 2132 4037 avebat,
2170 3974 2298 4043 quid
2338 3972 2580 4041 Nicepuii
2618 3982 2904 4043 ageretur;
2936 3986 3057 4045 cum
3093 3980 3492 4039 peropportune

1919 4070 1986 4121 ad
2010 4083 2133 4121 eum
2158 4068 2460 4139 presbyteri
2481 4067 2839 4137 Nicopolitani
2868 4067 3130 4120 miserunt
3152 4079 3275 4118 cum
3299 4062 3491 4115 litteris

1918 4158 2279 4213 Theodosium
2311 4162 2832 4230 compresbyterum,
2865 4172 2930 4212 ex
2965 4172 3072 4226 quo
3097 4154 3309 4225 singula
3331 4168 3487 4206 accu-

1919 4260 2033 4304 rate
2079 4254 2354 4319 cognovit.
2394 4249 2485 4302 Sic
2534 4248 2826 4317 restiondet
2846 4248 3075 4301 Basilius
3097 4286 3113 4310 ,
3142 4256 3200 4298 ut
3227 4260 3343 4313 qua:
3373 4246 3489 4311 ipse

1918 4342 2020 4396 sibi
2070 4342 2355 4405 suadebat,
2405 4340 2590 4393 eadem
2638 4340 2747 4392 illis
2782 4348 3088 4409 preponal:
3130 4333 3321 4406 nempe
3350 4336 3489 4391 hanc

1918 4436 2346 4504 persecutionem
2397 4436 2641 4487 eumdem
2697 4436 2898 4487 exitum
2947 4431 3289 4495 habituram,
3330 4445 3487 4497 quem

243 4525 488 4578 Scribere
539 4524 770 4576 audebat
821 4519 1071 4585 Eusebio,
1119 4540 1184 4577 ne
1226 4540 1348 4577 vera
1397 4526 1621 4580 dicendo
1677 4526 1813 4579 allli-
1847 4526 2097 4618 Dmulta:
2137 4528 2255 4579 alia:
2289 4525 2597 4595 superiores
2652 4525 2999 4589 habuerant;
3047 4522 3397 4592 quamobrem
3440 4518 3488 4573 si

246 4627 420 4687 geret.
467 4615 789 4669 Jamdudum
836 4613 1008 4667 nullas
1051 4615 1279 4670 Eusebio
1318 4615 1523 4670 litteras
1569 4618 1811 4683 miserat,

241 4727 350 4767 non
395 4706 719 4776 negligentia
764 4718 855 4761 aut
890 4705 1187 4772 oblivione,
1234 4710 1324 4764 sed
1365 4711 1488 4779 quia
1520 4726 1638 4763 cum
1682 4711 1819 4763 scri-

240 4805 439 4874 psisset
486 4813 579 4865 per
621 4796 862 4850 Thracia:
904 4798 1161 4850 vicarium
1186 4840 1198 4861 ,
1239 4811 1293 4853 et
1335 4816 1428 4868 per
1472 4802 1813 4869 praepositum

242 4891 636 4964 Philippopolis
697 4893 1106 4956 thesaurorum,
1169 4890 1359 4945 littera:
1424 4890 1644 4945 redditae
1707 4906 1813 4943 non

239 4989 485 5042 luerunt.
534 4981 859 5047 Peragrante
912 4984 1051 5035 enim
1103 4982 1391 5045 parteeiatn
1454 4982 1672 5045 Basilio,
1716 4984 1812 5035 ad-

238 5083 393 5135 venit
437 5091 662 5147 vespere
694 5076 747 5128 in
795 5076 983 5128 urbem
1022 5074 1275 5137 vicarius,
1307 5084 1361 5128 et
1407 5092 1617 5131 summo
1654 5091 1809 5131 mane

240 5176 397 5236 abiit,
427 5174 652 5242 ejusque
696 5168 957 5222 adventus
995 5181 1306 5223 (econtnnos
1350 5170 1589 5224 ecclesiae
1627 5170 1801 5224 latuit.

240 5265 571 5331 Praepositus
637 5273 788 5320 vero,
832 5274 990 5330 quem
1026 5257 1251 5315 Basilius
1301 5271 1575 5329 rogaverat
1620 5274 1675 5315 ut
1718 5262 1809 5315 lito

236 5374 389 5419 teras
444 5364 715 5420 sumeret,
767 5364 990 5421 urgente
1043 5355 1273 5409 fortasse
1330 5356 1507 5423 aliquo
1570 5358 1805 5425 negotio,

237 5455 513 5529 prolectus
543 5463 625 5505 est
660 5464 757 5504 nec
786 5448 1049 5515 susceptis
1081 5446 1272 5501 litteris
1304 5464 1401 5502 nec
1446 5445 1673 5501 salutato
1708 5448 1810 5502 Ba.

238 5552 377 5606 silio.
410 5546 484 5600 Eo
527 5544 836 5597 molestiora
872 5542 984 5594 haec
1026 5549 1209 5603 erant,
1252 5542 1390 5607 quod
1439 5540 1674 5608 quotidie
1721 5557 1805 5595 res

240 5654 391 5691 nova:
419 5635 723 5695 evenirent,
751 5633 944 5698 quibus
974 5631 1206 5685 Eusebio
1236 5630 1532 5684 scribendis
1564 5631 1798 5684 dolorem

305 5822 381 5894 (tt)
418 5824 511 5889 Ep.
541 5821 661 5880 238,
690 5819 811 5871 240.

1916 4619 2097 4687 gravis
2131 4620 2224 4680 sit,
2265 4632 2361 4686 spe
2392 4630 2607 4670 corona:
2640 4615 3015 4684 perferendam
3045 4632 3057 4665 :
3083 4614 3128 4665 si
3172 4611 3307 4665 levis
3329 4652 3344 4676 ,
3382 4625 3488 4663 non

1914 4710 2071 4762 valde
2118 4710 2168 4761 in
2229 4724 2398 4777 parvo
2437 4707 2780 4761 incommodo
2809 4706 3116 4775 lugendum.
3146 4703 3399 4757 llortatur
3432 4710 3489 4753 ut

1916 4799 2267 4852 meminerint
2291 4815 2348 4854 se
2380 4806 2674 4866 martyrum
2706 4805 2761 4850 et
2787 4796 3157 4851 conlessorum
3184 4792 3322 4845 filios
3346 4805 3485 4854 esse,

1915 4905 1980 4944 ac
2011 4890 2324 4944 demeaticis
2354 4887 2616 4957 exemplis
2646 4896 2887 4942 utantur.
2924 4886 3056 4939 lllttd
3100 4896 3283 4939 autem
3322 4884 3485 4934 etiam

1921 4992 2084 5048 atque
2107 4982 2271 5035 etiam
2307 4989 2510 5043 monet,
2541 4994 2608 5034 ne
2638 4992 2797 5035 recta:
2829 4978 2953 5033 ﬁdei
2976 4976 3315 5032 simulatione
3338 4971 3487 5028 deluo

1920 5074 2135 5125 dantur.
2182 5071 2353 5140 Negat
2408 5086 2468 5125 se
2522 5072 2961 5137 commissurum,
3038 5077 3096 5121 ut
3159 5064 3485 5119 Frontonem

1915 5164 2229 5233 episcopum
2260 5175 2541 5232 agnoscat;
2569 5168 2726 5234 idque
2747 5179 2934 5219 eorum
2964 5158 3297 5231 p0tissimum
3324 5172 3485 5210 causa

1922 5257 2178 5320 declarat,
2216 5272 2353 5327 quos
2400 5260 2648 5312 audierat
2678 5258 2978 5312 ﬂuctuare:
3016 5269 3083 5307 ne
3126 5254 3247 5321 quis
3275 5265 3342 5302 ex
3375 5247 3481 5301 illis

1917 5350 2296 5404 communione
2321 5349 2612 5406 Frontonis
2632 5357 3126 5417 praeoccuparetur,
3150 5354 3243 5398 aut
3264 5352 3482 5410 accepta

1917 5445 1984 5500 ab
2012 5461 2076 5500 eo
2106 5447 2443 5503 ordinatione
2464 5486 2480 5512 ,
2513 5456 2696 5515 postea
2730 5445 2933 5499 reddita
2964 5457 3094 5513 pace
3132 5440 3239 5491 vim
3277 5437 3485 5489 laceret

1914 5541 2112 5609 gradus
2144 5542 2407 5593 retinendi
2438 5554 2619 5593 causa.
2652 5538 2997 5606 Perspicuum
3028 5542 3111 5584 est
3141 5535 3251 5584 lucc
3280 5528 3479 5590 scripta

1910 5646 2064 5695 esse,
2121 5638 2408 5699 antequam
2457 5629 2845 5698 persecutionis
2877 5623 3141 5695 .violentia
3180 5624 3473 5674 cresceret.
