4038 6458
509 402 669 448 CXLIV

1857 379 2386 438 PROLEGOMENA.

515 499 764 554 Nondum
797 494 941 551 enim
970 492 1188 548 inllictze
1216 499 1372 547 erant
1398 489 1589 560 plagae,
1610 491 1844 546 nondum
1873 496 2086 558 exsilia,
2115 496 2160 552 Α
2190 490 2398 545 duabus
2461 491 2671 558 litteris,
2738 506 2857 560 quae
2913 506 2940 545 a
2991 494 3321 564 presbyteris
3376 494 3645 552 Dorotlteo
3697 504 3756 555 et

516 588 756 646 nondum
792 599 1063 640 carceres.

591 701 672 755 Ad
693 700 796 753 hoc
835 706 1044 766 tempus
1072 697 1304 766 pertinet
1336 697 1655 754 brevissima
1694 701 1758 755 ad
1797 701 2084 757 Eusebium

516 791 768 860 epistola,
797 804 916 857 qua:
947 797 1031 843 est
1061 789 1426 843 ducentesima
1457 791 2084 862 quadragesimaprinta.

521 882 744 936 Videtur
799 888 1026 949 questus
1078 892 1199 932 esse
1245 879 1549 948 Eusebius,
1599 884 1740 949 quod
1792 883 1844 936 in
1899 883 2089 940 litteris

520 972 703 1026 Basilii
740 972 872 1025 nihil
910 972 1011 1025 nisi
1047 986 1282 1026 maerore
1316 980 1370 1026 et
1409 972 1664 1044 lacryntis
1699 975 1914 1044 dignum
1952 976 2092 1047 lege-

521 1075 604 1118 ret
640 1083 655 1119 :
691 1065 833 1133 quod
890 1064 1108 1131 quidem
1150 1064 1518 1132 superioribus
1552 1066 1763 1120 duabus
1803 1069 1869 1120 ad
1919 1069 2089 1122 Euse-

529 1153 678 1207 bium
719 1152 960 1221 epistolis
993 1154 1192 1218 optime
1224 1153 1492 1221 congruit.
1523 1153 1834 1222 Respondet
1867 1152 2093 1208 Basilius

521 1258 580 1298 se
633 1242 699 1296 de
733 1242 975 1296 molestis
1023 1243 1185 1296 rebus
1231 1257 1372 1313 saepe
1414 1247 1682 1309 scribere,
1713 1261 1817 1300 non
1868 1256 1926 1298 ut
1955 1246 2096 1300 illius

521 1334 759 1390 dolorem
797 1342 1024 1402 augeat,
1055 1335 1147 1387 sed
1177 1345 1232 1386 ut
1257 1349 1410 1388 suum
1445 1337 1556 1405 ipse
1603 1336 1788 1399 leniat,
1828 1350 1891 1389 ac
1927 1336 2094 1390 Euse-

521 1424 671 1480 bium
705 1424 770 1477 ad
800 1423 1121 1477 intentiores
1147 1438 1243 1491 pro
1267 1423 1502 1480 Ecclesia
1535 1441 1721 1495 preces
1742 1431 1961 1482 excitet.

600 1533 664 1591 ν.
718 1535 836 1591 Duo
861 1535 1292 1604 praestantissimi
1326 1536 1582 1591 Ecclesiae
1607 1537 1952 1592 Antiochena:
1976 1550 2096 1604 pre-

524 1628 754 1700 sbyteri,
782 1629 1084 1686 Dorotheus
1109 1639 1163 1684 et
1193 1628 1600 1688 Sanctissimus,
1631 1643 1823 1697 magno
1846 1629 2097 1683 Ecclesiae

527 1721 873 1790 pacificanda:
904 1722 1082 1777 studio
1111 1720 1448 1790 ﬂagrabant;
1496 1732 1726 1786 cumque
1756 1719 2005 1785 precibus
2041 1727 2095 1774 et

531 1810 839 1866 hortatibus
887 1812 1125 1881 egissent
1154 1808 1294 1878 apud
1335 1809 1616 1878 episcOpos
1657 1806 1992 1874 Orientales,
2039 1817 2097 1861 ut

527 1897 726 1966 legatio
755 1901 808 1954 in
839 1899 1183 1955 Occidentem
1216 1899 1546 1962 mitteretur,
1575 1896 1861 1952 commissa
1884 1896 2096 1964 utrique

528 1990 644 2044 haec
670 1991 943 2060 provincia
971 1992 1116 2046 circa
1141 1990 1344 2046 Pascha
1377 1989 1533 2055 huius
1561 1991 1687 2043 anni
1719 1987 1843 2044 576.
1874 1988 2098 2042 Videtur

529 2082 836 2138 Dorotheus
869 2083 1145 2152 superiore
1175 2094 1434 2137 autumno
1457 2081 1682 2135 Romam
1711 2081 1975 2150 cogitasse
1998 2077 2097 2149 (α),

529 2175 616 2229 vel
641 2176 829 2230 saltem
863 2175 1124 2230 Basiliam
1169 2177 1416 2230 hortatus
1459 2173 1647 2239 fuisse,
1683 2181 1741 2226 ut
1779 2171 2097 2240 Gregorium

529 2264 833 2338 Nyssenum
869 2267 922 2321 in
956 2267 1304 2322 Occidentem
1339 2267 1573 2336 legatum
1617 2265 1873 2319 mitteret.
1913 2262 2101 2318 Caruit

531 2359 682 2412 exitu
716 2358 817 2413 hoc
840 2359 1149 2425 consilium,
1175 2359 1289 2414 sive
1318 2359 1442 2428 quia
1478 2357 1793 2429 Gregorius,
1821 2365 1879 2408 ttt
1911 2356 2102 2425 przrvi-

532 2447 687 2502 derat
732 2447 995 2517 Basilius,
1039 2449 1141 2504 hoc
1173 2466 1366 2505 munus
1411 2450 1686 2518 suscipere
1717 2449 1925 2513 noluit,
1957 2447 2100 2519 quod

533 2538 680 2594 illius
724 2542 984 2595 stomachi
1020 2557 1126 2596 non
1167 2553 1317 2604 erat,
1365 2542 1480 2596 sive
1509 2541 1614 2594 alia
1657 2542 1724 2595 de
1768 2555 1952 2594 causa.
1986 2540 2093 2594 Sed

534 2637 715 2685 tamen
769 2632 1096 2687 Dorotbeum
1146 2633 1198 2686 in
1251 2632 1538 2688 Thraciam
1584 2632 1831 2696 venisse,
1875 2639 1923 2682 et
1978 2645 2099 2683 cum

533 2723 766 2778 Eusebio
797 2727 1161 2780 Samosatensi
1208 2724 1373 2780 fuisse
1420 2739 1557 2779 anno
1599 2723 1707 2779 575
1736 2732 1967 2777 exeunte
2016 2723 2099 2774 vel

531 2815 639 2872 576
662 2818 877 2872 ineunte
899 2858 915 2882 ,
960 2817 1218 2872 discimus
1247 2832 1314 2873 ex
1344 2817 1566 2886 epistola
1593 2815 1729 2882 259,
1759 2830 1879 2885 quae
1901 2813 2100 2882 scripta

535 2920 621 2964 est
656 2925 759 2964 non
800 2910 970 2964 multo
993 2920 1114 2979 post
1145 2910 1357 2965 initium
1384 2910 1509 2964 anni
1539 2907 1666 2963 576.
1699 2907 1826 2962 Erat
1848 2922 1968 2962 cum
2000 2904 2104 2959 Ba-

537 3001 658 3056 silio
686 3001 772 3056 vel
821 3002 876 3055 in
909 3002 1153 3055 ﬁnitimis
1206 3003 1379 3064 locis,
1425 3015 1547 3053 cum
1581 2999 1806 3054 Basilius
1857 3000 2101 3052 eamdem

535 3094 824 3161 epistolam
875 3095 1115 3162 scripsit.
1176 3093 1348 3162 Rogat
1392 3090 1537 3145 enim
1587 3090 1874 3143 Eusebium
1917 3089 2103 3156 quales

537 3186 779 3241 redeunti
815 3184 1086 3242 Dorotheo
1115 3185 1302 3240 danda:
1345 3183 1456 3238 sint
1498 3182 1690 3236 littera:
1731 3197 1744 3234 :

537 3279 787 3333 etimitem
839 3279 987 3331 illum
1041 3276 1281 3330 futurum
1332 3274 1535 3344 Optimo
1590 3271 1966 3336 Sanctissimo,
2012 3269 2106 3339 qui

542 3382 741 3436 magno
775 3367 940 3420 animi
983 3368 1176 3422 ardore
1220 3367 1497 3422 Orientem
1553 3367 1908 3434 peragrabat,
1949 3370 2004 3417 et
2041 3361 2108 3416 ab

544 3457 848 3525 insignibus
915 3457 1216 3526 quibusque
1267 3455 1534 3529 episcopis
1584 3452 2008 3522 subscriptiones
2054 3458 2109 3505 et

540 3550 801 3620 epistolas
822 3549 1134 3620 colligebat.

608 3682 843 3752 Legatos
873 3681 926 3735 in
951 3681 1294 3736 Occidentem
1346 3682 1486 3734 mitti
1520 3696 1626 3733 non
1659 3681 1883 3734 multum
1914 3681 2111 3748 proba-

543 3775 635 3830 bat
677 3774 953 3829 Basilius:
984 3774 1032 3830 si
1075 3773 1220 3829 enim
1267 3772 1529 3827 Dominus
1577 3771 1842 3841 pr0pitius
1869 3771 1982 3834 fiat,
2008 3772 2113 3824 alio

543 3881 680 3935 Opus
712 3882 817 3921 non
865 3867 979 3922 fore
1007 3867 1209 3922 auxilio
1242 3884 1256 3920 :
1298 3867 1342 3921 si
1378 3865 1469 3920 Dei
1507 3866 1585 3918 ira
1615 3873 1964 3934 perseveret,
2005 3879 2109 3914 non

545 3973 740 4026 magno
785 3957 1034 4027 praesidio
1083 3957 1324 4010 futurum
1366 3955 1713 4011 Occidentale
1748 3952 2113 4023 supercilium.

546 4050 769 4105 Frustra
797 4049 1059 4119 ejusmodi
1093 4050 1336 4102 homines
1368 4049 1511 4100 orari
1540 4051 1909 4112 demOustrat,
1957 4045 2115 4098 allato

547 4144 742 4198 ineam
789 4143 1108 4196 sententiam
1135 4156 1290 4196 versu
1343 4139 1649 4194 Homerico.
1681 4138 1922 4191 Nondum
1968 4139 2113 4192 enim

548 4235 721 4290 callus
752 4236 1021 4289 obductus
1067 4245 1184 4289 erat
1210 4235 1381 4288 dolori
1408 4273 1422 4298 ,
1461 4248 1620 4303 quem
1655 4245 1718 4284 ex
1770 4229 1940 4281 inutili
1977 4230 2116 4283 litte-

552 4342 732 4379 rarum
764 4327 890 4378 anni
918 4326 1022 4379 2.72
1063 4326 1235 4388 exitu,
1267 4334 1321 4378 et
1351 4341 1415 4378 ex
1448 4323 1721 4393 responsis
1744 4335 1929 4391 parum
1952 4319 2119 4388 aequis

549 4434 646 4490 per
693 4417 980 4486 Evagrium
1041 4432 1184 4470 anno
1217 4417 1321 4470 575
1357 4416 1529 4470 allatis
1573 4423 1914 4482 conceperat.
1979 4411 2116 4475 Quin

1792 3178 1929 3232 forte
1967 3179 2107 3231 enim
2137 3173 2179 3230 (ἶ

2193 580 2551 635 Sanctissimo
2592 581 2812 650 perlata:
2835 589 3047 648 Optatos
3073 584 3249 634 exitus
3275 583 3592 640 habuerunt.

2268 671 2407 724 Sunt
2435 669 2519 724 ba;
2545 671 2737 725 littera?
2775 669 2883 725 242
2924 681 2980 725 et
3025 670 3148 725 245.
3190 671 3365 726 Prima
3400 672 3752 732 Orientalium

2189 763 2412 818 nomine
2478 762 2912 817 Occidentalibus
2968 763 3187 831 scripta.
3243 764 3479 818 Alteram
3525 765 3757 826 Basilius

2189 855 2443 924 privatim
2483 854 2697 922 scripsit
2731 856 2797 907 ad
2839 854 3003 907 Italiae
3048 864 3098 907 et
3134 853 3319 909 Galliae
3365 857 3661 926 episcopos.
3697 861 3754 915 In

2191 947 2364 1014 prima
2430 945 2732 1014 signiﬁcant
2789 943 3091 1000 Orientales
3131 960 3190 999 se
3219 947 3366 1016 inter
3409 951 3756 1016 gravissimas

2194 1033 2453 1103 procellas
2486 1034 2551 1086 ab
2585 1032 2942 1087 Ecclesiarunt
2982 1032 3301 1088 defensione
3337 1050 3440 1088 non
3471 1036 3752 1101 dimoveri,

2193 1140 2294 1178 nec
2346 1139 2584 1178 animum
2638 1124 3012 1192 despondere,
3062 1133 3116 1177 ct
3155 1125 3353 1181 idcirco
3388 1127 3642 1180 auxilium
3687 1131 3756 1184 ab

2196 1215 2481 1272 Occidente
2524 1214 2638 1284 jam
2687 1230 2830 1285 sa'pe
2875 1226 3243 1285 exspectatum
3284 1231 3522 1285 poscere.
3555 1216 3758 1271 Nume-

2204 1318 2325 1361 rant
2349 1308 2612 1361 decimum
2654 1308 2873 1362 tertium
2905 1309 3292 1375 persecutionis
3323 1324 3542 1374 annum,
3571 1311 3622 1363 in
3650 1327 3756 1379 qua

2195 1399 2374 1468 plures
2425 1399 2682 1454 Ecclesiis
2735 1399 2982 1454 evenisse
3031 1396 3348 1454 alliictiones
3409 1413 3756 1467 asseverant,

2195 1501 2354 1554 quam
2402 1487 2644 1542 evenisse
2686 1496 3077 1552 memorantur,
3123 1503 3186 1539 ex
3240 1503 3349 1557 quo
3407 1489 3756 1558 Evangelium

2194 1577 2394 1631 Citriin
2444 1580 2808 1632 annuutiatur.
2857 1578 3068 1648 Rogant
3116 1593 3249 1645 ergo
3291 1589 3348 1633 ut
3399 1583 3616 1636 tandem
3649 1582 3753 1636 ali-

2195 1669 2408 1738 quando
2437 1669 2715 1722 mittantur
2741 1685 2805 1723 ex
2834 1668 3144 1732 Occidente,
3165 1671 3258 1738 qui
3289 1668 3544 1726 Orientali
3569 1671 3759 1728 Eccle-

2197 1762 2290 1816 size
2316 1774 2471 1828 opem
2505 1759 2699 1814 ferant.

2127 1837 2169 1892 Β
2270 1852 2480 1921 Scripta
2526 1861 2611 1904 est
2643 1851 2695 1904 in
2724 1851 2964 1905 eamdem
3004 1852 3328 1905 scutentiam
3375 1851 3596 1921 epistola
3627 1854 3757 1910 2L5.

2201 1945 2371 2014 Rogat
2397 1943 2627 1998 Basilius
2664 1953 2721 1996 ut
2749 1943 3121 2012 imperatorem
3146 1941 3451 1996 Occidentis
3473 1945 3758 1998 certiorem

2199 2036 2399 2088 faciant
2429 2036 2494 2090 de
2542 2036 2608 2090 iis
2645 2050 2765 2105 quae
2799 2045 3061 2104 geruntur
3095 2035 3146 2087 iu
3196 2036 3453 2100 Oriente;
3499 2037 3581 2089 vel
3624 2037 3666 2089 si
3710 2037 3762 2091 id

2201 2123 2411 2179 difﬁcile
2441 2126 2623 2194 fuerit,
2661 2126 2851 2181 saltem
2887 2126 2986 2196 ipsi
3034 2126 3248 2180 mittant
3280 2129 3371 2196 qui
3416 2127 3764 2182 consolentur

2202 2212 2440 2270 alllictos.
2492 2214 2803 2270 Persecutio
2852 2215 3073 2268 uberius
3116 2215 3462 2280 describitur,
3492 2231 3652 2281 quam
3709 2216 3764 2268 in

2202 2305 2466 2370 superiori
2493 2304 2741 2373 epistola.
2770 2303 2965 2358 Narrat
3002 2304 3231 2358 Basilius
3260 2306 3536 2374 episcopos
3563 2304 3763 2358 indicta

2203 2410 2364 2448 causa
2404 2395 2685 2461 damnari;
2722 2395 2830 2447 imo
2858 2395 3142 2448 nonnullus
3172 2397 3288 2449 sine
3318 2395 3723 2450 accusatoribus
3747 2433 3764 2457 .

2201 2489 2319 2542 sine
2348 2485 2722 2546 tribunalibus.
2758 2487 3075 2552 intempesta
3111 2497 3265 2538 nocte
3305 2495 3484 2553 raptos
3506 2526 3522 2552 ,
3553 2488 3604 2540 in
3644 2488 3766 2539 lono

2203 2580 2430 2650 ginquas
2479 2576 2722 2646 regiones
2757 2575 2968 2643 fugatos
2993 2573 3173 2626 fuisse.
3207 2573 3338 2626 llinc
3372 2573 3505 2642 fugae
3538 2577 3770 2645 presby-

2206 2682 2440 2726 terorum
2467 2677 2521 2724 et
2552 2669 2904 2722 diaconorum
2929 2706 2945 2732 ,
2974 2665 3101 2719 cleri
3131 2665 3472 2732 depopulatio
3492 2704 3509 2729 ,
3543 2668 3768 2735 populo-

2205 2776 2322 2814 rum
2351 2760 2604 2828 gemitus,
2631 2759 2821 2812 altaria
2856 2756 3119 2828 spirituali
3152 2755 3294 2808 cultu
3323 2757 3589 2820 vacantia,
3627 2758 3769 2812 aedes

2205 2850 2534 2920 precationis
2559 2849 2757 2904 clausa:
2800 2851 2916 2904 sine
2945 2850 3296 2904 conciouibus
3336 2861 3402 2902 ac
3429 2848 3724 2919 synaxibus
3753 2870 3769 2905 :

2204 2947 2331 3000 dum
2363 2943 2616 2999 Ecclesiae
2663 2943 2926 2997 columnae
2960 2943 3216 3010 dispersa:
3259 2950 3382 2994 sunt
3405 2981 3419 3002 ,
3457 2941 3676 2994 haeresis
3706 2939 3774 2994 li-

2207 3038 2470 3091 bertatem
2517 3045 2710 3098 nacta,
2752 3034 3150 3087 multitudinem
3193 3034 3397 3087 inducit
3423 3034 3679 3094 deorum,
3717 3042 3773 3085 et

2212 3123 2471 3192 Spiritum
2496 3135 2745 3177 sanctum
2779 3121 2972 3187 reiicit,
3005 3137 3066 3174 ac
3096 3124 3218 3174 dum
3260 3121 3439 3173 omnia
3469 3121 3572 3174 sibi
3597 3121 3773 3176 eccle-

2212 3212 2429 3266 siastica
2477 3209 2660 3264 munia
2705 3217 2963 3277 arrogat,
3018 3209 3378 3276 baptismata,
3425 3210 3775 3264 deductiones

2209 3301 2661 3372 proficiscentium
2686 3339 2700 3363 ,
2730 3298 3132 3354 consolationes
3169 3298 3544 3365 aegrotandum
3563 3337 3578 3362 ,
3620 3315 3774 3352 coru-

2210 3407 2493 3448 muniones
2558 3393 2957 3463 mysteriorum,
2993 3389 3246 3444 Ecclesiae
3293 3388 3429 3441 lilios
3461 3389 3635 3456 impia:
3673 3393 3775 3442 do-

2205 3488 2397 3542 ctrinae
2434 3485 2745 3541 assuefacit.
2786 3483 2910 3538 llatc
2933 3497 2999 3538 eo
3025 3481 3327 3536 molestiora
3347 3488 3502 3534 erant
3528 3477 3777 3534 Orienta-

2209 3580 2392 3644 libus,
2445 3579 2587 3647 quod
2637 3585 2935 3631 metuerent
2981 3591 3049 3630 ne
3105 3573 3411 3629 incendium
3455 3583 3779 3640 consumpto

2209 3671 2430 3727 Oriente
2452 3671 2798 3726 Occidentem
2821 3669 2983 3722 etiam
3013 3667 3347 3737 pervaderet.

2283 3764 2370 3818 Vl.
2413 3763 2556 3817 Duos
2610 3763 2729 3815 illos
2771 3761 3117 3830 presbyteros
3183 3758 3341 3828 paulo
3389 3772 3510 3826 post
3558 3756 3767 3811 Pascha

2213 3855 2369 3923 hujus
2397 3854 2522 3908 anni
2565 3853 2667 3906 576
2722 3853 2774 3904 in
2828 3851 3169 3905 Occidentem
3233 3866 3335 3902 non
3367 3852 3540 3903 serius
3597 3849 3780 3918 profe-

2213 3956 2329 3999 ctos
2362 3958 2482 3998 esse
2502 3983 2518 4007 ,
2553 3944 2652 3997 hoc
2695 3941 2926 3995 maxime
2955 3949 3269 4008 argumento
3320 3943 3474 3994 nixus
3505 3943 3778 4004 existimo,

2214 4037 2356 4106 quod
2389 4035 2528 4088 idem
2565 4033 2860 4101 legatorum
2895 4046 3087 4084 munus
3113 4031 3305 4083 iterum
3335 4030 3587 4095 obierint,
3614 4044 3669 4087 et
3707 4035 3780 4088 ah

2214 4144 2400 4184 eorum
2425 4143 2490 4180 ex
2524 4124 2759 4180 secunda
2786 4124 3050 4193 legatione
3081 4120 3253 4174 reditu
3281 4135 3452 4190 usque
3475 4122 3540 4175 ad
3565 4121 3780 4176 initium

2219 4221 2347 4274 anui
2378 4216 2503 4280 578,
2533 4215 2788 4271 nonnulla
2817 4213 3116 4276 evenerint,
3142 4225 3259 4278 quae
3283 4223 3406 4280 apte
3437 4212 3644 4281 disponi
3673 4229 3781 4267 non

2217 4321 2459 4378 possent,
2491 4311 2534 4363 si
2571 4309 2744 4376 prima
2775 4303 2968 4373 legatio
2999 4301 3174 4354 serius
3203 4301 3533 4367 contigisset.

2290 4399 2474 4466 Neque
2503 4398 2667 4450 etiam
2708 4394 2865 4446 citius
2895 4391 3007 4443 haec
3053 4389 3246 4458 legatio
3277 4388 3444 4458 possit
3487 4387 3781 4456 collocari,

550 4513 712 4566 etiam
731 4513 927 4565 vulnus
957 4508 1320 4563 refricuerant
1345 4507 1648 4561 novissimae
1672 4505 1880 4558 Damasi
1908 4504 2107 4557 litterae.

2227 4489 2279 4541 in
2313 4503 2421 4557 quo
2456 4501 2583 4540 sane
2609 4481 2984 4538 aTillemontil
3013 4482 3275 4535 sententia
3315 4478 3469 4545 longe
3504 4477 3784 4534 distamus.

551 4620 670 4672 quae
701 4604 926 4658 Paulino
953 4602 1323 4672 episcopatum
1357 4599 1721 4652 attrilmebant
1747 4636 1763 4660 ,
1799 4595 2123 4649 defraudato

553 4694 791 4748 Meletio.
857 4692 1055 4746 Narrat
1117 4694 1172 4746 in
1232 4693 1420 4744 eadem
1477 4687 1700 4756 epistola
1753 4685 1858 4739 259
1911 4685 2010 4739 sibi
2068 4685 2122 4737 in

555 4796 792 4841 mentem
821 4787 1039 4839 venisse
1077 4784 1332 4854 privatim
1370 4782 1435 4836 ad
1483 4778 1825 4849 coryphaeum
1857 4775 2123 4832 Occiden-

557 4877 744 4931 talium
771 4875 1031 4937 scribere,
1052 4874 1121 4929 de
1144 4875 1301 4928 rebus
1323 4872 1537 4941 quidem
1562 4867 1947 4923 ecclesiasticis
1970 4865 2122 4929 nihil,

557 4969 662 5022 nisi
687 4971 826 5036 quod
853 4965 1207 5027 insinuasset,
1241 4978 1414 5031 neque
1439 4963 1558 5016 illos
1587 4963 1651 5016 de
1690 4959 1852 5013 rebus
1884 4959 2122 5013 Orientis

559 5075 686 5114 vera
717 5072 898 5124 nosse,
945 5071 1121 5127 neque
1154 5055 1319 5118 viam,
1359 5069 1462 5122 qua
1491 5055 1695 5123 possint
1739 5053 1943 5106 discere
1967 5093 1980 5114 ,
2010 5066 2127 5104 amo

561 5152 721 5221 plecti
748 5168 764 5216 ;
790 5165 854 5205 ac
883 5150 1179 5220 generatim
1206 5188 1222 5209 ,
1258 5147 1564 5201 hominibus
1586 5184 1601 5208 ,
1631 5160 1768 5214 quos
1807 5145 2128 5197 tentationes

563 5241 830 5312 amigunt,
865 5241 1228 5296 insultandum
1263 5255 1366 5293 non
1415 5251 1534 5290 esse
1561 5277 1576 5301 ,
1607 5251 1779 5306 neque
1815 5235 2128 5303 dignitatem

565 5333 981 5391 existimandam
1028 5347 1148 5387 esse
1175 5332 1500 5401 superbiam.
1543 5327 1657 5381 Non
1707 5338 1884 5381 tamen
1925 5325 2132 5380 obstitit

571 5427 824 5497 legationi
857 5427 1124 5490 Basilius;
1156 5441 1330 5494 neque
1355 5426 1498 5480 enim
1537 5424 1582 5476 is
1610 5434 1750 5487 erat,
1783 5421 1872 5490 qui
1907 5419 1996 5472 ulli
2030 5419 2129 5473 Ec-

572 5522 751 5575 clesite
780 5520 1061 5574 commodo
1087 5533 1290 5574 moram
1309 5517 1557 5571 afferret:
1582 5515 1674 5567 sed
1703 5514 1880 5582 potius
1908 5509 2137 5564 libenter

2227 4581 2274 4635 Is
2321 4581 2463 4635 enim
2499 4579 2727 4648 legatum
2779 4591 2919 4626 anno
2963 4573 3066 4628 575
3099 4583 3190 4625 aut
3243 4569 3346 4624 574
3402 4570 3622 4624 missurn
3663 4586 3788 4626 esse

2230 4674 2560 4728 Dorotlteunt
2590 4668 2884 4730 existimat,
2916 4676 2971 4720 et
3009 4682 3150 4719 anno
3181 4662 3317 4726 575,
3367 4663 3465 4715 sub
3493 4663 3651 4716 finem
3686 4678 3787 4716 au-

2226 4766 2392 4819 tumni
2446 4761 2691 4816 rediisse.
2756 4760 2808 4813 l°
2865 4759 3136 4813 Neminem
3191 4769 3333 4807 armo
3402 4753 3507 4807 575
3568 4755 3792 4807 missum

2229 4855 2398 4909 fuisse
2424 4854 2535 4922 jam
2567 4865 2724 4918 supra
2755 4850 2885 4904 satis
2917 4850 3223 4918 probatum.
3258 4843 3466 4897 Nullum
3510 4845 3794 4912 legationis

2226 4947 2508 5014 vestigium
2549 4943 2748 4997 habent
2806 4944 2930 4995 anni
2985 4939 3089 4992 575
3130 4948 3221 4990 aut
3268 4937 3370 4990 574
3419 4936 3620 4990 Fncunt
3669 4936 3794 4992 fecit

2230 5042 2457 5096 eruditis
2481 5042 2610 5095 viris
2635 5041 2885 5112 opinatus
2912 5035 3161 5088 Dorothei
3186 5051 3248 5088 ex
3276 5035 3564 5088 Occidente
3591 5031 3796 5087 reditus

2233 5149 2376 5189 anno
2424 5132 2551 5196 575,
2604 5147 2763 5202 quem
2818 5127 3075 5196 colligunt
3105 5142 3170 5180 ex
3219 5126 3303 5180 liis
3329 5125 3509 5179 verbis
3555 5123 3796 5189 epistolae

2232 5229 2373 5287 259:
2414 5229 2490 5284 De
2521 5233 2672 5283 rebus
2713 5237 2883 5278 autem
2910 5219 3331 5277 Occidentalibus
3357 5217 3500 5282 prius
3521 5215 3628 5279 ipse
3653 5217 3797 5269 didi-

2237 5323 2352 5377 cisti
2381 5359 2398 5385 ,
2435 5331 2682 5375 narrante
2729 5317 2903 5370 omnia
2952 5316 3116 5383 fratre
3160 5311 3459 5371 Dorolheo,
3505 5308 3588 5359 cui
3615 5309 3796 5376 quales

2239 5415 2429 5468 danda:
2475 5429 2693 5474 rursus,
2743 5409 2926 5462 littera:
2955 5404 3212 5458 abeunti?
3254 5403 3328 5454 lix
3365 5400 3445 5451 his
3474 5400 3798 5454 concludunt

2243 5509 2570 5562 Dorotlteutn
2595 5507 2759 5558 Roma
2787 5503 3118 5563 redeuntem,
3138 5494 3278 5566 apud
3306 5491 3587 5545 Eusebium
3607 5491 3796 5552 fuisse,

576 5612 846 5666 communi
877 5625 1050 5665 causae
1071 5611 1258 5667 stilum
1299 5624 1455 5664 suum
1487 5606 1746 5677 impendit
1779 5605 1830 5659 in
1858 5601 2141 5658 exarandis
2231 5604 2391 5671 eique
2430 5603 2496 5655 de
2553 5597 2713 5654 rebus
2751 5599 2803 5653 in
2840 5594 3131 5651 Occidente
3181 5584 3476 5659 perspectis
3523 5593 3795 5639 narrasse-

649 5785 724 5857 (α)
765 5786 860 5852 Ep.
888 5786 1012 5839 2l5.
