4038 6450
1571 394 1732 449 VITA
1774 394 1833 450 S.
1878 393 2136 449 BASILII.

3336 396 3469 437 CXLV

233 518 341 575 Sed
383 515 650 587 quomodo
692 514 1025 575 Dorotheus,
1063 508 1151 578 qui
1200 508 1300 562 sub
1344 509 1552 562 initium
1607 508 1796 561 hiemis
1826 512 1872 570 Α
1902 506 2114 569 rahant,
2161 520 2474 574 quamcum
2508 503 2731 572 imperio
2763 483 2998 555 Valentis
3031 498 3274 555 sciebant
3320 498 3470 556 ince-

234 625 381 666 anno
418 608 523 662 575
566 608 789 661 Romam
829 604 1045 673 quidem
1078 600 1346 670 cogitabat
1376 598 1477 668 (α),
1504 600 1594 653 sed
1622 608 1798 651 tamen

235 705 477 759 nondum
518 700 713 753 litteris
734 698 1108 766 episcoporum
1150 693 1445 748 instructus
1474 700 1593 745 erat
1620 730 1635 757 ,
1665 705 1801 743 non-

236 798 366 851 dum
412 795 695 863 episcopos
752 799 943 842 nactus
1000 799 1159 850 erat,
1194 787 1387 855 quibus
1440 784 1688 838 comitem
1745 796 1803 835 se

235 887 449 942 itineris
478 897 596 939 esse
630 881 880 950 Optabat;
928 879 1234 947 quomodo,
1278 876 1521 944 inquam.
1558 883 1665 925 tam
1692 873 1803 925 cito

238 979 415 1031 redire
450 974 660 1042 potuit,
713 979 772 1025 ut
804 972 854 1023 iu
886 969 1119 1024 Thracia
1163 969 1301 1035 apud
1340 965 1623 1019 Eusebium
1661 974 1807 1017 esset

235 1068 390 1121 initio
429 1066 554 1118 anni
587 1062 731 1117 576?
764 1060 880 1117 Non
934 1063 1076 1114 enim
1126 1060 1342 1113 dubium
1389 1064 1470 1112 est
1498 1059 1649 1126 quin,
1682 1070 1803 1109 cum

245 1158 484 1212 Basilius
553 1154 813 1208 scriberet
860 1153 1139 1222 epistolam
1206 1148 1310 1202 259
1357 1148 1594 1219 (scripsit
1629 1158 1805 1199 autem

237 1266 340 1304 non
377 1247 548 1301 multo
590 1257 710 1315 post
746 1246 959 1299 initium
991 1245 1116 1297 anni
1150 1242 1276 1309 576',
1306 1282 1320 1304 ,
1350 1241 1461 1309 jatn
1495 1250 1605 1293 tum
1639 1240 1807 1293 Doro-

238 1343 395 1395 theus
438 1340 505 1391 ab
540 1337 773 1392 Eusebio
811 1336 1146 1389 discessisset
1175 1343 1227 1386 et
1264 1332 1315 1383 in
1344 1328 1684 1398 Cappadocia
1716 1335 1807 1381 aut

240 1433 487 1486 ﬁnitimis
521 1430 656 1483 locis
694 1436 1024 1481 versaretur.
1065 1424 1219 1481 Unde
1259 1425 1534 1493 quaerebat
1578 1421 1808 1476 Basilius

234 1542 483 1597 quaenam
510 1525 558 1578 ei
583 1523 769 1575 dandae
796 1528 977 1574 essent
1000 1518 1216 1572 abeunti
1242 1517 1452 1570 litteras.
1478 1515 1615 1569 lllud
1629 1524 1807 1567 autem

238 1636 342 1672 non
368 1618 549 1670 minus
582 1613 916 1681 exploratum
958 1621 1013 1665 et
1044 1621 1251 1664 certum
1285 1617 1386 1672 est,
1422 1606 1672 1661 Dorothei
1702 1603 1809 1657 Ro-

235 1723 377 1761 mam
425 1704 715 1766 cogitantis
770 1703 876 1756 iter
928 1703 1165 1755 nondum
1206 1703 1304 1754 sub
1356 1700 1567 1753 initiutn
1616 1697 1807 1751 hiemis

233 1799 455 1855 omnino
485 1804 752 1848 statutum
800 1794 998 1859 fuisse;
1032 1794 1294 1863 siquidem
1328 1792 1557 1845 Basilius
1587 1791 1639 1843 in
1686 1788 1803 1855 epi-

1908 597 2071 666 pisse.
2117 594 2190 650 At
2230 592 2600 650 Tillemontius
2643 593 2854 647 initium
2905 590 3158 645 tredecim
3208 604 3472 645 annorum

1906 691 2100 759 repetit
2132 689 2199 744 ab
2228 705 2371 743 anno
2408 688 2535 752 561,
2560 688 2647 741 alii
2670 687 2738 741 ab
2769 701 2911 739 anno
2936 683 3060 739 560.
3091 683 3194 737 Sed
3228 694 3472 739 extrema

1907 782 2299 849 persecutionis
2353 780 2653 835 Constantii
2712 779 2889 832 minus
2946 788 3093 831 recte
3125 789 3246 829 cum
3303 774 3474 831 initiis

1906 871 2145 927 Valentis
2202 871 2620 941 coniunguntur.
2666 870 2806 924 Inter
2833 878 3119 936 utramque
3146 869 3477 935 persecutio-

1906 978 2026 1017 nem
2060 963 2265 1031 aliquot
2292 963 2416 1015 anni
2476 960 2744 1028 interiecti
2800 968 2965 1024 sunt,
3025 955 3324 1011 Catholicis
3370 952 3476 1011 sub

1906 1055 2119 1112 Juliano
2144 1058 2197 1110 in
2232 1056 2386 1110 sedes
2417 1069 2544 1109 suas
2570 1052 2858 1107 restitutis.
2895 1049 3157 1103 Przeterea
3180 1047 3227 1101 si
3262 1046 3328 1102 de
3349 1061 3475 1115 per-

1906 1151 2185 1205 secutione
2212 1148 2511 1205 Constantii
2543 1144 2845 1202 Orientales
2877 1141 3040 1198 locuti
3073 1140 3320 1206 fuissent,
3369 1153 3476 1193 non

1902 1242 2013 1310 jam
2044 1242 2300 1296 tredecim
2327 1254 2499 1295 annos
2525 1235 3045 1302 numerassent,sed
3070 1233 3281 1305 longius
3308 1232 3478 1288 multo

1909 1336 2058 1390 initia
2096 1331 2488 1401 persecutionis
2517 1330 2882 1399 repetiissent.

1978 1428 2036 1482 4ο
2071 1427 2126 1481 In
2165 1425 2417 1495 opinione
2460 1421 2785 1476 Tillemontii
2826 1418 3072 1473 turbatur
3100 1426 3155 1471 et
3193 1415 3479 1472 confundi-

1910 1527 1996 1573 tur
2035 1533 2213 1571 rerum
2248 1526 2520 1587 gestarum
2554 1513 2743 1567 series.
2776 1510 3145 1565 Proliciscitur
3175 1510 3479 1563 Domtheus

1910 1624 2052 1662 anno
2077 1607 2180 1661 575
2203 1616 2296 1660 aut
2331 1604 2472 1668 574ς
2511 1616 2615 1655 non
2642 1601 2780 1658 redit
2800 1600 2897 1654 nisi
2920 1613 3059 1652 anno
3082 1597 3188 1651 575
3227 1608 3477 1651 exeunte.

1908 1680 2141 1751 Nimium
2166 1710 2299 1749 sane
2328 1696 2430 1749 hoc
2473 1692 2816 1748 intervallum
2851 1692 2902 1743 in
2951 1704 3008 1743 re
3040 1703 3142 1741 non
3174 1685 3373 1739 dilIicili
3410 1686 3479 1739 ad

1908 1787 2308 1843 deliberandum
2342 1795 2394 1840 et
2422 1786 2843 1853 diiudicandum,
2881 1798 2979 1835 nec
3012 1780 3235 1834 multum
3267 1788 3475 1847 tempo-

233 1891 370 1947 stola
403 1887 511 1942 215
542 1896 699 1957 negat
732 1902 854 1940 eum
882 1888 981 1940 hoc
1006 1888 1105 1939 iter
1136 1887 1311 1938 hieme
1335 1882 1601 1937 conﬁcere
1626 1896 1800 1949 posse,
1834 1852 1876 1906 Β
1908 1882 1982 1933 ris
2038 1880 2367 1948 requirente.
2434 1852 2576 1931 Idem
2640 1877 2943 1930 Dorotheus
3004 1873 3199 1925 iterum
3249 1870 3479 1923 mittitur

234 1983 338 2037 nisi
395 1983 531 2035 mari
587 1993 786 2046 utatur,
835 1991 888 2036 et
932 1997 1052 2037 cum
1098 1981 1397 2034 Dorotheus
1445 1978 1695 2031 comitem
1748 1991 1806 2029 se

235 2075 500 2145 Gregorio
521 2074 766 2147 Nysseno
791 2075 1027 2128 futurum
1058 2082 1322 2142 speraret,
1358 2080 1466 2125 tota
1492 2086 1577 2124 res
1610 2069 1808 2123 Basilio

235 2168 488 2237 plurimis
544 2170 824 2222 obstructa
876 2164 1283 2219 dillicultatibus
1346 2165 1577 2221 videtur.
1631 2162 1810 2229 Quare

237 2262 379 2329 quod
415 2262 491 2314 ait
522 2260 752 2314 Basilius
786 2258 1077 2312 Eusebium
1118 2260 1181 2312 de
1219 2258 1377 2312 rebus
1409 2256 1715 2313 Occidentis
1744 2268 1807 2308 ex

239 2354 512 2408 Dorotheo
543 2352 816 2416 didicisse,
842 2352 893 2406 id
920 2353 987 2407 de
1021 2353 1178 2406 rebus
1208 2352 1260 2403 in
1285 2349 1577 2405 Occidente
1612 2348 1808 2402 auditis

236 2455 327 2497 aut
359 2442 659 2513 perspectis
686 2444 858 2513 accipi
888 2458 991 2497 non
1021 2442 1200 2507 debet,
1231 2441 1322 2494 sed
1350 2441 1416 2494 de
1450 2439 1516 2491 iis
1545 2454 1664 2501 qua:
1698 2437 1807 2489 Do-

236 2533 459 2586 rotheus
490 2546 554 2584 ex
587 2531 797 2587 Damasi
828 2532 1024 2586 litteris
1064 2531 1164 2583 sub
1209 2529 1413 2583 a-statis
1444 2528 1602 2581 linem
1632 2526 1810 2581 allatis

235 2632 581 2693 cognoverat.
633 2623 774 2678 Petit
830 2639 1008 2677 autem
1071 2620 1299 2675 Basilius
1362 2619 1547 2689 quales
1624 2634 1811 2673 rursus

239 2715 429 2768 dandae
471 2716 581 2768 sint
622 2715 816 2769 litterae
848 2712 1118 2768 Dorolbeo
1167 2714 1385 2767 abeunti
1430 2713 1482 2766 in
1508 2711 1805 2767 Orientem.

240 2805 561 2860 Meminerat
609 2807 753 2858 enim
794 2805 1079 2860 consilium
1128 2804 1395 2857 scribendi
1439 2806 1506 2857 ad
1552 2801 1813 2857 Occiden-

239 2896 369 2951 tales
403 2912 547 2950 anno
593 2896 718 2962 575,
778 2898 918 2966 (ιυοά
975 2911 1040 2950 ex
1100 2905 1287 2947 sancto
1342 2894 1573 2947 Eusebio
1635 2902 1811 2946 ortum

238 2984 451 3049 luerat,
480 2994 557 3037 tot
590 2986 928 3038 obstructum
971 2979 1373 3035 difﬁcultatibus
1412 2979 1579 3035 fuisse
1604 3019 1619 3043 ,
1651 2990 1708 3034 ut
1751 2980 1805 3033 itt

238 3092 351 3131 rem
384 3077 607 3129 minime
636 3074 891 3129 collatum
924 3072 1108 3125 fuerit.

303 3170 362 3220 2ο
403 3169 531 3221 Duae
567 3167 896 3219 exstiterunt
928 3165 1178 3218 Dorothei
1212 3166 1264 3218 itt
1299 3148 1651 3219 Occidentem
1675 3164 1817 3233 lega—
1842 3196 1885 3255 α

240 3262 433 3319 tiones,
462 3258 637 3326 prima
681 3255 896 3325 quidem
926 3297 941 3320 ,
971 3273 1093 3311 cum
1123 3254 1330 3311 litteras
1353 3256 1460 3309 242
1491 3264 1543 3307 et
1572 3256 1678 3309 245
1719 3257 1808 3309 de-

240 3349 381 3415 tulit,
424 3348 591 3399 altera
637 3362 758 3402 cum
807 3348 1092 3416 epistolam
1132 3348 1257 3401 265.
1310 3346 1503 3401 Prima:
1531 3345 1815 3415 legationis

240 3440 616 3510 optatissimus
640 3441 815 3494 exitus
848 3440 968 3505 fuit,
997 3455 1099 3493 non
1130 3441 1271 3509 quod
1300 3439 1558 3493 auxilium
1584 3436 1813 3491 Romani

243 3550 299 3589 re
334 3550 456 3588 vera
493 3532 700 3587 Orienti
733 3533 987 3599 tulerint,
1013 3534 1105 3586 sed
1145 3533 1267 3601 quia
1299 3533 1565 3585 sinceram
1604 3527 1813 3583 ferendi

241 3628 572 3680 voluntatem
637 3625 1027 3693 signiﬁcarunt.
1088 3624 1239 3677 Unde
1292 3622 1632 3686 Orientales,
1687 3623 1814 3676 dum

242 3719 566 3773 Dorotheum
619 3717 809 3770 iterum
861 3716 1081 3769 mittunt
1115 3714 1215 3786 (b),
1252 3716 1453 3785 gratias
1498 3723 1663 3786 agunt
1702 3730 1815 3769 am—

241 3812 514 3881 plissimas
566 3809 1024 3865 Occidentalibus.
1089 3809 1225 3863 Hinc
1288 3809 1450 3864 etiam
1500 3808 1726 3863 Basilius
1761 3808 1813 3862 in

244 3906 416 3959 tribus
447 3905 712 3973 epistolis,
747 3919 879 3973 quas
907 3914 1214 3958 reverteute
1246 3919 1311 3957 ex
1342 3905 1515 3973 prima
1547 3904 1815 3973 legatiOne

245 4000 520 4052 Dorotheo
570 3997 823 4067 scripsit,
873 3997 1056 4051 lanitia
1092 3996 1369 4061 exsultat,
1399 4005 1455 4049 ut
1484 3996 1537 4050 in
1569 3996 1725 4051 rebus
1747 4009 1811 4048 ex

241 4092 510 4143 sententia
543 4089 827 4143 conlectis.
851 4089 930 4143 Ex
970 4088 1053 4142 his
1080 4086 1358 4142 evidenter
1385 4090 1641 4157 probatur
1674 4090 1813 4142 hanc

241 4182 563 4250 legationem
603 4194 706 4231 non
734 4181 893 4233 citius
924 4192 1227 4249 susceptam
1259 4193 1380 4232 esse
1402 4221 1415 4241 ,
1458 4194 1616 4247 quam
1656 4179 1812 4233 modo

240 4272 498 4331 diximus,
533 4282 722 4337 nempe
750 4269 894 4321 circa
927 4271 1129 4323 Pascha
1180 4268 1339 4337 hujus
1370 4270 1495 4320 anni
1524 4269 1648 4322 576.
1678 4266 1810 4321 Nam

238 4358 475 4414 Basilius
499 4400 514 4424 ,
551 4375 671 4413 cum
714 4357 973 4413 scriberet
1019 4360 1297 4427 epistolam
1326 4357 1430 4413 259
1454 4398 1469 4421 ,
1500 4373 1683 4412 mense
1714 4357 1812 4415 Fe-

246 4452 470 4503 bruario
502 4460 590 4502 aut
615 4449 808 4502 Martio
832 4448 1068 4517 ejusdem
1094 4449 1251 4513 anni,
1286 4464 1390 4503 non
1419 4449 1574 4501 valde
1610 4449 1811 4516 proba—

1905 1985 2046 2023 anno
2066 1969 2190 2022 577.
2220 1970 2291 2023 At
2325 1970 2465 2021 inter
2488 1977 2773 2035 utramque
2795 1965 3110 2033 legationem
3136 1975 3237 2012 non
3266 1969 3476 2013 tantum

1906 2061 2065 2128 spatii
2122 2060 2333 2113 videtur
2392 2056 2686 2112 ellluxisse.
2746 2053 2878 2108 Nam
2929 2066 3048 2106 cum
3104 2050 3477 2120 promisissent

1907 2153 2279 2208 Occidentales
2306 2166 2364 2205 se
2384 2146 2839 2205 Orientis‘auxilio
2863 2153 3149 2208 venturos,
3179 2141 3224 2194 si
3251 2142 3318 2195 ab
3337 2151 3482 2195 anno

1907 2245 2012 2300 575
2053 2258 2223 2313 usque
2261 2243 2328 2297 ad
2359 2242 2461 2298 577
2498 2241 2630 2295 nihil
2654 2238 3052 2309 prmStitissent,
3083 2232 3280 2287 metito
3304 2230 3479 2299 questi

1908 2342 2089 2384 essent
2126 2328 2427 2383 Orientales
2453 2369 2469 2392 ,
2500 2328 2591 2395 qui
2627 2336 2805 2381 tamen
2856 2322 2908 2377 in
2949 2322 3107 2389 epist.
3139 2319 3245 2373 265
3268 2358 3281 2381 ,
3315 2332 3477 2386 quam

1910 2418 2209 2473 Dorotheus
2243 2421 2440 2473 iterum
2479 2419 2677 2471 missus
2710 2412 2935 2479 detulit,
2975 2412 3177 2483 gratias
3205 2418 3369 2481 agunt
3406 2404 3478 2464 ob

1910 2512 2129 2582 prolixa:
2158 2511 2450 2565 voluntatis
2473 2508 2944 2579 signiﬁcationem,
2981 2521 3044 2560 ac
3080 2506 3341 2573 promissa
3373 2499 3482 2559 Oe-

1915 2604 2261 2659 cidcntalium
2304 2610 2609 2673 reposcunt,
2635 2609 2692 2654 ut
2722 2612 2943 2666 prorsus
2978 2595 3236 2651 recentia.

2435 2691 2664 2747 CAPUT
2703 2688 2943 2744 XXXVI.

1912 2776 1954 2832 I.
1999 2776 2348 2845 Reprehensus
2376 2793 2407 2829 a
2439 2774 2747 2839 Patrophilo
2766 2773 3025 2845 Basilius
3044 2765 3479 2845 ob__bellttm_eum

1986 2835 2286 2909 Eustatltt'o,
2313 2862 2485 2899 causa?
2507 2835 2616 2897 suae
2640 2843 2907 2914 justitiam
2932 2839 3186 2914 de[endit.
3220 2835 3478 2914 ll._1_‘lteo-

1983 2918 2126 2987 philo
2155 2906 2379 2985 injurias
2413 2906 2661 2987 redonat;
2678 2915 2765 2966 sed
2812 2911 3013 2987 roganti
3042 2916 3116 2987 _t_t_t
3146 2922 3262 2987 cans
3292 2906 3483 2985 Eusta-

1986 2973 2096 3040 ihio
2129 2973 2507 3046 communicet,
2535 2973 2746 3036 minime
2792 2973 2997 3034 annuit.
3042 2978 3124 3032 Ill.
3178 2973 3482 3029 I’ersecutio

1990 3056 2480 3123 Nicopolitanorum
2513 3054 2841 3121 ingravescit.
2898 3048 3225 3123 Degepistola
3259 3050 3325 3123 ad
3353 3050 3480 3123 Ant-

1988 3114 2335 3194 pltiloehium,
2370 3135 2417 3178 et
2467 3114 2589 3176 alia.
2618 3114 3117 3194 sinerinsgriptione.
3161 3116 3246 3194 IV.
3285 3114 3479 3194 §crtbtt

1986 3185 2173 3249 iterum
2196 3185 2428 3247 Basilius
2475 3193 2797 3257 PutrOphiIo.
2833 3185 3131 3243 Dia—litteris
3176 3190 3242 3239 ad
3279 3185 3481 3257 Iit-arse-

1986 3282 2081 3319 nos
2124 3276 2171 3317 et
2211 3266 2364 3316 initio
2396 3266 2522 3315 ωιηὶ
2565 3262 2704 3328 apud
2743 3260 3091 3328 Cappadoces.
3130 3257 3204 3309 De
3234 3274 3331 3328 ep:
3352 3256 3481 3309 252.

1992 3334 2055 3391 V.
2112 3334 2339 3387 Redeunt
2396 3325 2683 3386 Dorotheus
2740 3340 2786 3382 et
2839 3327 3235 3383 Sanctissimus.
3298 3325 3483 3378 Plures

1992 3404 2177 3458 Basilii
2210 3404 2402 3457 littera
2431 3420 2524 3468 per
2558 3400 2963 3454 Sanctissimum
2988 3401 3249 3464 feruntur.
3282 3394 3483 3468 Consof

1989 3478 2131 3529 latur
2172 3466 2469 3527 Berazenses
2516 3473 2829 3530 monac/tos,
2854 3483 3075 3535 quorum
3116 3474 3253 3519 wdes
3296 3466 3483 3518 Ariani

1986 3546 2347 3598 incenderant.
2380 3542 2510 3595 Item
2536 3542 2668 3592 alios
2700 3538 2979 3592 monac/tos
3006 3538 3069 3589 ab
3096 3536 3306 3589 Arionis
3329 3550 3484 3588 vexa-

1986 3626 2086 3669 tos.
2124 3614 2206 3668 Vl.
2239 3611 2475 3680 Epistula
2494 3613 2560 3663 ad
2596 3608 2944 3680 Epiphaniam
2977 3609 3040 3680 de
3071 3605 3401 3680 Ap:_‘ll:ltttl_‘8'0
3429 3614 3480 3654 et

1990 3689 2053 3739 de
2087 3687 2236 3738 rebus
2264 3674 2617 3736 Antias-lienis.
2641 3674 2841 3733 'Seribit
2876 3676 3106 3730 Basilius
3144 3674 3392 3727 Palladio
3431 3683 3481 3725 et

1986 3756 2313 3808 Innocentio.
2384 3751 2492 3803 VII.
2549 3750 2831 3802 Consultus
2891 3748 2954 3797 ab
3002 3744 3210 3809 Optimo
3257 3746 3480 3811 explicat

1986 3825 2278 3889 Scriptura:
2308 3821 2482 3874 locum
2523 3818 2802 3889 dri/ﬁcilem.
2833 3815 2961 3889 VIII.
3004 3813 3253 3889 Epistula:
3283 3809 3358 3889 ad
3382 3809 3479 3889 8o-

1987 3880 2315 3963 sOpo'litanos
2346 3902 2391 3944 et
2421 3892 2489 3943 ad
2523 3880 2795 3942 U'r'bicium
2825 3888 2888 3939 de
2929 3886 3114 3938 haeresi
3141 3880 3480 3951 Apollinarii.

1984 3984 2027 4039 I.
2071 3984 2410 4055 PatrOphilus
2439 3980 2727 4051 Egearum
2769 3980 2821 4033 in
2860 3978 3042 4033 Cilicia
3060 3978 3342 4047 episcopus
3378 3972 3483 4028 Ba-

1915 4079 2039 4134 silio
2065 4080 2268 4132 amicus
2293 4083 2428 4141 erat,
2452 4086 2507 4130 et
2535 4072 2656 4127 lidei
2686 4070 2963 4126 catholica:
2992 4069 3272 4130 addictus;
3300 4070 3394 4120 sed
3427 4067 3483 4119 in

1915 4172 2257 4227 Eustathiutn
2302 4169 2418 4240 plus
2454 4180 2608 4234 aequo
2638 4162 2973 4234 propensior.
3014 4160 3062 4216 Is
3096 4159 3183 4213 ubi
3220 4157 3351 4211 vidit
3384 4156 3484 4210 Ba-

1915 4268 2093 4322 silium
2130 4266 2179 4317 in
2218 4271 2433 4331 apertas
2478 4270 2662 4315 contra
2705 4255 3048 4309 Eustathium
3079 4251 3327 4321 querelas
3358 4265 3483 4304 eru-

1915 4359 2075 4428 pisse,
2109 4358 2241 4411 satis
2273 4356 2362 4409 diu
2403 4352 2568 4407 siluit.
2613 4348 2718 4403 Sed
2765 4347 2979 4401 tandem
3024 4347 3169 4399 misit
3210 4343 3486 4415 presbyte-

1918 4464 2033 4503 rum
2086 4445 2411 4513 Strategium
2457 4458 2578 4497 cum
2635 4441 2847 4504 litteris,
2888 4439 2944 4491 in
2978 4436 3172 4507 quibus
3216 4448 3318 4487 non
3369 4433 3487 4487 sine

244 4542 339 4595 bat
388 4541 595 4609 legatos
646 4545 697 4594 in
748 4542 1093 4597 Occidentem
1144 4542 1305 4604 mitti.
1368 4558 1464 4598 nec
1518 4541 1811 4610 quidquam
1845 4530 1890 4585 Ῐ)
1920 4539 2333 4609 reprehensione
2378 4544 2431 4590 et
2474 4536 2793 4607 quibusdam
2825 4531 3027 4587 aculeis
3056 4537 3327 4597 stuporem
3365 4526 3481 4579 ani—

240 4634 497 4700 sperabat
534 4646 562 4683 a
588 4634 899 4701 supercilio,
928 4643 990 4685 ut
1020 4634 1129 4700 ipse
1164 4634 1417 4704 appellat,
1450 4634 1815 4691 Occidentali:

244 4725 484 4779 nondum
517 4723 662 4779 enim
696 4726 1024 4792 deposuerat
1056 4725 1323 4791 dolorem,
1361 4743 1523 4795 quem
1568 4727 1613 4781 ei
1670 4729 1817 4783 inus-

240 4826 430 4870 serant
484 4826 539 4869 et
581 4814 883 4871 litterarum
935 4818 1058 4870 anni
1094 4817 1200 4870 572
1262 4818 1469 4872 inutilis
1513 4820 1712 4883 exitus,
1763 4830 1818 4874 et

242 4922 504 4975 responsa
536 4923 629 4977 per
650 4908 934 4978 Evagrium
977 4924 1117 4963 anno
1149 4910 1253 4964 575
1290 4912 1451 4965 allata
1476 4949 1492 4976 ,
1545 4922 1600 4967 et
1632 4916 1813 4969 novis—

243 5000 393 5054 simae
426 5002 634 5055 Damasi
668 5002 860 5056 litterae
886 5017 1026 5055 anno
1057 5001 1182 5057 575.

314 5092 371 5145 5⁸
405 5093 477 5159 (c)
516 5089 810 5145 Numerant
846 5088 1147 5148 Orientales
1181 5107 1351 5147 annos
1401 5093 1657 5149 tredecim
1690 5113 1812 5166 per—

246 5184 578 5246 secutionis;
615 5185 755 5250 quod
784 5183 996 5251 quidem
1029 5184 1227 5252 Optime
1261 5186 1488 5251 quadrat
1518 5201 1637 5239 cum
1669 5203 1813 5243 anno

244 5276 367 5332 576.
399 5277 619 5342 Inc-(epit
645 5275 788 5328 enim
820 5274 1011 5329 Valens
1049 5276 1317 5330 decimum
1349 5279 1562 5330 tertium
1596 5279 1805 5348 imperii

247 5382 446 5421 annum
492 5382 675 5421 mense
713 5366 901 5421 Martio
935 5367 1093 5437 hujus
1122 5369 1267 5420 anni.
1305 5364 1485 5433 Quare
1522 5384 1642 5423 cum
1675 5373 1815 5424 scri-

246 5470 347 5525 pne
382 5459 491 5511 sint
516 5459 632 5511 dum
667 5459 768 5512 illa:
798 5458 1034 5526 epistolae
1064 5469 1181 5527 post
1211 5458 1415 5513 Pascha
1439 5499 1453 5521 ,
1492 5475 1595 5515 non
1625 5461 1814 5514 imme-

247 5549 351 5604 rito
390 5548 688 5603 Orientales
718 5550 939 5603 totidem
986 5564 1157 5605 annos
1195 5550 1589 5619 persecutionis
1625 5565 1813 5605 nume-

314 5750 393 5894 ξεί)
431 5752 521 5818 Ep.
558 5751 683 5804 215.

343 5826 392 5893 b)
431 5821 527 5892 Ep.
558 5821 681 5887 265,

343 5820 392 5893 b)
431 5821 527 5892 Ep.
558 5821 681 5887 265,
714 5837 768 5875 n.
809 5820 859 5875 1.

1922 4633 1991 4685 mi
2040 4631 2121 4683 sui
2166 4627 2521 4698 signiﬁcabat,
2546 4627 2687 4696 quod
2723 4625 2979 4687 Basilius,
3010 4620 3098 4689 qui
3128 4636 3156 4673 a
3192 4632 3355 4689 puero
3394 4618 3487 4671 de-

1919 4723 2068 4777 derat
2103 4736 2160 4776 se
2190 4721 2489 4787 Eustathio,
2520 4729 2572 4775 et
2602 4720 2742 4773 illius
2769 4730 2929 4770 causa
2969 4723 3047 4767 tot
3078 4729 3142 4768 ac
3175 4723 3316 4767 tanta
3348 4710 3489 4764 fece-

1923 4825 2026 4880 rat,
2059 4822 2138 4868 tot
2174 4813 2309 4868 bella
2338 4828 2456 4866 cum
2487 4809 2785 4864 innumeris
2812 4806 2931 4861 aliis
2961 4808 3311 4867 sustinuerat,
3346 4816 3489 4855 nunc

1918 4924 2035 4964 cum
2084 4910 2198 4976 ipso
2237 4906 2429 4961 bellum
2479 4912 2711 4973 gereret.
2752 4901 2893 4956 Nihil
2942 4903 3194 4953 lzeserunt
3228 4896 3484 4949 Basiliqu

1914 5000 2179 5069 ejusmodi
2210 4996 2654 5066 reprehensiones
2690 5013 2705 5051 :
2739 4995 2867 5063 quin
2899 4994 3059 5045 etiam
3092 4990 3269 5045 ridere
3300 4986 3485 5046 subiit,

1918 5096 2059 5162 quod
2099 5090 2459 5160 Patrophilus,
2495 5103 2726 5158 quocum
2779 5086 2879 5140 sibi
2924 5084 3215 5138 amicitiam
3258 5088 3335 5133 tot
3375 5081 3491 5130 vin-

1918 5187 2053 5240 culis
2084 5186 2391 5239 adstrictam
2425 5182 2665 5251 putabat,
2697 5180 2904 5233 levibus
2944 5178 3009 5231 de
3044 5175 3225 5229 causis
3269 5176 3319 5225 in
3364 5180 3489 5225 tan—

1919 5289 2027 5333 tum
2068 5287 2336 5345 stuporem
2375 5276 2629 5329 incidisse
2674 5287 2734 5327 se
2774 5273 2999 5326 diceret.
3034 5269 3139 5322 Sed
3168 5266 3289 5337 quia
3331 5278 3489 5318 nemo

1920 5385 2137 5438 prorsus
2160 5378 2296 5433 erat,
2323 5367 2477 5434 cuius
2508 5382 2611 5419 non
2637 5362 3066 5419 communiOnem
3111 5368 3161 5412 et
3198 5356 3489 5410 amicitiam

1917 5458 2214 5526 perinvitus
2270 5458 2541 5511 amitteret
2589 5453 2851 5515 Basilius;
2912 5447 3134 5515 exponit
3181 5442 3493 5511 Patrophilo

1916 5566 2129 5607 onmem
2178 5566 2329 5607 suam
2376 5553 2443 5609 ab
2481 5550 2687 5622 origine
2727 5547 3116 5604 dissensionem
3150 5558 3270 5598 cum
3306 5539 3493 5594 Eusta-

1998 5753 2067 5826 (ε)
2111 5756 2206 5825 Ep.
2238 5756 2363 5811 ets.
3144 5676 3183 5720 .
