4038 6460
544 429 706 473 CXLVI

1897 391 2425 452 PBOLEGOMENA.

543 532 660 585 thio
692 546 706 582 :
743 529 1074 580 demonstrat
1112 535 1271 590 quam
1321 518 1529 588 injuste
1558 515 1819 571 Eustathii
1851 511 2099 583 querelae,
2131 518 2178 570 Α
2206 527 2309 563 non
2342 510 2587 578 dignatus
2625 515 2721 571 est,
2751 520 2850 558 non
2880 513 2984 555 tam
3012 508 3242 554 metuens
3278 500 3342 548 ne
3368 505 3431 548 ea:
3458 489 3647 545 litteris
3676 503 3765 541 ar-

542 636 702 690 quam
733 631 919 687 graves
954 614 1160 682 injuriae
1192 622 1246 664 et
1272 611 1573 677 calumniae,
1604 625 1764 679 quam
1801 608 2108 661 inconstans

542 729 684 768 nunc
721 713 819 766 hac
872 726 1015 765 nunc
1057 709 1142 763 illa
1190 708 1291 762 fide
1337 704 1563 760 tenenda
1602 713 1656 756 et
1700 697 2106 759 subscribenda,

544 820 685 858 nunc
713 803 797 857 his
824 817 965 855 nunc
996 800 1099 853 illis
1130 799 1369 868 partibus
1396 795 1604 849 tuendis
1631 792 1871 853 animus;
1895 803 1959 841 ac
1991 797 2111 839 tan-

543 896 663 949 dem
700 904 850 964 rogat
886 903 941 946 ut
986 892 1083 947 sibi
1115 906 1210 961 per
1235 889 1480 943 eumdem
1512 883 1839 954 Strategium
1872 878 2109 949 perscri-

541 987 652 1051 bat,
702 997 881 1040 utrum
933 985 1073 1038 idem
1114 998 1238 1051 erga
1288 994 1347 1034 se
1396 986 1722 1047 permaneat,
1761 991 1828 1029 an
1870 987 1935 1028 ex
1983 985 2112 1025 con-

541 1093 728 1147 gressu
768 1092 887 1130 cum
921 1076 1202 1131 Eustatth
1237 1077 1551 1130 immutatus
1577 1072 1666 1126 sit.

614 1168 976 1223 Novissimum
1032 1168 1315 1221 Eustathio
1367 1165 1576 1219 facinus
1630 1162 1683 1214 in
1739 1160 1840 1214 hac
1887 1154 2111 1226 epistola

544 1264 622 1329 (η.
667 1263 722 1332 5)
754 1262 1128 1331 exprobratur.
1170 1258 1425 1312 Viderunt
1459 1258 1589 1311 enim
1627 1252 1899 1322 Cyzicum,
1936 1246 2113 1315 inquit

542 1355 622 1425 (n.
666 1354 745 1425 9),
795 1365 841 1407 et
890 1369 1007 1405 cum
1048 1352 1154 1404 alia
1194 1351 1297 1417 ﬁde
1342 1350 1529 1402 reversi
1569 1356 1709 1399 sunt.
1754 1341 1868 1397 Non
1908 1341 2113 1393 viderat

544 1449 681 1502 hanc
716 1446 869 1500 fidem
894 1443 1141 1507 Basilius,
1172 1442 1264 1495 sed
1298 1442 1398 1493 hoc
1433 1446 1637 1491 tantum
1668 1435 1910 1487 audierat
1936 1431 2114 1486 silen-

544 1542 675 1594 tium
720 1534 1161 1592 consubstantiali
1213 1530 1546 1598 impositum,
1597 1526 1773 1579 simile
1820 1522 2112 1578 secundum

542 1628 831 1684 essentiam
867 1626 1141 1678 inductum
1186 1620 1370 1673 fuisse.
1402 1615 1531 1670 Περ
1575 1611 1801 1667 formula
1850 1610 1988 1663 inter
2021 1624 2115 1661 va-

542 1722 657 1775 rias
708 1717 999 1780 formulas,
1054 1713 1249 1783 quibus
1294 1707 1614 1777 subscripsit
1660 1702 2011 1764 Eustathius,
2059 1708 2116 1753 ut

545 1811 911 1867 recentissima
959 1807 1159 1877 pariter
1202 1814 1511 1858 recensetur
1563 1800 1615 1853 in
1659 1812 1744 1866 ep.
1788 1795 1915 1857 251,
1958 1809 2013 1847 n.
2057 1790 2113 1843 4.

542 1902 812 1957 Iudicatur
849 1901 1009 1954 etiam
1052 1898 1105 1951 in
1137 1912 1222 1965 ep.
1261 1893 1387 1948 226.
1420 1892 1538 1959 Quo
1575 1901 1815 1958 tempore
1851 1886 1902 1939 id
1937 1882 2113 1938 conti-

543 1995 703 2065 gerit,
748 2007 853 2047 non
903 1989 1135 2044 declarat
1185 1987 1444 2049 Basilius;
1490 1982 1583 2038 sed
1623 1995 1744 2034 cum
1778 1990 1966 2030 recens
1997 1988 2113 2028 esse

546 2086 745 2141 factum
793 2083 994 2137 indicet
1025 2100 1040 2135 :
1076 2094 1218 2133 anno
1244 2076 1371 2140 575,
1400 2074 1646 2128 evenisse
1682 2082 1844 2139 supra
1886 2066 2115 2120 diximus

544 2186 671 2230 ante
704 2175 990 2228 concilium
1031 2172 1399 2240 Ancyranutn.

617 2270 680 2324 ll.
722 2265 1048 2335 Theophilus
1076 2263 1369 2319 Castabala!
1398 2259 1450 2314 in
1476 2256 1660 2314 Cilicia
1697 2254 1997 2323 episcopus,
2026 2264 2119 2305 ve-

547 2366 768 2420 hemens
810 2357 986 2412 fuerat
1034 2358 1084 2411 in
1131 2371 1293 2409 causa
1342 2350 1604 2407 Eustathii
1652 2345 1881 2409 tuenda;
1917 2346 1969 2397 in
2004 2342 2116 2412 pri-

548 2452 775 2510 mordiis
824 2448 1180 2504 dissensionis
1229 2447 1452 2499 miserat
1501 2443 1733 2511 aliquem
1787 2452 1855 2491 ex
1907 2434 2118 2490 clericis

546 2544 802 2615 suis,qui
841 2539 1037 2597 Basilio
1076 2539 1309 2606 indignis
1334 2536 1504 2589 modis
1541 2531 1933 2588 conviciaretur
1964 2544 1977 2579 :
2019 2540 2120 2579 nec

547 2642 800 2711 dignatus
826 2644 945 2691 erat
974 2632 1040 2687 ad
1072 2646 1196 2687 eum
1232 2627 1492 2689 scribere,
1526 2639 1593 2677 ne
1630 2621 1939 2692 episcopum
1971 2616 2118 2671 illum

547 2734 788 2790 salutare
823 2736 1129 2797 cogeretur.
1158 2722 1349 2777 Postea
1380 2718 1457 2786 (a)
1485 2715 1687 2771 socium
1715 2710 2032 2779 adiunxerat
2062 2722 2121 2761 se

550 2821 834 2883 Eustathio
864 2820 916 2873 in
952 2815 1154 2873 Basilio
1188 2809 1635 2878 frequentissimis
1676 2806 1729 2862 in
1770 2801 2123 2859 comentibus

546 2913 916 2974 dilacerando.
945 2909 1051 2965 Sed
1089 2918 1267 2963 tamen
1297 2904 1387 2957 ubi
1427 2900 1560 2953 vidit
1585 2911 1803 2952 causam
1837 2908 1987 2949 suam
2019 2890 2122 2946 Ba-

550 3014 729 3070 silium
772 3010 826 3064 in
870 3003 1169 3061 clarissima
1220 2998 1338 3052 luce
1379 3003 1434 3049 et
1477 2990 1715 3045 omnium
1754 2988 1926 3043 oculis
1958 3000 2123 3052 expo-

545 3081 704 3170 nere,
758 3115 911 3156 suam
958 3110 1100 3154 vero,
1138 3087 1480 3145 Eustathium
1529 3080 1671 3149 turpi
1726 3092 1847 3133 cum
1905 3075 2123 3130 Arianis

550 3164 929 3257 coniunctione
967 3184 1227 3257 prodere;
1269 3189 1379 3233 tum
1428 3189 1558 3230 vero
1602 3170 1783 3226 Basilii
1827 3167 2118 3223 amicitiam
2147 3195 2188 3252 ο
2228 3164 2327 3217 tias
2364 3175 2393 3212 a

553 3287 866 3355 recolligere
890 3288 1121 3335 conatus
1147 3282 1265 3335 est,
1302 3269 1382 3323 sic
1409 3280 1585 3320 tamen
1624 3273 1681 3316 ut
1710 3275 1807 3331 pro
1836 3255 2120 3313 Eustathio

554 3349 773 3451 petiisse
814 3374 1079 3426 videatur.
1120 3362 1428 3430 Respondet
1475 3357 1523 3412 ei
1568 3354 1803 3409 Basilius
1838 3365 1896 3406 se
1934 3349 2123 3403 amici-

555 3444 684 3524 iiam
717 3466 859 3519 illius
888 3459 1065 3527 magni
1096 3466 1307 3518 semper
1339 3448 1552 3509 fecisse,
1586 3459 1687 3498 nec
1726 3444 1793 3498 ab
1828 3456 1916 3505 ea,
1948 3455 2121 3509 quan-

558 3571 668 3618 tum
718 3556 783 3612 ad
842 3552 1010 3607 animi
1066 3543 1406 3599 affectionem
1468 3535 1719 3605 pertinet,
1772 3533 1932 3585 ullum
1980 3531 2120 3586 diem

555 3650 909 3712 discessisse;
937 3639 1185 3713 quamvis
1218 3626 1395 3690 multa:
1424 3642 1487 3683 ac
1517 3639 1720 3695 magna;
1761 3622 1961 3677 doloris
2003 3636 2124 3673 cau-

555 3760 630 3800 sa
653 3711 987 3797 acciderint}
1017 3731 1110 3787 sed
1138 3743 1260 3784 cum
1291 3723 1521 3795 iucunda
1548 3734 1668 3776 cum
1695 3714 1952 3777 molestis,
1982 3711 2125 3764 velut

558 3839 611 3891 in
654 3832 876 3894 trutina,
921 3832 1166 3895 poneret,
1201 3819 1320 3888 plus
1352 3814 1491 3884 apud
1521 3828 1580 3866 se
1603 3808 1837 3879 jucunda
1873 3804 2126 3877 ponderis

559 3924 832 3981 habuisse.
888 3916 1039 3983 Quod
1096 3918 1307 3981 spectat
1356 3906 1422 3960 ad
1474 3902 1851 3963 Eustathium,
1905 3899 2043 3953 hanc
2095 3911 2124 3949 a

560 4012 859 4085 Theophila
900 4008 1110 4063 veniam
1157 4002 1291 4073 petit
1332 3998 1591 4059 Basilius,
1620 4002 1678 4049 ut
1704 4008 1827 4047 cum
1860 3987 2124 4043 Eustathii

557 4105 864 4166 communio
897 4113 1109 4169 semper
1148 4094 1251 4149 sibi
1298 4088 1632 4159 optatissima
1666 4081 1850 4145 fuerit,
1892 4080 2125 4150 quatnliu

561 4203 609 4257 is
642 4216 672 4254 a
705 4168 1023 4253 sanioribus
1053 4188 1230 4242 stabat
1274 4181 1554 4253 partibus;
1598 4191 1740 4231 nunc
1774 4189 1839 4228 eo
1877 4187 2001 4226 cum
2034 4168 2118 4221 ad-

561 4286 814 4344 versariis
844 4283 1016 4352 palam
1054 4288 1108 4333 et
1134 4286 1318 4340 aperte
1355 4272 1663 4339 conjuncto,
1702 4266 1859 4321 liceat
1898 4263 2000 4318 sibi
2051 4263 2131 4313 ni-

561 4385 638 4439 hil
669 4376 885 4437 veritati
920 4383 1255 4444 praeponere.

629 4475 949 4535 Iamdudum
999 4466 1293 4534 scripserat
1333 4454 1688 4525 TheOphilus,

560 4582 679 4630 erat
720 4568 918 4625 Basilio
947 4560 1087 4633 quod
1124 4556 1437 4611 occasiones
1475 4551 1694 4603 deesset»

565 4666 671 4721 Sed
704 4661 915 4716 tandem
957 4627 1151 4710 nactus
1198 4643 1552 4713 Strategium,
1592 4632 1865 4693 commisit
1905 4628 1953 4682 ei
1996 4627 2136 4679 hinc

563 4750 844 4826 epistolam
885 4759 1008 4801 cum
1052 4733 1393 4810 prtecedeuti.
1431 4731 1520 4785 Bis
1546 4725 1761 4795 quidem
1790 4717 1939 4775 venit
1986 4713 2136 4769 Stra-

566 4806 759 4917 iegius,
787 4850 845 4895 ut
869 4838 1027 4893 modo
1054 4806 1387 4888 videbimus;
1418 4820 1510 4875 sed
1549 4819 1722 4888 primo
1747 4811 1865 4881 ejus
1906 4806 2137 4861 adventu

567 4896 800 4994 Basilius
823 4925 1121 4997 Theophilo
1142 4917 1359 4990 scripsit
1393 4933 1407 4969 :
1439 4916 1515 4975 sic
1544 4912 1685 4965 enim
1712 4909 1767 4961 in
1814 4896 2137 4973 praecedenti

565 4989 787 5101 epistola
832 5024 899 5079 de
955 4989 1252 5085 'l‘heophilo
1301 5018 1357 5063 et
1410 5005 1646 5070 acceptis
1694 5000 1760 5053 ab
1802 5011 1866 5050 co
1918 4989 2129 5091 injuriis

567 5081 801 5190 ldquitur
848 5125 906 5169 ut
946 5111 1059 5182 jam
1102 5081 1211 5159 tum
1263 5103 1506 5155 videatur
1534 5090 1862 5159 Theophilus
1906 5084 1970 5137 ad
2014 5081 2129 5147 ejus

566 5171 998 5268 communionem
1021 5210 1075 5254 et
1095 5194 1384 5252 amicitiam
1410 5184 1749 5244 rediisse.Ait
1769 5181 1911 5234 enim
1935 5175 2013 5245 (ιι.
2031 5171 2086 5239 9.)
2114 5189 2127 5226 :

567 5304 701 5359 Cum
740 5299 879 5352 omni
918 5294 1045 5348 mihi
1082 5284 1368 5343 reuerentia
1404 5295 1451 5333 et
1497 5280 1692 5331 honore
1736 5274 1921 5341 dignus
1967 5267 2133 5333 frater

570 5391 883 5462 Theophilus
912 5402 1015 5439 uno
1049 5394 1113 5435 ex
1151 5380 1229 5432 his
1258 5377 1345 5446 qui
1391 5388 1508 5426 cum
1550 5384 1608 5422 eo
1645 5376 1759 5417 sunt
1786 5364 1967 5425 misso,
1998 5371 2128 5408 non-

570 5451 721 5540 nulla.
757 5478 1091 5536 declarasset,
1133 5484 1247 5541 qua:
1297 5480 1384 5518 nec
1433 5462 1531 5516 sibi
1582 5456 1827 5511 indecora
1868 5451 2033 5509 dictu,
2083 5456 2131 5499 et

570 5576 716 5633 nobis
749 5574 933 5626 auditu
958 5539 1291 5633 congruentia
1325 5571 1434 5611 esse
1460 5552 1713 5613 ducebat;
1739 5544 1963 5601 scribere
1994 5539 2132 5593 enim

651 5778 723 5839 la)
761 5775 856 5839 Ep.
884 5770 1005 5823 tao.

884 5838 1008 5892 578.
1042 5853 1095 5888 n.
1125 5836 1174 5886 ὶ.

1744 4447 2130 4513 molestumque

2207 611 2466 671 gueretur,
2510 616 2662 668 quam
2704 598 2955 650 sollicitus
2986 610 3048 646 ne
3092 608 3184 644 nos
3228 602 3428 641 necesse
3464 584 3669 636 haberet
3707 589 3763 631 stt

2205 696 2467 763 episcopos
2501 692 2764 751 salutare;
2794 691 2880 743 sed
2908 697 3044 740 certe
3070 685 3222 737 verba
3252 689 3398 734 erant
3428 674 3764 738 vehementia,

2206 797 2253 842 et
2301 801 2365 840 ea:
2406 794 2607 852 pectore
2651 784 2870 851 fervente
2910 778 3153 843 prolata;
3198 775 3252 825 in
3294 773 3372 823 nis
3411 767 3759 820 discessimus.

2206 878 2376 930 Antea
2404 890 2510 929 non
2542 884 2647 925 tam
2691 869 2881 923 leniter
2918 881 3041 920 cum
3096 877 3164 918 eo
3200 861 3391 931 agebat
3420 855 3645 910 Basilius
3667 853 3765 925 (b),

2209 984 2330 1022 cum
2361 974 2699 1034 quereretur,
2722 959 2864 1028 quod
2895 972 2954 1009 se
2978 954 3288 1008 Eustathius
3314 967 3419 1003 una
3455 964 3571 1002 cum
3603 942 3770 999 Theo.

2210 1056 2345 1126 philo
2387 1054 2545 1108 Cilice
2584 1052 2638 1103 in
2680 1047 3107 1119 frequentissimis
3141 1042 3471 1096 conventibus
3507 1039 3771 1093 dilacera-

2212 1157 2311 1200 ret.
2347 1143 2443 1199 Ubi
2480 1143 2627 1196 vides
2667 1135 3021 1206 Theophilum
3053 1148 3151 1188 nec
3183 1132 3402 1185 fratrem
3434 1143 3533 1184 nec
3560 1127 3769 1197 episco-

2211 1250 2335 1305 pum
2367 1232 2637 1300 appellari.

2281 1324 2368 1380 lll.
2412 1323 2543 1378 Cum
2588 1334 2772 1391 parum
2808 1319 3006 1374 Fronto
3038 1313 3392 1384 promovisset
3440 1308 3561 1361 ﬁcta
3609 1314 3769 1360 recta:

2213 1420 2333 1472 fidei
2361 1414 2713 1484 professione,
2746 1412 2798 1464 in
2832 1420 3072 1478 apertum
3104 1406 3364 1469 furorem,
3398 1397 3599 1455 relictis
3632 1407 3774 1450 astu-

2213 1505 2325 1566 tiis,
2361 1483 2555 1567 erupit.
2611 1498 2789 1553 Facta:
2839 1495 3239 1565 magistratibus
3286 1486 3622 1545 contumeliae
3674 1483 3769 1553 (c),

2210 1595 2436 1649 verbera
2474 1590 2691 1653 inﬂicta,
2723 1593 2863 1642 aedes
2900 1587 3172 1654 expilataa,
3208 1583 3395 1639 civitas
3417 1586 3646 1641 vastata,
3682 1590 3774 1628 sa-

2211 1685 2457 1739 cerdotes
2504 1677 2733 1748 expulsi,
2774 1686 2830 1731 et
2880 1675 3207 1729 irruentibus
3238 1672 3375 1740 lupis
3404 1683 3533 1740 grex
3565 1666 3774 1733 disper-

2212 1792 2322 1830 sus.
2367 1774 2593 1828 Basilius
2633 1768 2866 1838 acceptis
2909 1781 2973 1821 ea
3011 1766 3077 1819 de
3110 1778 3167 1818 re
3200 1762 3394 1816 litteris
3424 1759 3766 1829 presbytero-

2146 1866 2184 1921 Β
2216 1882 2329 1920 rum
2360 1875 2415 1918 et
2443 1864 2867 1932 magistratuum,
2905 1856 3093 1910 tribuit
3128 1866 3314 1908 eorum
3355 1850 3576 1920 tempori
3617 1847 3778 1916 quid-

2214 1958 2339 2024 quid
2372 1956 2423 2009 in
2453 1970 2512 2010 se
2550 1954 2712 2007 situm
2746 1960 2883 2012 erat,
2912 1961 3092 2002 coram
3123 1942 3441 2013 supplicavit
3468 1939 3775 2011 potentibus

2214 2053 2365 2115 viris,
2402 2059 2456 2102 et
2495 2062 2590 2117 per
2631 2046 2840 2100 litteras
2871 2042 2937 2097 iis
2968 2055 2998 2094 a
3032 2039 3227 2109 quibus
3263 2037 3314 2089 in
3356 2034 3474 2087 aula
3514 2031 3776 2099 diligeba-

2216 2152 2325 2209 tur,
2373 2150 2431 2195 ut
2479 2140 2646 2193 rabidi
2688 2137 2919 2193 hominis
2960 2134 3105 2187 furor
3144 2128 3607 2198 comprimeretur.
3638 2121 3773 2177 Cum

2217 2245 2395 2288 autem
2451 2230 2917 2285 animadvertisset
2978 2228 3029 2281 in
3089 2224 3520 2295 presbyterorum
3580 2215 3777 2270 litteris

2216 2328 2452 2381 animum
2499 2325 2641 2378 inter
2687 2331 2763 2376 tot
2803 2334 3067 2374 mrumnas
3113 2317 3310 2370 lassum
3348 2328 3411 2367 ac
3438 2312 3616 2365 minus
3645 2323 3777 2363 con-

2218 2423 2451 2470 stantem
2476 2452 2491 2479 ,
2525 2409 2831 2466 consolatur
2855 2422 2947 2462 eos
2988 2420 3082 2472 spe
3119 2405 3301 2458 auxilii
3339 2420 3368 2455 a
3402 2402 3511 2456 Deo
3542 2398 3778 2460 venturi,

2218 2529 2281 2568 ac
2328 2513 2572 2567 hortatur
2616 2514 2677 2559 ut
2716 2500 2984 2573 precando
3032 2513 3099 2553 ne
3140 2494 3519 2562 defatigentur,
3564 2504 3619 2548 et
3658 2503 3783 2560 qua

2219 2607 2476 2662 hactenus
2511 2599 2688 2656 verbis
2721 2598 2967 2656 docuere,
2999 2606 3059 2645 ea
3098 2601 3239 2641 nunc
3278 2599 3440 2654 opere
3479 2582 3779 2651 perficiant.

2222 2697 2481 2753 Similiter
2527 2687 2926 2761 magistratibus
2974 2682 3204 2738 celerem
3256 2693 3286 2732 a
3332 2676 3443 2730 Deo
3468 2673 3777 2727 adfuturam

2219 2806 2373 2862 opem
2402 2786 2699 2858 pollicetur.

2292 2854 2518 2939 Basilius
2560 2891 2669 2947 pra:
2710 2885 2920 2929 summo
2967 2882 3066 2923 suo
3118 2858 3478 2933 Amphilochii
3516 2854 3785 2912 desiderio

2222 2979 2449 3032 moleste
2490 2945 2694 3024 feriebat
2738 2980 2796 3020 se
2836 2974 2943 3018 tam
2973 2960 3130 3028 longe
3174 2956 3242 3009 ab
3278 2968 3343 3007 eo
3380 2947 3644 3020 disjungi;
3689 2945 3785 2999 sed

2224 3080 2349 3119 cum
2388 3057 2743 3126 Ampltilochii
2779 3048 3217 3117 tranquillitatem
3246 3042 3631 3100 consideraret,
3661 3048 3788 3105 gra-

2221 3219 2613 3323 Cappadociam
2638 3252 2691 3295 et
2713 3238 2918 3291 vicinas
2958 3232 3260 3301 provincias
3292 3232 3557 3285 vastante,
3590 3219 3789 3289 quibus

2221 3312 2438 3421 angelus
2482 3338 2696 3395 Satanae
2733 3327 2930 3385 bellum
2964 3320 3249 3380 inferebat,
3298 3326 3353 3367 ut
3384 3312 3628 3367 haeresim
3663 3323 3791 3377 pro-

2222 3403 2459 3514 pagaret,
2502 3445 2565 3485 ac
2614 3440 2681 3480 ne
2711 3415 2958 3488 sanguini
2987 3410 3203 3482 quidem
3240 3405 3478 3502 fidelium
3508 3403 3788 3470 parcebat.

2385 3491 2665 3589 Asclepios
2692 3512 2931 3582 quidam,
2954 3518 3018 3557 eo
3044 3498 3183 3569 quod
3212 3491 3643 3551 communionem
3666 3502 3794 3541 cum

2227 3625 2387 3683 Doec,
2425 3616 2477 3670 id
2518 3581 2619 3675 est,
2646 3581 2764 3662 cum
2798 3602 3068 3658 Frontone
3096 3595 3233 3651 inire
3259 3590 3447 3653 nollet,
3478 3586 3546 3641 ab
3577 3581 3794 3639 haereti—

2223 3713 2303 3765 cis
2350 3676 2687 3761 verberatus,
2738 3710 2804 3748 ex
2854 3691 3024 3761 plagis
3067 3687 3292 3743 obierat.
3345 3680 3464 3735 Non
3512 3676 3795 3732 dubitabat

2226 3792 2475 3860 Basilius,
2506 3792 2632 3862 quin
2658 3787 2812 3855 hujus
2844 3784 2919 3837 rei
2944 3783 3085 3834 fama
3119 3780 3186 3833 ad
3218 3773 3646 3844 Amphilochium
3671 3783 3799 3839 per-

2229 3891 2483 3943 venisset.
2516 3882 2720 3937 Caetera
2751 3871 2929 3927 omnia
2955 3869 3080 3921 huic
3115 3865 3338 3918 facinori
3372 3862 3792 3930 respondebant,

2228 3977 2629 4052 persecutiones
2674 3964 3110 4037 presbyterorum
3158 3963 3213 4007 et
3262 3952 3696 4020 magistratuum,
3739 3956 3797 4001 et

2227 4037 2485 4138 quidquid
2536 4062 2603 4115 ab
2656 4054 2966 4111 hominibus
3018 4043 3342 4100 auctoritate
3392 4040 3458 4093 ad
3511 4037 3798 4092 arbitrium

2229 4160 2570 4216 abutentibus
2610 4148 2874 4224 proficisci
2909 4148 3097 4212 possit.

2298 4251 2418 4306 Jam
2464 4248 2737 4302 absolutus
2763 4248 2880 4293 erat
2921 4236 3056 4287 liber
3082 4231 3158 4285 De
3189 4230 3390 4301 Spiritu
3427 4235 3632 4287 sancto,
3670 4238 3796 4276 cum

2230 4351 2447 4399 sanctus
2492 4329 2901 4404 Amphilochius
2942 4325 3240 4381 Caesaream
3296 4318 3442 4373 venit
3494 4327 3637 4367 anno
3661 4325 3800 4381 prae-

2234 4433 2393 4489 terito
2426 4431 2493 4484 ad
2538 4403 2677 4482 diem
2714 4424 2909 4477 festum
2940 4418 2995 4474 S.
3039 4414 3350 4487 Eupsychii.
3390 4407 3567 4461 Horas
3598 4403 3797 4457 attule-

2161 4533 2206 4587 D
2237 4537 2362 4582 runt
2414 4520 2649 4577 librariis
2690 4517 2935 4570 mandata
2984 4502 3382 4579 Amphilochii,
3432 4500 3523 4570 qui
3572 4512 3694 4553 eum
3742 4495 3798 4549 in

2236 4611 2563 4672 membranis
2609 4609 2932 4676 descriptum
2976 4600 3167 4655 voluit.
3218 4593 3330 4649 Sub
3366 4593 3526 4646 tinent
3558 4587 3798 4661 ejusdem

2235 4709 2360 4762 anni
2420 4702 2689 4775 promittit
2735 4715 2795 4755 se
2847 4698 3136 4753 missurum
3186 4686 3312 4742 illud
3335 4700 3491 4755 opus,
3546 4683 3590 4736 si
3638 4691 3799 4748 quem

2234 4800 2484 4853 idoneum
2542 4793 2796 4854 inveniat,
2858 4788 2945 4843 cui
3002 4778 3379 4853 perferendum
3404 4771 3797 4831 committatur.

2236 4886 2408 4958 Hujus
2441 4888 2583 4941 enim
2620 4882 2887 4940 cautionis
2925 4875 3299 4933 necessitatem
3329 4868 3588 4922 afferebat
3619 4874 3803 4930 perse-

2232 4984 2398 5039 cutio.
2444 4980 2577 5035 Cum
2626 4977 2891 5031 neminem
2942 4968 3209 5039 ejusmodi
3258 4966 3516 5018 hactenus
3560 4954 3797 5009 invenis-

2233 5083 2351 5137 set,
2399 5082 2566 5139 rogat-
2595 5062 3029 5134 Amphilochium
3078 5060 3130 5113 in
3180 5058 3281 5111 hac
3319 5049 3541 5121 epistola
3584 5044 3715 5107 248,
3743 5051 3803 5097 ut

2235 5167 2278 5221 si
2317 5178 2474 5231 quem
2508 5163 2622 5230 ipse
2650 5159 2901 5227 reperiat,
2939 5169 3072 5221 opus
3103 5156 3365 5204 accersat.
3399 5140 3623 5196 Nolebat
3652 5139 3803 5191 enim

2237 5256 2461 5310 Basilius
2500 5253 2626 5306 illud
2673 5251 2944 5303 hominum
2981 5243 3199 5315 judiciis
3239 5236 3603 5297 committere,
3650 5240 3805 5283 autc-

2236 5364 2394 5417 quam
2428 5341 2803 5411 Amphilocltio
2830 5338 3115 5406 probatum
3152 5330 3360 5385 fuisset.

2308 5441 2549 5509 Sequens
2591 5434 2834 5506 epistola,
2887 5444 3007 5500 quae
3052 5423 3401 5493 inscriptione
3445 5427 3615 5479 caret,
3660 5412 3807 5464 inter

2238 5538 2337 5592 hos
2377 5507 2634 5587 tumultus
2680 5528 2894 5581 videtur
2938 5520 3165 5589 scripta.
3213 5513 3349 5570 Num
3394 5525 3517 5566 cum
3569 5507 3805 5573 aliquem

2317 5742 2387 5809 (c)
2429 5740 2521 5807 Ep.
2555 5737 2680 5790 ΞΠ.
