4038 6462
1631 377 1783 432 VITA
1826 379 1885 431 S.
1925 379 2191 435 BASILII.

3322 404 3500 442 CXLVII

272 492 397 547 vita:
428 493 734 547 monasticae
764 489 1012 559 cupidum
1041 488 1326 557 praeposito
1358 492 1839 547 monasteriicom-
1867 498 1915 555 Α
1942 502 2080 556 rent,
2135 507 2199 545 ac
2252 491 2500 559 exiguam
2552 506 2673 546 esse
2721 502 2928 562 partem
2974 492 3343 557 considerent,
3392 510 3513 560 quae

273 586 577 643 mendaret,
609 579 865 648 prteclare
891 596 1013 635 cum
1047 595 1111 633 eo
1145 580 1258 633 viro
1286 582 1367 648 agi
1398 582 1691 647 existimat,
1735 600 1839 638 non

270 674 446 727 solum
481 672 621 737 quod
652 668 847 725 bonum
874 670 974 725 sibi
996 669 1062 722 ad
1092 666 1324 723 futuram
1364 672 1525 725 vitam
1560 673 1839 737 viaticum,

271 764 471 818 bonum
501 776 626 815 cum
667 762 969 816 hominibus
1002 760 1285 814 Dominum
1318 762 1631 816 timentibus
1655 766 1841 817 convi-

272 865 418 907 ctum
467 853 648 924 eligat,
692 855 784 908 sed
819 853 980 906 etiam
1018 852 1156 923 quod
1205 854 1365 915 hisce,
1410 851 1602 921 inquit,
1652 855 1840 907 nostris

272 943 582 999 tumultibus
617 946 891 999 liberetur.

341 1035 431 1090 ιγ.
476 1037 793 1106 Superiores
820 1035 1004 1091 Basilii
1035 1039 1101 1092 ad
1132 1037 1497 1104 Patrophilum
1531 1038 1715 1094 litteras
1751 1053 1839 1092 ce-

270 1126 439 1183 lerem
483 1128 888 1196 reSpousiouem
939 1130 1301 1185 merebantur.
1353 1128 1661 1201 Rogabatur
1696 1133 1837 1185 enim

274 1219 635 1289 Patrophilus,
667 1230 723 1272 ιιι
752 1222 915 1275 misso
947 1223 1141 1274 iterum
1171 1220 1439 1292 Strategio
1470 1226 1834 1293 responderet,

271 1321 452 1366 utrum
481 1313 532 1363 in
560 1309 739 1364 Basilii
773 1321 1015 1365 maneret
1046 1314 1441 1377 communione,
1472 1330 1538 1369 au
1578 1324 1743 1368 totmn
1781 1330 1838 1369 se

272 1401 535 1454 Eustathii
590 1405 829 1472 partibus
881 1402 1195 1457 addixisset.
1236 1403 1441 1460 Tardus
1488 1406 1588 1460 fuit
1637 1409 1703 1459 ad
1754 1422 1840 1461 re-

271 1494 639 1561 spondendum
664 1494 950 1562 Egeensis
973 1501 1273 1566 episcopus.
1300 1498 1561 1561 Tandem,
1592 1499 1677 1552 ubi
1707 1500 1838 1555 satis

270 1584 603 1640 deliberasse
644 1586 747 1638 sibi
784 1586 927 1639 visus
965 1599 1067 1655 est,
1103 1606 1198 1659 per
1228 1593 1472 1644 eumdem
1512 1589 1836 1660 Strategium

268 1679 487 1749 scripsit
526 1693 583 1730 se
618 1678 865 1733 eumdem
905 1694 1024 1734 esse
1060 1694 1184 1750 erga
1210 1681 1489 1743 Basilium,
1521 1682 1610 1749 qui
1656 1682 1836 1735 hacte-

270 1791 370 1829 nus
414 1773 610 1839 fuerat,
641 1774 714 1827 ita
744 1784 917 1827 tamen
962 1787 1019 1827 ut
1047 1791 1077 1828 a
1111 1791 1204 1829 sua
1242 1776 1293 1827 in
1323 1773 1665 1830 Eustathium
1713 1792 1837 1847 pro-

1943 585 2130 639 morbo
2159 583 2382 637 barresis
2406 580 2632 646 laborat,
2662 585 2919 652 reliquam
2957 596 3085 637 vero
3123 582 3420 638 Ecclesiam
3456 586 3509 637 in

1943 690 2072 730 sana
2105 688 2161 731 et
2196 679 2507 743 incorrupta
2542 676 2784 730 doctrina
2821 677 3047 732 versari.

2017 766 2270 821 Numerat
2302 764 2533 820 Basilius
2562 766 2639 838 (ιι.
2665 766 2720 835 2)
2758 780 2926 821 annos
2964 770 3148 823 decem
3192 774 3246 821 et
3292 775 3497 832 septem

1945 876 2048 914 non
2079 870 2298 915 exactos
2328 875 2357 913 a
2392 860 2624 913 concilio
2661 858 3273 929 Constantinopolitano,
3314 862 3365 915 in
3395 875 3505 928 quo

1943 952 2213 1021 depositus
2247 963 2330 1007 est
2368 951 2681 1005 Eustathius
2717 965 2859 1004 anno
2888 949 2991 1003 560
3020 953 3254 1008 ineunte.
3284 954 3359 1007 Ex
3388 968 3497 1021 quo

1942 1053 2089 1112 patet
2117 1042 2255 1095 hanc
2284 1041 2564 1111 epistolam
2609 1032 2750 1095 anno
2781 1042 2885 1095 576
2913 1042 3168 1110 scriptam
3204 1059 3345 1097 esse.
3388 1046 3495 1100 Sed

1943 1150 2064 1187 cum
2102 1133 2478 1189 Tillemontius
2510 1135 2742 1187 Ariauos
2787 1136 3062 1188 existimet
3096 1151 3126 1190 e
3163 1134 3371 1190 Galatia
3413 1152 3503 1190 ac-

1940 1225 2168 1280 cersitos
2206 1226 2272 1277 ab
2299 1224 2579 1278 Eustathio
2613 1222 2781 1276 fuisse
2813 1240 2956 1277 anno
2986 1224 3109 1291 576,
3147 1226 3197 1278 iu
3227 1225 3405 1277 varias
3448 1239 3508 1279 se

1941 1314 2159 1383 conjicit
2194 1315 2468 1384 ambages,
2504 1325 2562 1368 ut
2596 1316 2830 1384 explicet
2876 1315 3019 1383 quod
3067 1316 3143 1367 ait
3171 1316 3423 1378 Basilius,
3455 1315 3507 1369 id

1944 1408 2140 1462 factum
2190 1424 2326 1461 anno
2370 1408 2637 1473 prwterito
2701 1407 2887 1465 fuisse.
2936 1406 3262 1476 Suspicatur
3310 1408 3505 1462 Orien-

1943 1501 2076 1555 tales
2114 1514 2312 1551 annum
2360 1497 2597 1565 incipere
2640 1497 2814 1551 solere
2858 1514 2886 1550 a
2930 1512 3113 1551 mense
3162 1498 3503 1566 Septembri,

1941 1608 2004 1646 ac
2032 1589 2273 1662 proinde,
2306 1590 2350 1644 si
2386 1590 2499 1644 haec
2528 1592 2752 1660 epistola
2793 1590 3067 1655 rejiciatur
3094 1598 3214 1658 post
3264 1602 3502 1641 mensem

1944 1681 2347 1752 Septembrem,
2396 1680 2650 1735 Basilium
2698 1679 2752 1733 id
2802 1680 3070 1748 praeterito
3115 1694 3257 1733 anno
3304 1679 3505 1733 lactmn

1942 1776 2120 1829 dicere
2155 1775 2408 1844 potuisse,
2435 1775 2575 1841 quod
2605 1787 2768 1827 verno
2805 1780 3043 1840 tempore
3074 1772 3196 1823 anni
3242 1770 3347 1823 576
3378 1784 3504 1823 eve—

269 1868 528 1935 pensione
577 1881 682 1919 non
733 1866 955 1919 multum
994 1867 1316 1932 discederet,
1347 1882 1410 1921 ac
1438 1866 1617 1921 Basilii
1657 1870 1709 1922 in
1746 1870 1838 1923 de-
1868 1873 1911 1927 B
1942 1876 2115 1922 uerat.
2150 1865 2409 1932 Quamvis
2439 1875 2617 1918 autem
2665 1864 3075 1934 probaverimus
3108 1865 3165 1917 in
3207 1863 3384 1931 capite
3435 1861 3506 1913 54

268 1959 822 2029 negauda-Eustatbio
851 1960 1228 2015 communione
1257 1962 1615 2016 constantiam
1663 1962 1841 2016 minus

267 2051 544 2121 probaret.

336 2142 558 2200 Gratias
600 2146 711 2215 agit
751 2144 984 2201 Basilius
1026 2148 1166 2214 quod
1200 2145 1339 2200 idem
1368 2160 1494 2215 erga
1531 2161 1590 2201 se
1623 2161 1835 2216 perma-

266 2246 411 2288 neat.
450 2235 554 2289 Sed
600 2237 665 2288 iis
697 2236 939 2298 omissis,
962 2250 1079 2303 quae
1115 2236 1181 2288 de
1208 2234 1482 2289 Eustathio
1510 2236 1841 2289 disseruerat

266 2322 631 2391 PatrOphilus,
690 2323 892 2377 factum
942 2339 1097 2376 suum
1158 2323 1259 2376 hoc
1302 2338 1411 2377 uno
1454 2325 1675 2378 rationis
1724 2340 1840 2381 mo-

267 2422 453 2467 mento
474 2412 738 2479 defendit,
765 2413 907 2481 quod
933 2428 1053 2466 cum
1078 2412 1391 2467 Eustathius
1413 2414 1588 2483 palam
1614 2424 1667 2468 et
1693 2430 1841 2483 aper-

266 2515 321 2559 te
364 2504 849 2559 comntunicaverit
885 2519 1006 2560 cum
1049 2504 1275 2570 Galatia,
1318 2506 1409 2576 qui
1454 2507 1522 2560 ab
1552 2507 1838 2574 insignium

264 2596 591 2650 Arianorum
646 2598 888 2666 partibus
931 2598 1168 2661 stabant,
1208 2598 1250 2652 si
1291 2612 1413 2651 cum
1458 2600 1717 2666 ejusmodi
1746 2601 1841 2653 ho-

264 2688 503 2743 minibus
526 2690 928 2744 communicare
968 2690 1153 2753 liceat,
1186 2691 1346 2745 etiam
1375 2706 1496 2745 cum
1525 2706 1709 2745 eorum
1740 2692 1841 2745 du-

262 2779 418 2832 cibus
439 2788 493 2833 et
524 2782 798 2849 magistris
827 2781 1011 2844 liceat,
1040 2795 1269 2851 quorum
1295 2791 1473 2837 tamen
1502 2784 1839 2838 communio-

264 2883 387 2921 nem
418 2867 657 2939 fugiebat
691 2870 1055 2939 Patrophilus.

341 2962 656 3016 Evazseuam
686 2962 1007 3026 Ecclesiam,
1049 2978 1168 3032 qua:
1201 2965 1373 3019 vicina
1416 2975 1534 3020 erat
1557 2965 1835 3029 Ctesareae,

262 3055 401 3110 nihil
432 3054 643 3107 laeserat
668 3061 965 3121 temporum
992 3052 1299 3118 diﬂicultas,
1341 3056 1391 3108 id
1429 3057 1570 3124 quod
1610 3060 1839 3110 maxime

263 3163 449 3200 rarum
484 3157 607 3199 erat
648 3154 703 3201 et
742 3146 961 3200 inventu
998 3146 1209 3200 dillicile
1245 3163 1257 3199 :
1298 3146 1504 3215 integra
1540 3157 1657 3201 erat
1700 3148 1837 3217 apud

259 3254 357 3292 eos
398 3247 452 3290 et
496 3239 694 3291 intacta
736 3239 867 3292 fides
902 3238 1227 3307 apostolica;
1272 3255 1336 3293 ac
1381 3255 1536 3295 suum
1597 3240 1839 3295 veritatis

262 3345 507 3385 amorem
541 3332 759 3400 egregie
805 3331 1171 3395 declararunt,
1209 3346 1333 3385 cum
1367 3342 1607 3387 structas
1644 3332 1840 3386 Basilio

260 3423 567 3479 calumnias
593 3423 645 3474 in
684 3422 1055 3476 mentientium
1083 3423 1256 3490 capita
1288 3423 1607 3490 reiecerunt.
1641 3423 1841 3479 Praeter

260 3513 497 3577 libellos,
528 3512 721 3580 quibus
748 3510 1004 3566 Basilium
1037 3512 1347 3567 Eustathius
1380 3522 1505 3567 ante
1532 3523 1644 3568 tres
1671 3530 1840 3569 annos

263 3608 619 3669 laceraverat,
663 3605 873 3658 videtur
924 3606 1208 3659 recentiori
1252 3606 1447 3659 astutia
1506 3606 1587 3658 vel
1642 3621 1738 3674 per
1782 3621 1841 3660 se

260 3699 398 3767 ipse,
448 3697 531 3752 vel
579 3712 675 3767 per
710 3696 1020 3751 emissarios
1057 3711 1185 3752 suos
1221 3698 1547 3765 persuadere
1570 3697 1839 3751 Evtesenis

261 3791 501 3843 voluisse
540 3792 614 3859 (ιι.
669 3789 747 3854 4),
790 3790 1032 3845 ordinem
1081 3801 1283 3845 sanctae
1331 3789 1611 3845 Trinitatis
1660 3807 1689 3845 a
1740 3792 1838 3845 Ba-

260 3881 385 3934 silio
434 3879 728 3943 immutari,
772 3894 837 3934 ac
887 3877 1147 3949 Spiritum
1200 3879 1348 3934 Patri
1400 3890 1456 3936 et
1512 3881 1649 3936 Filio
1698 3897 1836 3951 pra:-

260 3973 409 4044 poni.

337 4065 659 4118 Persuasum
689 4062 850 4117 habet
879 4060 1112 4117 Basilius
1140 4079 1385 4134 magnam
1410 4062 1526 4119 fore
1555 4063 1837 4119 Evaseno-

260 4173 383 4211 rum
410 4157 733 4219 mercedem,
763 4158 905 4223 quod
931 4155 1217 4209 calumniis
1245 4156 1446 4209 aditutn
1473 4158 1525 4210 in
1556 4158 1713 4210 corda
1741 4173 1835 4210 sua

262 4264 369 4301 non
413 4246 659 4301 dederint
703 4264 719 4302 :
765 4261 966 4315 eosque
1002 4248 1207 4309 laudat,
1246 4248 1386 4316 quod
1434 4247 1687 4317 praclare
1720 4249 1836 4302 ani-

261 4340 669 4405 madverterint,
685 4339 1017 4409 iniquitatem
1046 4345 1101 4392 et
1125 4338 1534 4393 inconstantiam
1550 4340 1834 4406 Eustathii,

262 4435 353 4501 qui
382 4446 506 4487 cum
544 4429 774 4483 Nicmna:
812 4430 932 4483 ﬁdei
964 4428 1378 4496 subscripsissct
1412 4428 1617 4496 Romae,
1651 4442 1834 4501 postea

1942 1962 2204 2016 Eustathii
2257 1959 2694 2029 coniunctionem
2749 1974 2873 2013 cum
2926 1958 3142 2012 Arianis
3206 1972 3347 2011 anno
3401 1955 3505 2010 375

1941 2064 2066 2108 ante
2098 2054 2283 2108 Natale
2314 2052 2523 2108 Domini
2554 2052 2804 2107 evenisse
2824 2090 2840 2115 ,
2880 2052 2994 2106 haec
3045 2061 3223 2105 tamen
3263 2052 3329 2104 ad
3359 2051 3507 2105 Evas-

1940 2161 2099 2201 senos
2142 2145 2366 2213 epistola
2402 2154 2522 2214 post
2563 2144 2937 2213 Septembrem
2988 2142 3283 2210 rejicicnda
3335 2152 3499 2205 esset,

1939 2240 1983 2294 si
2018 2236 2382 2306 Cappadoces,
2417 2246 2473 2288 ut
2507 2237 2784 2290 existimat
2828 2235 3212 2290 Tillemontius
3237 2274 3251 2298 ,
3303 2248 3503 2287 annum

1941 2332 2291 2401 inctepissent
2338 2344 2369 2383 a
2437 2343 2626 2382 mense
2662 2326 2985 2396 Septembri.
3029 2327 3135 2381 Sed
3168 2328 3281 2381 haec
3324 2324 3507 2394 Opinio

1942 2438 2045 2476 non
2079 2423 2289 2491 magnis
2325 2420 2517 2474 nititur
2546 2418 2851 2478 momentis,
2883 2416 3143 2487 longeque
3168 2416 3504 2487 probabilius

1940 2519 2021 2563 est
2056 2512 2268 2564 initium
2300 2511 2428 2563 anni
2468 2510 2610 2577 apud
2653 2508 2997 2577 Cappadoces
3037 2523 3065 2559 a
3097 2521 3280 2561 mense
3314 2505 3505 2561 Martio

1942 2601 2228 2669 repetitum
2280 2599 2467 2653 fuisse.
2509 2599 2647 2652 Nam
2686 2599 2927 2654 Basilius
2968 2600 3019 2651 in
3065 2599 3221 2670 epist.
3258 2599 3349 2663 69,
3386 2614 3508 2669 qua

1940 2690 2097 2746 citius
2127 2704 2309 2744 mense
2348 2689 2655 2758 Septembri
2693 2691 2852 2743 scribi
2889 2704 2992 2743 non
3038 2693 3228 2759 potuit,
3258 2702 3504 2746 sanctum

1939 2780 2293 2833 Athanasium
2337 2786 2507 2848 rogat,
2536 2768 2951 2832 ut’Dorotbeum
2983 2782 3049 2833 ad
3084 2782 3310 2849 primam
3350 2783 3505 2835 navi-

1939 2873 2208 2940 gationem
2254 2870 2521 2932 dimittat,
2569 2880 2624 2923 ut
2655 2872 2840 2925 saltem
2888 2874 3078 2939 possit,
3126 2873 3327 2941 inquit,
3366 2889 3506 2926 anno

1939 2966 2167 3034 sequenti
2208 2964 2408 3034 aliquid
2456 2964 2570 3032 ﬁeri
2613 2980 2791 3018 eorum
2837 2981 2954 3035 qua:
3008 2982 3303 3032 precamur.
3341 2965 3505 3020 Plana

1940 3065 2025 3107 est
2059 3064 2113 3106 et
2149 3066 2331 3123 aperta
2367 3056 2480 3107 huic
2510 3056 2702 3119 oratio,
2736 3056 2778 3109 si
2811 3059 2934 3108 anni
2970 3056 3181 3108 initium
3217 3067 3332 3112 erat
3363 3057 3504 3123 apud

1941 3146 2285 3215 Cappadoces
2341 3148 2539 3199 mensis
2592 3146 2852 3211 Martius;
2895 3146 2989 3200 sed
3036 3148 3080 3201 si
3133 3147 3502 3217 Septembris.

1942 3236 2211 3306 quomodo
2260 3236 2491 3291 Basilius
2536 3238 2691 3291 initio
2734 3238 2859 3291 anni
2907 3239 3170 3305 scribens,
3218 3253 3321 3292 non
3372 3241 3508 3293 satis

1940 3341 2221 3396 superesse
2250 3327 2613 3381 existimasset
2661 3330 2955 3394 temporis,
3012 3329 3249 3397 satisque
3290 3328 3507 3382 habuis-

1939 3429 2041 3483 set,
2072 3421 2115 3474 si
2157 3420 2347 3474 saltem
2400 3432 2541 3473 anuo
2577 3418 2821 3489 sequenti
2871 3428 3118 3488 suscepta
3160 3420 3384 3474 consilia
3434 3418 3502 3472 ad

1939 3512 2142 3565 exitum
2178 3513 2597 3581 perducerentur
2622 3511 2645 3564 ?

2009 3604 2299 3658 Existimat
2341 3604 2717 3659 Tillemoutius
2745 3602 2821 3675 (a)
2856 3603 3158 3657 orationem
3211 3602 3396 3657 Basilii
3449 3602 3503 3657 in

1940 3704 2185 3748 sanctum
2218 3694 2540 3748 Mamantem
2563 3696 2738 3763 primo
2775 3696 2900 3749 anni
2928 3695 3012 3748 die
3042 3695 3275 3749 habitam
3302 3694 3501 3760 fuisse;

1937 3796 1994 3839 et
2041 3800 2162 3839 cum
2217 3784 2273 3839 S.
2318 3787 2573 3856 martyris
2622 3785 2821 3840 festum
2871 3787 3009 3857 apud
3047 3785 3266 3841 Graecos
3319 3801 3506 3841 mense

1941 3876 2244 3945 Septembri
2296 3878 2615 3942 celebretur,
2664 3878 2877 3932 initium
2931 3880 3056 3931 anni
3104 3880 3244 3947 apud
3293 3878 3503 3946 Cappa-

1938 3968 2098 4022 doces
2125 3984 2153 4021 a
2189 3970 2363 4038 primo
2402 3969 2737 4039 Septembris
2766 3970 2851 4023 die
2895 3968 3107 4035 repetit.
3150 3968 3257 4023 Sed
3301 3968 3500 4024 festum

1938 4056 1997 4113 S.
2040 4058 2327 4115 Mamantis
2375 4060 2611 4114 secundo
2641 4059 2976 4128 Septembris
3017 4059 3121 4122 die.
3167 4074 3270 4113 non
3304 4059 3502 4129 primo,

1936 4151 2073 4219 apud
2126 4149 2341 4205 Graecos
2373 4150 2701 4215 celebratur,
2736 4150 3054 4219 vigebatque
3103 4150 3219 4205 haec
3265 4166 3498 4205 consue-

1936 4243 2063 4296 tudo
2081 4241 2568 4310 Coustantiuopoli,
2596 4252 2654 4295 ut
2678 4239 3340 4307 observatTillemontius,
3370 4252 3502 4297 temv

1936 4348 2067 4402 pore
2093 4332 2289 4387 Leonis
2321 4332 2566 4389 Thracis.
2600 4334 2799 4387 Deinde
2837 4348 2964 4387 vero
2990 4332 3172 4389 Basilii
3201 4336 3363 4390 verba
3395 4352 3500 4391 non

1936 4425 2016 4479 sic
2058 4425 2227 4494 accipi
2268 4426 2500 4491 debent,
2547 4426 2699 4493 quasi
2751 4426 2867 4481 dies
2912 4425 3084 4481 festus
3122 4426 3179 4481 S.
3220 4426 3503 4484 Mamantis

260 4524 464 4579 Basilio
507 4521 705 4577 bellum
748 4521 927 4574 intulit
958 4537 1023 4575 eo
1049 4522 1212 4590 quod,
1244 4521 1409 4589 ipsius
1439 4523 1630 4590 petitu,
1661 4524 1833 4577 eidem
1871 4542 1913 4597 υ
1939 4518 2114 4585 primo
2158 4517 2283 4570 anui
2320 4517 2495 4571 civilis
2540 4518 2626 4571 die
2675 4517 3071 4583 celebraretur;
3119 4518 3211 4573 sed
3258 4534 3381 4571 cum
3436 4520 3502 4571 ad

262 4616 506 4670 formulae
522 4615 715 4668 iterum
734 4612 1138 4681 subscripsisset
1154 4629 1169 4680 ;
1186 4624 1239 4667 et
1264 4627 1384 4666 cum
1401 4613 1626 4668 Arianos
1645 4630 1839 4683 negas-

260 4719 346 4763 set
369 4710 655 4775 episcOpos
680 4719 819 4768 esse,
861 4721 1002 4760 nunc
1029 4705 1095 4759 iis
1124 4705 1391 4775 supplicat
1419 4721 1557 4775 quos
1588 4706 1661 4760 illi
1691 4708 1836 4761 ordi-

261 4813 497 4863 navere;
538 4808 593 4851 et
629 4811 750 4851 cum
791 4795 1050 4850 violenter
1080 4798 1404 4867 esagitasset
1437 4812 1551 4863 eos,
1585 4801 1675 4868 qui
1710 4815 1832 4853 cum

260 4890 479 4943 Arianis
518 4887 1010 4949 communicabant,
1054 4901 1194 4940 nunc
1233 4889 1556 4943 Arianorum
1593 4904 1831 4943 commu-

260 4984 480 5035 nionem
522 4980 881 5049 persequitur.
934 4977 1155 5033 Fatetur
1199 4980 1426 5035 Basilius
1468 4980 1721 5035 humilem
1769 4995 1828 5034 se

260 5084 384 5125 esse
420 5079 474 5122 et
516 5083 757 5138 parvum,
802 5071 893 5122 sed
942 5077 1121 5121 tamen
1151 5071 1396 5124 emndem
1435 5084 1647 5136 semper
1684 5084 1823 5132 esse,

262 5175 362 5214 nec
384 5173 622 5226 unquam
648 5172 771 5209 cum
799 5158 957 5213 rebus
983 5155 1477 5211 immutatumINon
1501 5160 1659 5211 aliam
1688 5160 1826 5227 apud

260 5267 322 5306 se
383 5250 541 5302 ﬁdem
596 5259 723 5300 esse
768 5243 1056 5311 Seleuciae,
1120 5247 1280 5299 aliam
1333 5244 1827 5316 Constantinopoli,

260 5343 420 5396 aliam
452 5339 593 5392 Zelis
613 5347 668 5390 et
694 5336 975 5405 Lampsaci
1006 5338 1189 5403 aliam,
1215 5350 1268 5392 et
1296 5335 1481 5390 Romae
1518 5337 1699 5399 aliam,
1732 5352 1829 5391 nec

262 5452 407 5491 nunc
467 5448 661 5488 novam
715 5429 1057 5485 circumferri
1111 5445 1141 5484 a
1204 5428 1479 5499 prioribus
1536 5427 1825 5481 diversam.

262 5531 521 5586 Hortatur
554 5527 859 5590 Evmsenos,
890 5532 947 5578 ut
992 5525 1045 5579 in
1086 5524 1188 5579 title
1229 5532 1541 5581 constanter
1582 5535 1830 5592 perseve-

333 5714 409 5787 (α)
452 5714 608 5769 Tom.
634 5709 723 5774 IV,
760 5724 809 5777 ρ.
837 5708 962 5764 558.

1945 4607 2085 4659 bunc
2128 4607 2270 4661 diem
2320 4622 2509 4675 magna
2552 4607 2825 4671 hominum
2876 4608 3164 4662 multitudo
3208 4610 3505 4677 quotannis

1942 4691 2230 4747 conﬂueret
2256 4735 2271 4759 ,
2308 4703 2425 4748 erat
2472 4695 2558 4749 ille
2588 4696 2701 4750 dies
2738 4705 2791 4750 et
2832 4697 3089 4763 praeteriti
3120 4698 3246 4751 anni
3291 4698 3412 4753 fluis
3450 4707 3507 4753 et

1939 4786 2059 4837 novi
2090 4785 2485 4852 quodammodo
2533 4786 2765 4838 initium.
2810 4785 2901 4839 Sic
2946 4785 3177 4853 loquitur
3225 4786 3501 4841 Basilius:

1948 4874 2005 4927 '0
2055 4874 2111 4928 δὲ
2159 4874 2510 4946 περιαγαγὼν
2569 4876 2725 4945 ἡμῶν
2771 4876 2868 4946 τὴν
2921 4878 3224 4949 πανήγυριν
3277 4878 3502 4947 ταύτην,

1936 4966 2028 5017 καὶ
2057 4965 2227 5036 πέρας
2260 4965 2383 5027 δοὺς
2411 4968 2530 5027 ταῖς
2558 4968 2871 5035 περυσιναῖς
2898 4966 3099 5035 εὐχαῖς,
3131 4967 3222 5019 καὶ
3262 4967 3504 5037 κεφαλὴν

1934 5057 2056 5119 δςὺς
2095 5056 2173 5126 τῷ
2206 5057 2411 5108 ἐπιόντι
2456 5057 2633 5127 χρόνῳ
2680 5058 2745 5128 (ἡ
2779 5058 2886 5129 γὰρ
2927 5059 3063 5129 αὑτὴ
3108 5059 3288 5129 ἡμέρα
3330 5060 3502 5130 ὁρίζει

1934 5151 2064 5220 ἡμῖν
2099 5150 2188 5201 τὸν
2237 5149 2570 5221 παρελθόντα
2608 5149 2825 5214 κύκλον,
2880 5152 2974 5203 καὶ
3026 5152 3231 5221 κεφαλὴ
3293 5152 3502 5219 γίνεται

1934 5240 2095 5295 πάλιν
2135 5240 2211 5311 τῷ
2258 5241 2641 5312 ὲπερχομέμῳ)
2816 5242 3187 5312 διαφυλάξειεν
3239 5243 3385 5313 ἡμᾶς
3445 5246 3502 5295 ὲν

1932 5332 2079 5403 αὑτῷ
2105 5333 2379 5395 ἀϐλαϐεῖς.
2417 5332 2521 5399 Qui
2555 5349 2671 5387 sero
2707 5335 2841 5387 hanc
2872 5344 3104 5388 nostram
3146 5332 3499 5386 celebritatem

1933 5427 2166 5488 reduxit,
2192 5436 2237 5478 et
2269 5426 2520 5494 prazleriti
2549 5426 2674 5477 anni
2706 5426 2834 5478 vatis
2866 5424 3024 5492 ﬁnem
3060 5424 3205 5477 dedit
3239 5433 3290 5477 et
3318 5440 3500 5477 succe-

1933 5517 2076 5571 denti
2106 5517 2323 5586 tempori
2352 5518 2561 5570 iuitium
2593 5516 2815 5588 largitus
2859 5527 2931 5572 est
2975 5516 3177 5586 (eadem
3217 5515 3351 5569 enim
3390 5518 3501 5569 dies
