4038 6484
515 442 717 485 CJLVIII

1873 425 2378 486 PROLEGOMENA
2391 468 2404 481 .

515 551 839 617 ρτωεεήηιηι
878 549 1130 605 circulum
1164 551 1310 607 nobis
1348 553 1595 607 remum
1632 562 1678 608 et
1714 568 1897 607 rursus
1951 557 2086 607 inse-
2117 553 2163 610 Δ
2192 558 2336 602 terea
2381 563 2521 601 anno
2550 547 2654 602 375
2706 556 2761 603 et
2802 547 3146 617 sequentibus
3168 550 3495 620 querebatur
3521 547 3757 606 Basilius

515 652 719 712 quem
752 642 810 709 ﬁt
857 643 1100 712 initium)
1126 680 1142 696 .
1164 681 1179 697 .
1199 682 1212 696 .
1236 683 1251 699 .
1282 656 1543 698 conservet
1591 662 1683 699 nos
1712 644 1765 697 in
1812 646 2081 713 semetipso

518 733 735 799 ἕιιωεοσ,
764 746 872 790 etc.
902 734 1033 800 Quae
1084 735 1171 789 hic
1216 735 1284 791 de
1317 737 1421 790 diei
1478 736 1770 804 quotannis
1806 736 2083 792 redeuntis

519 824 893 880 vicissitudine
934 826 1205 890 dicuntur,
1250 829 1316 882 de
1355 828 1597 897 quolibet
1639 830 1725 883 die
1756 827 1895 883 festo
1924 839 2084 900 quot-

519 917 679 969 annis
705 917 961 972 redeunte
991 919 1094 972 dici
1129 928 1355 990 possunt
1387 938 1400 974 :
1434 920 1730 989 praesertim
1760 920 1803 973 si
1830 923 1897 974 ad
1936 923 2083 975 illum

520 1008 661 1060 diem
693 1023 881 1075 magna
926 1009 1201 1064 hominum
1249 1010 1533 1067 multitudo
1570 1012 1861 1067 convenire
1890 1015 2081 1068 soleat.

519 1097 672 1152 Nulla
709 1115 839 1171 ergo
886 1101 1040 1155 nobis
1089 1102 1337 1170 imposita
1385 1104 1683 1158 necessitas
1734 1104 1973 1173 epistolae
2017 1103 2084 1157 ad

521 1189 810 1245 Evzesenos
860 1200 981 1260 post
1038 1189 1408 1261 Septembrem
1460 1194 1783 1261 rejiciendte.
1835 1196 1966 1250 Nam
2032 1195 2082 1250 si

521 1282 866 1350 Cappadoces
912 1294 1140 1348 annum,
1190 1294 1248 1339 ut
1294 1285 1584 1339 verisimile
1614 1297 1698 1341 est
1724 1328 1737 1351 ,
1771 1302 1799 1340 a
1831 1285 2085 1341 Januario

522 1383 613 1424 aut
648 1372 841 1425 Martio
873 1374 1222 1443 incipiebant,
1256 1378 1430 1444 potuit
1461 1375 1718 1443 Basilius,
1746 1395 1864 1434 cum
1902 1391 2086 1431 mense

518 1457 660 1514 Julio
709 1470 799 1515 aut
846 1462 1087 1533 Augusto
1141 1466 1441 1531 scriberet,
1498 1482 1560 1522 ea
1620 1484 1761 1522 anno
1814 1470 2087 1537 prmterito

522 1550 662 1606 facta
714 1554 895 1609 dicere
937 1570 1057 1625 qum
1093 1555 1371 1611 Decembri
1420 1560 1664 1627 proxime
1697 1558 1879 1627 elapso
1911 1558 2087 1613 conti-

520 1656 730 1714 gerant.

596 1735 900 1792 Referimus
924 1740 991 1793 ad
1027 1741 1167 1794 hunc
1201 1756 1401 1794 annum
1428 1737 1711 1810 epistolam
1738 1739 1847 1795 25i
1890 1740 1943 1795 in
1980 1756 2088 1811 qua

522 1824 751 1883 Basilius
786 1829 1071 1899 episcopos
1094 1830 1245 1883 Ponti
1276 1830 1671 1895 perhonoriﬁca
1701 1841 1875 1901 rogat,
1906 1841 1966 1886 ut
1999 1847 2089 1886 an-

2182 640 2247 695 dc
2278 640 2737 702 Occidentalibus,
2793 656 2928 710 quos
2982 641 3136 711 plena
3166 657 3325 696 manu
3359 644 3413 697 in
3461 640 3545 695 his
3580 639 3755 695 tribus

2181 730 2426 796 epistolis
2469 730 2669 784 laudat.
2714 732 2848 785 Cum
2886 732 2968 786 his
2993 730 3237 799 epistolis
3278 732 3557 802 conjungit
3584 731 3756 785 etiam

2183 821 2557 878 Tillemontius
2586 822 2867 893 epistolam
2903 825 3006 879 152
3033 824 3098 878 ad
3119 822 3436 878 Abramium
3458 825 3756 880 Batnorum

2182 912 2511 984 episcopum.
2562 902 2669 969 Sed
2699 928 2818 967 eam
2851 916 3140 983 rejecimus
3166 916 3218 970 in
3251 929 3450 969 annum
3483 919 3610 973 375.

2254 1003 2517 1070 Quartam
2563 1005 2843 1075 epistolam
2908 1007 3101 1087 deotulit
3154 1006 3577 1071 Sanctissimus,
3634 1023 3759 1080 qua:

2182 1095 2514 1167 presbyteris
2536 1098 2758 1163 Acacio,
2786 1097 2963 1163 Aetio,
2991 1096 3156 1151 Paulo
3186 1109 3240 1154 et
3261 1101 3516 1171 Sylvano,
3547 1101 3758 1158 Silvino

2185 1198 2240 1243 et
2271 1187 2435 1243 Lucio
2485 1188 2766 1254 diaconis,
2818 1189 3137 1258 ueterisque
3177 1190 3438 1248 fratribus
3472 1198 3756 1250 monachis

2187 1277 2442 1347 inscripta
2472 1287 2575 1331 est.
2612 1278 3071 1333 Verisimillimum
3100 1288 3184 1335 est
3211 1281 3490 1353 Acacium,
3522 1283 3613 1353 qui
3644 1286 3760 1352 pri-

2185 1381 2305 1420 mus
2340 1367 2679 1430 nominatur,
2720 1383 2824 1422 non
2850 1369 3012 1423 alium
3043 1384 3166 1425 esse
3195 1369 3263 1423 ab
3299 1385 3365 1424 eo
3393 1373 3590 1428 Acacio
3612 1415 3627 1440 ,
3662 1375 3756 1443 qui

2186 1457 2439 1512 Basilium
2475 1473 2615 1512 anno
2657 1460 2762 1515 575
2811 1460 3118 1516 Berteensis
3158 1460 3413 1517 Ecclesiae
3457 1478 3511 1519 et
3543 1466 3759 1523 Chalci-

2186 1551 2369 1605 densis
2399 1551 2614 1623 nomine
2659 1550 2865 1616 invisit,
2897 1567 2958 1605 ac
2998 1562 3178 1621 postea
3222 1555 3274 1608 in
3310 1555 3619 1625 episcoltatu
3657 1558 3760 1613 Be-

2190 1646 2385 1698 rteensi
2418 1644 2800 1697 celeberrimus
2829 1644 3059 1706 exstitit,
3090 1646 3184 1699 sed
3213 1647 3515 1713 praeteritos
3539 1649 3758 1706 labores

2190 1734 2410 1789 nefariis
2439 1736 2490 1788 in
2519 1736 2575 1789 S.
2598 1732 2859 1790 Joannem
2893 1736 3341 1806 Chrysostomum
3383 1738 3755 1797 molition'rbus

2189 1820 2557 1881 dedecoravit.

523 1915 730 1981 tiquum
775 1896 989 1973 morem—
1031 1928 1306 1972 resnmant
1368 1920 1647 1975 visitandte
1696 1896 1790 1977 ad-
1810 1896 1951 1977 diem
2004 1925 2085 1978 feo
2119 1896 2160 1951 Β
2257 1914 2577 1971 Iamdudum
2623 1917 2919 1973 ECOIBSiam
2959 1917 3303 1976 Bermensem
3349 1932 3405 1978 et
3433 1922 3762 1979 Chalcidem

523 2017 665 2058 stum
697 2005 880 2059 Sancti
927 2007 1215 2080 Eupsycbii
1241 2010 1485 2066 ecclesiae
1513 2012 1884 2071 Caesariensis.
1917 2014 2089 2071 Citius

524 2094 780 2149 collocari
815 2107 1139 2167 non-potest
1172 2100 1286 2153 haec
1312 2101 1571 2169 epistola;
1623 2118 1746 2157 nam
1791 2120 1936 2160 anno
1980 2109 2092 2177 qui-

524 2186 646 2239 dem
678 2187 955 2254 superiore
993 2204 1094 2258 pax
1149 2191 1289 2244 inter
1320 2191 1575 2247 Basilium
1605 2204 1660 2247 et
1694 2192 1847 2251 Ponti
1874 2211 2089 2267 episco-

526 2290 624 2345 pos
647 2286 815 2341 sarta,
851 2279 942 2331 sed
988 2290 1107 2348 post
1142 2280 1335 2335 festum
1369 2280 1426 2338 S.
1457 2282 1768 2356 Eupsychii.

601 2366 664 2421 V.
716 2368 1017 2425 Dorotheus
1066 2381 1117 2424 et
1159 2371 1545 2430 Sanctissimus
1591 2377 1761 2431 Roma
1818 2381 2091 2434 redierunt

526 2460 628 2515 hoc
650 2476 829 2528 anno,
868 2464 1059 2530 rebus,
1094 2480 1322 2532 quarum
1358 2481 1521 2521 causa
1553 2467 1779 2537 profecti
1812 2480 2003 2536 erant,
2042 2473 2088 2527 si

524 2551 702 2604 minus
737 2554 803 2605 ad
836 2563 1077 2622 optatum
1107 2556 1332 2619 exitum,
1368 2556 1560 2611 saltem
1598 2559 1661 2611 ad
1713 2560 1910 2614 bonam
1941 2577 2089 2630 spem

529 2643 820 2710 perductis.
872 2643 947 2713 (α)
996 2642 1220 2714 Magnos
1264 2645 1477 2700 labores
1517 2646 1568 2699 in
1613 2651 1712 2703 hoc
1760 2650 2095 2711 conﬁciendo

529 2732 723 2786 itinere
750 2733 1083 2789 tolerarunt:
1106 2736 1201 2790 sed
1226 2751 1492 2791 summam
1517 2740 1757 2795 laetitiam
1780 2744 1875 2798 toti
1890 2743 2094 2801 Orienti

527 2824 846 2889 attulerunt,
876 2840 1000 2880 cum
1036 2838 1092 2881 et
1132 2830 1432 2885 sententias
1463 2830 1887 2889 Occidentalium
1919 2845 1975 2889 et
2004 2853 2093 2892 re-

528 2932 647 2970 rum
678 2924 877 2973 statum
908 2929 1162 2978 accurate
1187 2934 1526 2992 perspectum
1552 2926 1886 2980 nuntiarent.
1929 2928 2092 2981 Doro-

530 3009 687 3064 theus
717 3011 770 3064 in
801 3014 1029 3079 epistola
1056 3013 1407 3067 Orientalium
1440 3015 1587 3068 solus
1615 3016 1941 3082 nominatur,
1966 3021 2093 3087 quia

528 3099 577 3153 is
629 3100 771 3154 solus
812 3102 1076 3155 nominari
1132 3104 1509 3179 solebathqui
1567 3107 1867 3176 praecipuas
1913 3122 2095 3178 partes

530 3190 811 3263 legationis
846 3195 1168 3249 sustinebat.
1203 3193 1261 3250 In
1305 3196 1500 3252 litteris
1530 3208 1709 3253 autem
1732 3238 1748 3264 ,
1778 3214 1915 3269 quas
1940 3199 2093 3256 Basi-

530 3282 637 3337 lius
675 3294 794 3352 post
837 3298 1021 3339 eorum
1082 3287 1307 3340 reditum
1351 3288 1609 3357 scripsit,
1655 3289 1799 3342 nulla
1841 3288 2094 3345 Dorothei

531 3374 756 3438 mentio,
800 3376 893 3429 sed
927 3385 1134 3430 tantum
1182 3376 1546 3443 Sanctissimi,
1585 3382 1701 3433 sive
1741 3381 1812 3434 ob
1849 3382 2094 3435 eamdem

529 3479 787 3530 causam,
841 3466 955 3520 sive
1002 3468 1171 3535 quod,
1222 3480 1533 3523 remanente
1571 3472 1709 3539 apud
1741 3469 1798 3524 S.
1824 3468 2095 3525 Meletium

534 3557 827 3623 Dorotheo,
874 3557 1260 3615 Sanctissimus
1306 3561 1359 3614 in
1394 3560 1669 3617 Orientem
1706 3563 1904 3618 missus
1931 3573 2094 3629 esset,

533 3659 591 3703 ut
620 3664 707 3704 res
738 3650 1045 3705 Occidentis
1089 3651 1399 3718 nuntiaret,
1431 3668 1495 3708 ac
1531 3654 1884 3710 Orientalium
1923 3657 2099 3711 studia

532 3740 599 3791 ad
630 3740 681 3791 id
716 3740 857 3807 quod
914 3741 1223 3795 inchoatum
1255 3753 1373 3796 erat
1414 3743 1797 3813 perficiendum
1826 3745 2099 3801 incitaret.

533 3824 797 3881 Videntur
846 3841 1022 3883 autem
1060 3830 1363 3886 Dorotheus
1397 3844 1451 3887 et
1491 3833 1873 3889 Sanctissimus
1911 3837 2101 3905 praeci-

534 3934 637 3990 pue
670 3936 757 3975 tes
781 3921 1146 3975 Antiochenas
1172 3923 1321 3975 cordi
1358 3923 1632 3988 habuisse,
1682 3935 1791 3980 tum
1828 3928 1953 3995 quia
1984 3942 2101 3980 ma-

537 4015 683 4068 xima
717 4030 900 4069 eorum
933 4029 1062 4068 cura
1092 4022 1210 4069 erat
1254 4015 1366 4069 haec
1401 4014 1641 4069 Ecclesia
1668 4055 1684 4080 ,
1716 4032 1874 4085 quam
1912 4019 2103 4073 littera:

536 4102 748 4158 Damasi
785 4119 925 4158 auito
952 4104 1057 4159 375
1091 4106 1559 4175 perturbaverant,
1604 4113 1716 4160 tum
1748 4107 1874 4175 quia
1903 4116 1961 4161 ut
1990 4109 2103 4176 ipse

534 4191 1061 4259 censebatBasilius,
1111 4210 1215 4263 pax
1248 4193 1485 4251 Orientis
1529 4212 1594 4251 ex
1626 4197 1925 4252 Antiochia:
1970 4213 2104 4267 pace

534 4283 824 4353 plurimum
874 4288 1159 4355 pendebat.
1209 4286 1389 4352 Quare
1438 4290 1505 4343 ad
1558 4287 1614 4343 S.
1649 4288 1841 4344 Meletii
1877 4305 2095 4345 causam

537 4377 719 4431 refero
764 4378 904 4444 quod
955 4378 1031 4432 ait
1071 4377 1305 4434 Basilius
1348 4382 1678 4452 presbyteris
1718 4382 2091 4450 Antiochenis,

538 4461 953 4519 Sanctissimum
981 4481 1168 4521 eorum
1194 4468 1605 4524 sollicitudinem
1654 4472 1847 4542 partim
1876 4474 2093 4528 sedans-

2189 2020 2301 2060 sem
2331 2007 2636 2075 persecutio
2676 2008 3048 2080 impugnabat,
3083 2013 3176 2065 sed
3219 2011 3321 2066 hoc
3344 2028 3487 2067 anno
3518 2013 3623 2068 576
3650 2024 3763 2070 sta-

2192 2098 2285 2150 tim
2318 2107 2435 2167 post
2463 2097 2664 2154 Pascha
2695 2101 2933 2156 haeretici
2962 2101 3335 2156 Bermensium
3367 2106 3761 2159 monachorum

2190 2192 2553 2249 tabernaculis
2610 2194 3087 2263 supervenientes,
3142 2210 3329 2250 eorum
3388 2197 3599 2253 labores
3649 2198 3762 2264 igni

2192 2284 2547 2339 tradiderunt.
2585 2283 2846 2355 Ingemuit
2881 2283 3134 2349 Basilius,
3169 2285 3259 2339 ubi
3294 2286 3346 2339 id
3377 2287 3618 2353 rescivit,
3650 2303 3761 2343 non

2187 2384 2368 2430 tamen
2400 2373 2782 2430 monachorum
2835 2391 3038 2442 causa,
3085 2376 3283 2447 quibus
3331 2377 3477 2433 aliud
3526 2379 3580 2433 in
3608 2380 3766 2435 culis

2190 2468 2516 2523 domicilium
2556 2468 2769 2523 videbat
2810 2468 2912 2524 hoc
2949 2468 3158 2525 scelere
3190 2471 3503 2540 praeparari,
3529 2474 3622 2526 sed
3653 2472 3767 2525 hae-

2191 2564 2519 2627 reticorum,
2550 2562 2641 2630 qui
2675 2562 3028 2631 sibimetipsis
3072 2562 3212 2633 ignis
3265 2563 3579 2618 thesaurum
3608 2579 3764 2619 com-

2192 2655 2475 2725 parabant.
2530 2652 2858 2723 Speraverat
2899 2654 3126 2709 Basilius
3168 2654 3319 2719 fore,
3358 2665 3416 2708 ut
3451 2657 3516 2707 ad
3555 2670 3616 2709 se
3651 2664 3768 2709 tano

2193 2758 2355 2811 quam
2386 2743 2451 2797 ad
2475 2751 2720 2812 paratum
2756 2742 3057 2812 perfugium
3084 2757 3274 2796 omnes
3302 2754 3667 2810 accurrerent,
3700 2758 3767 2799 ac

2195 2835 2310 2903 ipse
2363 2848 2551 2887 eorum
2608 2832 2893 2902 complexu
2944 2848 3007 2886 ex
3057 2833 3327 2887 continuis
3381 2833 3656 2889 doloribus
3708 2846 3769 2890 et

2192 2923 2452 2977 aerumnis
2503 2920 2814 2989 respiraret.
2862 2918 2967 2974 Sed
3019 2934 3139 2975 cum
3188 2922 3238 2973 id
3285 2932 3609 2978 consecutus
3657 2939 3766 2978 non

2195 3023 2359 3077 esset,
2380 3015 2605 3083 optabat
2639 3020 2698 3065 ut
2727 3011 2917 3066 saltem
2950 3024 3093 3079 saepe
3119 3011 3389 3067 scribendi
3423 3014 3640 3069 occasio
3671 3015 3770 3068 da-

2197 3117 2369 3163 retur.
2412 3106 2489 3163 Ne
2522 3107 2573 3160 id
2622 3105 2839 3175 quidem
2884 3104 3133 3173 contigit,
3169 3106 3294 3174 quia
3335 3108 3610 3162 nesciebat
3647 3108 3772 3162 ubi-

2125 3219 2170 3276 c
2202 3215 2325 3253 nam
2356 3207 2719 3261 versarentur,
2750 3207 2861 3249 tum
2890 3198 3052 3249 etiam
3086 3198 3211 3265 quia
3244 3213 3348 3252 non
3387 3198 3536 3251 multi
3567 3214 3598 3253 e
3625 3196 3771 3267 Cap.

2200 3287 2493 3358 padociain
2520 3283 2619 3337 bas
2634 3283 2884 3352 regiones
2907 3283 3401 3352 proﬁciscebantur.
3430 3288 3631 3343 Nactus
3656 3298 3772 3342 tan-

2198 3376 2320 3429 dem
2354 3374 2695 3430 Sanctissitni
2740 3374 3085 3443 facultatem,
3134 3378 3384 3432 hortatur
3426 3386 3485 3430 ut
3514 3380 3585 3433 ob
3624 3376 3773 3433 futu¢

2200 3480 2314 3519 ram
2339 3466 2643 3521 mercedem
2675 3464 2888 3522 fortiter
2910 3481 2969 3522 se
2994 3474 3222 3535 gerant;
3265 3474 3338 3532 et,
3366 3467 3488 3535 quia
3514 3483 3774 3537 persecu-

2202 3558 2345 3612 tione
2388 3557 2569 3627 adepti
2612 3567 2742 3613 snnt
2789 3558 3040 3613 ﬁduciam
3084 3558 3224 3625 apud
3256 3557 3562 3628 Dominum,
3606 3572 3772 3617 noetu

2198 3659 2252 3704 et
2284 3650 2520 3703 interdiu
2551 3665 2647 3720 pro
2669 3650 2912 3705 Ecclesia
2946 3660 3255 3717 precentur.

2273 3738 2353 3792 Ad
2409 3738 2550 3792 idem
2605 3748 2816 3807 tempus
2852 3737 3044 3793 referri
3091 3748 3271 3807 potest
3312 3739 3533 3809 epistola
3566 3739 3671 3797 257
3702 3742 3772 3796 ad

2203 3832 2335 3887 alios
2358 3832 2672 3894 monachos,
2703 3832 2897 3900 quibus
2919 3830 3318 3901 pariterAriani
3351 3832 3546 3887 bellum
3579 3834 3775 3891 infere-

2204 3924 2352 3979 bant.
2377 3924 2481 3978 Eos
2506 3923 2735 3978 Basilius
2761 3922 3071 3978 consolatur
3119 3938 3215 3993 spe
3250 3926 3516 3981 mercedis
3542 3941 3607 3982 eo
3639 3929 3774 3984 ube-

2206 4017 2384 4076 rioris,
2411 4018 2554 4085 quod
2586 4015 2785 4071 bellum
2814 4015 3152 4070 inferebatur
3182 4015 3250 4070 ab
3282 4016 3588 4071 hominibus
3616 4018 3775 4074 Chri-

2205 4106 2410 4160 stianos
2435 4121 2495 4159 se
2530 4120 2650 4161 esse
2684 4106 3085 4173 proﬁtentibus,
3123 4107 3317 4160 nedum
3344 4107 3445 4162 hoc
3470 4124 3688 4177 nomen,
3715 4119 3776 4165 ut

2205 4197 2360 4249 multi
2404 4197 2802 4257 existimabant,
2855 4196 2922 4249 de
2955 4210 3165 4263 eorum,
3206 4198 3298 4265 qui
3341 4202 3772 4267 persecutionem

2208 4287 2587 4352 patiebantur,
2626 4287 2819 4341 merito
2844 4286 3137 4343 detrahere
3179 4300 3382 4358 posset.
3427 4289 3687 4343 Hortatur
3714 4302 3776 4345 ut

2210 4392 2307 4433 nec
2335 4379 2708 4448 episcoporum
2742 4377 2969 4441 exsiliis,
3006 4394 3105 4433 nec
3135 4381 3276 4449 quod
3309 4381 3613 4449 proditores
3647 4396 3781 4435 non-

2210 4470 2340 4525 nulli
2376 4486 2439 4525 ex
2472 4472 2587 4539 ipso
2634 4470 2781 4525 clero
2826 4471 3104 4535 exstitere,
3150 4470 3284 4525 ﬁdes
3310 4488 3497 4527 eorum
3533 4473 3773 4537 vacillet,

538 4571 657 4608 rum
694 4556 778 4610 his
804 4570 922 4625 qua:
952 4556 1003 4609 in
1034 4557 1323 4614 Occidente
1354 4572 1634 4629 perspecta
1677 4564 1941 4626 narrabit,
1972 4579 2098 4633 par-
2134 4568 2178 4624 υ
2207 4577 2306 4617 nec
2331 4576 2423 4616 eos
2451 4575 2643 4628 magna
2689 4558 2866 4628 populi
2897 4557 3184 4612 multitudo
3213 4568 3413 4614 terreat
3446 4580 3459 4614 :
3492 4576 3596 4614 non
3625 4565 3775 4616 enim

539 4648 635 4701 tim
673 4649 1029 4702 excitaturum
1054 4687 1071 4713 ,
1096 4657 1149 4702 et
1178 4660 1437 4718 quantum
1481 4654 1646 4707 studii
1680 4670 1766 4708 res
1811 4668 2105 4722 praesentes

539 4740 837 4806 requirant,
868 4739 1398 4807 demonstraturum;
1441 4756 1504 4797 ac
1539 4743 1663 4797 inde
1688 4745 1885 4813 colligo
1911 4746 2105 4800 Dama-

538 4842 655 4881 sum
678 4843 842 4896 opera
866 4829 1091 4883 duorum
1117 4829 1326 4885 illorum
1349 4833 1784 4904 presbyterorum
1810 4837 2103 4905 aequiorem

536 4918 737 4973 factum
761 4933 879 4973 esse
912 4919 1144 4975 Meletio.
1185 4921 1321 4977 Hinc
1345 4934 1488 4979 tanta
1524 4926 1709 4979 laetitia
1739 4927 1975 4981 exsultat
2004 4926 2102 4981 Ba-

536 5008 690 5063 silius
724 5024 829 5063 non
869 5010 1041 5064 solum
1101 5011 1155 5065 in
1204 5014 1427 5081 epistola
1476 5017 1541 5070 ad
1590 5017 1934 5087 presbyteros
1984 5018 2103 5071 An-

540 5102 839 5164 tiochenos,
879 5102 973 5155 sed
1012 5101 1174 5155 etiam
1234 5106 1285 5157 in
1329 5106 1450 5160 aliis
1493 5108 1731 5173 duabus,
1775 5124 1965 5177 nempe
1997 5126 2101 5164 una

538 5191 609 5248 ad
636 5190 909 5262 Pelagium
945 5192 1340 5260 Laodicenum,
1368 5198 1537 5253 altera
1567 5200 1633 5253 ad
1665 5201 1840 5255 Vitum
1864 5201 2102 5256 Carrho-

538 5292 659 5336 mm
697 5283 1031 5353 episcopum,
1065 5285 1260 5355 quibus
1300 5288 1430 5354 quid
1473 5298 1653 5342 actum
1686 5303 1830 5345 esset
1861 5292 1913 5345 in
1943 5291 2103 5347 Occi-

539 5374 699 5429 dente
727 5390 820 5443 per
842 5390 899 5429 se
924 5376 1034 5445 ipse
1060 5393 1168 5432 non
1187 5389 1427 5447 enarrat,
1452 5382 1549 5435 sed
1574 5380 1930 5439 Sanctissimo
1945 5400 2105 5439 enar-

541 5469 767 5520 randum
799 5468 1072 5535 relinquit.

610 5552 777 5607 Miror
810 5554 1203 5611 Tillemontium
1234 5559 1332 5615 has
1369 5570 1479 5617 tres
1512 5562 1772 5631 epistolas
1796 5564 1862 5619 ad
1902 5580 2101 5620 annum

537 5642 643 5698 575
678 5643 897 5698 referre.
932 5646 1082 5702 Tunc
1123 5652 1339 5721 quidem
1378 5653 1428 5706 in
1454 5652 1728 5708 Orientem
1777 5656 1936 5710 rediit
1967 5658 2105 5711 San-

539 5732 834 5797 ctissimus,
865 5736 1085 5792 minime
1112 5755 1240 5795 vero
1266 5756 1331 5794 ex
1352 5741 1665 5808 Occidente,
1695 5746 1789 5799 sed
1823 5760 1887 5799 ex
1912 5746 2105 5800 Arme-

543 5825 653 5888 nia.
691 5825 742 5877 in
790 5840 951 5895 quam
993 5830 1193 5887 visendi
1229 5833 1423 5889 Mcletii
1476 5852 1636 5891 causa
1671 5846 1910 5891 venerat.
1953 5836 2100 5892 Prae-

613 5937 691 6005 υτ)
718 5933 814 6005 Ep.
840 5935 967 5991 255.

2210 4653 2427 4715 nomina
2459 4666 2613 4718 esse,
2648 4665 2767 4719 qua:
2795 4665 2893 4704 nos
2920 4649 3097 4704 salvos
3131 4647 3374 4715 faciunt,
3412 4652 3504 4705 sed
3530 4656 3779 4723 proposia

2205 4754 2315 4799 tum
2360 4744 2527 4798 animi
2562 4753 2617 4797 et
2658 4741 3035 4807 dilectionem;
3084 4756 3183 4797 nec
3234 4742 3631 4798 multitudinem
3666 4748 3773 4801 sal-

2206 4840 2356 4903 vari,
2394 4839 2487 4893 sed
2518 4837 2719 4892 electos
2747 4836 2863 4891 Dei.
2915 4834 3138 4892 Videtur
3168 4835 3394 4891 Basilius
3442 4835 3772 4897 Frontonem

2206 4946 2414 4998 notare,
2444 4949 2565 4989 cum
2596 4932 2903 5000 proditores
2932 4945 2997 4987 ex
3039 4933 3155 5001 ipso
3193 4931 3337 4985 clero
3380 4942 3599 4986 exertos
3624 4948 3776 4989 com-

2205 5035 2487 5079 memorat.
2520 5023 2655 5079 Tota
2684 5023 2909 5093 epistola
2938 5024 3370 5091 persecutionem
3399 5023 3465 5078 ad
3501 5040 3773 5079 summam

2203 5117 2554 5169 acerbitatem
2589 5116 2904 5183 pervenisse
2936 5116 3193 5168 declarat.

2278 5205 2364 5261 Vl.
2414 5206 2571 5259 Anno
2611 5206 2715 5261 “576
2763 5215 2996 5260 exeunte
3036 5206 3095 5261 S.
3123 5206 3454 5276 Epiphanius
3483 5207 3710 5260 clericos
3742 5221 3775 5259 e

2205 5310 2302 5348 sua
2336 5294 2573 5348 Ecclesia
2604 5311 2724 5347 cum
2776 5296 2969 5348 litteris
3004 5295 3071 5348 ad
3108 5294 3365 5349 Basilium
3401 5297 3567 5349 misit.
3606 5293 3772 5349 Dolo-

2206 5402 2319 5440 rem
2363 5402 2520 5440 suum
2552 5387 2887 5456 significabat
2913 5424 2929 5453 ,
2982 5387 3126 5455 quod
3165 5386 3491 5440 dissiderent
3528 5388 3671 5439 inter
3714 5400 3775 5441 se

2205 5478 2403 5533 fratres
2441 5480 2636 5533 montis
2664 5479 2887 5532 Elaeenis
2929 5480 3044 5533 sive
3069 5476 3345 5534 Olivarum
3373 5520 3387 5543 ,
3426 5491 3590 5546 seque
3633 5492 3773 5529 nova

2206 5571 2583 5624 nonnullorum
2636 5581 2937 5624 commenta
2975 5571 3394 5641 deprehendisse
3417 5609 3432 5633 ,
3477 5584 3540 5623 ac
3565 5569 3632 5623 de
3668 5568 3776 5623 illis

2206 5664 2554 5715 emendandis
2615 5663 3029 5717 sollicitudinem
3088 5662 3395 5728 suscepisse
3463 5660 3771 5713 nuntiabat.

2208 5749 2455 5803 Basiliam
2482 5753 2720 5819 rogabat,
2747 5762 2805 5804 ut
2828 5751 2893 5803 ad
2924 5752 3018 5803 has
3047 5750 3479 5818 perturbationes
3503 5748 3775 5830 sedandae

2210 5842 2581 5895 auctoritatem
2610 5857 2761 5896 suam
2811 5843 3199 5898 interponeret.
3232 5841 3365 5894 Illud
3395 5838 3558 5893 etiam
3590 5837 3773 5893 Basilii
