4038 6462
1671 395 1830 452 VITA
1872 395 1932 452 S.
1972 393 2241 449 BASILll.

3389 404 3545 447 caus

300 513 714 588 cnrisdignum
749 512 1063 582 judicabat,
1108 522 1162 569 ut
1207 512 1529 569 dissidentes
1565 512 1876 568 Catholicos
1906 524 1950 575 Α
1979 510 2388 565 sollicitudinem
2414 508 2493 561 his
2520 508 2583 562 de
2606 509 2756 563 rebus
2783 516 3118 577 susceperat,
3153 513 3333 576 atque,
3360 514 3417 559 ut
3442 506 3554 575 ipse

303 606 670 663 Antiochenos
721 606 788 661 ad
841 606 1187 661 concordiam
1241 604 1585 660 adduceret:
1642 617 1869 673 quorum

297 700 367 753 de
401 697 627 753 dissidio
683 697 764 753 sic
806 695 1126 766 loquebatur
1161 696 1515 765 Epiphanius,
1566 704 1623 749 ut
1652 708 1873 749 necesse

295 803 423 845 esse
467 796 734 844 statueret
782 794 892 841 tres
950 786 1268 857 hypostases
1314 785 1579 842 confiteri.
1633 786 1870 839 Alteram

296 879 624 947 adjunxerat
672 877 989 948 epistolam,
1037 876 1093 930 in
1137 891 1240 946 qua
1272 876 1455 934 Basilii
1486 879 1552 934 de
1588 876 1873 945 Mugnszeis

296 971 627 1025 sententiam
657 970 1050 1025 sciscitabatur.

369 1061 587 1117 Gratias
630 1061 680 1115 ei
724 1062 835 1128 agit
863 1060 1127 1126 Basilius,
1161 1059 1306 1128 quod
1338 1075 1404 1115 eo
1453 1068 1691 1127 tempore
1714 1100 1730 1125 ,
1765 1075 1875 1128 quo

298 1155 591 1211 refrixerat
636 1155 916 1218 charitas,
984 1168 1282 1224 omnesque
1328 1154 1579 1209 omnibus
1636 1153 1870 1221 quodam

300 1248 465 1304 modo
506 1248 738 1317 suspecti
778 1257 973 1311 erant,
1009 1255 1065 1302 et
1095 1248 1176 1302 sui
1210 1246 1581 1312 meminisset,
1612 1257 1666 1301 et
1698 1253 1777 1299 tot
1806 1260 1869 1298 ac

296 1337 468 1391 tantis
499 1337 727 1391 marium
769 1344 825 1388 et
869 1343 1139 1390 terrarum
1175 1335 1361 1403 spatiis
1387 1334 1686 1402 disjunctus
1720 1351 1869 1390 sum-

300 1443 449 1482 mam
498 1426 662 1482 animi
707 1426 1146 1497 conjunctionem
1175 1426 1547 1497 signiﬁcasset.
1577 1424 1682 1480 Sed
1704 1441 1873 1482 onera

298 1519 404 1574 sibi
430 1518 499 1573 ab
523 1533 587 1573 eo
618 1517 864 1587 imposita
887 1559 902 1583 ,
945 1527 1002 1571 ut
1028 1517 1229 1571 viribus
1259 1516 1373 1573 suis
1408 1516 1610 1583 majora
1632 1558 1647 1583 ,
1684 1518 1875 1586 depreo

298 1620 478 1665 catur.
527 1608 647 1663 .lam
674 1610 818 1663 enim
850 1624 907 1664 se
942 1610 1227 1680 scripsisse
1261 1609 1501 1665 Palladio
1529 1620 1583 1664 et
1609 1611 1873 1664 Innocen-

299 1704 398 1765 ιῖο,
432 1702 697 1771 integrum
726 1701 827 1756 sibi
858 1716 960 1755 non
988 1716 1112 1756 esse
1161 1702 1283 1757 fidei
1316 1700 1547 1757 Nicaeum
1580 1702 1870 1771 quidquam

298 1794 519 1848 addere.
554 1792 683 1861 ane
708 1804 886 1849 autem
912 1796 977 1849 de
1002 1794 1379 1849 lncarnatioue
1412 1795 1627 1848 adtexta
1659 1792 1873 1846 fuerant

1983 612 2168 655 narrat
2213 600 2326 672 (α),
2362 599 2590 655 Vitalem
2636 601 2702 654 ad
2751 609 3065 657 accuratam
3109 597 3376 669 dogmatis
3425 612 3553 651 con-

1982 689 2268 747 fessionem
2300 701 2354 745 et
2378 692 2444 745 ad
2470 691 2813 746 concordiam
2850 705 2970 744 cum
3005 688 3235 743 Paulino
3264 687 3550 741 inenndam

1980 782 2230 838 hortatus
2266 782 2460 837 fuerat.
2503 780 2647 839 Orta:
2673 783 2756 838 his
2794 784 2860 837 de
2891 783 3049 837 rebus
3091 784 3260 836 turba:
3287 782 3339 836 in
3374 789 3552 835 monte

1983 874 2196 929 Elmnne
2235 886 2289 929 et
2326 874 2448 929 aliis
2490 874 2540 929 in
2574 876 2741 939 locis,
2771 873 2865 928 sed
2896 884 3072 927 tamen
3102 874 3300 926 malum
3333 872 3550 929 insana-

1982 966 2090 1021 bile
2120 981 2225 1021 non
2255 966 2538 1022 videbatur
2587 963 2910 1036 Epiphanio,
2943 978 3005 1020 ac
3040 964 3293 1019 Basilium
3329 966 3551 1037 rogabat

1982 1065 2040 1111 ut
2072 1058 2366 1112 remedium
2406 1055 2646 1113 afferret.

2054 1150 2179 1205 Husc
2211 1160 2392 1206 autem
2421 1151 2649 1207 miriﬁce
2678 1160 2984 1221 congruunt
3015 1166 3157 1206 anno
3180 1150 3284 1205 576
3309 1152 3549 1207 exeunti.

1980 1240 2228 1296 Nondum
2258 1244 2403 1296 enim
2430 1244 2710 1298 ordinatus
2738 1254 2857 1297 erat
2888 1241 3079 1299 Vitalis
3106 1258 3246 1297 anno
3271 1243 3396 1309 575,
3424 1258 3550 1300 eum

1983 1333 2194 1389 Damasi
2256 1334 2464 1389 litteras
2515 1336 2727 1405 accepit
2782 1335 3042 1389 Paulinus
3104 1335 3247 1390 circa
3312 1349 3551 1389 mensem

1982 1425 2377 1495 Septembrem.
2408 1427 2477 1481 At
2512 1428 2610 1482 hoc
2644 1427 2853 1482 facinus
2879 1428 3229 1482 commissum
3257 1437 3397 1491 erat,
3430 1443 3551 1483 eum

1983 1516 2042 1570 S.
2077 1515 2411 1586 Epiphanius
2467 1516 2810 1573 Antiochiam
2858 1517 3037 1582 venit;
3084 1532 3191 1587 quo
3239 1532 3306 1571 ex
3362 1518 3551 1573 itincrc

1984 1616 2232 1667 reversus
2272 1619 2410 1675 erat,
2455 1626 2578 1667 cum
2612 1613 2831 1682 scripsit
2866 1613 2930 1666 ad
2968 1612 3239 1667 Basilium.
3277 1613 3541 1684 Apollina-

1981 1701 2046 1754 rii
2075 1711 2255 1760 autem
2289 1701 2547 1766 haeresis,
2576 1703 2678 1757 etsi
2716 1705 2768 1757 in
2808 1702 2889 1758 his
2916 1702 3128 1758 Damasi
3173 1705 3240 1759 ad
3270 1702 3549 1759 Paulinum

1980 1792 2194 1858 litteris,
2222 1809 2285 1849 ac
2313 1795 2483 1850 multo
2514 1804 2655 1858 ante,
2689 1810 2879 1867 nempe
2914 1812 3057 1851 anno
3084 1796 3208 1864 562,
3240 1798 3291 1851 in
3324 1797 3550 1854 concilio

300 1886 428 1942 huic
470 1886 713 1942 formula:
736 1927 751 1951 ,
786 1902 848 1940 ea
901 1885 1133 1942 Basilius
1165 1904 1263 1942 ncc
1297 1886 1702 1941 esaminaverat
1722 1925 1735 1946 ,
1779 1899 1876 1939 nec
1908 1880 1949 1936 Β
1980 1883 2348 1939 Alexandrino
2372 1884 2653 1947 damnata,
2683 1886 2786 1942 etsi
2820 1887 2888 1942 ab
2914 1888 3209 1943 Athanasio
3238 1889 3291 1943 in
3323 1890 3550 1960 epistola

298 1988 624 2047 receperat;
671 1988 954 2047 propterea
998 1979 1139 2047 quod
1174 1976 1453 2031 metuebat
1485 1990 1550 2028 ne
1576 2015 1592 2041 ,
1623 1975 1667 2028 si
1710 1974 1877 2029 semel

297 2084 328 2122 a
359 2068 483 2124 fidei
508 2070 853 2138 simplicitate
886 2070 1215 2133 discedatur,
1246 2068 1425 2122 nullus
1454 2066 1566 2137 jam
1596 2066 1737 2121 foret
1767 2068 1877 2122 dis-

298 2162 523 2231 putandi
553 2162 677 2216 linis
699 2200 714 2224 ,
752 2175 816 2215 ac
849 2159 1235 2229 simpliciorum
1268 2160 1464 2214 anima:
1511 2160 1875 2225 turbarentur,

296 2261 427 2311 dum
466 2255 588 2309 fidei
618 2252 903 2308 formulam
936 2251 1117 2321 augeri
1149 2251 1354 2306 vident.

370 2349 525 2416 Quod
554 2354 766 2416 spectat
788 2345 853 2399 ad
884 2344 1164 2400 dissidium
1195 2345 1614 2412 Antiochenum,
1640 2348 1878 2404 declarat

296 2441 533 2497 Basilius
574 2454 636 2495 se
686 2440 950 2495 hactenus
996 2454 1119 2495 cum
1169 2439 1381 2496 Meletin
1422 2442 1874 2509 communicasse,

293 2546 621 2604 semperque
671 2548 792 2587 cum
839 2548 906 2589 eo
957 2531 1050 2588 Dei
1100 2533 1275 2603 gratia
1325 2536 1874 2601 communicaturum,

295 2636 587 2697 propterea
649 2626 793 2695 quod
839 2627 1049 2695 primus
1101 2626 1201 2680 sub
1231 2626 1551 2682 Constantio
1584 2628 1876 2698 egregium

293 2731 577 2776 certamen
607 2734 705 2787 pro
737 2719 839 2772 fide
872 2716 1135 2781 certavit,
1186 2717 1408 2787 ejusque
1440 2720 1875 2775 communionem

295 2812 368 2869 ab
397 2812 557 2868 initio
586 2811 940 2867 (laesariensis
967 2809 1207 2865 Ecclesia
1258 2808 1509 2877 amplexa
1540 2822 1662 2875 est;
1703 2812 1876 2881 ipsum

293 2906 464 2961 etiam
493 2903 851 2958 Athanasium
893 2918 1015 2957 cum
1063 2917 1129 2956 eo
1162 2902 1570 2957 communicare
1616 2903 1873 2969 voluisse,

295 2996 394 3052 sed
429 2997 627 3071 rem-in
665 2994 810 3050 aliud
846 3004 1057 3064 tempus
1101 2994 1282 3064 pravis
1312 2996 1696 3052 nonnullorum
1732 3011 1875 3050 con-

294 3090 440 3146 siliis
469 3091 692 3145 dilatam
739 3078 939 3153 fuisse;
996 3103 1184 3144 eorum
1214 3098 1394 3145 autem
1427 3092 1518 3160 qni
1571 3098 1691 3158 post
1715 3088 1879 3143 Mele-

295 3183 434 3237 tium
457 3191 740 3245 venerant,
773 3167 974 3236 nullius
1008 3196 1068 3236 se
1100 3181 1388 3236 admisisse
1414 3180 1875 3247 comnnmiouem,

294 3290 408 3331 non
438 3271 582 3344 quod
633 3273 884 3344 indignos
914 3273 1205 3342 judicaret,
1256 3272 1349 3327 sed
1383 3273 1509 3342 quia
1539 3272 1673 3328 nihil
1714 3273 1879 3330 hahe-

293 3366 429 3431 bat,
459 3379 557 3420 cur
589 3364 861 3422 Heletium
904 3366 1323 3431 condemnaret;
1375 3363 1557 3436 itaque
1601 3364 1778 3422 facere
1821 3381 1880 3421 se

295 3474 407 3517 non
437 3472 597 3529 posse
630 3468 689 3513 ut
734 3458 800 3513 ad
831 3473 926 3515 eos
953 3458 1174 3514 scribat.
1210 3458 1477 3516 Caeterum
1511 3458 1877 3529 Epiphaniam

298 3552 509 3618 laudat,
542 3551 685 3621 quod
727 3561 838 3605 tres
883 3550 1203 3621 hypostases
1231 3549 1478 3604 conﬁteri
1513 3563 1735 3604 necesse
1760 3563 1880 3604 esse

293 3645 578 3702 existimet
607 3660 622 3698 :
650 3644 809 3712 eique
836 3644 1100 3713 originem
1139 3651 1193 3697 et
1222 3642 1465 3695 instituta
1491 3639 1876 3713 Magttsteorum

296 3735 544 3805 expetiit.
606 3733 826 3789 Summa
869 3734 1050 3789 Basilii
1117 3735 1395 3790 humilitas
1440 3733 1617 3790 elucet
1674 3736 1728 3791 in
1778 3734 1880 3791 hac

293 3826 529 3898 epistola
565 3843 581 3882 :
620 3827 893 3883 hominem
937 3842 997 3882 se
1042 3827 1242 3884 nullius
1278 3828 1434 3900 pretii
1474 3828 1561 3897 (η.
1596 3829 1650 3898 1)
1700 3836 1878 3896 vocat,

296 3927 358 3975 et
406 3919 461 3974 in
511 3920 753 3989 peccatis
805 3919 898 3991 (η.
936 3919 1001 3991 2)
1052 3922 1362 3988 viventem,
1418 3921 1623 3991 quique
1675 3922 1879 3977 verita-

299 4010 369 4067 tis
390 4011 700 4081 dogmatum
728 4013 964 4067 nondum
998 4011 1251 4066 idonemn
1276 4022 1561 4067 assecutus
1593 4027 1769 4068 usum.

370 4100 527 4158 Hanc
550 4103 835 4172 epistolam
881 4104 948 4159 ad
992 4119 1192 4159 annum
1222 4103 1327 4157 576
1362 4112 1648 4160 exeuntem
1692 4102 1881 4159 referi-

295 4209 453 4260 mus,
476 4192 604 4264 quia
642 4207 766 4248 cum
807 4195 923 4250 haec
965 4195 1228 4250 scriberet
1260 4193 1521 4258 Basilius,
1548 4195 1660 4264 jam
1692 4196 1881 4250 Antio-

296 4286 439 4343 chia:
465 4284 837 4357 episcopatum
864 4284 1058 4341 Vitalis
1094 4286 1390 4350 invaserat,
1417 4285 1528 4356 jam
1556 4287 1746 4341 turbas
1771 4288 1881 4341 cie-

295 4378 393 4434 bat
422 4379 607 4448 pravis
635 4375 984 4445 opinionibus
1007 4378 1389 4447 Apollinarius,
1428 4377 1664 4433 nondum
1701 4389 1878 4434 tamen

295 4468 553 4524 heresim
585 4482 738 4523 suam
766 4466 946 4537 palam
975 4474 1030 4521 et
1056 4478 1245 4534 aperte
1276 4469 1624 4538 prmdicabat.
1659 4465 1878 4523 Nullius

1980 1977 2046 2030 ad
2090 1975 2385 2045 Epictetum
2433 1993 2574 2031 anno
2610 1977 2714 2033 569
2765 1981 2977 2050 egregie
3027 1980 3299 2036 coitfulata
3348 1983 3546 2048 fuera:,

1981 2084 2086 2123 non
2121 2079 2297 2124 tamen
2325 2070 2466 2125 illius
2487 2079 2676 2125 auctor
2704 2072 2953 2140 prodibat
2980 2072 3370 2140 Apollinarius.
3407 2072 3538 2130 Cum

1981 2156 2212 2214 Basilius
2241 2172 2553 2215 accusatum
2579 2160 2711 2215 vidit
2741 2162 2807 2215 a'b
2838 2160 3123 2216 Eustathio
3152 2162 3544 2233 Apollinarium

1980 2266 2120 2306 anno
2148 2252 2287 2318 375,
2326 2253 2522 2309 mirum
2554 2254 2604 2308 id
2645 2253 2694 2309 ei
2730 2254 2903 2309 visum
2937 2263 3055 2321 est;
3098 2270 3370 2325 nunquam
3404 2256 3550 2312 enim

1980 2347 2046 2401 de
2074 2360 2139 2400 eo
2160 2346 2452 2415 quidquam
2488 2348 2733 2403 audierat
2758 2347 3047 2415 ejusmodi.
3083 2347 3189 2405 Nec
3225 2358 3403 2405 tamen
3433 2350 3551 2405 haec

1978 2437 2289 2493 criminatio
2320 2438 2387 2493 ad
2418 2438 2842 2495 lncarnationem
2876 2443 3185 2509 spectabat,
3219 2442 3311 2495 sed
3338 2442 3405 2496 ad
3430 2440 3550 2496 Tri-

1980 2529 2230 2586 nitatem.
2286 2530 2339 2585 In
2390 2531 2652 2602 epistolis,
2690 2548 2826 2602 quas
2870 2532 3087 2604 scripsit
3133 2531 3363 2589 Basilius
3405 2548 3549 2589 anno

1979 2619 2085 2673 575
2110 2632 2162 2674 et
2201 2620 2327 2684 576.
2360 2631 2418 2675 ut
2452 2622 2650 2675 famam
2684 2638 2837 2676 suam
2875 2624 2941 2675 ab
2970 2622 3234 2677 Eustathii
3268 2622 3549 2679 calumniis

1981 2711 2282 2766 vindicaret
2311 2753 2327 2779 ,
2362 2712 2605 2769 declarat
2633 2728 2693 2768 se
2725 2729 2844 2767 cum
2876 2714 3235 2782 Apollinario,
3270 2732 3368 2772 nec
3396 2731 3549 2773 com—

1980 2804 2268 2869 munione,
2325 2818 2424 2859 nec
2476 2806 2739 2859 sententia
2798 2805 3143 2873 conjunctnm
3211 2822 3330 2863 esse
3384 2827 3399 2863 :
3451 2811 3545 2865 sed

1978 2894 2115 2950 alios
2144 2911 2171 2947 a
2200 2910 2258 2950 se
2302 2911 2407 2950 non
2456 2897 2732 2966 propulsat
2762 2913 2994 2965 errores,
3031 2909 3228 2970 praeter
3264 2914 3378 2965 eos,
3415 2916 3550 2972 quos

1979 2985 2081 3051 ipsi
2119 2985 2430 3042 Eustathius
2460 2986 2766 3055 alllnxerat,
2828 2988 2953 3043 dum
2997 2991 3046 3044 ei
3091 2991 3249 3061 impia
3294 2993 3548 3061 quaedam

1977 3073 2301 3143 Apollinarii
2333 3075 2479 3131 dicta
2505 3077 2756 3133 attribuit
2783 3078 2857 3149 (ὁ)
2883 3118 2899 3143 ,
2925 3094 3156 3151 eumque
3184 3082 3253 3137 ab
3281 3081 3541 3153 Apollina-

1982 3166 2065 3220 rio
2100 3166 2294 3221 librum
2347 3168 2414 3223 de
2454 3167 2658 3238 Spiritu
2689 3181 2876 3225 sancto
2920 3171 3139 3242 petiisse
3167 3173 3443 3227 mentitur.
3493 3173 3549 3227 In

1980 3256 2205 3326 cpistola
2229 3256 2334 3310 24⁸5
2364 3258 2602 3313 Orientis
2648 3260 2784 3313 mal'a
2832 3269 3085 3316 accurate
3125 3261 3548 3318 describuntur:

1982 3356 2037 3400 at
2068 3346 2208 3400 tmlla
2251 3362 2473 3416 prorsus
2506 3350 2569 3404 de
2598 3349 2971 3408 lncarnatioue
2999 3352 3222 3409 haeresis
3262 3362 3381 3408 orta
3417 3370 3549 3409 nun.

1984 3438 2164 3494 tiatur.
2206 3439 2385 3507 Quare
2438 3444 2659 3499 hzeresis
2696 3444 3013 3515 Apollinarii
3062 3447 3238 3515 palam
3270 3454 3323 3500 et
3365 3455 3548 3516 aperte

1981 3548 2085 3588 non
2119 3534 2320 3606 erupit,
2367 3536 2469 3590 nisi
2515 3546 2637 3606 post
2672 3538 2808 3592 hanc
2834 3537 3190 3594 Orientalium
3224 3540 3505 3611 epistolam
3534 3560 3549 3596 :

1981 3639 2084 3681 nec
2113 3626 2339 3695 proinde
2384 3628 2609 3699 epistola
2656 3630 2723 3686 ad
2757 3630 3113 3703 Epiphanium
3140 3673 3155 3698 ,
3206 3649 3328 3705 quae
3366 3634 3549 3693 multis

1978 3721 2090 3792 jam
2125 3723 2281 3779 rebus
2314 3737 2436 3794 post
2462 3735 2705 3781 exortam
2737 3728 2987 3783 haeresim
3015 3730 3219 3801 scripta
3250 3742 3355 3798 est,
3391 3731 3549 3790 citius

1984 3814 2294 3869 collocanda
2327 3831 2470 3871 anno
2496 3817 2601 3871 376
2635 3830 2890 3875 exeunte.

2051 3906 2353 3977 Antequam
2384 3908 2669 3979 Epiphanii
2729 3912 2938 3969 litteras
2981 3917 3253 3986 acciperet
3296 3918 3548 3989 Basilius,

1983 3999 2117 4054 alias
2165 4010 2451 4070 acceperat
2486 4001 2557 4074 (c)
2601 4017 2631 4059 a
2660 4002 2904 4060 Palladio
2934 4017 2987 4062 et
3018 4006 3330 4065 Innocentio
3354 4010 3535 4082 degen-

1982 4092 2125 4145 tibus
2152 4091 2205 4146 in
2238 4095 2566 4149 monasterio
2605 4098 2803 4152 montis
2835 4098 3113 4155 Olivarum
3136 4140 3151 4165 ,
3193 4102 3245 4155 in
3296 4118 3406 4172 quo
3438 4102 3546 4158 dis-

1980 4184 2283 4239 sensionem
2310 4186 2546 4256 aliquam
2574 4192 2942 4243 commoverat
2968 4190 3188 4246 Ita-resis
3205 4192 3547 4263 Apollinarii.

1984 4273 2219 4345 Rogatus
2246 4278 2314 4333 ab
2341 4278 2420 4333 eis
2445 4278 2697 4343 Basilius,
2735 4290 2794 4335 ut
2831 4296 2890 4336 se
2921 4283 2971 4335 in
3001 4284 3432 4353 paciﬁcationem
3472 4288 3543 4343 in-

1980 4374 2310 4438 terponerel,
2343 4384 2405 4425 ac
2428 4369 2662 4426 Nicaeum
2694 4372 2811 4425 fidei
2845 4372 3045 4442 aliquid
3079 4375 3146 4430 'de
3174 4374 3545 4435 lncarnatioue

1980 4458 2285 4514 addendum
2323 4461 2697 4527 constitueret,
2727 4462 2830 4516 hoc
2864 4480 3003 4521 onus
3038 4468 3311 4536 suscipere
3356 4468 3545 4525 noluit.

294 4568 497 4623 σκιειη,
527 4558 705 4628 inquit
735 4559 987 4626 Basilius,
1017 4574 1083 4613 απ
1116 4559 1179 4611 ii.
1201 4561 1293 4629 qui
1322 4570 1502 4629 ροειεα
1536 4559 1873 4627 inminui,
1906 4574 1954 4635 υ
1979 4548 2113 4603 Cum
2145 4551 2288 4605 enim
2319 4552 2369 4606 id
2398 4568 2508 4623 pra:
2551 4568 2759 4608 summa
2812 4554 3118 4611 humilitate
3158 4556 3544 4616 altius'intelli-

293 4650 720 4709 communionem
769 4667 1002 4721 unquam
1047 4650 1396 4715 admisimus,
1454 4668 1557 4706 non
1597 4653 1737 4722 quod
1786 4668 1873 4705 eos

1978 4644 2159 4711 gentia
2190 4658 2285 4698 sua
2314 4645 2562 4710 ducebat,
2598 4656 2708 4698 tum
2752 4646 2915 4701 etiam
2950 4648 3257 4717 verebatur,
3290 4666 3357 4707 ne
3394 4653 3545 4707 novis

289 4745 592 4817 iudicemus
628 4742 895 4813 indignos,
936 4746 1027 4798 sed
1056 4742 1195 4815 quod
1231 4742 1362 4796 nihil
1406 4744 1691 4799 habeamus
1737 4744 1873 4798 unde
1971 4736 2169 4807 iurgiis
2226 4740 2449 4793 materia
2494 4741 2747 4805 daretur,
2798 4757 2861 4796 ac
2915 4742 3304 4813 simpliciorum
3357 4746 3545 4802 anima

294 4840 436 4894 hunc
461 4835 779 4903 (Neletium)
799 4841 1221 4892 condemnemus.
1244 4833 1360 4890 Jam
1381 4851 1511 4907 ergo
1530 4849 1726 4907 praeter
1746 4839 1874 4893 Pan-

292 4934 465 4989 linum
504 4946 678 4989 novus
720 4928 917 4999 aliquis
960 4931 1021 4987 S.
1049 4929 1264 4987 Mcletio
1302 4941 1694 4999 supervenerat
1726 4948 1874 4989 com-

292 5023 500 5098 petitor
524 5063 541 5090 ,
581 5038 743 5094 quem
782 5035 903 5078 cum
953 5021 1187 5079 Basilius
1229 5024 1540 5093 episcopatu
1594 5024 1870 5094 indignum

294 5132 405 5175 non
435 5114 642 5184 judicet
666 5157 684 5184 ,
719 5114 858 5170 alius
891 5126 1015 5168 esse
1064 5129 1168 5169 non
1212 5116 1453 5181 videtur,
1490 5128 1650 5181 quam
1684 5114 1872 5170 Vitalis

292 5212 536 5271 nondum
569 5212 623 5266 in
670 5211 859 5268 haeresi
912 5208 1087 5280 palam
1122 5210 1462 5265 obiirmatus.
1500 5206 1688 5277 Neque
1726 5208 1870 5263 enim

292 5316 389 5362 aut
418 5306 485 5362 de
511 5303 715 5359 Euzoio
748 5302 826 5358 sic
879 5302 1092 5357 locutus
1134 5301 1324 5358 fuisset
1368 5301 1633 5366 Basilius,
1674 5310 1768 5355 aut
1809 5300 1874 5356 de

292 5397 416 5470 ipso
442 5395 601 5450 Vitali
634 5405 754 5466 post
778 5393 1123 5449 manifestum
1153 5394 1373 5450 hzercsis
1398 5392 1724 5450 incendium.
1753 5391 1871 5448 Non

291 5491 537 5547 latebant
569 5487 933 5560 Epiphanium
971 5504 1088 5558 qua!
1122 5505 1154 5542 a
1186 5488 1451 5544 nonnullis
1491 5486 1627 5541 male
1664 5488 1877 5556 excogi-

293 5596 431 5648 tata,
462 5596 655 5653 nempe
693 5583 760 5639 ab
784 5581 1137 5654 Apollinario,
1172 5584 1364 5653 fratres
1392 5580 1826 5637 conturbauerunt
1851 5596 1868 5635 :

368 5766 451 5829 (η)
493 5763 698 5818 Barea.
730 5761 820 5823 77,
847 5776 899 5815 c.
924 5757 1013 5815 20.

370 5832 449 5907 (ὁ)
488 5834 588 5905 Ep.
614 5830 743 5900 2H,
778 5848 834 5887 n.
859 5830 913 5887 3.

581 5927 852 5991 Panos.
889 5928 1007 5989 GI.
1047 5921 1284 5985 XXIX.

1981 4833 2135 4887 novis
2185 4833 2347 4887 rebus
2402 4833 2727 4889 introductis
2774 4834 3123 4891 laederentur.
3174 4836 3546 4894 Caeterum.“

1978 4939 2166 4995 pacem
2189 4939 2282 4979 eos
2307 4924 2650 4982 hortabatur.
2677 4926 2781 4982 Sed
2799 4943 2920 4983 cum
2944 4928 3092 4982 illius
3114 4926 3363 4998 cpistola,
3386 4946 3544 5003 quam

1978 5016 2285 5081 amisimus,
2318 5034 2422 5071 non
2447 5020 2670 5073 multum
2696 5020 3078 5088 promovisset,
3110 5020 3305 5075 iterum
3333 5021 3399 5076 ad
3424 5037 3543 5077 eum

1979 5110 2314 5180 scripserunt
2341 5110 2686 5168 Innocentius
2729 5124 2784 5169 et
2812 5112 3082 5169 Palladius
3122 5112 3314 5168 iisdem
3347 5113 3413 5167 de
3455 5127 3539 5168 re-

1979 5204 2098 5270 bus,
2136 5221 2241 5261 non
2275 5206 2393 5261 sine
2419 5206 2601 5277 aliqua
2639 5206 2988 5261 excusatione
3014 5208 3157 5277 quod
3187 5210 3253 5263 ad
3286 5221 3410 5261 eum
3439 5222 3543 5262 non

1979 5299 2248 5354 venirent.
2280 5297 2533 5353 Libenter
2569 5299 2647 5354 eis
2690 5299 2915 5355 remittit
2938 5298 3168 5355 Basilius
3196 5299 3354 5369 lmjus
3384 5299 3525 5355 itiner

1980 5390 2055 5444 ris
2088 5389 2349 5456 laborem,
2385 5398 2444 5443 ut
2474 5390 2780 5446 hominibus
2808 5390 2992 5445 labore
3028 5406 3281 5446 manuum
3317 5392 3540 5446 viventi-

1978 5485 2078 5541 bus
2105 5486 2625 5556 perincommodum,
2648 5484 2915 5555 simulque
2939 5485 3177 5541 dolorem
3201 5499 3356 5539 suum
3387 5484 3523 5554 signi

1980 5577 2129 5643 fleat,
2172 5578 2319 5649 quod
2374 5580 2427 5633 in
2468 5576 2804 5635 concilianda
2836 5591 2969 5647 pace
3002 5590 3191 5647 parum
3233 5572 3524 5647 profecerit

2052 5756 2125 5827 (c)
2166 5756 2263 5827 Ep.
2295 5754 2424 5821 ess,
2464 5773 2516 5811 ιι.
2541 5758 2595 5811 2.
