4038 6460
467 405 536 446 ct.
1841 382 2078 441 PROLEt

2182 382 2383 438 “ENA.

476 504 542 557 Et
579 520 719 571 pacis
757 502 989 567 quidem,
1039 500 1234 569 inquit,
1284 517 1487 569 semper
1524 501 1699 569 optaui
1740 499 2051 554 conciliator
2083 503 2125 558 Α
2155 500 2309 553 silius
2329 498 2548 569 quinam
2583 497 2636 553 in
2665 496 2928 561 Ecclesia,
2964 497 3015 550 in
3056 511 3162 566 qua
3192 498 3418 569 degebat
3454 500 3730 567 Urbicius,

476 616 607 662 esse,
642 598 731 654 sed
762 596 1069 664 re.infecta,
1102 610 1327 657 niteret);
1361 594 1619 662 quomodo
1645 593 1777 647 enim
1807 608 1908 645 non
1939 607 2055 643 mm-

478 709 643 746 rerem
669 694 695 744 Ρ
736 690 887 755 Quali
918 698 1094 741 autem
1127 704 1193 740 ex
1224 701 1419 756 genere
1454 684 1526 738 sit
1559 684 1824 739 dissensio
1861 685 1913 737 in
1943 700 2057 739 mo-

479 784 725 840 nasterio
757 782 846 836 illo
869 791 1057 837 exorta
1084 780 1391 849 perspicere
1422 792 1713 848 possumus
1736 794 1799 831 ex
1824 777 1912 831 his
1942 791 2059 845 quae

481 883 824 943 sequuntur:
865 872 970 927 Sed
1010 883 1181 925 tamen
1213 888 1273 923 ea
1324 887 1485 923 causa
1528 886 1833 923 succensere
1864 870 2059 922 nemini

482 982 731 1035 possum,-
770 982 885 1018 cum
914 967 1074 1017 sciant
1112 964 1257 1031 pacis
1288 963 1476 1016 bonum
1511 962 1629 1032 jam
1668 961 1793 1015 olim
1840 979 1872 1015 a
1914 963 2060 1015 nobis

483 1074 595 1111 esse
630 1057 919 1110 sublatum.
968 1054 1079 1109 Non
1109 1055 1186 1109 sic
1235 1054 1447 1107 loeutus
1492 1052 1684 1107 fuisset
1715 1052 1983 1116 Basilius,
2017 1053 2059 1107 si

486 1150 751 1221 ejusmodi
779 1148 1024 1203 homines
1045 1162 1231 1201 errore
1252 1146 1568 1215 Apollinarii
1601 1145 1784 1201 infecti
1812 1145 2059 1200 fuissent.

487 1241 603 1297 Non
637 1241 781 1296 enim
834 1248 1082 1308 negasset
1122 1252 1180 1292 se
1232 1237 1336 1291 illis
1369 1252 1696 1292 succensere
1732 1252 1930 1305 posse:
1970 1237 2062 1291 sed

489 1334 640 1390 illius
670 1331 947 1387 lenitatem
979 1330 1102 1382 inde
1130 1337 1304 1381 ortam
1335 1338 1482 1397 puto,
1515 1332 1655 1395 quod
1676 1326 2062 1394 Apollinarium

485 1426 712 1495 ejusque
745 1420 1002 1475 nonnulla
1042 1420 1183 1473 dicta
1228 1418 1307 1472 sic
1346 1417 1727 1483 defenderent,
1765 1430 1822 1470 ιιι
1851 1427 2068 1471 senten-

494 1518 581 1572 tia!
610 1516 930 1586 pravitatem
964 1513 1185 1567 minime
1211 1522 1593 1580 sequerentur.
1640 1511 1783 1565 Idem
1815 1510 1930 1564 fere
1964 1509 2067 1564 sibi

489 1606 736 1664 evenisse
782 1613 1010 1661 testatur
1039 1604 1375 1672 Epiphanius
1407 1599 1505 1670 (a),
1539 1610 1829 1667 antequam
1860 1597 2068 1668 Apolli-

489 1699 631 1757 narii
685 1698 935 1753 haeresim
984 1706 1255 1765 cognitam
1313 1702 1367 1747 et
1420 1701 1755 1761 perspectam
1821 1691 2063 1745 haberet.

490 1795 724 1851 Credere
770 1791 1001 1848 malebat
1050 1790 1195 1844 illius
1246 1790 1388 1843 dicta
1453 1787 1631 1841 minus
1680 1794 1936 1841 accurate
1983 1799 2067 1838 re-

493 1884 667 1949 ferri,
727 1898 883 1952 quam
945 1880 1209 1937 absurdos
1264 1891 1481 1931 errores
1535 1884 1685 1931 tanto
1735 1874 1853 1930 viro
1906 1873 2063 1929 attri-
2098 1859 2138 1914 Β

492 1974 681 2029 buere.

570 2068 679 2123 VII.
717 2067 871 2122 Circa
904 2066 1007 2121 hoc
1044 2075 1253 2134 tempus
1282 2065 1530 2135 Optimus
1558 2063 1859 2118 Antiochiae
1888 2062 1940 2117 in
1974 2062 2066 2117 Pi-

495 2161 635 2216 sidia
668 2162 973 2229 episcopus,
1005 2156 1257 2212 Basilium
1282 2155 1553 2210 consuluit
1574 2156 1642 2210 de
1665 2155 1751 2209 his
1775 2152 2070 2222 Scriptura!

499 2256 677 2312 verbis
706 2273 719 2309 :
754 2253 938 2309 Omnis
960 2254 1047 2322 qui
1076 2252 1320 2305 occiderit
1354 2249 1531 2315 Cain.,
1561 2260 1663 2304 etc.
1704 2246 1811 2318 (b);
1841 2247 1969 2302 item
2004 2246 2070 2301 de

488 2347 754 2401 .Lamechi
792 2347 857 2397 ad
888 2358 1083 2398 uxores
1115 2352 1168 2397 et
1195 2342 1478 2414 Symeonis
1508 2344 1573 2396 ad
1609 2341 1833 2396 Mariam
1867 2340 2067 2396 verbis.

500 2439 823 2494 Numeratur
855 2436 1103 2505 Optimus
1131 2451 1159 2487 a
1187 2435 1529 2488 Theodoreto
1559 2432 1631 2505 (c)
1659 2435 1799 2488 inter
1823 2444 2073 2488 strenuos

498 2531 624 2587 ﬁdei
678 2530 1010 2593 defensores,
1064 2528 1221 2595 eique
1275 2544 1302 2579 a
1360 2527 1562 2596 synodo
1614 2526 1951 2580 mettmenica
1992 2540 2077 2579 se-

503 2602 680 2678 cunda
726 2622 866 2675 idem
913 2620 1085 2673 honos
1127 2618 1336 2671 delatus
1379 2629 1460 2671 est
1507 2632 1570 2671 ac
1617 2615 1860 2670 Helladio
1901 2617 2077 2671 Caesa-

506 2713 696 2779 riensi,
728 2710 992 2781 Gregorio
1033 2708 1278 2781 Nysseno
1304 2721 1356 2762 et
1394 2708 1516 2763 aliis
1554 2709 1844 2763 nonnullis.
1884 2709 2076 2762 Eluce-

504 2807 595 2860 bat
633 2803 711 2874 (η.
746 2805 797 2871 I)
839 2803 891 2857 in
924 2801 1070 2856 iilius
1105 2800 1171 2855 ad
1204 2800 1456 2855 Basiliqu
1494 2800 1691 2853 litteris
1720 2810 1773 2853 et
1799 2801 1865 2853 de
1894 2800 2079 2854 Eccle-

502 2897 603 2954 siis
633 2895 937 2951 sollicitudo
954 2903 1006 2946 et
1028 2892 1323 2959 Scripturae
1354 2891 1591 2959 legendae
1616 2892 1874 2946 studium.
1898 2892 2077 2958 Quare

505 2990 734 3046 Basilius
766 3001 959 3057 pueros
987 2987 1055 3040 ab
1084 3000 1147 3038 eo
1176 2986 1390 3046 missos,
1420 2997 1557 3052 quos
1586 2982 1717 3038 alias
1746 2985 1975 3038 libenter
2000 2986 2080 3036 vi-

508 3082 668 3138 debat
694 3090 912 3150 propter
931 3076 1177 3146 egregios
1198 3075 1408 3129 illorum
1444 3087 1643 3133 mores.
1664 3087 1725 3124 ac
1749 3087 1933 3125 eorum
1962 3087 2081 3126 cum

2157 590 2275 645 sani
2305 591 2437 651 sint,
2464 598 2523 642 ut
2554 590 2749 658 quibus
2780 588 3125 643 scribendum
3149 588 3221 643 sit
3253 592 3380 645 etin
3406 592 3601 660 quibus
3632 609 3725 645 ac—

2158 681 2542 748 quiescendum
2572 690 2884 751 cognoscat.
2919 679 3051 733 Cum
3089 692 3268 735 autem
3294 684 3556 739 audiisset
3593 700 3730 739 non-

2162 772 2333 826 nullos
2360 788 2423 825 ex
2472 772 2534 826 iis
2566 774 2656 840 qui
2700 788 2821 827 eum
2859 772 3080 827 Urbieio
3120 783 3296 838 erant,
3340 775 3505 829 Deum
3552 778 3729 846 ipsum

2163 864 2213 916 iu
2256 879 2481 917 carnem
2514 878 2829 918 conversum
2870 865 3068 929 dicere,
3114 864 3348 920 breviter
3376 881 3616 923 errorem
3652 886 3734 926 re-

2166 952 2323 1017 fellit,
2365 952 2750 1020 Urbiciumque
2787 953 3031 1007 hortatur
3055 962 3111 1006 ut
3142 954 3255 1008 haae
3282 955 3528 1022 impietas
3558 958 3735 1013 eccle-

2166 1044 2382 1098 siastica
2407 1044 2783 1098 emendatione
2816 1060 2919 1099 non
2949 1055 3154 1101 careat.
3187 1047 3261 1101 Ex
3302 1062 3407 1116 quo
3430 1048 3610 1116 colligi
3642 1066 3735 1118 po-

2168 1146 2270 1191 test
2300 1138 2441 1190 huue
2476 1135 2751 1191 Urbicium
2778 1138 2859 1191 vel
2899 1141 3209 1194 monasterii
3258 1141 3626 1209 praepositum,
3659 1143 3738 1197 rel

2164 1231 2342 1300 aliquo
2368 1230 2748 1285 ecclesiasticae
2786 1230 3059 1299 dignitatis
3089 1235 3254 1303 gradu
3297 1234 3576 1302 przeditum
3605 1234 3737 1289 fuis-

2166 1339 2243 1378 se.
2276 1321 2442 1376 Nemo
2471 1333 2557 1375 est
2586 1323 2675 1390 qui
2714 1338 2817 1377 nou
2844 1324 3025 1377 videat
3048 1325 3099 1378 in
3128 1327 3229 1379 hac
3256 1336 3309 1379 et
3336 1326 3599 1393 superiori
3625 1327 3738 1395 epi-

2166 1414 2301 1469 stola
2348 1414 2667 1483 Apollinarii
2718 1426 3026 1469 commenta
3078 1416 3322 1470 damnari
3369 1432 3515 1471 :uec
3544 1417 3739 1472 mirum

2168 1507 2333 1560 videri
2367 1507 2524 1561 debet
2570 1506 2614 1560 si
2665 1522 2768 1561 non
2811 1522 2950 1561 unus
2986 1516 3040 1561 et
3073 1506 3210 1561 idem
3248 1524 3403 1563 error
3432 1511 3484 1564 in
3511 1521 3741 1581 utraque

2169 1598 2391 1668 epistola
2424 1599 2722 1654 refellatur.
2779 1598 2976 1655 Narrat
3025 1601 3167 1654 enim
3216 1601 3546 1672 Epiphanius
3576 1604 3655 1675 (I)
3684 1621 3742 1660 se

2170 1690 2311 1744 inter
2348 1691 2664 1761 Apollinarii
2709 1704 3010 1749 sectatores
3057 1708 3307 1762 magnam
3347 1699 3743 1752 sententiarum

2171 1784 2492 1839 varietatem
2525 1786 2882 1853 perspexisse.

2704 1897 2929 1953 CAPUT
2954 1897 3213 1955 XXXVII.

2170 1985 2209 2042 I.
2240 1989 2532 2042 Dorotheus
2572 2000 2617 2041 et
2650 1989 3033 2044 Sanctissimus
3062 1992 3279 2046 Runtam
3306 1993 3493 2047 iterum
3528 1995 3745 2051 mittim-

2240 2068 2349 2112 tur.
2390 2059 2451 2133 II.
2479 2060 2599 2112 Non
2624 2063 2867 2133 ridentur
2887 2064 3171 2133 coniecisse
3197 2066 3334 2133 quod
3359 2065 3617 2131 precipue
3643 2067 3750 2120 illis

2241 2130 2565 2203 propositum
2609 2139 2743 2203 erat.
2782 2129 3111 2203 III.7Laadavt
3149 2129 3382 2187 Basilius
3427 2129 3749 2203 confessores

2242 2197 2525 2267 Egyptios
2548 2202 2683 2265 quod
2716 2202 3095 2267 Apollinarium
3123 2204 3505 2258 damnaverint.
3531 2197 3620 2260 IV.
3655 2206 3750 2260 Re-

2247 2269 2521 2337 preltendit
2548 2270 2683 2330 quod
2718 2269 3086 2324 Marrelliunos
3124 2276 3192 2325 ait
3218 2278 3633 2330 communionem
3665 2293 3750 2330 re-

2242 2340 2493 2407 ceperint.
2543 2338 2601 2390 ν.
2637 2337 2950 2405 liepreltensi
2996 2345 3151 2394 etiam
3190 2346 3337 2407 [nere
3376 2363 3409 2398 a
3446 2345 3751 2401 PetroAle-

2248 2408 2514 2483 {amitino
2559 2409 2627 2461 ad
2674 2425 2827 2483 quem
2876 2411 3053 2483 scribit
3104 2411 3338 2468 Basilius
3389 2433 3469 2483 ep.
3496 2417 3623 2472 266.
3662 2416 3749 2472 VI.

2248 2479 2601 2533 Exantinntur
2627 2477 2696 2531 an
2725 2478 2848 2543 jure
2870 2477 3098 2533 Basilius
3126 2483 3312 2535 dixerit
3349 2477 3656 2543 Marcellum
3690 2505 3754 2542 ea:

2254 2549 2496 2622 Ecclesia
2522 2537 2741 2622 exiisse:
2759 2548 3133 2622 Quotentpore
3154 2551 3280 2622 ﬁdei
3303 2537 3562 2622 confes-sie
3574 2537 3755 2612 lii/rb:

2252 2623 2405 2694 nasia
2430 2620 2607 2694 oblata
2631 2637 2661 2671 a
2690 2619 3074 2694 Marcelliani;
3104 2621 3219 2694 _\"II.
3258 2619 3410 2694 Petri
3443 2629 3667 2694 querelis
3692 2634 3756 2683 de

2250 2690 2517 2743 Dorotheo
2539 2692 2809 2758 respondet
2835 2689 3071 2743 Basilius
3097 2692 3152 2743 in
3176 2693 3360 2745 eadem
3384 2689 3623 2763 epistola.

2250 2804 2289 2857 I.
2342 2801 2639 2859 Dorotheus
2694 2812 2745 2856 et
2810 2802 3197 2858 Sanetissimus
3250 2805 3573 2876 presbyteri,
3623 2826 3759 2879 quos

2180 2909 2321 2948 anno
2346 2892 2449 2949 576
2473 2896 2523 2947 in
2546 2894 2892 2949 Occidentem
2920 2896 3114 2950 missos
3140 2897 3307 2952 fuisse
3330 2908 3384 2952 et
3408 2899 3592 2953 eodem
3616 2917 3760 2956 anno

2183 2988 2407 3041 rediisse
2440 2988 2696 3049 diximus,
2727 3002 2832 3040 non
2856 2988 2945 3041 diu
2973 3004 3039 3042 ex
3073 2989 3334 3046 molestiis
3364 2992 3572 3047 itineris
3602 2994 3758 3063 quie-

2184 3087 2399 3141 verunt,
2429 3080 2523 3131 sed
2554 3080 2737 3131 statim
2772 3094 2938 3133 novus
2998 3080 3101 3134 illis
3140 3083 3513 3151 suscipiendus
3546 3084 3647 3139 fuit
3681 3088 3761 3141 la-

509 3174 725 3244 Optimo
771 3169 1259 3231 necessitudinem,
1315 3174 1446 3220 tunc
1502 3180 1566 3219 eo
1624 3164 1877 3219 libentius
1928 3164 2078 3227 vidit,
2111 3202 2156 3260 Ο
2190 3172 2308 3232 bcr,
2350 3182 2406 3224 ut
2434 3171 2701 3238 episcopis
2733 3171 2968 3223 Orientis
3014 3174 3324 3229 nuntiarent
3354 3191 3475 3244 quae
3514 3179 3566 3231 in
3606 3178 3757 3234 Occi-

510 3266 656 3335 quod
692 3264 834 3318 illius
868 3259 1153 3329 epistolam
1192 3258 1458 3313 terebant.

586 3353 857 3422 Scriptam
885 3350 1028 3405 hanc
1077 3348 1357 3416 epistolam
1384 3352 1504 3417 post
1532 3346 1781 3401 bteresim
1812 3346 2086 3416 Apollina-

516 3449 581 3502 rii
616 3446 869 3517 probant,
915 3456 1035 3511 quat
1062 3439 1130 3494 de
1180 3439 1479 3492 hzeresibus
1522 3439 1955 3492 Iucarnationem
1989 3454 2087 3507 op-

514 3553 757 3610 pugnare
782 3552 887 3590 non
920 3532 1261 3590 cessantibus
1295 3531 1566 3596 leguntur,
1604 3545 1753 3585 num.
1784 3529 1837 3585 8.
1871 3529 1982 3584 Iluc
2004 3546 2088 3585 ae-

515 3631 658 3685 eedit
686 3627 827 3696 quod
865 3639 1047 3679 senem
1084 3638 1141 3677 sc
1164 3636 1285 3676 esse
1318 3623 1449 3675 dicit
1482 3622 1733 3685 Basilius,
1761 3631 1814 3675 et
1849 3633 2088 3690 tempore

520 3739 585 3777 ac
618 3717 985 3777 imbecillitate
1008 3714 1250 3785 corporis
1278 3722 1331 3767 et
1362 3713 1704 3767 multitudine
1722 3712 2085 3776 aIIIiCtionum,

522 3830 643 3887 qua!
676 3812 919 3885 plurima:
950 3810 1001 3864 iu
1036 3824 1155 3863 eum
1185 3808 1471 3863 concitatae
1502 3806 1665 3858 vitam
1696 3803 1836 3857 illius
1860 3818 2090 3872 praegra-

521 3912 804 3965 vaverant,
835 3915 1183 3954 CillaI'CtllSSC.

591 3994 726 4050 VIII.
753 3994 885 4049 Cum
922 3990 1231 4060 Apollinarii
1273 3991 1493 4044 hmresis
1543 3990 1598 4043 in
1634 3990 1818 4045 urbem
1849 3986 2087 4056 Sozopo-

522 4091 746 4144 litanam
780 4095 1114 4158 penetrasset
1146 4099 1206 4139 ac
1235 4080 1824 4148 nonnullosinfecisset,
1858 4080 2090 4148 scripse-

522 4191 649 4238 runt
683 4196 747 4234 ea
770 4181 835 4234 de
868 4196 925 4234 re
954 4176 1316 4246 Sonpolitaui
1349 4174 1414 4227 ad
1439 4172 1497 4229 S.
1522 4172 1803 4237 Basilium,
1834 4175 1923 4240 qui
1965 4173 2085 4225 bre-

521 4275 661 4325 viter
697 4272 933 4340 quidem,
979 4270 1071 4324 sed
1122 4267 1336 4322 eximiis
1395 4264 1691 4320 rationibus
1739 4265 2087 4329 demonstrat,

522 4377 683 4435 quam
726 4361 1016 4417 absurdqu
1052 4359 1123 4415 sit
1148 4358 1417 4415 caelestem
1457 4355 1673 4412 Christo
1692 4370 1911 4410 carnem
1941 4353 2091 4409 alliu-

519 4470 665 4528 gere,
696 4463 751 4509 et
777 4454 1045 4509 humanos
1071 4450 1293 4507 affectus
1318 4452 1369 4505 in
1394 4452 1565 4520 ipsam
1592 4450 1929 4503 divinitatem
1956 4463 2087 4502 eon-

2187 3264 2345 3318 dettte
2386 3262 2634 3316 viderant
2672 3263 2767 3331 (g),
2805 3264 2987 3333 eisque
3019 3268 3403 3331 persuaderent
3438 3284 3633 3340 magno
3656 3281 3763 3326 stu-

2184 3353 2275 3408 dio
2308 3354 2595 3423 praesentia
2646 3354 2858 3420 negotia
2888 3353 3148 3422 indigere.
3183 3354 3315 3408 Nam
3347 3359 3446 3411 etsi
3489 3362 3762 3428 prolixam

2187 3447 2533 3502 succurrendi
2580 3446 2901 3501 voluntatem
2953 3446 3392 3515 signiticaverant
3448 3450 3764 3510 Occidenta-

2188 3541 2285 3607 les,
2311 3542 2497 3596 eadem
2540 3542 2831 3595 manebant
2852 3539 3091 3596 Orientis
3118 3540 3337 3595 vulnera
3365 3542 3465 3610 (In,
3494 3559 3593 3599 nec
3617 3548 3769 3615 quis-

2188 3647 2349 3700 quam
2386 3632 2585 3685 missus
2611 3647 2675 3685 ex
2704 3630 2997 3686 Occidente
3024 3631 3113 3700 qui
3147 3646 3211 3686 ea
3247 3644 3464 3688 sanaret
3498 3652 3512 3688 :
3547 3651 3646 3691 nec
3675 3637 3767 3692 lit-

2194 3734 2340 3787 εει-ξιξ,
2373 3738 2505 3789 quas
2534 3721 2907 3777 Occidentales
2935 3724 3129 3778 misere
3151 3740 3245 3793 per
3268 3723 3680 3783 Sauctissimum
3714 3744 3768 3787 et

2190 3811 2543 3876 Dorotheum,
2594 3827 2844 3880 magnum
2882 3815 3175 3868 remedium
3226 3817 3539 3876 attulerant.
3586 3822 3769 3887 Quare

2190 3902 2253 3975 (i)
2286 3918 2421 3957 nova
2459 3918 2593 3972 Opus
2626 3912 2745 3957 erat
2776 3904 3065 3973 legatione,
3107 3920 3168 3959 ac
3207 3910 3359 3962 novis
3387 3911 3767 3981 episeOporum

2190 3996 2701 4064 subseriptiouibus,
2737 4012 2964 4067 quarunt
3016 3995 3441 4067 colligendarutn
3491 4018 3653 4061 causa
3684 4009 3768 4062 vi-

2190 4090 2343 4145 detur
2394 4088 2783 4144 Sanetissimus
2841 4088 3117 4144 Orientem
3171 4105 3512 4161 peragrasse.
3567 4095 3767 4154 Iterum

2190 4196 2319 4251 ergo
2350 4181 2621 4247 prolectus
2670 4191 2753 4234 est
2798 4184 2848 4233 iu
2888 4178 3238 4236 Occidentem
3286 4199 3408 4239 eum
3469 4188 3765 4256 Dorotheo,

2191 4273 2471 4341 epistolam
2497 4271 2853 4328 Orientalium
2895 4268 3166 4340 deferens,
3198 4275 3252 4328 in
3300 4290 3405 4344 qua
3464 4288 3656 4347 rogant
3710 4293 3770 4336 ut

2194 4364 2405 4418 tandem
2439 4365 2728 4431 aliquando
2771 4362 3147 4435 mittantur(j)
3196 4368 3288 4435 qui
3310 4365 3587 4423 Orientem
3624 4371 3766 4428 invi-

2193 4468 2341 4521 sam;
2370 4456 2474 4523 vel,
2512 4456 2556 4509 si
2613 4454 2666 4507 id
2709 4453 2823 4509 fieri
2857 4470 2961 4510 non
3006 4466 3202 4526 potest,
3227 4457 3416 4511 saltem
3446 4461 3665 4519 veniant
3699 4469 3769 4521 ab

518 4548 682 4602 ferre.
707 4546 859 4601 Hane
886 4543 1166 4614 epistolam
1196 4548 1325 4600 citat
1352 4542 1611 4599 Leontius
1638 4543 1737 4613 (ά),
1768 4554 1822 4598 et
1849 4542 2087 4612 pluribus
2118 4547 2163 4602 D
2193 4547 2486 4604 Occidente
2509 4547 2724 4613 litterae,
2757 4564 2875 4619 quae
2902 4562 3154 4605 auctores
3195 4552 3456 4610 tumultus
3476 4565 3532 4610 et
3555 4568 3769 4625 perlur-

517 4638 654 4695 locis
692 4636 945 4706 Eulogius
980 4640 1075 4705 (e).

588 4728 840 4790 Urbicius
866 4728 1180 4793 monachus,
1212 4725 1350 4779 idem
1380 4725 1563 4795 procul
1594 4726 1776 4790 dubio,
1809 4740 1969 4796 quem
1993 4724 2091 4780 Ba-

521 4826 674 4883 silius
698 4838 841 4879 auno
872 4822 976 4877 575
1008 4821 1257 4877 exsilium
1296 4830 1617 4888 exspectans
1649 4820 1714 4873 ad
1748 4835 1805 4874 se
1840 4834 2089 4874 accerse-

520 4920 635 4988 bat,
667 4917 885 4988 scripsit
912 4916 978 4970 ad
1002 4914 1257 4969 Basilium
1292 4926 1397 4966 non
1422 4913 1539 4968 sine
1569 4913 1747 4982 aliqua
1784 4911 2090 4978 timiditate,

519 5022 581 5066 ut
613 5012 676 5067 ad
705 5010 877 5065 virum
909 5008 1048 5063 fama
1079 5015 1133 5061 et
1160 5007 1418 5076 dignitate
1446 5016 1809 5073 praestantem.
1836 5005 1941 5061 Sed
1969 5019 2091 5059 eum

520 5105 769 5161 hortatur
803 5103 1052 5169 Basilius,
1118 5110 1176 5154 ttt
1233 5100 1371 5155 hane
1426 5099 1867 5163 timiditatem.ex
1910 5101 2093 5155 animo

518 5196 723 5267 eiiciat,
753 5208 823 5249 ac
846 5209 988 5265 saepe
1011 5193 1076 5247 ad
1109 5208 1169 5247 se
1203 5192 1440 5257 scribat;
1480 5206 1653 5260 neque
1692 5193 1839 5247 enim
1882 5190 2092 5245 nescire

520 5304 580 5342 se
606 5286 883 5342 hominum
916 5283 1278 5354 praestantiam
1308 5298 1372 5337 es
1408 5285 1615 5339 timoris
1642 5284 1734 5338 Dei
1768 5284 1936 5356 gradu
1970 5297 2092 5351 pro-

523 5378 713 5443 tieisci,
741 5392 842 5433 uec
868 5377 1162 5447 quidquam
1197 5377 1475 5444 impedire,
1505 5377 1793 5445 quominus
1836 5390 1895 5429 se
1924 5375 2092 5444 major

523 5470 596 5526 sit
620 5469 895 5536 Urbicius,
928 5470 974 5523 si
1004 5468 1169 5522 Deum
1194 5468 1363 5537 magis
1391 5470 1596 5522 timeat.
1626 5467 1779 5523 Scire
1811 5466 1960 5535 cupit
1994 5465 2093 5521 Ba-

596 5586 677 5650 (a)
711 5585 914 5639 llaares.
950 5584 1039 5644 77,
1071 5600 1122 5650 p.
1147 5584 1273 5638 996.

600 5653 676 5720 (b)
712 5655 849 5706 Gen.
884 5668 961 5709 Iv,
992 5653 1079 5704 I5.

603 5719 675 5786 ie)
711 5720 856 5786 IIist.
890 5722 1072 5771 eccles.
1106 5720 1202 5773 lib.
1234 5736 1307 5778 tv,
1334 5734 1382 5769 c.
1416 5719 1508 5771 30,

632 5791 687 5853 ιι)
721 5786 783 5837 In
806 5785 1017 5837 Nestor.
1038 5796 1082 5836 et
1112 5786 1357 5853 Eutych“
1382 5802 1430 5850 p.
1460 5786 1617 5837 1000.

632 5793 687 5853 ιι)
721 5793 783 5837 In
806 5793 1017 5837 Nestor.
1038 5796 1082 5836 et
1112 5793 1357 5851 tamen“
1382 5802 1430 5850 p.
1460 5793 1617 5837 1000.

609 5793 684 5919 Ie)
723 5854 874 5906 Pltot.
925 5857 1042 5907 cod.
1068 5852 1194 5917 2'25,
1227 5869 1279 5921 p.
1312 5853 1436 5915 700,
1475 5855 1599 5918 801,
1631 5852 1754 5908 808.

2196 4643 2431 4698 batiunis
2460 4650 2667 4705 notent,
2705 4655 2906 4713 eosque
2938 4649 3016 4713 (η.
3038 4640 3093 4711 5)
3122 4642 3190 4697 ab
3233 4642 3475 4702 ecclesiis
3504 4653 3769 4704 arcendos

2197 4734 2513 4796 decernant,
2532 4731 2578 4786 si
2601 4732 2654 4789 in
2678 4735 2857 4804 pravis
2879 4733 3210 4788 novitatibus
3235 4749 3602 4804 perseverent.
3622 4740 3769 4795 Inter

2196 4838 2312 4891 eos,
2355 4822 2445 4891 qui
2483 4820 2755 4878 Orientem
2799 4824 3139 4892 perturbant,
3180 4824 3285 4879 duo
3326 4829 3643 4882 nominatim
3680 4845 3768 4886 re-

2196 4928 2486 4973 censentur
2528 4915 2841 4971 Eustathius
2887 4924 2942 4970 et
2995 4914 3381 4984 Apollinarius.
3436 4916 3767 4975 Referuntur

2192 5014 2362 5066 varia:
2406 5009 2674 5063 Eustathii
2711 5009 3036 5063 mutationes
3073 5012 3305 5079 partium
3349 5029 3363 5065 :
3394 5027 3517 5067 eum
3556 5015 3643 5078 iis,
3675 5032 3767 5085 qut

2193 5102 2661 5160 consubstantiale
2721 5103 3182 5159 anathematizant
3248 5104 3567 5173 coniunctus
3623 5122 3768 5175 esse,

2194 5210 2360 5267 seque
2389 5194 2999 5249 Pneumatomachorum
3053 5195 3275 5250 haeresis
3301 5197 3488 5251 ducem
3526 5201 3768 5268 praebere

2197 5286 2413 5343 dicitur.
2450 5284 2603 5339 Scire
2644 5294 2806 5339 avent
2844 5281 3151 5341 Orientales
3196 5287 3391 5356 quibus
3432 5289 3559 5343 olim
3584 5290 3757 5343 condi-

2201 5378 2434 5434 tionibus
2475 5392 2503 5430 a
2541 5374 2756 5431 Liberio
2789 5387 3072 5445 susceptus
3111 5379 3217 5443 sit;
3263 5388 3425 5448 atque
3467 5382 3579 5433 lucc
3618 5381 3768 5434 addi~

2203 5478 2291 5523 tur
2319 5484 2506 5532 causa,
2553 5482 2649 5521 cur
2689 5470 2758 5523 ad
2795 5482 2917 5521 eum
2959 5470 3357 5541 reprimendum
3397 5471 3768 5529 Occidentales

2264 5583 2347 5651 (ι’)
2376 5581 2702 5651 Haeres.‘77,
2738 5596 2790 5648 p.
2821 5580 2945 5636 996.

2270 5646 2344 5719 (gr
2385 5651 2482 5719 Ep.

2274 5717 2350 5785 (tt)
2384 5718 2481 5783 Ep.
2504 5717 2631 5776 eos,
2659 5733 2708 5767 n.
2744 5718 2795 5767 t.

2290 5784 2353 5851 (i)
2385 5785 2479 5847 Ep.
2514 5784 2620 5834 255
2650 5794 2704 5834 et
2734 5797 2887 5851 seqq.

2292 5852 2358 5917 ο)
2396 5852 2489 5919 Ep.
2513 5850 2638 5913 263,
2664 5864 2717 5902 n.
2750 5850 2803 5904 I.
