4038 6446
1639 404 1794 453 'I'IA

1934 405 2191 457 BASILII.
3408 426 3498 471 cu

263 510 641 564 auctoritatem
686 521 836 563 suam
903 509 1161 565 adhibere
1208 512 1461 578 debeant,
1510 514 1653 584 quod
1692 514 1831 569 unde
1858 517 1906 577 Α
1936 515 2071 572 ﬁcile
2092 520 2257 575 fuisse
2292 519 2555 575 Dorotheo
2586 538 2617 576 a
2660 538 2757 578 sua
2786 521 3007 579 lenitate
3040 540 3144 580 nou
3196 525 3498 593 discedere,

263 604 479 673 act-epit
522 598 771 655 ﬁduciam
802 604 868 655 ad
906 602 1310 659 subversionem
1347 605 1657 671 multorum,
1706 607 1830 661 inde

260 705 477 759 mquam
522 688 593 742 sit
629 690 1061 746 emendationem
1107 696 1308 749 venire.
1341 694 1659 763 Apollinarii
1683 712 1833 751 erro-

262 800 353 838 res
388 793 751 848 exponuntur.
789 782 1177 853 Perstriugitur
1212 786 1377 841 etiam
1400 788 1670 843 ordinatio
1697 790 1832 842 I’au-

260 875 356 928 lini
385 873 728 938 Autiocheni,
773 875 924 942 isque
966 888 1273 943 accusatur,
1316 879 1458 946 quod
1506 878 1557 933 in
1598 878 1831 936 Marcelli

258 979 503 1020 errorem
532 964 882 1037 propendeat,
913 982 978 1023 ac
1013 969 1155 1024 illius
1179 979 1472 1026 sectatores
1496 972 1613 1027 sine
1643 971 1832 1027 discri-

260 1054 409 1110 mine
437 1058 503 1109 ad
532 1055 962 1112 communionem
998 1060 1269 1112 admittat.

332 1144 393 1201 ll.
430 1148 545 1202 Non
590 1146 797 1200 videtur
824 1147 936 1204 hare
971 1150 1168 1217 legatio
1209 1165 1495 1222 prosperos
1530 1152 1707 1206 exitus
1736 1151 1835 1206 ha-

259 1236 467 1295 buisse.
504 1236 606 1292 Vix
644 1238 859 1307 quidem
904 1240 1123 1294 dubium
1155 1250 1256 1306 est,
1288 1245 1415 1313 quin
1446 1244 1833 1312 persecutionis

255 1328 624 1396 descriptione
650 1338 704 1385 et
738 1340 815 1384 tot
839 1328 1099 1383 malorum
1128 1330 1289 1387 ﬂebili
1312 1336 1492 1402 specie
1514 1334 1678 1389 corda
1705 1336 1831 1389 teti-

258 1423 456 1492 get-int.
487 1419 651 1476 Forte
680 1424 839 1477 etiam
881 1421 946 1475 de
982 1419 1266 1477 Eustathiu
1298 1434 1352 1478 et
1380 1425 1708 1493 Apollinario
1735 1427 1834 1480 int-

259 1523 565 1582 petrarunt,
620 1525 677 1568 ut
734 1522 963 1584 uterque
999 1517 1473 1571 condemnaretur.
1525 1516 1725 1571 Saltem
1770 1519 1834 1574 de

257 1605 590 1673 Apollinario
620 1606 824 1662 scimus
841 1623 960 1661 eum
988 1607 1041 1660 in
1069 1609 1270 1677 synodo
1300 1609 1536 1663 Romana
1564 1608 1661 1679 (a),
1700 1625 1834 1676 pra:-

258 1707 415 1751 sente
456 1698 617 1751 Petro
644 1697 1031 1761 Alexandrino,
1079 1699 1390 1753 damnatum
1433 1697 1623 1753 fuisse.
1665 1698 1834 1755 Prelio

258 1802 386 1843 1am
425 1786 851 1842 Occidentalium
886 1790 1211 1845 voluntatem
1242 1791 1595 1858 perspicimus
1616 1792 1668 1847 in
1701 1809 1831 1863 quo-

258 1879 383 1931 dam
422 1875 723 1945 fragmento
756 1879 943 1948 synodi
1006 1877 1280 1931 Romamn.
1337 1874 1616 1943 Caeterum,
1665 1880 1834 1948 inquit
1866 1880 1908 1936 B

258 1967 523 2037 synodus,
550 1969 688 2039 quod
726 1972 793 2022 ad
832 1968 1165 2022 removendus
1207 1977 1388 2023 vestra:
1424 1970 1718 2022 dilectionis
1748 1972 1832 2022 in-

253 2060 450 2128 jurias,
487 2077 580 2115 nec
610 2061 777 2129 frater
812 2069 986 2113 noster
1024 2058 1320 2114 Dorotheus
1363 2060 1631 2137 presbyter
1660 2060 1827 2127 expli-

256 2167 379 2204 care
408 2152 582 2203 omnia
623 2150 863 2203 vivaciter
913 2151 1291 2220 prtetermittit,
1339 2166 1431 2203 nec
1469 2151 1634 2204 nostri
1663 2152 1828 2219 nisus,

258 2252 314 2293 ut
344 2242 454 2306 ipse
481 2241 624 2294 testis
646 2251 741 2309 est,
769 2243 1067 2311 defuerunt.

324 2335 397 2390 At
418 2337 684 2407 praecipue
721 2337 1048 2407 propositum
1080 2344 1199 2388 erat
1232 2334 1442 2406 legatis,
1484 2342 1542 2390 ut
1571 2334 1830 2392 Occiden-

257 2427 331 2481 tis
359 2428 587 2497 gratiam
629 2443 691 2481 ac
717 2427 954 2480 favorem
1003 2435 1193 2481 sancto
1223 2425 1433 2481 Meletio
1454 2428 1827 2483 conciliarent.

252 2515 393 2571 Cum
431 2518 572 2571 enim
610 2517 742 2569 nihil
770 2515 1071 2572 Antiochiae
1100 2518 1329 2573 Basilius
1362 2518 1437 2588 (b)
1472 2520 1524 2572 in
1554 2521 1683 2573 orhe
1718 2530 1827 2573 ter-

253 2624 439 2661 rarum
496 2607 835 2676 prmferebat,
898 2622 1068 2675 eaque
1116 2608 1181 2661 ad
1206 2608 1549 2662 concordiam
1602 2610 1827 2663 adducta

255 2708 493 2755 racteras
529 2698 802 2754 Ecclesias
840 2696 995 2753 facile
1038 2710 1285 2754 sanatum
1327 2701 1389 2754 iri
1424 2700 1664 2769 putabat,
1719 2712 1828 2755 tum

248 2807 383 2847 vero
425 2792 723 2848 Dorotheus
762 2801 817 2847 et
856 2790 1245 2847 Sanctissimus
1288 2792 1427 2846 hanc
1480 2792 1817 2857 potissimum

251 2886 632 2955 proﬁciscendi
665 2900 884 2940 causam
914 2884 1217 2939 habuerunt
1270 2885 1365 2956 (ε),
1394 2885 1533 2954 quod
1577 2884 1828 2940 Paulinus

252 2975 454 3031 litteris
489 2976 656 3030 Roma
687 2976 923 3043 acceptis
952 2976 1150 3028 mirum
1194 2976 1247 3028 in
1280 2976 1493 3028 modum
1524 2975 1821 3032 elferretur.

254 3066 451 3119 Statim
501 3081 564 3120 ac
608 3066 782 3119 allata:
830 3065 1047 3118 fuerunt
1098 3065 1439 3120 Antiochiam
1498 3066 1580 3119 Ine
1640 3065 1831 3120 littera:

251 3157 451 3226 (allata:
492 3165 669 3209 autem
705 3153 919 3210 fuerunt
948 3168 1089 3207 anno
1112 3152 1237 3216 575,
1272 3154 1416 3208 circa
1462 3154 1824 3220 autumnum),

252 3247 556 3301 DorOtheus
612 3247 837 3301 Romam
885 3245 1141 3315 cogitavit
1188 3243 1291 3315 lx),
1339 3259 1404 3300 ac
1447 3246 1830 3301 Sanetissimus

253 3339 327 3409 (e)
367 3340 642 3396 Orientem
684 3351 975 3408 peragrare
1002 3335 1188 3405 coepit,
1220 3352 1284 3390 ac
1323 3338 1749 3409 subscriptiones
1777 3348 1833 3394 et

254 3431 466 3486 litteras
494 3431 767 3501 colligere.
792 3428 1022 3491 Laetitia,
1066 3442 1226 3496 quam
1257 3428 1488 3484 Basilius
1528 3444 1712 3484 eorum
1743 3445 1831 3485 re-

251 3526 365 3580 ditu
394 3525 635 3594 percepit
665 3535 806 3576 anno
840 3518 943 3575 576
970 3529 1291 3589 argumento
1332 3529 1416 3576 est
1470 3530 1598 3577 tunc
1633 3521 1831 3576 Iloma—

250 3632 382 3674 num
414 3615 721 3685 pontiﬁcem
758 3630 863 3669 non
902 3616 1137 3673 alienum
1170 3632 1200 3671 a
1234 3614 1451 3670 Meletio
1479 3615 1716 3668 animum
1752 3616 1829 3669 si-

245 3708 558 3778 gniﬁcasse.
600 3706 669 3761 At
702 3707 937 3762 secunda
990 3708 1185 3779 legatio
1218 3719 1472 3777 prospere
1502 3720 1605 3758 non
1642 3706 1830 3760 cessit.

249 3799 385 3854 Nam
419 3815 541 3854 cum
574 3797 771 3855 Meletii
808 3814 1026 3854 causam
1050 3799 1366 3853 defenderet
1407 3797 1710 3851 Dorotheus
1740 3810 1833 3849 co-

248 3905 365 3943 ram
424 3892 655 3944 Damaso
699 3899 753 3943 et
807 3890 965 3944 Petro
1016 3889 1417 3951 Alexandrino,
1477 3897 1693 3941 sanctus
1735 3886 1824 3940 ille

248 3982 448 4050 praisul
478 3994 583 4033 uua
610 3995 731 4033 cum
765 3990 954 4035 sancto
989 3980 1221 4035 Eusebio
1253 3980 1394 4034 inter
1415 3977 1697 4034 hatreticos
1724 3992 1828 4031 uu-

251 4081 497 4128 meratus
522 4080 625 4139 est,
670 4071 849 4140 idque,
909 4083 968 4126 ut
1014 4071 1353 4141 conjicimus,
1399 4070 1467 4125 ab
1510 4071 1623 4139 ipso
1669 4068 1829 4123 Petro

246 4163 637 4219 Alexandrino.
670 4163 785 4218 Non
828 4162 947 4217 tulit
980 4163 1279 4218 Dorothetts
1321 4171 1526 4217 tantum
1556 4159 1726 4219 nefas.
1767 4174 1830 4213 ac

248 4255 594 4311 stomachum
630 4270 787 4310 suum
833 4256 1009 4322 erupit
1045 4255 1096 4307 in
1135 4255 1372 4317 Petrum,
1403 4251 1495 4321 qui
1540 4264 1659 4302 cum
1692 4250 1830 4316 apud

251 4345 517 4401 Basiliam
560 4356 892 4416 conquestus
923 4356 1086 4407 esset,
1131 4344 1212 4398 sic
1256 4343 1303 4396 ei
1354 4343 1637 4409 reSpoudet
1683 4339 1831 4392 Basi-

247 4437 357 4493 lius
378 4436 456 4509 (Ῐ)
490 4450 506 4488 :
537 4435 648 4490 Nos
670 4448 844 4491 autent
882 4439 935 4489 in
968 4436 1234 4490 tristitiam
1274 4433 1490 4503 conjecit
1530 4432 1696 4501 frater
1722 4428 1829 4483 Do-

245 4528 481 4594 rotluus,
505 4528 665 4597 quod,
695 4537 750 4579 ut
778 4529 885 4595 ipse
913 4528 1190 4595 scripsisti,
1216 4542 1319 4579 non
1343 4526 1517 4577 omnia
1544 4522 1735 4575 leniter
1777 4531 1824 4574 et

246 4624 521 4669 mansuete
542 4614 735 4667 dixerit
759 4617 1005 4681 dignitati
1029 4627 1150 4670 tua'.
1178 4617 1341 4679 Atque
1362 4614 1415 4665 id
1435 4610 1668 4681 equidem
1694 4620 1823 4662 tem-

244 4721 433 4775 porum
466 4705 700 4757 attribuo
742 4705 1061 4773 diﬂicultuti.
1101 4704 1294 4757 Videor
1333 4704 1467 4756 enint
1514 4700 1640 4751 mihi
1678 4697 1825 4750 nulla

246 4797 305 4850 in
329 4812 387 4849 re
414 4796 477 4849 ob
499 4812 615 4849 mea
643 4807 855 4865 peccata
898 4813 1169 4865 prosperos
1196 4792 1384 4847 habere
1407 4806 1677 4844 successus
1710 4805 1728 4841 .'
1755 4791 1826 4843 si-

246 4889 456 4958 quidem
476 4889 702 4956 fratrum
726 4889 907 4958 optimi
934 4906 1035 4941 non
1061 4887 1450 4956 comperiantur
1476 4883 1636 4945 lenes,
1670 4896 1828 4949 neque

247 4982 320 5035 ad
344 4981 582 5034 obeunda
603 4997 820 5034 munera
862 4980 1057 5044 idonei,
1079 4995 1138 5033 eo
1162 4978 1301 5048 quod
1338 4992 1403 5030 ea;
1430 4990 1542 5028 mea
1574 4974 1827 5026 sententia

252 5089 357 5127 non
383 5073 561 5126 omnia
600 5084 871 5143 peragunt.
921 5072 1014 5127 I‘Iis
1046 5071 1220 5125 verbis
1252 5070 1386 5122 satis
1427 5066 1630 5121 indicat
1671 5064 1820 5118 Basi-

254 5165 359 5219 lius
414 5164 736 5231 legationem
771 5166 837 5218 ad
864 5174 1075 5234 optatos
1131 5162 1308 5215 exitus
1343 5160 1657 5230 perductam
1711 5172 1817 5210 non

251 5254 465 5309 fuisse:
501 5268 717 5308 causam
754 5264 931 5309 autem
964 5252 1138 5321 rejicit
1162 5249 1377 5320 quidem
1405 5251 1455 5301 in
1493 5247 1821 5300 Dorotheum

250 5359 314 5399 sc
346 5359 443 5399 sua
481 5343 647 5412 ipsius
683 5356 900 5412 peccata
945 5385 961 5401 .
999 5345 1092 5396 sed
1139 5351 1316 5395 tamen
1354 5340 1405 5392 in
1447 5339 1531 5393 his
1572 5352 1690 5405 qua:
1729 5352 1814 5390 se-

248 5442 491 5503 quuntur
512 5448 620 5486 nou
648 5434 766 5489 sine
791 5434 1053 5503 perpolito
1083 5430 1328 5486 acumine
1360 5429 1693 5482 demonstrat
1720 5422 1820 5477 dif-

346 5680 398 5745 ό)
432 5681 526 5749 Ep.
556 5680 646 5744 66,
681 5698 735 5735 ιι.
760 5682 812 5737 2.

344 5750 397 5885 σζ
423 5751 589 5819 Epist.
617 5750 739 5806 216.

344 5824 376 5873 tl
422 5819 520 5885 Ep.
546 5820 670 5874 2I5.

343 5611 397 5677 a)
429 5610 643 5665 Damus.
672 5611 830 5680 epist.
868 5612 949 5667 Η.

317 5611 398 5752 ξίν)
427 5681 526 5752 Ep.
556 5680 646 5752 66,
681 5698 735 5752 n.
760 5682 812 5737 2.

318 5753 397 5885 (eg
423 5753 589 5819 Epist.
617 5753 670 5803 21

314 5824 376 5883 (cf
422 5819 520 5887 Ep.
546 5820 670 5874 2I5.

1933 623 2051 663 eum
2087 622 2193 665 tam
2232 611 2473 680 iniquum
2510 612 2694 669 Petrus
2741 616 2807 669 de
2832 614 3043 669 Melctio
3072 628 3126 672 et
3155 617 3387 675 Eusebio
3415 619 3501 688 ju-

1933 704 2127 758 dicium
2186 704 2370 759 ferret.
2428 703 2685 770 Quamvis
2728 720 2909 763 autem
2960 706 3336 766 OCcitIcntales
3392 728 3497 767 non

1936 804 2137 849 tantum
2194 798 2251 852 S.
2284 795 2496 851 Mcletio
2542 798 2776 853 favorem
2827 803 3191 866 exhibueriut,
3238 814 3498 872 quantum

1933 896 2170 951 optasset
2223 889 2494 955 Basilius;
2550 892 2940 949 constituerunt
3004 906 3182 948 tamen
3220 898 3502 968 episcopos

1935 979 2145 1033 mittere
2174 982 2224 1034 in
2254 982 2551 1048 Orientem,
2592 984 2679 1052 qui
2704 997 2987 1052 sequestres
3037 1002 3081 1042 et
3112 989 3299 1041 arbitri
3321 992 3499 1057 refun-

1934 1070 2137 1137 dendte,
2162 1078 2211 1126 si
2237 1074 2352 1139 ﬁeri
2402 1088 2596 1145 posset,
2635 1076 2777 1142 pacis
2808 1076 3130 1145 exsisterent,
3162 1090 3221 1134 ttt
3273 1079 3501 1149 legimus

1939 1162 1991 1215 in
2046 1164 2274 1232 epistola
2326 1168 2540 1222 concilii
2601 1168 2957 1237 Aquileiensis
3002 1173 3067 1223 ad
3125 1175 3499 1241 imperatores,

1935 1268 2054 1321 qua:
2082 1267 2166 1310 est
2190 1256 2505 1314 duodecima
2538 1262 2680 1315 inter
2714 1260 3120 1316 Ambrosianus.
3169 1262 3273 1318 Sed
3302 1265 3501 1321 ibidem

1935 1346 2036 1401 hoc
2092 1349 2376 1405 consilium
2422 1353 2560 1407 bello
2606 1353 2837 1410 Gothico
2881 1354 3280 1424 interpellatum
3334 1358 3502 1413 fuisse

1934 1438 2215 1495 discimus.

2004 1532 2057 1588 In
2103 1530 2334 1601 quodam
2390 1532 2574 1588 codice
2636 1538 3000 1606 manuscripto
3036 1547 3327 1592 aunotatur
3365 1542 3502 1595 hanc

1937 1630 2221 1700 epistolam
2258 1630 2475 1686 missam
2508 1645 2613 1684 non
2655 1629 2839 1696 fuisse,
2877 1633 3016 1685 unde
3041 1634 3243 1705 colligit
3269 1634 3499 1691 Combe-

1936 1722 2085 1778 fisius
2113 1722 2365 1778 Basilium
2409 1733 2649 1778 mutasse
2676 1724 2958 1778 consilium
2997 1725 3139 1793 quod
3176 1727 3497 1788 intenderat,

1935 1814 2003 1867 ob
2028 1830 2087 1868 ea
2125 1830 2243 1881 quae
2274 1817 2339 1869 de
2380 1815 2603 1871 Paulino
2644 1816 2821 1870 minus
2862 1816 3157 1871 honorifice
3186 1817 3240 1870 in
3270 1817 3373 1873 hac
3396 1821 3503 1887 epi-

1938 1905 2072 1959 stola
2101 1907 2371 1960 dicuntur.
2411 1908 2516 1962 Sed
2548 1908 2690 1962 hunc
2718 1908 2959 1965 codicem
2992 1908 3187 1965 refellit
3213 1910 3393 1965 Basilii
3426 1922 3501 1964 te-

1933 1998 2267 2053 stimonium.
2318 1997 2469 2066 Quod
2518 2003 2660 2055 enim
2710 2003 2786 2055 ait
2813 2002 3083 2058 Meletium
3121 2014 3174 2059 et
3210 2003 3499 2061 Eusebium

1935 2101 2250 2147 numeratos
2282 2092 2448 2148 fuisse
2506 2093 2649 2150 inter
2701 2096 3005 2160 haereticos,
3063 2096 3115 2152 id
3168 2098 3352 2152 referri
3391 2115 3497 2153 non

1933 2194 2107 2253 potest
2150 2187 2212 2238 ad
2252 2187 2568 2255 legationem
2605 2188 2729 2240 anui
2773 2185 2907 2253 376;
2940 2202 3060 2257 qua:
3104 2197 3302 2242 tantam
3347 2188 3500 2246 Besi.

1935 2276 2004 2330 lia
2059 2277 2294 2331 lzetitiam
2331 2292 2437 2331 non
2472 2278 2762 2341 attulisset,
2798 2288 3052 2347 quantam
3094 2280 3335 2337 attulisse
3365 2282 3501 2336 vidi-

1934 2383 2075 2431 mus,
2107 2368 2151 2423 si
2190 2377 2312 2424 tunc
2370 2367 2613 2423 Meletius
2656 2380 2709 2424 et
2742 2368 3002 2426 Eusebius
3046 2381 3154 2426 tam
3210 2372 3498 2426 inhoneste

1932 2462 2181 2530 appellati
2218 2461 2468 2517 fuissent.
2517 2464 2695 2528 Quare
2736 2478 2957 2517 necesse
3001 2474 3083 2517 est
3105 2466 3265 2518 aliam
3301 2468 3499 2521 admit-

1934 2563 2046 2607 tere
2084 2554 2427 2622 legationem,
2478 2554 2631 2620 cujus
2667 2554 2848 2608 exitus
2882 2557 3269 2622 exspectationi
3318 2558 3495 2613 minus

1934 2644 2226 2710 respOndit.

2006 2732 2233 2788 Profecti
2286 2732 2450 2788 fuisse
2482 2734 2732 2790 videntur
2778 2737 3081 2791 Dorotheus
3115 2747 3168 2793 et
3202 2739 3496 2794 Sanctissi-

1933 2842 2051 2881 mus
2088 2842 2253 2881 verno
2282 2837 2521 2897 tempore
2566 2828 2691 2880 anui
2725 2829 2846 2882 577.
2899 2827 3031 2882 Nam
3078 2844 3198 2884 eum
3238 2830 3497 2885 redierint

1931 2938 1995 2976 ex
2021 2921 2316 2978 Occidente
2354 2934 2496 2974 anno
2523 2920 2647 2984 576,
2683 2920 2824 2973 circa
2862 2933 3181 2975 autumnum
3217 2932 3271 2975 et
3304 2923 3355 2975 in
3387 2922 3498 2978 col-

1930 3016 2157 3086 ligendis
2192 3013 2678 3083 subscriptiouibus
2710 3013 2911 3081 aliquid
2945 3014 3201 3082 temporis
3240 3029 3495 3069 consum-

1933 3108 2174 3177 pserint,
2223 3108 2455 3160 secunda
2495 3107 2704 3160 illorum
2739 3107 2789 3161 iu
2838 3105 3182 3161 Occidentem
3229 3107 3492 3177 profectio

1858 3214 1900 3271 ο
1934 3201 2093 3255 citius
2128 3200 2375 3254 collocari
2417 3214 2521 3253 non
2568 3200 2745 3254 debet.
2796 3199 2977 3271 Neque
3004 3202 3165 3256 etiam
3200 3202 3365 3256 multo
3406 3217 3497 3258 se-

1935 3293 2082 3357 rius;
2111 3292 2237 3360 quia
2271 3292 2338 3345 ah
2377 3306 2563 3347 eorum
2599 3293 2767 3347 reditu
2796 3306 2966 3362 usque
3002 3294 3066 3345 ad
3104 3292 3231 3348 illud
3266 3306 3495 3363 tempus,

1931 3401 2038 3456 quo
2078 3386 2266 3440 Petrus
2295 3385 2692 3442 Alexandrinus
2728 3386 2900 3441 Roma
2943 3386 3190 3440 discessit
3226 3387 3496 3457 (discessit

1930 3489 2108 3533 autem
2151 3479 2295 3534 circa
2336 3495 2572 3534 mensem
2614 3478 2811 3532 Maium
2866 3478 2987 3532 anui
3021 3478 3167 3548 578).
3226 3478 3493 3534 nonnulla:

1934 3587 2023 3627 res
2051 3583 2214 3642 gesta:
2248 3583 2392 3637 sunt,
2424 3587 2541 3640 qua:
2581 3571 2804 3625 uimimn
2837 3571 3080 3640 angustis
3123 3571 3279 3640 spatii
3304 3571 3494 3627 finibus

1933 3666 2176 3719 concludi
2228 3680 2332 3719 non
2385 3665 2603 3719 debent.
2660 3663 2841 3730 Quare
2908 3665 3180 3717 immerito
3237 3665 3495 3734 synodum

1934 3757 2253 3820 Romanam,
2293 3757 2346 3811 in
2411 3772 2515 3825 qua
2551 3757 2837 3811 damnatus
2902 3764 3090 3825 rogatu
3148 3754 3495 3811 Orientalium

1929 3848 2308 3918 Apollinarius,
2343 3850 2579 3904 nonnulli
2607 3849 2929 3905 referuntad
2958 3849 3083 3903 anni
3117 3848 3222 3903 578
3247 3848 3418 3901 initia.

1998 3940 2084 3997 III.
2121 3940 2235 3996 Non
2269 3942 2435 3997 multo
2470 3953 2589 4010 post
2629 3941 2938 4011 epistolam,
2977 3956 3097 4010 qua:
3131 3949 3214 3995 est
3251 3941 3317 3994 ad
3347 3938 3493 3995 Occl-

1934 4036 2193 4100 dentales,
2226 4036 2440 4103 scripsit
2463 4034 2692 4087 Basilius
2720 4031 3122 4087 confes-scribus
3147 4030 3416 4103 Egyptiis
3444 4034 3493 4086 in

1941 4125 2229 4179 Palaestina
2270 4127 2639 4181 exsulantibus
2676 4124 2770 4195 (g).
2815 4123 3016 4179 IIorum
3053 4125 3230 4195 plu'res
3257 4140 3493 4179 commu-

1932 4220 2093 4283 niter,
2125 4218 2373 4287 privatim
2424 4231 2551 4273 vero
2579 4217 2870 4288 Adelphius
2907 4228 2958 4273 et
2990 4218 3225 4273 Isidorus
3265 4215 3493 4284 scripse-

1931 4324 2054 4366 rant
2116 4311 2469 4381 Apollinario.
2529 4310 2635 4365 Sed
2694 4311 2739 4365 is
2798 4321 3082 4379 postquam
3143 4309 3197 4361 in
3252 4318 3493 4377 apertum

1936 4410 2176 4464 schisma
2219 4410 2413 4478 erupit,
2459 4406 2836 4463 confessorum
2865 4404 3177 4459 testimonio
3210 4415 3264 4457 et
3304 4404 3491 4473 perho-

1933 4502 2173 4555 norilleis
2219 4502 2411 4555 litteris
2460 4514 2519 4554 se
2562 4498 2802 4566 iactabat
2854 4497 2905 4550 in
2964 4496 3192 4563 quadam
3234 4496 3491 4551 adversus

1856 4562 1901 4617 θ
1931 4592 2214 4646 Paulinum
2258 4562 2643 4645 Antiochenqu
2673 4588 2921 4659 epistola.
2962 4562 3312 4642 Coufessores
3344 4601 3491 4640 com-

1932 4683 2098 4738 movit
2124 4681 2239 4735 haae
2264 4680 2488 4750 epistola
2515 4695 2576 4733 ac
2597 4680 2662 4732 dc
2678 4677 2901 4732 Paulino
2916 4676 3247 4746 suspiciones
3272 4674 3451 4743 injecit
3477 4693 3491 4734 :

1934 4780 2026 4832 sed
2054 4776 2144 4830 ubi
2170 4776 2221 4829 iu
2245 4790 2433 4829 eorum
2463 4787 2652 4826 manus
2678 4786 2872 4825 venere
2900 4769 3154 4824 nonnulla
3176 4768 3490 4837 Apollinarii

1934 4877 2000 4929 de
2041 4870 2142 4923 [ide
2175 4870 2419 4935 scripta;
2471 4875 2582 4917 tum
2634 4877 2763 4916 vero
2804 4862 3005 4915 illatum
3036 4861 3295 4916 Ecclesiis
3341 4862 3489 4915 dant-

1925 4983 2050 5023 nutn
2094 4974 2275 5017 tacere
2302 4975 2403 5010 non
2434 4965 2739 5026 potuerunt,
2775 4970 2838 5008 ac
2870 4969 3026 5007 suum
3059 4956 3125 5008 de
3159 4951 3489 5021 Apollinario

1918 5056 2179 5126 judicium
2213 5049 2409 5104 litteris
2452 5047 2517 5100 ad
2559 5043 2742 5100 Nitriae
2782 5043 3076 5098 monachos
3110 5044 3325 5111 scriptis
3357 5057 3488 5097 con-

1922 5150 2224 5219 signarunt.

1994 5239 2250 5301 Basilius,
2297 5235 2385 5288 uhi
2418 5230 2600 5286 didicit
2649 5247 2741 5287 eos
2788 5229 3148 5286 confessionis
3196 5228 3336 5281 laudi
3378 5244 3488 5283 tua-

1924 5332 2086 5403 guttin
2115 5332 2335 5385 Ineresls
2368 5325 2667 5380 relellettda:
2692 5325 2926 5378 studium
2964 5321 3224 5391 adjicere,
3253 5334 3485 5374 eotnmu~

1926 5425 2140 5478 nionem
2162 5434 2283 5473 cum
2318 5416 2397 5471 eis
2434 5415 2611 5469 fovere
2654 5428 2751 5480 per
2783 5411 3065 5480 epistolam
3104 5406 3181 5477 (It)
3213 5406 3395 5471 voluit,
3428 5420 3485 5461 ac

2004 5593 2072 5663 (e)
2103 5592 2197 5659 Ep.
2221 5590 2349 5663 ἓξὲξ,
2376 5606 2428 5643 n.
2458 5590 2512 5642 2.

2006 5659 2067 5735 (fl
2099 5663 2195 5735 '3’:
2223 5659 2346 5715 266'

2100 5730 2426 5802 Tilletnont.,
2458 5737 2586 5784 tom.
2626 5726 2735 5791 VII,
2766 5739 2886 5796 pag.
2921 5723 3043 5777 620.

2006 5808 2020 5859 ι
2028 5800 2081 5869 tt)
2108 5801 2204 5869 Ep.
2237 5802 2305 5854 26
2313 5800 2360 5855 5.
