4038 6462
535 420 636 464 αισι

1906 418 2437 471 Ρκυιιιυυηωλ.

532 524 799 596 Eipidium
829 526 1112 585 diaconum
1143 529 1291 585 misit
1334 545 1456 587 cum
1502 528 1703 587 litteris
1739 530 1871 587 suis.
1902 530 2105 587 Gratu-
2133 540 2175 597 Α
2205 533 2252 587 si
2290 532 2433 588 Deus
2483 530 2716 601 dederit,
2757 534 3004 605 nobisque
3062 534 3346 604 patientem
3410 554 3587 593 aurem
3641 558 3772 608 prc-

533 620 675 674 latur
698 621 778 676 eis
810 622 1063 679 exsilium
1106 632 1160 679 et
1196 626 1468 695 egregiam
1507 627 1572 681 de
1602 625 1859 683 Ecclesiis
1899 628 2101 687 sollici-

534 712 774 769 tudinem
813 714 863 768 in
914 717 1202 773 refellendo
1230 718 1567 790 Apollinario
1594 721 1887 790 cognitam.
1932 722 2102 793 liujus

534 805 1038 865 hominis-facinora
1084 810 1150 863 ad
1200 810 1523 866 scindendas
1566 810 1855 877 Ecclesias,
1890 826 2103 873 errores

530 898 601 952 de
629 896 897 954 Trinitate
920 910 973 953 et
996 900 1060 954 de
1079 901 1461 957 incarnatione
1490 902 1829 975 perstringit,
1856 914 1912 958 et
1939 920 2101 974 quam

532 988 769 1047 absurda
804 992 919 1047 siut‘
948 990 1090 1046 illius
1125 993 1191 1046 de
1220 994 1402 1062 templi
1438 1006 1487 1049 et
1530 993 1662 1065 legis
1712 996 2104 1054 instauratione

532 1093 837 1138 commenta
864 1083 1099 1137 breviter
1128 1084 1491 1139 demonstrat.
1540 1085 1799 1142 liortatur
1826 1086 2103 1145 confesso-

535 1188 624 1229 res
653 1185 708 1229 ut
741 1188 862 1228 eum
894 1176 1233 1243 dogmatibus
1268 1178 1519 1232 Ecclesia:
1552 1178 1763 1235 fortiter
1798 1194 2101 1248 proponen-

534 1265 617 1320 dis
671 1265 739 1320 ad
770 1269 1059 1320 sanitatem
1119 1268 1374 1321 reducere
1424 1279 1713 1338 conentur,
1753 1271 1823 1324 ita
1869 1278 1929 1323 ut
1963 1270 2103 1327 illius

533 1356 785 1413 omnibus
809 1358 1113 1412 innotescat
1136 1358 1471 1425 pauitantia.

602 1449 691 1509 IV.
725 1450 840 1505 Alia
886 1461 1005 1505 erat
1070 1452 1341 1506 scribendi
1402 1468 1565 1507 causa
1621 1452 1684 1506 ad
1741 1450 2098 1509 confessores.

534 1540 744 1597 Iiortuo
772 1542 957 1609 paucis
982 1553 1107 1597 ante
1131 1542 1288 1598 annis
1318 1543 1587 1607 Marcello,
1616 1558 1743 1614 pars
1772 1544 1901 1599 cieri
1929 1554 1982 1599 et
2012 1560 2104 1613 po-

530 1635 639 1704 puli
675 1635 974 1707 Ancyrani,
1010 1650 1132 1704 qua:
1178 1636 1230 1692 ei
1286 1652 1499 1705 semper
1560 1635 1715 1689 allisa
1753 1634 1949 1699 fuerat,
2004 1650 2103 1690 nec

531 1725 813 1795 episcopos
870 1726 923 1781 in
982 1727 1101 1797 ejus
1157 1728 1333 1782 locum
1396 1727 1717 1783 substitutos
1780 1737 2100 1798 agnoverat,

528 1820 1314 1876 communionemcatholicam
1372 1820 1621 1887 amplecti
1675 1820 1881 1873 statuit.
1935 1820 2103 1875 Erant

527 1911 670 1965 enim
696 1913 766 1965 ab
796 1913 1044 1966 omnibus
1074 1910 1315 1966 Orientis
1354 1911 1611 1967 Ecelesiis
1654 1912 1903 1979 abscissi,
1938 1912 1981 1966 si
2005 1928 2100 1967 ειη
2134 1888 2175 1943 Β

528 2002 760 2071 cipiatur
784 2002 1063 2067 Paulinus.
1096 2008 1251 2076 cujus
1276 2006 1548 2061 licentiam
1587 2006 1638 2061 in
1667 2006 1746 2060 eis
1776 2009 1842 2059 ad
1870 2020 2104 2060 cominu-

532 2096 748 2151 nionem
801 2097 1125 2168 recipiendis
1174 2102 1485 2168 vitnpcraut
1538 2098 1839 2153 Orientales
1892 2097 1945 2150 in
1985 2097 2102 2165 epi-

526 2188 662 2243 stola
720 2190 1042 2257 praeuenti
1098 2192 1196 2259 (ο).
1266 2190 1458 2243 Studio
1511 2191 1671 2261 igitur
1722 2191 2104 2257 recuperanda

528 2280 925 2335 communionis
964 2281 1265 2345 catholicae,
1299 2291 1533 2351 quatuor
1561 2282 1861 2353 presbyteri
1902 2296 1968 2336 ex
2000 2281 2103 2335 hac

530 2384 677 2428 secta
708 2389 830 2429 cum
885 2384 1117 2443 quatuor
1162 2374 1279 2431 aliis
1323 2376 1535 2431 clericis
1565 2375 1957 2430 Diocaesaream
2010 2387 2105 2428 ve-

529 2466 707 2532 niunt,
743 2470 1036 2523 ostendunt
1094 2468 1497 2523 coufessoribus
1547 2466 1818 2538 Egyptiis
1871 2467 2101 2530 litteras,

527 2572 663 2628 quas
691 2558 818 2613 olim
849 2575 877 2612 a
918 2569 1107 2613 sancto
1136 2559 1436 2613 Athanasio
1463 2569 1802 2629 acceperant,
1837 2555 1957 2612 ﬁdei
1992 2556 2106 2611 for-

529 2650 731 2706 mulam
759 2650 1009 2717 oderunt,
1042 2652 1346 2719 erroribus,
1372 2668 1507 2721 quos
1553 2653 1600 2706 ei
1640 2652 1914 2706 hominum
1949 2650 2103 2705 attri-

528 2744 727 2798 buebat
752 2744 957 2813 opinio,
994 2747 1356 2807 contrariam;
1394 2746 1581 2816 sicque
1632 2762 1661 2799 a
1703 2743 2103 2800 confessoribus

528 2834 887 2890 admittuntur
927 2836 993 2890 ad
1022 2839 1476 2892 communionem.
1502 2838 1750 2891 Pluribus
1778 2852 1840 2890 ea
1873 2851 1958 2890 res
1983 2850 2101 2905 per-

531 2924 756 2982 molesta
787 2925 907 2991 fuit,
937 2928 1100 2980 etiam
1136 2928 1187 2980 in
1224 2926 1503 2981 Palmstiua
1530 2928 1604 2995 (b)
1636 2946 1647 2979 :
1680 2928 1772 2981 sed
1812 2940 1969 2979 nemo
2000 2941 2100 2994 po-

531 3019 656 3075 tiori
704 3020 826 3091 jure
870 3022 1126 3093 conqueri
1160 3030 1393 3092 poterat,
1450 3036 1611 3089 quam
1662 3018 1914 3074 Basilius.
1962 3018 2099 3073 Nam

526 3124 651 3164 cum
680 3108 889 3164 Galatia
926 3127 1030 3166 una
1063 3123 1206 3168 esset
1227 3127 1290 3165 ex
1327 3112 1616 3182 provinciis
1656 3111 1916 3167 Ctesareae
1973 3111 2101 3165 sub.

2203 625 2379 689 beant,
2448 642 2716 695 speramus
2768 644 2865 685 nos
2910 628 3158 697 populum
3208 631 3277 683 ad
3340 631 3629 688 Ecclesium
3670 639 3755 689 od-

2202 716 2477 784 ducturos,
2522 720 2597 771 ita
2646 728 2699 771 ut
2734 736 2837 774 non
2871 720 2998 790 ipsis
3034 721 3180 773 nobis
3201 724 3543 788 exprobretur
3583 740 3674 778 nos
3708 743 3773 777 ao

2203 806 2577 864 .ilarcellianos
2632 811 2937 872 accessisse.
2986 810 3075 866 sed
3117 811 3196 863 illi
3250 813 3483 866 membra
3544 814 3771 883 corporis

2206 900 2459 957 Ecclesia?
2486 902 2684 958 Christi
2718 901 2849 970 ﬁant
2884 919 2903 955 :
2935 912 2980 955 et
3031 903 3227 957 malum
3269 904 3511 969 dedecus,
3553 908 3692 976 quod
3714 922 3771 958 ea

2202 994 2393 1047 ltwresi
2435 1011 2702 1061 aspersum
2739 1003 2838 1058 est,
2872 1004 3055 1048 nostra
3096 995 3415 1064 suscipiendi
3458 998 3663 1053 ratione
3688 1000 3754 1055 de

2203 1082 2390 1145 leatur,
2436 1098 2526 1136 nec
2556 1084 2704 1138 nobis
2734 1082 3067 1154 opprobrium
3118 1086 3385 1149 inuratur,
3437 1094 3491 1137 ut
3544 1087 3612 1139 ad
3655 1089 3774 1143 illos

2204 1175 2494 1229 translatis.

2275 1266 2487 1335 Scripta
2521 1265 2732 1320 videtur
2756 1265 2869 1319 haec
2926 1266 2992 1321 ad
3027 1263 3367 1325 confessores
3386 1267 3614 1340 epistola
3646 1281 3769 1338 post

2204 1358 2565 1414 Orientalium
2630 1359 2837 1413 litteras
2874 1361 2941 1413 ad
2975 1358 3370 1417 Occidentales.
3409 1363 3466 1418 1ο
3509 1361 3654 1418 Nihil
3689 1364 3773 1417 ha-

2205 1451 2335 1506 bent
2364 1450 2723 1507 Orientalium
2774 1450 2968 1507 iitlerze
3013 1452 3077 1507 de
3131 1451 3468 1509 facinoribus
3497 1454 3773 1525 Apollina-

2206 1544 2271 1599 rii
2312 1545 2414 1616 (d),
2450 1545 2539 1614 qui
2592 1543 2897 1612 illegitimos
2944 1545 3231 1613 episcopos
3287 1544 3337 1598 iu
3384 1543 3658 1602 Ecclesias
3710 1544 3779 1600 ab

2204 1634 2471 1704 episcopis
2510 1632 2789 1688 catholicis
2839 1631 3162 1702 gubernatas
3204 1634 3529 1689 immittebat
3566 1652 3580 1687 :
3635 1636 3776 1691 unde

2207 1728 2482 1782 ridebatur
2504 1741 2755 1794 magnum
2776 1726 2988 1797 pietatis
3007 1727 3347 1797 mysterium,
3369 1725 3637 1798 epise0pis
3659 1728 3781 1783 sine

2206 1816 2353 1871 clero
2384 1832 2447 1873 ac
2496 1815 2696 1888 populo
2749 1816 3225 1871 obambulantibus
3262 1828 3316 1871 et
3346 1820 3544 1873 nudum
3582 1831 3775 1873 nomen

2204 1906 2742 1965 circumferentibus.
2777 1910 2835 1964 2ο
2863 1909 3146 1963 Paulinum
3181 1909 3489 1975 vituperant
3522 1910 3774 1967 Orienta-

2204 1994 2301 2058 les,
2331 1997 2473 2065 quod
2498 1996 2876 2052 Marcellianos
2914 1998 3031 2052 sine
3070 1997 3385 2052 discrimine
3426 2002 3493 2054 ad
3530 2016 3745 2055 commu

2206 2085 2425 2141 nionem
2444 2103 2595 2143 suam
2624 2087 2957 2142 admitteret.
2986 2090 3051 2142 At
3080 2090 3181 2143 hoc
3208 2089 3415 2145 crimen
3436 2089 3776 2147 inferendum

2203 2178 2252 2231 ei
2282 2191 2389 2231 non
2424 2177 2546 2245 fuit,
2579 2178 2662 2234 vei
2715 2177 2907 2232 saltem
2941 2194 3061 2232 cum
3096 2182 3505 2239 confessoribus
3528 2198 3773 2239 commu-

2206 2267 2494 2321 nicaudum
2529 2279 2679 2333 erat,
2726 2268 2771 2323 si
2823 2267 2935 2338 jam
2971 2268 3172 2337 recepti
3224 2270 3400 2337 palam
3427 2282 3484 2327 et
3537 2284 3723 2344 aperte
3748 2292 3776 2328 a

2205 2358 2616 2415 confessoribus
2646 2361 2875 2416 fuissent
2904 2359 3252 2417 Marcelliani.

2280 2451 2335 2504 V.
2378 2452 2532 2519 Quod
2567 2468 2699 2524 ergo
2732 2452 2925 2508 Petrus
2978 2452 3379 2512 Alexandrinus
3427 2456 3493 2511 de
3548 2459 3776 2529 recepiia

2204 2543 2571 2599 Marcelliauis
2620 2546 2685 2598 ad
2716 2543 2976 2599 Basilium
3020 2548 3258 2617 scripsit,
3296 2548 3347 2603 id
3394 2558 3515 2620 post
3544 2548 3777 2605 reditum

2220 2637 2519 2708 legatorum
2570 2635 2827 2692 Dorothei
2862 2646 2917 2692 et
2966 2636 3306 2694 Sanctissimi
3358 2642 3594 2713 scripsit.
3649 2641 3774 2699 Per~

2207 2731 2379 2783 amice
2409 2730 2785 2797 expostulabat
2808 2747 2928 2784 cum
2967 2729 3184 2794 Basilio,
3222 2732 3364 2800 quod
3398 2747 3457 2787 se
3487 2736 3778 2789 certiorem

2215 2821 2373 2891 hujus
2404 2823 2480 2875 rei
2511 2839 2614 2874 non
2659 2821 2911 2876 fecisset:
2943 2822 3212 2890 simulque
3248 2824 3488 2879 dolorem
3517 2844 3674 2883 suum
3700 2830 3777 2885 si-

2204 2913 2512 2983 gniﬁcabat,
2544 2914 2687 2981 quod
2723 2928 2820 2966 nec
2851 2928 3115 2968 canonum
3141 2929 3241 2969 nec
3267 2914 3447 2971 Basilii
3480 2919 3661 2975 habita
3686 2938 3776 2978 ra-

2204 3004 2279 3059 tio
2310 3004 2499 3059 fuisset
2535 3005 2584 3059 in
2618 3004 2979 3060 Marcellianis
3030 3006 3097 3061 ad
3142 3011 3580 3068 communionem
3632 3016 3777 3070 reci-

2202 3097 2436 3165 piendis.
2464 3096 2688 3151 Fatetur
2720 3096 2953 3153 Basilius
2990 3099 3058 3170 (e)
3110 3116 3217 3156 non
3272 3102 3541 3159 immerito
3590 3120 3777 3176 repre-

527 3201 708 3272 iectis,
735 3201 938 3258 Galat.e
972 3204 1022 3256 in
1067 3204 1500 3259 communionem
1542 3203 1969 3259 ecclesiasticam
2016 3202 2098 3256 in-
2126 3231 2168 3289 ο
2207 3190 2431 3243 hensum
2455 3204 2512 3243 8°
2546 3206 2575 3243 ³
2613 3189 2794 3255 Pet").
2828 3192 2971 3260 (μιοά
3020 3207 3122 3244 "0"
3166 3194 3232 3245 ίιι¹
3264 3209 3385 3247 eum
3425 3196 3491 3248 de
3518 3198 3778 3255 omnibus

526 3296 775 3352 consulto
809 3296 1124 3351 Caesariensi
1150 3297 1403 3366 episcopo
1424 3299 1634 3353 restitui
1670 3313 1773 3351 non
1803 3300 2094 3352 debebant.

528 3385 639 3442 Hac
682 3387 872 3456 injuria
900 3397 1120 3455 accepta
1163 3385 1392 3441 Basilius
1418 3387 1662 3441 eamdem
1700 3402 1763 3441 ac
1796 3402 1938 3453 δρερε
1966 3388 2100 3442 alias

528 3477 695 3533 animi
743 3478 1166 3532 moderationem
1206 3476 1473 3543 adhibuit,
1511 3492 1573 3531 ac
1602 3476 1849 3546 querelas
1881 3492 2004 3531 suas
2032 3492 2099 3531 ne

529 3570 596 3625 ad
620 3569 839 3624 Petrum
908 3569 1125 3639 quidem
1153 3567 1572 3623 Alexandrinum
1613 3568 1825 3623 detulit.
1874 3568 2100 3638 Scripsit

531 3672 738 3717 tantum
770 3659 1174 3715 confessoribus
1227 3677 1331 3714 non
1368 3660 1615 3715 debuisse
1644 3676 1739 3716 eos
1766 3660 1867 3716 sibi
1901 3662 1976 3716 rei
2032 3661 2099 3715 ad

527 3766 718 3807 omnes
749 3751 1018 3805 Ecciesias
1046 3753 1339 3819 spectantis
1374 3750 1634 3819 judicium
1680 3766 1951 3823 arrogare.
1992 3752 2102 3808 Me-

529 3841 787 3898 tuendum
817 3840 960 3895 enim
995 3855 1116 3895 esse
1157 3854 1224 3895 ue
1265 3856 1368 3909 pax
1405 3843 1705 3907 scindatur,
1744 3844 1865 3899 aliis
1913 3845 2102 3900 absce-

528 3933 800 3997 dentibus,
832 3934 960 3988 dum
990 3932 1079 3987 alii
1102 3931 1479 3987 admittuntur.
1520 3932 1693 4002 Rogat
1727 3943 1783 3986 ut
1804 3938 1871 3989 ad
1896 3951 1953 3990 se
1981 3938 2103 3989 mit—

528 4034 643 4079 sant
666 4024 1083 4094 propositiones,
1120 4022 1319 4093 quibus
1346 4024 1702 4079 asseutientes
1748 4022 1989 4080 Marcelli
2021 4027 2103 4080 di-

525 4116 763 4187 scipulos
790 4126 1127 4184 receperunt.

597 4209 715 4264 No’n
746 4209 792 4264 is
820 4216 938 4265 erat
970 4206 1202 4261 Basilius
1234 4208 1346 4277 qui,
1384 4208 1525 4278 quod
1566 4210 1679 4277 ipse
1711 4209 2098 4276 committeret,

528 4301 582 4357 id
610 4300 1029 4371 reprehenderet
1054 4299 1108 4353 in
1134 4300 1273 4353 aliis.
1320 4300 1475 4369 Saepe
1502 4317 1531 4354 a
1560 4300 1765 4357 Calatis
1797 4302 2104 4371 importune

527 4401 748 4463 rogatus
774 4390 870 4463 (e),
930 4390 1252 4459 respondere
1286 4392 1366 4443 eis
1409 4390 1577 4443 uoluit
1620 4393 1827 4460 absque
1862 4392 1964 4444 ulla
2009 4408 2105 4447 ex-

525 4484 795 4557 ceptione,
837 4485 961 4554 quia
1014 4482 1238 4537 aliarum
1294 4482 1657 4536 Ecciesiarum
1700 4482 1961 4550 judicium
2010 4500 2107 4539 ex-

2207 3282 2387 3344 rebus,
2424 3281 2538 3333 sive
2595 3280 2809 3349 parvis,
2847 3280 2960 3333 sive
3016 3282 3224 3349 magnis
3263 3282 3490 3342 scribat.
3535 3283 3678 3340 Nam
3731 3298 3779 3341 ιι

2202 3374 2315 3438 tibi,
2343 3372 2535 3442 inquit,
2562 3373 2992 3427 convenitnostra
3026 3390 3236 3440 curare,
3261 3383 3311 3429 et
3346 3376 3493 3430 nobis
3524 3380 3593 3432 ad
3629 3390 3778 3433 tuan:

2202 3466 2512 3520 charitatem
2552 3469 2617 3519 de
2649 3466 2801 3521 rebus
2834 3467 3025 3519 nostris
3050 3468 3266 3530 referre.
3302 3467 3568 3524 Caeterum
3596 3470 3776 3525 decia-

2205 3568 2289 3610 rat
2318 3571 2377 3610 se
2400 3557 2684 3620 molestiis,
2712 3572 2816 3611 non
2836 3560 3008 3612 solum
3030 3575 3147 3629 qua:
3175 3562 3242 3615 ab
3268 3561 3485 3616 Ariauis
3504 3562 3778 3625 acsiduut,

2203 3650 2297 3703 sed
2332 3649 2493 3703 etiam
2527 3663 2647 3717 quae
2675 3651 2743 3703 ab
2774 3652 3049 3706 unanimis
3098 3651 3378 3720 fratribus,
3408 3655 3477 3707 ita
3501 3664 3779 3707 assuetum

2202 3755 2345 3807 esse,
2383 3749 2439 3793 ut
2470 3738 2555 3808 iis,
2586 3755 2707 3811 quae
2752 3751 2949 3810 praeter
2992 3745 3236 3797 ordinem
3267 3756 3415 3815 gesta
3451 3760 3621 3815 nuper
3669 3744 3778 3800 foe

2208 3843 2351 3898 rant,
2378 3833 2600 3889 minime
2634 3844 2941 3890 commotus
2967 3835 3300 3893 fuerit.liiuc
3328 3838 3489 3892 etiam
3514 3836 3655 3893 Petri
3679 3854 3747 3892 au

2207 3942 2293 3982 res
2322 3927 2622 3983 obtundere
2679 3926 2884 3994 noluit,
2920 3930 3118 4000 partim
3178 3930 3395 4000 quidem
3442 3946 3564 3983 cum
3611 3929 3775 3985 sciret

2209 4020 2407 4073 faniam
2450 4036 2547 4075 sua
2599 4033 2792 4091 sponte
2840 4037 2929 4077 res
2979 4032 3162 4092 gestas
3200 4022 3553 4092 perlaturam,
3577 4021 3780 4092 partim

2204 4122 2529 4181 exspectans
2561 4116 2685 4167 dum
2717 4115 2806 4169 alii
2845 4118 2943 4171 has
2972 4116 3248 4172 molestias
3297 4116 3645 4183 nuntiarent;
3683 4130 3780 4186 po-

2207 4215 2412 4259 stremo
2437 4205 2691 4259 decorqu
2717 4220 2840 4261 esse
2871 4222 2975 4261 non
3012 4210 3213 4263 ducens
3263 4204 3688 4277 indignationem
3726 4216 3781 4263 et

2208 4296 2448 4352 dolorem
2494 4296 2824 4367 significare,
2856 4300 2999 4368 quod
3047 4308 3391 4366 contemptus
3435 4299 3647 4356 fuisset.
3690 4300 3780 4356 Si-

2208 4387 2429 4459 gttiiicat
2486 4387 2717 4443 Basilius
2767 4403 2828 4445 se
2882 4389 3165 4459 scripsisse
3218 4388 3664 4458 confessoribus,
3720 4399 3777 4445 ut

2212 4497 2240 4535 a
2290 4481 2555 4536 charitate
2613 4482 2831 4553 quidem
2893 4497 2996 4536 non
3046 4481 3327 4536 discedant
3379 4483 3577 4553 (aliqua
3633 4484 3777 4538 enim

525 4576 823 4649 spectabat.
854 4574 1164 4630 Cavendum
1194 4571 1340 4628 enim
1380 4586 1499 4627 esse
1533 4572 1886 4644 intelligebat,
1921 4591 2007 4640 ue,
2056 4579 2099 4632 si
2138 4593 2178 4647 ο
2210 4584 2395 4627 exorta
2422 4573 2593 4628 fuerat
2628 4575 2693 4629 de
2719 4572 3043 4643 recipiendis
3071 4571 3431 4629 Marcellianis
3458 4572 3776 4642 dissensio),

528 4671 711 4726 minus
742 4668 911 4739 aequis
937 4666 1334 4722 conditionibus
1371 4666 1754 4734 reciperentur.
1794 4683 1900 4722 nor.
1930 4668 2000 4722 illi
2032 4671 2099 4723 ad

525 4760 855 4824 Catholicos,
890 4759 986 4812 sed
1016 4759 1082 4811 ad
1105 4772 1200 4812 eos
1225 4755 1485 4811 Catholici
1515 4757 1812 4811 accessisse
1845 4758 2097 4812 videreu-

528 4862 638 4917 lur,
675 4852 859 4921 sicque
894 4864 992 4919 pax
1018 4863 1148 4903 cum
1191 4848 1375 4919 paucis
1407 4848 1764 4903 schismaticis
1801 4854 2098 4919 composita

525 4946 762 5001 schisma
792 4944 931 4997 inter
954 4940 1224 4996 Ecelesias
1254 4942 1535 4995 excitaret.
1574 4939 1709 4995 Cum
1747 4950 1924 4995 autem
1955 4942 2101 4996 dicat

526 5036 757 5091 Basilius
820 5050 881 5090 se
946 5037 1251 5104 importune
1310 5049 1337 5089 a
1387 5032 1589 5089 Galatis
1648 5049 1790 5105 sazpe
1848 5044 2100 5105 rogatum

526 5128 713 5190 fuisse.
748 5128 1041 5183 verisimile
1070 5136 1155 5181 est
1190 5140 1285 5180 eos
1318 5126 1384 5179 ad
1422 5126 1567 5180 illum
1602 5128 1914 5193 accessisse,
1948 5137 2101 5182 aute-

526 5235 687 5293 quam
722 5233 782 5274 se
831 5218 900 5274 ad
950 5216 1288 5273 confessores
1333 5217 1667 5274 conferrent.
1728 5220 1833 5273 Sed
1876 5220 2095 5273 dubium

524 5324 648 5366 esse
678 5324 780 5365 non
825 5318 999 5380 potest
1046 5308 1198 5377 quin,
1232 5319 1521 5377 postquam
1580 5310 1778 5377 recepti
1825 5324 1853 5361 a
1888 5307 2099 5362 confes-

525 5401 740 5456 soribus
784 5398 955 5465 fuere,
1014 5414 1043 5452 a
1096 5410 1286 5453 sancto
1330 5398 1525 5455 Basilio
1566 5400 1819 5470 petierint
1862 5409 1922 5455 ut
1962 5416 2098 5455 con-

524 5506 738 5544 cessum
782 5490 885 5543 sibi
935 5488 1253 5544 beneﬁcium
1289 5490 1653 5547 confirmaret.
1701 5489 1835 5545 Hinc
1867 5489 2097 5545 Basilius

525 5581 603 5633 sic
658 5581 723 5634 de
781 5580 887 5634 illis
948 5580 1184 5651 loquitur
1242 5580 1294 5635 in
1358 5581 1577 5652 epistola
1632 5580 1739 5636 266
1780 5598 1795 5635 :
1834 5580 1898 5634 Et
1956 5597 2093 5636 nunc

595 5764 677 5832 (e)
706 5762 965 5833 Epiphan.
1000 5764 1195 5818 haeres.
1224 5762 1307 5817 Η.

600 5833 677 5906 (b)
700 5834 796 5903 Ep.
825 5834 948 5906 eos.

599 5904 665 5965 (ct
697 5907 791 5965 Eu.
831 5904 955 5959 266.

2206 4675 2261 4720 et
2291 4667 2358 4720 ab
2399 4665 2464 4719 iis
2500 4666 2590 4734 qui
2620 4663 2994 4720 ecclesiastico
3020 4664 3141 4734 jure
3170 4664 3371 4719 erratis
3412 4664 3615 4718 mederi
3646 4680 3777 4730 pos-

2208 4771 2365 4823 sunt,
2432 4768 2748 4826 exspectent
2799 4758 3250 4813 emendationem.
3292 4755 3499 4813 Laudat
3554 4754 3776 4811 Petrum

2207 4850 2349 4918 quod
2380 4848 2483 4902 hoc
2514 4862 2649 4916 opus
2687 4861 2975 4915 aggressus
3003 4847 3074 4903 sit
3105 4848 3357 4917 prudenti
3404 4845 3673 4901 consilio:
3707 4862 3775 4901 ex

2206 4954 2315 5009 quo
2346 4939 2616 5008 colligitur
2646 4954 2766 4993 eum
2821 4939 3106 5007 scripsisse
3140 4939 3545 4995 confessoribus
3583 4941 3649 4996 de
3683 4955 3766 4998 ca-

2208 5027 2402 5080 nonica
2428 5026 2856 5095 recipiendorum
2898 5026 3363 5084 Marcelliauorum
3409 5030 3617 5085 ratione
3648 5047 3661 5083 :
3694 5031 3774 5085 id-

2208 5134 2311 5188 que
2340 5134 2462 5172 eum
2486 5119 2864 5173 Tillemoutius
2889 5120 3083 5175 fecisse
3106 5129 3256 5191 putat
3286 5122 3337 5176 in
3368 5120 3628 5177 alterutra
3660 5123 3774 5192 epi-

2204 5210 2490 5275 stolarum,
2515 5226 2646 5281 quas
2682 5212 2901 5283 scripsit
2933 5212 3189 5267 adversus
3218 5214 3637 5283 Apollinarium.
3672 5212 3761 5269 Se-

2205 5304 2395 5357 cunda:
2430 5303 2791 5373 fragmentum
2826 5314 3003 5359 exstat
3034 5305 3172 5374 apud
3215 5305 3532 5361 Facundum
3560 5306 3652 5375 (f),
3682 5308 3775 5377 qui

2205 5392 2346 5447 hanc
2373 5392 2655 5463 epistolam
2699 5397 2765 5449 ad
2794 5394 3096 5465 episcopos,
3129 5398 3478 5467 presbyteros
3507 5407 3563 5451 et
3592 5397 3752 5453 diaco

2204 5499 2303 5539 nos
2328 5498 2427 5553 pro
2468 5483 2571 5539 (ide
2617 5485 2757 5554 apud
2791 5485 3185 5543 Diocmsaream
3236 5488 3453 5543 exsules
3508 5488 3775 5556 scriptam

2202 5578 2370 5633 fuisse
2404 5587 2653 5633 testatur.

2284 5760 2360 5830 (ιι)
2395 5761 2489 5830 Ep.
2522 5760 2650 5825 265,
2685 5778 2737 5815 n.
2767 5759 2820 5814 2.

2282 5833 2350 5968 Eer)
2382 5833 2475 5912 Ep.
2504 5832 2625 5885 966.

2311 5908 2352 5968 ,,)
2388 5901 2502 5957 Ltb.
2536 5917 2610 5967 tv,

2311 5903 2352 5968 ί)
2388 5899 2502 5957 Lib.
2536 5917 2610 5967 tv,
2647 5916 2695 5957 c.
2723 5899 2778 5956 2.
