4038 6442
1610 343 1765 400 \‘lTA
1806 344 1863 400 S.
1908 344 2169 399 BASILII.

3344 360 3475 401 CLIII

316 468 406 528 Vl.
449 472 523 527 De
560 465 797 522 llarcelli
828 467 1099 524 sententia
1145 478 1199 519 et
1237 466 1484 520 doctrina
1521 466 1573 519 in
1604 478 1808 521 otrain-
1841 473 1881 530 Α
1914 466 2122 531 hendit,
2155 464 2299 534 quod
2356 480 2515 520 uuam
2560 465 2888 537 hypostasim
2934 466 3142 518 doceat.
3183 462 3252 516 At
3280 462 3322 514 si
3354 464 3477 517 huic

244 579 351 635 que
380 571 587 634 partem
627 560 790 613 multa
825 560 1087 630 disputari
1139 558 1333 613 solent.
1369 557 1473 613 Sed
1504 558 1605 613 hoc
1644 575 1807 613 unum

244 655 401 709 nobis
434 650 852 705 examinandum
886 659 988 713 est,
1021 665 1087 702 an
1116 663 1301 702 verum
1330 650 1400 704 sit
1423 647 1565 717 quod
1596 648 1671 702 ait
1708 649 1810 703 Ba-

242 746 402 799 silius
437 742 489 795 in
512 740 671 810 epist.
713 741 839 810 265,
868 760 922 798 ιι.
955 741 1009 802 3,
1039 756 1162 794 eum
1190 757 1257 796 ex
1293 739 1534 795 Ecclesia
1590 742 1807 796 exiisse.

246 831 583 887 Desiderium
623 833 1006 890 ecclesiasticae
1023 833 1439 896 communionis,
1462 840 1517 885 et
1538 832 1812 888 catholicze

248 922 371 977 fidei
413 924 697 993 professio,
747 940 909 993 quam
964 923 1291 981 Marcelliani
1348 938 1456 992 pra:
1508 938 1568 978 se
1614 924 1809 989 ferunt,

246 1030 355 1069 non
388 1019 678 1073 ntediocris
706 1030 826 1069 esse
856 1019 1110 1085 ponderis
1146 1015 1415 1079 videntur,
1441 1024 1519 1079 ut,
1547 1016 1591 1070 si
1636 1017 1812 1071 minus

247 1105 556 1172 Marcellus,
588 1107 775 1161 saltem
794 1108 910 1177 ejus
926 1105 1173 1173 discipuli
1194 1107 1503 1175 suspicione
1530 1107 1815 1161 exsolvan-

246 1212 357 1258 tttr.
395 1201 581 1268 Neque
639 1200 782 1253 enim
835 1196 1112 1269 probabile
1160 1208 1243 1253 est
1282 1199 1488 1255 clerum
1515 1211 1568 1253 et
1604 1200 1811 1268 plebem

249 1290 531 1353 Marcelli,
561 1290 607 1344 si
663 1290 941 1345 erroribus
987 1290 1281 1344 teterrimis
1328 1290 1514 1343 infecti
1566 1290 1813 1353 fuissent,

250 1398 358 1437 tam
389 1382 641 1443 libenter,
659 1381 771 1434 imo
794 1382 957 1436 tantis
977 1383 1284 1440 conatibus.
1313 1390 1526 1433 mortuo
1544 1377 1814 1441 Marcello,

250 1473 510 1529 Ecclesiae
533 1472 679 1527 fores
707 1472 1013 1542 pulsaturns
1042 1472 1232 1526 fuisse.
1258 1469 1419 1523 Multa
1448 1470 1550 1523 alia
1586 1469 1652 1523 ad
1680 1467 1818 1521 Mar-

249 1566 377 1622 celli
408 1565 782 1622 defensionem
812 1566 1133 1625 all'eruntur,
1168 1564 1227 1618 S.
1258 1563 1535 1618 Athanasii
1570 1578 1817 1617 commu-

252 1657 534 1713 nicatoriae
562 1658 776 1720 litteras,
807 1657 1064 1710 Romana:
1100 1655 1352 1711 EccTesiaz
1378 1654 1708 1716 communio,
1732 1668 1822 1725 sy-

249 1752 378 1805 nodi
438 1750 777 1805 Sardicensis
826 1749 1131 1816 judicium,
1182 1750 1483 1817 persecutio
1536 1748 1604 1803 ab
1648 1747 1823 1817 impiis

1918 571 2068 611 laevo
2116 558 2295 611 addita
2347 556 2534 613 fuisset
2572 558 2881 613 communio
2928 572 3049 610 eum
3094 554 3474 617 Marcellianis,

1918 661 2024 701 non
2064 647 2115 701 id
2140 648 2415 702 omisisset
2448 646 2702 704 Basilius.

1987 738 2103 794 Non
2130 741 2427 795 omittenda
2477 751 2603 795 sunt
2646 758 2764 811 (ιιιω
2794 741 2862 797 de
2909 738 3164 796 Marcello
3199 741 3374 794 adlmc
3402 740 3479 792 vi-

1917 840 2074 884 vente
2102 829 2332 886 Basilius
2355 832 2591 901 loquitur
2622 846 2762 887 anno
2794 833 2919 888 57L
2951 830 3123 902 lingat
3157 829 3214 883 S.
3243 830 3479 882 Athana-

1918 923 2093 986 sium',
2130 932 2186 976 ιιι
2246 922 2414 989 ipsius
2462 936 2623 990 Opera
2672 923 3110 980 et.auctoritate
3167 920 3479 986 interposita

1919 1012 2201 1067 Marcellus
2231 1028 2260 1066 a
2292 1012 2549 1067 Romanis
2574 1013 2877 1067 damnetur.
2906 1012 3206 1084 Requiritur
3230 1021 3402 1063 autent
3432 1018 3480 1063 et

1919 1106 2072 1172 illud,
2105 1105 2382 1176 inquit(c),
2409 1122 2441 1158 a
2463 1106 2724 1159 nonnullis
2748 1106 2835 1173 qui
2866 1106 2949 1157 hic
2979 1115 3122 1172 sunt,
3152 1121 3213 1157 ac
3246 1118 3485 1156 necessa-

1921 1199 1998 1252 ria
2021 1199 2251 1270 quidem.
2288 1208 2341 1251 ut
2360 1198 2515 1251 etiam
2544 1198 2688 1249 nobis
2717 1197 2843 1263 ipsis
2872 1197 3095 1258 videtur,
3123 1207 3176 1248 ut
3203 1195 3302 1264 ipsi
3332 1191 3483 1246 Mar-

1919 1291 2037 1344 celli
2064 1292 2302 1345 hatresim
2330 1289 2465 1344 velut
2499 1289 2841 1359 perniciosam
2885 1299 2929 1342 et
2974 1289 3183 1339 noxiam
3214 1298 3259 1340 et
3289 1303 3319 1339 a
3354 1300 3485 1339 sana

1922 1380 2025 1447 ﬁde
2048 1383 2275 1433 alienam
2306 1382 2668 1435 exterminant.
2709 1378 2850 1433 Nam
2881 1380 3130 1431 hactenus
3166 1379 3217 1429 in
3248 1379 3485 1430 omnibus

1923 1489 2054 1540 quas
2093 1473 2327 1525 scribunt
2358 1472 2571 1535 litteris,
2609 1476 2790 1526 Arium
2832 1474 3041 1542 quidem
3067 1469 3285 1537 infausti
3321 1468 3489 1520 nomi-

1928 1564 2009 1618 nis
2039 1566 2204 1619 cirum
2219 1581 2407 1633 susque
2433 1567 2594 1635 deque
2621 1566 2950 1617 anathemate
2977 1564 3155 1633 ferire,
3179 1572 3223 1614 et
3248 1560 3311 1613 ab
3327 1562 3491 1613 eccle-

1927 1657 2020 1708 siis
2050 1658 2280 1725 relegare
2318 1674 2420 1711 tton
2456 1664 2660 1710 cessant
2683 1671 2701 1708 :
2727 1653 2976 1707 Marcello
3020 1671 3156 1716 rero,
3189 1653 3277 1724 qui
3303 1651 3489 1720 impie-

1928 1757 2084 1799 latent
2109 1748 2155 1800 ei
2181 1763 2245 1800 ea:
2267 1749 2524 1801 diametro
2565 1748 2853 1815 oppositam
2891 1746 3127 1813 protulit,
3155 1756 3202 1796 et
3234 1746 3289 1796 ia
3319 1744 3487 1810 ipsum

250 1839 545 1905 hasreticis,
575 1847 631 1892 et
658 1838 799 1907 quod
832 1839 1166 1893 Athanasius
1201 1839 1555 1908 interroganti
1596 1838 1827 1907 Epipha-
1857 1836 1897 1892 Β
1926 1839 2216 1892 dirinitatis
2235 1837 2498 1907 Unigeniti
2528 1841 2886 1893 exsistemiam
2912 1838 3100 1906 impius
3124 1837 3305 1904 fuit,et
3337 1832 3492 1887 Verbi

250 1931 343 1984 nio
365 1929 445 1984 sic
482 1930 759 2000 respondit
787 1928 888 1999 (a),
940 1941 997 1983 ut
1034 1942 1314 2002 purgatum
1352 1932 1551 1984 habere
1595 1930 1822 1984 Marcel-

252 2020 365 2075 lum
404 2020 698 2075 videretur.
731 2020 910 2089 Atque
948 2036 1011 2074 ex
1045 2021 1129 2075 bis
1176 2023 1392 2091 quidem
1429 2029 1640 2073 constat
1686 2018 1825 2073 Mar-

255 2108 456 2161 cellum
499 2123 670 2177 usque
695 2107 762 2162 ad
791 2117 1000 2163 certum
1037 2120 1247 2179 tempus
1281 2110 1332 2161 in
1360 2106 1595 2162 Ecclesia
1628 2108 1825 2176 persti-

256 2200 408 2254 tisse.
436 2200 543 2255 Sed
598 2216 717 2269 quae
743 2218 806 2254 ex
844 2200 1028 2255 Basilii
1061 2201 1310 2267 epistolis
1351 2185 1637 2263 eruuntur,
1665 2214 1727 2252 ea
1759 2200 1825 2251 ad

253 2302 531 2348 extremos
581 2292 817 2349 Marcelli
851 2308 1022 2345 annos
1074 2290 1375 2359 pertinent;
1409 2291 1649 2361 satisque
1693 2289 1828 2345 ditii-

254 2386 357 2440 cile
406 2394 492 2441 est
541 2403 606 2441 ex
663 2388 744 2440 eis
802 2401 906 2441 non
969 2384 1288 2439 Concludere
1349 2401 1378 2438 a
1446 2385 1823 2438 communione

256 2476 315 2530 S.
334 2475 615 2530 Athanasii
636 2483 690 2528 et
708 2475 870 2529 totius
887 2474 1121 2529 Orientis
1138 2473 1442 2527 Marcellum
1461 2483 1583 2526 ante
1601 2482 1825 2525 mortem

253 2568 539 2622 exclusum
568 2566 758 2631 fuisse,
780 2580 878 2621 nec
901 2574 1027 2620 tunc
1058 2563 1368 2620 Occidentis
1402 2563 1653 2616 habuisse
1677 2576 1828 2616 com-

254 2659 592 2714 munionem.
614 2658 969 2729 Conjecturas
996 2672 1145 2711 ineas
1183 2671 1501 2727 proponam,
1532 2662 1640 2710 tota
1676 2669 1735 2709 re
1760 2656 1826 2708 ad

254 2751 665 2821 dijudicandttm
706 2753 1038 2809 doctioribus
1075 2751 1283 2805 relicta.

334 2844 628 2913 Conceptis
680 2861 810 2898 sane
846 2845 1027 2899 verbis
1076 2851 1306 2897 testatur
1345 2838 1575 2895 Basilius
1604 2839 1677 2909 (ὁ)
1700 2837 1831 2893 Mar-

256 2936 453 2993 cellum
481 2952 548 2990 ex
580 2937 816 2991 Ecclesia
846 2937 1079 2990 cxiisse:
1112 2950 1286 3004 neque
1317 2934 1417 2987 hoc
1464 2932 1828 2989 testimonium

256 3031 312 3084 in
344 3045 403 3084 re
434 3039 561 3082 ante
594 3028 762 3097 ipsius
795 3027 983 3081 oculos
1013 3029 1185 3094 posita
1219 3026 1432 3079 videtur
1471 3025 1621 3093 rejici
1647 3039 1826 3093 posse.

258 3119 378 3175 Non
407 3121 553 3177 enim
582 3120 630 3175 is
654 3130 770 3174 erat
795 3117 1029 3174 Basilius
1050 3117 1164 3186 qui,
1183 3117 1226 3170 si
1272 3114 1563 3169 Marcellus
1602 3114 1655 3169 in
1687 3130 1830 3169 com-

258 3211 515 3265 munione
538 3209 822 3265 Athanasii
853 3216 904 3262 et
939 3184 1194 3261 Ecclesiae
1220 3205 1477 3259 [laniante
1504 3214 1630 3259 ante
1659 3220 1828 3259 aunos
1852 3184 1897 3243 (ἶ

259 3313 494 3371 quatuor
537 3311 631 3356 aut
670 3301 912 3371 quinque
945 3300 1193 3365 obiisset,
1221 3314 1287 3354 ex
1317 3297 1558 3352 Ecclesia
1593 3310 1717 3350 eum
1748 3295 1831 3349 di-

258 3401 412 3447 ceret
436 3392 653 3447 abiisse.
683 3392 762 3446 Ad
792 3391 978 3446 Basilii
1015 3392 1390 3445 auctoritatem
1424 3389 1691 3443 accedunt
1725 3403 1828 3443 non

258 3486 478 3538 inllrma
505 3494 844 3554 argumenta.
873 3484 985 3537 Cur
1006 3484 1151 3537 enim
1182 3480 1542 3535 Marcellianis
1570 3494 1829 3535 concessa

259 3592 289 3631 a
320 3574 731 3632 confessoribus
759 3573 1069 3629 communio
1089 3574 1376 3627 multorum
1407 3571 1830 3642 indignationem

266 3672 457 3735 movit,
486 3685 549 3724 ac
575 3669 742 3739 ipsius
778 3669 939 3723 etiam
964 3665 1109 3721 Petri
1149 3665 1502 3721 Alexandrini
1536 3666 1831 3734 reprehen-

257 3764 469 3818 sionem
514 3778 622 3817 non
691 3760 897 3831 elfugit,
970 3760 1015 3814 si
1102 3758 1385 3813 Marcellus
1454 3756 1830 3811 communione

258 3853 322 3909 S.
344 3854 626 3908 Athanasii
646 3862 774 3906 ante
795 3862 1024 3905 mortem
1047 3867 1151 3904 non
1176 3849 1465 3904 caruerat?
1488 3847 1832 3902 Demonstrat

257 3944 499 4001 Basilius
536 3942 915 3999 Marcellianos
969 3958 999 3995 a
1055 3942 1463 3998 confessoribus
1508 3941 1675 4011 recipi
1724 3955 1829 3994 non

258 4039 514 4092 debuisse
546 4038 665 4092 sine
690 4050 952 4092 consensu
981 4034 1407 4091 Occidentalium
1442 4044 1496 4087 et
1520 4049 1708 4088 eorum
1737 4033 1829 4103 qui

257 4131 314 4186 in
384 4129 611 4186 Oriente
669 4144 791 4183 cum
866 4125 1268 4184 confessoribus
1334 4123 1828 4180 communicabant.

256 4221 456 4278 Clausa
489 4235 622 4290 ergo
660 4228 779 4274 erat
823 4217 1186 4273 Marcellianis
1218 4229 1274 4273 et
1314 4216 1552 4275 Orientis
1580 4228 1633 4271 et
1673 4214 1831 4271 Occi-

261 4314 438 4369 dentis
474 4310 805 4367 communio.
835 4310 1018 4366 Roma:
1057 4322 1176 4364 erat
1215 4309 1411 4364 Petrus
1450 4324 1571 4363 cum
1606 4311 1673 4362 de
1703 4321 1832 4361 con-

259 4420 415 4462 cessa
458 4404 821 4461 Marcellianis
868 4403 1249 4460 comnmnione
1292 4411 1398 4454 tam
1450 4400 1686 4471 graviter
1708 4414 1833 4454 con-

1926 1930 2333 1998 appellationem
2383 1946 2541 1997 praue
2576 1933 2793 1996 accepit,
2829 1929 3031 1981 nullum
3074 1929 3314 1981 videntur
3347 1924 3490 1977 intu-

1928 2020 2051 2074 lisse
2082 2023 2417 2088 rituperium.
2450 2021 2552 2089 Qui
2591 2019 2813 2075 Verbum
2846 2019 3053 2089 quidem
3096 2020 3293 2070 dictum
3332 2018 3491 2084 fuisse

1930 2106 2266 2179 Uuigenitum
2305 2113 2562 2177 concedit,
2592 2113 2660 2165 ad
2687 2126 2842 2164 usum
2872 2119 2920 2163 et
2942 2112 3010 2162 ad
3047 2121 3246 2175 tempus
3277 2123 3492 2175 progre-

1927 2200 2098 2262 diens,
2123 2199 2211 2252 sed
2240 2216 2421 2253 rursus
2452 2203 2521 2253 ad
2543 2217 2659 2253 eum
2707 2203 2843 2254 unde
2871 2200 3067 2269 prodiit
3098 2208 3372 2259 rererteus,
3407 2211 3495 2249 ne-

1926 2306 2022 2360 que
2051 2300 2171 2343 ante
2207 2290 2405 2343 exitum
2432 2305 2564 2356 esse,
2606 2307 2766 2359 neque
2787 2301 2899 2355 post
2945 2291 3166 2343 reditum
3190 2289 3490 2342 subsistere.

1930 2381 2158 2436 Dubium
2178 2395 2322 2451 ergo
2354 2396 2461 2435 non
2495 2389 2612 2435 erat
2634 2380 2829 2433 Basilio
2854 2382 2982 2451 quin
2999 2379 3304 2432 Marcellum
3322 2378 3493 2431 Atha-

1928 2474 2111 2526 nasius
2166 2474 2551 2527 eundemnaret
2581 2488 2596 2526 :
2625 2471 2725 2525 hoc
2775 2487 2937 2523 unum
2982 2469 3275 2535 contendit,
3308 2478 3365 2521 ut
3390 2465 3495 2523 00-

1928 2564 2227 2618 cidentales
2281 2566 2347 2617 ad
2391 2564 2533 2617 idem
2588 2564 2656 2618 de
2709 2561 2958 2616 Marcello
3006 2560 3289 2613 ferendum
3352 2558 3495 2629 judio

1929 2656 2071 2709 cium
2101 2655 2352 2709 adducat.
2389 2656 2649 2709 Videntur
2694 2654 2989 2725 posteriora
3037 2650 3267 2707 Marcelli
3291 2652 3495 2720 scripta

1931 2746 2115 2819 (multa
2151 2749 2292 2801 enim
2330 2748 2546 2817 scripsit
2572 2758 2707 2801 teSte
2742 2747 3066 2815 llicrouy-no
3090 2743 3307 2817 idjjvel
3341 2757 3493 2812 aper-

1933 2841 2037 2895 tior
2075 2842 2280 2895 erroris
2319 2840 2633 2909 praedicatio
2679 2840 3033 2893 Athanasium
3089 2838 3407 2899 adduxisse,
3442 2844 3501 2889 ut

1931 2952 1960 2989 a
1992 2951 2088 2990 sua
2126 2936 2275 2990 illum
2323 2933 2703 2990 communione
2751 2940 3070 2986 removeret.
3104 2930 3176 2985 De
3238 2929 3497 2984 Romani:

1930 3027 2094 3081 etiam
2149 3043 2252 3081 non
2292 3026 2541 3096 queritur
2589 3024 2819 3077 Basilius
2875 3022 3016 3091 quod
3069 3038 3189 3077 cum
3241 3019 3496 3074 Marcello

1930 3119 2363 3179 communicent,
2420 3117 2515 3171 sed
2567 3117 2709 3185 quod
2762 3117 2888 3169 olim
2954 3114 3495 3173 communicaverint,

1932 3226 2031 3267 nec
2078 3213 2219 3280 quod
2276 3210 2424 3265 illum
2477 3207 2694 3263 foveant
2742 3218 2793 3263 et
2854 3207 3180 3271 defendant,
3213 3208 3306 3258 setl
3348 3204 3494 3274 quod

1932 3314 2117 3374 aperte
2156 3320 2259 3358 non
2302 3303 2683 3359 condemnent.
2729 3299 2820 3356 Sic
2866 3302 3009 3355 enim
3062 3297 3328 3370 pergit(c)
3361 3315 3375 3349 :
3407 3296 3504 3351 Αια

1930 3412 2028 3465 que
2078 3397 2237 3465 hujus
2283 3398 2356 3449 rei
2402 3405 2710 3466 argumenta
2741 3403 2858 3447 sunt
2887 3400 3082 3447 servati
3109 3392 3247 3461 quod
3282 3407 3374 3445 nos
3403 3406 3495 3443 ne-

1933 3490 2087 3554 fariae
2118 3490 2261 3541 illius
2285 3490 2585 3556 scriptionis
2617 3486 2879 3541 libri.Sed
2910 3498 3080 3538 tamen
3098 3500 3351 3552 nusquam
3379 3499 3496 3535 eum

1933 3578 2214 3647 reprobare
2249 3578 2345 3632 visi
2374 3588 2518 3642 sunt,
2543 3580 2697 3647 idque
2725 3594 2783 3631 eo
2810 3578 3017 3630 nomine
3035 3575 3332 3643 rituperati,
3358 3578 3497 3641 quod

1932 3686 2048 3723 eum
2072 3669 2136 3721 ab
2155 3669 2304 3721 initio
2322 3684 2385 3723 ea:
2404 3669 2637 3722 ueritatis
2666 3668 2991 3738 ignoratione
3014 3666 3069 3720 in
3089 3665 3500 3720 ecclesiasticam

1934 3760 2092 3814 etiam
2123 3763 2539 3815 communionem
2559 3763 2862 3829 receperint.

2011 3852 2203 3907 Utrum
2230 3850 2430 3906 Basilio
2447 3852 2775 3907 Athanasius
2809 3862 2862 3906 et
2883 3850 3182 3905 Athanasio
3211 3848 3506 3902 annuerint

1935 3943 2334 4012 Occidentales,
2371 3946 2621 4014 equidem
2676 3943 2820 3999 haud
2864 3943 3022 3997 facile
3055 3943 3360 3997 statuerim.
3402 3940 3502 3994 Ba-

1935 4036 2087 4091 silius
2117 4039 2167 4091 in
2202 4038 2362 4106 epist.
2408 4038 2475 4092 89
2506 4037 2569 4090 ad
2615 4035 2909 4098 Meletium,
2937 4035 3039 4088 hoc
3071 4050 3234 4088 unum
3270 4047 3506 4089 comme-

1936 4137 2130 4191 morat,
2158 4128 2299 4196 quod
2328 4144 2355 4180 a
2396 4128 2454 4181 S.
2490 4128 2793 4181 Athanasio
2841 4126 3133 4193 impetrare
3182 4140 3285 4180 non
3316 4135 3503 4195 potue-

1938 4229 2040 4285 rat,
2063 4234 2254 4287 nempe
2282 4228 2339 4272 ut
2367 4218 2425 4273 S.
2451 4219 2785 4274 Athanasius
2810 4219 2957 4288 prior
2999 4216 3260 4273 scriberet
3293 4216 3353 4272 S.
3396 4215 3508 4271 Me-

1936 4312 2084 4366 letio.
2126 4310 2279 4366 Unde
2311 4312 2506 4383 conjici
2540 4322 2723 4381 posset
2754 4326 2873 4382 qua:
2914 4312 2979 4367 de
3037 4310 3289 4365 Marcello
3322 4322 3505 4379 postu-

1938 4403 2043 4457 lata
2092 4402 2325 4468 fuerant,
2375 4404 2726 4459 concilianda:
2780 4404 2899 4472 paci
2945 4403 3167 4455 minime
3206 4403 3504 4457 obstitisse.

261 4508 486 4566 questus
524 4509 649 4554 est:
687 4495 828 4566 quod
876 4496 1093 4566 quidem
1155 4508 1259 4548 non
1321 4493 1534 4547 videtur
1591 4491 1830 4545 facturus
1861 4522 1905 4577 Β
1936 4495 2088 4561 Quod
2123 4504 2331 4564 spectat
2361 4500 2426 4551 ad
2456 4496 2854 4559 Occidentales,
2883 4511 2988 4548 non
3032 4505 3159 4564 puto
3188 4494 3505 4548 nominatim

260 4587 430 4645 fuisse
452 4631 467 4653 ,
498 4590 543 4644 si
572 4590 867 4644 Romanam
898 4585 1195 4642 Ecclesiam
1228 4585 1281 4638 in
1333 4582 1675 4637 concedenda
1724 4580 1830 4635 illis

258 4684 641 4737 communione
693 4690 936 4751 perstare
962 4679 1203 4734 vidisset.
1232 4674 1420 4731 Nullus
1469 4676 1698 4747 proferri
1733 4690 1829 4745 po-

262 4781 368 4828 test
414 4773 736 4844 episcopus,
780 4773 872 4841 qui
927 4786 1022 4827 eos
1049 4771 1380 4833 admitteret,
1427 4778 1621 4839 printer
1650 4766 1831 4821 Pauli-

260 4883 414 4933 num,
446 4881 605 4935 quem
658 4865 833 4922 solum
881 4879 947 4920 eo
979 4864 1198 4921 nomine
1232 4871 1494 4919 accusant
1525 4860 1829 4916 Orientales

260 4960 313 5014 in
331 4956 558 5029 epistola
578 4958 703 5024 263,
719 4972 839 5028 quae
856 4972 999 5012 anno
1019 4955 1121 5011 577
1142 4957 1335 5026 scripta
1358 4964 1461 5010 est.
1490 4953 1830 5009 Perabsurda

258 5064 445 5107 autem
490 5051 603 5106 hac
655 5051 846 5107 fuisset
879 5050 1177 5114 accusatio,
1208 5049 1252 5102 si
1303 5049 1401 5118 ipsi
1453 5046 1831 5102 Occidentales

260 5143 405 5197 idem
436 5157 504 5199 ac
541 5139 797 5197 Paulinus
827 5138 1264 5198 committebant.
1296 5137 1603 5204 Quinetiam
1652 5135 1832 5191 Pauli-

261 5250 366 5289 nus
392 5249 499 5288 non
551 5247 767 5303 semper
790 5233 998 5288 videtur
1028 5234 1099 5289 ita
1140 5248 1200 5289 se
1235 5230 1484 5302 gessisse.
1517 5233 1650 5288 Nam
1686 5249 1829 5287 anno

261 5322 370 5379 575
389 5322 620 5378 Basilius
643 5338 833 5378 omnes
858 5324 1058 5393 eloquii
1104 5325 1187 5379 sui
1228 5332 1452 5379 conatus
1478 5325 1738 5388 adhibuit,
1770 5334 1829 5378 ut

261 5416 480 5471 comitis
507 5412 745 5470 Terentii
778 5417 1212 5487 conjunctionem
1242 5430 1363 5471 cum
1407 5411 1631 5470 Paulino
1659 5416 1829 5470 inter-

261 5506 509 5579 pellaret.
535 5507 667 5563 Illud
708 5517 892 5564 autem
931 5509 983 5564 in
1024 5508 1251 5564 Paulino
1284 5508 1623 5579 potissimum
1656 5523 1834 5579 repre-

334 5646 936 5787 W$%T?'

334 5716 869 5859 wﬂwﬂ?

361 5785 409 5859 c)
436 5785 533 5858 Ep.
553 5786 643 5857 69,
674 5807 726 5843 ιι.
754 5790 808 5845 2.

1939 4589 2006 4642 ab
2032 4590 2111 4646 eis
2141 4592 2448 4645 damnatmn
2480 4592 2648 4645 fuisse
2686 4588 3034 4656 Marcellum;
3068 4589 3119 4643 id
3175 4588 3317 4643 enim
3358 4586 3507 4641 nullo

1937 4690 2116 4737 exstat
2159 4695 2526 4741 monumento.
2570 4682 2675 4735 Sed
2726 4682 2863 4734 forte
2921 4679 3059 4734 idem
3113 4690 3240 4733 tunc
3278 4677 3505 4744 factum,

1938 4773 2083 4843 quod
2118 4774 2355 4843 quinque
2381 4786 2509 4827 ante
2541 4774 2643 4825 hoc
2678 4780 2887 4840 lempus
2919 4786 3078 4823 annis
3116 4769 3317 4823 fecerat
3346 4766 3507 4823 Libe-

1938 4867 2052 4921 rius
2081 4882 2238 4936 papa.
2270 4866 2403 4919 Nam
2453 4880 2578 4918 cum
2625 4863 2784 4933 legati
2811 4862 3146 4924 Eustathius,
3172 4860 3506 4931 Theophilus

1935 4970 1989 5014 et
2026 4957 2281 5013 Silvanus
2328 4958 2378 5010 in
2429 4954 2777 5012 Occidentem
2832 4954 2983 5009 missi
3022 4954 3324 5009 Marcellum
3382 4970 3504 5009 cum

1936 5051 2168 5107 Photinn
2201 5063 2254 5105 et
2287 5049 2451 5105 Paulo
2484 5048 2843 5105 Samosateno
2859 5051 3117 5105 damnent
3146 5048 3197 5103 in
3226 5048 3345 5105 fidei
3370 5064 3509 5104 con-

1937 5142 2174 5198 fessione
2210 5158 2371 5213 quam
2429 5142 2649 5198 Liberio
2695 5143 3043 5211 obtulerunt,
3093 5144 3207 5211 ipse
3261 5142 3509 5197 Liberius

1940 5235 1993 5287 in
2040 5249 2138 5287 sua
2178 5234 2244 5288 ad
2274 5231 2584 5289 Orientales
2624 5232 2850 5301 epistola
2885 5231 3174 5287 conllrmat
3207 5230 3505 5301 legatorum

1939 5324 2265 5388 doctrinam,
2293 5324 2388 5380 sed
2419 5326 2715 5393 generatim
2763 5323 3198 5393 Patripassianos
3225 5332 3282 5377 et
3318 5321 3507 5376 Sabel-

1940 5416 2119 5479 lianos
2166 5421 2386 5471 damnat
2418 5417 2497 5485 (ιι.
2537 5418 2616 5490 4),
2670 5431 2770 5471 nec
2817 5414 3149 5479 Marcellum,
3188 5428 3287 5469 nec
3340 5411 3508 5467 ullmn

1940 5508 2105 5564 alium
2172 5508 2490 5565 nominatim
2540 5508 2835 5575 appellans.
2892 5506 3074 5574 Quare
3125 5506 3309 5561 nescio
3362 5503 3503 5559 unde

2007 5650 2085 5718 (ά)
2118 5648 2190 5703 De
2220 5653 2317 5708 vir.
2345 5650 2449 5717 ιιι,
2476 5666 2524 5707 c.
2563 5647 2652 5703 86.

2010 5721 2080 5793 te)
2115 5718 2246 5775 Ibid.
