4038 6468
517 372 643 417 CLlV

1867 362 2400 419 PllllLEGOMENA.

521 474 766 533 hauserit
803 476 1180 547 Metrophanes
1213 478 1460 549 Smyrna?
1505 483 1792 549 episcopus
1838 482 1979 549 quod
2008 481 2081 534 ait
2113 485 2156 540 Α
2186 496 2262 534 se.
2290 482 2502 553 Alioqui
2536 496 2602 536 ne
2625 483 2689 536 ad
2716 482 2902 536 horam
2937 483 3150 553 quidem
3192 486 3480 542 seillorum
3510 499 3753 541 commn-

524 568 575 622 in
612 570 841 623 concilio
866 580 1077 633 octavo,
1116 582 1223 625 act.
1253 572 1322 626 ϐε
1367 570 1662 627 Novissime
1715 583 1889 627 autem
1941 573 2086 627 Mar-

519 665 705 716 cellum
750 664 818 715 ad
854 665 1120 732 proprium
1163 666 1414 717 comitum
1447 681 1701 719 reversum
1730 673 1777 716 et
1810 665 2091 731 deprchen-

516 768 633 806 sum
664 754 964 808 Itwreticum
994 754 1047 805 lii
1072 755 1161 823 qui
1195 756 1334 808 circa
1390 755 1660 810 Silvanum
1695 767 1843 810 erant
1874 757 2089 811 attat/te-

516 848 919 906 matizarerunl,
949 845 1131 911 quibus
1170 856 1217 896 et
1260 845 1499 901 Liberius
1552 863 1685 915 papa
1743 866 1835 916 per
1881 851 2086 902 litteras

520 952 667 999 suas,
688 936 778 1003 qui
806 934 1140 1001 pattlulium
1171 939 1291 1005 fuit,
1318 941 1598 992 concordat
1620 939 1796 993 dicens
1819 957 1834 993 :
1860 939 2084 993 Marcel-

517 1026 626 1078 lum
657 1025 835 1079 denuo
875 1027 1038 1094 impie
1076 1028 1551 1097 dogmatizantem.
1590 1029 1795 1099 Pugnat
1829 1048 1948 1086 cum
1986 1032 2088 1084 hoc

520 1113 831 1167 testimonio
883 1113 1134 1179 Basilius,
1176 1118 1347 1185 quiin
1389 1120 1545 1186 epist.
1584 1117 1676 1180 89,
1702 1134 1863 1187 quam
1922 1134 2083 1187 supra

516 1205 821 1267 citat'inttts,
868 1204 1183 1260 Marcellum
1221 1225 1482 1276 nusquam
1512 1223 1539 1260 a
1577 1207 1842 1267 Romanis
1872 1212 2086 1277 pontiﬁ-

515 1296 667 1350 cibus
696 1299 1006 1351 damnatum
1027 1302 1293 1367 queritur.
1314 1298 1566 1352 Testatur
1599 1298 1835 1354 Hilarius
1863 1300 2081 1371 Fragm.

518 1388 645 1441 hist.
672 1386 725 1449 2,
758 1405 813 1443 η.
845 1389 939 1453 21,
970 1389 1302 1453 Marcellum,
1331 1406 1449 1443 cum
1483 1391 1540 1442 S.
1568 1391 1865 1446 Athanasio
1893 1397 2086 1462 proba.

514 1489 602 1535 tus
628 1491 683 1534 et
708 1493 968 1553 purgatus
1001 1484 1203 1543 fuisset,
1231 1494 1415 1543 postea
1455 1484 1521 1537 ab
1549 1485 1785 1554 ejusdem
1820 1497 2084 1539 remotum

516 1570 685 1626 fuisse
743 1573 1141 1626 communione.
1179 1580 1249 1625 At
1298 1573 1485 1627 llilarii
1533 1576 1839 1629 testimonio
1870 1576 1943 1628 uti
1981 1591 2084 1629 non

514 1676 754 1727 possum,
787 1664 911 1730 quia
944 1664 994 1715 id
1040 1665 1334 1733 coiitigissc
1370 1666 1500 1719 dicit
1530 1676 1821 1731 antequam
1856 1668 2081 1719 damna-

516 1764 663 1806 retur
683 1752 945 1809 Photinus
982 1772 998 1809 :
1030 1758 1173 1825 quod
1213 1759 1426 1824 quidem
1466 1756 1661 1811 refellit
1710 1760 1825 1827 ipse
1853 1758 2087 1811 Athana-

514 1844 651 1908 sius,
682 1846 767 1900 cui
813 1846 1118 1911 Marcellus,
1158 1861 1217 1901 ιιι
1245 1850 1497 1904 observat
1530 1852 1927 1916 Tillemoutius,
1961 1853 2081 1919 plu-
2117 1826 2157 1880 Β

515 1939 668 1994 ribus
717 1939 874 1995 annis
929 1950 1051 2009 post
1109 1942 1421 1997 damnatum
1474 1943 1767 1997 Pbotinum
1823 1944 2084 2013 probatus

516 2029 637 2085 fuit.

586 2128 731 2181 Nihil
766 2129 1057 2182 detrahunt
1103 2130 1168 2183 de
1201 2132 1283 2183 his
1309 2133 1574 2184 rationum
1616 2134 1929 2199 momentis,
1958 2150 2079 2205 quae

516 2218 580 2271 ad
615 2218 849 2273 Marcelli
900 2220 1275 2275 defensionem
1308 2222 1682 2290 proferuntur,
1716 2241 1836 2279 cum
1884 2228 1949 2278 ad
1988 2242 2083 2279 ex-

517 2322 716 2367 tremos
741 2311 881 2367 illius
902 2327 1075 2368 annos
1102 2329 1207 2368 non
1236 2317 1568 2384 pertineant.
1598 2316 1813 2371 Frustra
1845 2332 2073 2370 commu.

513 2405 694 2460 nionis
715 2406 926 2471 litterae,
947 2422 1083 2476 quas
1110 2406 1443 2462 Marcelliani
1477 2408 1877 2463 eoufessoribus
1910 2406 2083 2478 Egy-

513 2495 642 2563 ptiis
678 2498 1059 2561 ostenderunt,
1086 2500 1304 2567 scriplte
1330 2517 1359 2553 a
1402 2500 1460 2554 8.
1492 2500 1792 2553 Athanasio
1831 2500 2084 2553 dicuntur

511 2602 653 2641 anno
680 2587 804 2641 571.
843 2587 997 2641 Nulla
1032 2591 1172 2643 inest
1217 2590 1374 2656 hujus
1407 2590 1668 2657 temporis
1698 2601 1823 2643 nota
1875 2590 1927 2643 in
1960 2589 2081 2643 lidei

512 2678 877 2743 confessione,
912 2696 1032 2750 qua:
1076 2680 1313 2736 Marcelli
1370 2679 1594 2751 ejusque
1643 2680 1777 2736 cieri
1809 2691 1863 2736 et
1909 2682 2083 2750 plebis

512 2773 733 2827 nomine
770 2773 951 2828 oblata
983 2774 1193 2830 litteras
1219 2776 1619 2831 communionis
1646 2791 1673 2829 a
1701 2774 1760 2830 8.
1790 2776 2085 2832 Athanasio

514 2864 845 2933 impetravit.
890 2866 1202 2932 Quinetiam
1254 2868 1397 2921 illam
1432 2874 1717 2938 perpaucis
1756 2868 1914 2919 annis
1964 2875 2085 2934 post

514 2967 737 3010 cxortos
760 2957 1050 3010 Auommos
1085 2966 1319 3012 oblatam
1346 2979 1408 3013 ex
1445 2962 1527 3014 his
1555 2961 1733 3013 verbis
1756 2958 1933 3027 colligi
1967 2973 2085 3027 pos-

510 3057 612 3111 set,
647 3048 1110 3121 ἁναθεματίζομέν
1132 3068 1189 3102 τε
1226 3053 1317 3103 καὶ
1350 3053 1474 3114 τοὺς
1524 3050 1619 3104 νῦν
1654 3050 1964 3116 ἐξελθόντας
1991 3050 2083 3103 καὶ

2192 574 2404 628 nionem
2439 576 2800 630 admissurum
2848 575 3035 643 fuisse,
3067 579 3111 632 si
3153 578 3516 636 claudicantes
3544 580 3599 636 in
3646 578 3752 635 fide

2190 666 2434 722 vidisset.

2266 755 2399 809 Cum
2438 758 2669 827 spatimn
2706 757 2920 826 aliquod
2969 760 3271 828 ponendum
3308 759 3376 813 sit
3412 763 3555 818 inter
3605 761 3753 818 redi—

2194 855 2305 899 tum
2341 848 2640 916 legatorum
2693 860 2748 905 et
2794 849 2929 905 hanc
2974 850 3157 907 Basilii
3210 853 3524 923 epistolam,
3551 857 3753 920 scripta

2190 954 2296 992 non
2343 941 2553 995 videtur
2608 942 2711 997 nisi
2747 958 2889 996 anno
2935 942 3063 1007 378,
3104 962 3207 999 non
3248 944 3413 1001 ntulto
3462 954 3752 1013 antequam

2190 1028 2380 1084 Petrus
2415 1029 2584 1084 Roma
2619 1034 2937 1088 discederet.
2965 1030 3014 1086 Is
3049 1035 3191 1087 enim
3229 1046 3352 1091 ante
3375 1035 3510 1089 alios
3540 1040 3755 1093 contes-

2188 1136 2341 1177 sores
2374 1124 2424 1176 in
2465 1122 2755 1178 Ecclesiam
2787 1140 2938 1179 suam
2973 1124 3243 1196 rediit(d),
3276 1127 3525 1183 incolumi
3578 1128 3755 1183 adhuc

2189 1212 2433 1278 Valente,
2464 1216 2557 1268 sed
2589 1214 2954 1271 molestissimi
2993 1216 3115 1272 belli
3153 1217 3509 1275 incommodis
3541 1219 3613 1274 ita
3650 1217 3754 1272 iiii-

2186 1306 2389 1373 pedito,
2421 1315 2477 1359 ut
2512 1306 2680 1359 otium
2714 1311 3101 1376 persequenda:
3128 1307 3382 1365 Ecclesia:
3428 1328 3534 1366 non
3586 1312 3751 1367 liabe-

2191 1406 2290 1451 ret.
2332 1396 2465 1451 Tum
2510 1412 2631 1451 cum
2689 1398 2826 1452 hanc
2871 1400 3153 1467 epistolam
3195 1401 3461 1456 scriberet
3494 1402 3753 1467 Basilius,

2186 1490 2425 1543 omnium
2458 1486 2699 1543 Orientis
2728 1488 3094 1543 Ecclesiarum
3134 1490 3274 1545 oculi
3314 1490 3363 1542 in
3394 1490 3636 1558 Petrum,
3661 1494 3757 1548 Ba-

2186 1579 2385 1643 silium,
2418 1579 2711 1645 Meletium,
2739 1590 2795 1634 et
2815 1580 2950 1635 alios
2974 1580 3235 1648 ejusmodi
3271 1580 3611 1638 confessores
3628 1602 3757 1642 con-

2186 1672 2325 1725 versi
2353 1682 2528 1727 erant.
2547 1672 2725 1738 Quare
2751 1672 3336 1728 demonstratBasilins
3366 1676 3550 1743 quanti
3584 1677 3757 1730 inter-

2186 1764 2346 1817 situt
2397 1766 2665 1831 prazterita
2711 1765 2968 1821 oblivioni
3014 1768 3316 1825 tradantur.
3362 1776 3418 1821 et
3470 1766 3752 1836 paciﬁcum

2188 1854 2403 1921 aliquod
2436 1856 2651 1908 initium
2684 1856 3034 1911 instituatur:
3059 1859 3257 1928 quippe
3281 1874 3401 1912 cum
3429 1872 3634 1924 eorum,
3658 1856 3751 1927 qui

2188 1946 2469 1999 veritatem
2504 1945 2803 2000 defendunt
2832 1952 3119 2003 concordia
3158 1949 3382 2020 populos
3410 1954 3474 2004 ad
3502 1964 3755 2021 persecu-

2189 2037 2384 2090 tionem
2413 2039 2785 2092 sustinendam
2816 2040 3057 2094 acriores
3092 2040 3299 2095 factura
3333 2045 3423 2106 sit,
3457 2053 3511 2097 et
3544 2042 3755 2097 discor-

2189 2128 2274 2181 dia
2310 2132 2597 2186 tardiores.

2686 2222 2913 2279 CAPUT
2960 2223 3242 2278 XXXVIII.

2185 2310 2224 2366 Ι.
2255 2310 2546 2366 Concilium
2596 2315 2961 2377 Ainphilochii,
3016 2317 3068 2366 in
3094 2330 3193 2383 quo
3228 2313 3480 2365 laudatur
3514 2312 3756 2383 liberiDe

2258 2385 2458 2447 Spiritu
2493 2394 2696 2435 sancto.
2734 2384 2791 2436 Il.
2840 2385 3083 2449 Iz‘pistolar
3108 2382 3371 2436 nonnullw
3401 2399 3539 2437 anno
3569 2382 3675 2435 577
3698 2392 3751 2434 et

2252 2452 2356 2504 378
2410 2455 2634 2518 scripla‘.
2675 2450 2756 2504 III.
2816 2452 2891 2504 De
2950 2452 3185 2517 pluribus
3228 2455 3350 2507 alits
3403 2454 3456 2507 in
3493 2462 3754 2506 senectute

2256 2521 2313 2577 S.
2336 2520 2525 2576 Basilii
2546 2524 2770 2589 scriptis.
2801 2520 2887 2575 IV.
2910 2522 2983 2575 De
2998 2524 3226 2591 epistolis
3244 2526 3294 2576 in
3313 2526 3611 2591 episcopatu
3628 2520 3754 2591 qui-

2256 2595 2370 2646 dem
2403 2594 2633 2660 scriptis,
2664 2595 2752 2646 sed
2783 2610 3006 2665 quarunt
3034 2606 3231 2659 lentius
3260 2597 3535 2648 incertum.

2258 2686 2295 2740 I.
2328 2687 2625 2742 Concilium
2666 2687 2969 2741 celebrabat
3002 2688 3411 2755 Amphilochius
3443 2690 3533 2755 (e),
3562 2700 3684 2740 cum
3722 2698 3754 2738 ι

2188 2790 2390 2831 remota
2426 2781 2653 2845 quadam
2685 2777 2923 2830 Ecclesia
2974 2777 3253 2830 consultus
3280 2786 3363 2829 est
3406 2779 3472 2829 de
3506 2777 3755 2829 doctrina

2187 2869 2421 2934 Spiritus
2452 2869 2650 2921 sancti.
2690 2867 2991 2935 Respondit
3044 2883 3141 2921 suo
3180 2879 3233 2920 et
3258 2867 3487 2924 aliorum
3539 2869 3754 2934 episco—

2186 2971 2375 3024 porum
2412 2955 2648 3018 nomine,
2680 2955 2771 3008 sed
2806 2956 3005 3009 litteris
3040 2958 3153 3010 suis
3189 2956 3429 3024 adjnnxit
3464 2955 3757 3009 elucubra-

2188 3048 2388 3101 tionem
2419 3046 2600 3102 Basilii
2635 3048 2699 3101 de
2728 3048 2934 3117 Spiritu
2986 3058 3199 3110 sancto,
3229 3048 3409 3101 dolere
3438 3063 3496 3102 se
3539 3049 3754 3117 signifi-

507 3140 830 3213 λεγομένους
842 3143 1151 3213 Ἀνομοίους
1170 3143 1616 3215 (a).Anathemale
1632 3162 1716 3199 eos
1734 3162 1930 3216 quoque
1942 3149 2085 3198 dant-

2191 3156 2356 3206 cans,
2384 3141 2523 3208 quod
2571 3138 2803 3194 Basilius
2860 3141 3049 3193 morbo
3099 3139 3344 3191 detentus
3386 3140 3617 3194 concilio
3647 3156 3755 3193 nou

509 3250 717 3297 namus,
744 3235 832 3304 qui
876 3252 1037 3301 nuper
1093 3238 1258 3289 exorti
1289 3247 1409 3289 sunt
1462 3248 1507 3289 et
1551 3239 1783 3291 Anomaei
1814 3241 2080 3292 dicuntur.

510 3324 649 3378 Hinc
674 3328 815 3378 nulla
849 3327 1053 3379 mentio
1093 3327 1158 3381 de
1213 3327 1831 3381 Pneumatomacliorum
1865 3329 2079 3382 Ineresi.

508 3416 643 3471 Cum
679 3428 858 3470 autem
890 3419 1040 3470 missi
1070 3419 1135 3470 ad
1172 3418 1228 3470 S.
1259 3420 1614 3470 Athanasium
1645 3416 1852 3472 Galatae
1888 3419 2082 3474 litteris

510 3509 885 3580 episcoporum
921 3508 1143 3563 Grteciaa
1196 3519 1251 3563 et
1300 3508 1627 3563 Macedonize
1673 3512 1864 3562 muniti
1915 3524 2083 3564 vene-

515 3603 1009 3673 rint(b).coujicio
1059 3606 1171 3658 haec
1223 3607 1517 3675 contigisse
1569 3620 1673 3659 non
1736 3605 1903 3665 multo
1960 3613 2083 3671 post

513 3697 747 3764 synodos
782 3697 832 3746 in
876 3696 1082 3749 Graecia
1133 3706 1187 3749 et
1228 3696 1537 3750 Macedonia
1590 3697 1891 3752 celebratas
1934 3698 2077 3753 circa

510 3800 708 3838 annum
739 3785 843 3838 565
874 3785 1112 3855 (c),qu:e
1162 3802 1285 3840 cum
1333 3790 1673 3843 decreverint
1718 3790 2084 3843 admittendos

512 3890 652 3940 esse,
701 3876 1007 3945 quicunque
1038 3876 1196 3929 fidem
1229 3876 1498 3930 Niczenam
1546 3880 1875 3947 reciperent,
1899 3881 2085 3933 viden-

516 3976 605 4021 tur
627 3965 866 4020 Marcelli
894 3966 1186 4035 discipulos
1212 3981 1272 4021 ea
1298 3966 1613 4021 conditione
1638 3968 1865 4022 libenter
1894 3985 2078 4026 susce-

512 4060 677 4127 pisse.

585 4149 695 4203 VII.
733 4149 948 4203 Inerant
974 4150 1135 4203 etiam
1162 4148 1302 4205 Petri
1324 4150 1403 4222 (η.
1428 4149 1485 4219 2)
1516 4149 1709 4205 litteris
1726 4150 1959 4219 querelae
1992 4152 2083 4206 ad-

512 4255 703 4296 versus
728 4240 1077 4303 Dorotbeum,
1114 4241 1268 4308 cujus
1312 4242 1584 4297 lenitatem
1615 4258 1678 4296 ac
1710 4244 2080 4297 mansuetudi-

514 4346 639 4385 nem
672 4330 863 4385 Petrus
889 4329 1214 4399 requirebat.
1244 4328 1641 4385 Permolestum
1684 4332 1735 4386 id
1785 4332 1882 4385 fuit
1926 4330 2080 4386 Basi-

512 4425 608 4487 lio,
637 4424 727 4490 qui
759 4423 998 4491 peccatis
1044 4422 1154 4475 suis
1183 4422 1299 4475 fieri
1329 4422 1595 4487 declarat,
1634 4432 1690 4475 ut
1717 4421 1945 4475 fratrum
1991 4439 2084 4492 op-

512 4515 628 4569 timi
654 4529 683 4566 a
709 4514 935 4569 lenitate
964 4513 1262 4579 discedant,
1300 4530 1398 4568 nec
1429 4518 1495 4568 ad
1524 4515 1811 4569 commissa
1857 4530 2077 4568 munera
2115 4492 2158 4547 Β

514 4606 691 4660 idonei
726 4607 1087 4673 reperiantur.
1128 4605 1233 4661 Sed
1268 4618 1552 4676 postquam
1603 4606 1935 4661 Dorotheum
1969 4607 2083 4661 cul-

511 4699 700 4765 pavit,
744 4712 929 4751 rursus
987 4709 1244 4765 peracute
1295 4700 1629 4758 demonstrat
1686 4698 2079 4767 ignoscendum

508 4804 631 4844 esse
659 4788 807 4843 illius
854 4790 1049 4856 dolori,
1080 4791 1122 4844 si
1180 4790 1445 4857 patienter
1483 4789 1671 4845 audire
1717 4805 1824 4845 non
1883 4791 2080 4861 potuit,

508 4896 631 4935 cum
668 4880 863 4936 Petrus
892 4897 1072 4936 coram
1118 4881 1344 4937 Damaso
1378 4885 1513 4937 inter
1564 4883 1846 4938 haereticos
1880 4898 2081 4939 nume-

512 4981 656 5025 raret
708 4982 957 5026 sanctum
1016 4972 1286 5025 Meletium
1351 4984 1405 5028 et
1463 4982 1713 5028 sanctum
1761 4974 2077 5040 Eusebium,

510 5079 647 5133 quos
673 5064 716 5117 si
757 5065 889 5116 nihil
921 5066 1083 5129 aliud,
1114 5066 1301 5118 saltem
1345 5066 1571 5118 tolerata
1614 5081 1714 5132 pro
1760 5065 1863 5119 ﬁde
1898 5081 2084 5136 perse-

512 5160 659 5213 cutio
688 5159 1089 5227 suspicionibus
1118 5158 1397 5213 exsolvere
1421 5168 1479 5213 et
1512 5175 1636 5214 cum
1663 5159 1826 5216 Petro
1855 5161 2083 5229 conjun-

512 5267 641 5319 gere
668 5252 955 5305 debuisset.
988 5250 1095 5304 Sed
1137 5263 1395 5319 praeterea
1429 5260 1660 5307 testatur
1694 5252 1927 5307 Basilius
1961 5252 2083 5306 nul-

510 5346 617 5395 lum
642 5359 763 5397 csse
806 5352 964 5396 rectae
1016 5344 1277 5398 doctrina:
1330 5346 1576 5408 verbum,
1612 5346 1754 5415 quod
1796 5361 1900 5401 non
1953 5360 2078 5399 cum

511 5433 657 5486 omni
694 5434 941 5487 libertate
971 5436 1407 5501 prtedicaverint,
1438 5437 1547 5490 Deo
1575 5446 1711 5491 teste
1747 5448 1803 5490 et
1828 5436 2078 5490 audiente

580 5607 655 5681 ((1)
688 5608 904 5681 Collecl.
933 5607 1102 5663 Cra'c.
1132 5610 1299 5675 Pam,
1333 5623 1368 5668 ι.
1396 5615 1461 5680 II,
1484 5628 1535 5681 p.
1560 5612 1615 5668 5.

577 5679 651 5747 (θ)
685 5680 839 5740 lbid.,
874 5696 926 5747 μ.
964 5683 1008 5735 l.

540 5753 648 5827 "(r)
680 5749 969 5827 Albanas,
1008 5768 1093 5827 cp.
1134 5754 1198 5808 ad
1232 5754 1381 5822 Rull;
1412 5757 1678 5823 Liberius,
1723 5770 1809 5827 ep.
1838 5754 1938 5820 I3;
1974 5754 2073 5809 δεῖ·

508 5818 617 5884 sit,
655 5832 738 5886 ep.
760 5818 884 5885 204,
914 5839 966 5874 η.
1002 5818 1051 5875 e.‘

2187 3233 2466 3295 adfuisset,
2497 3248 2619 3286 eum
2652 3233 2794 3286 enim
2840 3231 3143 3283 litterarum
3174 3231 3237 3282 ad
3269 3231 3411 3284 illam
3461 3232 3755 3286 Ecclesium

2186 3326 2590 3380 scribendarum
2635 3325 2839 3379 socium
2874 3323 2954 3376 vel
2982 3324 3157 3391 petitis
3200 3336 3479 3379 auctorem
3506 3325 3753 3377 futurum

2184 3416 2373 3473 fuisse.
2428 3419 2649 3473 Videtur
2698 3420 2801 3472 hoc
2851 3418 3140 3472 concilium
3179 3435 3322 3473 anno
3351 3420 3453 3472 577
3508 3419 3753 3471 habitum

2189 3507 2353 3561 fuisse
2385 3527 2397 3559 :
2424 3509 2533 3575 jam
2570 3512 2712 3563 enim
2747 3526 2935 3580 magna
2990 3526 3115 3578 pars
3158 3512 3282 3563 anni
3314 3510 3417 3564 576
3449 3507 3755 3571 efﬂuxerat,

2184 3612 2474 3669 antequam
2514 3602 2706 3657 librum
2762 3617 2919 3657 suum
2972 3604 3349 3673 Amphilocbio
3381 3603 3611 3657 Basilius
3649 3602 3755 3655 titi-

2181 3694 2362 3749 sisset.

2256 3786 2555 3842 Cutelerius
2616 3796 2674 3842 et
2732 3787 3105 3842 Tillemontius
3150 3788 3217 3857 (Γ)
3262 3787 3574 3843 existimant
3615 3785 3759 3842 hanc

2186 3880 2549 3950 Ampliilochii
2581 3881 2887 3950 epistolam,
2919 3895 3039 3951 quae
3076 3890 3256 3935 exstat
3295 3890 3426 3937 tom.
3464 3879 3528 3935 Ill
3561 3879 3758 3934 Manu-

2184 3986 2476 4027 mentorum
2520 3973 2771 4029 Ecclesia
2802 3972 3019 4036 ercre.
3051 3974 3307 4043 scriptam
3354 3973 3477 4029 e'sse
3523 3974 3588 4026 ad
3635 3972 3756 4040 epi-

2185 4079 2378 4133 scopos
2425 4076 2644 4120 remota:
2670 4067 2899 4136 alicujus
2942 4067 3253 4135 provincia},
3292 4067 3382 4135 qui
3422 4080 3542 4118 cum
3596 4074 3753 4118 antea

2183 4156 2677 4209 communicassent
2707 4171 2831 4209 cum
2878 4156 3297 4222 Macedonianis,
3325 4166 3377 4211 et
3411 4156 3462 4210 in
3509 4171 3753 4211 commu-

2184 4248 2399 4301 nionem
2447 4263 2569 4301 cum
2614 4248 2905 4302 Catholicis
2956 4250 3132 4303 redire
3179 4260 3419 4314 averent,
3461 4252 3635 4304 adhuc
3668 4258 3756 4302 ta-

2185 4353 2311 4392 men
2342 4338 2627 4393 ﬂuctuanti
2665 4348 2821 4392 erant
2846 4339 2912 4392 de
2940 4337 3139 4407 Spiritu
3168 4348 3356 4393 sancto
3392 4338 3673 4401 sententia,
3700 4345 3760 4391 et

2187 4429 2375 4482 mirari
2406 4429 2748 4494 videbantur,
2776 4444 2876 4483 cur
2919 4430 3020 4482 sibi
3064 4430 3129 4481 ad
3170 4431 3496 4485 credendum
3533 4429 3635 4483 hoc
3655 4429 3752 4484 do-

2189 4534 2307 4587 gma
2365 4532 2776 4589 proponeretur,
2813 4523 2879 4574 de
2909 4536 3016 4588 quo
3051 4522 3181 4574 nihil
3209 4532 3476 4577 statuerat
3507 4522 3747 4590 synodus

2188 4610 2423 4664 Nit'aana.

2262 4704 2369 4757 Sed
2403 4706 2592 4757 harum
2632 4718 2811 4759 rerutn
2841 4701 2976 4756 nihil
2996 4704 3047 4755 in
3078 4704 3177 4756 hac
3208 4700 3427 4772 epistola
3465 4702 3753 4771 reperitur,

2189 4808 2312 4847 cum
2358 4792 2554 4863 legitur
2598 4792 2882 4846 attentius.
2916 4792 3129 4863 Scripta
3161 4803 3242 4847 est
3287 4792 3430 4846 enim
3472 4792 3536 4845 ad
3564 4791 3754 4847 Eccle-

2191 4884 2349 4948 siam,
2380 4898 2497 4953 qure
2529 4901 2555 4936 a
2590 4884 2942 4953 presbyteris,
2974 4885 3214 4948 absente,
3240 4893 3297 4937 ut
3322 4884 3614 4938 verisimile
3645 4891 3753 4945 est,

2189 4977 2258 5031 ob
2297 4977 2731 5046 persecutionem
2774 4979 3049 5047 episc0po,
3102 4978 3409 5045 regebatur,
3456 4991 3520 5031 ac
3559 4989 3753 5045 magna

2191 5071 2405 5138 quidem
2436 5084 2530 5137 pro
2579 5069 2682 5123 fide
2716 5071 3016 5123 certamina
3049 5072 3401 5132 sustinuerat,
3432 5070 3524 5122 sed
3559 5068 3758 5137 jurgiis

2190 5174 2244 5213 et
2284 5161 2596 5215 domesticis
2633 5163 2775 5216 odiis
2807 5163 3105 5217 laborabat.
3137 5160 3289 5213 Patet
3324 5160 3375 5213 id
3414 5176 3478 5212 ex
3517 5160 3598 5212 his
3625 5173 3755 5211 vcr—

2190 5252 2271 5307 bis
2318 5252 2391 5324 (g)
2429 5273 2440 5306 :
2472 5252 2755 5322 Postquam
2818 5265 2993 5307 autem
3041 5254 3243 5306 litteras
3302 5268 3503 5321 quoque
3546 5251 3758 5317 pietatis

2187 5355 2368 5398 uestros
2419 5347 2730 5411 accepimus,
2763 5350 3061 5415 agnovimus
3091 5359 3143 5396 re
3182 5358 3297 5395 vera
3344 5342 3594 5395 Ecclesia!
3621 5358 3757 5408 apo-

2186 5435 2383 5489 stolica:
2410 5434 2785 5501 characterem,
2814 5435 3064 5487 bonorum
3092 5441 3356 5501 pastorum
3383 5432 3566 5496 scium,
3585 5441 3633 5485 et
3653 5434 3756 5484 int-

2256 5616 2332 5685 (d)
2376 5616 2609 5678 Tillem.,
2644 5624 2682 5685 ι.
2712 5613 2794 5672 Vt.
2821 5628 2873 5685 p.
2902 5614 3024 5667 610.

2256 5682 2325 5754 (ε)
2359 5686 2590 5739 Monum.
2629 5684 2764 5736 Eccl.
2798 5684 2996 5748 (inea,
3026 5695 3065 5739 t.
3092 5682 3153 5745 II,
3190 5682 3357 5750 p.99.

2258 5756 2326 5823 (D
2357 5756 2511 5809 'l'om.
2556 5754 2645 5819 IX,
2672 5770 2723 5821 p.
2757 5754 2873 5808 6%.

2256 5818 2329 5889 (ῤ’)
2365 5826 2595 5879 Monum.
2625 5818 2775 5878 Eccl.
2806 5823 3003 5893 Gram,
3035 5832 3163 5881 toni.
3205 5822 3275 5887 II,
3297 5838 3349 5894 p.
3378 5818 3498 5877 I00.
