4038 6464
1620 394 1781 450 VITA
1818 395 1875 449 S.
1910 396 2174 449 BASILII.

3418 404 3519 446 CLV

284 521 488 588 pigrum
517 517 772 580 studium,
802 532 935 586 quoa
970 532 1110 570 veros
1139 514 1459 568 Christianos
1492 517 1691 567 deceat.
1715 514 1853 567 Nam
1884 520 1928 573 Α
1954 516 2071 581 quit
2116 511 2367 575 Basilius,
2412 507 2794 577 appropinquat
2848 507 3067 573 defectio
3122 514 3170 558 et
3225 522 3339 574 (μίαν
3387 521 3521 559 nunc

285 609 423 675 quod
456 623 546 660 nec
579 608 674 659 vita
705 606 1078 675 longitudinem
1133 607 1512 671 reputaveritis,
1566 622 1655 659 nec
1701 622 1853 674 sepa-

286 702 443 753 ratim
478 700 770 752 detuleritis
803 700 1132 767 quastiones,
1156 699 1246 750 sed
1276 700 1616 751 communiter
1651 715 1740 767 per
1764 698 1847 751 lit-

286 804 427 848 teras
458 796 919 862 interrogaveritis.
942 795 1000 846 id
1033 809 1123 844 nos
1147 792 1280 844 bona
1320 807 1407 857 spe
1454 793 1684 859 rep/erit,
1710 792 1856 858 futu-

289 904 405 939 rum
436 897 490 939 ut
522 888 612 950 qui
646 905 749 938 una
788 904 906 939 voce
946 885 1251 952 scripsistis,
1282 886 1517 937 unanimi
1545 887 1701 937 etiam
1729 901 1847 936 con-

290 994 442 1030 sensu
474 986 707 1030 nostram
743 978 1123 1041 responsionem
1163 976 1417 1045 recepturi
1441 976 1557 1029 sitis
1584 990 1602 1027 :
1629 990 1689 1026 ac
1718 974 1857 1027 velut

291 1070 563 1123 exordium
606 1068 927 1138 perfectioris
977 1067 1274 1120 concordia:
1318 1079 1536 1121 vestram
1583 1068 1635 1119 in
1669 1066 1859 1120 litteris

292 1164 684 1214 consensionem
724 1162 1063 1225 suscepimus.
1104 1160 1170 1213 Et
1200 1159 1335 1213 infra
1387 1161 1457 1227 (p.
1492 1159 1612 1223 105)
1641 1177 1654 1211 :
1682 1157 1861 1211 Nolite

292 1253 424 1304 illud
448 1250 578 1303 dare
604 1252 760 1311 malo,
809 1262 862 1303 ut
907 1250 1177 1320 disjungnt
1210 1269 1327 1322 quae
1364 1252 1577 1316 pulchre
1627 1268 1861 1304 connexa

293 1354 437 1407 sunt,
471 1361 632 1414 neque
667 1360 754 1396 vos
801 1344 936 1409 lupis
980 1345 1214 1413 efﬁciatis
1250 1355 1405 1407 captu
1456 1343 1719 1411 faciliores
1770 1358 1862 1408 per

294 1438 691 1494 dissensionem,
728 1435 938 1487 illorum
985 1445 1104 1489 uota
1139 1436 1519 1503 con/irmondo.
1572 1434 1862 1489 Didicimus

295 1531 488 1597 quippe
517 1539 712 1591 quanta
743 1530 1034 1579 certamina
1085 1543 1178 1594 pro
1221 1538 1357 1581 recta
1404 1528 1507 1595 ﬁde
1550 1528 1865 1581 sustinueri-

296 1622 386 1673 tis.
427 1618 685 1682 Quocirca
727 1621 881 1673 minis
915 1632 961 1673 ct
1000 1622 1267 1677 arumnis.
1321 1636 1436 1690 qua:
1481 1634 1574 1687 per
1618 1620 1866 1673 adversa-

296 1714 404 1763 rios
452 1710 869 1774 intentabantur,
908 1712 1146 1771 devictis,
1199 1710 1395 1764 nullam
1450 1711 1670 1777 prmbete
1718 1712 1870 1763 dissi-

297 1802 386 1852 dio
416 1803 740 1855 occasionem
767 1818 785 1854 :
822 1818 883 1855 ne
918 1802 1054 1869 forte
1090 1801 1344 1869 paulatim
1382 1802 1625 1867 illapsum
1663 1802 1863 1865 odium,

298 1891 343 1943 si
368 1890 538 1943 locum
573 1892 844 1953 invenerit,
874 1907 1062 1959 magna
1089 1891 1231 1943 vobis
1260 1902 1515 1953 supponat
1548 1890 1865 1956 prtccipitia.

303 1980 536 2048 Gregem
576 1994 704 2048 ergo
736 1981 1117 2049 alloquebatur
1159 1980 1591 2044 Amphilochius,
1627 1995 1729 2030 non
1766 1981 1871 2047 epi-

298 2086 517 2139 sc0pos,
564 2086 698 2137 quos
747 2086 1085 2140 nequaquam
1140 2070 1386 2123 hortatus
1443 2070 1653 2135 luisset,
1698 2084 1765 2123 ne
1813 2085 1871 2123 se

300 2162 442 2229 lupis
491 2173 649 2229 captu
694 2161 883 2215 faciles
929 2175 1023 2231 per
1090 2161 1483 2214 dissensionem
1548 2162 1869 2229 prmherent.

300 2250 485 2322 Neque
532 2254 693 2306 etiam
750 2252 1118 2304 dissensiones
1171 2250 1221 2303 in
1262 2251 1361 2305 hac
1405 2251 1644 2306 Ecclesia
1674 2251 1741 2305 de
1773 2252 1875 2307 tide

301 2343 552 2397 videntur
590 2352 809 2395 exortte.
838 2341 969 2395 Cum
1004 2343 1147 2395 enim
1192 2342 1350 2411 hujus
1396 2346 1469 2396 rei
1503 2344 1737 2413 suspicio
1770 2359 1873 2396 non

300 2435 533 2501 quadrat
576 2448 698 2485 cum
746 2441 895 2487 tanto
934 2433 1053 2488 lidei
1113 2435 1460 2489 defendenda:
1517 2437 1719 2499 studio,
1764 2448 1873 2488 tum

303 2538 437 2583 vero
464 2524 872 2592 Amphilochius
910 2534 1193 2594 postquam
1234 2526 1299 2579 de
1341 2527 1442 2579 fide
1500 2528 1733 2579 breviter
1764 2526 1875 2579 dis-

304 2617 501 2675 seruit,
540 2632 643 2669 non
688 2632 781 2671 eos
828 2618 1081 2672 hortatur
1136 2628 1191 2670 ut
1233 2618 1371 2670 hanc
1419 2618 1575 2670 fidem
1633 2626 1874 2681 teneant,

304 2707 400 2759 sed
453 2707 519 2760 ad
565 2709 710 2760 aliud
750 2707 1143 2761 adhortationis
1194 2723 1359 2774 genus
1405 2706 1562 2776 plane
1594 2707 1869 2762 diversum

306 2801 544 2855 transit:
578 2800 780 2865 Quibus
823 2804 952 2853 satis
996 2808 1108 2861 est,
1160 2800 1363 2867 inquit,
1407 2800 1637 2868 adjicere
1678 2800 1877 2855 brevem

306 2890 746 2944 adhortationem.
805 2888 1097 2941 Hortamur
1144 2905 1366 2959 namque
1406 2907 1492 2943 vos
1533 2899 1588 2942 ut
1624 2891 1877 2945 ntaneatis

306 2984 452 3049 pacis
485 2982 607 3048 ﬁlii,
643 2989 748 3034 etc.
783 2978 961 3044 Quare
1010 2995 1116 3032 non
1175 2980 1587 3043 dubitationem,
1617 2984 1710 3036 sed
1753 2983 1881 3039 ube-

309 3075 470 3130 rioris
500 3073 743 3126 scientia:
776 3072 1100 3125 desiderium
1133 3072 1381 3141 designat
1419 3089 1605 3128 eorum
1646 3074 1879 3129 interro-

309 3167 471 3235 gatio,
512 3180 608 3218 cur
645 3163 883 3234 synodus
934 3163 1147 3220 Niczena
1188 3181 1292 3221 non
1342 3168 1534 3221 eadem
1568 3166 1636 3221 de
1675 3165 1879 3234 Spiritu

309 3258 624 3326 exposuerit
657 3272 720 3311 ac
748 3259 815 3313 de
840 3257 999 3313 Filio.

382 3370 839 3425 Perhonorillcum
879 3373 945 3426 de
995 3372 1168 3426 sancti
1222 3370 1408 3426 Basilii
1458 3372 1595 3428 libro
1622 3374 1881 3443 judicium

314 3458 490 3512 fecere
529 3459 766 3526 episcopi
799 3459 1101 3530 Lycaoniae,
1126 3477 1250 3514 cum
1279 3478 1399 3516 eum
1432 3464 1497 3517 ad
1533 3466 1670 3520 hanc
1698 3464 1886 3520 Eccle-

313 3549 448 3604 siam
494 3550 774 3606 miserunt.
816 3550 921 3605 Sed
970 3561 1146 3605 tamen
1194 3566 1507 3608 asseverare
1560 3572 1663 3610 non
1712 3558 1884 3611 ausim

315 3644 456 3708 quot
508 3640 584 3693 ait
622 3640 1014 3700 Tillemontius.
1083 3643 1133 3694 in
1196 3645 1306 3712 ipsa
1352 3646 1558 3713 synodo
1600 3648 1798 3701 lectum
1834 3658 1887 3702 et

319 3730 603 3797 probatum
652 3730 837 3793 fuisse,
887 3748 950 3784 ac
995 3731 1176 3786 Basilii
1228 3733 1374 3787 vices
1426 3735 1782 3804 supplevisse.
1832 3738 1885 3791 Id

317 3822 461 3875 etiim
509 3837 613 3873 non
654 3822 885 3889 probant
939 3823 1182 3886 epistolae
1224 3825 1407 3892 verba,
1452 3826 1648 3895 quibus
1692 3829 1882 3882 nititur

316 3912 713 3967 Tillemontius.
766 3911 875 3966 Hoc
920 3924 1125 3969 tantum
1168 3916 1355 3971 dicunt
1398 3919 1657 3987 episcopi,
1700 3918 1889 3973 adesse

317 4006 419 4059 sibi
462 4005 655 4059 librum
691 4003 872 4060 Basilii
911 4006 989 4062 De
1032 4008 1237 4075 Spiritu
1273 4019 1475 4073 sancto,
1508 4019 1561 4062 et
1588 4011 1637 4062 in
1669 4011 1785 4076 ipso
1818 4010 1885 4062 li-

319 4096 417 4150 bro
446 4096 702 4149 Basilium
736 4114 749 4149 :
779 4102 867 4166 qui
903 4114 1012 4163 vos,
1064 4099 1331 4166 inquiunt,
1367 4100 1631 4151 nobiscum
1663 4098 1887 4169 alloqui-

317 4196 423 4251 tur,
456 4188 705 4238 κάκεῖνον
747 4186 835 4239 διὰ
880 4188 973 4240 τοῦ
1008 4188 1333 4259 γράμματος
1367 4187 1562 4258 ἔχομεν
1586 4190 1719 4259 ἡμῖν
1755 4206 1888 4259 συμ-

321 4275 714 4346 φθεγγόμενον,
751 4278 872 4344 quia
917 4280 1165 4333 videlicet
1199 4294 1321 4333 eum
1378 4281 1666 4335 mittebant
1701 4280 1884 4334 Eccle-

318 4370 432 4432 sia,
476 4384 643 4439 aqua
686 4367 1138 4436 consulebantur;
1183 4388 1287 4425 non
1341 4372 1482 4439 quod
1528 4386 1649 4425 eum
1692 4372 1742 4424 in
1774 4373 1887 4440 ipso

317 4461 550 4515 concilio
606 4460 876 4528 legissent.
930 4457 1121 4514 Tutius
1183 4462 1534 4516 ratiocinatur
1598 4462 1885 4518 Tillemon-

320 4556 427 4607 tius
463 4569 586 4607 cum
625 4569 758 4621 opus
810 4554 875 4607 de
924 4550 1124 4623 Spiritu
1178 4566 1364 4609 sancto
1396 4554 1883 4623 subscriptionihus
1919 4542 1964 4596 Ι)

317 4645 693 4715 episcoporum
731 4647 782 4699 in
819 4644 1000 4713 aliquo
1050 4642 1403 4712 Cappadocia:
1442 4646 1671 4701 concilio
1707 4647 1880 4699 ιιιιιιιί-

321 4751 435 4792 tum
483 4735 649 4792 fuisse
692 4738 898 4805 colligit
937 4754 1002 4790 ex
1043 4739 1126 4793 his
1158 4738 1334 4792 verbis
1368 4740 1554 4808 synodi
1589 4740 1883 4794 Chalcedo-

318 4828 526 4892 nensis,
577 4843 694 4897 quae
744 4828 999 4882 Basiliam
1060 4832 1136 4883 ait
1192 4826 1266 4897 (p.
1301 4827 1426 4898 8‘26)
1476 4840 1777 4883 accuratum
1828 4832 1891 4883 de

318 4926 506 4971 sancto
556 4915 759 4983 Spiritu
821 4916 1114 4969 doctrinam
1173 4917 1491 4984 tradidisse,
1548 4920 1892 4974 consacerdo-

318 5018 435 5062 tunt
459 5023 549 5074 per
576 5007 977 5072 subscriptiones
1006 5010 1162 5074 petito
1194 5023 1464 5061 consensu.

394 5118 457 5173 11.
482 5121 607 5175 Duae
626 5121 690 5174 ad
716 5130 959 5175 sanctum
994 5120 1191 5175 Barsen
1225 5122 1549 5176 Edesscnum
1582 5126 1891 5191 episcopum

320 5215 537 5272 .itterze,
567 5227 795 5279 quarum
833 5212 1002 5265 altera
1050 5222 1133 5266 est
1159 5212 1286 5274 261.
1319 5213 1485 5267 altera
1538 5213 1662 5278 267,
1702 5217 1767 5267 ad
1796 5229 1893 5267 cx-

323 5314 531 5356 tretnos
561 5300 802 5357 Valentis
830 5320 1000 5356 annos
1032 5304 1278 5359 videntur
1304 5304 1617 5360 referendae.
1650 5307 1702 5359 In
1743 5316 1892 5359 utra-

325 5413 436 5467 quo
476 5399 625 5453 enim
670 5413 794 5462 spes
839 5399 1013 5451 elucet
1049 5398 1529 5466 appropinquantis
1570 5400 1742 5465 pacis,
1771 5414 1891 5452 cum

324 5490 634 5558 persecutio
674 5489 739 5541 ad
772 5488 1044 5541 cumulqu
1082 5486 1160 5540 sic
1205 5488 1458 5555 perducta
1494 5496 1659 5549 esset,
1697 5496 1749 5539 ut
1800 5484 1893 5539 Dei

324 5578 589 5635 auxilium
626 5580 786 5648 longe
812 5578 1002 5635 abesse
1032 5596 1134 5633 non
1166 5579 1459 5645 videretur,
1484 5578 1585 5631 nisi
1612 5575 1764 5647 forte,
1814 5577 1897 5631 iu-

397 5782 475 5908 εξ
503 5777 823 5898 gishqgcsrl”
855 5778 946 5833 lib.
972 5792 1043 5840 tv,
1076 5793 1126 5831 ('.
1155 5776 1220 5843 iii

522 5863 597 5908 .p.
643 5883 672 5896 -
748 5882 763 5896 .

522 5863 597 5913 ιι».
639 5863 763 5897 zoo.

1954 608 2110 675 fiunt.
2148 605 2364 659 exordia
2424 613 2541 655 sunt
2599 603 2861 668 ingressus
2920 598 3259 652 Antichristi.
3336 597 3527 651 Narrat

1959 696 2328 750 Theodoretus
2359 695 2436 762 (a)
2474 695 2613 747 hunc
2639 692 2839 745 Barsen
2884 693 3056 760 primo
3089 691 3140 744 in
3171 691 3408 743 Aradum
3439 690 3526 741 in--

1958 788 2150 854 solam,
2182 788 2372 842 deinde
2405 802 2526 840 cum
2570 784 2982 837 inmunerabilis
3026 784 3304 837 hominum
3340 781 3524 836 multi-

1962 884 2088 935 tudo
2121 897 2187 935 eo
2222 879 2519 934 conﬂueret
2556 880 2625 932 ob
2671 876 2811 931 illius
2857 876 3140 942 miracula,
3173 876 3225 928 in
3271 874 3528 943 oppidum

1963 971 2179 1042 Egypti
2223 972 2616 1041 Osyrinchum,
2653 986 2716 1022 ac
2753 977 3024 1037 postremo
3059 968 3110 1021 in
3158 976 3393 1019 castrum
3445 981 3529 1019 re-

1966 1064 2327 1118 motissimum
2357 1102 2372 1127 ,
2413 1062 2497 1116 cui
2540 1077 2732 1116 nomen
2775 1060 2966 1121 Philo,
3017 1059 3308 1128 relegatum
3343 1057 3527 1112 fuisse.

1966 1153 2097 1208 llitic
2142 1154 2370 1207 Basilius
2405 1153 2697 1222 scripserat
2736 1153 2907 1206 oblata
2959 1150 3213 1205 facultate
3260 1149 3532 1212 Domuint,

1965 1261 2134 1315 seque
2179 1247 2323 1317 illius
2364 1247 2612 1314 precibus
2666 1245 3154 1297 commendaverat.
3192 1241 3296 1295 Sed
3334 1257 3457 1295 cum
3489 1242 3533 1294 is

1966 1336 2145 1389 Basilii
2190 1336 2568 1390 salutationem
2606 1350 2709 1389 non
2746 1334 3076 1403 pertulisset,
3104 1333 3182 1387 vel
3207 1333 3395 1387 saltem
3435 1348 3533 1384 au-

1970 1439 2185 1498 tequam
2232 1431 2564 1499 pertulisset,
2606 1429 2673 1481 de
2714 1427 2893 1481 Basilii
2943 1426 3156 1481 silentio
3204 1436 3424 1494 questus
3452 1434 3535 1480 est

1971 1520 2185 1575 Barses.
2216 1522 2393 1585 Quare
2426 1517 2661 1572 Basilius
2702 1519 2896 1570 iterum
2929 1515 3148 1584 scripsit
3180 1530 3277 1584 per
3309 1514 3535 1568 nonnul~

1971 1617 2052 1668 los
2075 1614 2423 1684 Cappadoces
2452 1612 2516 1665 ad
2550 1627 2670 1665 eum
2700 1609 3123 1679 proficiscentes,
3157 1607 3351 1676 quibus
3375 1609 3535 1661 etiam

1969 1710 2215 1775 quaedam
2264 1704 2578 1759 munuscula
2629 1713 2817 1757 sancto
2862 1700 3032 1755 exsuli
3074 1699 3346 1753 offerenda
3390 1715 3521 1755 com.

1974 1799 2135 1853 misit.

2046 1888 2194 1943 Inter
2234 1887 2497 1941 tumultus
2529 1900 2664 1950 quos
2690 1883 2849 1939 Gothi
2882 1885 2933 1936 in
2959 1879 3186 1935 Thracia
3216 1881 3539 1944 excitarunt,

1974 1987 2124 2038 venit
2175 1984 2225 2035 iu
2277 1996 2545 2036 summum
2574 1980 2696 2030 vitae
2731 1976 3023 2029 discrimen
3051 1974 3124 2044 (ὁ)
3152 2013 3167 2038 ,
3210 1974 3348 2027 bello
3389 1974 3517 2026 undi

1979 2090 2085 2145 que
2117 2074 2527 2134 circumstante,
2558 2078 2778 2123 sanctus
2805 2066 3070 2119 Eusebius
3104 2063 3541 2120 Samosatensis:

1975 2168 2116 2237 quod
2174 2166 2389 2234 quidem
2450 2163 2563 2216 fere
2629 2162 2825 2215 Basilio
2882 2173 3033 2227 aeque
3098 2158 3340 2213 mirabile
3398 2160 3535 2213 vide-

1979 2270 2084 2323 tur,
2121 2274 2180 2312 ac
2230 2256 2420 2311 Jonam
2474 2258 2525 2308 in
2584 2267 2773 2308 ventre
2816 2255 2919 2307 ceti
2966 2263 3019 2305 et
3055 2254 3110 2307 in
3160 2251 3374 2305 ﬂamma
3408 2249 3544 2321 ignis

1983 2364 2093 2405 tres
2135 2364 2333 2420 pueros
2378 2364 2499 2403 esse
2538 2357 2803 2401 servatos.
2851 2344 2977 2398 “:20
3018 2343 3251 2398 Basilius
3284 2343 3544 2397 didicerat

1976 2460 2040 2498 ex
2080 2443 2309 2496 Libanio
2332 2442 2564 2495 diacono
2596 2440 2841 2494 Caesarea
2874 2447 3187 2491 transeunte
3210 2454 3225 2501 ;
3248 2438 3340 2491 sed
3364 2446 3545 2504 postea

1977 2535 2229 2589 evenisse
2258 2534 2360 2586 alia
2392 2532 2560 2586 multo
2592 2532 2793 2599 majora
2820 2531 3084 2585 audierat.
3118 2544 3235 2598 qua:
3264 2528 3405 2582 scire
3426 2541 3526 2580 ave

1981 2627 2095 2691 bat,
2145 2626 2191 2679 si
2238 2626 2418 2679 minus
2457 2634 2579 2677 ante
2618 2624 2848 2677 reditum
2903 2622 3050 2674 Pauli
3096 2620 3420 2691 presbyteri.
3454 2620 3547 2689 qui

1982 2719 2123 2774 illius
2157 2718 2438 2788 epistolam
2476 2717 2702 2779 ferebat,
2756 2715 2947 2768 saltem
2985 2730 3049 2766 eo
3098 2712 3376 2766 redeunte.
3414 2709 3548 2765 Huic

1982 2813 2298 2881 presbytero
2339 2809 2568 2864 Basilius
2614 2809 2744 2861 nihil
2789 2808 2838 2860 in
2888 2824 3080 2860 manus
3122 2806 3334 2859 tradere
3382 2819 3548 2858 ausus

1980 2914 2083 2968 est,
2128 2920 2194 2956 ne
2241 2918 2364 2957 eum
2409 2904 2460 2956 in
2501 2902 2694 2955 mortis
2737 2899 3033 2968 periculum
3080 2898 3407 2963 conjiceret;
3450 2896 3549 2949 viai

1981 2998 2127 3052 enim
2172 2995 2513 3067 praedonibus
2560 3003 2615 3049 et
2674 2992 3041 3047 desertoribus
3091 2990 3317 3044 dilierta:
3371 3002 3549 3045 erant.

1985 3090 2093 3144 Sed
2132 3099 2310 3143 tamen
2353 3085 2836 3158 appropinquantis
2885 3082 3158 3139 exercitus
3214 3083 3358 3136 fama
3400 3096 3549 3152 spem

1909 3206 1953 3265 ο
1986 3183 2223 3251 aliquam
2270 3179 2529 3236 alTerebat
2575 3178 3020 3247 tranquillitatis:
3054 3191 3213 3245 quam
3253 3176 3469 3245 quidem
3505 3175 3551 3228 si

1990 3276 2249 3330 Dominus
2279 3274 2564 3337 concedat,
2594 3272 2854 3341 promitti:
2887 3269 3115 3324 Basilius
3149 3269 3436 3321 missurum
3471 3281 3551 3330 se,

1988 3368 2078 3437 qui
2114 3366 2404 3420 Eusebium
2430 3364 2643 3418 invisat.
2682 3363 2901 3417 Volebat
2927 3377 3057 3431 ergo
3088 3351 3320 3415 Basilius
3351 3358 3553 3429 aliquid

1988 3458 2226 3514 [illineris
2264 3456 2491 3510 Eusebio
2514 3457 2565 3509 in
2598 3455 2770 3509 exsilii
2803 3455 3051 3509 solatium
3087 3453 3325 3509 mittere.

2058 3550 2204 3604 Hanc
2221 3550 2499 3619 epistolam
2524 3563 2664 3601 anno
2686 3547 2789 3599 577
2807 3554 3063 3610 exeunte,
3081 3553 3175 3597 aut
3200 3546 3423 3597 ineunte
3450 3541 3555 3599 378

1987 3645 2241 3715 scriptam
2272 3644 2545 3698 existimat
2582 3640 2977 3704 Tillemontius,
3016 3638 3100 3692 cui
3135 3637 3382 3707 equidem
3407 3637 3557 3704 prius

1990 3736 2336 3791 assentiebar.
2364 3734 2469 3789 Sed
2485 3749 2541 3788 re
2563 3734 2815 3786 attentius
2827 3732 3182 3791 considerata,
3200 3733 3315 3783 duae
3330 3727 3431 3781 illa:
3451 3729 3557 3781 cir-

1989 3828 2325 3882 eumstantize
2357 3840 2490 3894 quas
2528 3823 2950 3883 observavimus,
2985 3834 3177 3888 nempe
3223 3816 3453 3872 diﬂ'ertse
3479 3816 3556 3869 ta-

1992 3922 2233 3974 tr0nihus
2261 3927 2315 3972 et
2339 3916 2708 3971 desertoribus
2741 3914 2859 3976 vite,
2904 3913 3150 3966 videntur
3193 3911 3384 3965 melius
3417 3924 3553 3979 qua-

1989 4014 2149 4065 drare
2178 4026 2299 4064 cum
2331 4019 2517 4065 testate
2549 4008 2672 4062 anni
2705 4006 2827 4062 ΞΠ.
2855 4006 3007 4060 Tunc
3052 4006 3219 4069 enim,
3270 4014 3403 4058 teste
3434 4005 3555 4056 Am-

1990 4103 2171 4157 miano
2214 4103 2281 4172 (r)
2309 4144 2324 4168 ,
2364 4102 2606 4156 hostibus
2656 4115 2713 4153 se
2779 4097 3139 4165 adjunxeruut
3176 4096 3555 4166 sequendarum

1988 4198 2108 4251 auri
2144 4211 2391 4250 venarum
2426 4194 2577 4261 periti
2622 4206 2722 4242 non
2757 4191 2932 4257 pauci,
2972 4188 3296 4257 vectigalium
3324 4187 3556 4254 perferre

1987 4307 2138 4359 posse
2173 4304 2272 4342 non
2318 4286 2622 4354 sufﬁcientes
2663 4283 2899 4335 sarcinas
2952 4296 3151 4350 graues.
3187 4277 3281 4333 llis
3316 4278 3558 4333 deserto-

1993 4383 2139 4436 ribus
2168 4378 2535 4447 prmeuntibus
2570 4375 2703 4429 nihil
2748 4372 2910 4428 Gothi
2959 4374 3224 4426 intactum
3261 4371 3550 4439 reliquere,

1992 4474 2085 4528 sed
2114 4469 2294 4525 omnia
2329 4471 2435 4538 igni
2473 4468 2724 4535 ferroque
2750 4476 3031 4520 vastarunt
3074 4465 3219 4519 nullo
3253 4466 3432 4517 aetatis
3460 4474 3554 4517 aut

1994 4581 2156 4620 sexus
2186 4565 2521 4618 discrimine.
2557 4558 2761 4625 Quibus
2801 4559 2867 4610 de
2915 4559 3075 4609 rebus
3106 4555 3412 4609 admonitus
3450 4555 3559 4609 Va-

1994 4658 2110 4711 lens
2139 4656 2489 4711 Profuturum
2523 4653 2667 4707 misit
2708 4650 2993 4703 Antiochia
3028 4659 3084 4705 et
3114 4648 3401 4717 Traianum
3431 4663 3553 4704 cum

1994 4749 2296 4817 legionibus
2343 4764 2408 4800 ex
2446 4744 2698 4798 Armenia
2754 4741 2951 4796 ductis.
3004 4740 3179 4809 Atque
3216 4741 3304 4795 hic
3344 4742 3560 4795 videtur

1994 4855 2115 4894 esse
2146 4841 2422 4893 exercitus
2451 4853 2610 4905 quem
2634 4834 2933 4903 exspectari
2969 4834 3045 4885 ait
3078 4832 3325 4887 Basilius.

2065 4932 2301 5001 Epistula
2355 4928 2460 4983 269
2513 4928 2711 4995 scripta
2771 4930 2823 4981 in
2880 4927 3139 4980 extremis
3186 4925 3365 4980 Basilii
3434 4925 3555 4977 vita:

1996 5022 2289 5078 mensibus.
2338 5018 2473 5074 Nam
2508 5019 2837 5083 Arinthteus,
2885 5019 3037 5085 cujus
3090 5030 3262 5071 morte
3306 5013 3554 5071 afﬂictam

1996 5129 2215 5169 uxorem
2258 5113 2568 5169 consolatur
2611 5110 2861 5173 Basilius,
2898 5108 3134 5161 nondum
3178 5107 3390 5161 obierat
3433 5122 3554 5159 cum

1998 5206 2188 5260 Valens
2212 5206 2277 5259 ad
2320 5204 2561 5274 praelium
2599 5218 2719 5256 cum
2754 5201 3001 5255 barbaris
3034 5199 3471 5254 committendum
3497 5210 3556 5250 se

1992 5301 2319 5367 accingeret.
2361 5297 2494 5349 Cum
2545 5295 2689 5348 enim
2740 5292 3007 5362 Traianus
3053 5290 3261 5345 Valenti
3314 5288 3558 5342 declara-

1994 5405 2096 5455 ret,
2126 5389 2497 5445 calamitatum
2533 5402 2749 5442 causam
2774 5404 2879 5442 nou
2910 5386 3124 5441 aliunde
3153 5399 3313 5453 quam
3343 5400 3406 5437 ex
3436 5396 3558 5450 per-

1993 5484 2269 5537 secutione
2326 5480 2625 5535 Catholicls
2678 5480 2824 5533 illata
2868 5479 3245 5548 repetendam;
3283 5477 3462 5530 Victor
3503 5482 3558 5525 et

1992 5576 2327 5637 Arinthreus,
2374 5585 2509 5629 teste
2558 5573 3023 5641 Thcodoretold),
3071 5572 3390 5625 sententiam
3424 5562 3556 5619 Tra-

2065 5768 2132 5831 (c)
2162 5766 2275 5817 Lib.
2308 5781 2454 5824 χχχι,
2480 5779 2595 5829 cap.
2630 5764 2680 5815 6.

2060 5829 2134 5903 (id)
2163 5833 2303 5885 llist.
2330 5836 2533 5894 eccles.,
2575 5833 2667 5883 lib.
2699 5846 2770 5893 tv,
2798 5844 2845 5882 c.
2875 5829 2963 5882 55.
