4038 6460
485 385 603 426 CLVI

1837 377 2376 435 PBOLEGOMENA.

485 488 593 557 jani
625 488 1037 557 conﬁrmarunt,
1069 506 1132 545 ac
1171 492 1448 547 Valentem
1492 502 1770 563 rogarunt,
1812 509 1878 548 ne
1913 494 2055 548 veri-
2084 500 2129 555 Α
2158 493 2285 558 272,
2324 503 2381 549 et
2418 496 2545 564 quid
2590 495 2765 552 locum
2798 497 2877 553 eis
2908 496 3038 553 dare
3085 497 3343 568 potuerit,
3375 498 3607 568 ingenue
3636 512 3745 556 ex—

487 587 656 632 tatem
698 594 821 633 cum
866 581 1286 649 reprehensione
1318 582 1665 651 coujunctam
1693 598 1837 650 aegre
1873 582 2059 639 ferret.

488 668 604 723 Non
634 681 812 725 tamen
838 671 889 725 in
913 671 1016 726 hoc
1047 672 1290 728 Valentis
1318 684 1565 729 extremo
1593 674 1779 743 proelio
1808 675 2063 729 occubuit

486 763 816 830 Arintbteus,
860 766 954 820 sed
1002 780 1110 821 non
1147 760 1314 821 milito
1360 776 1485 837 post
1526 781 1769 821 summus
1820 766 1909 821 ille
1959 765 2061 832 vir,

489 855 721 909 nondum
769 856 921 911 senio
971 855 1197 923 fractus,
1242 858 1456 911 unicam
1522 856 1683 911 ﬁliam
1730 858 2061 927 relinquens,

486 949 695 1011 placida
748 962 922 1004 morte
982 950 1208 1019 quievit.
1283 949 1412 1004 Erat
1464 951 1909 1021 praestantissima
1944 965 2064 1003 cor-

486 1040 633 1108 poris
665 1037 858 1104 forma,
887 1056 953 1095 ac
981 1041 1228 1111 corporis
1254 1042 1431 1096 robori
1471 1056 1654 1111 parem
1702 1042 1864 1097 animi
1894 1042 2063 1095 virtu-

488 1140 595 1183 tem
632 1130 890 1194 babebat,
933 1132 1250 1201 bellicisque
1283 1132 1592 1187 abundabat
1644 1133 1888 1188 laudibus
1918 1150 1932 1187 :
1965 1134 2059 1187 sed

487 1220 613 1276 ﬁdei
648 1222 928 1278 catholica:
962 1225 1141 1279 stmlio
1186 1224 1389 1278 clarior
1430 1234 1566 1290 erat,
1594 1239 1658 1280 ac
1687 1238 1899 1279 omnem
1944 1224 2062 1279 ani-

488 1326 589 1367 ma‘.
638 1314 901 1369 maculam
951 1316 1381 1385 regenerationis
1433 1315 1650 1370 lavacro
1693 1316 1744 1369 in
1787 1315 1901 1384 ipso
1937 1316 2061 1371 vita:

484 1405 634 1460 exitu
664 1416 1009 1477 expurgavit.
1036 1408 1194 1462 Tanti
1232 1409 1480 1463 beneﬁcii
1528 1409 1868 1464 conciliatrix
1896 1418 1951 1464 et
1974 1411 2060 1464 ad-

486 1498 654 1567 jutrix
693 1514 870 1554 uxor:
899 1500 1053 1568 cujus
1078 1500 1281 1557 luctum
1317 1502 1550 1556 Basilius
1584 1502 1687 1556 hoc
1720 1502 2058 1573 potissimum

485 1589 677 1645 solatio
702 1602 930 1646 conatur
959 1594 1288 1649 demulcere.

556 1680 704 1739 Vidit
738 1684 955 1739 tandem
984 1684 1216 1742 Basilius
1239 1689 1384 1757 quod
1424 1687 1675 1742 omnibus
1702 1686 1844 1742 vctis
1871 1686 2062 1754 exqui-

484 1774 676 1841 sierat,
726 1792 911 1847 pacem
959 1777 1344 1843 Ecclesiarum,
1397 1796 1459 1835 ac
1508 1790 1752 1849 pastores
1800 1778 2058 1835 Ecclesiis

2169 589 2339 656 ponit.
2376 586 2560 643 Fidem
2602 590 2704 645 sibi
2751 592 2936 645 haberi
2980 592 3249 661 postulat;
3287 606 3394 647 non
3422 592 3569 647 enim
3604 595 3743 648 adeo

2123 723 2143 737 .
2167 678 2508 743 desperatum
2527 695 2591 735 se
2614 697 2755 749 esse,
2788 690 2845 735 ut
2878 697 3129 750 maguum
3157 682 3363 751 peccati
3398 681 3741 737 mendacium

2168 772 2535 840 parvipendat.
2595 772 2886 829 Prolitetur
2936 790 2995 829 se
3044 775 3189 829 nullo
3229 790 3296 830 ex
3354 775 3439 837 iis.
3472 774 3564 844 qui
3598 775 3741 829 ami-

2170 863 2312 919 citis:
2346 864 2505 919 laude
2530 867 2754 934 spectati
2787 875 2934 931 sunt,
2968 866 3343 936 ignobiliorcm
3366 880 3518 931 esse;
3544 866 3744 934 quippe

2168 971 2289 1011 cum
2323 972 2599 1027 nunquam
2644 958 2697 1012 in
2732 959 2969 1014 amicitia
3015 959 3305 1028 quidquam
3346 971 3603 1030 peccasse
3646 958 3744 1012 de-

2169 1051 2464 1118 prehensus
2498 1051 2588 1108 sit.

2238 1141 2414 1195 Alium
2464 1142 2647 1198 Basilii
2694 1142 3121 1215 condiscipulum
3155 1158 3219 1197 ex
3258 1142 3431 1200 tribus
3465 1143 3745 1214 sequenti-

2170 1234 2272 1289 bus
2306 1234 2570 1304 epistolis,
2602 1235 2799 1290 Heram
2851 1238 3088 1302 nomine,
3123 1236 3526 1304 cognoscimus,
3573 1250 3738 1306 quem

2168 1327 2382 1382 invidiae
2414 1326 2532 1382 telis
2552 1336 2607 1382 et
2635 1328 2981 1384 inimicorum
3013 1328 3299 1390 ealmnnii;
3329 1328 3555 1397 petitum
3585 1327 3742 1382 Basi-

2166 1421 2271 1477 lius
2297 1436 2403 1476 non
2436 1420 2801 1490 perfunctorie
2840 1423 3208 1477 commendat.

2238 1508 2467 1581 Insignis
2494 1516 2614 1566 erat
2641 1508 2900 1565 Caesareae
2940 1513 3100 1579 civis,
3147 1511 3456 1566 Harmatlus
3497 1508 3744 1577 nomine,

2168 1601 2585 1657 simulacrorum
2616 1601 2836 1670 quidem
2894 1603 3141 1659 addictus
3182 1604 3375 1670 cultui,
3421 1602 3517 1657 sed
3561 1610 3743 1655 tamen

2168 1693 2377 1749 civitati
2409 1694 2789 1750 cbarissimus.
2823 1692 2991 1763 Hujus
3036 1694 3178 1749 ﬁlius
3210 1695 3380 1750 inscio
3406 1703 3559 1764 patre
3583 1691 3748 1748 Chri-

2168 1787 2397 1842 stianam
2425 1789 2738 1858 religionem
2767 1787 3054 1858 amplexus
3092 1797 3259 1842 totam
3304 1789 3580 1843 civitatem
3615 1800 3747 1857 gau-

486 1871 601 1924 suis
637 1869 899 1925 redditos.
927 1869 1051 1925 Haec
1082 1870 1281 1927 divinae
1308 1872 1695 1928 misericordia:
1719 1872 1914 1926 indicia
1942 1887 2063 1926 cum
2095 1857 2140 1916 Β
2168 1879 2257 1935 dio
2285 1878 2540 1949 perfudit,
2575 1894 2695 1949 qua:
2736 1878 2840 1934 sibi
2862 1857 3171 1933 videbatur
3223 1878 3397 1946 ipsum
3435 1878 3599 1932 etiam
3640 1891 3745 1947 pa-

490 1963 731 2019 Valentis
775 1975 946 2018 morte
979 1965 1265 2032 conjuncta
1306 1966 1544 2028 fuerunt,
1591 1979 1703 2033 quo
1744 1965 2070 2019 miserabili-

485 2066 587 2120 ter,
646 2067 702 2109 ut
751 2058 1001 2111 omnibus
1050 2068 1236 2111 notum
1289 2066 1394 2121 est,
1436 2056 1708 2111 exStinrto
1742 2057 1828 2109 die
1862 2055 1895 2111 9
1941 2054 2063 2110 Maii

484 2166 628 2205 armo
658 2151 784 2215 578,
813 2149 1156 2205 confessores
1200 2150 1252 2203 in
1308 2149 1580 2205 Ecclesias
1635 2165 1763 2205 suas
1818 2149 2063 2205 Gratiani

483 2242 664 2298 edicto
721 2246 956 2297 revocati
999 2252 1146 2299 sunt.
1208 2241 1324 2298 Non
1376 2243 1547 2298 multo
1604 2255 1728 2314 post
1763 2244 2063 2299 mirabilem

485 2338 628 2394 hunc
666 2347 917 2393 eventmn
970 2339 1228 2395 dimissus
1280 2356 1309 2393 a
1368 2339 1595 2394 Domino
1646 2340 1698 2394 in
1738 2355 1865 2409 pace
1908 2337 2061 2394 Basi-

485 2432 607 2489 lius.
638 2433 733 2487 sed
776 2441 1066 2501 antequam
1108 2431 1251 2485 illius
1297 2443 1528 2486 mortem
1579 2430 1899 2499 reb-ramus,
1948 2432 2065 2487 bre-

484 2525 625 2577 viter
661 2524 1005 2577 recensendas
1034 2522 1216 2593 plures
1246 2522 1507 2592 epistolae,
1553 2523 1619 2578 de
1645 2524 1841 2593 quibus
1871 2525 2061 2596 agendi

487 2614 725 2668 nonduin
753 2614 991 2669 occurrit
1032 2615 1265 2670 occasio.

558 2705 644 2761 lll.
678 2705 894 2777 Scripta
941 2719 1028 2763 est
1076 2708 1303 2777 epistola
1340 2707 1447 2760 270
1482 2721 1603 2777 post
1644 2709 1937 2762 secundant
1971 2723 2061 2762 ca-

487 2800 762 2853 nonicam.
786 2798 932 2853 Citat
967 2799 1110 2853 enim
1148 2796 1378 2853 Basilius
1424 2813 1688 2853 canonem
1727 2801 2063 2855 tricesimum

486 2907 516 2945 τι
556 2906 616 2946 se
656 2892 950 2962 vulgatum.
995 2891 1131 2948 Cum
1183 2891 1359 2962 puella
1425 2892 1665 2962 quaedam
1716 2900 1866 2960 rapta
1899 2900 2061 2956 esset,

488 2984 681 3040 scribit
728 2984 959 3041 Basilius
1015 2986 1371 3058 presbytero,
1421 3002 1516 3040 seu
1586 2986 1765 3055 potius
1822 2985 2062 3039 locorum

493 3078 902 3147 cborcpiscopo,
948 3093 1108 3146 quem
1155 3089 1263 3131 tam
1303 3076 1541 3146 indignis
1586 3077 1915 3131 facinoribus
1956 3092 2060 3130 non

2169 1978 2304 2025 trem
2344 1969 2397 2023 in
2437 1969 2545 2024 ﬁlio
2583 1969 2953 2025 Christianum
2990 1967 3317 2038 suscepisse.
3352 1968 3459 2023 Sed
3486 1982 3608 2023 cum
3649 1983 3747 2039 pa-

2168 2063 2266 2117 tris
2304 2062 2580 2118 iracundia
2614 2073 2948 2119 metueretur
2987 2064 3039 2117 in
3072 2062 3494 2133 praeclarissimo
3526 2061 3621 2116 ﬁlii
3654 2060 3743 2116 fa-

2167 2155 2373 2218 cinore,
2403 2167 2612 2224 patrem
2641 2156 2874 2212 Basilius
2907 2171 3005 2211 suo
3039 2165 3093 2210 et
3116 2154 3355 2209 civitatis
3389 2150 3609 2206 nomine
3634 2149 3750 2222 pla-

2166 2261 2292 2300 care
2320 2256 2565 2301 conatur.

2239 2338 2374 2393 Cum
2409 2338 2688 2393 didicisset
2720 2337 2952 2394 Basilius
2982 2354 3047 2395 ex
3088 2338 3403 2395 Tbeotecno
3429 2339 3496 2393 de
3525 2349 3745 2393 summa

2167 2433 2387 2489 Maximi
2423 2430 2743 2488 Scholastici
2775 2432 2996 2502 pietate,
3026 2433 3120 2502 qui
3145 2449 3213 2487 ex
3260 2434 3438 2504 ampla
3463 2443 3518 2487 et
3543 2431 3745 2487 illustri

2166 2528 2371 2583 familia
2392 2529 2459 2583 ad
2488 2528 2780 2582 asceticam
2808 2526 2971 2581 vitam
3008 2527 3323 2590 transierat,
3355 2529 3587 2583 libenter
3615 2542 3744 2585 eum

2163 2622 2531 2685 convenisset,
2571 2620 2672 2674 nisi
2708 2618 2918 2673 senium
2952 2626 3008 2672 et
3048 2626 3304 2671 consueta
3354 2617 3639 2672 inﬁrmitas
3671 2633 3740 2672 ac

2167 2712 2422 2767 Ecclesia:
2466 2712 2677 2782 negotia
2734 2710 3113 2765 detinuissent.
3160 2706 3340 2775 Quare
3390 2722 3485 2777 per
3532 2708 3747 2763 litteras

2166 2818 2290 2857 eum
2352 2804 2403 2856 in
2462 2815 2716 2873 suscepto
2774 2803 3020 2857 instituto
3055 2800 3364 2865 conﬁrmat,
3396 2814 3460 2853 ac
3508 2798 3749 2854 breviter

2166 2895 2420 2951 admonet
2450 2911 2614 2949 unum
2639 2910 2760 2950 esse
2787 2894 3176 2963 expetendum,
3204 2902 3465 2947 aeternum
3491 2890 3696 2945 bonum
3723 2908 3741 2946 :

2166 3003 2254 3043 res
2302 2997 2481 3042 autem
2538 2985 2803 3041 humanas
2842 2987 3029 3042 umbra
3081 2987 3354 3043 tenuiores
3404 2992 3460 3039 et
3515 2982 3748 3037 somniis

2166 3082 2474 3137 l'allaciorcs
2503 3094 2645 3134 esse.

490 3170 626 3224 satis
648 3168 975 3223 commoveri
1009 3172 1279 3237 queritur.
1308 3168 1472 3223 anet
1504 3180 1562 3222 ut
1606 3169 1780 3238 puella
1810 3170 2033 3223 restituo

2241 3178 2663 3248 Distingneudus
2695 3176 2783 3231 ille
2813 3173 3077 3229 Maximus
3102 3171 3471 3227 scholasticus
3512 3185 3541 3225 a
3573 3165 3748 3223 Maxi—

491 3270 581 3315 tnr
627 3259 963 3332 parentibus,
1011 3268 1198 3327 raptor
1236 3275 1266 3313 a
1307 3260 1562 3332 precibus
1596 3266 1847 3313 arceatur
1871 3268 1925 3314 et
1963 3276 2062 3314 ex-

489 3353 919 3409 eommunicatus
974 3352 1346 3419 denuntietur,
1397 3368 1459 3407 ac
1498 3352 1532 3407 ii
1592 3352 1778 3416 etiam,
1813 3353 1904 3423 qui
1941 3368 2061 3408 cum

487 3461 554 3502 eo
582 3445 793 3501 facinus
824 3446 1065 3516 aggressi
1103 3455 1251 3510 sunt,
1282 3461 1311 3499 a
1337 3445 1592 3515 precibus
1621 3460 1716 3515 per
1756 3453 1865 3500 tres
1894 3460 2063 3499 annos

489 3550 897 3605 removeantur,
938 3539 1070 3609 quin
1110 3547 1167 3593 et
1212 3539 1301 3592 ille
1346 3539 1462 3606 ipse
1506 3552 1695 3608 pagus,
1726 3539 1817 3607 qui
1852 3548 2059 3607 raptam

489 3632 698 3699 recepit
726 3645 791 3684 ac
815 3631 1129 3697 custodivit,
1168 3630 1251 3684 vel
1286 3630 1450 3683 etiam
1474 3628 1539 3683 ad
1574 3644 1695 3680 eam
1726 3630 2059 3683 retinendam

486 3723 772 3794 pugnavit,
828 3722 1174 3779 nniversusa
1208 3737 1429 3793 precum
1487 3722 1750 3777 societate
1799 3724 2063 3776 rest-inda-

488 3826 596 3871 llll'.

554 3910 687 3965 Cum
733 3908 963 3962 Basilius
992 3908 1067 3979 (α)
1099 3921 1284 3963 senem
1333 3923 1394 3962 se
1432 3907 1616 3961 dicere
1657 3905 1938 3975 incmperit
1972 3921 2063 3959 an-

488 4016 559 4055 no
586 3999 714 4063 574,
745 4014 867 4053 cum
894 4014 1016 4054 eum
1042 3999 1378 4069 gravissimis
1408 4000 1613 4055 morbis
1650 3999 1880 4055 tractum
1918 4000 2062 4054 vires

485 4090 839 4158 defecerunt;
868 4100 989 4161 post
1024 4091 1125 4144 boe
1156 4100 1366 4154 tempus
1411 4093 1640 4161 scriptas
1669 4095 1911 4149 ducimus
1944 4093 2063 4163 plu—

489 4200 579 4241 res
606 4184 890 4254 epistolas,
917 4186 971 4239 in
1007 4184 1203 4255 quibus
1228 4184 1365 4239 senii
1412 4186 1493 4238 sui
1532 4185 1872 4241 incommoda
1910 4204 2049 4243 com-

485 4289 773 4335 memorat.
802 4277 949 4334 Talis
976 4290 1061 4334 est
1089 4280 1316 4349 epistola
1347 4279 1446 4333 271
1486 4280 1551 4334 ad
1577 4278 1886 4345 Eusebium,
1921 4296 2058 4350 quo-

488 4388 615 4428 cum
638 4372 767 4427 olim
794 4372 1024 4425 Basilius
1054 4382 1109 4425 et
1139 4372 1317 4427 focum
1346 4389 1509 4427 unum
1543 4383 1597 4428 et
1628 4372 1975 4442 paedagogum
2004 4384 2059 4429 et

486 4464 655 4518 animi
706 4463 1097 4518 relaxationem
1146 4473 1200 4516 et
1246 4464 1457 4527 studia,
1511 4474 1563 4519 et
1608 4464 1831 4520 delicias
1881 4476 1935 4521 et
1972 4468 2050 4521 in-

2167 3284 2254 3322 mo
2293 3269 2629 3340 philosopho,
2661 3268 2727 3323 ad
2773 3281 2933 3338 quem
2971 3263 3170 3331 scripta
3226 3273 3308 3316 est
3363 3278 3504 3317 nona
3557 3259 3745 3317 Basilii

2164 3361 2410 3431 epistola.
2442 3360 2651 3416 Praeter
2681 3361 2893 3416 diversa
2941 3354 3286 3423 cognomina,
3330 3351 3598 3407 Maximus
3621 3353 3747 3424 pbi~

2165 3454 2423 3523 losopbus
2467 3452 2689 3521 mqualis
2736 3461 2855 3505 erat
2904 3448 3083 3502 Basilii
3132 3455 3189 3500 et
3236 3444 3526 3499 asceticam
3570 3446 3743 3499 vitam

2164 3546 2539 3616 proﬁtebatur,
2593 3545 2829 3598 nondum
2872 3540 3071 3595 Basilio
3107 3536 3463 3611 presbytero;
3511 3535 3747 3592 Schola-

2163 3638 2334 3693 sticus
2366 3648 2544 3691 autem
2592 3650 2781 3691 recens
2822 3642 2942 3689 erat
2983 3648 3009 3687 a
3056 3643 3309 3701 suscepto
3337 3631 3462 3685 vita:
3491 3628 3747 3684 asceticc

2162 3731 2417 3797 consilio,
2442 3744 2563 3783 cum
2592 3727 2827 3781 Basilius
2849 3724 3104 3781 Ecclesia:
3127 3724 3273 3778 curis
3299 3722 3744 3793 distringeretur;

2163 3839 2225 3876 ac
2253 3823 2465 3891 juvenis
2498 3830 2616 3875 erat
2642 3836 2771 3875 sene
2798 3818 3019 3885 Basilio,
3044 3817 3135 3888 qui
3163 3831 3287 3870 eum
3321 3816 3399 3869 ait
3423 3814 3626 3867 ratione
3649 3812 3745 3883 ja-

2162 3924 2418 3966 ventutem
2453 3912 2681 3979 frenare.

2235 4001 2323 4056 IV.
2380 4003 2692 4056 Senectutis
2745 4016 2857 4056 suae
2902 4002 3148 4055 meminit
3194 4001 3358 4056 etiam
3402 3999 3633 4055 Basilius
3682 4000 3738 4054 in

2162 4096 2391 4166 epistola
2424 4096 2491 4149 ad
2522 4094 2893 4159 Valerianum,
2922 4094 3017 4166 qui
3060 4097 3276 4165 neg0tia
3308 4109 3431 4148 cum
3464 4092 3742 4147 nonnullis

2161 4189 2374 4244 civibus
2415 4188 2844 4246 Caesariensibus
2870 4188 3125 4244 habebat.
3156 4187 3335 4254 Quare
3370 4187 3624 4253 Basilina,
3647 4187 3741 4257 qui

2161 4300 2230 4341 ne
2256 4285 2325 4340 ab
2366 4284 2451 4340 bis
2478 4285 2697 4356 quidem
2726 4286 2889 4337 rebus
2916 4280 3303 4351 componendis
3335 4296 3552 4351 Operam
3582 4294 3741 4334 suam

2162 4381 2493 4447 removebat,
2528 4377 2875 4435 Valerianum
2905 4376 3159 4444 accersit,
3192 4384 3249 4429 nt
3284 4376 3396 4429 suis
3430 4387 3554 4427 eum
3582 4371 3740 4442 adju-

2161 4479 2250 4524 vet
2276 4468 2536 4525 consiliis.

481 4559 662 4627 opiam
685 4566 739 4612 et
763 4559 943 4612 omnia
981 4570 1205 4625 prorsus
1236 4555 1503 4612 babuerat
1538 4557 1868 4613 communia.
1891 4558 2056 4613 Suum
2087 4549 2139 4611 D
2237 4558 2372 4615 Tres
2407 4568 2701 4629 sequentes
2731 4558 2971 4627 epistola:
3011 4570 3131 4629 post
3158 4575 3356 4615 annum
3385 4556 3494 4614 δη
3521 4558 3741 4629 scripta

481 4647 532 4700 ei
569 4644 808 4700 dolorem
840 4644 1110 4714 significat
1139 4643 1390 4708 Basilius,
1417 4647 1558 4714 quod
1587 4663 1710 4700 eum
1740 4648 1791 4700 iu
1838 4649 2056 4705 civitate

478 4753 591 4795 non
636 4740 919 4809 repererit.
956 4738 1007 4792 in
1049 4753 1152 4807 qua
1197 4738 1436 4792 futurum
1483 4750 1801 4805 speraverat
1842 4749 1901 4795 ut
1930 4758 2054 4798 cum

480 4832 711 4885 videret.
751 4832 1105 4886 Commendat
1132 4832 1179 4885 ci
1208 4831 1498 4902 (Syriacum
1547 4834 1925 4904 presbyterum
1970 4834 2054 4888 in-

484 4925 858 4995 tegerritnnm,
902 4922 1058 4991 cujus
1099 4922 1299 4978 famam
1338 4941 1405 4980 ne
1456 4925 1491 4979 ii
1534 4926 1753 4991 quidem
1786 4935 2053 4984 attentare

480 5018 594 5072 ausi
621 5016 856 5080 fuerant,
886 5015 977 5087 qui
1011 5030 1201 5071 manus
1234 5017 1285 5072 in
1320 5032 1511 5074 omnes
1537 5015 1874 5085 injiciebant.

548 5106 683 5163 Cum
727 5109 926 5163 multos
953 5108 1187 5165 Basilius
1217 5110 1283 5165 ab
1314 5110 1534 5166 ineunte
1561 5118 1719 5167 :rtate
1764 5127 1937 5183 usque
1983 5114 2050 5170 ad

480 5208 816 5255 senectutem
864 5200 1165 5264 dilexisset,
1213 5203 1483 5257 neminem
1525 5216 1761 5271 unquam
1797 5204 2049 5273 praetule-

481 5302 565 5344 rat
594 5291 905 5362 Sophrouio
928 5289 1229 5347 ofﬁciorum
1262 5295 1541 5364 magistro.
1571 5294 1676 5350 Sed
1703 5304 1881 5352 tamen
1918 5312 2051 5351 non-

480 5384 610 5437 nulli
664 5394 1036 5439 assentatores
1098 5385 1407 5455 Sopbronio
1474 5389 1809 5457 persuadere
1869 5391 2047 5445 conati

482 5474 719 5537 fuerant,
771 5488 829 5528 ut
879 5474 1079 5531 Basilio
1137 5489 1519 5542 succenseret,
1569 5495 1801 5550 eumque
1861 5490 2049 5535 contra

478 5581 591 5627 rem
621 5576 677 5621 et
708 5566 1040 5624 voluntatem
1065 5584 1216 5624 suam
1248 5572 1301 5625 in
1325 5572 1559 5641 quodam
1593 5573 1804 5641 negotio
1837 5573 2053 5630 venisse

476 5658 746 5712 crederet.
775 5656 990 5714 Befellit
1013 5660 1117 5718 bas
1144 5662 1441 5721 calumnias
1468 5662 1698 5721 Basilius
1728 5665 1779 5719 in
1826 5665 2050 5737 epistola

547 5840 622 5899 (ai
657 5839 750 5899 Eo.
788 5840 905 5898 ’ϐία

2162 4662 2311 4718 sunt,
2370 4667 2479 4723 quo
2536 4651 2768 4706 Basilius
2805 4655 2967 4720 coepit
3022 4655 3161 4723 apud
3218 4653 3512 4707 Modestum
3545 4652 3741 4724 praefe-

2162 4754 2309 4800 ctum
2367 4745 2696 4799 auctoritate
2746 4755 2802 4799 et
2848 4745 3018 4813 gratia
3065 4745 3265 4801 valere.
3298 4744 3351 4797 ln
3383 4748 3557 4814 prima
3588 4761 3741 4800 com-

2161 4840 2381 4892 mendat
2407 4837 2577 4892 civem
2604 4835 2965 4909 Tyaneusem,
2984 4838 3035 4892 in
3062 4836 3294 4892 secunda
3320 4853 3484 4894 unum
3514 4853 3579 4894 ex
3610 4851 3741 4908 pro-

2159 4929 2377 5001 pinquis
2426 4930 2539 4984 suis
2591 4945 2752 5000 quem
2798 4929 2851 4984 in
2886 4928 2980 4984 lilii
3032 4930 3149 4985 loco
3196 4929 3450 4995 babebat,
3481 4931 3535 4986 in
3576 4930 3740 4988 tertia

2164 5021 2485 5085 llelladium,
2548 5039 2709 5092 quem
2784 5023 3171 5093 peraequatoris
3226 5041 3449 5081 munere
3529 5025 3736 5082 exsolvi

2162 5122 2342 5183 rogat,
2375 5113 2507 5167 utin
2533 5114 2890 5184 Cappadocia:
2927 5115 3086 5169 rebus
3134 5115 3493 5185 procurandis
3512 5130 3736 5185 operam

2161 5222 2315 5261 suam
2344 5206 2639 5275 impendat.
2671 5206 2866 5277 Liquet
2892 5222 2957 5260 ex
3006 5207 3089 5262 bis
3122 5208 3319 5263 litteris
3355 5208 3575 5263 solitum
3612 5225 3738 5269 esse

2159 5294 2417 5351 Basilium
2491 5298 2751 5367 plurimos
2823 5298 3079 5369 praefecto
3142 5300 3735 5373 commendare:an

2158 5388 2376 5457 quidem
2438 5400 2495 5443 ut
2534 5389 2760 5456 faceret,
2791 5391 2859 5444 ab
2892 5389 3006 5459 ipso
3034 5391 3289 5458 prtefccto
3322 5391 3581 5448 invitatus
3615 5392 3722 5449 fue-

2165 5490 2267 5534 rat.
2304 5480 2592 5537 Scribebat
2638 5482 2824 5553 itaque
2857 5482 3084 5537 libenter
3123 5484 3171 5539 ei
3228 5482 3478 5549 Basilius,
3508 5501 3613 5540 non
3645 5500 3719 5540 so

2159 5572 2269 5627 lum
2338 5590 2395 5628 se
2454 5590 2709 5643 responsa
2772 5576 3166 5643 perhonoriﬁca
3216 5586 3557 5646 accepturum
3605 5591 3704 5645 spe

2161 5682 2314 5729 rans,
2338 5667 2432 5723 sed
2475 5669 2635 5724 etiam
2681 5668 2747 5726 ab
2792 5669 2907 5739 ipso
2946 5669 3223 5741 prtefccto,
3256 5673 3380 5725 dum
3415 5670 3463 5725 ei
3490 5672 3709 5726 occasio
