4038 6444
1626 360 1786 418 VITA
1825 359 1884 417 8.
1923 360 2189 420 BASlLll.

3367 386 3509 429 εις-ιι

277 484 380 526 nes
404 466 793 526 beneﬁciorum
825 470 1223 540 subministrat,
1250 473 1391 530 inter
1435 476 1709 535 benellcos
1746 493 1848 533 nu-
1871 478 1920 536 Δ
1951 488 2195 547 rogatus,
2228 488 2288 533 ιιι
2315 493 2441 534 eum
2472 493 2537 535 es
2567 480 2669 536 hoc
2721 481 2959 551 periculo
2991 484 3246 553 eriperet,
3290 500 3513 554 respon-

272 569 542 616 tneratum
572 561 658 615 iri.

334 648 573 705 Basilius
611 651 663 705 in
693 652 919 722 epistola
947 652 1056 709 282
1098 655 1403 727 episcopum
1441 659 1727 729 quemdam
1754 659 1840 714 in-

274 738 411 791 vitat
460 740 530 794 ad
585 739 781 796 festum
826 754 1139 800 sanctorum
1186 757 1509 820 martyrum,
1549 764 1655 805 non
1720 751 1840 805 sine

270 839 431 883 acuta
474 834 899 900 reprehensione
951 836 1090 906 quod
1137 854 1242 894 non
1290 851 1523 896 vocatus
1558 852 1835 911 queratur,

272 930 498 976 vocatus
525 938 632 977 non
662 925 860 981 veniat.
886 924 943 980 in
973 934 1220 997 sequenti
1246 931 1420 988 vidum
1453 934 1689 999 cuidam,
1717 950 1838 1003 qua:

271 1013 420 1070 illius
444 1013 657 1071 videndi
694 1026 748 1073 et
784 1018 1094 1075 consulendi
1122 1023 1317 1093 cupida
1344 1034 1484 1091 erat,
1515 1040 1662 1094 spem
1682 1024 1837 1081 all'ert

267 1106 499 1162 scillam
526 1108 789 1174 visurum,
821 1124 943 1164 cum
969 1110 1204 1181 aliquem
1229 1124 1553 1170 conventum
1580 1098 1831 1172 'indicet:

269 1213 448 1267 neque
483 1199 629 1254 enim
659 1200 761 1254 sibi
794 1209 871 1256 tot
904 1204 1134 1273 negotiis
1165 1217 1426 1275 occupato
1449 1206 1592 1261 aliud
1620 1224 1744 1263 enm
1767 1224 1832 1264 ea

267 1286 611 1358 colloquendi
658 1296 869 1357 tempus
898 1304 1213 1350 occurrere.
1244 1291 1495 1361 Ejusdem
1534 1292 1707 1349 viduae
1747 1310 1834 1350 ne-

264 1379 381 1435 scio
404 1380 550 1450 quod
585 1380 855 1434 somnium
888 1382 1301 1452 interpretatur.

334 1470 675 1526 Censitorem
714 1482 867 1543 rogat
891 1472 1121 1530 Basilius
1144 1476 1196 1529 in
1220 1475 1445 1546 epistola
1469 1476 1596 1546 284,
1633 1488 1691 1533 ut
1716 1496 1834 1535 mo-

266 1573 493 1624 nachos,
529 1561 622 1631 qui
656 1578 757 1618 nec
784 1567 1026 1635 pecuniis
1066 1581 1167 1623 nec
1204 1583 1467 1638 corporeo
1502 1571 1686 1627 labore
1717 1587 1831 1627 rem

260 1652 539 1721 publicam
585 1655 781 1723 juvare
818 1666 1087 1723 poterant,
1116 1658 1334 1713 tribulis
1367 1663 1592 1728 esimat,
1623 1665 1834 1735 sibique

258 1756 357 1797 eos
392 1745 534 1812 apud
577 1744 742 1801 Deum
774 1758 1086 1815 precatores
1108 1748 1212 1806 hoc
1236 1751 1507 1807 beneﬂcio
1538 1765 1711 1823 paret.
1736 1753 1829 1810 Vi-

258 1834 422 1889 detur
445 1836 610 1892 etiam
637 1839 965 1895 ceusitorem
984 1839 1181 1912 alloqui
1211 1842 1264 1897 in
1297 1847 1525 1916 epistola
1553 1849 1826 1917 sequenti,

256 1940 381 1995 qua:
408 1942 505 1997 per
524 1942 861 1984 mconomum
878 1928 1133 1987 Ecclesiae
1150 1935 1311 1989 missa
1335 1943 1435 1989 est.
1465 1935 1639 2006 llogat
1660 1949 1715 1993 ut
1746 1939 1831 1995 al-

256 2016 399 2075 levet
422 2034 716 2090 pauperum
751 2024 1140 2092 possessiones,
1157 2034 1305 2081 tanto
1324 2027 1644 2085 tributorum
1663 2047 1832 2093 onere

254 2126 569 2182 oppressas,
600 2124 660 2170 nt
689 2130 902 2185 semper
930 2128 1243 2186 qumrantur
1269 2119 1358 2188 qui
1388 2134 1485 2177 eas
1510 2125 1826 2194 suscipiant,

256 2219 321 2258 ac
346 2219 502 2259 suum
538 2207 716 2276 potius
761 2208 977 2277 insuper
1010 2210 1257 2266 absumat
1286 2210 1545 2283 Ecclesia,
1573 2230 1733 2285 quam
1761 2233 1830 2276 ex

261 2297 349 2352 his
377 2301 812 2366 possessionibus
840 2301 1133 2372 quidquam
1160 2306 1439 2375 percipiat.

326 2390 664 2459 Episcopalis
703 2394 1044 2451 auctoritatis
1076 2398 1425 2455 defendenda:
1445 2401 1683 2455 studium
1713 2400 1830 2457 elu-

253 2490 342 2536 cet
369 2482 424 2536 iu
452 2483 677 2553 epistola
704 2482 829 2539 286.
877 2485 1050 2543 Fures
1079 2490 1130 2543 in
1168 2491 1399 2559 quadam
1433 2491 1664 2548 ecclesia
1699 2495 1826 2551 vilia

253 2588 554 2643 pauperum
578 2577 898 2633 vestimenta
926 2579 1261 2649 subripuere,
1290 2591 1346 2636 et
1383 2582 1450 2638 ab
1489 2584 1576 2649 iis,
1628 2586 1827 2657 quibus

254 2666 392 2721 recti
436 2667 488 2722 in
542 2670 774 2725 ecclesia
806 2670 1016 2725 ordinis
1063 2687 1193 2727 cura
1228 2676 1539 2744 commissa,
1578 2693 1829 2749 compre-

253 2756 409 2814 bensi
465 2770 610 2817 sunt.
670 2761 805 2816 Tum
854 2762 1107 2829 Basilius,
1158 2764 1429 2835 descripto
1481 2768 1534 2821 in
1580 2771 1824 2825 omnium

253 2847 428 2907 oculis
451 2852 680 2907 vestium
710 2854 1035 2921 inventario,
1059 2865 1112 2910 et
1147 2867 1322 2912 vestes
1348 2866 1404 2913 et
1450 2856 1598 2915 fures
1656 2861 1823 2930 recipi

1942 571 2031 627 det
2059 586 2214 640 mque
2241 571 2341 626 sibi
2366 572 2434 626 ab
2458 572 2693 641 episcopi
2723 571 2897 629 oﬂlcio
2922 574 3154 629 alienum
3189 575 3382 641 videri,
3411 593 3511 632 no-

1941 671 2128 717 centes
2153 670 2248 716 aut
2268 660 2539 729 judicibus
2567 663 2781 718 tradere
2835 673 2928 718 aut
2962 665 3189 720 traditos
3248 667 3458 736 eripere
3488 684 3504 723 :

1941 754 2057 808 sive
2083 755 2212 824 quia
2237 754 2517 825 improbus
2537 755 2624 811 ille
2649 765 2933 813 recantare
2955 758 3237 825 opprobria
3269 757 3505 823 nolebat,

1939 845 2055 899 sive
2086 845 2211 915 quia
2240 860 2307 899 ne
2332 846 2656 901 recantando
2680 846 2898 917 quidem
2925 849 3155 905 dedecus
3179 848 3372 920 virgini
3399 851 3503 905 im-

1938 937 2170 1007 positum
2202 936 2333 991 satis
2364 947 2692 1005 reparasset.

2008 1024 2297 1083 Nectarius
2358 1025 2558 1084 Basilio
2584 1043 2651 1082 ex
2713 1027 2989 1097 praeclaris
3036 1026 3253 1084 dotibus
3277 1043 3305 1083 a
3335 1044 3503 1101 puero

1936 1125 2119 1181 notus,
2146 1117 2201 1171 in
2230 1132 2498 1172 summum
2533 1118 2870 1189 splendorem
2909 1119 3052 1173 omni
3102 1119 3359 1174 virtutum
3408 1136 3499 1191 go-

1936 1226 2065 1267 nere
2094 1220 2434 1281 pervenerat.
2472 1211 2710 1284 Rogatus
2734 1211 2885 1268 abeo
2917 1210 3146 1267 Basilius
3182 1222 3241 1267 ut
3268 1212 3501 1283 aliquem

1934 1303 2088 1374 pagis
2117 1302 2561 1373 chorepiscopum
2587 1304 2907 1373 prmﬁceret,
2942 1304 3024 1359 vel
3056 1304 3241 1359 saltent
3271 1305 3337 1361 de
3364 1306 3505 1373 opti-

1935 1409 2020 1449 ma
2054 1393 2426 1465 eligendorum
2455 1395 2969 1463 chorepiseopnrum
3024 1398 3235 1453 ratione
3286 1399 3503 1452 consul-

1935 1496 2046 1551 tns,
2073 1486 2273 1541 eximia
2317 1487 2481 1541 tradit
2525 1496 2817 1555 praecepta,
2854 1496 2909 1541 et
2958 1488 3213 1555 episcopo
3233 1488 3379 1543 etiis
3400 1489 3493 1557 qui

1934 1578 2246 1649 suﬂragium
2296 1579 2428 1633 dant
2464 1578 2860 1633 convenientia.
2900 1577 3144 1632 Declarat
3202 1594 3260 1631 se
3297 1593 3494 1646 caupo-

1932 1686 2079 1736 nem,
2104 1663 2209 1725 non
2239 1670 2667 1740 dispensatorem
2701 1668 2960 1737 futurum,
2987 1678 3044 1722 et
3070 1668 3281 1738 quidvis
3309 1669 3491 1737 potius

1931 1774 2092 1829 quam
2122 1759 2440 1815 electionem
2480 1769 2846 1829 peracturum,
2878 1763 2923 1816 si
2968 1759 3094 1830 quid
3124 1763 3310 1829 gratia:
3337 1776 3498 1816 causa

1934 1859 2029 1905 aut
2064 1850 2240 1906 timori
2261 1852 2459 1906 cedens
2492 1850 2703 1905 iecerit.
2737 1849 2806 1904 lis
2832 1860 3009 1906 autem
3043 1852 3134 1921 qui
3189 1850 3496 1919 snilragium

1936 1943 2067 1998 dant
2096 1952 2287 1997 auctor
2317 1950 2421 2003 est.
2463 1952 2519 1996 ut
2544 1942 2689 1997 dicto
2751 1941 3060 1996 testimonio
3098 1942 3163 1995 ab
3196 1943 3342 1996 omni
3372 1957 3500 1996 con-

1933 2032 2172 2086 tentione
2231 2031 2560 2097 abstineant,
2604 2042 2660 2087 et
2712 2032 2879 2087 Deum
2926 2040 3232 2102 precentur,
3260 2041 3318 2086 ut
3354 2033 3500 2101 quod

1932 2124 2061 2180 utile
2088 2122 2271 2190 fuerit,
2307 2139 2412 2179 uon
2435 2124 2619 2179 lateat.

2002 2215 2228 2270 Videtur
2255 2216 2308 2270 in
2330 2216 2640 2285 episcopatu
2669 2214 2868 2283 scripta
2896 2214 3121 2283 epistola
3146 2215 3274 2281 ενι,
3306 2216 3361 2270 in
3390 2228 3499 2285 qua

1928 2305 2159 2363 Basilius
2183 2306 2524 2363 Timodieum
2558 2307 3001 2376 chorepiscopum
3022 2321 3086 2359 ex
3120 2320 3330 2361 summo
3348 2321 3500 2361 asce-

1932 2399 2051 2453 ticat
2088 2400 2213 2452 vita:
2262 2397 2477 2454 fervore
2510 2399 2577 2451 ad
2631 2398 2911 2452 stccnlaria
2960 2398 3173 2468 negotia
3220 2396 3495 2467 delapsum

1926 2504 2185 2546 revocare
2239 2488 2306 2543 ad
2365 2488 2646 2557 pristinam
2681 2489 2935 2557 pietatem
2975 2498 3223 2545 conatur.
3271 2485 3497 2542 Videtur

1928 2583 2068 2638 idem
2120 2597 2243 2637 esse
2301 2581 2619 2637 Timotheus
2675 2580 3116 2649 chorepiscopus,
3174 2578 3244 2632 de
3293 2592 3399 2647 quo
3438 2578 3493 2631 in

1928 2673 2153 2744 epistola
2186 2673 2259 2727 ει
2291 2672 2555 2742 loquitur.
2610 2671 2781 2727 Grato
2816 2676 2999 2726 animo
3025 2671 3249 2742 suscipit
3273 2670 3435 2723 missa
3462 2684 3491 2721 a

1927 2763 2217 2820 Timotheo
2282 2778 2535 2829 munera,
2568 2765 2921 2834 vicissimque
2972 2763 3021 2817 ei
3070 2763 3307 2817 misisset
3337 2760 3492 2817 Ponti

1924 2853 2266 2919 munuscula,
2305 2869 2461 2909 ceras
2485 2864 2541 2909 et
2583 2869 2775 2922 acopa,
2816 2855 2861 2909 si
2909 2864 3037 2908 tunc
3068 2864 3263 2923 przesto
3291 2852 3495 2908 adfuls-

253 2956 322 2997 ac
354 2944 617 2999 custodiri
642 2944 829 3015 jussit,
868 2956 1047 2999 vestes
1099 2947 1316 3013 quidem
1361 2950 1556 3017 partim
1607 2952 1823 3007 tradens
1922 2955 2073 3014 sent;
2102 2946 2194 3001 sed
2229 2960 2353 3000 cum
2376 2946 2627 3005 aderunt.
2653 2948 2940 3001 missurum
2975 2944 3260 3013 promittit.

258 3032 345 3088 bis
365 3036 457 3103 qui
486 3034 712 3090 aderant
740 3034 1095 3103 pauperibus,
1128 3040 1322 3105 partim
1352 3038 1599 3095 venturis
1642 3056 1822 3096 reser-

251 3138 411 3187 vans,
438 3122 585 3177 fures
616 3133 796 3177 autem
830 3124 1105 3181 canonica:
1138 3126 1473 3197 paenitentiae
1504 3133 1819 3204 subiiciens.

252 3215 362 3269 Sed
402 3228 523 3268 cum
547 3211 1051 3273 commentariensis
1066 3220 1330 3290 ejusmodi
1364 3222 1638 3278 hominum
1667 3240 1823 3281 rece-

250 3306 495 3376 ptionem
539 3306 641 3362 sibi
681 3308 957 3365 vindicare
991 3311 1177 3379 vellet,
1234 3316 1511 3370 contendit
1568 3315 1820 3383 Basilius,

256 3412 379 3465 quae
412 3397 463 3451 in
486 3398 733 3454 ecclesiis
771 3411 1067 3470 peccantur
1086 3441 1102 3467 ,
1124 3404 1194 3458 ab
1240 3405 1513 3476 episcopis
1543 3409 1820 3463 emendari

251 3489 470 3553 debere,
504 3504 604 3545 nec
653 3490 866 3559 judices
914 3508 1037 3549 esse
1094 3495 1536 3566 interpellandos.
1584 3498 1737 3567 Quod
1774 3501 1821 3557 si

250 3580 758 3635 commentariensis
785 3583 851 3635 ad
880 3584 1134 3638 comitem
1182 3586 1267 3640 his
1292 3588 1357 3640 de
1389 3590 1552 3643 rebus
1618 3589 1823 3647 referre

250 3667 418 3731 velit,
466 3667 699 3723 libenter
760 3673 1061 3727 assentitur
1115 3674 1372 3742 Basilius,
1396 3685 1451 3732 et
1483 3692 1581 3735 suo
1618 3678 1730 3749 juri
1764 3692 1821 3738 et

251 3757 354 3812 viri
388 3758 684 3829 integritati
711 3761 1009 3819 conlidens.

320 3846 443 3905 1am
479 3866 623 3922 saepe
652 3853 883 3910 vidimus
908 3871 1070 3927 quam
1116 3856 1353 3915 libenter
1374 3860 1607 3918 Basilius
1646 3864 1821 3920 homi-

248 3954 347 3997 nes
374 3941 428 3996 in
471 3942 733 4013 judicium
794 3958 1016 4004 vocatos
1067 3951 1242 4018 gratia
1277 3966 1372 4007 sua
1400 3961 1455 4007 et
1496 3956 1821 4012 auctoritate

248 4034 563 4089 sublevaret
599 4052 613 4089 :
657 4037 755 4092 sed
804 4046 981 4092 tamen
1015 4040 1175 4108 hujus
1207 4045 1283 4097 rei
1336 4043 1553 4099 modum
1582 4047 1819 4118 aliquem

246 4133 304 4181 et
356 4127 628 4181 delectum
667 4129 874 4184 sciebat
933 4132 1225 4187 tenendum
1279 4148 1422 4190 esse.
1477 4136 1611 4194 Cum
1666 4141 1819 4209 virgo

245 4216 495 4287 quedam
551 4218 852 4286 improbum
891 4220 1164 4278 hominem
1191 4233 1246 4281 et
1292 4226 1346 4281 in
1410 4232 1819 4302 corrumpendis

246 4308 499 4364 domibus
526 4321 554 4362 a
582 4322 751 4377 puero
779 4312 1102 4379 institutum,
1136 4314 1189 4369 in
1215 4317 1434 4373 domum
1462 4334 1615 4375 suam
1648 4322 1818 4378 inscia

246 4401 396 4458 illius
431 4415 643 4456 morum
697 4402 1025 4473 admisisset,
1058 4407 1217 4475 eique
1270 4424 1337 4464 es
1372 4410 1605 4481 simplici
1650 4415 1817 4470 collo-

2447 3061 2676 3117 CAPUT
2718 3059 2957 3115 XXXIX.

1848 3171 1891 3231 ο
1923 3155 1964 3213 Ι.
1988 3155 2063 3231 De
2082 3155 2313 3231 epistolis
2336 3153 3080 3231 quitrumtempusjnrert-unt.
3102 3151 3176 3231 _l_|.
3198 3150 3276 3231 ρᾳ
3294 3154 3488 3231 epist:-

1997 3227 2063 3279 lt's
2091 3226 2278 3280 Basilii
2301 3220 2367 3276 ad
2396 3220 2742 3276 Libaninmet
2770 3221 2972 3274 Libanii
2995 3223 3063 3275 ad
3094 3220 3374 3277 Basilianis.
3398 3223 3486 3279 ΙΙΙ.

1996 3294 2229 3349 Maxime
2265 3296 2437 3348 dubito
2466 3295 2726 3351 videntur.
2760 3292 2846 3346 ιν.
2884 3290 2988 3346 Sea:
3013 3292 3244 3360 epistola:
3273 3295 3486 3361 spuria.

1994 3410 2035 3466 l.
2065 3406 2218 3466 Nunc
2245 3408 2486 3464 breviter
2507 3407 2661 3462 nobis
2694 3405 3040 3461 recensendz
3069 3416 3196 3461 sunt
3223 3405 3344 3461 alia
3385 3405 3491 3460 Ba-

1921 3504 2028 3560 silii
2062 3501 2323 3574 epistolae,
2354 3515 2474 3571 qua:
2496 3514 2617 3553 cum
2646 3496 2789 3551 nulla
2826 3496 3086 3565 temporis
3115 3505 3242 3551 nota
3272 3497 3490 3566 signen-

1921 3606 2010 3651 Iur
2058 3610 2243 3649 earum
2299 3594 2545 3648 ordinem
2597 3606 2665 3646 ex
2722 3590 2853 3659 ipsis
2908 3590 3118 3660 rebus,
3189 3588 3258 3644 de
3294 3588 3490 3658 quibus

1921 3696 2108 3757 agunt,
2168 3682 2518 3753 repetendum
2562 3682 2836 3736 duximus.
2882 3680 3015 3734 Alite
3076 3678 3221 3734 enim
3271 3679 3485 3750 egregia

1920 3794 2130 3835 morum
2155 3787 2417 3849 praecepta
2451 3774 2691 3837 tradunt,
2716 3771 2835 3826 aliae
2856 3772 3276 3841 propinquorum
3313 3780 3489 3825 morte

1920 3872 2149 3929 amictos
2182 3869 2549 3933 consolantur,
2573 3867 2693 3921 alia:
2734 3862 3258 3921 commendationem
3282 3877 3489 3934 egeno-

1920 3978 2061 4028 rum,
2090 3962 2209 4015 alia:
2229 3960 2457 4027 denique
2488 3958 2719 4009 amicam
2759 3955 2959 4009 habent
2992 3953 3398 4012 salutationem.

1990 4052 2160 4121 Digna
2199 4050 2312 4105 visa
2363 4058 2446 4103 est
2474 4062 2592 4117 qua:
2644 4062 2837 4117 agmen
2895 4044 3370 4113 duceretepistola
3415 4046 3485 4100 ad

1919 4142 2216 4200 Palladium
2243 4155 2433 4197 recens
2465 4140 2814 4209 baptizatum,
2840 4151 3000 4205 quem
3036 4135 3271 4191 Basilius
3300 4136 3484 4193 horta-

1920 4247 2029 4302 tur,
2081 4244 2139 4290 ut
2170 4233 2377 4289 iidelem
2407 4247 2467 4286 se
2502 4228 2739 4285 thesauri
2787 4228 3067 4282 custodem
3130 4227 3395 4297 prebeat,
3420 4240 3485 4280 ac

1917 4329 2062 4384 omni
2110 4341 2240 4383 cura
2269 4325 2566 4395 depositum
2593 4321 2800 4390 regium
2841 4330 3143 4376 conservet.
3178 4318 3325 4372 Illius
3347 4332 3487 4374 uxor

1920 4421 2181 4475 iuviserat
2204 4418 2487 4481 Basilium,
2515 4414 2604 4483 qui
2635 4415 2922 4469 dimidium
2967 4422 3175 4467 tantum
3230 4412 3483 4467 desiderii

244 4496 375 4565 quio
412 4495 627 4565 cognita
654 4505 839 4561 esset;
892 4496 939 4553 is
990 4512 1057 4553 eo
1101 4498 1443 4569 impudentiae
1492 4506 1733 4572 devenit,
1760 4516 1817 4561 ut

1923 4510 2002 4563 sui
2055 4508 2399 4576 adimpletum
2461 4503 2717 4570 ducebat,
2776 4503 2901 4575 quia
2950 4519 3056 4559 non
3114 4504 3289 4573 ipsum
3318 4502 3487 4557 etiam

242 4586 513 4657 virginem
555 4596 671 4642 tota
730 4587 864 4642 urbe
920 4590 1253 4655 decantaret,
1288 4609 1353 4648 ac
1394 4594 1602 4652 famoso
1637 4596 1816 4655 libello

242 4677 499 4735 cci'lesite
527 4678 697 4734 valvis
736 4676 896 4735 aﬂlso
927 4681 1210 4740 laceraret.
1243 4683 1300 4740 in
1335 4688 1586 4745 exsilium
1618 4691 1817 4750 missus

242 4782 329 4828 est
373 4776 445 4827 ob
477 4770 616 4827 hanc
671 4774 970 4844 nequitiam
1033 4793 1047 4828 :
1106 4778 1202 4833 sed
1265 4781 1481 4838 rediens
1527 4784 1815 4845 maledicta

241 4877 338 4917 sua
367 4862 667 4929 renovavit,
701 4873 759 4921 et
779 4864 1065 4925 calumniis
1109 4869 1165 4926 in
1197 4871 1510 4942 pudicitiam
1560 4876 1812 4947 virginis,

242 4954 449 5023 forum,
487 4956 789 5028 gymnasia,
824 4958 1031 5014 theatra
1065 4969 1121 5015 et
1162 4964 1305 5019 :edes
1332 4964 1698 5035 improborum
1730 4970 1813 5026 sui

239 5047 506 5103 similium
540 5046 801 5119 implevit.
855 5050 1010 5107 Hunc
1057 5052 1333 5111 hominem
1386 5052 1619 5115 Basilius
1640 5062 1815 5131 melI

240 5138 297 5193 in
320 5137 561 5209 episcopi
586 5147 853 5210 potestate
869 5142 1059 5209 positis
1085 5145 1348 5210 coercuit,
1374 5160 1405 5200 a
1434 5150 1813 5207 communione

237 5230 393 5284 illum
439 5229 805 5286 ecclesiastica
846 5245 1172 5290 removens:
1240 5235 1509 5307 simulque
1546 5240 1809 5312 virginem

238 5326 491 5383 hortatus
518 5335 625 5390 est,
666 5334 727 5383 ut
767 5341 827 5383 se
854 5343 962 5383 non
1013 5330 1388 5401 ulcisceretur,
1420 5334 1519 5392 sed
1583 5336 1811 5393 Domino

235 5416 500 5473 ultionem
524 5421 881 5488 permitteret.
911 5421 982 5475 At
1021 5424 1178 5495 virgo
1209 5426 1553 5483 vehementer
1582 5444 1704 5482 cum
1743 5445 1811 5486 eo

234 5509 621 5579 expostulavit,
660 5517 802 5581 quod
828 5526 1009 5568 secum
1044 5527 1268 5579 paterno
1297 5519 1477 5574 animo
1507 5533 1613 5574 non
1660 5520 1809 5576 dole-

234 5607 339 5665 ret,
376 5613 441 5654 ac
493 5598 649 5655 fama
671 5598 964 5669 jacturam,
1001 5618 1119 5674 qua
1158 5607 1322 5662 totius
1369 5607 1504 5662 cleri
1547 5608 1804 5664 damnum

231 5696 377 5750 erat.
407 5690 931 5761 negligerejuheret.
964 5694 1148 5766 Itaque
1174 5698 1379 5753 instare
1412 5700 1605 5769 virgini
1632 5701 1804 5754 noluit

232 5776 490 5847 Basilius,
528 5790 583 5837 et
633 5792 816 5850 postea
878 5786 945 5842 ab
997 5786 1178 5852 aliquo
1224 5789 1572 5855 svcopbanta:
1627 5791 1803 5849 amico

1918 4599 2214 4656 Palladium
2256 4597 2481 4651 viderat.

1987 4687 2348 4745 Christianam
2377 4688 2429 4742 in
2458 4688 2662 4743 morbis
2693 4697 2745 4742 et
2772 4688 2930 4741 rebus
2958 4684 3200 4740 adversis
3219 4693 3486 4741 constano

1918 4781 2045 4836 tiam
2070 4778 2251 4833 laudat
2279 4778 2507 4832 Basilius
2536 4778 2588 4831 iu
2617 4778 2843 4847 epistola
2868 4776 2934 4828 ad
2957 4774 3257 4841 lulianum,
3282 4776 3350 4831 de
3375 4790 3485 4844 quo

1915 4872 2055 4927 scire
2078 4879 2200 4924 avet
2230 4885 2297 4924 an
2334 4882 2523 4923 manus
2550 4883 2701 4919 nsum
2734 4865 3017 4932 receperit,
3043 4880 3112 4919 an
3145 4864 3218 4918 illi
3260 4863 3481 4932 reliqua

1916 4979 2004 5018 res
2044 4963 2166 5016 vita:
2193 4977 2257 5016 es
2295 4959 2561 5015 sententia
2613 4957 2800 5011 ﬂuant.
2835 4954 3053 5012 Videtur
3090 4956 3136 5009 is
3188 4953 3370 5009 Basilii
3399 4954 3479 5009 vi-

1914 5054 2075 5110 dendi
2109 5068 2269 5107 causa
2302 5055 2606 5106 (L'csaream
2640 5050 2875 5115 venisse,
2932 5046 3027 5102 sed
3085 5044 3237 5099 illum
3281 5043 3484 5102 Basilio

1890 5163 2017 5219 ,per
2051 5146 2265 5217 negotia
2295 5154 2505 5200 tantum
2544 5143 2730 5196 videre
2779 5140 2951 5206 licuit,
2991 5148 3247 5210 quantum
3298 5136 3387 5208 qui
3422 5152 3483 5193 se

1914 5239 1966 5292 in
2008 5237 2142 5291 mari
2172 5236 2399 5291 invicem
2451 5242 2801 5303 pmicreunt.
2844 5230 2977 5284 Eum
3019 5237 3195 5284 tamen
3232 5225 3483 5292 Basilius,

1915 5330 2059 5387 velut
2091 5344 2156 5383 ex
2186 5343 2365 5398 ungue
2398 5327 2631 5386 leonem.
2662 5338 2729 5379 ex
2766 5323 2915 5377 brevi
2944 5320 3318 5393 experimento
3347 5319 3478 5374 satis

1912 5429 2259 5493 cognoverat.

1983 5512 2060 5567 Ex
2087 5510 2310 5580 epistola
2337 5507 2461 5569 ΞΜ,
2492 5508 2626 5564 duos
2671 5506 3049 5577 cognoscimus
3103 5502 3284 5559 Basilii
3318 5502 3482 5558 disci-

1910 5605 2084 5676 pulos,
2118 5603 2337 5658 Festum
2367 5610 2424 5655 ct
2472 5598 2744 5671 Magnum,
2773 5614 3000 5671 quorum
3041 5598 3241 5653 teneris
3266 5596 3479 5651 anima-

1910 5696 2012 5751 bus
2050 5710 2172 5751 cum
2200 5696 2453 5764 pietatem
2498 5694 2801 5756 insevisset.
2833 5693 3055 5765 optabat
3104 5704 3226 5746 eam
3258 5689 3326 5746 ad
3362 5703 3479 5744 ma-

1910 5799 2061 5845 turos
2092 5788 2300 5844 fructus
2329 5787 2643 5855 perductam
2670 5787 2871 5844 videre.
