4038 6476
476 460 636 504 αἰτίη

1827 418 2359 480 PROLEGOMENA.

545 563 775 616 Basilius
805 561 929 614 vitae
975 555 1366 611 anachoreticm
1414 553 1570 621 longe
1601 549 2050 620 praeferebatcoe-
2081 553 2126 609 Α
2157 545 2342 596 uastis:
2373 541 2466 609 qui
2507 537 2650 592 illius
2689 536 2899 588 litteras
2933 531 3161 584 libenter
3202 526 3447 594 accipere
3484 519 3712 585 solebat,

479 657 801 720 nohiti'cam;
831 652 1096 720 huiusque
1132 646 1363 702 instituti
1417 653 1610 700 auctor
1665 642 1764 695 fuit
1794 642 1847 695 in
1874 641 2048 694 Ponto

479 759 532 803 et
557 747 914 818 Cappadocia,
953 744 1148 812 quibus
1196 741 1246 793 in
1289 739 1422 794 locis
1461 737 1554 791 vix
1595 743 1750 788 antea
1773 733 2048 802 cognitum

480 850 619 896 crat.
654 838 830 905 Quare
858 851 976 888 cum
1009 833 1310 888 venissetirt
1344 831 1612 901 quoddam
1641 826 2048 890 monaSIerium,

486 933 575 984 ubi
600 928 886 997 separatim
916 935 1109 980 ascetze
1144 924 1432 992 degebant,
1460 924 1704 974 hortatus
1739 927 1822 972 est
1853 931 1949 970 eos
1987 915 2053 970 ad

487 1021 652 1073 vitam
694 1032 1055 1073 communem.
1091 1013 1152 1066 lli
1181 1013 1377 1067 docilis
1427 1012 1591 1064 animi
1634 1008 2055 1076 significationes

491 1115 774 1174 dederunt,
799 1120 854 1165 et
877 1111 942 1163 de
970 1109 1061 1170 iis,
1085 1122 1204 1176 quae
1227 1104 1459 1158 Basilius
1487 1102 1840 1164 disseruerat,
1875 1099 2058 1153 Domi-

490 1224 559 1262 no
581 1208 782 1277 gratias
805 1211 1054 1272 egerunt.
1115 1198 1360 1267 Cupidus
1410 1194 1616 1250 sciendi
1673 1193 1930 1256 Basilius,
1989 1206 2057 1244 an

489 1294 658 1346 vitam
692 1291 835 1344 illam
898 1289 1126 1342 testibus
1177 1293 1450 1338 carentem
1510 1282 1854 1351 reliquerint,
1897 1279 2062 1334 mittit

491 1385 720 1453 aliquem
761 1399 826 1436 ex
854 1381 1133 1442 fratribus,
1159 1378 1247 1446 qui
1280 1385 1334 1431 et
1378 1376 1518 1445 quod
1552 1375 1728 1429 alacre
1752 1383 1832 1429 est
1862 1387 2062 1443 cogno-

493 1484 627 1540 scat,
654 1485 707 1529 et
766 1473 909 1543 quod
949 1473 1162 1542 pigrum
1226 1469 1454 1533 excitet,
1485 1476 1539 1523 et
1580 1467 1722 1538 quod
1763 1466 2064 1520 reluctatur

493 1568 594 1622 sibi
618 1567 835 1622 indicet.

563 1677 619 1732 In
678 1677 904 1746 epistola
953 1676 1059 1732 296
1119 1678 1330 1730 viduam
1410 1673 1662 1728 hortatur
1708 1669 1961 1734 Basilius,
2009 1676 2067 1722 ut

496 1777 722 1823 mortem
754 1785 817 1823 ac
843 1769 934 1823 Dei
953 1769 1213 1835 judicium
1247 1781 1462 1834 semper
1487 1774 1610 1817 ante
1639 1764 1824 1818 oculos
1847 1762 2064 1816 haheat.

496 1863 641 1917 Illius
692 1863 854 1916 etiam
894 1862 1057 1914 tiliam
1117 1861 1339 1920 salutat,
1374 1859 1530 1926 eique
1569 1865 1757 1910 auctor
1783 1865 1865 1909 est
1916 1867 1974 1907 ιιι
2012 1853 2064 1906 in

500 1954 819 2007 meditandis
857 1953 1152 2020 Scripturis
1185 1950 1403 2006 assidue
1443 1959 1704 2003 versetur.
1739 1947 1904 2002 Malas
1944 1960 2070 2000 snas

502 2046 618 2100 haec
642 2044 801 2098 vidua
833 2045 1274 2098 commodaverat
1309 2040 1532 2102 Basilio.
1588 2042 1782 2110 quibus
1819 2040 1907 2093 ille
1953 2039 2072 2106 qui-

497 2136 622 2190 dem
654 2151 813 2207 parce
841 2145 1098 2205 tanquam
1135 2135 1247 2187 suis
1279 2150 1407 2187 usus
1438 2141 1552 2195 est;
1580 2132 1672 2185 sed
1699 2142 1875 2182 tamen
1902 2129 2073 2180 viduas

501 2227 557 2283 in
607 2242 664 2281 se
719 2228 958 2280 animum
1005 2236 1058 2279 et
1092 2226 1327 2280 studium
1359 2240 1483 2291 erga
1518 2224 1609 2276 Dei
1644 2237 1774 2288 Opus
1831 2218 2075 2273 renside-

504 2332 655 2382 rans,
705 2330 892 2371 earum
926 2331 1078 2369 usum
1130 2314 1343 2382 longius
1388 2314 1734 2381 produxerat.
1794 2309 1959 2366 Aliam
1991 2309 2073 2361 vi-

500 2405 660 2460 duam
701 2406 752 2458 in
810 2404 1038 2474 epistola
1089 2404 1332 2468 sequenti
1396 2401 1642 2452 hortatur
1688 2399 1751 2453 ad
1794 2401 2072 2468 pietatem,

505 2501 662 2568 eique
710 2498 1053 2552 commendat
1109 2494 1411 2560 mulierem,
1463 2509 1580 2563 qua:
1616 2493 1756 2546 hanc
1791 2492 2074 2551 epistolam

504 2590 833 2662 perferebat.

580 2708 635 2762 In
665 2706 889 2775 epistola
921 2703 1029 2759 298
1075 2704 1338 2759 refellitur
1377 2709 1742 2758 commentum
1797 2697 2076 2765 cujusdam

513 2800 677 2868 plani,
714 2800 802 2866 qui
859 2814 1012 2865 aqua:
1065 2801 1166 2850 vim
1217 2797 1507 2865 quamdam
1563 2795 1735 2848 inesse
1792 2789 2078 2846 absurdam

509 2893 791 2961 fingebat,
841 2899 898 2942 ut
942 2889 1366 2955 simplicioribus
1412 2888 1676 2941 illuderet.
1735 2886 1951 2953 Scripta
2002 2893 2084 2937 est

508 2982 734 3052 epistola
766 2980 872 3036 299
897 2983 1012 3036 viro
1047 2981 1247 3048 pietate
1289 2977 1512 3046 insigni,
1544 2979 1627 3030 cui
1683 2993 1804 3031 cum
1843 2977 2082 3030 oblatum

511 3082 866 3129 essetmunus
903 3072 1191 3127 censitoris
1222 3072 1273 3124 in
1306 3070 1527 3140 regione
1556 3067 1897 3131 lboritarum,
1921 3067 2087 3134 signi-

511 3167 767 3222 ficaverat
809 3166 1009 3220 Basilio
1043 3166 1324 3220 molestam
1380 3165 1482 3219 sibi
1553 3165 1672 3216 esse
1716 3159 1792 3215 rei
1858 3159 2083 3224 publica:

512 3260 1060 3315 administrationem.
1111 3258 1229 3313 Jatn
1281 3259 1425 3313 enim
1489 3270 1518 3309 e
1565 3254 1708 3308 civili
1761 3251 1997 3320 potentia
2032 3250 2082 3302 in
2113 3241 2155 3300 C

514 3353 686 3408 otium
716 3366 775 3404 se
805 3362 1106 3419 receperat.
1138 3346 1397 3401 Hortatur
1437 3363 1558 3401 eum
1609 3345 1842 3400 Basilius
1889 3355 1943 3398 ut
1987 3343 2086 3397 hoc

516 3457 714 3500 munus
749 3442 1012 3511 accipiat,
1057 3439 1296 3509 illudque
1352 3438 1433 3492 sic
1476 3435 1840 3490 administrct.
1881 3445 1938 3487 ut
1990 3449 2088 3488 nec

517 3537 814 3609 potentiam
852 3535 1108 3590 formidet
1131 3547 1230 3586 nec
1264 3536 1638 3600 paupertatem
1677 3533 2016 3578 contemnat.

592 3652 905 3720 Sequuntur
945 3658 1055 3702 tres
1085 3650 1274 3701 littera:
1303 3643 1697 3706 e0nsolatoriae,
1758 3655 1986 3710 quarum
2036 3639 2087 3692 in

522 3749 698 3817 prima
740 3755 997 3813 parentes
1026 3739 1355 3803 consolatur,
1387 3738 1522 3797 filii,
1578 3751 1737 3803 quem
1802 3736 1867 3787 ad
1915 3732 2090 3787 studia

521 3840 825 3893 litterarum
884 3837 1189 3895 miserant,
1239 3838 1414 3883 morte
1477 3824 1748 3890 afﬂictos;
1816 3824 1871 3876 in
1923 3822 2091 3875 altera

524 3931 818 3984 Maximum
854 3925 945 3995 qui
992 3939 1214 3977 uxorem
1245 3921 1533 3986 amiserat;
1572 3919 1622 3970 in
1656 3916 1814 3971 tertia
1869 3927 2092 3969 uxorem

526 4019 791 4082 Brisonis,
828 4018 928 4068 viri
965 4021 1126 4068 rebus
1178 4015 1230 4066 in
1273 4013 1413 4066 bello
1469 4010 1636 4080 gestis
1665 4009 1819 4072 clari,
1848 4021 2007 4077 quem
2041 4007 2094 4061 in

527 4115 644 4183 ipso
675 4110 846 4165 aetatis
870 4106 999 4162 flore
1047 4114 1261 4175 raptum
1322 4104 1619 4170 imperator
1669 4102 2095 4164 desideraverat,

529 4204 729 4259 milites
786 4201 1122 4270 planxerant,
1175 4196 1400 4263 ejusque
1441 4193 1710 4260 jactnram
1777 4203 1946 4247 totum
1987 4193 2100 4244 fere

528 4296 832 4352 Romanum
864 4292 1148 4360 imperium
1183 4297 1446 4343 senserat.

604 4409 684 4463 Ex
733 4404 1193 4460 commendatitiis
1246 4402 1430 4455 Basilii
1491 4401 1687 4455 litteris
1757 4401 2100 4469 perspicitur,

526 4509 730 4570 quanta
766 4494 1086 4549 auctoritate
1119 4491 1258 4561 apud
1288 4499 1582 4558 potestates
1611 4487 1833 4551 valeret,
1860 4495 1911 4541 et
1934 4501 2096 4555 quam

2152 636 2316 690 etiam
2363 642 2523 700 atque
2569 629 2728 682 etiam
2762 633 2934 692 rogat,
2969 631 3028 675 ut
3081 619 3290 674 civibus
3341 613 3717 669 Alexandrinis

2154 725 2437 795 propinqui
2459 721 2656 775 mortui
2689 730 2885 786 corpus
2919 711 3133 782 publico
3158 707 3406 762 mandato
3427 714 3717 772 exportan-

2154 818 2279 868 dum
2341 813 2540 875 tradat,
2606 809 2818 874 illisque
2852 803 3053 872 aliquid
3101 799 3286 854 auxilii
3315 813 3377 850 ex
3420 811 3578 849 mirsu
3625 809 3719 861 pu-

2154 906 2299 960 blico
2318 902 2598 958 concedat.
2633 896 2872 953 Notanda
2914 895 3076 950 etiam
3102 890 3328 962 epistola
3379 887 3502 949 507,
3535 887 3584 939 in
3612 899 3718 954 qua

2153 999 2330 1051 virum
2364 1004 2636 1066 potentem
2669 999 2840 1060 rogat,
2874 998 2933 1042 ut
2959 986 3167 1040 duobus
3200 979 3532 1049 litigantibus
3563 992 3719 1046 opem

2159 1089 2319 1152 ferat,
2372 1086 2668 1157 prohibens
2725 1096 2790 1135 ne
2839 1079 2908 1134 ad
2958 1078 3194 1149 judieem
3233 1074 3527 1129 introeant,
3558 1081 3723 1134 seque

2157 1184 2391 1253 jndicem
2435 1182 2543 1237 illis
2572 1178 2816 1249 pra2bens
2845 1193 2858 1229 :
2884 1175 3023 1244 quod
3055 1177 3099 1228 si
3135 1173 3392 1225 alteruter
3445 1164 3725 1222 sententia

2164 1292 2269 1330 non
2297 1276 2461 1338 cedit,
2492 1272 2669 1327 faveat
2733 1268 2984 1336 iniuriam
3015 1264 3330 1338 patienti,et
3357 1273 3509 1329 aequa
3542 1265 3728 1327 postn-

2166 1368 2297 1422 lanti
2321 1369 2678 1436 patrocinium
2706 1361 2998 1431 impendat.

2235 1459 2455 1514 Caetera:
2490 1456 2672 1512 Basilii
2704 1453 2966 1524 epistolae,
3006 1450 3275 1506 salutandi
3304 1461 3467 1503 causa
3491 1444 3731 1512 scriptae,

2166 1547 2443 1618 leporibus
2497 1563 2559 1600 ac
2611 1543 2877 1615 perpolito
2911 1554 3162 1596 sermone
3200 1554 3393 1592 suaves
3419 1546 3474 1591 et
3518 1533 3732 1602 pietatis

2167 1641 2315 1696 notis
2355 1639 2612 1707 inspersa:
2634 1646 2778 1691 sunt.
2811 1637 3012 1690 Eorum
3068 1634 3140 1686 ad
3158 1646 3291 1699 quos
3321 1631 3534 1699 scriptae
3583 1632 3732 1689 sunt,

2170 1733 2390 1789 nomina
2423 1746 2530 1785 non
2553 1738 2792 1792 exstant,
2827 1729 2871 1782 si
2899 1725 3138 1792 excipias
3174 1721 3504 1790 Philagrium
3565 1720 3734 1772 Arce-

2169 1839 2323 1887 num,
2357 1821 2627 1876 hominem
2682 1819 3021 1886 eloquentem
3055 1823 3110 1869 et
3168 1813 3236 1866 de
3279 1825 3335 1864 re
3370 1809 3735 1863 ecclesiastica

2100 1907 2142 1962 Β
2170 1916 2374 1985 optime
2405 1913 2748 1976 sentientem,
2771 1909 3075 1964 Pasinicum
3120 1905 3408 1965 medicum,
3440 1899 3738 1965 Magninia-

2174 2024 2301 2061 num
2331 2048 2346 2074 ,
2408 2004 2827 2077 Hyperechium,
2881 2010 2936 2054 et
2980 1998 3310 2060 Phalerium,
3357 1992 3448 2062 qui
3497 1989 3740 2044 ﬂuviales

2174 2101 2352 2170 pisces
2378 2098 2576 2152 Basilio
2615 2096 2862 2149 miserat.
2889 2093 3067 2148 Plena:
3103 2097 3229 2144 sunt
3266 2083 3606 2142 acuminibus
3630 2083 3743 2150 epi-

2176 2191 2327 2245 stola:
2378 2192 2444 2241 ad
2482 2188 2750 2240 notarium
2798 2195 2852 2239 et
2918 2183 3223 2244 librarium,
3272 2180 3365 2233 sed
3405 2174 3644 2247 epistolae
3675 2173 3744 2225 ad

2179 2282 2438 2336 Theclam
2473 2280 2718 2332 acumina
2742 2279 2908 2346 magis
2943 2276 3185 2332 redolent
3220 2273 3489 2344 ingenium
3537 2269 3747 2336 Grego-

2178 2374 2242 2428 rii
2271 2369 2599 2426 Nazianzeni
2631 2369 2728 2436 (α),
2771 2368 2922 2433 cujus
2953 2368 3069 2420 alia:
3093 2379 3203 2421 tres
3235 2372 3451 2419 exstant
3475 2361 3538 2414 ad
3592 2375 3747 2413 eant-

2177 2470 2300 2521 dem
2347 2464 2562 2518 litterae.
2593 2459 2773 2530 Rogat
2804 2473 2924 2513 eam
2962 2459 3012 2510 in
3041 2457 3127 2510 illa
3155 2497 3168 2520 ,
3206 2473 3322 2522 quae
3361 2455 3613 2510 esrinter
3645 2451 3747 2505 Ba-

2177 2558 2428 2619 silianas,
2455 2554 2704 2624 epiStola,
2736 2561 2794 2602 ut
2839 2564 3047 2609 eorum.
3091 2548 3182 2616 qui
3237 2554 3552 2613 conceptum
3577 2543 3751 2597 eccle.

2179 2649 2273 2701 siae
2302 2645 2674 2707 exstruebant,
2702 2642 2879 2694 aridas
2910 2638 3091 2696 fauces
3142 2651 3364 2690 uvarum
3395 2637 3600 2703 liquore
3663 2650 3746 2688 re-

2181 2750 2348 2793 creet.
2379 2739 2518 2793 Anni
2547 2737 2692 2791 enim
2747 2733 3005 2802 praneriti
3062 2731 3251 2798 frigus,
3284 2727 3510 2798 gemmis
3558 2727 3749 2779 vitium

2182 2833 2428 2895 succisis,
2465 2830 2572 2883 vini
2631 2825 2915 2898 penuriam
2966 2824 3286 2877 adduxerat.
3330 2816 3607 2885 Templum
3650 2815 3754 2868 Na-

2184 2928 2505 2978 zianzenum
2578 2920 2793 2990 magnis
2867 2917 3173 2986 sumptibus
3227 2930 3255 2968 a
3303 2912 3757 2986 Gregorimpatre

2185 3019 2458 3071 conditum
2486 3015 2744 3069 discimus
2772 3027 2840 3066 ex
2880 3009 3134 3076 Theologi
3167 3017 3307 3061 orat.
3343 3005 3429 3058 19.

2263 3105 2324 3158 II.
2361 3105 2578 3158 Litterae
2601 3103 2785 3158 Basilii
2821 3102 2886 3154 ad
2917 3100 3225 3162 Libanium,
3259 3108 3314 3152 et
3342 3111 3477 3165 quas
3512 3110 3539 3147 a
3593 3091 3758 3147 Libat-

2191 3197 2280 3250 nio
2311 3196 2539 3250 Basilius
2562 3194 2787 3262 accepit,
2815 3193 2858 3245 si
2885 3192 3256 3268 vereutrique
3284 3190 3577 3242 tribuenda:
3609 3195 3759 3251 sunt,

2192 3291 2382 3362 partim
2423 3289 2473 3343 in
2497 3301 2714 3342 secessu
2763 3284 2943 3339 Basilii
2978 3283 3192 3348 scriptae
3229 3290 3372 3341 sunt.
3407 3281 3598 3344 partim
3635 3296 3760 3333 cum

2189 3386 2244 3438 in
2319 3383 2757 3453 presbyterorum
2827 3376 3083 3429 cathedra
3157 3373 3414 3434 sederet,
3492 3372 3761 3425 noun-trite

2194 3488 2477 3546 postquam
2510 3474 2573 3526 ad
2602 3475 2970 3539 episcopatum
3005 3465 3274 3535 pervenit.

2262 3568 2342 3620 Ad
2402 3579 2676 3620 secessum
2729 3562 3024 3615 referendae
3085 3558 3338 3612 videntur
3368 3553 3607 3625 cpistola:
3638 3555 3764 3617 itlze,

2192 3657 2389 3729 quibus
2434 3657 2662 3711 Basilius
2720 3652 3069 3723 Cappadoces
3132 3651 3504 3706 adoleStrenles
3537 3645 3766 3700 Libanio

2193 3751 2558 3812 commendat,
2581 3755 2736 3816 eique
2762 3749 2813 3800 in
2846 3746 3182 3815 disciplinam
3215 3744 3395 3796 tradit.
3425 3741 3555 3794 Nam
3581 3739 3767 3808 priimc

2198 3839 2527 3907 respondens
2557 3836 2810 3890 Libanins
2851 3838 3079 3887 miratur
3107 3844 3160 3886 et
3214 3834 3417 3894 laudat,
3451 3833 3590 3899 quod
3635 3831 3682 3882 ei
3737 3846 3767 3885 τι

2197 3929 2469 3985 nonnullis
2491 3927 2795 3981 nuntiatum
2831 3935 2970 3983 erat,
2996 3925 3250 3977 Basiliam
3283 3925 3404 3976 vita:
3439 3938 3608 3993 genus
3631 3937 3770 3989 prrc-

2196 4018 2584 4075 stantissimum
2641 4017 2949 4085 ingressum
3011 4026 3165 4075 esse,
3216 4023 3380 4080 atque
3435 4013 3537 4063 hoc
3598 4012 3773 4077 magis

2198 4122 2441 4184 spectare
2480 4111 2750 4181 quomodo
2783 4108 2991 4162 amicus
3023 4108 3131 4160 Deo
3177 4108 3402 4169 evadat,
3433 4119 3595 4173 quam
3642 4120 3774 4172 quo-

2198 4205 2359 4257 modo
2397 4218 2585 4253 aurum
2624 4202 2859 4270 colligat.
2895 4197 3060 4252 Paulo
3107 4204 3224 4265 post
3263 4193 3424 4247 aliam
3475 4194 3768 4263 epistolam

2198 4293 2280 4348 sic
2309 4294 2518 4347 orditur
2545 4290 2773 4344 Basilius
2807 4307 2821 4341 :
2860 4287 2995 4342 Ecce
3019 4289 3109 4340 tibi
3137 4297 3182 4338 et
3222 4286 3357 4340 alius
3387 4288 3522 4340 venit
3566 4284 3768 4352 Cappa-

2200 4387 2326 4450 dox,
2359 4395 2464 4438 etc.
2500 4383 2653 4437 Hunc
2683 4382 3041 4436 comitabatur
3082 4381 3218 4435 alius
3274 4379 3519 4448 tequalis,
3574 4377 3775 4432 nobilis

2201 4486 2257 4532 et
2295 4476 2409 4545 ipse
2433 4489 2496 4528 ac
2524 4471 2726 4526 Basilio
2753 4472 2970 4536 charus,
3006 4471 3102 4525 sed
3134 4471 3359 4524 minime
3390 4469 3540 4520 dives
3561 4505 3576 4529 ,
3607 4480 3773 4534 quem

530 4591 760 4644 iibenter
821 4588 922 4640 hac
976 4584 1148 4654 gratia
1209 4584 1274 4636 ad
1325 4582 1599 4636 ferendam
1661 4580 1989 4648 pauperibus
2047 4594 2076 4631 e

2203 4574 2382 4618 tamen
2415 4563 2648 4616 Basilius
2673 4575 2780 4613 non
2808 4558 3009 4613 idcirco
3045 4558 3186 4625 apud
3228 4555 3512 4609 Libanium
3564 4553 3777 4606 minore

534 4678 745 4733 afﬂictis
775 4692 930 4744 opem
958 4683 1222 4749 uteretur.
1264 4671 1437 4740 Rogat
1470 4669 1719 4722 comitem
1755 4672 1826 4721 rei
1855 4670 2094 4738 priVatze,

533 4776 586 4828 in
632 4773 856 4839 epistola
891 4771 1016 4832 505,
1056 4778 1114 4819 ut
1146 4765 1425 4834 cujusdam
1489 4761 1589 4817 loci
1645 4761 1858 4823 incolis,
1907 4761 2102 4831 quibus

533 4868 892 4934 imperaverat
923 4861 1320 4925 praestationem
1348 4871 1627 4924 equarum,
1679 4855 1816 4909 itane
1853 4855 2096 4916 multam,

534 4967 718 5026 utpote
744 4968 814 5009 ot)
866 4953 997 5007 falsa
1054 4952 1278 5004 crimina
1311 4949 1637 5015 impositam,
1680 4949 1937 5001 remittat.
1977 4945 2097 4998 Ple-

536 5066 715 5118 raeque
743 5045 1011 5117 ejusmodi
1044 5044 1284 5112 epistola:
1316 5042 1674 5096 censitoribus
1705 5039 1918 5106 scriptae
1951 5044 2096 5098 sunt,

533 5143 674 5210 apud
727 5155 861 5209 quos
898 5139 1128 5191 Basilius
1165 5133 1533 5201 deprecatoris
1590 5145 1814 5184 munere
1840 5128 2100 5198 fungitur,

536 5251 680 5289 nunc
707 5250 804 5303 pro
840 5236 968 5286 totis
997 5231 1168 5299 pagis,
1200 5233 1332 5280 utin
1367 5224 1610 5294 epistolis
1640 5222 1743 5276 508
1769 5233 1822 5274 et
1849 5220 1955 5275 ’510
2004 5234 2102 5286 pro

539 5324 778 5392 Capralis
808 5331 863 5376 et
887 5321 1208 5374 Ariarathia:
1242 5316 1464 5379 incolis;
1498 5329 1639 5367 nunc
1670 5328 1765 5380 pro
1814 5311 2023 5371 amicis,
2048 5315 2106 5360 ut

543 5417 595 5469 in
633 5414 859 5483 epistola
889 5413 1013 5478 515,
1045 5426 1142 5481 pro
1168 5408 1390 5478 Sulpicii
1425 5409 1582 5460 domo
1606 5405 1657 5457 iu
1677 5403 1885 5457 Galatia
1914 5419 1929 5467 ;
1965 5414 2107 5453 nunc

545 5521 644 5575 pro
683 5506 1000 5559 necessariis
1024 5513 1078 5557 et
1112 5501 1374 5569 cognatis,
1413 5499 1543 5551 utin
1572 5497 1729 5566 epist.
1762 5493 1866 5547 5l0
1893 5504 1944 5547 et
1981 5491 2103 5545 515.

548 5599 797 5651 Paratum
859 5603 975 5649 erat
1013 5592 1315 5661 hospitibus
1362 5601 1416 5642 et
1463 5583 1759 5657 peregrinis
1801 5583 2104 5653 perfugium

545 5688 796 5752 Basilius,
829 5697 884 5739 ut
919 5694 1069 5753 patet
1113 5698 1179 5735 ex
1214 5679 1438 5749 cpistola
1465 5677 1588 5733 319.
1621 5675 1980 5743 Principalcm
2013 5672 2108 5725 Se-

615 5879 693 5941 (αδ
717 5879 848 5935 Nar.
878 5895 965 5937 et).
998 5881 1086 5939 l9.
1119 5880 1237 5937 100.
1272 5880 1383 5931 lOl.

2204 4672 2366 4727 quam
2397 4657 2534 4709 alios
2560 4655 2611 4706 in
2658 4652 2835 4720 pretio
2867 4652 3108 4703 futurum
3157 4657 3356 4719 sperat.
3392 4646 3537 4701 llaec
3579 4647 3777 4714 episto-

2205 4749 2310 4803 lam
2337 4745 2597 4801 Libanius
2619 4744 2685 4796 ad
2715 4743 2913 4796 coelum
2941 4741 3116 4804 effert,
3167 4753 3334 4806 seque
3384 4736 3468 4791 illa
3521 4736 3775 4806 privatim

2209 4839 2348 4894 lecta
2376 4837 2715 4892 ext-laniasse
2753 4843 2957 4896 narrat,
3013 4830 3186 4884 Victus
3210 4846 3347 4892 sum,
3375 4838 3428 4883 et
3465 4844 3586 4882 eum
3627 4840 3778 4878 eam-

2205 4931 2325 4983 dem
2378 4928 2594 4993 legisset
2653 4924 2876 4992 Alypius
2932 4938 3114 4977 eoram
3175 4920 3415 4991 pluribus
3469 4916 3775 4980 honoratis,

2205 5034 2396 5076 omnes
2429 5019 2623 5073 Basilio
2655 5019 2889 5088 palmam
2920 5015 3194 5069 detulisse.
3221 5015 3486 5068 Caeterum
3531 5011 3776 5079 pecuniae

2204 5124 2572 5181 contemptum
2605 5127 2711 5178 pra:
2762 5125 2820 5164 se
2873 5108 2975 5161 fert
2999 5105 3275 5166 Libanius,
3309 5120 3371 5157 ac
3402 5116 3662 5173 pauperes
3692 5104 3774 5157 di-

2205 5206 2387 5262 scendi
2441 5206 2712 5259 studiosos
2756 5201 2928 5270 pluris
2951 5201 3085 5265 apud
3134 5211 3194 5250 se
3231 5212 3391 5266 quam
3425 5195 3625 5249 divites
3657 5195 3776 5247 fieri

2207 5298 2472 5360 declarat,
2504 5295 2751 5362 quamvis
2805 5293 2919 5359 ipse
2949 5291 3143 5342 talibus
3175 5305 3279 5342 non
3339 5303 3465 5339 usus
3501 5286 3571 5339 sit
3599 5287 3778 5355 magi-

2210 5388 2362 5443 stris.
2398 5386 2610 5440 Laudes
2674 5385 2912 5438 vicissim
2952 5381 3195 5449 rependit
3249 5380 3472 5432 l.ibanio
3521 5379 3778 5444 Basilius,

2212 5491 2264 5535 et
2301 5480 2402 5534 iste
2421 5495 2609 5533 rursus
2636 5479 2801 5531 instat
2827 5478 2878 5528 in
2912 5473 3217 5528 extollendo
3235 5471 3451 5525 Basilio.

2286 5573 2394 5626 Sex
2423 5571 2751 5637 litterarum,
2787 5584 2902 5638 qua:
2937 5565 3136 5619 Basilio
3189 5565 3502 5633 presbytero
3558 5562 3782 5628 scrip'te

2215 5663 2486 5730 videntur,
2525 5662 2638 5715 haec
2662 5661 2761 5714 fuit
2790 5658 3024 5713 occasio.
3077 5656 3248 5728 Rogat
3272 5653 3496 5709 Basilius
3520 5652 3594 5721 (ὁ)
3621 5651 3781 5706 Liba-

2289 5870 2359 5927 (ω
2404 5869 2498 5926 lin.
2527 5867 2652 5917 ‘23].
