4038 6460
1629 379 1791 438 ΥΙΤΛ
1832 378 1888 434 S.
1930 378 2013 433 BA
2022 377 2195 434 SlLlI.

3384 396 3503 440 ειιπ

280 500 428 557 nium
452 510 510 558 ut
537 499 604 555 ad
627 513 685 554 se
715 498 895 553 mittat
925 508 1249 564 orationem,
1282 510 1443 569 quam
1468 495 1521 550 in
1572 495 1841 550 hominem
1873 500 1916 555 Λ
1947 494 2109 563 paulo
2138 502 2257 564 post
2280 492 2457 548 Basilii
2493 495 2725 551 reditum
2775 492 2827 548 in
2863 494 3255 567 Cappadociam
3305 498 3502 563 scripta

282 606 574 653 morosum,
600 587 1041 658 frequentissimo
1061 598 1329 642 conventu
1375 602 1442 642 ac
1493 587 1725 641 maxima
1751 601 1841 641 ee-

280 684 550 745 lebritate,
574 682 1036 750 pronuntiaverat.
1060 677 1223 733 Mittit
1247 678 1500 734 Libauius
1532 677 1670 730 hanc
1716 692 1839 729 ora-

285 779 513 839 tionem,
538 787 703 843 seque
738 783 969 829 tremere
1001 771 1289 841 signiﬁcat.
1340 772 1558 825 Lectam
1611 768 1839 823 Basilius

279 866 335 919 in
366 872 514 917 astra
546 862 950 919 tollit.Gratias
1004 862 1113 930 agit
1158 862 1437 921 Libanius,
1487 873 1550 911 ac
1601 858 1837 912 vicissim

275 954 414 1023 petit
441 957 742 1009 orationem
769 950 950 1003 Basilii
982 951 1033 1003 in
1065 951 1328 1014 ebriosos,
1351 963 1512 1016 quam
1550 948 1837 1016 perlectam

276 1046 506 1102 Athenis
551 1058 712 1116 quam
769 1043 1108 1111 Cappadocia
1166 1041 1465 1111 digniorem
1508 1038 1735 1108 iudicat.
1770 1039 1840 1091 At

276 1134 510 1192 Basilius
555 1135 746 1190 Attica:
803 1136 1127 1201 eloquentiae
1170 1132 1381 1185 laudem
1411 1132 1461 1185 in
1486 1132 1658 1200 ipsum
1683 1131 1839 1185 Liba-

276 1228 427 1281 niutn
470 1231 764 1293 retorquet,
789 1238 956 1294 seque
991 1225 1323 1294 piscatorum
1352 1222 1679 1292 discipulum
1713 1232 1841 1274 esse

273 1320 580 1387 proﬁtetur.

350 1412 475 1463 Duas
518 1418 722 1463 tantum
754 1407 993 1477 cpistola:
1030 1412 1184 1459 notas
1212 1404 1551 1475 episcopatus
1574 1402 1832 1457 referunt.

274 1501 536 1556 Libanius
573 1504 813 1555 avaritia:
840 1500 1115 1567 episcopos
1140 1508 1377 1561 accusat,
1410 1508 1463 1551 et
1500 1506 1706 1566 quanto
1735 1508 1837 1547 ese-

274 1591 409 1646 teris
440 1594 653 1648 doetior
692 1589 943 1655 Basilius,
982 1598 1132 1644 tanto
1180 1589 1572 1643 restrictiorem
1634 1586 1686 1638 in
1740 1584 1838 1639 lar-

272 1686 476 1756 giendo
502 1685 740 1737 futurum
790 1683 1116 1751 suspicatur.
1156 1681 1297 1735 Petit
1327 1691 1503 1733 tamen
1530 1679 1597 1733 ab
1631 1692 1695 1731 eo
1725 1686 1835 1732 tre-

272 1789 431 1835 centa
461 1781 627 1847 tigna,
664 1793 728 1831 ne
753 1779 853 1831 sub
880 1778 970 1829 dio
1026 1776 1267 1829 hiemare
1297 1783 1539 1841 cogatur.
1601 1770 1831 1826 Basilius

270 1870 503 1927 Libauio
526 1871 875 1940 indicandum
905 1868 1187 1933 relinquit,
1218 1866 1321 1919 utri
1352 1866 1460 1920 sint
1504 1867 1826 1930 tenaciores,

269 1964 600 2034 epise0piau
628 1962 928 2031 sophistae;
980 1976 1102 2015 cum
1139 1959 1391 2027 sophista:
1448 1958 1689 2012 venalem
1721 1956 1835 2009 elo-

269 2056 547 2124 quentiam
580 2064 900 2123 proponant,
954 2054 1334 2124 episcOporum
1400 2050 1578 2104 nullus
1614 2048 1834 2104 omnino

271 2146 567 2217 vectigales
598 2146 890 2215 discipulos
936 2145 1124 2201 faciat.
1186 2142 1351 2197 Mittit
1412 2141 1636 2197 Libauio
1693 2139 1833 2209 quod

269 2241 526 2310 petierat,
567 2251 624 2295 et
649 2242 817 2295 debiti
870 2240 1140 2296 solutione
1163 2238 1380 2291 fluvium
1413 2236 1687 2303 Alphmttm
1737 2232 1835 2287 ob-

272 2330 518 2401 Stringit.

340 2422 513 2491 Magni
536 2420 663 2473 facit
686 2418 786 2471 has
803 2416 1059 2485 epistolas
1086 2414 1491 2477 Tillemontius,
1520 2429 1617 2468 nec
1646 2412 1835 2481 probat

268 2530 360 2568 eas
416 2516 467 2566 iu
508 2511 727 2564 dubium
778 2512 1043 2565 revocari.
1076 2509 1263 2579 Neque
1314 2510 1456 2563 enim
1508 2517 1599 2561 aut
1650 2503 1835 2559 Basilii

268 2607 566 2660 amicitiam
616 2619 740 2658 cum
803 2605 1043 2667 etbnico,
1072 2613 1165 2657 aut
1212 2603 1353 2672 quod
1396 2602 1653 2656 Libanius
1679 2599 1833 2668 plena

266 2712 433 2750 manu
465 2709 734 2749 secessum
764 2695 947 2748 Basilii
978 2695 1182 2757 laudat,
1213 2695 1346 2746 satis
1378 2692 1681 2758 argumenti
1715 2702 1837 2742 esse

266 2788 438 2851 ducit,
473 2803 573 2842 cur
600 2788 681 2843 lite
706 2788 1022 2857 rejiciantur
1048 2786 1310 2855 epistolzn.
1344 2783 1653 2838 Assentirer
1687 2782 1835 2850 equi-

266 2882 389 2935 dem
421 2882 787 2949 Tillemoutio,
822 2882 865 2936 si
891 2881 975 2934 his
1004 2890 1209 2934 tantum
1241 2879 1306 2933 de
1351 2877 1533 2932 causis
1570 2875 1716 2945 rejici
1750 2876 1838 2929 de-

268 2974 479 3027 berent.
509 2975 616 3029 Sed
654 2974 774 3029 alia:
829 2976 1070 3028 rationes
1122 2980 1415 3040 suppetunt
1450 2972 1605 3040 longe
1625 2970 1835 3039 gravio-

268 3082 378 3121 res.

340 3199 425 3255 Ill.
456 3200 511 3254 1·
559 3198 704 3254 Nihil
732 3200 929 3253 habent
959 3198 1041 3252 ha:
1072 3195 1284 3263 littertn,
1320 3197 1363 3251 si
1390 3211 1552 3249 unum
1574 3202 1668 3248 aut
1712 3202 1837 3247 atte-

267 3306 389 3345 rum
449 3291 623 3346 locum
684 3292 937 3359 excipias,
988 3289 1127 3357 quod
1180 3303 1429 3357 magnum
1476 3284 1656 3341 Basilii
1688 3284 1837 3351 inge-

267 3383 418 3437 nium
451 3380 710 3444 redoleat,
747 3380 878 3433 nihil
933 3381 1075 3448 quod
1130 3378 1336 3433 Libanii
1366 3379 1503 3430 fama
1548 3392 1648 3430 non
1683 3376 1836 3443 iunge

270 3472 452 3526 minus
504 3471 593 3525 sit.
655 3469 769 3524 Non
828 3484 1061 3538 agnosco
1092 3466 1349 3519 Basiliqu
1405 3468 1457 3521 in
1504 3466 1605 3520 hoc
1635 3466 1837 3519 insulso

266 3563 451 3630 lepore
488 3561 562 3635 (τι)
616 3580 628 3616 :
706 3560 829 3615 Vela
882 3561 1029 3614 niveo
1080 3568 1243 3613 tectus
1290 3558 1561 3627 epistolam
1614 3558 1833 3625 scripsi,

265 3671 425 3723 quam
470 3671 586 3707 cum
654 3653 913 3722 acceperis
967 3660 1018 3705 et
1072 3667 1230 3703 manu
1282 3651 1600 3721 contigeris,
1648 3650 1835 3703 senties

265 3760 425 3813 quam
459 3746 525 3797 sit
561 3744 732 3813 gelida
757 3784 772 3809 ,
806 3759 1066 3812 quamque
1116 3743 1308 3810 referat
1346 3757 1464 3795 eum
1493 3759 1523 3793 a
1545 3756 1643 3809 quo
1678 3742 1835 3793 missa

267 3848 366 3898 est,
393 3835 689 3889 latitantem
745 3853 834 3889 nec
883 3845 1032 3890 extra
1056 3841 1193 3887 cedes
1232 3834 1524 3901 prospicere
1560 3832 1832 3883 valentem.

266 3929 437 3985 llulto
475 3930 654 3983 minus
689 3929 912 3982 dixisset
955 3926 1186 3980 Basilius
1225 3925 1301 3996 (b)
1358 3924 1570 3978 Libanii
1629 3922 1833 3976 oratio-

267 4039 391 4077 nem
452 4022 727 4076 admirans
784 4035 798 4071 :
856 4017 901 4072 0
950 4034 1112 4071 musa:
1171 4026 1221 4069 et
1267 4018 1456 4070 littera:
1500 4023 1549 4068 et
1598 4014 1832 4079 Athenis,

266 4114 448 4183 qualia
511 4112 778 4183 largimini
824 4110 1008 4163 vestris
1056 4107 1417 4161 amatoribus!
1474 4104 1606 4173 Quis
1649 4104 1837 4174 probet

267 4204 399 4257 illud
427 4202 637 4258 Libanii
669 4204 737 4275 (ε)
766 4220 780 4257 :
812 4200 1019 4255 Horreo
1059 4217 1119 4253 ac
1150 4210 1311 4252 tremo
1336 4238 1351 4263 ,
1400 4214 1518 4251 cum
1549 4214 1661 4251 eam
1697 4196 1835 4248 diem

266 4310 471 4349 mecum
507 4306 717 4362 reputo,
744 4311 847 4363 qua
881 4310 1049 4347 nteant
1078 4291 1320 4359 inspicies
1360 4290 1646 4344 orationem
1678 4304 1695 4342 :
1728 4290 1832 4341 imo

264 4387 427 4441 etiam
456 4384 563 4453 fere
583 4398 748 4438 mente
778 4383 955 4452 lapsus
974 4398 1089 4437 sunt
1110 4381 1137 4434 ?

333 4520 397 4574 2ο
426 4518 589 4573 Multa
644 4519 696 4571 in
733 4519 816 4572 his
844 4516 1085 4587 epistolis
1110 4524 1163 4570 et
1190 4531 1313 4571 cum
1354 4514 1535 4569 Basilii
1562 4513 1721 4568 rebus
1775 4520 1831 4566 et
1862 4526 1905 4581 ι)

266 4626 452 4667 secum
487 4608 917 4665 disconveniuut.
954 4606 1089 4661 Tres
1119 4606 1365 4675 epistolte
1397 4607 1473 4660 ita
1513 4619 1695 4659 secum
1744 4619 1841 4671 pu-

266 4710 453 4772 gnant,
486 4712 543 4754 ut
570 4700 709 4754 nulla
730 4700 798 4751 sit
829 4714 897 4753 ex
921 4699 1113 4760 tribus,
1142 4710 1377 4766 quaenon
1401 4695 1571 4765 prima
1599 4693 1837 4747 onmium

266 4791 471 4858 scripta
512 4790 777 4844 videatur.
816 4788 968 4842 llunc
996 4788 1097 4842 sibi
1123 4788 1300 4842 locum
1339 4785 1581 4839 vindicat
1609 4784 1838 4853 epistola

266 4882 398 4947 555,
422 4898 583 4952 quam
612 4884 691 4937 sic
721 4881 909 4951 incipit
936 4880 1224 4935 Libauius:
1262 4878 1433 4949 Magis
1458 4877 1683 4931 arbitror
1709 4878 1837 4931 mihi

266 4992 399 5043 aptas
431 4990 539 5028 esse
568 4976 925 5039 excusatione,
954 4973 1092 5041 quod
1122 4989 1224 5026 non
1254 4973 1380 5025 olim
1431 4972 1499 5024 ad
1531 4981 1579 5025 te
1616 4970 1837 5025 scribere

266 5067 589 5136 acceperim,
623 5084 780 5138 quam
820 5082 955 5119 nunc
990 5066 1310 5119 recusatione
1337 5066 1477 5135 quod
1497 5062 1723 5117 scribere
1751 5065 1835 5115 in-

266 5161 485 5226 cipiatl.
531 5158 680 5212 Tunc
710 5159 943 5229 primum
988 5170 1117 5225 ergo
1144 5156 1413 5210 scribebat
1457 5154 1737 5217 Libanius,
1782 5160 1839 5207 et

267 5252 423 5320 prior
448 5250 727 5305 scribebat
754 5248 974 5303 Basilio.
1000 5248 1105 5303 Sed
1132 5246 1405 5316 quomodo
1435 5247 1485 5300 id
1516 5245 1833 5301 conciliabi-

269 5360 394 5399 mus
443 5358 566 5397 cum
614 5343 841 5411 epistola
874 5342 1001 5406 358,
1054 5342 1105 5394 in
1153 5355 1257 5409 qua
1306 5339 1533 5395 Basilius
1566 5341 1836 5407 laudatur,

269 5436 417 5503 quod
435 5435 705 5489 scribendi
736 5436 999 5503 inctnptor
1029 5432 1229 5487 fuerit?
1255 5432 1332 5487 Eo
1354 5433 1560 5501 aequius
1604 5432 1835 5499 videtur,

270 5537 330 5579 ut
368 5527 487 5581 haec
507 5526 734 5595 epistola
761 5526 866 5583 558
886 5528 1119 5599 primum
1150 5526 1410 5581 sortiatur
1443 5524 1644 5591 locum,
1695 5526 1835 5594 quod

336 5725 419 5866 ἷῗῖ
449 5727 547 5867 Ei;

1940 594 2045 654 est,
2082 601 2203 641 cum
2233 584 2477 640 Alcimus
2497 586 2719 641 Romam
2746 585 3092 658 proﬁciscens
3126 601 3312 642 curam
3346 586 3504 640 insti-

1942 680 2263 734 tuendorum
2296 693 2579 746 puerorum
2605 680 2651 732 ei
2683 680 3042 747 imposuisset.

2012 769 2117 822 Sed
2154 770 2324 839 prima
2372 769 2498 822 sede
2555 777 2837 837 utramque
2875 766 3153 838 epistolam
3212 782 3340 823 erce
3399 766 3504 820 alia

1940 860 2137 929 pellere
2188 862 2398 915 nititur.
2432 859 2566 912 Nam
2601 858 2678 929 (Δ)
2712 873 2829 912 cum
2862 858 3171 915 adolescens
3216 859 3502 930 Cappadox

1941 952 2009 1005 ad
2049 952 2329 1006 Libanium
2380 951 2615 1005 venisset
2665 963 2786 1005 cum
2830 950 3019 1005 litteris
3048 949 3227 1004 Basilii
3266 966 3502 1020 conque-

1941 1044 2130 1107 rcntis,
2171 1044 2309 1110 quod
2358 1057 2439 1095 Blll
2491 1040 2770 1095 Libanimn
2829 1042 3056 1108 cepisset
3094 1040 3323 1105 oblivio;
3364 1058 3501 1112 quo-

1940 1137 2099 1191 modo
2147 1138 2250 1191 hoc
2298 1137 2502 1190 crimen
2554 1151 2584 1189 a
2631 1151 2689 1191 se
2743 1134 3019 1205 propulsat
3056 1136 3345 1191 Libanius?
3384 1138 3503 1195 Non

1940 1228 2167 1295 scriptas
2198 1244 2226 1281 a
2257 1242 2316 1283 se
2371 1227 2630 1296 epistolas
2662 1238 3068 1291 commemorat,
3108 1232 3199 1283 sed
3238 1232 3311 1286 ait
3352 1245 3411 1286 se
3439 1234 3504 1288 de

1939 1318 2136 1374 Basilio
2178 1321 2228 1373 in
2272 1319 2498 1389 patriam
2564 1333 2780 1374 reverso
2847 1319 3134 1373 sollicitum
3182 1320 3366 1387 fuisse,
3410 1336 3502 1378 cc-

1938 1412 2079 1479 quod
2104 1413 2225 1465 vita:
2257 1426 2428 1481 genus
2462 1410 2743 1477 amplexus
2788 1420 2951 1477 esset,
2981 1426 3107 1465 ntun
3137 1412 3189 1465 in
3216 1412 3330 1466 foro
3379 1429 3504 1469 ver-

1938 1512 2170 1565 saretur,
2204 1520 2330 1557 num
2362 1503 2611 1557 rhetores
2646 1500 2885 1555 cﬂi’ceret
2916 1503 3290 1572 Cappadocum
3333 1505 3499 1569 ﬁlios;

1936 1601 1995 1647 at
2030 1592 2119 1647 ubi
2152 1608 2217 1646 ex
2260 1594 2530 1648 nonnullis
2557 1608 2587 1648 c
2626 1594 2961 1661 Cappadocia
3004 1596 3343 1649 venientibus
3368 1596 3503 1649 didi-

1936 1686 2101 1742 cisset
2146 1699 2270 1740 eum
2317 1683 2472 1753 longe
2526 1687 2957 1753 prmstantiorem
3014 1687 3155 1739 viam
3202 1688 3500 1757 ingressum

1937 1793 2077 1841 esse,
2134 1785 2244 1831 tum
2295 1791 2423 1830 vero
2453 1776 2636 1830 beatos
2678 1776 2780 1830 sibi
2822 1788 2877 1829 et
2914 1776 3260 1845 Cappadoces
3285 1790 3335 1833 et
3360 1779 3503 1833 Basi-

1935 1869 2062 1923 lium
2099 1871 2242 1924 visos
2289 1883 2427 1923 esse.
2485 1866 2599 1921 Neu
2651 1868 2922 1923 immerita
2976 1882 3105 1938 ergo
3139 1870 3250 1923 ham
3298 1869 3503 1923 Libanii

1937 1962 2166 2031 epistola
2212 1962 2451 2016 omnium
2486 1962 2661 2031 prima
2699 1963 2763 2013 ad
2806 1961 3058 2015 Basilium
3090 1962 3288 2031 scripta
3320 1962 3502 2015 videa-

1937 2067 2043 2112 tur.
2109 2056 2237 2110 lllud
2297 2059 2455 2110 etiam
2516 2056 2753 2111 occurrit
2798 2056 3137 2117 incommodi,
3196 2054 3336 2121 quod
3381 2070 3500 2109 cum

1934 2150 2136 2217 scripta
2203 2149 2445 2202 videatur
2506 2165 2611 2201 non
2675 2147 2856 2202 multis
2908 2148 3064 2202 annis
3117 2158 3236 2216 post
3273 2150 3500 2201 reditum

1934 2242 2117 2297 Basilii
2160 2241 2213 2295 in
2276 2238 2705 2309 Cappadociam,
2759 2252 2883 2294 tunc
2919 2252 3097 2294 tamen
3131 2240 3501 2309 presbyterum

1938 2336 2105 2389 fuisse
2163 2334 2419 2388 Basilium
2469 2342 2561 2385 aut
2614 2334 2923 2399 episcopum
2976 2348 3041 2385 ex
3094 2332 3201 2384 alio
3254 2331 3372 2384 loco
3409 2344 3504 2395 pa-

1938 2434 2066 2478 teat.
2140 2426 2229 2478 Sic
2284 2428 2425 2480 enim
2483 2424 2667 2491 incipit
2730 2423 2954 2477 Basilius
3008 2424 3283 2489 epistolam
3349 2420 3498 2477 357:

1937 2515 2073 2568 Ecce
2096 2515 2187 2568 tibi
2215 2525 2262 2569 et
2293 2516 2429 2570 alius
2458 2519 2588 2569 venit
2619 2515 2925 2583 Cappadox,
2952 2530 3094 2566 meus
3123 2526 3168 2566 et
3194 2516 3299 2581 ipse
3336 2513 3503 2579 ﬁlius.

1940 2605 2129 2661 Omnes
2158 2607 2290 2661 enim
2319 2608 2465 2661 nobis
2493 2609 2706 2672 adoptat
2744 2609 2977 2678 dignitas
3003 2607 3120 2671 illa,
3146 2609 3201 2661 in
3232 2625 3333 2676 qua
3368 2623 3504 2660 nunc

1936 2713 2136 2757 sumus.
2180 2697 2329 2752 Hanc
2345 2706 2521 2751 autem
2551 2697 2835 2764 epistolam
2865 2699 3021 2766 paulo
3046 2709 3165 2765 post
3197 2699 3504 2765 preceden-

1938 2793 2044 2839 tem
2095 2787 2351 2854 scriptam
2408 2800 2528 2840 esse
2585 2795 2733 2855 patet
2781 2801 2845 2840 ex
2883 2789 3231 2856 responsione
3273 2788 3503 2843 Libanii.

1937 2874 2060 2929 Scio
2093 2887 2161 2941 te,
2206 2878 2399 2946 inquit,
2453 2879 2548 2930 hoc
2579 2879 2759 2931 crebro
2786 2880 3121 2946 scripturam,
3165 2878 3297 2933 Ecce
3323 2880 3414 2931 tibi
3455 2891 3503 2934 et

1938 2966 2076 3019 alius
2098 2969 2231 3019 venit
2256 2966 2559 3036 Cappadox.
2590 2968 2787 3023 Multos
2816 2986 3058 3039 namque,
3084 2980 3230 3038 puto,
3254 2971 3503 3025 missurus

1939 3072 2011 3109 es.
2044 3055 2289 3110 Nondum
2319 3071 2448 3123 ergo
2483 3058 2682 3112 multos
2733 3060 2958 3113 miserat
3002 3059 3249 3124 Basilius,
3284 3062 3376 3114 sed
3402 3061 3505 3115 iui—

1865 3170 1908 3229 ο
1944 3147 2073 3200 tium
2107 3146 2337 3202 ducebat
2381 3148 2629 3203 mittendi
2664 3159 2717 3203 ct
2747 3150 3041 3205 scribendi.
3076 3153 3142 3204 At
3165 3151 3207 3205 si
3234 3160 3374 3204 tanta
3408 3152 3506 3206 fuit

1942 3238 2194 3294 Basilium
2218 3241 2359 3295 inter
2396 3253 2450 3294 et
2483 3239 2765 3295 Libanium
2802 3243 3168 3306 necessitudo,
3204 3254 3402 3312 quanta
3437 3257 3505 3299 ex

1942 3331 2027 3386 his
2058 3330 2250 3386 litteris
2297 3332 2645 3401 perspicitur,
2698 3334 2786 3387 vix
2821 3331 3079 3389 credibile
3123 3345 3207 3389 est
3246 3345 3361 3389 tum
3410 3337 3507 3388 de-

1944 3440 2086 3479 mum
2118 3425 2256 3479 inter
2283 3440 2377 3480 eos
2408 3425 2679 3479 silentium
2724 3428 2895 3497 rumpi
2926 3426 3178 3496 cmpisse.
3207 3443 3330 3483 cum
3354 3428 3507 3483 Basi-

1941 3515 2045 3572 lius
2079 3518 2384 3574 sacerdotio
2414 3516 2747 3589 fungeretur,
2787 3519 2836 3576 id
2869 3527 2971 3583 est,
3004 3518 3159 3573 annis
3190 3532 3377 3572 novem
3415 3528 3509 3571 aut

1942 3607 2126 3662 decem
2156 3596 2276 3678 post
2322 3610 2505 3663 Basilii
2535 3611 2763 3664 reditum
2806 3613 2858 3665 in
2905 3610 3319 3681 Cappadociam.
3370 3606 3505 3673 Hoc,

1943 3698 2183 3767 inquam,
2214 3700 2305 3751 vix
2339 3699 2597 3752 credibile
2630 3709 2734 3759 est,
2771 3714 2832 3753 ac
2860 3710 3116 3767 praetcrea
3150 3713 3350 3771 pugnat
3381 3715 3505 3755 cum

1940 3790 2043 3843 alia
2092 3790 2337 3857 epistola,
2388 3793 2437 3844 in
2487 3806 2590 3859 qua
2630 3790 2890 3845 Basilium
2948 3792 3220 3845 laudatum
3272 3792 3506 3847 vidimus

1941 3882 2084 3951 quod
2112 3882 2259 3949 prior
2304 3882 2632 3951 scripsisset,
2658 3892 2795 3950 tum,
2824 3900 2945 3937 cum
2969 3884 3394 3937 adolescentium
3425 3887 3502 3938 iu-

1943 3971 2331 4026 stituendorum
2364 3989 2558 4027 munus
2586 3975 2935 4042 suscepisset,
2978 3974 3032 4026 id
3076 3982 3162 4026 est
3189 3984 3313 4028 octo
3348 3976 3505 4029 atinis

1941 4072 2223 4131 antequam
2245 4065 2522 4134 presbyter
2546 4063 2716 4118 ﬁeret.

2011 4199 2278 4254 Praeterea
2315 4215 2380 4253 ex
2409 4199 2633 4266 epistola
2669 4199 2773 4253 545
2805 4200 3069 4271 colligitur
3093 4202 3373 4255 Liltanium
3405 4203 3508 4254 lla—

1941 4292 2045 4350 silii
2079 4290 2513 4359 condiscipulum
2562 4290 2767 4358 fuisse;
2814 4292 2929 4362 ipse
2956 4307 3083 4347 vero
3118 4292 3359 4360 magistri
3388 4307 3508 4345 mu-

1940 4401 2039 4439 nus
2087 4386 2409 4439 sustinuisse
2448 4400 2505 4437 se
2556 4384 2754 4438 indicat
2807 4385 2859 4438 in
2907 4386 3068 4453 epist.
3109 4384 3234 4438 555.
3269 4382 3401 4437 Nam
3453 4384 3504 4438 in

1941 4478 2113 4547 prima
2142 4477 2386 4545 queritur
2415 4477 2573 4545 quod,
2610 4492 2727 4530 cum
2758 4477 2811 4528 in
2856 4477 3107 4545 praetorio
3136 4478 3198 4530 de
3222 4491 3367 4529 more
3402 4492 3506 4527 una

1939 4583 2058 4622 Cum
2098 4567 2297 4622 Basilio
2348 4578 2675 4631 versaretur,
2728 4582 2959 4634 eumque
2990 4575 3204 4638 rogaret
3238 4580 3297 4622 ut
3331 4583 3390 4621 se
3420 4569 3505 4619 in-

1938 4659 2249 4713 troduceret
2280 4660 2330 4712 in
2374 4658 2694 4727 profundum
2744 4656 3015 4711 llomerici
3054 4658 3277 4723 furoris,
3313 4657 3364 4710 id
3401 4660 3504 4709 itu-

1936 4761 2151 4821 petrare
2206 4768 2307 4805 non
2342 4752 2590 4820 potuerit.
2636 4755 2691 4804 lu
2723 4750 2891 4804 altera
2950 4758 3129 4803 autem
3165 4748 3343 4803 Basilii
3379 4764 3505 4803 ora-

1935 4844 2137 4897 tionem
2176 4854 2363 4897 contra
2402 4843 2646 4898 ebriosos
2680 4844 2753 4897 sic
2790 4842 2994 4896 extollit
3031 4843 3297 4908 laudibus,
3344 4852 3399 4894 ut
3446 4857 3508 4898 se

1942 4935 2068 4988 talia
2103 4935 2246 4989 illum
2276 4950 2381 4988 non
2419 4936 2670 4990 docuisse
2698 4936 2945 4988 fateatur.
2982 4933 3246 4987 Videntur
3279 4950 3409 5003 ergo
3425 4936 3507 4988 lue

1942 5026 2121 5081 Basilii
2155 5027 2219 5079 ad
2258 5024 2546 5079 Libanium
2580 5036 2634 5080 et
2678 5024 2887 5080 Libauii
2933 5025 2999 5078 ad
3030 5023 3282 5079 Basiliam
3315 5023 3509 5079 littera:

1942 5116 1996 5170 iu
2034 5116 2269 5169 maxime
2299 5114 2479 5168 dubiis
2506 5118 2783 5181 ponendae.

2012 5248 2103 5305 IV.
2130 5250 2236 5305 Sex
2278 5258 2586 5319 sequentes,
2619 5259 2676 5303 ut
2720 5245 3004 5301 manifeste
3037 5244 3255 5315 spurize,
3299 5244 3366 5297 ab
3396 5258 3515 5297 om-

1943 5342 2099 5400 nibus
2133 5341 2346 5411 explodi
2381 5340 2601 5407 debent,
2650 5338 2694 5393 si
2736 5348 2913 5392 tamen
2959 5336 3196 5404 excipias
3247 5333 3511 5397 ultimam,

1944 5449 2108 5505 quam
2142 5433 2519 5488 'l'illemontius
2562 5446 2671 5487 non
2697 5431 2915 5485 omnino
2946 5427 3295 5497 rejieiendam
3336 5434 3509 5493 putat,

1946 5524 2196 5594 quamvis
2224 5522 2363 5577 illius
2396 5521 2632 5579 rationes
2653 5534 2758 5576 non
2788 5518 2934 5574 valde
2968 5514 3271 5587 probabiles
3295 5513 3423 5579 sint,
3452 5521 3514 5564 ιιι

2024 5722 2095 5863 ﬁ
2123 5722 2217 5790 Ep.
2255 5721 2379 5776 552.

2081 5796 2099 5863 )
2128 5794 2222 5861 Ep.
2248 5792 2369 5847 356.

2081 5796 2099 5863 )
2128 5794 2222 5861 Ep.
2248 5792 2369 5847 356.
