4038 6460
470 433 574 479 αι

1829 378 2364 446 PROLEGOMENA.

474 540 528 594 iu
568 546 692 591 nota
721 530 786 587 ad
810 530 951 583 hanc
987 519 1272 592 epistolam
1310 508 1829 571 observavimus.At
1853 509 2049 579 prima,
2081 506 2128 562 Α
2155 494 2231 550 νει
2272 494 2537 551 manibus.
2572 483 2646 538 νει
2691 480 2930 584 Ρῡνετίδιη
2974 477 3085 594 “lii
3116 479 3309 581 Ρςηεείι
3348 470 3580 594 vri?"
3606 478 3725 521 ’τυο

471 627 727 704 quamvis
758 625 809 676 iu
838 616 1073 674 concilio
1096 612 1328 684 septimo
1348 608 1511 664 citata
1546 604 1731 667 fuerit,
1761 601 1842 657 sic
1867 611 2045 655 tamen

476 693 775 793 ilnagiuum
801 714 1010 770 cultum
1030 708 1291 771 defendit,
1316 713 1373 757 ut
1396 717 1516 758 eam
1545 701 1612 755 ab
1631 696 1810 765 aliquo
1831 693 2051 750 Grteco-

476 782 620 873 rum”
634 823 764 867 tunc
794 808 1117 863 fabricatam
1149 801 1317 855 fuisse
1364 797 1590 867 liqueat,
1631 805 1755 844 cum
1781 789 1923 843 hunc
1948 782 2035 839 Ec-

476 907 656 967 clesia:
686 916 841 957 usum
874 896 1220 953 lcouoclastae
1251 892 1655 960 impugnarunt.

545 998 697 1066 Quod
727 1000 935 1064 spectat
961 989 1027 1043 ad
1053 984 1313 1057 epistolas
1348 980 1532 1034 Basilii
1564 977 1629 1030 ad
1656 970 2049 1042 Apollinarium

473 1103 532 1146 et
558 1061 880 1158 prollinarii
931 1082 997 1137 ad
1025 1079 1305 1138 Basilium,
1340 1090 1461 1129 cum
1513 1072 1577 1127 de
1620 1069 1779 1122 rebus
1811 1080 1841 1119 e
1877 1061 2049 1115 media

481 1151 747 1250 theologia
792 1177 1036 1247 repetitis
1067 1174 1421 1241 pertractent,
1458 1165 1560 1217 hoc
1611 1160 1727 1228 ipso
1761 1151 2054 1225 peregrini-

489 1247 998 1328 tatemvclamitaut.
1041 1260 1221 1317 Semel
1264 1257 1408 1313 enim
1442 1253 1672 1308 Basilius
1696 1252 1748 1305 iu
1780 1250 1889 1304 vita
1920 1247 2055 1301 scri-

489 1365 593 1434 psit
618 1358 973 1430 Apolliuario,
998 1365 1054 1410 ut
1082 1354 1196 1423 ipse
1223 1361 1299 1407 tot
1329 1349 1460 1405 locis
1485 1345 1746 1402 declarat.
1772 1344 1933 1410 idque
1957 1338 2058 1393 lai-

482 1469 580 1509 cus
614 1454 681 1508 ad
712 1451 929 1517 laicum,
970 1459 1025 1504 et
1058 1446 1191 1502 nihil
1217 1457 1437 1514 prorsus
1460 1441 1526 1494 de
1566 1438 1690 1502 lide,
1724 1436 1815 1491 sed
1851 1440 2056 1486 tantum

484 1543 675 1599 amica:
725 1540 1073 1598 salutationis
1099 1551 1286 1591 causa.
1335 1531 1642 1587 Cotelerius
1688 1527 1780 1596 qui
1829 1536 2061 1592 quatuor

482 1636 697 1691 litteras
730 1635 781 1688 in
815 1633 990 1686 lucem
1013 1629 1204 1694 edidit,
1240 1627 1547 1696 suppositas
1576 1624 1643 1675 ab
1660 1616 2060 1689 Apollinaristis

481 1737 659 1797 putat,
694 1734 771 1788 et,
798 1724 940 1793 quod
962 1737 1045 1775 me
1067 1719 1244 1775 fateor
1284 1733 1387 1773 non
1416 1714 1882 1777 animadvertisse,
1908 1710 2063 1764 Aria-

482 1818 649 1875 nisini
676 1827 733 1872 et
765 1813 1173 1886 Apollinarismi
1223 1809 1524 1865 seminibus
1572 1807 1863 1873 inspersas.
1919 1800 2060 1857 San-

2150 588 2297 639 dens.
2336 582 2606 637 Dementes
2650 576 2787 629 enim
2836 591 2924 629 eos
2980 570 3256 624 calamitas
3302 560 3585 620 reddebat:
3635 575 3728 613 nec

2148 679 2426 749 quisquam
2457 684 2590 736 erat,
2628 670 2714 738 qui
2740 683 2841 719 non
2867 667 3100 733 aliquant
3131 660 3247 711 rita:
3282 674 3391 711 sua:
3424 663 3649 722 partem,
3682 652 3728 701 si

2152 742 2493 837 lieri'posset,
2526 764 2673 819 illius
2704 761 2821 815 vitae
2850 760 3044 811 addere
3084 761 3302 824 paratus
3338 759 3491 803 esset.
3529 742 3598 800 Ut
3629 757 3731 795 au-

2150 875 2251 915 tem
2303 861 2425 914 rictt
2468 866 2589 914 sunt
2642 851 2931 925 (oportebat
2992 850 3129 903 enim
3172 860 3289 900 eum
3336 842 3597 893 hominem
3639 837 3730 887 de-

2149 954 2423 1029 prehendi)
2448 964 2604 1006 ataue
2630 950 2740 1018 ipse
2766 953 2879 1013 post
2913 952 3147 995 extrema
3176 940 3285 992 hare
3309 934 3459 988 rerba
3478 950 3495 985 :
3522 933 3578 987 In
3610 945 3731 985 ma-

2153 1070 2253 1109 nus
2288 1060 2409 1105 tuas
2448 1042 2770 1101 commendo
2787 1038 3035 1107 Spiritum
3069 1050 3245 1090 meum
3275 1030 3371 1102 (e),
3398 1029 3534 1081 inter
3570 1042 3733 1096 auge-

2153 1147 2255 1211 los,
2290 1163 2320 1197 a
2344 1142 2534 1215 quibus
2565 1135 2919 1193 abducebatur
2939 1172 2954 1196 ,
2997 1131 3229 1182 animam
3260 1130 3408 1182 lectus
3446 1120 3731 1184 exhalat-it,

2154 1258 2259 1294 non
2282 1250 2399 1292 ante
2443 1247 2615 1287 tamen
2653 1245 2813 1302 quam
2846 1230 3181 1279 sacrosancta
3216 1220 3457 1273 doctrina
3482 1229 3592 1277 eos,
3641 1213 3733 1280 qui

2155 1334 2397 1390 aderant,
2448 1324 2686 1379 nonnihil
2729 1317 3082 1379 instruxisset,
3114 1314 3463 1380 extremisque
3484 1302 3731 1374 alloquiis

2157 1424 2399 1477 meliores
2454 1416 2745 1484 eﬂ'ecissct;
2800 1421 2909 1465 tum
2942 1422 3059 1461 rero
3105 1400 3421 1458 miraculum
3475 1395 3731 1456 omnium,

2157 1532 2270 1585 qua
2307 1524 2531 1581 unquam
2573 1505 2783 1575 fuerunt
2813 1498 3202 1556 celeberrimum
3233 1492 3560 1561 designatur.
3596 1487 3739 1556 Eﬂ'e-

2161 1611 2374 1664 rebatur
2397 1604 2474 1657 uir
2497 1608 2733 1658 sanctus,
2770 1604 3069 1651 sanctorum
3090 1593 3319 1643 virorum
3364 1582 3606 1636 manibus
3625 1581 3741 1635 ela-

2161 1711 2244 1753 tus
2276 1716 2294 1753 :
2315 1693 2667 1762 unusquisque
2706 1700 2877 1741 autem
2909 1699 3117 1746 onerant
3147 1680 3328 1743 dabat,
3360 1676 3499 1729 alius
3527 1683 3582 1725 ut
3622 1673 3743 1741 [im-

2164 1790 2352 1849 briam,
2380 1786 2519 1837 alius
2551 1794 2605 1835 ut
2653 1782 2917 1839 umbram,
2950 1774 3091 1828 alius
3125 1780 3183 1826 ut
3235 1769 3548 1838 sacriferum
3575 1763 3744 1817 lectu-

482 1854 733 1875 ..ιο-...ω
765 1854 1173 1886 ..γνηηηηηηη
1223 1854 1523 1865 ...........-._-
1574 1854 1861 1873 ----,,-,-,-c
1936 1854 1948 1857 _
1998 1854 2025 1855 η

480 1922 607 1969 ctus
654 1910 903 1982 Ephratm
946 1904 1319 1961 Antiochenus
1351 1902 1489 1969 apud
1533 1898 1780 1953 Photium
1822 1894 1899 1966 (a)
1930 1896 2061 1949 citat

2173 1883 2268 1935 lum
2296 1881 2569 1944 arriperet,
2602 1892 2664 1930 ac
2694 1872 2771 1929 rel
2802 1869 2972 1927 solum
3002 1870 3279 1938 attingeret
3314 1862 3462 1935 (quid
3492 1859 3629 1915 enim
3646 1854 3743 1910 illo

2559 1974 2567 1981 .
2703 1978 2712 1982 _
2851 1967 2861 1978 .
2948 1965 2986 1982 ,κ
3222 1957 3509 1982 __,__A__.___
3545 1952 3609 1982 Μ,
3634 1965 3719 1982 μ’

482 2003 770 2073 epistolam
803 2000 974 2055 sancti
1008 1996 1193 2052 Basilii
1232 1995 1300 2050 ad
1331 1992 1747 2061 Apollinarium,
1790 1998 1849 2042 ut
1872 1990 2061 2058 probet

485 2093 773 2148 veritatem
805 2090 1033 2143 duarum
1078 2088 1130 2140 in
1157 2099 1263 2139 una
1300 2096 1527 2151 persona
1572 2088 1907 2133 naturarum.
1957 2077 2061 2131 Sed

486 2185 605 2241 lucc
634 2180 858 2253 epistola
892 2181 961 2234 ab
991 2180 1077 2241 iis,
1099 2192 1233 2246 quas
1257 2175 1424 2229 edidit
1450 2171 1773 2234 Culelerius,
1807 2169 2060 2239 distingui

487 2277 673 2339 debet,
692 2290 812 2345 qua:
836 2274 965 2328 nihil
996 2270 1343 2340 suppeditant
1375 2267 1634 2321 adversus
1652 2264 2015 2334 Entychianos
2044 2276 2059 2312 :

486 2383 638 2438 eque
659 2376 839 2421 autem
873 2378 937 2419 ac
968 2363 1083 2416 istae
1105 2361 1293 2432 spuria
1332 2370 1437 2425 est,
1461 2373 1583 2413 cum
1616 2369 1888 2422 nunquam
1920 2350 2065 2405 Basi-

487 2462 594 2515 lius
626 2460 693 2515 ad
730 2456 1128 2525 Apollinarium
1162 2455 1229 2509 de
1278 2453 1443 2507 rebus
1469 2444 1791 2517 dogmaticis
1832 2444 2065 2512 scripse-

491 2554 584 2607 tit.

1089 2634 1318 2695 CAPUT
1352 2632 1426 2691 XI
1453 2674 1467 2688 .

488 2736 531 2792 1.
554 2734 747 2791 Basilii
777 2748 917 2786 mors
944 2740 992 2783 et
1023 2731 1204 2798 funus.
1242 2727 1306 2783 ll.
1351 2727 1507 2780 Illius
1550 2723 1784 2798 corporis
1803 2735 1864 2798 .et
1903 2721 2067 2798 animi

560 2789 768 2892 emgies.
819 2802 904 2857 ΙΙΙ.
956 2789 1173 2867 Quanta
1207 2800 1274 2853 de
1323 2798 1417 2851 illo
1444 2793 1738 2850 exstiterint
1793 2789 2065 2843 hominum

554 2878 787 2950 judicia.

562 2971 603 3027 l.
633 2969 739 3026 Tot
771 2964 1053 3023 laboribus
1081 2975 1179 3034 pro
1202 2958 1443 3016 Ecclesia
1464 2956 1780 3029 perfunctus
1808 2951 2067 3017 Basilius,

495 3061 745 3134 pervenit
776 3059 992 3112 tandem
1031 3056 1098 3110 ad
1146 3066 1449 3109 extremam
1487 3049 1698 3116 horam,
1738 3061 1900 3118 quam
1928 3056 2071 3114 stepe

494 3162 556 3209 ut
584 3161 907 3223 praesentem
951 3147 1258 3218 gravissimi
1309 3145 1481 3198 morbi
1520 3145 1943 3207 intentaverant,
1975 3137 2070 3193 sed

499 3248 640 3304 Deus
658 3243 915 3300 Ecclesiae
941 3238 1264 3296 utilitatibus
1294 3237 1583 3307 providens
1604 3242 1897 3289 averterat.
1930 3231 2072 3286 Pau-

501 3352 552 3396 to
581 3348 707 3395 ante
756 3347 985 3393 mortem
1017 3332 1115 3406 (ὁ),
1150 3345 1273 3387 cum
1299 3327 1414 3384 fere
1449 3334 1698 3380 mortuus
1722 3333 1777 3378 et
1806 3322 2074 3377 exanimis

501 3444 681 3497 esset,
718 3445 915 3486 novmn
938 3424 1337 3497 quodammodo
1359 3420 1521 3475 robur
1546 3416 1762 3486 collegit
1788 3416 1855 3468 ad
1891 3424 2076 3467 extre-

502 3541 620 3581 mos
649 3535 948 3583 sermones,
980 3528 1038 3571 ut
1071 3531 1194 3571 cum
1218 3515 1435 3583 pietatis
1460 3510 1639 3567 verbis
1667 3508 2002 3570 abscederet,
2021 3514 2078 3559 et

502 3614 833 3673 ﬁdelissimis
857 3613 969 3666 suis
996 3607 1275 3676 discipulis
1321 3621 1539 3660 manum
1574 3602 1854 3672 imposuit,
1898 3616 1965 3656 ne
1989 3616 2079 3655 sa-

502 3708 768 3773 crarium,
813 3704 993 3775 inquit
1026 3699 1320 3772 Gregorius
1342 3699 1438 3769 (ε).
1485 3694 1898 3751 defraudaretur
1938 3692 2079 3747 illius

504 3799 788 3871 discipulis
809 3806 866 3853 et
891 3794 1182 3853 sacerdotii
1207 3790 1566 3862 adjutoribus.
1586 3786 1869 3844 Concludit
1889 3802 1951 3841 ex
1980 3801 2083 3856 po-

508 3891 727 3948 stremis
757 3888 939 3944 verbis
969 3884 1370 3947 Tillemontius,
1414 3883 1614 3952 quibus
1647 3878 1881 3934 Basilius
1908 3878 2083 3950 .disci-

509 3982 648 4054 pulis
701 3996 920 4035 manum
951 3978 1230 4046 imposuit,
1259 3989 1376 4038 eos,
1420 3988 1542 4028 cum
1559 3973 1673 4042 jam
1702 3980 1860 4025 antea
1905 3979 2086 4024 essent

511 4076 655 4129 illius
684 4071 976 4128 sacerdotii
1018 4068 1319 4139 adjutores,
1352 4067 1637 4134 episcopos
1663 4063 1713 4116 in
1740 4064 1875 4117 locis
1897 4062 2085 4116 catho-

509 4168 615 4223 lico
647 4166 905 4235 episcopo
946 4160 1258 4218 carentibus
1285 4159 1617 4215 constitutos
1653 4156 1821 4210 fuisse
1855 4170 1870 4209 :
1931 4153 2086 4222 cujus

513 4262 589 4318 rei
618 4260 830 4331 copiam
860 4258 1026 4312 dabat
1054 4270 1160 4324 pax
1219 4252 1478 4308 Ecclesiae
1499 4260 1619 4322 post
1641 4258 1868 4303 mortem
1896 4246 2088 4302 Valen-

512 4354 585 4408 tis
618 4351 846 4407 reddita.
874 4347 980 4404 Sed
1014 4347 1128 4400 haec
1163 4344 1475 4412 conjectura
1507 4358 1610 4397 non
1645 4341 1835 4395 nititur
1880 4336 2088 4408 magnis

513 4441 828 4497 momentis.
854 4438 1155 4495 Sacerdotii
1201 4438 1343 4492 enim
1380 4435 1659 4504 adjutores
1687 4432 1793 4489 dici
1840 4440 2087 4501 possunt,

2162 1988 2377 2042 corpore
2404 1974 2633 2026 sanctius
2667 1978 2713 2024 et
2744 1967 2927 2036 purius
2946 1965 3015 2033 2’),
3044 1963 3179 2017 alius
3221 1971 3273 2014 ut
3296 1957 3509 2028 propius
3541 1952 3609 2007 ad
3631 1965 3742 2015 eos,

2161 2066 2248 2133 qui
2288 2080 2475 2127 corpus
2518 2060 2776 2129 ferebant,
2813 2060 3099 2121 accederet,
3132 2054 3272 2107 alius
3310 2060 3364 2103 ut
3393 2057 3605 2116 aspectu
3631 2044 3744 2098 solo

2163 2153 2448 2219 frueretur,
2490 2160 2741 2218 tanquam
2771 2160 2831 2199 eo
2859 2158 3061 2212 quoque
3097 2141 3344 2195 utilitatis
3377 2137 3579 2205 aliquid
3607 2134 3743 2203 affe-

2164 2252 2327 2300 rente.
2357 2238 2523 2294 Plena
2545 2249 2691 2293 erant
2722 2239 2862 2306 fora,
2895 2234 3150 2303 porticus,
3175 2229 3404 2297 duplicia
3442 2238 3488 2280 et
3514 2224 3745 2294 triplicia

2167 2336 2429 2399 tabulata,
2456 2333 2727 2387 hominum
2762 2326 3147 2388 deducentium,
3175 2320 3541 2389 pra-euntium,
3564 2332 3749 2385 prose-

2167 2430 2459 2497 quentium,
2499 2425 2893 2485 assectantium,
2924 2422 2981 2473 in
3010 2434 3064 2473 se
3091 2417 3311 2469 invicem
3350 2411 3745 2473 insultantium,

2167 2520 2333 2574 multa
2380 2518 2549 2572 millia
2590 2516 2858 2569 [asininum
2901 2510 3069 2565 omnis
3106 2506 3307 2578 generis
3336 2513 3385 2559 et
3419 2504 3595 2560 a'tatis
3623 2512 3751 2556 ante

2168 2626 2287 2664 eum
2317 2610 2455 2662 diem
2480 2606 2770 2675 incognita.
2804 2601 3126 2657 Psalmodia:
3149 2617 3181 2653 a
3220 2597 3365 2652 luctu
3389 2597 3750 2658 vincebantur,

2173 2698 2429 2766 patientia
2448 2697 2648 2749 doloris
2680 2692 3041 2764 magnitudine
3070 2686 3431 2759 frangebatur.
3464 2684 3751 2738 Certabant

2170 2790 2333 2842 nostri
2384 2802 2501 2840 cum
2535 2789 2747 2846 exteris,
2799 2800 2916 2838 cum
2966 2783 3207 2843 ethnicis,
3254 2778 3478 2839 Iuda-is,
3514 2774 3750 2837 advenis.

2170 2880 2308 2950 iique
2334 2877 2562 2932 uicissim
2587 2874 2878 2938 nobiscum,
2908 2873 3041 2925 utris
3063 2870 3324 2923 uberiores
3353 2870 3600 2937 lacrynta!
3628 2871 3758 2921 ube-

2172 2975 2364 3027 riorem
2426 2970 2708 3023 utilitatem
2756 2967 3033 3035 afferrent.
3080 2961 3319 3031 Denique
3366 2960 3642 3015 calamitas
3692 2976 3756 3015 ea

2173 3065 2229 3119 iu
2269 3062 2557 3133 periculum
2587 3059 2759 3113 desiit.
2812 3055 2996 3111 Multa,
3031 3055 3165 3108 enim
3215 3053 3408 3107 aninue
3437 3069 3502 3106 ει
3545 3054 3594 3107 υἱ
3628 3068 3757 3120 pro-

2176 3155 2423 3209 trusionis
2461 3162 2508 3207 et
2550 3148 2952 3220 compressionis
2989 3163 3093 3199 uno
3128 3159 3245 3198 cum
3276 3160 3335 3198 eo
3365 3149 3703 3198 excesserunt
3733 3156 3754 3193 :

2177 3264 2297 3318 qua:
2343 3248 2501 3316 hujus
2541 3245 2661 3314 finis
2707 3243 2915 3296 nomine
2954 3239 3131 3310 [elices
3172 3238 3472 3306 prtcn'icatte
3504 3242 3646 3295 sunt,
3700 3241 3758 3285 ut

2180 3342 2430 3394 discessus
2466 3340 2631 3408 ipsius
2668 3338 2844 3401 sociw,
2895 3344 3052 3404 atque
3101 3343 3154 3385 ut
3199 3330 3566 3400 feruentiorum
3610 3326 3762 3395 quis-

2176 3434 2320 3505 piam
2353 3433 2567 3494 dixerit,
2604 3430 2844 3493 funebres
2879 3428 3121 3479 victima.
3153 3422 3382 3475 Tandem
3414 3432 3762 3482 corpus,cum

2180 3523 2495 3592 rapientium
2523 3535 2707 3571 manus
2736 3520 2823 3571 vix
2854 3517 3140 3584 e/I‘ugisset,
3171 3529 3233 3565 ac
3276 3518 3636 3578 prosequentes
3669 3521 3764 3560 su-

2178 3622 2428 3682 perasset,
2447 3612 2500 3663 in
2526 3620 2797 3675 parentum
2816 3606 3053 3671 sepulcro
3086 3604 3355 3667 conditur,
3378 3618 3440 3655 nc
3468 3598 3732 3654 sacerdoti
3741 3630 3763 3641 -

2180 3709 2274 3761 bus
2309 3702 2639 3759 sacerdotum
2674 3702 2938 3771 princeps,
2958 3694 3390 3767 praedica‘toribus
3419 3708 3612 3763 magna
3638 3708 3763 3757 vox,

2182 3800 2409 3871 meisque
2436 3795 2651 3852 auribus
2676 3796 2949 3857 insonans,
2986 3788 3306 3860 martyribus
3330 3794 3534 3858 martyr
3564 3785 3764 3856 adjun-

2183 3893 2349 3963 gitur.

2257 3981 2437 4036 Basilii
2470 3993 2615 4033 mors
2668 3976 2799 4047 ipsis
2836 3975 3001 4030 etiam
3054 3971 3302 4027 veritatis
3340 3968 3574 4023 inimicis
3608 3966 3765 4023 dolo-

2188 4088 2302 4127 rem
2332 4071 2513 4125 attulit
2556 4066 2917 4121 admiratione
2962 4072 3121 4115 tanta:
3146 4060 3366 4114 virtutis
3402 4075 3417 4111 :
3475 4058 3769 4127 quominus

2188 4166 2407 4230 mirum,
2440 4163 2484 4217 si
2524 4157 2819 4228 Gregorius
2845 4163 2899 4209 et
2928 4152 3165 4208 Macrina
3193 4160 3249 4205 et
3287 4166 3385 4205 suo
3411 4160 3465 4204 et
3514 4148 3769 4204 Ecclesia:

2187 4256 2515 4312 detrimento
2541 4251 2847 4307 doluerunt.
2874 4247 2980 4300 Sed
3018 4256 3195 4300 tamen
3222 4242 3557 4315 Macrina‘q)
3579 4257 3608 4295 a
3633 4255 3763 4295 con-

2189 4345 2421 4409 stantia,
2455 4356 2620 4411 quam
2660 4340 2713 4395 in
2748 4336 3001 4394 omnibus
3032 4335 3193 4390 rebus
3240 4333 3516 4400 servabat,
3546 4330 3770 4384 minime

2190 4435 2460 4498 discessit,
2495 4446 2561 4485 ac
2592 4430 2907 4501 episcopum
2954 4424 3181 4480 fratrem
3214 4423 3432 4479 videtur
3465 4423 3567 4476 hac
3601 4420 3654 4475 in
3707 4431 3771 4473 re

513 4534 822 4604 quicunque
852 4531 1051 4587 Basilio
1083 4544 1301 4603 operam
1347 4528 1398 4583 in
1452 4526 1704 4583 Ecclesia:
1746 4526 2092 4581 administra-
2123 4548 2167 4604 υ
2195 4540 2500 4598 superasse.
2532 4522 2666 4578 Nam
2692 4536 2814 4576 cum
2846 4518 3005 4572 ambo
3032 4530 3223 4571 novem
3252 4522 3374 4585 post
3409 4510 3590 4567 Basilii
3624 4524 3770 4565 mor-

517 4628 665 4681 tioue
698 4625 991 4679 navabant.
1026 4622 1089 4677 lii
1129 4636 1260 4691 ergo
1287 4634 1352 4674 es
1384 4620 1532 4674 clero
1560 4616 1818 4672 inferiore
1850 4618 2085 4682 diaconi,

515 4718 605 4773 vel
633 4732 701 4772 ex
740 4716 987 4771 diacouis
1005 4713 1311 4786 presbyteri
1343 4726 1372 4765 a
1399 4709 1602 4764 Basilio
1631 4707 1876 4764 ordinari
1902 4718 2092 4777 potue-

519 4822 667 4868 runt.
712 4809 993 4878 Quomodo
1038 4818 1219 4861 autem
1272 4801 1722 4877 pretiosissimam
1761 4816 1942 4856 coram
1980 4799 2090 4854 Deo

519 4912 749 4959 mortem
776 4901 995 4963 obierit,
1013 4908 1067 4953 et
1082 4914 1243 4967 quam
1272 4892 1501 4950 mirabili
1525 4893 1802 4947 hominum
1828 4904 2093 4944 concursu

518 4992 766 5065 sepultus
780 4992 960 5052 fuerit,
974 4992 1191 5059 egregie
1212 4986 1465 5041 describit
1484 4983 1777 5054 Gregorius
1795 4980 2095 5034 Nazianze-

522 5103 641 5141 nus.
658 5084 876 5139 Jacebat
902 5084 1010 5147 ille,
1033 5080 1324 5150 inquit(rl),
1349 5090 1605 5134 extremos
1633 5076 1848 5144 spiritus
1871 5076 2095 5135 ducens,

521 5186 678 5245 atque
712 5192 745 5228 a
778 5173 969 5228 caelesti
1008 5175 1188 5232 choro,
1239 5172 1309 5224 ad
1355 5184 1509 5239 quens
1556 5166 1879 5236 jampridem
1912 5164 2095 5217 oculo-

520 5283 639 5321 rum
671 5267 836 5320 aciem
879 5266 1199 5327 intendebat,
1246 5262 1527 5323 expetitus.
1565 5259 1754 5328 Effusa
1784 5270 1957 5310 autem
1990 5256 2099 5309 cir-

521 5380 641 5419 cum
676 5378 792 5417 eum
820 5373 930 5417 erat
961 5372 1069 5414 tota
1101 5360 1305 5420 civitas,
1342 5357 1610 5427 jncturam
1656 5355 1790 5406 hanc
1830 5351 2099 5421 aegerrime

523 5453 720 5522 ferens,
759 5470 822 5507 ac
874 5455 1180 5510 discessum.
1212 5450 1427 5519 perinde
1460 5459 1513 5501 ut
1556 5446 1908 5516 tyrannidem,
1943 5459 2101 5496 accu-

522 5559 670 5608 sans,
704 5542 919 5613 ejusque
954 5544 1184 5597 animam
1215 5558 1314 5595 non
1345 5556 1491 5594 secus
1529 5556 1591 5594 ac
1620 5540 1665 5593 si
1696 5536 1925 5600 retineri,
1948 5542 2103 5603 atque

603 5686 680 5751 (α)
703 5684 835 5740 Cod.
852 5684 980 5739 215.

609 5758 683 5822 (b)
714 5755 844 5811 Νη.
884 5771 967 5810 or.
992 5754 1083 5819 20,

612 5826 683 5895 (ε)
706 5826 835 5879 Ibid.

608 5898 689 5967 (Α)
720 5896 813 5953 0r.
840 5895 927 5951 20.

1116 5769 1167 5825 p.
1209 5750 1331 5810 370.

2193 4631 2301 4676 tem
2337 4618 2618 4674 mensibus
2652 4614 3113 4682 colloquerentur,
3152 4622 3218 4662 ac
3245 4608 3313 4662 de
3352 4605 3520 4661 lratre
3548 4601 3775 4658 incidis-

2195 4723 2278 4767 set
2306 4708 2532 4773 mentio,
2572 4704 2818 4775 Gregorii
2842 4702 2998 4756 dolor
3016 4701 3199 4755 statim
3219 4695 3513 4760 recruduit,
3543 4707 3607 4748 ac
3635 4708 3775 4749 mte-

2198 4804 2345 4860 stitia
2390 4801 2572 4855 vultus
2599 4808 2654 4853 et
2694 4794 2950 4867 lacrymis
2998 4794 3244 4861 proditus
3269 4798 3397 4843 est:
3432 4796 3488 4841 at
3533 4785 3776 4841 Macrina

2202 4894 2494 4951 immobilis
2510 4891 2736 4953 exstitit,
2764 4903 2827 4942 ac
2850 4889 2984 4941 tanti
3011 4887 3111 4940 viri
3132 4880 3508 4940 recordatione
3531 4880 3774 4933 animum

2199 4990 2267 5042 ad
2295 4986 2663 5042 sublimiorem
2698 4980 3091 5051 philosOphiam
3118 4976 3343 5031 arrexit.

2269 5079 2494 5134 Videtur
2537 5075 2834 5144 Gregorius
2884 5071 3159 5141 Nysseuus
3204 5064 3452 5120 morienti
3485 5060 3640 5116 fratri
3680 5057 3778 5114 ad—

2201 5169 2390 5233 fuisse,
2442 5170 2524 5223 Vel
2554 5170 2749 5222 saltem
2804 5164 2989 5217 audita
3034 5161 3179 5216 illius
3220 5165 3395 5211 morte
3444 5152 3775 5207 accurrisse.

2203 5261 2337 5316 Nam
2412 5258 2706 5330 Gregorius
2769 5255 3144 5311 Nazianzenus
3207 5247 3469 5303 Seleucia:
3531 5245 3779 5297 detentus

2204 5354 2353 5423 gravi
2387 5363 2440 5407 et
2466 5350 2772 5423 periculoso
2800 5348 2987 5402 morbo
3011 5356 3302 5399 maerorem
3349 5353 3505 5395 suum
3535 5334 3781 5404 Nysseno

2205 5440 2476 5509 signiﬁcat
2505 5438 2602 5510 (g),
2633 5437 2776 5507 quod
2810 5437 2857 5489 ei
2880 5449 2944 5487 ac
2967 5430 3343 5487 communibus
3369 5425 3555 5480 atuicis
3588 5423 3641 5477 iu
3673 5424 3781 5477 hoc

2211 5535 2348 5589 tristi
2402 5543 2597 5587 eventu
2656 5531 2867 5591 adesse,
2902 5534 2957 5582 et
3009 5534 3257 5580 sanctum
3305 5518 3491 5576 Basilii
3532 5515 3780 5572 cinerem

2284 5671 2355 5740 (ε)
2382 5670 2520 5740 Psal.
2558 5684 2683 5740 xxx_,
2706 5669 2757 5720 6.

2285 5734 2353 5811 (ί)
2394 5739 2495 5811 γει.
2527 5740 2587 5795 s.
2618 5737 2810 5811 M_a_cr.,
2836 5750 2887 5807 p.
2917 5734 3038 5789 iss.

2288 5808 2365 5883 (g)
2393 5808 2518 5865 Νη.
2549 5826 2633 5880 cp.
2658 5808 2745 5863 '57.
