4038 6448
1590 392 1747 448 VITA
1785 392 1843 446 S.
1883 392 2153 450 BASILII.

3370 405 3502 448 ειιι

251 512 557 571 exosculari
594 523 698 564 non
753 508 942 580 possit.
972 507 1325 563 Cesariensis
1368 507 1622 565 Ecclesia:
1667 520 1819 566 tanto
1847 514 1893 569 Α
1918 514 2123 573 modus.
2156 521 2266 565 tum
2300 509 2459 565 etiam
2506 511 2571 565 ad
2608 507 2923 582 loquendum
2952 504 3168 560 minime
3194 514 3498 573 proruptum

251 610 577 661 ornamento
604 601 843 669 spoliata:
889 597 1121 651 solitudo
1164 598 1264 665 (a),
1306 598 1663 666 spectaculum
1706 605 1826 652 erat

251 692 517 762 Gregorio
548 691 887 748 Nazianzeno
920 703 1142 757 prorsus
1171 688 1528 745 intolerabile.
1548 687 1663 757 Ipse
1698 702 1827 743 vero

253 793 502 840 mortuus
533 800 601 839 ex
654 781 828 836 media
880 789 1032 849 parte
1081 790 1133 834 et
1166 780 1431 836 dissectus
1470 779 1575 834 sibi
1605 779 1825 835 videba-

252 888 344 931 tur
380 876 478 946 (b),
519 875 718 932 amisso
753 873 844 927 tali
880 874 1050 933 socio,
1080 888 1109 927 a
1143 889 1249 943 quo
1277 875 1439 928 etiam
1483 886 1577 940 per
1602 881 1825 927 noctur-

250 981 353 1022 nas
382 969 637 1029 visiones,
664 974 717 1017 ut
750 964 877 1018 olim
906 978 1028 1019 eum
1056 967 1280 1025 viveret.
1325 966 1718 1019 admonebatur
1769 970 1825 1017 et

251 1062 641 1131 castigabatur,
666 1058 709 1112 si
745 1056 873 1125 quid
904 1056 1123 1112 fecisset
1148 1056 1322 1109 minus
1344 1056 1560 1111 decore.
1592 1056 1824 1112 Carmen

249 1150 481 1207 funebre
511 1148 793 1203 duodecim
826 1149 897 1219 (ε)
921 1189 936 1214 ,
963 1158 1021 1203 ut
1051 1150 1166 1215 ipse
1198 1148 1449 1217 appellat,
1473 1149 1826 1219 epigramma-

252 1244 342 1297 tiis
359 1249 639 1303 constans,
677 1240 758 1295 sui
801 1242 853 1296 in
883 1238 1137 1294 Basilium
1184 1241 1383 1293 amoris
1420 1245 1822 1294 monumentum

250 1349 373 1390 esse
400 1332 586 1387 voluit.
625 1332 730 1389 Sed
768 1334 935 1388 multo
967 1332 1184 1387 uberius
1218 1333 1329 1386 desi
1354 1332 1485 1387 lerio
1521 1345 1620 1386 suo
1659 1330 1823 1385 satis-

250 1424 407 1487 fecit,
442 1438 567 1479 cum
608 1440 857 1481 reversus
885 1422 1349 1491 ConstantinOpoli
1382 1423 1435 1476 in
1479 1420 1679 1477 Basilio
1704 1421 1823 1474 exi-

250 1516 358 1569 mia
397 1517 642 1571 oratione
670 1512 935 1568 laudando
963 1528 1155 1568 omnes
1189 1512 1389 1583 ingenii
1422 1522 1477 1568 et
1502 1510 1823 1579 eloquentia:

250 1610 396 1662 vires
454 1607 711 1679 profudit.
745 1605 1000 1661 Testatur
1034 1606 1112 1673 (α)
1154 1603 1262 1672 jam
1298 1603 1733 1673 multos-publice
1761 1618 1824 1658 ac

250 1699 507 1766 privatim
564 1698 664 1751 hoc
724 1694 973 1751 laudandi
1009 1694 1193 1749 Basilii
1237 1708 1459 1748 munere
1508 1692 1821 1762 perfunctos

250 1786 442 1841 fuisse.

1924 621 2051 669 esse,
2114 608 2204 660 sed
2257 601 2620 673 utplurimum
2682 600 3091 673 cogitabundum
3148 607 3307 669 atque
3354 599 3499 652 intro

1923 696 2193 750 collectum
2226 694 2300 765 (id
2318 695 2455 764 quod
2474 693 2623 747 multi
2652 710 2754 748 non
2777 699 2913 747 recte
2934 692 3225 751 imitantes.
3254 704 3345 743 nec
3372 692 3497 742 ani-

1924 790 2327 851 madeertentes,
2363 787 2418 840 in
2461 786 2700 839 odiosam
2740 783 3025 855 quamdam
3050 783 3317 837 tristitiam
3362 779 3496 833 inci-

1923 880 2166 951 derunt);
2197 880 2349 936 uestis
2372 878 2529 932 etiam
2558 892 2741 947 genus,
2774 888 2820 929 et
2848 872 3028 930 lectuli
3057 876 3269 939 species,
3306 882 3354 928 et
3394 869 3497 925 cibi

1922 973 2162 1026 sumendi
2201 969 2387 1025 modus
2420 982 2439 1021 :
2463 984 2685 1037 quorum
2723 965 2852 1019 nihil
2873 964 2960 1019 ille
2992 964 3173 1018 dedita
3207 981 3383 1030 opera,
3404 961 3497 1016 sed

1922 1064 2228 1133 simpliciter
2249 1082 2311 1119 ac
2337 1062 2558 1132 fortuito
2590 1060 2893 1129 factitabat.
2930 1058 3002 1110 Ac
3038 1055 3230 1110 multos
3248 1056 3354 1121 iam
3388 1054 3497 1109 Ba-

1922 1156 2073 1211 silios
2112 1159 2276 1224 specie
2307 1164 2456 1210 tenus
2493 1155 2667 1209 uidere
2706 1151 2851 1215 licet,
2894 1160 3102 1203 statuas
3158 1146 3406 1201 nimirum
3440 1147 3495 1201 in

1925 1248 2159 1312 umbris;
2198 1249 2422 1301 multum
2462 1246 2597 1298 enim
2635 1242 2791 1313 fuerit
2823 1241 2868 1293 si
2914 1239 3178 1307 repetitam
3209 1234 3388 1290 Eclius
3406 1252 3497 1289 vo-

1924 1357 2032 1395 cent
2057 1356 2166 1394 esse
2187 1341 2392 1393 dixero.
2418 1335 2557 1391 Nam
2583 1336 2676 1388 illa
2704 1332 2940 1403 quamvis
2966 1339 3278 1396 postremam
3300 1331 3496 1382 dunta—

1923 1440 2014 1485 xat
2047 1429 2187 1483 uocis
2233 1438 2434 1498 partem
2465 1425 2761 1491 expressius
2801 1434 2974 1475 tamen
2990 1418 3213 1487 e/fingit,
3242 1418 3294 1467 lii
3323 1429 3499 1471 autem

1925 1523 2133 1589 longius
2156 1520 2220 1573 ab
2248 1536 2307 1572 eo
2332 1518 2550 1579 distant,
2571 1530 2726 1586 quam
2759 1524 3012 1583 quantum
3041 1509 3287 1564 accedere
3304 1523 3498 1560 concu-

1922 1617 2148 1683 piscunt.
2191 1609 2336 1665 Illud
2362 1626 2478 1665 vero
2504 1625 2605 1661 non
2628 1608 2742 1676 jam
2770 1606 2937 1674 parvi,
2977 1604 3067 1657 sed
3100 1600 3498 1656 maximietiam

1924 1702 2167 1757 momenti
2226 1702 2293 1754 ad
2350 1699 2573 1770 gloriam
2643 1693 2785 1747 haud
2840 1692 3098 1745 immerito
3142 1690 3496 1749 existimatur,

1925 1794 2352 1848 consuetudinem
2388 1807 2503 1844 cum
2534 1805 2593 1843 eo
2628 1786 2914 1856 aliquando
2955 1782 3217 1842 habuisse,
3249 1790 3338 1833 aut
3381 1795 3498 1832 eum

322 1873 608 1931 pmdaris
638 1876 797 1932 etiam
824 1874 1158 1932 Orationibus
1182 1874 1465 1932 laudarunt
1492 1876 1549 1932 δ·
1574 1876 1823 1946 Εβῖιτωηι
1856 1869 1898 1926 B
1927 1885 2165 1946 coluisse,
2220 1892 2310 1935 aut
2365 1882 2631 1950 quidpiam
2682 1880 2746 1931 ab
2772 1894 2830 1931 eo
2856 1875 2981 1947 joco
3022 1876 3097 1928 rel
3133 1874 3269 1927 serio
3302 1874 3498 1925 dictum

249 1980 306 2026 et
353 1982 574 2027 sanctus
630 1971 922 2042 Gregorius
975 1970 1270 2043 Nysseuus.
1319 1971 1464 2025 Nihil
1518 1972 1692 2024 dicam
1761 1972 1827 2026 de

250 2062 728 2132 S.Amphilochio,
744 2064 827 2115 cui
847 2064 1020 2118 oratio
1048 2063 1359 2118 attribuitur
1386 2062 1438 2114 in
1458 2073 1703 2115 sanctum
1722 2058 1826 2113 Ba-

248 2157 430 2211 silium
462 2155 579 2223 ipso
610 2153 1054 2211 Circumcisiouis
1087 2155 1172 2210 die
1205 2153 1571 2222 pronuntiata,
1600 2167 1706 2223 quo
1730 2153 1830 2206 Ba-

250 2248 413 2302 silius
457 2247 707 2318 migravit
756 2248 806 2301 in
851 2248 1069 2303 cretum.
1121 2245 1245 2300 Iltec
1279 2246 1475 2310 oratio,
1527 2245 1708 2299 itidem
1772 2252 1830 2299 ut

248 2348 458 2410 septem
500 2339 618 2394 alia:
649 2357 679 2393 a
715 2338 1041 2395 Combellsio
1085 2338 1183 2391 sub
1217 2337 1579 2406 Amphilochii
1613 2336 1831 2392 nomine

250 2431 305 2485 in
337 2432 511 2487 lucem
542 2432 721 2494 editio,
757 2428 1001 2498 pluribus
1036 2429 1251 2484 videtur
1305 2444 1411 2485 non
1464 2430 1828 2484 certissimum

247 2541 373 2580 esse
406 2533 833 2582 monumentum,
854 2524 1104 2591 quamvis
1134 2537 1237 2576 uou
1271 2532 1377 2575 tam
1402 2522 1687 2574 manifeste
1706 2536 1829 2588 spu-

249 2620 331 2669 ria
385 2615 479 2677 sit,
510 2608 672 2683 quam
728 2612 909 2668 Basilii
962 2612 1079 2666 Vita
1124 2612 1297 2667 eidem
1328 2609 1503 2665 aﬂicta
1548 2610 1828 2679 Amphilo-

247 2704 397 2759 chio.

324 2796 390 2852 II.
420 2797 606 2853 Sancti
644 2795 829 2851 Basilii
862 2795 1089 2868 eﬂlgiem
1141 2796 1221 2851 sic
1272 2794 1597 2865 descriptam
1632 2792 1834 2863 reperit

248 2888 513 2945 Baronius
548 2891 618 2957 le)
650 2892 699 2944 in
726 2905 993 2961 anonymo
1027 2888 1317 2944 Vaticano:
1352 2888 1574 2959 Magnus
1595 2886 1829 2941 Basilius

249 2994 467 3046 procero
490 2976 590 3045 [uit
620 2980 799 3030 habitu
830 2979 1064 3044 corporis
1092 2988 1139 3030 et
1174 2988 1332 3040 recto,
1356 2979 1548 3039 siccus,
1574 2978 1829 3047 gracilis;

249 3070 399 3124 colar
422 3067 537 3138 ejus
580 3069 779 3137 fuscus,
820 3068 989 3121 uultus
1037 3076 1358 3135 temperatus
1392 3069 1613 3136 pallore,
1648 3067 1827 3136 justus

250 3179 435 3227 nasus,
468 3162 749 3233 supercilia
779 3162 829 3214 in
850 3158 1024 3214 orbem
1048 3161 1241 3230 inﬂexa
1266 3171 1311 3214 et
1337 3162 1598 3224 adducta;
1626 3161 1831 3229 cogita-

252 3256 428 3311 bundo
456 3256 645 3311 similis
677 3256 802 3325 fuit,
835 3270 1017 3323 pauere
1044 3254 1098 3307 in
1126 3254 1268 3308 vultu
1302 3269 1466 3323 rugae,
1495 3269 1666 3322 eisque
1690 3254 1831 3306 reni-

250 3350 456 3413 dentes,
490 3364 634 3418 gena:
663 3348 919 3415 oblongte,
938 3359 1170 3416 tempora
1195 3348 1520 3417 aliquantum
1538 3362 1686 3410 cava,
1703 3362 1831 3415 pro-

252 3439 421 3493 missa
443 3439 605 3492 barba
627 3448 673 3492 et
713 3437 989 3490 mediocris
1020 3437 1256 3492 canities.

326 3530 477 3585 Illius
511 3529 676 3583 ani-mi
704 3528 903 3596 elligies
928 3542 996 3581 ex
1028 3533 1187 3584 rebus
1212 3530 1396 3599 gestis,
1431 3542 1570 3598 quas
1604 3541 1832 3582 enarra-

254 3639 316 3680 re
338 3623 519 3679 conati
552 3638 761 3685 sumus,
797 3621 931 3677 satis
951 3622 1295 3690 perspicitur.
1328 3621 1445 3693 Ipse
1479 3636 1606 3675 vero
1632 3620 1830 3676 sesein

255 3716 477 3785 scriptis
507 3729 573 3769 ac
607 3713 906 3784 praesertim
936 3714 989 3767 in
1034 3711 1275 3781 epistolis
1306 3711 1531 3765 miriﬁce
1571 3711 1830 3781 depingit.

258 3808 407 3863 Illius
450 3809 691 3880 gravitas
720 3816 773 3862 et
818 3804 1122 3860 constantia
1161 3803 1432 3859 nonnullis
1465 3803 1635 3857 fastus
1661 3812 1717 3856 et
1751 3817 1836 3855 su-

256 3902 443 3972 perbia
478 3915 601 3956 esse
638 3902 941 3959 videbatur,
969 3899 1064 3950 sed
1091 3898 1426 3952 demonstrat
1454 3893 1747 3965 Gregorius
1765 3891 1833 3961 (Γ)

256 3993 532 4049 neminem
575 3994 642 4046 ab
664 3993 768 4048 hoc
798 3992 928 4047 vitio
959 3989 1128 4059 magis
1157 3988 1392 4043 alienum
1436 3986 1622 4052 fuisse,
1674 4001 1833 4055 quam

255 4084 535 4148 Basilium,
587 4084 679 4154 qui
707 4097 773 4137 ne
818 4082 1058 4153 leprosos
1088 4080 1301 4149 quidem
1340 4077 1642 4135 deosculari
1685 4078 1836 4130 dedi-

257 4177 546 4245 gnabatur.
587 4175 718 4230 Erat
772 4174 916 4229 illius
946 4173 1208 4228 severitas
1252 4188 1460 4226 smnma
1505 4170 1837 4239 benignitate

259 4278 557 4339 temperata
587 4268 661 4340 (p.
694 4266 843 4337 36I),
877 4266 951 4320 ita
999 4275 1058 4320 ut
1093 4266 1235 4319 illius
1270 4263 1351 4317 vel
1388 4262 1665 4334 pertenuis
1696 4262 1837 4315 risus

256 4361 497 4417 Iaudstio
525 4372 687 4429 esset,
714 4372 770 4416 et
794 4360 1067 4416 silentium
1095 4357 1419 4428 obiurgatio.
1466 4354 1582 4409 Non
1630 4352 1837 4421 lepidus

260 4456 482 4525 quidam
522 4467 665 4517 erat,
684 4464 739 4508 et
762 4454 968 4510 facetus
994 4449 1568 4506 autcircumforaneus
1595 4463 1607 4499 :
1636 4445 1727 4499 sed
1757 4455 1809 4498 ta

1927 1990 2017 2033 aut
2071 1979 2271 2048 factum
2319 1976 2622 2029 monimenti
2691 1972 2805 2025 loco
2857 1971 2995 2040 ferre
3043 1965 3499 2038 (quemadmodum

1931 2070 2043 2135 ipse
2063 2083 2265 2137 quoque
2296 2082 2375 2120 me
2394 2067 2489 2119 hoc
2514 2062 2720 2117 nomine
2735 2076 2871 2128 saepe
2894 2058 3175 2128 gloriatum
3199 2073 3309 2111 esse
3335 2053 3501 2123 scio):

1928 2161 2177 2230 quoniam
2218 2174 2336 2227 quia
2386 2158 2450 2211 ab
2504 2155 2597 2209 illo
2650 2154 2787 2209 velut
2844 2154 3010 2206 obiter
3058 2149 3273 2216 ﬁebant,
3337 2146 3503 2200 multo

1928 2252 2296 2323 prwstantiora
2349 2258 2522 2312 erant,
2572 2264 2728 2317 quam
2760 2263 2820 2300 ea
2856 2248 2909 2298 in
2949 2243 3139 2315 quibus
3190 2241 3285 2295 alii
3322 2239 3500 2295 elabo-

1931 2357 2071 2401 rant.

2001 2437 2141 2494 Idem
2165 2437 2229 2492 de
2255 2434 2451 2491 Basilio
2476 2447 2540 2488 ac
2577 2432 2642 2486 de
2691 2430 2935 2501 pluribus
2989 2429 3109 2483 aliis
3141 2425 3504 2482 sanctissimis

1931 2530 2061 2584 viris
2094 2530 2196 2584 dici
2238 2537 2437 2598 potest,
2486 2523 2868 2580 miraculorum
2895 2519 3050 2576 donis
3077 2521 3366 2574 instructos
3408 2530 3504 2571 eos

1932 2636 2037 2676 non
2084 2620 2276 2683 fuisse,
2326 2620 2419 2674 sed
2469 2619 2695 2688 gradum
2738 2615 3065 2677 sanctitatis,
3110 2612 3177 2666 ad
3212 2625 3373 2681 quam
3404 2624 3503 2663 eos

1931 2712 2135 2771 Christi
2166 2711 2340 2782 gratia
2370 2710 2581 2774 evexit,
2613 2708 2785 2774 majus
2818 2708 3085 2777 quoddam
3117 2719 3238 2761 esse
3275 2706 3498 2764 donum,

1933 2822 2092 2875 quam
2128 2801 2367 2872 prodigia
2394 2808 2449 2854 et
2472 2798 2756 2853 miracula.
2781 2797 3043 2851 Nonnulla
3076 2807 3252 2849 tamen
3278 2794 3345 2848 de
3376 2807 3506 2848 san-

1934 2908 2020 2951 cto
2061 2893 2257 2949 Basilio
2283 2903 2595 2953 narrantur,
2630 2902 2751 2957 quae
2781 2886 2833 2941 in
2862 2884 3123 2955 prodigiis
3147 2891 3202 2937 et.
3227 2882 3508 2935 miraculis

1935 2988 2203 3043 numerari
2243 2987 2495 3041 debeant.
2538 2982 2738 3036 Praeter
2762 2995 2825 3035 ea
2848 3018 2864 3044 ,
2895 2992 3015 3049 quite
3045 2990 3187 3031 anno
3214 2973 3322 3030 572
3352 2983 3503 3044 gesta

1933 3081 2236 3143 retulimus,
2265 3093 2386 3131 cum
2420 3076 2613 3130 Valens
2647 3075 2907 3130 Caesareae
2942 3078 3249 3126 versaretur
3270 3107 3287 3135 ,
3320 3078 3510 3121 narrat

1941 3171 2240 3242 Gregorius
2274 3168 2546 3239 Nyssenus
2577 3165 2650 3236 (g)
2682 3166 2798 3235 ejus
2848 3162 3100 3233 precibus
3136 3162 3364 3214 imbrem
3428 3157 3507 3213 *Ii-

1936 3267 2137 3320 vinitus
2209 3277 2524 3317 COllt‘eSSIIIII
2572 3256 2786 3321 fuisse,
2857 3270 2979 3309 cum
3038 3254 3259 3310 siccitas
3310 3252 3508 3307 hiemis

1936 3356 2135 3411 nullam
2154 3369 2304 3425 spem
2325 3350 2534 3423 frugum
2561 3348 3155 3418 relinquere-videretur
3170 3362 3185 3398 :
3203 3360 3266 3398 ac
3286 3345 3361 3413 (p.
3380 3343 3508 3417 J93)

1937 3464 2003 3503 eo
2027 3458 2186 3503 noctu
2214 3446 2504 3515 aliquando
2539 3453 2749 3506 orante,
2789 3445 3007 3496 domum
3045 3437 3332 3509 alfulgente
3372 3437 3493 3492 divi-

1936 3540 2082 3594 nitus
2109 3537 2341 3608 quodam
2382 3534 2584 3588 lumine
2616 3531 2914 3586 refulsisse.

2008 3632 2131 3685 Dies
2163 3628 2335 3683 festus
2354 3627 2525 3681 sancti
2556 3624 2739 3679 Basilii
2769 3637 2875 3678 non
2910 3620 3077 3676 multo
3106 3629 3229 3691 post
3268 3620 3388 3690 ejus
3412 3618 3507 3675 ob-

1936 3723 2067 3777 itum
2130 3719 2450 3776 celebratus.
2494 3716 2750 3772 Testatur
2796 3714 2940 3769 enim
2989 3710 3281 3781 Gregorius
3313 3706 3507 3781 Nysso-

1935 3832 2036 3870 nus
2061 3814 2136 3886 (p.
2169 3812 2292 3883 479)
2322 3812 2461 3867 diem
2492 3809 2685 3865 festum
2714 3808 2783 3863 de
2815 3805 2958 3861 illius
2989 3804 3207 3859 nomine
3237 3812 3358 3872 post
3401 3799 3502 3854 Na-
3538 3868 3545 3875 θ

1937 3909 2041 3964 tale
2067 3906 2297 3971 Domini,
2325 3915 2379 3961 et
2416 3903 2659 3958 uatalitia
2706 3899 2877 3955 sancti
2910 3896 3205 3965 Stephani,
3239 3894 3512 3958 S.'Petri,

1937 4001 1995 4058 S.
2028 4000 2234 4065 Jacobi,
2272 3998 2326 4053 S.
2346 3996 2571 4051 Joannis
2602 4004 2657 4048 et
2676 3991 2735 4047 S.
2765 3990 2912 4045 Pauli
2945 4000 3256 4043 occurrere.
3276 3984 3509 4055 Amphi-

1937 4092 2166 4153 Iocbius,
2203 4098 2261 4143 ut
2284 4087 2395 4155 jam
2445 4086 2699 4147 diximus,
2724 4096 2819 4138 seu
2854 4079 3034 4150 quivis
3083 4077 3220 4132 alius
3248 4074 3511 4130 orationis

1938 4201 2098 4254 supra
2134 4183 2292 4237 dicta:
2338 4188 2547 4245 auctor,
2601 4176 2793 4232 festum
2837 4172 3013 4228 sancti
3045 4169 3229 4225 Basilii
3267 4167 3354 4223 die
3392 4164 3508 4221 Cir-

1936 4274 2285 4331 cuuicisiouis
2316 4272 2370 4326 in
2426 4269 2680 4325 omnibus
2725 4266 2878 4323 orbis
2914 4275 3184 4319 terrarum
3214 4261 3350 4316 locis
3368 4257 3509 4315 cele-

1938 4368 2081 4423 brari
2106 4367 2301 4423 docet:
2332 4367 2476 4435 quod
2510 4364 2727 4435 quidem
2762 4361 2828 4413 de
2860 4356 3057 4411 vicinis
3089 4353 3397 4425 regionibus
3426 4354 3496 4405 in-

1940 4470 2266 4531 terpretatur
2310 4456 2711 4514 Tillemontius.
2765 4454 2911 4508 Idem
2948 4465 3067 4506 mos
3119 4446 3256 4518 apud
3295 4444 3509 4501 Graecos

261 4563 387 4602 men
425 4546 621 4599 fatetur
646 4543 940 4614 Gregorius
984 4543 1253 4599 neminem
1286 4542 1338 4595 in
1368 4540 1602 4594 coitibus
1639 4538 1830 4607 jucun-

1941 4553 2328 4625 perseveravit,
2392 4566 2491 4605 nec
2535 4548 2719 4603 Basilii
2766 4543 2962 4600 festum
3018 4556 3048 4597 α
3096 4538 3511 4595 circumcisione

261 4640 472 4694 diorem
513 4648 567 4691 et
596 4637 648 4691 in
686 4637 955 4689 narrando
990 4636 1322 4691 festiviorem
1367 4630 1690 4687 exstitisse:
1738 4642 1831 4682 ne-

262 4732 466 4785 minem
508 4731 559 4785 in
580 4730 815 4799 iocando
840 4729 1168 4798 argutiorem
1196 4734 1253 4782 et
1290 4726 1341 4779 in
1366 4721 1700 4795 obiurgando
1755 4719 1836 4773 le-

262 4823 500 4879 olorem.

335 4911 421 4969 III.
466 4912 676 4978 Quanta
714 4910 1024 4967 exstiterint
1063 4909 1128 4965 de
1159 4908 1361 4964 Basilio
1397 4907 1676 4963 hominum
1702 4903 1842 4974 judi-

264 5002 353 5060 cia
384 5000 637 5071 pmclare
667 4999 961 5071 Gregorius
989 4999 1073 5053 his
1104 4998 1287 5054 verbis
1336 5006 1589 5053 testatum
1621 4995 1839 5063 reliquit

266 5094 344 5167 (p.
372 5092 500 5163 570)
532 5110 546 5146 :
581 5091 748 5146 Tanta
780 5093 968 5161 ipsius,
1002 5090 1195 5159 inquit,
1216 5091 1378 5144 uirtus
1409 5088 1691 5157 gloriaeque
1713 5103 1843 5153 pra:-

264 5186 471 5239 stantia
489 5181 613 5250 fuit,
632 5190 689 5234 ut
719 5182 882 5234 multa
904 5181 1063 5234 etiam
1089 5194 1153 5233 ex
1172 5182 1348 5246 parvis
1375 5177 1515 5229 illius
1534 5175 1837 5240 virtutibus,

266 5285 427 5345 atque
443 5274 575 5326 adeo
601 5288 666 5326 ea:
693 5270 954 5339 corporeis
972 5270 1259 5340 defectibus
1286 5268 1349 5321 ab
1372 5268 1494 5320 aliis
1522 5267 1589 5319 ad
1621 5266 1842 5335 gloriam

266 5366 602 5435 nominisque
655 5362 948 5433 claritatem
1003 5361 1298 5429 parandam
1366 5356 1662 5425 excogitata
1716 5357 1843 5409 sint.

266 5457 437 5528 Cujus
466 5457 669 5526 generis
711 5465 856 5523 sunt,
903 5452 1097 5523 pallor,
1142 5450 1328 5517 barba,
1366 5458 1539 5503 certus
1574 5446 1845 5503 incedendi

343 5614 423 5687 (ᾳ)
449 5612 582 5687 Nat.
616 5612 818 5687 ep.}g7.

370 5682 420 5754 b)
446 5685 578 5754 fias.
596 5682 789 5754 om”.

370 5692 420 5754 υ)
446 5692 578 5739 t‘az.
596 5692 733 5736 an":

340 5692 417 5885 ἴε)
440 5753 626 5809 Carm.
649 5752 738 5810 65.

363 5824 421 5887 ὀ)
448 5822 545 5882 0r.
568 5822 653 5882 10.

1945 4645 2286 4716 disiungitur.
2322 4643 2475 4714 Apud
2505 4642 2725 4697 Latinos
2761 4638 2904 4693 illius
2938 4651 3083 4691 mors
3108 4641 3406 4689 aunotatur
3448 4631 3512 4684 ad

1946 4737 2087 4792 diem
2161 4735 2602 4791 Circutncisiouis
2656 4733 2712 4789 in
2762 4729 3138 4800 Hartyrologio
3190 4723 3416 4781 Usuardi
3462 4732 3512 4777 et

1946 4830 2067 4885 aliis
2107 4830 2521 4900 posterioribus.
2557 4829 2626 4882 At
2672 4827 2790 4882 dies
2841 4825 3008 4879 festus
3062 4819 3308 4877 differtur
3345 4832 3507 4887 usque

1948 4924 2014 4979 ad
2049 4924 2190 4979 diem
2217 4922 2285 4978 Μ
2308 4922 2477 4987 Junii,
2513 4936 2621 4991 quo
2653 4920 2741 4974 die
2797 4918 2989 4972 festum
3022 4913 3204 4969 Basilii
3240 4925 3381 4967 nouo
3416 4926 3507 4963 se.

1945 5017 2065 5071 culo
2098 5016 2362 5072 celebrari
2406 5015 2624 5071 solitum
2674 5013 2837 5067 fuisse
2859 5026 2923 5065 ex
2978 5007 3227 5065 Usuardo
3256 5004 3503 5075 perspici

1947 5124 2085 5163 ηιυε.

2518 5194 2743 5253 CAPUT
2776 5193 2913 5249 XLI.

1948 5311 1988 5366 I.
2019 5309 2231 5375 Quanta
2267 5310 2407 5376 apud
2459 5319 2698 5377 antiquos
2737 5308 2921 5377 sancti,
2952 5305 3386 5377 Basiliioperum
3426 5301 3499 5353 ad

2018 5373 2253 5438 miratio.
2301 5373 2363 5433 II.
2423 5379 2494 5434 De
2528 5373 2703 5433 novem
2763 5376 2990 5432 homiliis
3025 5377 3080 5430 in
3138 5373 3498 5427 Hexaemeron

2021 5448 2104 5503 III.
2142 5449 2220 5504 De
2244 5452 2409 5504 tribus
2432 5450 2661 5506 Itomiliis
2705 5464 2822 5521 qua:
2866 5460 2987 5502 sunt
3026 5447 3090 5501 de
3127 5442 3353 5499 nominis
3380 5454 3495 5497 stru

2023 5606 2093 5745 (t3
2135 5606 2211 5661 Ad
2242 5621 2329 5660 an.
2359 5606 2482 5661 578.

2026 5683 2042 5743 (
2134 5676 2265 5733 Νη.
2294 5692 2376 5731 or.
2398 5675 2482 5731 20.

2026 5675 2093 5743 (Ι)
2134 5676 2265 5733 Naz.
2294 5692 2376 5731 or.
2398 5675 2490 5731 ΞΟ.

2029 5750 2103 5819 (9)
2144 5747 2238 5805 0r.
2275 5746 2329 5802 in
2357 5745 2519 5803 Basil.
