4038 6470
506 412 643 453 εικιι

570 526 736 567 ctura.
773 513 860 568 IV.
893 516 964 569 De
983 514 1212 567 ltomiliis
1247 514 1301 568 in
1343 513 1601 569 Psalmos.
1634 512 1696 565 V.
1730 510 1802 567 De
1847 518 2071 569 nonnul-
2098 524 2144 580 Α

569 587 633 635 lis
674 585 725 636 in
773 582 1027 654 Psalmos
1063 586 1327 654 ltomiliis,
1373 600 1489 654 qua
1531 587 1720 651 spuria:
1768 599 1855 635 ttttt
1897 590 2071 641 dubita

568 654 954 727 existimantur.
1012 653 1095 706 Vl.
1129 654 1201 706 De
1248 653 1390 707 locis
1425 657 1711 727 nonnullis,
1741 670 1856 715 qua:
1896 657 1949 707 in
1993 674 2072 727 ge-

571 725 763 778 nuinas
784 725 1027 778 homilias
1066 733 1247 777 assuta
1282 728 1528 777 dicuntur
1554 726 1735 790 fuisse.

570 875 610 929 I.
652 878 953 944 Antequam
989 875 1113 929 huic
1139 877 1549 945 perlractationi
1588 878 1744 932 linem
1777 876 2070 946 imponam,

496 967 731 1020 breviter
752 970 1080 1023 recensenda
1116 971 1287 1024 sancti
1318 969 1503 1022 Basilii
1546 986 1727 1040 opera,
1750 985 1814 1024 ac
1850 986 2074 1039 przeser-

497 1058 592 1110 tim
642 1058 695 1111 in
752 1059 1019 1115 nonnullis
1064 1062 1443 1115 examinandis
1492 1061 1907 1127 immorandum,
1954 1078 2073 1131 qua

496 1163 778 1219 perperam
810 1149 857 1202 ei
884 1150 1210 1217 abiudicata.
1249 1151 1353 1205 Sed
1380 1152 1431 1204 in
1467 1154 1657 1221 primis
1681 1164 1881 1218 quanta
1910 1154 2074 1206 fuerit

498 1241 644 1297 illius
674 1240 1001 1309 scriptorum
1028 1242 1167 1311 apud
1200 1243 1450 1311 antiquos
1496 1244 1806 1309 admiratio,
1840 1260 1903 1298 ex
1933 1244 2071 1298 Grc-

494 1333 627 1405 gorii
662 1334 969 1388 testimonio
990 1336 1359 1404 spectandum.
1383 1335 1633 1400 Quantam
1661 1337 1813 1389 hodie
1837 1336 1966 1398 alia,
1994 1336 2073 1387 in-

492 1425 728 1495 quit(a),
765 1426 924 1480 ullius
968 1439 1243 1481 conventus
1277 1427 1461 1482 lwtitia
1492 1429 1515 1480 .9
1554 1445 1670 1497 qua:
1723 1430 2070 1481 conviviorum

493 1516 725 1582 voluptas
754 1516 916 1584 ?quaz
947 1516 1047 1582 furi
1084 1518 1109 1571 ?
1145 1534 1260 1585 quae
1304 1518 1656 1570 lfcclesiarum
1690 1519 1713 1569 ?
1740 1535 1857 1587 qua:
1876 1520 2073 1586 princi-

490 1624 613 1675 pum
653 1618 699 1660 et
750 1610 1069 1674 privatorum
1111 1611 1357 1665 delicia}?
1397 1628 1512 1681 quae
1560 1614 1951 1674 monachorum,
1981 1624 2070 1665 aut

488 1714 668 1750 eorum
712 1700 803 1767 qui
836 1705 1079 1755 societate
1127 1706 1353 1773 gaudent
1380 1705 1404 1755 Σ)
1431 1722 1546 1768 qua:
1590 1722 1802 1767 eorum,
1834 1705 1922 1773 qui
1946 1721 1999 1757 se
2038 1720 2070 1758 a

491 1792 709 1857 negotiis
742 1805 1089 1859 removerunt,
1118 1794 1193 1846 vel
1225 1811 1405 1848 eorum
1446 1799 1533 1865 qui
1570 1798 1624 1849 in
1658 1798 1805 1849 rebus
1833 1797 2067 1865 gerendis

490 1891 760 1933 versantur
792 1883 817 1935 ?
848 1898 963 1946 qua:
1008 1900 1189 1936 eorum
1234 1886 1321 1953 qui
1366 1889 1624 1956 profanw,
1658 1887 1733 1941 vel
1772 1903 1949 1940 eorum
1982 1889 2074 1956 qui

490 1984 681 2026 nostrtz'
716 1974 1007 2042 disciplima
1041 1976 1277 2030 studium
1321 1981 1634 2048 proﬁtentur
1662 1980 1687 2032 .’
1720 1977 1840 2033 Una
1885 1991 1932 2034 et
1981 1996 2073 2048 per

488 2064 686 2129 munia,
710 2077 755 2117 et
795 2067 1026 2118 maxima
1058 2068 1357 2131 oblectatio,
1383 2071 1524 2124 illius
1556 2070 1822 2126 volumina
1847 2083 1893 2126 et
1917 2072 2071 2124 lucu-

488 2154 771 2210 brationes.
801 2156 912 2210 Nec
935 2160 1275 2226 scriptoribus
1314 2164 1530 2215 materia
1561 2162 1675 2218 ulla
1701 2166 1809 2217 alia
1841 2174 1888 2217 et
1925 2164 2071 2232 copia

486 2257 600 2314 post
623 2264 738 2300 eum
762 2260 948 2314 pra'ter
974 2251 1136 2315 ipsius
1160 2252 1354 2317 scripta
1399 2256 1647 2322 suppetit.
1684 2253 1918 2309 Silentur
1940 2263 2074 2308 vete-

489 2354 573 2402 ra,
595 2354 912 2406 quaecunque
936 2340 988 2392 in
1015 2340 1310 2395 divinorum
1341 2346 1675 2397 oraculorum
1704 2345 2071 2412 explanatione

488 2442 519 2477 α
555 2427 866 2494 quibusdam
906 2427 1177 2481 elaborata
1220 2442 1340 2485 sunt
1371 2447 1391 2485 :
1430 2450 1561 2486 nova
1594 2435 1971 2500 pra'dicantur,
1999 2448 2077 2489 at-

488 2535 585 2589 que
624 2521 668 2573 is
703 2520 843 2589 apud
899 2537 990 2574 nos
1047 2524 1439 2578 eruditissimus
1486 2528 1737 2594 habetur,
1786 2529 1875 2599 qui
1909 2530 2071 2584 libros

488 2613 649 2676 ipsius
674 2628 830 2679 quam
864 2613 1089 2665 maxime
1126 2613 1401 2686 intelligit,
1441 2636 1502 2673 ac
1545 2620 1725 2689 lingua
1752 2632 1943 2685 versat,
1975 2640 2073 2675 au-

489 2706 730 2773 ribusque
761 2703 1003 2758 instillat.
1042 2703 1187 2759 Unus
1216 2713 1354 2763 enim
1404 2715 1636 2765 onmium
1667 2714 1779 2767 loco
1816 2716 2070 2769 studiosis

490 2799 555 2849 ad
578 2802 919 2856 eruditionem
944 2806 1351 2875 comparandam
1384 2806 1593 2875 sufficit.
1630 2805 1744 2859 Hoc
1770 2816 1974 2860 tantum
2007 2810 2071 2862 de

490 2906 545 2944 eo
590 2893 787 2947 dicam.
825 2894 954 2949 Cum
990 2898 1348 2953 Hexaemeron
1380 2899 1523 2951 illius
1576 2900 1629 2951 in
1670 2916 1857 2953 manus
1899 2918 2069 2967 sumo,

490 2989 642 3047 atque
668 2984 719 3034 in
749 3001 835 3035 ore
858 2986 1040 3051 ltubeo,
1066 3007 1181 3041 cum
1205 2988 1453 3043 Creatore
1492 2989 1801 3061 conjuugor,
1835 3009 1897 3046 ac
1934 3010 2074 3047 crea-

490 3068 642 3124 tionis
679 3076 907 3129 rationes
956 3094 1231 3147 cognosco,
1269 3080 1670 3151 Creatoremque
1714 3088 1879 3155 magis
1909 3089 2074 3139 admi-

491 3179 578 3217 ror
598 3183 659 3219 ac
694 3172 948 3238 suspicio,
974 3188 1131 3240 quam
1165 3177 1311 3235 prius
1342 3176 1591 3242 solebam,
1632 3194 1750 3230 cum
1773 3180 1885 3232 solo
1923 3197 2046 3244 aspe

498 3268 585 3308 ctu
630 3262 881 3329 magistro
919 3274 1107 3317 uterer.
1142 3264 1272 3317 Cum
1316 3266 1475 3318 libros
1525 3284 1633 3328 eos,
1666 3269 1851 3336 quibus
1898 3272 2069 3323 Itwre-
2098 3238 2143 3297 c

490 3346 714 3402 tit-orum
773 3354 965 3421 scripta
1015 3355 1231 3423 refutat,
1290 3358 1423 3426 lego,
1470 3359 1855 3413 Sodomiticum
1902 3363 2072 3431 ignem

490 3455 645 3495 cerno
670 3460 771 3512 quo
805 3446 1053 3513 improbi:
1098 3464 1161 3502 ac
1201 3450 1470 3504 scelerata:
1508 3452 1703 3522 lingat:
1748 3455 1801 3506 in
1847 3455 2073 3508 cinerem

493 3534 820 3603 rediguntur,
858 3549 948 3592 aut
994 3539 1248 3594 Cltalantz
1295 3544 1506 3606 turrim,
1563 3556 1616 3596 ut
1660 3546 1795 3599 male
1838 3559 2076 3599 constru-

493 3638 648 3694 :tam,
677 3631 751 3683 ita
783 3642 920 3685 recte
972 3634 1319 3700 interruptam
1364 3645 1518 3703 atque
1555 3637 1795 3689 deletam.
1825 3636 2069 3701 Cumea,

492 3739 602 3791 qua:
634 3723 698 3775 de
731 3721 935 3788 Spiritu
968 3735 1150 3775 sancto
1190 3724 1399 3791 scripsit
1421 3762 1435 3783 ,
1466 3726 1661 3787 evolvo,
1696 3725 1889 3789 Deum,
1918 3742 2066 3796 quens

481 3816 674 3892 'liabeo,
723 3812 1018 3877 nanciscor,
1060 3814 1327 3867 veritatem
1375 3815 1537 3869 libero
1569 3824 1618 3868 et
1667 3814 1850 3883 fidenti
1890 3818 2069 3870 animo

492 3907 738 3974 prtetlico,
780 3904 926 3959 illius
967 3905 1201 3959 videlicet
1250 3905 1519 3972 theologia
1554 3919 1708 3977 atque
1754 3908 2073 3977 contempla-

492 3999 619 4051 tioni
642 4000 901 4053 insistens.
935 3997 1069 4053 Cum
1096 3998 1232 4053 alias
1273 3998 1387 4070 ejus
1423 4001 1785 4055 enarrationes
1823 4003 2071 4072 perlego,

491 4106 619 4159 quas
642 4090 730 4155 iis,
766 4092 855 4162 qui
884 4092 1131 4145 hebetiori
1162 4092 1369 4160 ingenio
1396 4104 1516 4147 sunt
1556 4095 1779 4163 explicat
1804 4095 2071 4163 trifariam

492 4181 544 4234 in
576 4181 757 4233 solidis
789 4183 874 4233 sui
919 4182 1112 4235 tabulis
1142 4185 1463 4246 describens,
1490 4201 1550 4239 eo
1597 4186 1854 4251 adducor,
1877 4196 1935 4239 ut
1968 4202 2072 4241 non

493 4271 547 4327 in
570 4283 781 4326 externo
820 4272 1011 4326 littera
1048 4275 1240 4327 cortice
1264 4277 1443 4341 pedem
1468 4276 1652 4346 ﬁgam,
1690 4293 1780 4330 nec
1799 4280 2070 4333 verborum

494 4373 695 4418 tantum
727 4365 1049 4434 superficiem
1078 4375 1321 4435 spectem,
1368 4369 1457 4420 sed
1491 4368 1712 4420 ulterius
1741 4370 2070 4438 progrediar,

493 4468 647 4527 atque
665 4473 730 4510 ex
758 4459 1022 4527 profundo
1056 4460 1109 4511 in
1154 4458 1475 4528 profundum
1499 4469 1786 4522 transeam,
1822 4462 2070 4529 abyssum

492 4564 582 4618 per
610 4548 855 4619 abyssum
902 4551 1145 4604 invocans
1171 4549 1269 4621 (b),
1294 4566 1357 4602 ac
1391 4567 1485 4619 per
1515 4551 1692 4603 lumen
1728 4550 1900 4605 lumen
1932 4552 2070 4605 inve-

494 4641 662 4703 nieus,
698 4641 1039 4710 quoadusque
1064 4645 1132 4695 ad
1155 4658 1416 4697 summum
1445 4644 1654 4695 tandem
1678 4644 1921 4697 verticem
1952 4660 2069 4713 per-

494 4747 698 4788 uenero.
742 4729 874 4785 Cum
928 4744 1221 4803 martyrum
1254 4734 1489 4787 encomia
1530 4732 1662 4804 lego,
1712 4750 1900 4803 corpus
1949 4751 2073 4788 con-

494 4835 689 4889 temno,
717 4834 766 4877 et
790 4841 905 4878 cum
929 4826 997 4879 iis
1018 4827 1107 4896 qui
1141 4826 1387 4881 laudibus
1416 4826 1727 4896 eieruntur,
1754 4828 1932 4880 animo
1961 4843 2074 4880 ver-

495 4936 601 4983 sor,
627 4930 782 4987 atque
826 4919 895 4973 ad
938 4932 1202 4975 certamen
1241 4923 1460 4974 excitor.
1505 4918 1636 4974 Cum
1671 4921 1935 4975 orationes
1985 4935 2073 4973 eas

495 5030 622 5079 quas
641 5015 706 5066 de
745 5012 979 5068 moribus
1021 5031 1082 5067 ac
1133 5016 1257 5067 bene
1287 5015 1485 5068 vivendi
1532 5014 1733 5067 ratione
1762 5014 1992 5079 scripsit,
2016 5012 2073 5065 in

497 5123 681 5159 manus
704 5106 929 5174 accipis,
964 5107 1139 5159 animo
1155 5117 1202 5160 et
1229 5124 1448 5173 corpore
1475 5122 1690 5175 purgor,
1725 5104 2074 5172 templumque

499 5196 593 5251 Dei
622 5214 790 5265 capax
827 5196 1042 5265 eﬁcior,
1087 5207 1240 5265 atque
1293 5198 1696 5250 instrumentum
1743 5198 2000 5251 musicum
2037 5213 2068 5248 a

497 5290 704 5352 Spiritu
747 5292 1017 5359 pulsatum
1067 5293 1398 5358 divinumque
1431 5289 1655 5357 gloriam
1692 5300 1740 5342 et
1784 5290 2069 5357 potentiam

496 5399 706 5439 canens.
747 5381 849 5437 Per
876 5400 964 5437 eas
1002 5385 1240 5452 corrigor
1272 5391 1318 5435 et
1342 5383 1629 5434 conciunor
1650 5424 1666 5448 ,
1708 5392 1864 5451 atque
1897 5383 2071 5435 divina

495 5476 722 5544 quadam
747 5477 1112 5529 immutatione
1138 5476 1277 5529 alius
1306 5490 1369 5530 es;
1392 5474 1495 5527 alio
1528 5474 1739 5544 efﬁcior.
1774 5472 1905 5527 Vide
1935 5471 2075 5527 Plio-

495 5568 626 5618 tium
661 5565 779 5619 cod.
823 5565 917 5619 Nl
956 5574 1009 5619 et
1042 5566 1164 5619 191.

564 5703 645 5775 (ts)
678 5701 813 5775 Νη.
849 5719 933 5758 or.
958 5704 1047 5758 ‘20.

567 5774 643 5848 (ὁ)
677 5774 831 5848 l’_sal._
844 5790 955 5848 stt.
989 5776 1042 5831 8.

566 5844 639 5917 (ε)
681 5844 877 5898 llomil.
910 5846 962 5898 8.

1854 396 2384 453 PROLECOMENA.

2244 514 2306 569 II.
2342 513 2420 568 Es
2445 514 2511 569 iis
2532 527 2650 582 quae
2673 526 2893 567 sanctus
2907 508 3139 566 Basilius
3172 509 3224 562 in
3242 504 3574 579 explicandis
3598 502 3752 560 Scri-

2172 606 2348 673 pturis
2381 604 2712 667 elaboravit,
2747 601 2950 656 nullum
2981 613 3116 671 opus
3159 601 3421 667 majorem
3454 594 3618 653 habet
3648 595 3752 646 adu

2174 696 2534 763 mirationem,
2569 710 2731 763 quam
2763 707 2950 748 novem
2986 694 3043 745 in
3087 692 3454 745 Hexaemeron
3488 686 3747 745 humilius.

2172 786 2365 853 Quanti
2406 790 2505 842 hoc
2539 801 2672 853 opus
2717 786 2920 841 laceret
2948 783 3345 844 Nazianzenus,
3383 797 3448 835 ex
3495 784 3582 837 his
3627 791 3753 851 qua

2178 878 2334 932 modo
2373 880 2651 933 attulimus
2682 878 2912 946 perspici
2940 884 3135 946 potest.
3168 874 3283 929 Non
3316 874 3528 941 parcior
3564 876 3616 928 in
3650 888 3750 928 co-

2173 971 2292 1024 dem
2323 986 2487 1039 opere
2537 970 2807 1025 laudando
2836 967 3132 1038 Nyssenus,
3163 967 3245 1020 vel
3273 966 3451 1034 potius
3483 979 3590 1018 non
3629 966 3755 1021 sine

2172 1065 2591 1133 esaggeratione
2621 1065 2751 1119 illud
2787 1063 2989 1117 laudat.
3027 1062 3198 1129 Hujus
3235 1057 3607 1115 testimonium
3658 1059 3754 1111 ba-

2170 1156 2267 1211 bes
2296 1157 2348 1210 in
2385 1154 2590 1210 Mouito
2622 1159 2705 1211 his
2733 1155 2970 1211 homiliis
2999 1154 3239 1222 praefixo.

2244 1248 2349 1304 Sed
2380 1248 2510 1303 nihil
2546 1250 2610 1303 ad
2664 1250 2824 1319 hujus
2860 1246 3041 1316 operis
3076 1244 3600 1300 commendationem
3628 1239 3755 1295 illu-

2172 1343 2339 1397 etrius
2377 1341 2553 1397 afferri
2595 1353 2791 1411 potest,
2817 1357 2979 1411 quam
3006 1337 3268 1410 judicium
3305 1338 3481 1392 sancti
3517 1334 3753 1391 Ambro-

2172 1434 2235 1487 sii
2265 1435 2377 1503 qui,
2410 1434 2656 1502 quamvis
2689 1431 2916 1494 Basilio,
2950 1441 3007 1485 ut
3035 1431 3113 1485 ait
3156 1426 3552 1489 Tillemoutius,
3604 1422 3751 1478 nulla

2174 1522 2226 1576 in
2263 1538 2322 1577 re
2344 1528 2579 1585 cederet,
2611 1520 2731 1589 ejus
2764 1530 2942 1574 tamen
2997 1517 3227 1586 vestigia
3256 1527 3503 1583 premere
3532 1511 3752 1565 indeco-

2172 1631 2289 1668 rum
2329 1616 2429 1669 sibi
2464 1628 2583 1667 esse
2612 1628 2718 1665 non
2750 1611 2925 1672 duxit,
2958 1616 3121 1676 atque
3142 1622 3209 1660 ex
3249 1605 3331 1659 his
3358 1616 3547 1657 novem
3571 1600 3753 1655 homi-

2170 1707 2259 1761 liis
2290 1708 2518 1777 plurima
2549 1706 2603 1758 in
2641 1719 2777 1773 opus
2825 1700 3003 1757 simile
3054 1697 3349 1761 transtulit,
3384 1709 3447 1748 ac
3487 1707 3583 1763 pro
3636 1693 3755 1746 suis

2174 1816 2304 1855 usus
2329 1810 2428 1854 est.
2450 1799 2816 1852 Pronuntiatae
2846 1788 3511 1861 l'ueruntQuadragesima:
3543 1795 3754 1853 tempo-

2107 1878 2151 1933 Β
2182 1907 2241 1945 re
2269 1890 2340 1963 (c)
2372 1906 2387 1942 :
2418 1905 2481 1943 ac
2521 1890 2653 1942 duas
2694 1887 2908 1956 quidem
2956 1887 3168 1956 priores
3210 1884 3397 1940 eodem
3439 1881 3527 1935 die
3561 1876 3755 1936 habuit

2173 1982 2421 2043 Basilius,
2444 1980 2534 2050 qui
2562 1980 2714 2033 initio
2747 1979 2999 2034 secundae
3024 1983 3416 2032 commemorat
3442 1972 3751 2027 orationem

2174 2076 2450 2132 matutinis
2483 2076 2630 2130 horis
2660 2075 3086 2144 pronuntiatam.
3130 2070 3288 2125 Initio
3306 2067 3507 2128 .tertias
3545 2064 3754 2136 pariter

2174 2183 2561 2231 commemorat
2594 2174 2904 2227 hesternam
2938 2166 3391 2235 disputationem;
3421 2163 3515 2218 sed
3567 2170 3751 2214 tamen

2174 2282 2397 2323 necesse
2425 2276 2509 2323 est
2543 2282 2653 2321 uno
2689 2265 2872 2330 aliquo
2900 2260 2988 2315 die
3011 2256 3178 2313 semel
3205 2265 3416 2309 tantum
3455 2251 3751 2307 conciona-

2177 2371 2261 2416 tus
2286 2361 2376 2424 sit,
2410 2362 2523 2416 sive
2558 2360 2735 2427 aliqua
2774 2353 3115 2424 tegritudine,
3143 2350 3256 2405 sive
3303 2341 3753 2414 occupationibus

2174 2452 2442 2507 detentus.
2470 2450 2603 2503 Nam
2634 2448 2735 2502 sub
2786 2445 2949 2499 tinem
2975 2452 3179 2498 octava:
3216 2435 3452 2493 homiliae
3482 2431 3755 2502 promittit

2176 2544 2532 2611 vespertinam
2570 2540 2647 2611 (p.
2679 2538 2791 2608 80),
2817 2553 2977 2608 quam
3000 2535 3188 2589 eodem
3219 2531 3325 2594 die,
3368 2538 3610 2597 tempore
3657 2522 3757 2578 ad-

2175 2643 2608 2702 vesperascc'nte,
2648 2631 2883 2689 absolvit
2910 2631 2986 2701 (p.
3015 2628 3127 2699 88).

2243 2727 2500 2782 Basilium
2527 2743 2593 2783 ex
2623 2737 2868 2796 tempore
2914 2720 3223 2778 concionari
3268 2717 3483 2773 solitum
3514 2727 3636 2769 esse
3665 2724 3756 2767 rev

2175 2818 2279 2875 fert
2309 2820 2566 2888 ltulinus;
2600 2821 2758 2888 idque
2789 2818 2854 2871 de
2886 2814 2971 2867 bis
3017 2811 3314 2881 praesertim
3348 2820 3539 2860 novem
3574 2800 3757 2858 homi-

2175 2910 2263 2967 liis
2291 2912 2544 2981 Opinatur
2573 2905 2974 2969 Tillcmontius,
3014 2900 3322 2969 conjectura
3352 2900 3511 2953 ducta
3552 2911 3619 2952 ex
3652 2896 3755 2949 hov

2174 3006 2322 3060 milia
2354 3015 2540 3057 octava
2590 3000 2667 3070 (p.
2717 2998 2829 3070 7t),
2874 2998 2966 3053 ubi
3015 2996 3244 3051 Basilius
3303 3005 3606 3049 sermonem
3648 2986 3755 3041 ali-

2174 3097 2408 3166 quandiu
2450 3095 2813 3163 interrumpit,
2867 3108 2930 3147 ac
2978 3090 3235 3146 nonnulla
3276 3083 3639 3155 przetermissa
3692 3078 3754 3131 in

2176 3188 2488 3244 memoriam
2526 3202 2779 3242 revocare
2815 3186 3064 3245 instituit,
3100 3181 3402 3235 acutiorum
3432 3174 3753 3229 auditorum

2180 3282 2382 3337 mutuis
2417 3282 2558 3335 inter
2599 3296 2658 3335 se
2682 3278 2899 3334 nutibus
2921 3272 3246 3330 admonitus.
3270 3269 3376 3325 Sed
3406 3282 3529 3323 cum
3572 3265 3757 3321 multa:

2175 3374 2355 3431 Basilii
2388 3376 2686 3438 orationes,
2735 3372 2884 3427 velut
2915 3368 2969 3423 in
3011 3365 3189 3436 gulam
3235 3371 3292 3418 et
3322 3361 3665 3423 ebrietatem,
3694 3357 3751 3411 in

2173 3467 2548 3531 fteueratores,
2572 3476 2629 3519 et
2656 3464 2774 3516 aliae
2801 3459 3090 3531 ejusmodi,
3115 3458 3189 3513 ita
3218 3455 3467 3512 omnibus
3494 3451 3757 3520 eloquen-

2176 3563 2263 3616 tia:
2297 3559 2536 3613 numeris
2567 3555 2825 3610 absolutae
2851 3564 2999 3619 sunt,
3033 3565 3092 3607 ut
3115 3560 3339 3623 paratus
3363 3562 3424 3603 ac
3464 3545 3757 3601 meditatus

2173 3652 2385 3705 venisse
2430 3648 2711 3713 videatur;
2751 3656 2861 3701 tum
2918 3646 3080 3699 etiam
3129 3643 3268 3697 idem
3314 3641 3380 3693 de
3431 3638 3513 3690 his
3560 3647 3754 3689 novem

2174 3740 2409 3797 hondliis
2434 3739 2741 3803 dicendum,
2772 3753 2891 3807 qua:
2919 3736 3080 3789 rebus
3112 3742 3166 3788 et
3195 3739 3354 3785 acute
3396 3728 3651 3799 cogitatis
3696 3737 3756 3783 et

2170 3831 2381 3887 erudite
2415 3830 2660 3885 collectis
2687 3840 2741 3883 et
2777 3824 3130 3893 comportatis
3171 3819 3396 3875 differta:
3428 3828 3577 3876 sunt.

2244 3923 2353 3981 llas
2398 3938 2590 3979 novem
2646 3919 2898 3976 bomilias
2944 3927 3074 3971 ante
3111 3916 3482 3986 episcopatum
3538 3912 3756 3967 habitas

2172 4017 2339 4073 fuisse
2368 4017 2616 4088 conjicio.
2643 4010 2947 4066 Verisimile
2978 4009 3122 4063 enim
3151 4016 3236 4061 est
3277 4005 3604 4076 posteriores
3632 4018 3756 4059 esse

2173 4109 2422 4165 homilias
2463 4109 2513 4160 in
2545 4104 2825 4169 Psalmos;
2862 4116 2998 4172 quas
3035 4099 3290 4163 Basilius,
3322 4108 3379 4151 ut
3406 4097 3566 4152 modo
3601 4096 3756 4149 vide-

2174 4203 2368 4265 bimus,
2393 4199 2675 4271 presbyter
2724 4198 2932 4252 habuit.
2970 4196 3080 4249 Etsi
3134 4194 3280 4247 enim
3323 4200 3530 4247 certum
3575 4200 3631 4245 et
3660 4204 3757 4243 ex-

2174 4294 2441 4365 ploratum
2481 4306 2588 4345 non
2624 4298 2711 4345 est
2746 4290 2887 4357 quod
2937 4296 3165 4341 testatur
3196 4286 3464 4341 Cassiodo
3500 4298 3561 4335 us
3604 4281 3758 4336 Basi-

2174 4382 2305 4436 lium
2353 4380 2777 4435 commentarios
2828 4379 2883 4432 in
2936 4388 3103 4431 totam
3171 4375 3505 4444 Scripturam
3555 4385 3758 4429 ‘conte-

2173 4475 2387 4539 xuisse;
2410 4474 2537 4543 quis
2566 4482 2743 4527 tamen
2771 4470 3029 4541 plurimos
3049 4468 3215 4522 libros
3241 4467 3630 4536 interpretatus
3648 4472 3755 4527 est,

2102 4585 2146 4641 ι)
2177 4564 2452 4629 probabile
2483 4575 2567 4619 est
2615 4578 2741 4617 eum
2791 4562 2981 4617 ordine
3028 4560 3212 4629 aliquo
3242 4557 3595 4629 processisse,
3636 4563 3689 4609 et
3723 4567 3757 4608 α

2177 4657 2446 4727 prioribus
2482 4656 2633 4710 libris
2660 4654 2871 4709 initium
2913 4652 3157 4706 duxisse.

2249 4742 2518 4799 Praeterea
2550 4744 2601 4798 in
2632 4745 2716 4798 bis
2775 4743 3017 4797 homiliis
3060 4742 3205 4796 nulla
3235 4737 3760 4795 Pneumatomacbo-

2180 4852 2295 4892 rum
2327 4836 2548 4889 haeresis
2585 4834 2821 4896 mentio,
2856 4848 2975 4901 quae
3022 4832 3176 4886 initio
3207 4832 3544 4899 episcopatus
3572 4827 3761 4882 Basilii

2181 4927 2263 4981 vel
2293 4927 2449 4995 paulo
2491 4934 2618 4979 ante
2658 4925 2892 4993 grassari
2924 4924 3111 4991 cmpit.
3162 4920 3313 4987 Quod
3350 4919 3396 4972 si
3430 4932 3621 4972 novem
3655 4917 3763 4974 illze

2179 5018 2454 5085 orationes
2483 5027 2609 5071 ante
2662 5016 3031 5085 episcopatum
3079 5011 3473 5084 pronuntiatus,
3516 5023 3620 5064 non
3645 5008 3761 5076 jam

2181 5122 2367 5163 saneto
2390 5082 2646 5175 .iﬂpiirmm
2676 5118 2897 5175 accepta
2947 5106 3132 5159 referri
3166 5112 3344 5172 potest
3378 5099 3765 5171 interpretatio

2176 5200 2367 5253 borum
2416 5200 2736 5260 verborum,
2773 5196 2838 5250 Et
2888 5198 3115 5263 Spiritus
3146 5193 3238 5247 Dei
3290 5192 3555 5261 ferebatur
3604 5206 3765 5257 super

2178 5305 2341 5358 aquas
2366 5287 2476 5360 (tt),
2510 5302 2669 5356 quam
2704 5286 3017 5358 Basilius(e)
3042 5305 3069 5339 a
3096 5288 3211 5340 viro
3234 5285 3371 5355 Syro
3388 5282 3664 5352 accepisse
3699 5295 3763 5334 se

2191 5390 2443 5435 testatur.
2495 5381 2779 5436 Libentius
2840 5397 2959 5434 cum
3027 5377 3377 5433 Tillemontio
3428 5375 3761 5445 eonjicerem

2186 5472 2245 5527 S.
2306 5473 2598 5526 Eusebium
2668 5473 3103 5525 Samosatensem
3155 5470 3241 5525 hic
3295 5466 3592 5537 designari,
3630 5463 3763 5518 sici

2188 5573 2513 5633 congrueret
2561 5564 2702 5634 quod
2757 5563 2825 5617 de
2869 5564 2957 5619 illo
2988 5564 3127 5634 Syro
3160 5562 3238 5617 ait
3277 5560 3545 5623 Basilius,
3575 5570 3700 5612 eum
3732 5570 3763 5609 a

2247 5702 2324 5773 (d)
2358 5702 2491 5758 Gen.
2520 5720 2569 5771 ι,
2605 5703 2660 5757 2.

2263 5777 2333 5845 (ε)
2374 5775 2565 5831 llontil.
2594 5776 2649 5844 2,
2680 5790 2735 5848 p.
2769 5774 2857 5829 18.
