4038 6450
1568 385 1727 440 νιτΑ
1769 384 1823 439 S.
1866 381 2131 438 BASILII.

3311 392 3479 434 CIJXIII

228 517 416 574 mundi
460 513 723 585 sapientia
755 521 961 568 tantum
990 508 1283 571 distitisse,
1314 512 1574 575 quantum
1612 505 1675 558 ad
1718 518 1797 557 re-
1826 510 1872 566 Α
1900 506 1967 559 ad
2002 501 2200 573 ingenii
2235 497 2680 555 exercitationem
2716 495 2968 565 eligeret;
2998 508 3120 549 eum
3174 496 3475 564 prmscrtim

229 626 347 662 rum
384 624 629 663 verarum
669 604 952 660 scientiam
989 600 1475 669 appropinquabat.
1500 596 1631 650 Nam
1682 610 1807 649 san-

227 712 374 752 ctum
421 696 707 751 Eusebium
756 708 1025 748 sacrarum
1073 690 1289 760 quidem
1324 688 1628 741 litterarum
1662 685 1807 753 peri-

230 791 501 844 tissimum
564 788 729 842 fuisse
759 788 994 849 scimus;
1043 792 1097 837 at
1147 784 1199 835 itt
1236 779 1478 835 externis
1510 777 1808 845 disciplinis

230 882 430 948 hospes
456 880 618 933 fuisse
644 894 748 931 non
779 877 1111 944 perhibetur.
1140 871 1282 925 Nihil
1310 886 1439 938 ergo
1470 877 1634 934 vetat,
1665 881 1800 936 quo-

231 974 415 1025 minus
446 972 685 1039 ignotum
730 967 881 1021 nobis
916 981 1039 1019 85st:
1070 964 1268 1034 Syrum
1295 964 1438 1015 illuni
1474 960 1729 1014 fateatur.

304 1065 395 1118 lli.
427 1062 759 1117 Promiscrat
796 1058 1023 1112 Basilius
1054 1056 1129 1123 (α)
1165 1071 1223 1109 se
1255 1054 1661 1124 explanaturunt
1709 1052 1808 1105 bo-

232 1159 401 1213 minis
453 1153 852 1225 generationem
904 1168 919 1203 :
964 1150 1057 1201 sed
1111 1157 1285 1199 tamen
1352 1143 1636 1213 promissis
1702 1156 1807 1194 non

230 1250 451 1304 videtur
495 1246 727 1299 stetisse.
772 1241 904 1294 Nam
952 1254 1142 1294 novem
1184 1246 1387 1290 tantum
1438 1235 1715 1289 orationes
1758 1234 1808 1287 itt

233 1343 607 1397 Hexaemeron
683 1344 1039 1389 numerantur
1116 1332 1183 1385 ab
1245 1330 1575 1399 Hieronymo
1627 1328 1700 1399 (ιτ)
1758 1337 1811 1380 et

233 1437 559 1492 Cassiodoro
580 1428 925 1498 (c).Testatur
942 1428 1192 1480 Socrates
1213 1424 1288 1493 (ά)
1309 1437 1444 1488 opus
1468 1420 1671 1484 Basilii,
1690 1436 1810 1474 cmn

236 1526 613 1593 imperfectum
636 1528 800 1581 eSset,
843 1535 871 1573 a
902 1517 1163 1585 Gregorio
1194 1517 1360 1583 ipsius
1398 1515 1567 1567 fratre
1594 1512 1813 1567 absolu-

238 1630 353 1668 tmn
413 1613 597 1665 fuisse.
631 1612 805 1679 Atque
851 1609 964 1677 ipse
1003 1608 1164 1659 etiam
1217 1605 1512 1673 Gregorius
1557 1604 1626 1671 (e)
1678 1602 1816 1655 hanc

236 1703 340 1757 sibi
377 1701 441 1753 de
474 1698 708 1754 hominis
746 1697 957 1765 opitieio
989 1696 1261 1751 scribendi
1290 1710 1509 1748 causam
1556 1707 1674 1747 esse
1721 1692 1815 1744 de-

237 1794 437 1855 clarat,
473 1792 613 1861 quod
665 1798 913 1846 vereatur
960 1805 1026 1843 tte
1062 1787 1293 1843 Basilius
1338 1786 1811 1855 reprehensionem

239 1901 347 1939 non
383 1884 623 1955 elfugiat,
660 1884 703 1938 si
738 1884 879 1938 illius
912 1883 963 1936 in
990 1897 1125 1951 opus
1159 1896 1254 1934 sex
1288 1881 1496 1933 diermn
1537 1878 1819 1931 elucubra-
1849 1861 1892 1919 Β

237 1976 374 2030 tioni
411 1976 552 2029 desit
583 1988 929 2043 eorum,quze
978 1972 1043 2026 ad
1078 1971 1353 2025 hominem
1396 1977 1670 2037 spectant,
1693 1982 1819 2021 con-

236 2066 521 2122 sideratio.

315 2159 541 2214 Exstant
575 2156 641 2225 (ί)
682 2165 857 2207 tamen
901 2153 1042 2207 inter
1080 2167 1243 2223 opera
1284 2152 1463 2207 Basilii
1500 2153 1616 2207 duae
1646 2153 1821 2209 homi-

241 2247 328 2302 lia:
361 2248 427 2301 de
461 2246 691 2299 hominis
724 2254 1015 2309 structura,
1040 2244 1237 2313 quibus
1266 2248 1423 2299 tertia
1462 2246 1527 2299 de
1572 2246 1825 2315 paradiso

240 2338 570 2407 adjungitur.
620 2335 757 2391 Sunt
793 2337 875 2391 ha:
899 2337 1173 2391 orationes
1213 2336 1277 2390 ad
1314 2335 1500 2390 Basilii
1555 2338 1824 2405 promissa

241 2429 570 2501 perﬁcienda
617 2430 748 2484 satis
785 2431 1061 2499 appositae,
1113 2445 1175 2483 ac
1202 2429 1275 2483 ita
1310 2429 1451 2482 inter
1486 2442 1545 2482 se
1569 2443 1738 2491 nexre,
1768 2438 1827 2481 ut

242 2539 365 2593 qua:
416 2523 467 2575 in
506 2538 612 2576 una
649 2532 968 2587 tractantur,
1018 2522 1070 2575 in
1114 2520 1358 2589 sequenti
1419 2520 1823 2576 cantinueutur.

245 2615 447 2669 Basilio
483 2616 791 2669 tribuuntur
820 2629 848 2666 a
888 2613 1212 2668 Combelisio
1239 2621 1292 2667 et
1326 2612 1535 2681 anino
1570 2629 1583 2678 ;
1614 2614 1708 2667 sed
1735 2628 1827 2668 eas

245 2707 628 2762 Tillemontius
672 2708 738 2761 ab
782 2706 962 2775 aliquo
996 2708 1227 2775 scriptas
1284 2706 1581 2771 existimat,
1619 2707 1828 2761 exerci-

248 2797 472 2851 tationis
506 2810 693 2862 causa,
726 2809 825 2847 nor
884 2808 977 2863 per
1022 2794 1223 2857 dolum,
1278 2806 1372 2848 aut
1421 2795 1618 2849 malum
1666 2796 1825 2849 alieni

249 2891 390 2943 fetos
427 2886 625 2940 Basilio
666 2884 998 2955 supponendi
1042 2884 1348 2938 consilium.

322 2979 551 3033 Difﬁcile
582 2987 670 3034 est
697 2977 937 3048 profecto
965 2977 1065 3032 has
1100 2978 1352 3033 homilias
1405 2986 1591 3032 sancto
1628 2976 1829 3033 Basilio

247 3072 571 3135 attribuere,
610 3087 729 3124 cmn
777 3072 1001 3125 accedat
1028 3069 1094 3122 ad
1130 3070 1432 3125 certissima
1478 3078 1717 3125 veterum
1752 3081 1830 3124 te-

249 3166 514 3221 stimonia
548 3164 675 3235 styli
703 3164 1103 3218 dissimilitudo.
1139 3163 1244 3217 Sed
1276 3164 1653 3233 inquirendum
1678 3164 1831 3217 nobis

247 3266 359 3322 est,
398 3272 466 3309 an
499 3258 695 3310 merito
733 3256 1008 3311 existimet
1039 3254 1413 3310 Tillemontius
1443 3256 1674 3324 aliquem
1710 3272 1831 3311 sese

254 3352 309 3405 in
334 3351 419 3404 his
440 3348 674 3403 bomiliis
696 3348 797 3402 sub
818 3348 998 3403 Basilii
1021 3350 1234 3403 nomine
1262 3348 1644 3401 elucubrandis
1671 3362 1829 3401 exer-

252 3443 661 3500 citasse.Favet
684 3442 808 3497 huic
830 3441 1109 3496 sententiae
1136 3451 1324 3493 attetor
1356 3454 1546 3509 prima:
1577 3440 1829 3501 homilize,

253 3545 382 3593 dum
420 3538 660 3593 declarat
706 3537 851 3603 (pag.
886 3532 1015 3603 524)
1070 3548 1128 3587 se
1178 3542 1331 3588 vetus
1389 3534 1652 3601 debitum,
1680 3534 1835 3604 cujus

253 3629 583 3682 solutionem
618 3640 758 3694 mgra
782 3625 1031 3677 valetudo
1077 3622 1452 3691 impediverat,
1486 3625 1702 3679 tandem
1734 3626 1832 3678 ali-

254 3720 475 3789 quando
514 3718 842 3788 persolvere.
888 3717 1138 3785 Iniquum
1176 3717 1314 3771 enim
1340 3716 1521 3783 fuerit,
1547 3718 1748 3787 inquit,
1783 3726 1835 3769 ut

254 3830 377 3868 cum
420 3814 629 3877 bestits,
667 3812 829 3883 deque
877 3810 1189 3864 natatilibus
1232 3820 1275 3864 et
1301 3810 1553 3878 jumentis
1593 3827 1655 3861 ac
1694 3810 1835 3862 volu-

256 3908 456 3973 cribus,
502 3906 566 3959 de
604 3906 730 3959 casto
764 3906 883 3958 item
922 3913 971 3957 et
1014 3904 1093 3957 Itis
1136 3920 1253 3972 qua:
1301 3906 1355 3956 in
1394 3902 1551 3965 caelo;
1593 3904 1658 3955 de
1698 3912 1837 3954 terra

257 4007 309 4052 et
329 3998 595 4065 stirpibus,
628 4013 745 4067 qua
770 3998 823 4049 in
846 4007 984 4050 terra
1006 4008 1122 4048 sunt
1146 4037 1159 4060 ,
1180 3996 1538 4060 didicerimus,
1558 4009 1659 4047 non
1681 3994 1837 4047 etinm

258 4092 324 4143 de
353 4100 533 4141 nostra
559 4090 889 4159 generatione
923 4104 987 4141 ex
1020 4087 1311 4156 Scriptura
1347 4090 1536 4141 divime
1572 4087 1686 4141 luce
1716 4090 1841 4140 edo-

258 4194 495 4234 ceamur.
540 4178 761 4234 Miriﬁce
791 4182 905 4235 haec
943 4177 1141 4230 Basilio
1180 4188 1501 4247 congruunt.
1532 4178 1839 4243 Quinetiam

260 4288 386 4327 cum
436 4270 514 4325 ait
553 4285 611 4323 se
654 4281 810 4326 antea
865 4272 1167 4327 ostendisse
1209 4270 1331 4337 quis
1380 4271 1609 4334 dixerit,
1641 4267 1841 4322 Faciu-

264 4380 381 4417 mus
413 4366 527 4435 (ς),
552 4371 605 4417 et
650 4362 714 4415 ad
741 4378 899 4432 quem
942 4364 1173 4424 dixerit,
1210 4376 1313 4414 non
1364 4362 1592 4415 obscure
1645 4362 1843 4414 indicat

262 4460 568 4508 orationem
606 4468 799 4508 nonam
838 4453 889 4505 in
938 4454 1345 4519 Hexaemeron,
1376 4454 1427 4505 iu
1469 4469 1571 4520 qua
1617 4456 1731 4508 lucc
1776 4452 1841 4507 ad

1908 596 2089 648 statim
2125 603 2244 661 post
2297 600 2522 644 mortem
2555 589 2727 643 sancti
2766 586 2948 639 Basilii
2981 601 3117 655 opus
3145 585 3311 647 illius,
3341 595 3480 638 teste

1908 685 2114 749 Niceta,
2161 682 2329 737 frater
2375 680 2685 735 absolverit.
2724 677 2860 733 Hine
2895 679 3056 732 etiam
3095 687 3205 731 tres
3242 678 3482 731 humilia:

1910 779 2252 849 reperiuntur
2274 775 2489 845 quidem
2523 772 2623 826 sub
2652 773 2871 826 nomine
2912 772 2969 825 S.
2998 771 3178 825 Basilii
3208 772 3259 823 in
3290 786 3486 824 recen-

1912 871 2136 925 tioribus
2167 867 2443 922 codicibus
2496 881 2660 927 mss.,
2702 874 2757 917 at.
2804 880 3070 933 nusquam
3114 873 3373 932 apparent
3428 861 3483 915 in

1911 961 2325 1031 antiquioribus.
2369 958 2484 1012 Non
2550 958 2694 1011 enim
2746 956 2984 1010 eruditos
3042 956 3290 1010 librarios
3334 954 3483 1008 fraus

1912 1054 2192 1110 manifesta
2246 1052 2511 1109 latuiSset.
2551 1053 2621 1105 At
2658 1050 3073 1111 recentioribus,
3120 1064 3243 1102 cum
3288 1048 3487 1100 doetis-

1912 1148 2033 1202 simi
2063 1163 2167 1200 non
2198 1158 2400 1208 essent,
2426 1155 2605 1215 atque,
2626 1153 2684 1196 ut
2711 1141 3002 1196 verisimile
3039 1149 3142 1201 est,
3178 1140 3492 1206 ignorarent

1913 1240 2095 1294 Basilii
2122 1254 2257 1307 opus
2280 1254 2308 1291 a
2338 1237 2507 1291 fratre
2537 1235 2778 1305 Nysscno
2811 1232 3107 1286 absolutum
3141 1230 3329 1291 fuisse,
3364 1244 3490 1296 pro-

1913 1332 2049 1385 clive
2081 1332 2181 1384 fuit
2211 1330 2481 1392 homilias,
2508 1342 2623 1395 qua:
2653 1326 2718 1380 ad
2763 1324 2889 1378 illml
2925 1339 3059 1390 npus
3103 1321 3489 1376 absolvendum

1914 1434 2050 1494 aptae
2078 1422 2417 1485 videbantur,
2459 1419 2639 1473 Basilii
2672 1416 2871 1470 nomini
2904 1415 3173 1480 allingere.

1984 1520 2043 1572 2°
2068 1518 2202 1572 Tres
2237 1516 2469 1569 humilia:
2504 1529 2606 1567 non
2642 1530 2735 1567 sua
2767 1522 2957 1579 sponte
2991 1509 3149 1561 simul
3190 1507 3493 1576 conjuncta

1916 1618 2061 1670 sunt,
2092 1609 2183 1662 sed
2216 1608 2327 1661 btne
2362 1624 2389 1660 a
2432 1606 2667 1659 librariis
2714 1604 2957 1658 instituta
2996 1598 3324 1664 coniunctio.
3362 1595 3493 1649 Nam

1915 1699 2163 1753 secundm
2192 1697 2421 1752 orationi
2454 1698 2656 1752 nullum
2692 1699 2831 1751 inest
2864 1694 3146 1750 consilium
3183 1689 3495 1744 absolvendi

1918 1791 1969 1844 id
2017 1791 2245 1860 quodin
2299 1791 2471 1858 prima
2519 1791 2707 1843 disseri
2756 1798 2993 1858 coeptum
3043 1783 3245 1839 fuerat.
3292 1779 3490 1834 Habita

1920 1884 2065 1938 enim
2089 1890 2170 1936 est
2207 1885 2320 1937 tunc
2348 1882 2581 1937 secunda
2608 1881 2825 1935 bomilia
2862 1882 2929 1933 ad
2973 1878 3315 1932 occasionem
3345 1872 3496 1927 Scri-

1922 1986 2112 2046 ptura:,
2140 1990 2257 2044 qua:
2285 1975 2373 2028 illo
2406 1976 2493 2029 die
2538 1976 2673 2029 lecta
2722 1971 2898 2027 fuerat
2930 1988 2944 2025 :
2974 1984 3205 2038 eamque
3245 1971 3323 2022 sic
3371 1982 3499 2020 eon-

1924 2068 2092 2123 cludit
2132 2068 2179 2121 is
2211 2085 2238 2120 a
2287 2082 2393 2137 quo
2430 2068 2773 2135 pronuntiata
2803 2074 2907 2131 est,
2940 2072 2997 2117 ut
3029 2076 3089 2116 se
3134 2062 3200 2115 ad
3238 2074 3496 2113 necessa-

1924 2160 2064 2214 rium
2096 2161 2200 2213 iter
2228 2168 2605 2228 properantem
2642 2158 2946 2211 auditorum
2998 2154 3253 2225 precibus
3305 2152 3496 2205 deduci

1926 2252 2182 2321 postulet.
2216 2250 2394 2317 Tertia
2448 2253 2564 2306 sine
2614 2250 2719 2303 ullo
2746 2262 2969 2318 prorsus
3007 2247 3231 2301 exordio
3257 2244 3445 2314 incipit
3472 2257 3500 2295 a

1927 2343 2192 2397 versiculo
2221 2342 2536 2412 Scriptura),
2569 2341 2818 2409 quamvis
2854 2335 3097 2407 prrefatio
3127 2338 3375 2405 quaedam
3405 2334 3502 2387 ad-

1928 2435 2100 2489 hiberi
2126 2434 2423 2499 debuisset,
2444 2435 2486 2487 si
2520 2436 2564 2488 is
2589 2435 2678 2503 qui
2704 2431 2993 2486 secundam
3029 2428 3502 2498 pronuntiaverat,

1929 2527 2142 2581 tertiam
2171 2540 2235 2579 ex
2290 2524 2483 2578 itinere
2538 2524 2703 2577 redux
2755 2520 3176 2590 pronuntiasset.
3233 2517 3368 2572 Tota
3418 2532 3505 2570 res

1928 2635 2058 2690 ergo
2084 2622 2133 2673 itt
2160 2620 2434 2673 librarium
2465 2617 2699 2688 aliquem
2739 2616 3049 2685 rejicienda,
3089 2612 3333 2681 quicum
3373 2624 3507 2678 Opus

1930 2712 2100 2766 sancti
2153 2711 2335 2763 Basilii
2390 2710 2692 2765 absolutum
2748 2717 2868 2778 post
2904 2707 3045 2760 illius
3076 2714 3303 2758 mortem
3343 2702 3510 2755 fuisse

1930 2802 2186 2867 nesciret,
2211 2803 2369 2855 simul
2424 2801 2707 2870 conjunxit
2752 2811 2858 2853 tres
2913 2797 3031 2851 illas
3076 2794 3355 2859 homilias,
3389 2806 3509 2862 quae

1930 2896 2134 2950 idoneae
2170 2893 2236 2948 ad
2261 2894 2388 2948 illud
2435 2893 2814 2949 absolvendum
2848 2892 3191 2945 videbantur.

2000 2986 2057 3040 5ο
2092 2986 2285 3041 Addita
2312 3000 2434 3040 esse
2467 2996 2520 3038 et
2567 2992 2771 3047 assuta,
2796 2997 2916 3052 qua:
2946 2980 2999 3033 in
3040 2981 3210 3047 prima
3263 2978 3511 3031 oratione

1932 3080 2221 3135 causilium
2262 3080 2506 3132 indicant.
2553 3078 2869 3131 absolvendi
2912 3075 3095 3146 operis
3136 3072 3347 3137 Basilii,
3389 3072 3513 3123 inde

1936 3172 2281 3241 perspicitur,
2300 3171 2443 3240 quod
2470 3185 2590 3225 cum
2618 3184 2711 3223 sua
2735 3179 2923 3238 sponte
2959 3170 3074 3223 ha'c
3103 3166 3280 3219 oratio
3311 3163 3512 3217 nullam

1934 3265 2131 3318 habeat
2164 3278 2284 3314 eum
2316 3264 2523 3316 duabus
2550 3262 2673 3315 aliis
2707 3260 3181 3321 neceSsitttdinetn,
3216 3272 3277 3309 ac
3305 3256 3371 3309 de
3396 3258 3517 3324 plu-

1935 3358 2084 3410 ribus
2106 3370 2137 3409 a
2164 3354 2363 3408 Basilio
2391 3354 2670 3423 promissis
2712 3368 2880 3421 pauca
2919 3360 3299 3420 persequatur,
3334 3350 3516 3402 minus

1936 3448 2126 3502 idonea
2174 3446 2247 3501 sit
2284 3446 2351 3500 ad
2409 3444 2798 3500 absolvendum
2832 3460 2968 3514 opus
3016 3445 3067 3497 in
3118 3442 3509 3496 Hexaemeron.

1936 3540 2115 3606 Quare
2148 3540 2442 3594 verisimile
2470 3551 2557 3593 est
2584 3553 2731 3601 enm,
2757 3539 2846 3607 qui
2888 3552 3012 3591 cum
3054 3537 3155 3589 hac
3186 3534 3358 3604 prima
3384 3532 3515 3586 duas

1937 3632 2070 3687 alias
2114 3632 2431 3702 conjunxit,
2464 3646 2529 3685 ea
2584 3629 2748 3684 etiam
2804 3629 2868 3683 de
2922 3642 3022 3683 suo
3064 3626 3359 3689 addidisse,
3400 3638 3521 3694 qua:

1940 3726 1999 3780 S.
2042 3726 2238 3779 Basilio
2271 3739 2571 3793 congruere
2600 3724 2940 3777 videbantur.

2008 3817 2094 3870 IV.
2131 3817 2263 3870 Cum
2302 3816 2489 3869 decem
2531 3824 2585 3869 et
2628 3825 2832 3874 septem
2887 3814 3120 3866 hemiliae
3168 3812 3219 3865 iit
3278 3809 3520 3865 Psalmos

1940 3909 2070 3964 nihil
2095 3923 2315 3979 prorsus
2340 3906 2701 3977 suppeditant,
2726 3921 2793 3960 ex
2825 3920 2931 3974 quo
2955 3903 3209 3959 Basiliutn
3246 3914 3375 3957 tunc
3401 3902 3518 3970 epi-

1941 4022 2160 4075 scopum
2191 4005 2375 4066 l'uisse,
2412 4013 2506 4056 attt
2536 4000 2649 4069 jam
2682 4002 2946 4071 prodiisse
2978 4000 3225 4056 haeresim
3258 3999 3523 4052 Pneuma-

1944 4093 2317 4146 tomachorum
2374 4090 2801 4159 perspiciamus;
2846 4098 2954 4143 tum
2999 4105 3127 4143 vero
3157 4089 3276 4143 duae
3311 4104 3376 4141 ex
3418 4088 3522 4141 illis

1943 4188 2127 4239 decem
2170 4195 2223 4237 et
2263 4194 2466 4253 septem
2509 4182 2747 4236 bomiliis
2790 4182 3164 4251 presbyterum
3213 4182 3359 4233 illum
3397 4192 3523 4232 tunc

1942 4278 2112 4331 fuisse
2134 4274 2384 4344 probant.
2416 4274 2507 4329 Sic
2536 4275 2677 4327 enim
2704 4272 2938 4340 loquitur
2975 4272 3026 4325 in
3059 4271 3277 4326 homilia
3302 4273 3352 4324 in
3378 4272 3523 4338 psal-

1944 4384 2032 4423 mo
2061 4384 2149 4421 xtv
2182 4368 2256 4438 (p.
2291 4366 2413 4433 HO)
2442 4384 2454 4419 :
2491 4366 2601 4418 Ἑνὶ
2642 4364 2817 4429 τούτῳ
2840 4363 3168 4435 διαφέρομεν
3201 4364 3310 4418 τῶν
3358 4365 3525 4417 πλου-

1942 4463 2175 4515 τούντων
2199 4462 2249 4513 οἱ
2280 4461 2527 4528 πένητες,
2558 4460 2623 4528 τῇ
2664 4458 2986 4529 ἁμεριμνίᾳ.
3028 4457 3146 4512 "ac
3175 4475 3279 4510 una
3313 4473 3366 4509 re
3401 4458 3529 4510 divi-

264 4543 461 4599 Filium
490 4547 633 4600 dicta
662 4558 785 4599 esse
807 4545 1129 4599 ostenditur.
1152 4546 1257 4601 Sed
1292 4556 1469 4601 tamen
1509 4563 1614 4599 non
1648 4547 1840 4601 desunt
1873 4570 1915 4624 υ
1945 4555 2079 4606 ribus
2121 4569 2210 4605 nos
2262 4567 2514 4619 pauperes
2560 4560 2892 4620 prwstamus,
2937 4566 3184 4601 curarunt
3242 4550 3524 4603 vacuitate.

268 4642 529 4704 rationes,
558 4658 653 4696 cur
683 4642 868 4696 malim
904 4641 1018 4696 hazc
1053 4659 1081 4694 a
1123 4644 1363 4698 librariis
1398 4643 1705 4697 recentibus
1755 4654 1843 4694 as-

266 4742 391 4791 suta
431 4736 671 4796 credere.
703 4750 865 4805 quant
894 4746 1003 4789 tres
1056 4734 1177 4788 illas
1208 4737 1457 4791 homilias
1497 4734 1702 4789 homini
1749 4731 1845 4785 tri-

306 4840 440 4881 uere
486 4824 681 4878 otioso.

340 4917 402 4971 1ο
440 4914 776 4986 Perantiquze
801 4929 926 4973 sunt
949 4918 1051 4973 illa:
1093 4917 1345 4983 humilite,
1385 4934 1448 4972 ac
1475 4928 1713 4971 veterum
1747 4915 1849 4968 l’a-

272 5021 416 5064 trum
451 5009 749 5063 disserendi
781 5012 1044 5067 rationem
1102 5014 1325 5065 omnino
1377 5012 1639 5065 referunt.
1680 5011 1847 5063 Porro

271 5105 543 5158 nemiuem
579 5118 647 5155 ex
678 5103 912 5169 antiquis
943 5104 1101 5173 paulo
1139 5105 1446 5175 peritiorem
1484 5105 1647 5157 fuisse
1673 5102 1853 5156 existi-

272 5212 444 5259 mem,
496 5198 585 5268 qui
635 5214 770 5267 opus
822 5198 1005 5253 Basilii
1057 5201 1111 5253 in
1174 5198 1543 5253 llexoemeron
1593 5196 1855 5265 Gregorio

273 5288 518 5359 Nysscno
566 5291 870 5345 absolutum
916 5291 1083 5345 fuisse
1145 5293 1400 5347 nesciret.
1447 5290 1629 5356 Quare
1673 5287 1862 5342 debuit

269 5398 333 5437 ea
372 5398 458 5437 res
477 5384 771 5448 deterrere,
798 5384 1088 5454 quominus
1105 5386 1390 5455 quisquam
1420 5382 1559 5437 hanc
1578 5382 1858 5437 materiam

373 5629 426 5689 η)
467 5627 658 5681 llontil.
699 5629 752 5687 9,
789 5644 839 5694 ῃ.
878 5629 964 5681 88.

373 5631 426 5689 η)
467 5631 658 5681 llontil.
699 5631 752 5687 9,
789 5644 839 5694 ῃ.
878 5631 964 5681 88.

345 5631 424 5817 gbj
471 5696 545 5746 De
566 5699 804 5771 scriptor.
839 5697 1037 5774 lrj‘ccles.

371 5776 399 5811 ε
468 5763 537 5812 De
575 5767 984 5816 mstduhdwm.
1018 5766 1035 5815 ι

358 5699 424 5823 jbj
471 5699 545 5746 De
566 5699 804 5761 scriptor.
839 5699 1037 5748 Eccles.

358 5776 399 5827 ιε
468 5763 543 5831 ρεγ
575 5764 984 5831 ἰηιίοόιιιεάὶυἰη.
1018 5766 1122 5828 ιῑι..
1150 5781 1266 5831 Cap.
1315 5767 1359 5817 1.

345 5826 427 5883 ια)
469 5826 586 5881 Lib.
616 5845 688 5887 tv.
721 5844 771 5883 c.
792 5830 880 5884 2t}.

1947 4644 2227 4713 Nunquam
2290 4657 2417 4698 sane
2472 4656 2672 4712 pauper
2718 4654 2835 4693 esse
2882 4639 3044 4694 desiit
3077 4639 3327 4705 Basilius,
3362 4642 3528 4695 etiam

1947 4736 2087 4789 inter
2139 4736 2344 4806 amplos
2376 4736 2578 4790 reditus
2629 4732 2971 4802 episcopatus
3016 4733 3368 4788 Cassarieusis
3396 4752 3407 4788 :
3436 4734 3529 4787 sed

1918 4819 2127 4881 'tamen
2156 4828 2320 4881 multo
2343 4828 2547 4894 aequius
2563 4834 2618 4881 et
2634 4826 2815 4881 verius
2836 4826 2978 4881 inter
2996 4840 3260 4893 pauperes
3280 4836 3400 4879 sese
3426 4840 3528 4876 nu-

1950 4936 2161 4973 merare
2197 4918 2387 4988 potuit,
2412 4934 2533 4973 cum
2562 4935 2682 4973 eum
2717 4920 2971 4973 omnibus
3001 4919 3162 4973 rebus
3190 4920 3386 4971 nudmn
3415 4934 3533 4985 pro-

1950 5012 2131 5079 pinqtti
2165 5021 2219 5063 et
2242 5011 2392 5065 chari
2430 5019 2820 5072 sustentarent,
2853 5025 3013 5077 quant
3051 5025 3171 5063 cum
3206 5010 3319 5078 ipse
3341 5012 3534 5079 Opibus

1951 5103 2015 5156 ad
2057 5103 2285 5157 aliorum
2316 5104 2549 5172 inopiam
2584 5102 2995 5157 sustentandam
3031 5100 3351 5156 abundaret.

2025 5193 2201 5262 Supra
2244 5196 2319 5263 (It)
2361 5195 2639 5249 attulimus
2692 5194 2841 5248 aliud
2904 5194 3274 5248 testimonium
3330 5210 3394 5249 ex
3440 5198 3509 5249 bo

1958 5287 2103 5339 milia
2135 5288 2186 5340 in
2218 5288 2408 5355 psalm.
2438 5302 2565 5341 cxtv
2634 5285 2767 5339 Cum
2814 5284 3043 5353 populus
3088 5299 3117 5338 a
3169 5286 3341 5339 media
3375 5294 3534 5339 nocte

1961 5395 2131 5449 usque
2179 5381 2244 5432 ad
2291 5380 2569 5433 meridiem
2618 5378 2669 5432 itt
2707 5378 2935 5446 quadam
2980 5386 3274 5449 martyrum
3306 5377 3534 5433 ecclesia

2035 5629 2101 5695 (ί)
2146 5627 2297 5679 Tum.
2335 5628 2373 5689 I,
2408 5646 2458 5697 p.
2486 5632 2540 5683 4.

2032 5699 2096 5759 (Γ)
2137 5697 2289 5747 Tum.
2326 5697 2363 5760 Ι,
2404 5699 2653 5763 appelli,
2688 5712 2739 5765 p.
2775 5697 2897 5751 52L

2034 5768 2108 5826 lg)
2146 5765 2281 5816 Gen.
2316 5784 2351 5822 t,
2378 5766 2468 5818 26.

2033 5837 2108 5887 Ut)
2150 5831 2275 5883 Cat).
2320 5834 2400 5889 10.
2441 5849 2492 5885 ιι.
2531 5834 2581 5885 2.
