4038 6492
528 428 689 473 cutv
1880 412 2421 471 PROLEGOIENA.

530 534 753 600 psalmis
780 533 1036 590 canendis
1056 541 1354 604 occupatus
1381 532 1568 590 luisset
1592 574 1609 601 ,
1644 532 1860 588 advenit
1887 536 2102 589 tandem
2131 538 2178 596 Α
2209 546 2417 601 rentur,
2469 536 2521 591 id
2568 538 2705 608 quod
2745 540 2987 597 secundo
3031 538 3217 597 Basilii
3256 542 3601 613 episcopatus
3639 559 3790 603 anno

529 626 781 692 Basilius,
820 636 984 697 atque
1014 626 1113 681 hac
1142 627 1489 682 excusatione
1516 630 1705 689 utitur,
1730 642 1829 681 cur
1861 627 1948 681 diu
1985 643 2104 679 mo-
2204 628 2450 697 contigit.

528 728 679 773 ratus
709 717 933 774 fuisset:
961 716 1023 769 El
1054 716 1113 771 δὲ
1136 716 1217 769 δεῖ
1244 716 1339 771 καὶ
1387 717 1535 787 ἡμᾶς
1567 715 1706 787 ὑπὲρ
1741 715 1899 786 ἡμῶν
1927 714 2088 768 abst?»

2275 716 2503 773 Videtur
2538 720 2833 791 Gregorius
2876 722 3256 782 Nazianzenus
3306 727 3558 786 homilias
3598 731 3788 788 Basilii

525 808 990 881 ἀτωλογήσασθαι,
1042 809 1141 881 τῆς
1190 808 1474 880 διατριόῆς
1519 808 1704 862 ἕνεκεν
1754 809 1849 861 καὶ
1882 808 1979 879 τῆς
2013 809 2088 861 ἐπ’

2205 809 2259 863 in
2296 810 2539 868 Psahuos
2565 814 2827 877 indicare.
2852 831 2976 872 cum
3004 816 3184 873 laudat
3217 819 3359 875 illius
3381 824 3787 890 euarrationes,

525 901 777 956 πλεῖστον
802 901 1137 971 ἀπολείψεως
1169 900 1346 971 ὑμῶν,
1382 898 1616 971 ἐροῦμεν
1654 896 1751 967 τὴν
1776 900 1981 961 αἰτίαν.
2020 899 2088 952 ὅτι

2204 900 2259 954 in
2312 902 2508 967 quibus
2566 902 2905 973 Scripturam
2952 908 3039 973 iis,
3088 909 3181 977 qui
3231 910 3587 979 simpliciores
3634 924 3785 981 sunt,

522 991 691 1063 ἄλλην
728 993 988 1065 ὁμότιμτδν
1026 992 1199 1064 ταύτῃ
1238 993 1333 1046 τοῦ
1357 992 1494 1046 Θεοῦ
1537 992 1863 1063 Ἐκκλησίαν
1896 995 2108 1045 οἰκονο-

527 1087 752 1158 μοῦντες
781 1088 883 1141 οὐκ
914 1085 1080 1157 ὀλίγῳ
1120 1085 1255 1156 πρὸς
1296 1086 1441 1157 ὑμᾶς
1486 1085 1863 1159 διειργομένην
1890 1085 1967 1156 τῷ
1992 1086 2106 1140 δια-

524 1180 784 1250 στήματι,
810 1177 901 1231 τὸν
931 1179 1119 1249 χρόνον
1146 1176 1335 1232 τοῦτον
1378 1177 1480 1247 τῆς
1528 1178 1738 1250 ἡμέρας
1781 1176 2104 1231 κατανωλώ-

524 1286 717 1341 σαμεν.
756 1269 909 1322 Ἐπεὶ
934 1264 1027 1323 οὖν
1069 1268 1269 1321 ἔδωκεν
1318 1270 1347 1321 ὁ
1393 1267 1590 1340 Κύριος
1642 1269 1915 1333 κάκείνοις
1964 1269 2104 1339 πλη-

524 1364 696 1434 ρῶσαι
765 1361 863 1435 τὴν
916 1361 1292 1433 λειτουργίαν,
1351 1362 1445 1415 καὶ
1502 1362 1576 1433 μὴ
1626 1361 1945 1433 διαμαρτεῖν
2002 1361 2103 1431 τῆς

520 1452 795 1525 ὑμετέρας
832 1452 1074 1521 ἀγάπης,
1116 1450 1341 1505 ἀπόδοτε
1389 1449 1507 1523 μεθ’
1538 1448 1694 1521 ἡμῶν
1736 1450 1835 1520 τὴν
1881 1449 2102 1519 εὐχαρι-

520 1543 675 1599 στίαν
709 1543 787 1615 τῷ
821 1544 1106 1617 εὐεργέτῃ,
1151 1544 1230 1615 τῷ
1277 1545 1376 1613 τὴν
1422 1542 1707 1613 ὁρωμένην
1761 1540 1965 1612 ταύτην
2006 1539 2099 1593 τοῦ

520 1635 773 1708 σώματος
806 1635 963 1708 ἡμῶν
997 1636 1281 1690 ἀσθένειαν
1317 1638 1384 1705 τῇ
1420 1634 1639 1705 ἀοράτῳ
1678 1631 1842 1688 αὑτοῦ
1871 1632 2099 1702 δυνάμει

518 1730 965 1801 χειραγωγοῦντι.
1003 1728 1157 1795 Quod
1195 1730 1240 1783 si
1282 1729 1431 1782 nobis
1472 1727 1811 1780 excusatione
1843 1742 1972 1792 opus
2000 1734 2097 1789 est,

516 1826 656 1895 quod
689 1826 884 1878 morati
932 1826 1118 1891 simus,
1163 1835 1209 1878 et
1246 1841 1278 1878 a
1323 1824 1463 1878 vobis
1512 1821 1833 1891 abfuerimus
1871 1824 2054 1891 perdiu
2079 1861 2095 1886 ,

2208 992 2472 1048 trifariam
2530 995 2878 1065 esplauabat.
2934 998 2989 1053 Id
3041 999 3246 1068 optime
3304 1004 3559 1058 convenit
3597 1005 3682 1061 bis
3726 1006 3783 1061 iu

2207 1083 2442 1151 psalmos
2470 1085 2731 1143 bomiliis.
2759 1085 2876 1141 Non
2910 1088 3052 1143 enim
3086 1088 3318 1146 Basilius
3346 1091 3397 1145 in
3434 1092 3629 1149 litterae
3659 1108 3786 1149 cor-

2208 1171 2333 1237 tice,
2363 1184 2421 1227 ut
2459 1175 2534 1229 ait
2574 1175 2890 1247 Gregorius,
2934 1180 3122 1248 pedem
3184 1180 3319 1251 iigit,
3362 1185 3456 1239 sed
3514 1197 3783 1255 praetcrea

2207 1264 2463 1320 moralem
2493 1282 2709 1323 sensum
2738 1280 2793 1324 et
2819 1286 2904 1336 ea,
2932 1285 3052 1340 quae
3096 1274 3161 1328 ad
3195 1274 3475 1331 Christum
3505 1288 3783 1346 spectant,

2205 1357 2516 1429 investigat.
2560 1361 2849 1418 Existimat
2897 1362 3275 1424 'l‘illemontius
3319 1369 3560 1439 psalmos
3585 1372 3785 1428 ordine

2204 1465 2235 1504 a
2267 1464 2457 1507 sancto
2480 1452 2676 1511 Basilio
2708 1457 3033 1526 explanatos
3062 1458 3249 1525 fuisse,
3282 1472 3443 1533 atque
3481 1480 3548 1521 ex
3584 1480 3783 1536 magno

2204 1544 2295 1598 illo
2346 1545 2684 1602 homiliarum
2743 1566 2970 1607 numero
3010 1568 3305 1623 perpaucas
3348 1559 3416 1611 ad
3456 1574 3555 1614 nos
3588 1573 3783 1628 perve-

2202 1639 2369 1696 nisse.
2404 1639 2498 1694 llis
2530 1640 2831 1700 rationibus
2878 1645 3071 1699 nititur
3124 1646 3470 1705 doctissimus
3522 1652 3779 1722 scriptor,

2202 1734 2345 1801 quod
2381 1733 2524 1787 nulla
2550 1736 2770 1792 videtur
2790 1739 3071 1795 exstitisse
3111 1755 3298 1807 causa,
3331 1756 3427 1796 cur
3456 1743 3554 1800 hos
3598 1746 3783 1815 potius

2201 1838 2361 1893 quam
2386 1825 2509 1881 illos
2526 1826 2593 1881 ad
2618 1828 3009 1898 explanandqu
3037 1830 3267 1887 Basilius
3288 1832 3556 1903 elegisset,
3584 1836 3783 1894 deinde

517 1920 656 1971 hanc
694 1918 974 1986 a/feremus
1012 1934 1248 1982 causam,
1281 1917 1441 1987 quod,
1466 1932 1584 1969 cum
1610 1916 1772 1969 aliam
1802 1914 1896 1969 Dei
1929 1913 2093 1968 eccle-
2129 1913 2172 1969 Β
2200 1916 2340 1984 quod
2402 1918 2783 1974 nonnullorum
2838 1922 3273 1991 explanationem
3335 1940 3440 1979 non
3502 1926 3733 1983 absolvit
3761 1949 3776 1995 ;

516 2010 673 2068 siam.
698 2012 820 2065 huic
850 2012 1048 2065 [tortore
1094 2026 1294 2078 parem,
1340 2009 1794 2072 administremus,
1838 2023 1940 2061 non
1989 2023 2099 2061 meo

516 2102 686 2157 diocri
719 2120 752 2157 a
794 2104 933 2159 vobis
965 2105 1248 2157 distantem
1274 2102 1575 2164 interuallo,
1621 2102 1720 2156 hoc
1755 2110 1956 2169 tempus
1990 2100 2096 2154 diei

515 2198 1016 2265 consumpserimus.
1056 2193 1187 2251 Cum
1218 2196 1380 2267 igitur
1420 2196 1624 2250 dederit
1653 2194 1927 2257 Dominus,
1969 2203 2023 2246 ut
2048 2199 2097 2246 et

514 2288 623 2344 illis
648 2289 915 2355 implerent
962 2288 1253 2358 lilurgiam,
1290 2306 1383 2342 nec
1431 2297 1613 2343 vestra:
1655 2289 1882 2342 deessem
1920 2284 2097 2339 chari-

514 2381 638 2447 tati,
670 2396 871 2435 mecum
895 2380 1122 2447 bene/ica
1156 2380 1402 2450 largitori
1430 2382 1627 2448 gratias
1655 2382 1819 2449 agite,
1839 2379 1931 2447 qui
1958 2379 2095 2430 hunc

511 2490 673 2538 quam
711 2473 899 2529 videtis
962 2474 1200 2540 corporis
1258 2475 1426 2527 nostri
1484 2471 1802 2526 debilitatem
1846 2470 2094 2525 invisibili

512 2583 611 2621 sua
630 2566 864 2636 potentia
893 2567 1130 2620 deduxit.
1171 2565 1244 2619 Ex
1291 2567 1374 2621 his
1422 2575 1571 2636 patet
1604 2581 1766 2619 uuam
1813 2579 1881 2619 ex
1910 2563 2094 2620 Caesa-

517 2656 786 2714 riensibus
840 2657 1084 2714 ecclesiis
1130 2656 1327 2713 Basilio
1381 2660 1725 2713 commissam
1784 2656 1983 2723 fuisse,
2029 2671 2095 2711 ac

514 2748 745 2823 proinde
781 2751 1019 2805 nondum
1060 2749 1372 2820 episcopum
1415 2748 1605 2804 fuisse.
1640 2748 1756 2803 Non
1817 2749 1959 2803 enim
2013 2747 2094 2803 sic

514 2841 768 2900 loaustur
791 2845 1083 2912 episcopus
1117 2841 1182 2895 ad
1222 2856 1382 2910 quem
1415 2842 1657 2896 omnium
1711 2842 1965 2897 dimccsis
2003 2856 2093 2897 ec-

510 2932 799 2988 clesiarum
833 2948 963 2988 cura
1008 2932 1282 3001 pertinet;
1320 2942 1415 2987 aut
1466 2933 1512 2988 si
1555 2932 1864 2997 ecclesiam,
1900 2932 1953 2987 iu
1983 2946 2090 3003 qua

510 3023 788 3095 liturgiam
814 3026 1094 3081 celebrare
1143 3025 1304 3091 solet,
1334 3026 1436 3081 sibi
1469 3026 1535 3080 ad
1570 3026 1861 3096 regendqu
1896 3024 2090 3095 prazci-

509 3133 617 3189 pue
644 3119 993 3173 commissam
1029 3118 1217 3193 dicere
1248 3118 1439 3188 possit,
1474 3133 1579 3171 non
1616 3126 1795 3171 tamen
1832 3117 1959 3171 huic
2002 3132 2095 3172 ec-

2202 2019 2314 2064 tum
2344 2013 2505 2068 etiam
2536 2016 2659 2084 quia
2694 2016 2747 2070 in
2793 2015 3012 2072 homilia
3053 2019 3103 2071 in
3134 2018 3326 2087 psalm.
3361 2034 3547 2074 xxxvu
3576 2022 3781 2077 citatur

2200 2101 2418 2155 homilia
2464 2104 2515 2158 in
2570 2106 2764 2176 psalm.
2816 2123 2891 2174 vr,
2939 2119 2995 2163 et
3050 2111 3188 2179 apud
3242 2110 3568 2183 Symeonetn
3604 2110 3780 2167 Meta-

2199 2194 2475 2264 phrastem
2530 2197 2760 2254 homilia:
2810 2200 2864 2254 in
2912 2200 3147 2270 psalmos
3185 2218 3264 2268 xt,
3313 2218 3504 2267 xxxtv,
3538 2219 3777 2274 xxxvm,

2197 2301 2266 2340 ιν
2325 2286 2584 2341 citantur.
2655 2288 2991 2347 Sententiam
3055 2292 3385 2350 Tillemontii
3446 2296 3779 2353 couiirmare

2197 2393 2484 2450 possumus
2526 2396 2591 2436 ex
2637 2382 2852 2435 homilia
2884 2384 2935 2437 in
2978 2386 3174 2454 psalm.
3221 2403 3374 2450 xxix,
3404 2389 3492 2442 ubi
3543 2386 3779 2444 Basilius

2195 2470 2341 2524 velut
2371 2470 2423 2525 in
2452 2470 2609 2543 longo
2639 2473 2871 2542 quodam
2908 2487 2973 2528 ac
3015 2491 3119 2529 non
3156 2478 3469 2532 intermisso
3505 2491 3671 2548 opere
3697 2477 3779 2532 ci-

2197 2570 2414 2633 tat-quze
2441 2562 2494 2618 in
2531 2564 2907 2633 superioribus
2938 2564 3176 2619 bomiliis
3206 2581 3346 2636 stupe
3387 2569 3620 2624 dixerat.
3654 2570 3778 2626 Sa-

2192 2669 2254 2724 pe
2278 2655 2475 2708 dictant
2498 2668 2595 2721 est,
2629 2657 2826 2724 inquit.
2856 2660 2919 2711 de
2946 2656 3175 2711 clamore
3200 2659 3268 2709 ad
3300 2656 3605 2721 Dominum,
3630 2662 3775 2729 quod

2193 2743 2262 2798 sit
2293 2744 2407 2814 ejus
2436 2745 2621 2811 solius,
2644 2750 2733 2816 qui
2758 2764 2948 2818 magna
2976 2758 3022 2801 et
3059 2747 3287 2800 caelestia
3319 2748 3479 2815 cupit,
3516 2748 3773 2806 clamare.

2195 2834 2416 2891 Scilicet
2448 2834 2607 2907 hujus
2658 2842 2807 2894 vocis
2853 2852 2995 2907 saepe
3047 2837 3382 2909 explicanda:
3426 2840 3775 2897 occasionem

2191 2927 2486 2981 attulerant
2518 2927 2707 2997 psalmi
2729 2931 2779 2982 in
2806 2929 2999 2998 quibus
3026 2944 3170 2992 saepe
3201 2930 3461 2985 occurrit.
3486 2929 3641 2998 Quod
3669 2945 3774 2985 au-

2194 3028 2301 3074 tem
2327 3032 2536 3090 spectat
2566 3022 2632 3076 ad
2688 3023 2936 3077 homilias
3008 3040 3036 3077 a
3090 3021 3356 3095 Symeoue
3404 3021 3776 3093 Metaphraste

2193 3112 2410 3175 citatas,
2444 3121 2556 3167 tota
2596 3128 2682 3166 res
2714 3114 2902 3169 nititur
2928 3115 3078 3170 l'alsis
3110 3114 3373 3189 numeris,
3401 3116 3492 3184 qui
3528 3116 3596 3171 ad
3623 3131 3777 3172 mar-

510 3210 690 3268 clcsia
713 3210 847 3265 alias
889 3210 942 3264 in
980 3210 1126 3279 agris
1163 3219 1255 3264 aut
1285 3209 1352 3263 ad
1382 3210 1571 3264 urbem
1618 3217 1961 3264 constructas
1993 3209 2091 3264 ho.
2119 3260 2162 3279 Α
2194 3197 2373 3267 ginem
2399 3196 2723 3255 Parisiensis
2759 3199 3014 3255 editionis
3043 3204 3265 3270 appositi
3306 3204 3542 3260 (iterant.
3572 3205 3773 3263 Errata

512 3314 645 3359 nore
672 3313 728 3359 et
764 3301 1026 3375 dignitate
1061 3317 1221 3374 pares
1251 3302 1548 3359 existimet.

581 3487 641 3547 Si
701 3487 962 3546 Basiliam
1019 3491 1087 3545 ad
1134 3490 1235 3546 bas
1287 3490 1420 3545 duas
1467 3488 1742 3555 homilias,
1795 3488 2001 3559 nempe‘
2032 3491 2086 3545 in

508 3585 703 3657 psalm.
732 3599 824 3639 xlv
851 3594 907 3639 et
935 3599 1083 3652 cxtv,
1131 3584 1251 3655 ipso
1298 3583 1630 3655 psalmorum
1678 3583 1871 3640 ordine
1919 3586 2089 3640 addu-

508 3686 657 3733 ctum
695 3689 819 3732 esse
857 3686 1175 3742 constaret,
1218 3687 1461 3732 statuere
1519 3693 1805 3746 possemus
1864 3688 2089 3734 CIEICI'BS

504 3782 725 3840 quoque
754 3767 807 3823 in
839 3766 1077 3839 psalmos
1118 3766 1373 3821 homilias
1412 3776 1537 3820 ante
1576 3766 1945 3835 episcopatum
1987 3769 2087 3822 ha-

505 3860 652 3918 bitas
686 3861 874 3918 fuisse.
904 3860 1009 3918 Sed
1034 3861 1254 3918 homilia
1292 3860 1346 3916 in
1378 3860 1572 3932 psalm.
1595 3876 1722 3917 cxtv
1757 3861 1808 3915 in
1834 3859 2084 3924 ecclesia,

510 3951 566 4007 in
599 3968 705 4022 qua
735 3953 965 4010 Basilius
994 3954 1305 4010 concionari
1343 3970 1449 4008 non
1484 3954 1710 4021 solebat,
1742 3952 1809 4008 ad
1837 3953 2086 4008 occasio-

509 4056 634 4100 nem
697 4044 912 4114 psalmi.
959 4045 1052 4117 qui
1116 4046 1451 4116 ingrediente
1503 4045 1703 4103 Basilio
1766 4048 2083 4115 cernebatur,

505 4137 858 4208 pronuntiata
925 4148 1030 4195 est.
1102 4138 1256 4209 Quod
1313 4150 1523 4210 spectat
1579 4141 1647 4194 ad
1702 4141 1977 4197 homiliam
2028 4141 2083 4196 in

505 4230 702 4302 psalm.
738 4246 854 4297 xtv,
890 4231 1033 4287 illam
1060 4234 1276 4303 quidem
1303 4233 1494 4287 habuit
1528 4232 1780 4296 Basilius,
1816 4242 1875 4289 ut
1903 4234 2083 4290 absor-

503 4329 658 4376 veret
689 4337 809 4391 qua:
829 4323 1001 4392 pridie
1034 4323 1101 4379 de
1140 4323 1330 4379 eodem
1365 4323 1572 4394 psalmo
1599 4325 1950 4382 disseruerat.
1976 4326 2083 4383 Sed

503 4426 628 4467 cum
664 4412 883 4467 dubium
913 4414 985 4468 sit
1018 4430 1086 4470 an
1132 4415 1410 4471 homiliam
1460 4415 1603 4471 illam
1632 4417 1805 4486 pridie
1842 4433 2081 4487 pronun-

502 4504 1058 4573 tiatam'habeamus,
1106 4506 1371 4563 incertum
1400 4510 1567 4563 etiam
1600 4518 1683 4564 est
1718 4519 1899 4565 utrum
1934 4514 1987 4564 in
2019 4528 2079 4566 ea

2115 3260 2162 3325 ο
2191 3260 2600 3346 emendavimus
2630 3291 2685 3345 in
2716 3291 2819 3346 hac
2843 3260 3231 3350 editione'.'Ubi
3257 3296 3401 3350 enim
3431 3260 3776 3355 indicabatur

2190 3382 2411 3439 homilia
2469 3384 2643 3440 sancti
2696 3382 2882 3439 Basilii
2937 3384 2991 3439 in
3054 3384 3247 3454 psalm.
3308 3401 3364 3441 χι
3429 3390 3773 3456 reposuimus

2189 3473 2380 3544 psalm.
2418 3489 2532 3538 xlv,
2574 3476 2791 3530 homilia
2846 3476 2900 3531 in
2950 3475 3148 3547 psalm.
3198 3491 3365 3532 xxxiv
3410 3476 3682 3534 citabatur
3713 3480 3772 3535 in

2188 3582 2439 3624 sermone
2478 3570 2667 3639 quinto
2709 3586 2857 3626 num.
2896 3571 2929 3627 5
2976 3581 3033 3628 et
3075 3573 3128 3628 iu
3177 3573 3410 3644 septimo
3459 3590 3513 3629 η.
3565 3574 3619 3630 6.
3661 3574 3773 3632 Sed

2188 3658 2303 3715 hazc
2347 3661 2455 3716 duo
2514 3662 2627 3716 loca
2686 3665 3033 3734 reperiuntur
3076 3665 3128 3719 in
3184 3664 3419 3721 homiliis
3468 3664 3654 3722 Basilii
3712 3667 3769 3723 in

2188 3752 2380 3823 psalm.
2430 3769 2603 3809 xxxut
2660 3765 2715 3810 et
2764 3771 2886 3810 va.
2938 3754 3202 3811 Similiter
3248 3772 3369 3826 qua:
3420 3758 3473 3813 in
3514 3773 3771 3815 sermone

2188 3844 2291 3905 l3.
2336 3859 2485 3899 num.
2529 3844 2580 3910 4,
2625 3846 2939 3916 deprompta
2985 3847 3306 3901 videbantur
3344 3864 3409 3903 ex
3458 3850 3675 3904 humilia
3712 3852 3770 3908 in

2189 3935 2381 4005 psalm.
2422 3952 2509 4005 ιν,
2539 3948 2595 3992 et
2633 3938 2686 3991 in
2727 3952 2977 3993 sermone
3012 3937 3103 4003 14,
3154 3954 3209 3992 n.
3251 3939 3308 4004 5,
3351 3955 3418 3996 ex
3461 3941 3683 3999 homilia
3714 3945 3769 4001 iu

2187 4030 2378 4099 psalm.
2422 4047 2655 4097 xxxvut,
2696 4046 2760 4088 ea
2800 4032 3101 4102 reperimus
3134 4032 3186 4087 in
3216 4032 3457 4090 bomiliis
3482 4034 3537 4089 in
3565 4038 3767 4107 psalm.

2187 4137 2272 4177 LIX
2325 4134 2381 4180 et
2414 4140 2526 4180 LXI.

2257 4215 2565 4284 Quinetiam
2601 4219 2668 4274 de
2698 4218 2805 4275 illis
2841 4234 2967 4294 qua:
2995 4226 3214 4275 exstant
3252 4219 3440 4277 decem
3472 4232 3527 4277 et
3556 4231 3765 4294 septem

2185 4309 2421 4365 bomiliis
2450 4314 2815 4368 controversia
2839 4320 2921 4366 est
2941 4327 3007 4365 an
3032 4310 3231 4369 Basilio
3252 4328 3443 4371 omnes
3466 4314 3767 4370 tribuendas

2184 4404 2313 4459 sint.
2347 4402 2591 4471 Quatuor
2618 4406 2831 4474 reiecta:
2861 4414 2987 4460 sunt
3030 4406 3083 4461 iu
3122 4407 3515 4480 Appendieem,
3544 4419 3603 4463 ut
3631 4424 3765 4480 spu-

2184 4498 2280 4554 riae
2306 4512 2370 4554 ac
2414 4498 2614 4555 Basilio
2659 4514 2882 4568 prorsus
2922 4500 3173 4572 indignae,
3216 4517 3409 4570 nempe
3446 4503 3621 4571 prima
3664 4505 3767 4564 ho-

502 4596 736 4654 Basilius
779 4606 1087 4669 susceptam
1133 4598 1573 4669 explicandorum
1618 4602 1948 4671 psalmorum
1997 4617 2082 4657 se-
2113 4610 2158 4667 υ
2184 4590 2330 4645 milia
2366 4591 2418 4645 in
2450 4592 2643 4664 Ρδθιιη·
2688 4606 2802 4655 “Vo
2833 4598 3069 4650 εεουιιάθ
3118 4596 3171 4649 in
3215 4594 3406 4664 Psalm-
3437 4611 3633 4663 3m"-
3665 4600 3764 4656 h0-

504 4690 667 4759 riem,
694 4705 763 4745 au
787 4691 1024 4746 oblatam
1070 4691 1308 4765 aliquam
1358 4695 1702 4748 occasionem
1733 4704 1956 4750 secutus
1984 4696 2077 4751 sit.

501 4782 679 4853 Quare
707 4785 963 4857 temporis
990 4796 1151 4853 notat,
1188 4802 1324 4856 quas
1381 4786 1434 4841 in
1487 4785 1723 4843 homiliis
1770 4788 1823 4843 in
1879 4789 2076 4858 psalm.

502 4892 590 4933 xiv
619 4886 676 4933 et
701 4892 830 4935 cxtv
891 4876 1367 4948 deprehendimus,
1429 4877 1495 4932 ad
1551 4877 1686 4931 alias
1736 4876 1788 4930 in
1840 4878 2080 4949 psalmos

499 4968 751 5025 homilias
789 4985 895 5025 non
930 4970 1205 5039 pertinent
1239 4987 1255 5024 :
1290 4985 1424 5039 quas
1463 4981 1641 5025 tamen
1676 4970 1969 5026 verisimile
1994 4979 2081 5025 est

499 5069 628 5114 ante
667 5070 1033 5131 episcOpatum
1087 5060 1298 5115 habitas
1354 5060 1538 5124 fuisse,
1592 5070 1876 5129 propterea
1906 5060 2076 5132 quod,

500 5149 694 5220 utjam
741 5152 876 5219 dixi,
909 5151 1110 5207 nullam
1143 5152 1492 5223 episcOpatus
1532 5162 1739 5215 notam,
1802 5153 1933 5207 nihil
1980 5151 2078 5205 ad-

498 5256 689 5299 versus
714 5242 1236 5300 Pneumatumachos
1281 5243 1519 5299 habent;
1542 5244 1849 5311 Quinetiam
1885 5243 1936 5298 in
1974 5244 2075 5296 ho-

497 5336 643 5391 milia
669 5334 737 5390 'in
763 5333 954 5404 psalm.
981 5351 1171 5401 xsvm,
1199 5352 1256 5390 η.
1292 5338 1348 5400 3,
1380 5346 1437 5392 et
1487 5336 1589 5391 sub
1641 5336 1800 5390 linem
1842 5333 2076 5391 humilia:

491 5425 552 5480 in
580 5425 770 5494 psalm.
811 5439 936 5490 ων,
987 5427 1278 5482 vehemens
1334 5427 1681 5495 reprehensio
1736 5439 1943 5487 eorum.
1981 5425 2073 5492 qui

494 5514 684 5571 relicta
714 5516 970 5582 ecclesia,
995 5530 1231 5587 synaxes
1258 5520 1309 5572 in
1344 5518 1568 5587 privatis
1589 5514 1796 5572 aedibus
1825 5517 2063 5571 celebra-

494 5607 645 5675 bant,
671 5608 900 5679 probare
923 5608 1094 5679 possit
1123 5608 1219 5662 has
1256 5609 1507 5663 hounlias
1541 5618 1669 5664 ante
1700 5607 1912 5663 habitas
1938 5606 2060 5661 fuis-

2182 4684 2347 4739 milize
2396 4686 2446 4739 in
2479 4684 2718 4756 psalmos
2759 4701 2943 4743 xxxvu
2996 4699 3051 4745 et
3081 4704 3205 4746 cxv.
3255 4687 3522 4746 Praeterea
3568 4707 3764 4749 auctor

2181 4776 2515 4846 prmfatiouis
2556 4777 2608 4832 iu
2664 4790 2866 4836 tomum
2907 4783 3140 4853 primum
3192 4784 3446 4840 nonnulla
3495 4786 3677 4857 rejicit
3706 4788 3761 4842 iu

2180 4870 2300 4924 aliis
2328 4871 2588 4938 bomiliis,
2623 4886 2743 4943 qua:
2771 4890 2838 4929 ex
2873 4874 3107 4929 Eusebio
3131 4889 3160 4927 a
3209 4875 3448 4931 librariis
3472 4879 3761 4947 desumpta

2178 4965 2454 5019 existimat
2480 4982 2493 5018 :
2523 4980 2715 5035 nempe
2739 4968 2789 5021 iu
2816 4967 3000 5021 ltomil.
3026 4966 3076 5019 iu
3098 4967 3291 5035 psalm.
3322 4982 3494 5033 xxxn,
3518 4971 3585 5024 ad
3617 4970 3761 5027 hunc

2178 5055 2527 5123 versiculum,
2571 5055 2734 5112 Verbo
2771 5058 2985 5112 Domini
3018 5058 3134 5113 caeli
3178 5059 3380 5128 ﬁrmati
3404 5071 3525 5115 sunt
3552 5070 3601 5114 et
3645 5062 3760 5126 spi-

2178 5149 2284 5200 ritst
2315 5148 2425 5202 oris
2453 5148 2567 5217 ejus
2606 5150 2774 5203 cumis
2802 5153 2970 5205 virtus
3008 5165 3212 5217 eorum,
3261 5149 3474 5205 initium
3523 5148 3761 5205 homilia

2177 5236 2230 5292 in
2263 5239 2455 5307 psalm.
2490 5255 2636 5308 xuv,
2665 5242 2883 5315 longum
2918 5242 3281 5313 fragmentum
3306 5244 3359 5299 in
3387 5243 3493 5299 line
3519 5242 3760 5300 homilias

2178 5327 2231 5383 in
2264 5331 2456 5398 psalm.
2482 5349 2625 5390 εχιτ.

2255 5422 2321 5481 ν.
2356 5424 2482 5480 Scio
2511 5428 2845 5482 eruditorum
2898 5428 3177 5483 hominum
3214 5442 3319 5482 non
3347 5426 3536 5495 paucis
3561 5426 3757 5495 displi-

2183 5520 2376 5584 2uisse,
2410 5521 2553 5587 quod
2586 5520 2645 5575 S.
2680 5519 2877 5574 Basilio
2927 5522 2982 5575 in
3032 5520 3243 5575 duobus
3291 5520 3560 5589 prioribus
3592 5520 3757 5574 tomis

2199 5626 2285 5665 am
2316 5610 2479 5664 multa
2511 5611 2812 5681 ahjndicata
2844 5612 2954 5666 sint
2982 5626 3163 5683 opera.
3198 5611 3271 5667 Ut
3292 5626 3479 5667 eorum
3511 5610 3757 5682 querelis

491 5712 573 5763 se,
602 5713 763 5769 quam
794 5701 1103 5771 persecutio
1142 5701 1194 5755 in
1222 5696 1443 5756 Oriente
1496 5699 1736 5757 Valentis
1781 5700 2069 5770 praesentia
2174 5702 2502 5758 satisfaciam
2535 5718 2635 5757 nec
2684 5704 2736 5757 in
2767 5706 3097 5759 contrariam
3144 5706 3421 5761 incurram
3456 5705 3757 5773 reprehen-

493 5788 913 5862 lugravesceret,
945 5806 1009 5846 sc
1054 5792 1297 5863 pluribus
1334 5791 1389 5846 in
1435 5792 1569 5848 locis
1600 5791 1864 5847 Catholici
1913 5799 2067 5847 extra
2171 5796 2377 5853 sionem
2399 5836 2413 5860 ,
2436 5807 2637 5867 quanta
2664 5807 2851 5867 potero
2875 5798 3107 5852 maxima
3132 5800 3215 5855 his
3239 5799 3292 5853 iu
3317 5798 3479 5854 rebus
3494 5799 3756 5854 cautione

493 5896 677 5940 muros
730 5882 814 5942 vel
863 5885 918 5941 in
974 5884 1202 5955 privatis
1255 5883 1462 5943 edibus
1522 5885 1847 5957 congregari
1902 5900 2066 5955 coge-
2173 5890 2453 5946 versabar.
2500 5885 2655 5956 Quod
2694 5895 2907 5959 spectat
2950 5889 3018 5944 ad
3062 5898 3295 5959 quatuor
3324 5886 3599 5956 homilias,
3628 5900 3755 5959 qua
