4038 6452
1632 368 1786 421 VITA
1823 368 1879 420 S.
1924 366 2192 419 BASILII.

3367 398 3497 432 CLXV

278 469 333 520 in
387 469 744 540 Appendicem
790 471 999 541 rejectis
1039 483 1193 539 sunt;
1227 490 1328 529 non
1383 474 1564 528 timide
1630 492 1841 533 assevc—
1871 493 1915 544 Α
1944 477 2256 531 memoriam
2297 492 2549 533 onerasse
2580 482 2766 538 alienis
2800 483 3058 550 ejusmodi
3105 487 3329 539 divitiis.
3366 488 3509 541 Inest

280 562 411 616 rabo
448 561 575 615 nihil
614 561 666 614 in
699 561 776 619 eis
808 565 930 636 legi,
963 563 1104 633 quod
1132 563 1330 621 Basilio
1358 563 1631 636 indignum
1656 568 1726 620 sit
1751 578 1842 620 aut

278 650 349 705 ab
377 652 491 718 ejus
516 651 754 708 doctrina
789 656 1046 709 alienum.
1087 652 1141 709 In
1166 656 1383 712 homilia
1418 656 1470 710 in
1507 656 1700 726 psalm.
1729 674 1837 717 xlv,

277 741 407 811 quid
446 741 516 795 sit
559 743 962 800 tabernaculum
1004 745 1096 804 Dei
1137 748 1328 803 eodem
1361 749 1519 802 modo
1542 749 1843 817 explicatur

277 847 345 885 ac
375 832 428 883 in
452 837 678 903 genuina
712 836 925 890 homilia
970 838 1021 893 in
1061 841 1251 910 psalm.
1296 855 1488 901 xxvnt,
1523 841 1586 894 ad
1617 840 1714 896 has
1748 858 1845 896 vo-

277 937 372 976 ces
404 924 567 988 tituli,
592 943 645 977 tn
672 927 815 980 exitu
845 945 875 981 a
899 928 1255 984 tabernaculo.
1291 928 1385 983 liis
1418 929 1576 985 etiam
1603 932 1841 995 vocibus,

279 1013 386 1079 Qui
410 1018 703 1085 ingreditur
742 1021 855 1075 sine
884 1023 1114 1085 macula,
1152 1022 1237 1092 pia
1282 1031 1336 1077 et
1370 1034 1523 1079 acuta
1562 1025 1845 1096 apponitur

275 1110 586 1165 observatio
606 1111 679 1181 (p.
698 1112 811 1181 95),
834 1129 992 1181 quam
1013 1113 1173 1167 etiam
1194 1113 1245 1168 in
1276 1116 1494 1171 homilia
1512 1117 1563 1171 in
1586 1116 1775 1187 psalm.
1803 1131 1838 1176 ι,

276 1200 518 1265 reperire
574 1212 677 1257 est.
739 1201 793 1255 In
843 1203 945 1257 line
972 1203 1211 1271 ejusdem
1254 1206 1305 1260 in
1332 1211 1521 1276 psalm.
1556 1224 1645 1263 xiv
1674 1208 1843 1261 homi-

274 1290 360 1345 liae
385 1293 623 1347 delectus
657 1292 871 1359 quidam
899 1296 1202 1364 praecipitur
1225 1308 1275 1350 et
1304 1298 1484 1352 cautio
1520 1301 1569 1352 in
1603 1300 1836 1354 eleemo-

274 1386 427 1454 synis
460 1393 519 1436 ut
570 1384 621 1437 in
669 1385 791 1440 aliis
844 1385 1025 1442 Basilii
1068 1390 1221 1452 locis,
1284 1405 1475 1458 nempe
1520 1407 1633 1463 reg.
1688 1391 1836 1446 brev.

274 1475 379 1529 100
412 1483 467 1529 et
495 1474 616 1540 101,
649 1486 703 1532 et
745 1492 826 1549 cp.
874 1479 995 1547 150,
1036 1498 1090 1536 n.
1131 1481 1184 1535 5.
1223 1479 1403 1551 Neque
1454 1485 1613 1539 etiam
1645 1484 1841 1538 Basilio

274 1583 380 1622 non
412 1568 750 1639 dignissima,
785 1570 828 1624 si
858 1586 943 1626 res
971 1582 1025 1625 et
1066 1573 1363 1627 sententias
1392 1584 1620 1643 spectes,
1663 1576 1839 1629 homi-

274 1658 343 1713 lia
378 1660 431 1715 in
471 1662 663 1733 psalm.
695 1676 819 1717 cxv.
866 1664 975 1716 Sub
1018 1663 1178 1715 tinent
1222 1664 1593 1733 vituperantur
1631 1666 1717 1733 qui
1753 1683 1837 1721 re-

274 1754 396 1809 licta
447 1755 673 1809 ecclesia
724 1755 774 1807 in
828 1754 1053 1822 privatis
1082 1756 1288 1810 aedibus
1337 1769 1566 1824 synaxes
1599 1756 1838 1812 celebra-

1950 566 2087 620 idem
2115 566 2301 619 vitium
2335 566 2565 621 homilia:
2610 572 2662 623 in
2706 574 2969 639 psalmum
3008 587 3119 633 xlv,
3156 572 3306 641 cujus
3350 577 3504 629 initio

1947 659 2187 725 prolixus
2213 657 2438 712 'Euscbii
2493 658 2663 723 locus,
2704 662 2921 718 totidem
2978 677 3116 733 pene
3154 666 3355 730 verbis,
3410 666 3505 719 sed

1948 751 2122 809 minus
2158 752 2431 823 eleganter
2474 751 2802 805 constructis
2850 754 3063 823 legitur.
3110 752 3389 811 DilIicilius
3425 770 3510 812 cst

1946 840 2141 900 Basilio
2166 844 2381 899 auferre
2410 842 2684 897 homiliam
2712 842 2764 896 in
2799 845 3059 911 psalmum
3083 864 3206 912 cxv,
3232 864 3350 920 quae
3376 848 3507 903 nihil

1946 934 2103 989 habet
2130 951 2193 990 ex
2229 935 2455 991 Eusebio
2492 933 2707 987 totidem
2742 932 2921 988 verbis
2953 936 3311 1009 desuniptum,
3348 956 3445 995 nec
3476 957 3503 993 a

1946 1025 2081 1094 stIo
2099 1026 2278 1079 Basilii
2302 1026 2578 1083 discedere
2600 1023 2835 1093 videtur,
2864 1024 2908 1079 si
2939 1028 3173 1093 excipias
3198 1032 3310 1085 haic
3341 1036 3503 1086 verba

1946 1116 2107 1170 modo
2138 1116 2297 1169 allata
2344 1133 2358 1169 :
2396 1117 2501 1173 Sed
2541 1117 2742 1170 utinam
2791 1128 2835 1169 et
2880 1118 3005 1170 mihi
3057 1122 3318 1190 contingat
3352 1126 3506 1194 digne

1943 1205 2168 1269 credere,
2201 1215 2253 1256 ut
2286 1220 2421 1257 nunc
2457 1219 2659 1274 magna:
2704 1203 2825 1255 huic
2857 1203 2951 1257 Dei
2998 1202 3246 1258 Ecclesia:
3283 1210 3504 1277 quinque

1943 1296 2094 1349 verba
2119 1295 2302 1365 loquar
2328 1295 2380 1347 in
2405 1306 2569 1352 mente
2604 1311 2735 1349 mea.
2766 1292 2898 1348 Cum
2942 1299 3053 1350 ha‘c
3091 1295 3274 1350 Basilii
3310 1293 3501 1367 st'ylmn

1943 1402 2048 1443 non
2091 1386 2353 1451 redolent,
2420 1395 2530 1438 tum
2582 1387 2745 1440 etiam
2796 1384 3048 1440 videntur
3097 1388 3167 1442 ab
3225 1386 3331 1444 alio
3374 1403 3507 1458 quo-

1942 1479 2062 1534 dam
2117 1476 2390 1545 episcopo,
2445 1474 2559 1530 sive
2616 1476 2931 1548 presbytero
2978 1476 3272 1534 Ecclesiam
3330 1478 3507 1535 Carsu-

1940 1572 2171 1627 rierisem
2242 1568 2509 1624 invisente
2570 1569 2939 1636 pronuntiata.
3013 1568 3157 1624 Inest
3210 1571 3353 1626 enim
3423 1572 3505 1627 his

1938 1662 2117 1718 verbis
2172 1662 2380 1731 species
2443 1660 2686 1729 quaedam
2751 1660 3063 1716 honorifica
3122 1660 3501 1729 salutationis,

1938 1754 2150 1821 qualem
2212 1754 2280 1809 ab
2333 1752 2544 1822 hospite
2602 1749 2955 1807 concionante
3022 1765 3119 1822 par
3172 1761 3288 1806 erat
3346 1755 3497 1807 adhi-

270 1844 421 1909 bant,
458 1855 519 1899 ut
564 1842 717 1898 initio
757 1845 1003 1914 genuina:
1057 1846 1288 1899 homilia
1324 1846 1376 1900 in
1428 1848 1614 1917 psalm.
1642 1865 1830 1904 xxvnt.
1866 1854 1911 1914 Β
1942 1843 2079 1897 beri.

270 1934 571 2003 Displicere
604 1950 714 1991 non
752 1936 945 1990 debent
970 1951 1088 2006 quae
1132 1936 1380 2009 leguntur
1413 1957 1469 1995 n.
1499 1942 1570 1996 5:
1611 1942 1835 2006 Quando

266 2028 476 2095 quidem
508 2029 680 2082 tuoin
717 2029 982 2098 infernum
1025 2031 1269 2086 descensu
1311 2049 1342 2086 a
1388 2032 1585 2101 peccati
1623 2030 1837 2085 vinculis

268 2136 351 2172 me
376 2119 638 2183 liberasti,
671 2129 827 2191 atque
848 2120 1129 2177 humanam
1158 2134 1407 2177 naturam
1462 2122 1643 2175 mortis
1683 2128 1839 2175 astri-

266 2220 408 2261 ctam
442 2208 680 2276 vinculis,
709 2221 756 2265 et
790 2212 847 2265 in
875 2212 1069 2281 inferni
1099 2210 1419 2275 carceribus,
1445 2210 1583 2263 unde
1622 2211 1837 2263 evadere

269 2316 374 2355 non
398 2302 577 2369 datur,
619 2304 879 2357 detentum
927 2303 1216 2365 exsolvisti,
1260 2302 1455 2355 idcirco
1496 2303 1590 2355 tibi
1633 2301 1837 2368 sacriﬁ-

267 2394 419 2458 cabo,
456 2402 564 2450 etc.
596 2394 672 2447 Ex
706 2394 788 2447 his
816 2393 995 2464 colligi
1027 2402 1205 2464 potest
1242 2407 1515 2450 auctorem
1543 2394 1702 2464 hujus
1735 2394 1833 2448 ho-

267 2482 431 2535 milia:
463 2483 805 2538 existimasse
848 2484 993 2553 ipsos
1039 2485 1203 2539 etiam
1233 2485 1570 2554 patriarchas
1593 2495 1647 2537 et
1664 2486 1836 2554 justos

265 2570 468 2625 veteris
493 2574 800 2626 testamenti
834 2574 886 2626 in
918 2573 1107 2627 inferis
1147 2582 1273 2629 ante
1310 2573 1514 2627 Christi
1546 2573 1833 2628 adventum

267 2661 516 2716 detentos
548 2668 602 2715 et
636 2662 871 2717 inclusos
909 2661 1093 2718 fuisse.
1148 2662 1258 2717 Sed
1302 2662 1499 2717 similia
1544 2672 1835 2718 occurrunt

266 2754 408 2823 apud
443 2752 580 2809 alios
641 2754 933 2825 scriptores
980 2754 1410 2821 ecclesiasticos;
1460 2754 1574 2825 ipse
1605 2752 1835 2810 Basilius

266 2846 455 2901 homil.
486 2846 538 2898 in
584 2846 774 2911 psalm.
804 2862 998 2911 xum,
1041 2862 1188 2901 num.
1226 2847 1280 2911 9,
1310 2848 1388 2901 sic
1427 2848 1663 2916 loquitur
1690 2862 1705 2900 :
1730 2847 1832 2901 De-

263 2937 511 3003 pascebat
540 2937 677 2992 enim
702 2951 841 2987 mors
869 2938 932 2987 ab
960 2937 1131 2987 Adam
1160 2936 1227 2989 ad
1260 2953 1420 3005 usque
1452 2936 1649 3005 Μουκία
1671 2939 1835 2990 admi-

264 3028 501 3081 nistratit
535 3044 627 3082 ,ειη
647 3028 810 3083 donec
833 3028 967 3081 venit
997 3043 1147 3081 verus
1184 3037 1384 3097 pastor,
1422 3029 1509 3097 qui
1542 3045 1691 3081 suam
1719 3030 1835 3081 ani-

264 3139 405 3176 mam
437 3138 532 3189 pro
568 3123 745 3176 ovibus
774 3123 965 3191 posuit,
992 3125 1163 3194 sicque
1192 3140 1280 3178 eas
1303 3139 1476 3178 secum
1504 3125 1757 3179 excitatas
1785 3135 1832 3179 et

2009 1932 2097 1990 VI.
2139 1933 2292 2003 Quod
2351 1943 2559 2004 spectat
2606 1933 2673 1989 ad
2721 1933 2967 2003 quaedam
3020 1934 3157 1999 loca,
3198 1950 3314 2004 quae
3361 1934 3501 1990 Prm-

1938 2024 2157 2081 fationis
2186 2034 2375 2080 auctor
2406 2026 2683 2081 contexlui
2720 2026 2779 2081 S.
2819 2024 3005 2080 Basilii
3045 2034 3229 2081 assuta
3264 2043 3293 2080 a
3333 2027 3502 2081 libra-

1939 2119 2033 2172 riis
2063 2129 2236 2187 putat,
2278 2117 2558 2173 fatendum
2593 2133 2724 2174 sane
2761 2129 2842 2174 est
2880 2118 3095 2173 initium
3127 2118 3501 2187 explicationis

1937 2204 2093 2274 hujus
2128 2205 2406 2271 versiculi,
2435 2205 2708 2259 Eructavit
2739 2223 2827 2259 cor
2856 2224 3025 2262 meum
3055 2209 3259 2263 verbum
3287 2208 3496 2273 bonum,

1946 2296 2087 2367 quod
2147 2295 2369 2351 totidem
2419 2296 2602 2351 verbis
2650 2296 2788 2364 apud
2846 2295 3136 2351 Eusebium
3198 2298 3497 2367 reperitur,

1940 2404 2061 2445 cum
2096 2404 2191 2443 sua
2219 2394 2413 2458 sponte
2442 2387 2603 2442 nimis
2631 2387 2898 2457 prolixum
2928 2402 3069 2453 esse,
3103 2403 3263 2458 quam
3293 2398 3349 2443 ut
3377 2404 3499 2444 eum

1935 2479 2163 2535 Basilius
2186 2480 2252 2535 ad
2290 2477 2513 2534 verbum
2541 2476 2845 2542 edidicerit,
2880 2487 2989 2533 tum
3026 2493 3154 2534 vero
3177 2480 3375 2534 nullam
3402 2496 3497 2535 ne-

1935 2571 2316 2626 cessitudinem
2348 2571 2549 2626 habere
2576 2586 2697 2627 cum
2730 2571 3089 2641 explicatione
3119 2572 3355 2642 ejusdem
3384 2587 3499 2627 ver-

1936 2662 2091 2717 siculi
2138 2676 2298 2730 quam
2331 2664 2511 2717 statim
2565 2664 2718 2718 aﬂ'ert
2769 2664 3018 2720 Basilius.
3071 2666 3140 2719 At
3198 2665 3336 2719 idem
3392 2682 3495 2719 nun

1934 2753 2108 2809 dicam
2136 2753 2202 2807 de
2230 2751 2596 2823 explicatione
2648 2753 2808 2823 hujus
2856 2755 3126 2819 versiculi,
3177 2754 3343 2809 Verbo
3394 2756 3499 2807 Do-

1934 2845 2064 2900 mini
2102 2844 2218 2900 caeli
2268 2844 2466 2913 firmati
2506 2855 2665 2910 sunt,
2710 2854 2757 2898 et
2806 2846 2992 2913 spiritu
3032 2847 3136 2899 oris
3176 2845 3288 2915 ejus
3331 2848 3499 2899 omnis

1932 2941 2095 2993 virtus
2137 2954 2337 2993 eorum.
2389 2936 2519 3004 Quae
2569 2938 2707 3009 apud
2775 2936 3065 2990 Eusebium
3124 2938 3319 2991 similia
3371 2949 3498 2991 sunt

1935 3029 2059 3083 huic
2088 3028 2273 3083 Basilii
2305 3029 2677 3096 explicationi,
2724 3042 2791 3082 ex
2826 3026 3027 3081 Basilio
3057 3029 3235 3095 potius
3286 3030 3498 3083 desunt-

1935 3129 2020 3189 pta
2055 3120 2220 3174 videri
2263 3119 2480 3176 debent.
2507 3118 2733 3172 Fatetur
2763 3128 2950 3173 auctor
3000 3116 3332 3173 Prtel'ationis
3363 3136 3497 3175 non-

261 3228 329 3266 e:
353 3213 551 3279 inferni
578 3228 785 3265 carcere
820 3212 890 3265 ad
930 3214 1323 3268 resurrectionis
1362 3216 1679 3268 matutinum
1712 3216 1836 3269 edu.
1863 3206 1904 3263 C
1941 3214 2082 3269 nulla
2111 3213 2362 3269 librarios
2390 3229 2423 3268 e
2476 3215 2707 3285 genuina
2765 3214 2945 3270 Basilii
2990 3216 3039 3268 in
3092 3215 3283 3284 psalm.
3326 3231 3493 3268 xxvut

265 3311 379 3355 ctas
400 3303 623 3355 tradidit
647 3302 757 3355 suis
779 3302 997 3370 angelis.
1024 3300 1157 3357 Vide
1173 3312 1313 3358 orat.
1339 3305 1391 3357 in
1419 3306 1612 3373 psalm.
1640 3321 1829 3369 xt.vm,

265 3407 386 3463 pag.
451 3392 572 3446 186.
626 3390 869 3443 Ridicula
925 3392 1195 3447 immerito
1244 3392 1497 3446 videntur
1528 3394 1640 3448 hate
1674 3395 1831 3448 verba

263 3488 340 3552 (p.
378 3484 505 3551 571)
536 3502 549 3535 :
594 3484 731 3535 Ἀλλ’
756 3484 865 3538 εἴθε
897 3483 1064 3553 κάμοὶ
1090 3483 1297 3551 γένοιτο
1333 3484 1616 3538 πιστεῦσαι
1647 3484 1831 3551 ἀξίως,

262 3576 349 3626 ἵνα
381 3575 597 3646 λαλήσω
631 3574 724 3631 νῦν
756 3578 821 3647 τῇ
867 3575 1158 3647 Ἐκκλησίᾳ
1194 3575 1286 3630 τοῦ
1329 3575 1460 3630 Θεοῦ
1507 3579 1572 3648 τῇ
1625 3578 1833 3651 μεγάλῃ

259 3665 434 3737 ταύτῃ
468 3667 628 3720 πέντε
656 3666 843 3736 λόγους
885 3668 942 3719 ὲν
990 3667 1067 3737 τῷ
1109 3668 1189 3721 νοῒ
1234 3684 1357 3737 μου.
1406 3669 1511 3722 Sed
1532 3668 1733 3722 utinam
1785 3682 1830 3721 et

258 3758 392 3810 mihi
419 3760 681 3829 contingat
720 3761 877 3828 digne
910 3761 1133 3819 credere,
1186 3770 1242 3813 ut
1301 3776 1435 3812 nunc
1473 3776 1676 3829 magna:
1712 3761 1834 3813 huic

266 3846 359 3899 Dei
385 3844 633 3901 Ecclesia
660 3851 887 3917 quinque
908 3850 1058 3902 verba
1095 3848 1279 3916 loquar
1301 3848 1356 3901 in
1382 3858 1549 3901 mente
1572 3864 1704 3901 mea.
1724 3848 1835 3903 Nec

260 3952 383 4005 qua:
409 3937 653 4004 proxime
673 3948 988 4007 sequuntur,
1020 3939 1113 3992 καὶ
1150 3939 1340 4011 μηδεὶς
1390 3940 1833 4010 καταχλευαξέτω

258 4029 353 4083 τὸν
379 4030 558 4099 λόγον,
593 4029 706 4084 Nec
725 4032 1000 4101 quisquam
1027 4032 1243 4086 irrideat
1279 4035 1589 4097 doctrinam,
1624 4034 1673 4086 in
1713 4048 1830 4086 eam

261 4121 590 4174 sententiam
626 4122 857 4190 accipio,
904 4122 1058 4191 quasi
1104 4131 1358 4175 vereatur
1387 4132 1575 4177 auctor
1597 4122 1832 4177 homilia:

262 4227 329 4265 ne
364 4211 533 4265 risum
583 4213 920 4271 auditoribus
969 4212 1039 4267 ob
1098 4228 1247 4268 suam
1286 4213 1683 4281 simplicitatem
1720 4229 1833 4267 mo-

259 4312 427 4368 veat;
474 4302 565 4357 sed
592 4304 891 4373 generatim
919 4313 1101 4359 monet
1133 4305 1412 4359 ridendam
1453 4320 1559 4358 non
1596 4320 1715 4361 esse
1749 4322 1831 4360 re-

260 4396 515 4464 ligionem
549 4394 931 4461 Christianam,
981 4398 1133 4467 quasi
1180 4398 1297 4452 sine
1338 4407 1654 4467 argumento
1681 4400 1834 4452 audi-

260 4496 407 4541 tores
444 4488 511 4541 ad
540 4486 939 4543 assentiendum
974 4490 1224 4543 adducat.
1248 4489 1432 4557 Neque
1448 4490 1609 4545 etiam
1627 4490 1827 4545 Christi

1936 3304 2153 3361 homilia
2201 3307 2341 3375 apud
2376 3304 2667 3361 Eusebium
2703 3308 3063 3360 transtulisse.
3112 3307 3252 3359 Idem
3296 3307 3363 3360 ab
3418 3307 3497 3361 eis

1937 3396 2137 3450 factum
2186 3396 2237 3450 in
2291 3397 2396 3451 hoc
2441 3396 2733 3461 versiculo,
2790 3397 2943 3464 cujus
2976 3396 3283 3465 explanatio
3316 3413 3495 3451 emen-

1935 3488 2112 3542 datior
2144 3487 2312 3541 multo
2346 3497 2401 3541 et
2443 3487 2652 3556 plenior
2692 3495 2777 3541 est
2825 3488 2963 3556 apud
3010 3486 3295 3551 Basilimn,
3332 3504 3493 3556 quam

1935 3578 2075 3645 apud
2114 3576 2423 3631 Eusebium.
2482 3576 2745 3632 l’rmterea
2778 3578 2842 3633 ab
2879 3578 3096 3632 Eusebii
3134 3578 3375 3647 ingenia,
3402 3579 3490 3646 qui

1936 3666 2066 3719 nihil
2121 3666 2291 3735 magis
2320 3665 2597 3720 metuebat
2628 3680 2788 3734 quam
2848 3679 2915 3719 ne
2968 3664 3134 3720 Filius
3161 3675 3215 3719 et
3262 3665 3496 3732 Spiritus

1935 3764 2155 3810 sanctus
2185 3769 2251 3809 ex
2278 3754 2455 3811 Patris
2500 3754 2803 3811 substantia
2834 3770 2951 3810 esse
2998 3755 3327 3820 dicerentur,
3362 3754 3493 3807 alic-

1935 3846 2213 3902 nissimum
2241 3844 2343 3900 fuit
2368 3846 2571 3911 dicere,
2604 3845 2839 3901 Verbum
2866 3847 2980 3901 oris
3016 3856 3070 3899 et
3094 3844 3351 3913 Spiritum
3383 3846 3495 3898 oris

1933 3937 2061 4001 dici,
2095 3948 2151 3991 ut
2198 3936 2524 4006 intelligatur
2569 3935 2820 3993 Salvator
2869 3937 2977 4005 ipse
3025 3948 3071 3990 et
3120 3945 3331 3990 sanctus
3380 3936 3495 4000 eius

1933 4026 2158 4095 Spiritus
2178 4042 2242 4080 ea:
2274 4025 2453 4081 Patre.
2478 4027 2717 4082 Iinmane
2743 4037 3002 4097 quantum
3029 4028 3141 4081 haec
3167 4028 3233 4081 ab
3263 4026 3493 4081 Eusebio

1932 4119 2241 4185 discrepant
2268 4115 2367 4186 (a),
2413 4118 2508 4185 qui
2555 4115 2817 4186 Spiritum
2863 4126 3106 4171 sanctum
3141 4132 3237 4186 per
3274 4117 3491 4181 Filium,

1932 4218 1992 4261 nt
2048 4218 2238 4262 caatera
2290 4204 2417 4272 alia,
2480 4218 2720 4263 creatum
2784 4207 2946 4264 fuisse
2984 4209 3258 4278 conceptis
3316 4209 3495 4263 verbis

1933 4298 2261 4367 pronuntiat.

2005 4386 2262 4455 Superest
2309 4388 2450 4444 aliud
2505 4388 2863 4459 fragmentum
2914 4386 3149 4441 homilia:
3197 4389 3247 4441 in
3299 4390 3490 4458 psalm.

1931 4495 2073 4543 cxtv,
2108 4481 2173 4535 ab
2207 4481 2289 4535 his
2314 4481 2557 4545 vocibus,
2583 4481 2611 4534 ὁ
2652 4480 2855 4549 κόσμος
2891 4473 3044 4543 οὗτος
3083 4480 3241 4543 αὐτός
3281 4498 3341 4533 τε
3375 4480 3493 4532 ἐστὶ

260 4580 566 4643 passionem
598 4578 914 4647 martyrium
954 4579 1207 4649 appellat,
1266 4579 1361 4632 sed
1408 4579 1520 4633 hare
1555 4578 1716 4633 verba
1751 4577 1826 4647 (p.
1865 4565 1906 4619 D
1936 4571 2150 4642 θνητός,
2199 4586 2368 4642 usque
2418 4572 2484 4626 ad
2536 4571 2719 4625 ﬁnem.
2751 4570 2861 4623 Cur
2912 4579 3051 4624 totus
3102 4570 3189 4624 hic
3234 4572 3403 4635 locus,
3438 4579 3500 4621 ut

258 4668 389 4733 δη)
418 4686 431 4721 :
471 4668 585 4723 Hoc
612 4678 709 4732 est,
746 4670 924 4723 sitiens
951 4672 1018 4722 ad
1055 4672 1295 4741 martyrii
1329 4672 1825 4725 consummationem

256 4760 536 4823 contendo,
568 4760 633 4814 ad
664 4759 916 4813 Davidem
948 4760 1274 4817 referuntur.

330 4848 438 4903 Sed
472 4857 647 4903 tamen
682 4850 821 4904 inest
862 4849 945 4902 his
987 4850 1222 4904 homiliis
1254 4851 1500 4921 quaedam
1534 4864 1655 4905 cum
1688 4853 1826 4921 ston

259 4940 443 4994 Basilii
479 4940 876 5004 dissimilitudo,
906 4955 1024 5009 quae
1069 4951 1216 4994 certo
1250 4942 1367 4996 illas
1393 4942 1440 4997 ei
1474 4943 1691 4997 attribui
1722 4960 1822 4997 non

257 5031 405 5084 sinit.
441 5029 642 5083 Idcirco
673 5030 889 5083 homilia
946 5032 999 5083 in
1043 5030 1234 5097 psalm.
1278 5046 1444 5084 xxvm
1478 5030 1587 5085 fere
1618 5032 1683 5084 ab
1709 5047 1823 5084 om-

259 5122 420 5174 nihus
449 5118 712 5188 rejicitur.
743 5120 907 5173 Dubia
937 5120 1210 5175 nonnullis
1233 5120 1346 5175 visa
1391 5131 1475 5175 est
1520 5122 1735 5176 homilia
1772 5124 1820 5174 in

255 5214 452 5283 psalm.
491 5229 694 5269 xxxvn.
736 5212 1002 5267 Praeterea
1055 5228 1159 5267 non
1198 5212 1331 5265 levis
1373 5213 1625 5266 momenti
1658 5214 1823 5266 videri

253 5308 417 5359 debet
448 5306 591 5373 quod
620 5307 873 5360 observat
895 5315 1084 5359 auctor
1109 5305 1448 5359 Praefationis
1488 5309 1615 5357 tomi
1644 5306 1822 5374 primi,

254 5401 397 5453 hanc
434 5400 486 5451 in
516 5398 779 5467 psalmmn
809 5412 995 5452 xxxvii
1022 5397 1297 5451 homiliam
1325 5412 1391 5452 ex
1422 5396 1585 5449 variis
1612 5395 1825 5448 Eusebii

253 5492 392 5546 locis
421 5490 487 5543 ad
529 5490 751 5544 verbum
800 5493 1073 5559 excerptis
1122 5500 1489 5544 constructam
1542 5502 1679 5543 esse.
1712 5486 1825 5540 Non

250 5586 397 5641 enim
431 5582 705 5651 probabile
734 5594 815 5638 est
844 5582 900 5637 S.
930 5585 1209 5644 Basiliam,
1241 5585 1364 5636 dum
1390 5582 1827 5645 concionaretur,

326 5769 401 5839 (a)
437 5784 454 5823 1
490 5769 562 5821 De
596 5768 775 5832 theol.,
809 5784 925 5837 cap.
966 5769 1017 5822 8.

500 5858 773 5921 Panos.
816 5860 931 5924 Gn.
983 5859 1221 5920 XXIX.

1930 4663 2085 4730 plane
2099 4661 2311 4729 spurius
2337 4671 2390 4717 et
2416 4674 2481 4715 ex
2509 4658 2742 4714 Eusebio
2775 4668 3019 4729 sumptus
3050 4658 3341 4726 rejiciatur,
3360 4660 3499 4711 mul-

1935 4767 2003 4809 ta:
2042 4753 2336 4810 aﬂ‘eruntur
2380 4755 2619 4809 rationes
2665 4753 2719 4806 in
2778 4752 3103 4807 Pncfatione
3143 4750 3237 4821 (b),
3271 4766 3496 4819 quarum

1932 4846 2195 4900 nonnullae
2230 4845 2432 4914 aliquid
2466 4845 2791 4914 suspicionis
2816 4855 2869 4899 et
2894 4843 3247 4898 dubitationis
3276 4844 3326 4897 in
3356 4844 3496 4897 hunc

1928 4939 2103 4993 locum
2138 4939 2407 5005 conjicere
2462 4938 2694 5007 possint,
2742 4938 2836 4991 sed
2884 4936 3081 4990 nullius
3137 4950 3357 5004 prorsus
3387 4952 3497 4987 mo-

1932 5029 2095 5081 menti
2137 5042 2256 5095 qua:
2290 5028 2532 5082 secundo
2582 5026 2703 5081 loco
2753 5027 2990 5095 ponitur.
3040 5011 3326 5095 Posiquam
3372 5042 3501 5079 scri-

1926 5133 2063 5188 ptor,
2100 5120 2273 5189 inquit
2296 5130 2486 5176 auctor
2516 5119 2875 5183 Praelationis,
2900 5136 3099 5173 omnem
3131 5120 3395 5171 hominum
3424 5121 3500 5171 vi-

1926 5222 2033 5263 tam
2068 5210 2233 5264 tribus
2270 5226 2525 5265 annorum
2576 5210 2985 5265 hebdomadibus
3021 5210 3274 5278 deﬁnivit,
3307 5210 3467 5261 nihilo
3489 5238 3500 5247 -

1932 5304 2125 5369 minus,
2157 5319 2327 5357 secum
2376 5303 2483 5371 ipse
2514 5320 2617 5356 non
2673 5302 3020 5363 consentiens,
3074 5304 3249 5354 eodem
3296 5302 3348 5351 iu
3389 5300 3499 5351 loco

1931 5393 2155 5461 quinque
2185 5403 2430 5457 recenset,
2466 5403 2666 5462 tempus
2692 5392 3020 5455 dentitionis,
3053 5391 3501 5443 accommodatam

1936 5486 2003 5535 ad
2028 5484 2331 5551 disciplinas
2387 5484 2691 5537 ediscendas
2739 5494 2965 5546 (etatem,
3021 5497 3186 5533 annos
3240 5480 3499 5549 ephebios,

1937 5587 2131 5629 statum
2165 5576 2385 5640 virilem,
2410 5586 2741 5630 senectutem.
2787 5575 2901 5630 Non
2953 5584 3115 5629 totam
3159 5574 3392 5628 hominis
3421 5571 3503 5623 νὶ-

2009 5756 2080 5827 (b)
2123 5755 2185 5811 N.
2228 5758 2316 5823 57,
2357 5775 2410 5829 p.
2450 5759 2540 5813 55.
