4038 6498
559 367 718 409 CLXVI

1923 368 2449 426 ΡιιυιιίιυΜΕΝΑ.

563 487 671 530 tam
704 471 934 544 scriptor
970 471 1058 527 ille
1088 472 1256 528 tribus
1281 486 1544 529 annorum
1569 475 1990 534 hebdomadibus
2027 483 2118 536 de-
2147 489 2192 545 Α
2222 502 2344 541 num
2398 487 2731 546 eruditorum
2781 492 3070 548 auctoritas
3110 495 3260 565 parvi
3304 497 3560 554 momenti
3613 500 3786 558 videri

559 568 697 630 ﬁnit,
730 566 820 622 sed
856 575 1062 634 tempus
1109 565 1250 620 intra
1285 567 1426 631 quod
1468 568 1712 623 homines
1754 585 2002 627 crescere
2032 589 2118 628 so-

557 659 688 714 lent.
719 656 922 712 Similis
953 657 1220 711 sententia
1255 659 1520 726 reperitur
1550 658 1600 710 iII
1624 667 1761 712 orat.
1795 659 1820 712 1
1850 661 1914 716 de
1943 662 2116 717 homi-

555 753 642 805 nis
673 756 966 810 structura,
1007 762 1062 800 ne.
1093 746 1156 798 l7
1184 755 1237 801 et
1264 745 1351 801 18.

627 838 878 894 Pluribus
910 838 1090 892 Basilii
1124 838 1176 891 in
1205 839 1441 906 psalmos
1481 841 1714 897 homiliis
1745 843 1901 898 nullae
1931 847 2116 902 insunt

554 939 713 992 notas,
744 945 809 983 ex
835 930 1030 998 quibus
1057 935 1429 997 pronuntiatus
1457 932 1626 986 fuisse
1642 947 1954 1001 cognoscas.
1978 935 2112 991 Nam

552 1021 960 1091 gloriﬁcatione,
1015 1036 1134 1089 qua:
1185 1021 1486 1091 huiusmodi
1547 1027 1820 1080 orationes
1865 1029 2112 1084 claudere

550 1113 705 1176 solet,
740 1123 926 1166 carent
989 1113 1220 1166 humilia:
1262 1115 1313 1167 in
1375 1117 1567 1183 psalm.
1619 1134 1713 1181 vn,
1758 1135 1907 1186 χχιχ,
1935 1138 2106 1188 xxxII,

544 1221 741 1269 xum,
774 1220 980 1269 xxxv",
1011 1221 1156 1269 XLIV,
1188 1222 1310 1272 ην,
1343 1224 1532 1266 XLVIII.
1566 1209 1669 1265 Sed
1707 1227 1830 1266 cum
1880 1214 2108 1271 Basilius

545 1300 689 1356 dicat
718 1297 790 1367 (a)
821 1299 872 1351 in
910 1298 1124 1351 homilia
1159 1299 1210 1351 in
1259 1300 1448 1368 psalm.
1497 1317 1626 1356 xm
1661 1322 1673 1355 :
1708 1304 1843 1368 Quot
1879 1307 2106 1372 fornica-

543 1402 698 1453 tores,
732 1399 855 1460 quot
890 1391 1030 1458 fures
1063 1391 1145 1444 hic
1182 1395 1364 1447 stant?
1402 1403 1457 1447 et
1495 1393 1545 1446 in
1571 1396 1786 1449 homilia
1831 1398 1880 1451 in
1912 1399 2102 1466 psalm.

542 1500 714 1538 XXXIII
747 1502 759 1536 :
795 1484 979 1536 Audite
1010 1500 1115 1547 vos,
1144 1485 1231 1552 qui
1260 1501 1414 1539 aures
1437 1487 1608 1540 cordis
1646 1487 1844 1541 habetis
1874 1500 2103 1555 apertas,

541 1574 709 1646 liquet
743 1575 841 1628 has
871 1575 1003 1628 duas
1042 1575 1313 1641 lIomilias,
1345 1577 1445 1630 etsi
1489 1579 1539 1630 in
1594 1579 1696 1632 [inc
1751 1579 2100 1649 gloriﬁcatio-

543 1683 659 1721 nem
705 1683 809 1721 non
861 1668 1076 1730 habent,
1129 1668 1503 1735 pronuntiatas
1551 1681 1726 1724 tamen
1771 1672 1822 1724 in
1868 1675 2096 1730 ecclesia

539 1759 734 1825 fuisse;
772 1773 872 1813 nec
899 1760 1049 1813 video
1075 1775 1170 1813 cur
1196 1761 1332 1813 idem
1361 1761 1426 1815 de
1451 1761 1571 1817 aliis
1595 1763 1984 1833 gloriticatione
2008 1781 2099 1821 ca-

537 1854 780 1908 rentibus
806 1852 1060 1921 judicium
1095 1867 1196 1905 non
1234 1852 1459 1907 feratur.

1112 1965 1338 2022 CAPUT
1375 1967 1534 2022 XLII.

531 2055 571 2112 I.
607 2058 1060 2132 _Commentarium
1119 2059 1174 2132 in
1234 2057 1786 2132 Isaiamﬂprgpltetam
1849 2068 2096 2132 perpauci

599 2127 801 2184 Basilio
849 2145 952 2182 non
1007 2129 1378 2181 attribuerunt.
1435 2130 1493 2184 II.
1541 2129 1801 2198 Scriptum
1840 2127 2091 2194 hoc-opus

600 2200 742 2271 intra
789 2198 922 2250 illud
957 2208 1178 2271 tempus
1224 2215 1332 2271 quo
1379 2199 1614 2271 Basilius
1656 2202 1921 2271 presbyter
1969 2205 2089 2271 fuit.

598 2270 866 2344 Scriptum
895 2265 1158 2344 etiam-in
1209 2265 1558 2344 (ξὶιρρράοεὶα.
1603 2270 1687 2344 lll._
1720 2265 2092 2344 Bagiliiiuge-

595 2339 739 2392 nium
774 2347 821 2391 et
844 2340 1108 2392 sententia:
1133 2339 1185 2390 in
1219 2340 1313 2391 hac
1340 2339 1740 2393 Commentario.
1772 2340 1856 2394 IV.
1893 2339 2090 2397 Eadem

595 2407 881 2474 Scriptum
922 2410 1324 2475 interpretanda:
1354 2412 1506 2462 ratio.
1535 2411 1589 2462 ν.
1617 2409 1967 2475 Comparatur
1993 2417 2088 2468 hoc

595 2495 723 2542 onus
756 2495 873 2530 cum
907 2480 1134 2531 bomiliis
1184 2481 1246 2530 de
1269 2477 1477 2546 jejunio
1523 2492 1570 2532 et
1614 2482 1666 2532 in
1710 2483 1954 2536 ebriosos.
2003 2483 2085 2537 VI.

599 2548 882 2602 Nonnullis
913 2548 1034 2620 aliis
1060 2549 1376 2620 cxemplis_et
1402 2552 1720 2620 argumentis
1747 2554 2089 2620 conﬁrmatur

594 2628 856 2739 auctq’rem
886 2618 1256 2671 Commentarii
1289 2615 1544 2672 Basiliam
1569 2637 1697 2674 esse.
1731 2615 2070 2678 VllfSolvun

594 2697 680 2739 tur
700 2704 727 2739 0
771 2690 919 2739 iecta.

594 2697 680 2739 tur
700 2690 919 2756 objecta.

591 2776 632 2831 ι.
669 2778 913 2832 Debitam
952 2779 1008 2833 S.
1045 2776 1244 2833 Basilio
1300 2780 1508 2834 Iaudem
1554 2781 1946 2836 vindicaturum
2001 2798 2086 2839 me

521 2883 697 2938 spero,
758 2871 803 2924 si
855 2870 971 2938 ejus
1005 2870 1207 2924 nomini
1240 2870 1500 2925 vindicem
1547 2873 1989 2926 commentarium
2029 2874 2084 2927 in

520 2961 742 3024 Isaiam,
800 2961 892 3030 qui
935 2962 1005 3025 ei,
1045 2970 1102 3014 ut
1134 2975 1269 3029 opus
1298 2971 1445 3015 tanto
1487 2964 1601 3017 viro
1644 2965 2081 3032 indignissimum,

519 3050 853 3118 ahjudicatus
880 3061 963 3106 est
988 3052 1039 3105 in
1073 3050 1393 3107 PaL-latione
1426 3056 1550 3108 tomi
1582 3054 1619 3117 l,
1659 3070 1711 3124 p.
1742 3055 1828 3109 48.
1861 3054 2082 3111 Jamdu-

516 3149 643 3201 dum
680 3146 828 3199 visus
857 3153 938 3200 est
986 3146 1085 3200 sibi
1131 3147 1383 3201 Erasmus
1419 3147 1780 3215 eloquentiam
1809 3149 1990 3203 Basilii
2030 3151 2081 3203 in

2225 593 2330 633 non
2361 579 2543 646 debet;
2592 582 2687 638 sed
2715 592 2890 639 tamen
2926 586 3057 641 certi
3093 588 3392 656 argumenti
3436 596 3642 658 pondus
3677 609 3785 648 non

2223 669 2448 724 obtinet.
2504 671 2681 737 Quare
2722 675 2826 729 alia
2875 677 3101 732 ineunda
3155 690 3247 733 est-
3284 680 3368 734 via
3418 683 3484 736 ad
3533 685 3646 739 veri
3695 686 3787 740 in-

2222 759 2653 829 vestigationem,
2703 779 2766 818 ac
2819 766 2869 819 in
2911 769 3096 835 primis
3147 769 3478 839 inquirenda:
3525 778 3786 845 temporis

2222 859 2378 905 notae.

2289 940 2672 1009 Antiquitatem
2715 947 2892 1016 operis
2922 949 3147 1017 pl'drima
3187 951 3446 1018 probant;
3487 953 3579 1007 sed
3627 952 3784 1007 nobis

2220 1039 2342 1083 nota
2377 1032 2550 1100 aliqua
2577 1049 2711 1103 opus
2738 1048 2840 1100 est,
2891 1053 3008 1105 qua:
3047 1054 3150 1093 non
3201 1040 3304 1094 Ialc
3346 1052 3545 1108 pateat,
3578 1058 3640 1095 ac
3673 1059 3782 1096 nun

2219 1124 2374 1178 modo
2419 1127 2668 1181 szcculum
2717 1141 2970 1197 quartum
3016 1131 3274 1200 designet,
3321 1135 3413 1188 sed
3455 1137 3617 1189 etiam
3649 1136 3783 1189 illud

2218 1217 2470 1284 temporis
2497 1220 2750 1288 spatium,
2799 1237 2905 1290 quo
2953 1223 3180 1278 Basilius
3227 1225 3278 1278 in
3315 1225 3545 1280 Ecclesia
3596 1229 3780 1282 Cmsa-

2217 1307 2371 1361 I'ICHSI
2407 1311 2684 1380 presbyter
2726 1323 2816 1366 aut
2859 1317 3141 1385 episcopus
3174 1317 3297 1371 fuit.
3351 1318 3404 1371 In
3436 1318 3578 1372 hunc
3622 1335 3778 1374 usum

2210 1398 2383 1467 colligi
2412 1414 2651 1467 possunt,
2681 1418 2799 1472 quae
2829 1405 2894 1458 de
2931 1406 3208 1462 Auommis
3247 1408 3496 1478 leguntur
3531 1410 3778 1479 pluribus

2212 1491 2262 1543 in
2296 1494 2427 1546 locis
2461 1511 2476 1546 :
2511 1493 2646 1550 Sunt
2682 1498 2937 1562 nonnulli,
2979 1501 3147 1569 inquit
3192 1512 3380 1555 auctor
3428 1502 3782 1556 Commenta-

2210 1583 2273 1634 rii
2315 1583 2388 1652 (p.
2416 1585 2562 1656 555),
2613 1589 2704 1656 qui
2740 1606 2854 1641 cum
2901 1601 3072 1656 patres
3105 1608 3225 1645 suos
3275 1602 3322 1645 et
3356 1593 3552 1645 tradita
3597 1594 3661 1645 ab
3697 1595 3778 1647 eis

2207 1675 2450 1744 dogmata
2494 1681 2637 1749 sequi
2675 1684 2972 1752 fastidiant,
3005 1686 3100 1748 ipsi
3131 1688 3385 1739 luvresum
3424 1688 3638 1753 cupiunt
3671 1703 3777 1739 au-

2205 1778 2368 1822 ctores
2394 1787 2516 1824 esse.
2555 1772 2730 1836 Quare
2760 1777 3006 1828 novitates
3023 1778 3276 1843 quasdam
3308 1777 3780 1830 comminiscuntur

2129 1850 2171 1902 Β
2201 1862 2446 1915 adversus
2479 1875 2670 1916 rectum
2703 1880 3009 1929 sermonem,
3056 1868 3314 1920 malitiam
3352 1868 3776 1936 impietatemth

2205 1955 2407 2018 scriptis
2439 1957 2711 2022 prodentes
2743 1972 2761 2009 :
2794 1959 2859 2010 ad
2901 1975 3026 2026 quos
3054 1961 3304 2026 pervenit,
3339 1976 3439 2024 να),
3489 1962 3556 2013 ad
3592 1973 3774 2027 patres

2200 2045 2427 2098 uidelicet
2453 2045 2602 2114 falsa:
2629 2058 2674 2099 et
2699 2049 3004 2102 adulterina:
3026 2051 3273 2114 scientiw,
3300 2061 3344 2104 et
3371 2052 3439 2103 ad
3463 2051 3771 2119 dogmatum

2199 2136 2472 2198 impiorum
2503 2140 2797 2205 scriptores.
2833 2139 2982 2194 Tales
3020 2143 3155 2196 enim
3179 2159 3286 2206 eos,
3319 2143 3407 2211 qui
3432 2141 3557 2208 ﬁdei
3583 2144 3770 2208 inepta

2198 2227 2457 2291 laborant,
2500 2227 2775 2294 diripiunt,
2812 2242 2964 2297 atque
2993 2233 3045 2283 in
3074 2231 3280 2284 animas
3302 2249 3424 2285 vero
3458 2232 3549 2284 illa
3577 2249 3772 2298 sponso

2196 2317 2304 2372 Deo
2347 2319 2511 2375 Verbo
2556 2324 2736 2376 viduas
2765 2324 3097 2393 tyrannidem
3144 2333 3400 2378 exercent.
3462 2323 3564 2378 Sed
3622 2335 3671 2377 et
3718 2322 3773 2379 si

2193 2414 2483 2480 quempiam
2508 2414 2614 2468 Deo
2643 2419 2881 2469 orbatum
2905 2417 2967 2469 ob
2990 2427 3258 2483 peccatum
3284 2417 3523 2478 viderint,
3552 2425 3601 2470 et
3628 2418 3772 2471 hunc

2193 2504 2290 2555 sibi
2326 2506 2475 2571 quasi
2501 2508 2732 2574 prwdam
2771 2506 3032 2559 vindicant
3073 2522 3091 2558 :
3129 2507 3316 2574 quippe
3352 2507 3423 2558 eis
3455 2508 3769 2572 promittunt

2193 2596 2520 2648 securitatem
2542 2612 2764 2660 omnem,
2788 2608 2833 2650 et
2866 2597 3210 2662 voluptariam
3243 2596 3398 2649 vitam
3441 2608 3765 2662 praponunt,

2191 2687 2234 2738 si
2264 2687 2412 2738 modo
2458 2702 2542 2739 eos
2581 2688 2839 2755 dogmatis
2863 2686 3196 2740 Divinitatem
3228 2689 3646 2756 oppugnantibus
3679 2689 3770 2738 in-

2191 2776 2422 2845 telligant
2467 2779 2726 2831 assentiri.
2764 2776 2948 2842 Qualis
2985 2795 3119 2831 nunc
3165 2777 3442 2847 pullulavit
3480 2780 3766 2831 Anoma‘to-

2191 2885 2301 2922 rum
2320 2869 2547 2936 lIceresis,
2578 2873 2669 2940 qui
2692 2871 3084 2937 scortatoribus,
3107 2872 3379 2936 adulteris,
3404 2871 3765 2926 masculorum

2191 2961 2644 3026 concubitoribus,
2702 2961 3013 3031 plagiariis,
3074 2964 3302 3030 perjuris
3370 2979 3430 3015 ac
3491 2964 3768 3015 mendaci-

2191 3052 2283 3104 bus
2333 3054 2535 3105 veniam
2575 3063 2900 3120 peccatorum
2953 3053 3286 3120 pollicentur,
3335 3055 3380 3107 si
3427 3069 3480 3105 δν
3530 3071 3595 3106 ἠι
3645 3069 3764 3106 siue

2190 3143 2437 3195 adversus
2474 3138 2806 3209 Unigenitum
2850 3142 3181 3211 blasphemia:
3213 3145 3381 3197 socios
3413 3142 3528 3195 illos
3560 3142 3765 3198 habue-

519 3237 619 3291 lIoc
665 3252 827 3305 opere
879 3253 983 3290 non
1027 3240 1287 3308 reperire,
1331 3239 1471 3306 quod
1514 3239 1645 3292 satis
1689 3240 1736 3292 ei
1780 3240 2080 3308 argumenti
2111 3207 2152 3263 Ο
2187 3233 2311 3284 Tint-

517 3328 638 3393 I'uit,
688 3339 746 3382 ut
791 3331 1079 3399 genuinum
1130 3345 1249 3384 esse
1303 3329 1465 3383 fetum
1506 3340 1747 3399 negaret.
1804 3331 2082 3400 Ascripto-

516 3433 629 3471 rem
666 3417 743 3487 (b)
774 3419 874 3471 hac
897 3419 948 3472 in
980 3434 1037 3473 re
1071 3419 1258 3473 habuit
1295 3419 1564 3472 Rivetum.
1593 3419 1710 3488 Ipse
1733 3421 1892 3474 etiam
1930 3422 2083 3476 Peta-

515 3509 634 3562 vius
689 3510 862 3563 obiter
915 3511 1223 3579 pronuntiat
1275 3507 1692 3566 commentarios
1751 3513 1816 3566 ad
1861 3513 2076 3578 Isaiam,

513 3601 603 3668 qui
638 3600 836 3655 Basilio
867 3603 1041 3655 solent
1077 3603 1318 3666 inscribi,
1347 3603 1487 3659 illius
1522 3619 1624 3656 non
1652 3619 1792 3666 esse,
1828 3605 1918 3657 sed
1961 3605 2081 3657 nul-

515 3694 617 3749 lam
645 3695 830 3765 judicii
860 3697 940 3749 sui
968 3697 1228 3751 rationem
1256 3698 1476 3766 profert.
1512 3698 1652 3752 Inter
1676 3696 1895 3752 Graecos
1914 3696 2078 3751 Joan—

514 3800 609 3839 nes
663 3788 1010 3856 Drungarius,
1056 3789 1235 3842 saeculi
1280 3788 1576 3842 duodecimi
1630 3789 1881 3857 scriptor,
1928 3789 2081 3857 cujus

514 3879 874 3948 fragmentum
909 3889 1088 3933 exstat
1132 3883 1184 3934 in
1233 3879 1451 3932 Collect.
1505 3881 1722 3933 Patrum
1752 3880 2077 3946 Gron-orum,

512 3972 614 4025 hoc
650 3985 782 4039 opus
820 3970 877 4023 ὃ.
917 3969 1110 4024 Basilio
1149 3970 1416 4037 abjudicat
1453 3971 1598 4039 (pag.
1639 3971 1787 4039 550).
1820 3973 1910 4025 Sic
1933 3974 2077 4026 enim

509 4061 747 4129 loquitur
789 4079 800 4115 :
837 4062 947 4113 Kal.
997 4062 1152 4114 τοῦτο
1205 4063 1259 4114 δὲ
1302 4062 1597 4133 κατάδηλον
1653 4063 1790 4115 ποιῶ
1835 4067 1948 4126 τοῖς
1993 4066 2080 4117 ἐν-

506 4152 880 4224 τυγχάνουσιν,
922 4153 998 4217 ὡς
1026 4156 1052 4206 ὁ
1088 4156 1146 4205 ὲν
1173 4153 1346 4221 ἁγίοις
1378 4154 1655 4217 Βασίλειος
1699 4157 1860 4226 μέρος
1899 4173 1950 4208 τι
1979 4156 2077 4227 τῆς

504 4248 564 4300 ὲν
582 4246 734 4316 χερσὶ
755 4245 1088 4317 προφητείας
1123 4247 1463 4316 ήρμήνευσεν
1484 4263 1497 4276 ·
1531 4247 1648 4316 ἥτις
1678 4247 1938 4320 ἑρμηνεία
1968 4264 2076 4301 πα-

505 4338 575 4409 ρὰ
601 4338 811 4400 πολλοῖς
836 4337 1253 4407 ἀμφιϐάλλεται.
1294 4336 1404 4391 Hoc
1443 4347 1615 4391 autem
1641 4340 1853 4392 lectores
1891 4339 2077 4393 admo-

505 4433 637 4484 nitos
679 4432 813 4494 volo,
862 4429 1112 4499 Magnum
1146 4428 1405 4482 Basiliam
1457 4431 1612 4499 hujus
1637 4432 1921 4500 prapIIetia:
1950 4445 2074 4500 par-

498 4537 602 4579 tem
632 4526 1024 4590 interpretatum
1070 4539 1177 4578 esse
1199 4564 1214 4589 ,
1249 4539 1365 4590 qum
1397 4522 1603 4590 quidem
1651 4523 2006 4590 interpretatio
2038 4538 2070 4575 a
2102 4543 2146 4598 ι)

500 4616 678 4669 multis
717 4618 771 4670 in
812 4616 1028 4669 dubium
1059 4625 1347 4670 revocatur.
1373 4612 1524 4679 Quod
1560 4614 1636 4667 ait
1679 4614 2012 4683 Drungarius
2037 4629 2067 4666 a

501 4706 682 4759 multis
737 4706 992 4771 dubitari,
1043 4721 1108 4758 an
1149 4718 1337 4759 auctor
1383 4704 1452 4758 sit
1496 4703 1652 4772 hujus
1691 4703 2069 4756 commentarii

501 4796 745 4860 Β.ιεὶ1ιυε,
779 4794 831 4848 id
869 4796 932 4849 de
960 4795 1315 4863 scriptoribus
1338 4792 1721 4848 ecclesiasticis
1761 4790 2067 4860 intelligen-

496 4890 624 4942 dum
669 4904 774 4943 non
826 4890 1055 4942 videtur.
1101 4889 1244 4953 Quos
1273 4889 1412 4942 enim
1450 4888 1718 4950 novimus,
1767 4886 1818 4939 IIi
1857 4898 2068 4940 summo

498 4997 765 5035 consensu
789 4990 1065 5050 parentem
1089 4980 1246 5049 hujus
1266 4980 1444 5048 operis
1464 4978 1719 5033 Basilium
1743 4984 2064 5045 agnoscunt,

496 5070 762 5122 Maximus
788 5069 1080 5134 confessor,
1113 5068 1348 5124 Joannes
1391 5070 1773 5129 Damascenus,
1831 5066 2062 5137 Symeon

497 5161 814 5232 Lngotheta.
876 5164 1142 5217 Antonius
1188 5162 1424 5227 Melissa,
1491 5160 1805 5224 Tharasius,
1876 5166 2066 5214 auctor

499 5253 838 5308 Scholiorum
905 5254 1214 5309 Graecorum
1286 5255 1338 5306 in
1403 5251 1659 5321 epistolas
1720 5249 2062 5320 apostolicas.

497 5345 703 5398 (irtccis
745 5345 994 5399 assentiri
1042 5361 1147 5399 non
1169 5343 1483 5398 dubitarunt
1509 5343 1835 5396 recentiores
1869 5340 2065 5407 critici,

497 5436 703 5492 Natalis
725 5438 1047 5500 Alexander,
1093 5438 1352 5503 Dupinus,
1375 5435 1776 5497 Tillemontius,
1810 5441 1864 5487 et
1888 5431 2068 5488 erudi-

501 5538 583 5582 tus
605 5531 781 5584 editor
801 5544 1023 5597 cperunt
1054 5526 1113 5585 S.
1147 5527 1370 5581 Joannis
1400 5525 1735 5580 Damasceni.
1763 5523 1865 5578 Tot
1902 5523 2069 5578 homi-

570 5728 643 5791 (a)
685 5725 749 5778 N.
778 5727 830 5789 5,
865 5741 984 5793 pag.
1024 5726 1146 5777 I27.

567 5799 640 5854 lbi
679 5795 830 5851 Tom.
857 5796 919 5849 ιιι
944 5795 1129 5857 Doqm.
1156 5797 1401 5861 tlIeolog.,
1443 5797 1533 5852 lib.
1568 5811 1605 5861 I,
1643 5811 1694 5856 c.
1728 5795 1783 5863 Ξ,
1818 5811 1870 5850 n.
1900 5795 1954 5849 4.

2255 3324 2314 3378 II.
2360 3323 2510 3390 Illud,
2558 3325 2714 3378 ὁποία.
2768 3328 2799 3396 ὴ
2837 3326 2932 3381 νῦν
2965 3327 3466 3399 παραδλαστήσασα
3495 3327 3602 3381 τῶν
3633 3330 3764 3383 ἀνο-

2189 3415 2353 3484 μοίων
2386 3415 2613 3486 αἵρεσις,
2651 3415 2836 3481 Qualis
2878 3434 3011 3471 nunc
3068 3420 3345 3487 pullulavit
3383 3419 3762 3474 Anomaeoruns

2184 3507 2414 3571 haeresis,
2444 3523 2549 3562 non
2580 3507 2916 3563 referendum
2945 3512 3248 3565 necessario
3273 3512 3441 3565 estad
3471 3512 3640 3580 ipsum
3671 3529 3763 3567 ar-

2186 3599 2425 3660 ticulum,
2453 3615 2557 3668 quo
2586 3601 2821 3655 lIteretici
2858 3601 2932 3654 illi
2965 3602 3227 3669 prodiere.
3274 3601 3461 3655 Statim
3492 3604 3637 3656 enim
3670 3615 3759 3657 at-

2183 3703 2287 3757 que
2320 3689 2572 3744 verticem
2617 3691 2837 3744 sustulit
2870 3704 3055 3744 eorum
3107 3689 3374 3758 impietas,
3403 3691 3758 3747 vehementer

2182 3783 2249 3834 ab
2279 3780 2346 3834 iis
2381 3779 2468 3848 qui
2505 3779 2824 3834 Semiariani
2866 3781 3134 3845 dicuntur,
3169 3783 3461 3853 oppugnati
3498 3793 3660 3848 sunt;
3698 3795 3757 3838 et

2182 3886 2302 3923 cum
2329 3872 2380 3924 in
2401 3871 2748 3925 oll‘ensionem
2783 3871 2878 3941 ipsi
2906 3871 3220 3926 Constantio
3253 3875 3545 3935 venissent,
3577 3874 3753 3940 pluri-

2187 3977 2330 4014 mum
2371 3962 2568 4027 negotii
2615 3961 2852 4015 habuere
2887 3961 2940 4014 in
2983 3957 3122 4014 illius
3165 3962 3523 4031 recclligenda
3552 3963 3753 4032 gratia,

2181 4066 2281 4105 nec
2310 4063 2519 4120 tempus
2552 4062 2670 4106 erat
2706 4051 3037 4120 impunitatis
3063 4052 3181 4106 aliis
3216 4055 3610 4120 promittenda),
3652 4055 3752 4108 sed

2179 4144 2527 4213 sibimetipsis
2557 4145 2877 4212 quarendte.
2912 4143 3206 4197 Retraxere
3238 4144 3308 4196 illi
3337 4144 3551 4214 quidem
3584 4146 3652 4197 ad
3687 4161 3754 4200 se

2177 4246 2361 4308 postea
2389 4236 2638 4290 mobilem
2660 4250 2724 4288 ac
2758 4234 2924 4288 levem
2953 4233 3249 4288 Constantii
3284 4234 3541 4300 animum,
3580 4250 3643 4289 ac
3681 4237 3754 4294 de

2179 4329 2525 4384 Semiarianis
2563 4341 2748 4397 poenas
2788 4327 3018 4382 vicissim
3061 4336 3404 4392 sumpserunt
3452 4340 3592 4381 anno
3617 4327 3750 4382 560.

2178 4420 2280 4474 Sed
2337 4430 2514 4474 tamen
2567 4434 2687 4473 cum
2730 4420 2843 4487 ipse
2875 4418 3218 4473 Constantius
3272 4434 3377 4471 non
3430 4427 3631 4472 tantam
3665 4420 3752 4473 eis

2176 4512 2547 4565 auctoritatem
2581 4525 2645 4565 ac
2682 4510 2952 4565 licentiam
2996 4510 3190 4574 dabat,
3247 4518 3444 4577 quanta
3486 4510 3539 4563 in
3585 4510 3751 4563 allato

2179 4602 2483 4656 testimonio
2546 4599 2869 4670 perspicitur
2929 4597 3072 4670 (nam
3121 4615 3242 4653 cum
3292 4600 3465 4654 ventis
3510 4598 3752 4653 maxime

2177 4691 2429 4746 secundis
2468 4699 2767 4753 uterentur,
2819 4689 3065 4757 imposita
3114 4690 3353 4742 Eudoxio
3393 4703 3578 4743 eorum
3619 4692 3748 4745 duci

2179 4780 2350 4834 tristis
2379 4779 2670 4834 necessitas
2689 4779 2935 4834 Eunomii
2975 4779 3055 4834 sui
3080 4778 3432 4850 deponendi);
3469 4788 3580 4832 tum
3617 4795 3752 4837 vero

2175 4887 2368 4928 nomen
2391 4872 2774 4927 Anomteorum
2799 4889 3076 4943 accepere,
3109 4871 3333 4926 testibus
3360 4880 3546 4926 sancto
3573 4873 3751 4927 Atha-

2174 4967 2414 5038 nasio(c)
2443 4975 2497 5021 et
2523 4966 2745 5022 Socrate
2765 4967 2866 5036 (ά),
2893 4977 3170 5035 postquam
3203 4964 3254 5018 in
3288 4965 3518 5019 concilio
3547 4965 3746 5018 Antio-

2175 5062 2345 5115 cheno
2372 5060 2564 5113 FiliiInI
2603 5058 2748 5112 Patri
2779 5059 3092 5113 dissimilem
3125 5057 3396 5121 dixerunt,
3431 5057 3570 5125 quod
3615 5059 3746 5124 qui-

2163 5157 2281 5208 dem
2314 5168 2454 5206 anno
2487 5151 2583 5205 561
2624 5152 2845 5220 contigit
2872 5150 3038 5220 paulo
3071 5159 3195 5203 ante
3219 5159 3446 5202 mortem
3475 5147 3747 5202 Constan-

2167 5247 2246 5301 tii.
2286 5247 2463 5312 Quare
2497 5260 2616 5314 quae
2637 5245 2702 5298 de
2717 5244 2993 5297 Anomtnis
3029 5243 3079 5294 in
3117 5243 3215 5295 hoc
3244 5239 3636 5293 commentario
3660 5243 3745 5295 di-

2165 5347 2378 5399 cuntur,
2406 5337 2683 5391 referenda
2709 5337 2772 5390 ad
2795 5350 2979 5391 eorum
3007 5337 3107 5390 sub
3130 5335 3350 5388 Valente
3375 5333 3744 5390 dominatum.

2166 5429 2296 5481 Illud
2362 5427 2494 5491 νῦν,
2541 5437 2599 5482 ut
2657 5427 3058 5482 observavimus
3114 5426 3179 5478 ad
3237 5424 3524 5493 epistolam
3593 5423 3744 5489 238,

2167 5535 2308 5588 saepe
2341 5521 2480 5574 idem
2511 5530 2677 5574 sonat.
2703 5535 2764 5574 ac
2801 5534 2990 5588 nuper,
3017 5529 3071 5573 ct
3095 5519 3160 5571 de
3192 5518 3348 5571 rebus
3375 5525 3496 5569 ante
3519 5513 3741 5583 aliquod

2249 5722 2318 5786 (ε)
2360 5720 2435 5772 De
2473 5723 2655 5792 sgnod.
2685 5737 2735 5789 p.
2765 5720 2899 5776 .907.

2254 5792 2332 5855 (Δ)
2375 5792 2489 5848 Lib.
2525 5807 2581 5858 II,
2634 5808 2683 5848 c.
2718 5794 2804 5847 45.
