4038 6446
1635 404 1790 462 νιΤΑ
1836 409 1893 463 S.
1938 406 2204 463 BASlLll.

3328 424 3503 467 αιγιι

268 522 482 583 tempus
539 515 769 584 peractis
828 514 1044 571 dicitur.
1098 515 1244 572 Unde
1275 518 1499 573 Basilius
1544 522 1608 576 de
1644 524 1831 578 haeresi
1862 532 1905 586 Α
1938 527 2060 577 dum
2093 525 2307 592 scriptis
2334 524 2601 593 cognitum
2650 532 2798 577 tanta
2842 522 3197 577 similitudine
3241 523 3501 586 retuierit,

273 606 883 661 Pneumatomacborum
915 608 965 661 in
993 607 1147 677 epist.
1182 609 1284 665 159
1318 628 1332 663 :
1362 611 1433 664 Τὸ
1456 612 1549 666 νῦν
1590 615 1836 686 παρακύ-

266 696 377 764 ψαν
423 696 574 767 παρὰ
618 697 723 750 τῶν
781 701 866 751 ἀεὶ
907 705 1243 769 καινοτομεῖν
1294 706 1709 775 ἐπιχειρούντων
1744 707 1837 777 ζή-

267 802 443 857 τημα.
477 787 633 841 Nunc
666 792 910 857 prodiens
937 793 998 843 ab
1037 794 1326 849 hominibus
1354 814 1553 866 semper
1587 801 1700 851 novi
1739 801 1837 851 ali-

267 883 399 944 quid
431 883 672 935 inducere
697 882 1003 936 conantibus
1036 889 1275 953 quwstio.

340 972 422 1025 Ad
453 975 590 1026 idem
622 972 853 1027 Valentis
882 975 1164 1043 imperium
1196 979 1462 1046 pertinent
1483 997 1600 1049 quae
1626 985 1693 1037 de
1717 999 1840 1036 con-

272 1065 556 1117 troversiis
605 1066 743 1120 inter
786 1068 933 1132 ipsos
974 1069 1280 1125 Catliolicos
1319 1075 1522 1126 exortis
1571 1074 1835 1143 leguntur,

270 1172 321 1220 ν.
357 1154 461 1207 504
493 1172 504 1204 :
541 1157 767 1225 Ὄφελον
817 1159 874 1211 δὲ
921 1162 969 1212 οἱ
1012 1162 1300 1231 αὐχοῦντες
1340 1163 1435 1233 τὴν
1481 1165 1838 1237 ἁποστολικὴν

268 1245 614 1299 διέασκαλίαν
637 1253 1016 1321 τετηρηκέναι,
1045 1254 1135 1306 καὶ
1156 1254 1290 1306 κατὰ
1312 1254 1557 1327 διαδοχὴν
1589 1260 1681 1311 ἀπ’
1708 1262 1840 1313 ὲκεί-

267 1353 377 1388 νων
414 1338 475 1388 τὸ
504 1341 765 1411 κήρυγμα
806 1344 897 1395 τοῦ
927 1345 1253 1411 Εὑαγγελίου
1304 1348 1716 1418 παρειληφέναι,
1752 1353 1839 1406 διὰ

266 1429 367 1495 τῆς
425 1432 550 1501 περὶ
593 1432 699 1485 τῶν
747 1434 1029 1503 δογμάτων
1074 1437 1381 1505 ὁμοφωνίας
1434 1439 1719 1505 ἐδείκνυον,
1758 1443 1838 1495 ὅτι

271 1522 402 1589 μιᾶς
438 1523 544 1574 εἰσὶ
576 1524 713 1593 μέρη
736 1525 833 1592 τῆς
857 1526 1090 1595 Χριστοῦ
1132 1529 1473 1599 Ἐκκλησίας.
1505 1530 1715 1585 Utinam
1740 1552 1838 1585 au-

268 1623 371 1664 tem
402 1614 491 1681 qui
523 1630 575 1665 se
598 1616 887 1667 doctrinam
916 1619 1255 1684 apostolicam
1279 1638 1505 1687 servare,
1528 1640 1588 1675 ac
1610 1641 1700 1691 per
1724 1641 1839 1676 suco

268 1707 550 1757 cessionem
573 1707 634 1757 ab
665 1710 909 1775 apostolis
940 1712 1363 1777 praedicationem
1396 1714 1671 1784 Evangelii
1695 1732 1838 1768 acce-

265 1797 403 1862 pisse
434 1795 760 1865 gloriantur,
802 1804 1146 1867 ostenderent,
1191 1806 1368 1858 eadem
1414 1809 1476 1859 de
1514 1806 1837 1875 dogmatibus

1939 624 2133 681 quanta
2157 615 2495 683 semetipsum
2526 612 2753 668 Basilius
2784 613 2836 666 in
2866 613 3115 667 omnibus
3144 615 3397 683 operibus
3423 631 3507 666 re-

1941 705 2063 759 fert.
2125 705 2316 759 Paucis
2365 719 2491 773 ergo
2545 704 3022 757 demonstrandum
3067 720 3332 757 summam
3387 720 3507 759 csso

1941 801 2077 852 inter
2110 799 2552 852 commentarium
2584 809 2638 852 et
2672 798 2772 851 alia
2807 795 2993 851 Basilii
3022 797 3220 866 scripta
3250 796 3505 851 similitu-

1940 896 2135 946 tlincm.

2011 985 2086 1053 (a)
2114 984 2283 1039 Nemo
2311 996 2395 1039 est
2422 999 2554 1038 sane
2587 984 2698 1052 qui,
2730 983 2776 1037 si
2807 980 3201 1035 animadvertat
3226 980 3504 1044 attentius,

1941 1089 2099 1142 quam
2128 1076 2354 1129 libenter
2392 1074 2763 1129 commentarii
2807 1083 2994 1127 auctor
3048 1074 3112 1125 de
3147 1075 3386 1143 physicis
3424 1088 3505 1124 re-

1942 1163 2059 1224 bus,
2093 1179 2153 1217 ac
2191 1166 2452 1233 prmcipue
2479 1164 2547 1218 de
2588 1163 2897 1217 animalium
2926 1164 3347 1231 proprietatibus
3395 1163 3507 1216 dis-

1942 1264 2107 1317 serat,
2140 1272 2241 1308 non
2273 1254 2426 1308 facile
2462 1267 2719 1324 agnoscat
2755 1266 3029 1308 auctorem
3081 1253 3417 1307 homiliarum
3454 1254 3509 1305 in

1942 1343 2196 1398 Hexaem.
2227 1346 2480 1400 Redolent
2511 1348 2672 1399 etiam
2707 1346 2780 1415 (b)
2818 1346 3072 1399 nonnulla
3102 1362 3316 1415 operam
3348 1362 3376 1399 a
3404 1345 3510 1397 Ba-

1942 1437 2061 1488 silio
2127 1440 2176 1489 in
2238 1438 2567 1493 astronomia
2631 1437 2726 1507 (c)
2799 1438 3028 1492 Athenis
3084 1437 3368 1491 ediscenda
3431 1437 3510 1489 in-

1943 1536 2227 1595 sumptam.
2267 1527 2411 1582 lnter
2449 1537 2592 1583 artes
2622 1543 2740 1597 quae
2772 1530 2837 1581 ad
2874 1529 3035 1579 vitam
3071 1527 3411 1589 necessarize,
3453 1539 3510 1581 et

1941 1632 2033 1670 eas
2055 1634 2173 1685 quae
2197 1635 2346 1674 vanu:
2375 1632 2429 1676 et
2463 1621 2677 1675 inutiles
2706 1630 2854 1685 sunt,
2900 1620 3035 1673 idem
3067 1634 3291 1686 prorsus
3320 1621 3511 1674 discri-

1943 1723 2061 1761 men
2090 1711 2345 1765 statuitur
2376 1713 2428 1766 in
2454 1714 2843 1767 commentario
2875 1716 2951 1782 (p.
2984 1710 3132 1782 9H),
3162 1727 3224 1766 ac
3250 1712 3302 1765 in
3332 1715 3509 1780 prima

1942 1798 2160 1855 humilia
2185 1803 2237 1856 in
2266 1802 2521 1859 Hexaem.
2558 1806 2632 1874 (p.
2669 1805 2745 1873 7;,
2775 1813 2827 1857 et
2855 1805 3134 1873 utriusque
3205 1803 3303 1857 loci
3341 1804 3511 1856 simil-

265 1887 509 1954 άίεεηιίο,
546 1903 599 1941 se
628 1893 780 1945 unius
813 1892 1058 1947 [ξεί-[θείω
1086 1894 1278 1947 σΙη-ἰιιὶ
1306 1904 1480 1963 partes
1504 1897 1651 1950 esse!
1866 1885 1907 1939 Β
1936 1888 2064 1943 lima
2090 1895 2378 1947 sententia.
2412 1894 2659 1964 Legimus
2686 1894 2737 1947 in
2763 1894 2986 1947 humilia
3024 1895 3056 1946 5
3077 1895 3131 1947 in
3160 1892 3416 1947 Hexaem.
3455 1912 3505 1962 ι).

267 1977 371 2033 tice
397 1980 510 2034 haec
534 1986 858 2037 conveniunt
900 1986 954 2039 in
999 1985 1125 2040 illud
1168 1986 1408 2043 Valentis
1443 1998 1671 2058 tempus,
1713 2006 1835 2044 cum

266 2081 321 2126 et
364 2074 429 2125 de
475 2075 645 2128 tribus
685 2076 1067 2145 hypostasibus
1099 2079 1332 2132 maxima
1359 2090 1502 2134 esset
1540 2082 1832 2151 contentio,

268 2177 333 2217 ac
361 2166 506 2219 inter
540 2166 802 2236 plurimos
838 2168 1118 2236 episcopos
1145 2170 1383 2239 disrupta
1413 2173 1720 2226 communio
1750 2187 1836 2227 es-

262 2266 369 2321 set,
398 2259 448 2311 in
479 2274 583 2327 qua
615 2258 893 2311 sarcienda
927 2275 1025 2313 nec
1050 2260 1327 2331 presbyter
1348 2262 1576 2316 Basiiins
1610 2278 1706 2318 nec
1732 2265 1837 2332 epi-

260 2360 460 2413 scopus
517 2345 758 2399 laborare
792 2348 1013 2404 destitit.
1048 2350 1293 2419 Scriptus
1330 2369 1459 2422 ergo
1496 2366 1831 2408 commenta-

262 2438 380 2493 rius
428 2439 482 2491 in
529 2436 735 2490 Isaiam
788 2442 886 2494 sub
934 2442 1189 2505 Valente;
1236 2444 1395 2512 idque
1445 2444 1579 2497 intra
1631 2456 1829 2515 septem

262 2529 474 2596 priores
530 2544 701 2586 annos
743 2529 881 2585 illius
926 2532 1159 2601 imperii,
1209 2543 1492 2604 antequam
1544 2551 1573 2589 e
1616 2536 1834 2592 latebris

259 2621 708 2676 dissimulationis
740 2624 1026 2691 prodiisset
1070 2626 1275 2681 nefaria
1311 2629 1835 2689 Pneumatomacbo-

260 2729 382 2766 rum
410 2716 654 2782 haeresis,
692 2732 813 2784 qua:
848 2718 999 2772 initio
1021 2720 1359 2788 episcopatus
1386 2721 1564 2776 Basilii
1602 2726 1833 2792 grassari

257 2795 448 2874 coepit,
505 2823 569 2861 ac
606 2809 856 2877 deinceps
905 2821 1216 2878 perpetuum
1258 2830 1377 2866 cum
1410 2830 1473 2867 eo
1506 2816 1697 2867 bellum
1739 2816 1834 2869 ha-

256 2898 400 2951 buit.
425 2898 568 2952 Nihil
593 2901 734 2953 enim
764 2902 829 2955 de
862 2902 948 2954 illa
980 2903 1169 2956 haeresi
1207 2905 1441 2972 reperias
1474 2907 1524 2959 in
1559 2922 1837 2960 commen-

259 2994 399 3045 tario
452 3032 465 3044 .
513 2992 658 3046 solus
700 2992 866 3047 Filius
904 2995 1209 3048 defenditur
1256 3015 1268 3050 :
1319 2998 1417 3051 soli
1457 3000 1835 3069 impugnantur

254 3083 467 3145 Ariani,
498 3084 608 3153 qui,
637 3096 694 3137 ut
724 3085 777 3137 in
823 3085 927 3139 alio
961 3086 1075 3141 loco
1101 3088 1177 3157 (p.
1212 3089 1337 3160 5‘25)
1384 3092 1630 3161 legimus,
1663 3094 1833 3147 tradi-

258 3185 408 3228 turos
445 3191 503 3229 se
537 3177 926 3243 pollicebantur
962 3195 1080 3249 qum
1107 3183 1170 3235 ad
1200 3183 1391 3236 Filium
1441 3196 1709 3251 spectant,
1749 3198 1831 3241 at-

256 3281 363 3333 que
397 3267 496 3321 hoc
517 3269 761 3335 specioso
790 3285 1041 3326 sermone
1066 3273 1486 3341 simplicioribus
1515 3275 1827 3330 illudebant.

256 3359 565 3425 Quinetiam
630 3362 1150 3419 Pneumatomachos
1206 3366 1454 3434 intelligit
1502 3379 1832 3421 commenta-

256 3463 365 3518 tor,
400 3469 504 3507 non
537 3456 837 3517 harreticos,
888 3458 978 3524 qui
1007 3458 1341 3512 divinitatem
1400 3460 1632 3527 Spiritus
1660 3461 1832 3515 sancti

255 3547 665 3616 impugnabant,
723 3552 813 3604 sed
852 3551 1096 3606 homines
1146 3567 1358 3605 amarus
1383 3564 1435 3605 et
1473 3554 1658 3615 maius,
1698 3570 1833 3622 quos

255 3656 378 3692 cum
422 3643 504 3707 api
550 3658 612 3695 ex
652 3644 894 3699 immisso
931 3645 1113 3697 aculeo
1149 3645 1407 3697 moriente
1432 3657 1713 3711 comparat
1751 3648 1827 3715 (p.

254 3731 403 3799 55!).
437 3734 577 3785 Talis
604 3745 699 3796 est,
727 3735 919 3802 inquit,
944 3737 1215 3788 ltominnm
1246 3753 1548 3789 antarorum
1582 3749 1627 3789 et
1658 3742 1835 3791 adver-

252 3840 345 3877 sus
366 3822 625 3890 Spiritum
649 3829 988 3895 pugnantium
1016 3841 1226 3894 natura,
1253 3830 1373 3885 Τῶν
1399 3832 1610 3903 πικρῶν
1630 3833 1833 3904 ἀνθρώ-

256 3932 375 3969 πων
428 3918 522 3971 καὶ
550 3918 1046 3992 Πνευματομάχων,
1102 3925 1191 3991 qui
1240 3926 1540 3992 semetipsos
1600 3928 1831 3996 nequitia

252 4015 423 4081 magis
460 4013 681 4079 lwdunt,
714 4033 869 4083 quam
912 4034 997 4069 eos
1048 4019 1137 4086 qui
1186 4018 1239 4070 in
1278 4034 1461 4070 eorum
1498 4020 1830 4070 iracundiam

253 4109 559 4161 inciderint.
619 4108 843 4162 Videtur
897 4125 1027 4178 ergo
1076 4110 1689 4164 Pneumatomachorum
1730 4127 1827 4164 vox

256 4200 496 4252 nondum
572 4208 694 4253 tunc
762 4201 1104 4270 designandis
1161 4203 1433 4258 haereticis
1506 4203 1673 4259 fuisse
1737 4204 1830 4258 ad-

255 4292 423 4345 dicta.

323 4383 442 4437 Jam
484 4399 733 4455 magnum
764 4384 1019 4439 habemus
1060 4396 1459 4456 argumentum.
1501 4403 1598 4441 cur
1633 4386 1828 4441 Basilio

253 4477 526 4531 tribuatur
563 4479 663 4532 hoc
690 4493 844 4546 opus.
884 4476 1253 4547 Praeterquam
1288 4478 1430 4548 quod
1464 4477 1514 4530 ei
1553 4477 1827 4547 adiudica-

1934 1980 2022 2047 25,
2051 1990 2103 2036 et
2126 1986 2174 2036 in
2198 1994 2484 2038 comment.
2507 2002 2560 2055 p.
2586 1986 2712 2049 582,
2746 2001 2809 2040 ea
2832 2000 2947 2054 quae
2972 1984 3155 2039 labore
3182 1994 3334 2052 parta
3363 1996 3506 2050 sunt,

1935 2076 2136 2130 servari
2187 2076 2511 2146 diligentius,
2563 2078 2723 2133 facile
2768 2079 3030 2147 parabilia
3064 2080 3358 2132 contemni.
3394 2078 3507 2134 Ob-

1936 2178 2113 2221 servat
2150 2169 2379 2225 Basilius
2406 2172 2479 2240 (p.
2504 2171 2559 2241 2)
2603 2172 2653 2225 in
2684 2172 2869 2226 homil.
2900 2172 2923 2223 1
2974 2172 3027 2225 in
3065 2171 3324 2225 llexacm.
3360 2170 3510 2241 Moy-

1935 2273 2028 2313 sen
2058 2264 2217 2316 certis
2242 2264 2496 2332 gradibus
2536 2264 2846 2335 pervenisse
2881 2264 2945 2317 ad
2983 2263 3077 2317 Dei
3114 2264 3396 2328 visionem,
3429 2275 3511 2316 at~

1933 2365 2037 2418 que
2063 2353 2163 2408 hoc
2190 2354 2507 2411 beneficium
2557 2372 2698 2410 anno
2724 2357 2899 2410 aetatis
2929 2357 3255 2424 octogesimo
3292 2369 3509 2409 assecu-

1934 2449 2046 2494 tum
2101 2459 2238 2499 esse.
2302 2446 2557 2499 Eamdem
2628 2446 3061 2502 observationem
3127 2448 3387 2503 habemus
3451 2448 3506 2502 in

1932 2536 2193 2599 prooemio
2215 2536 2582 2590 commentarii
2612 2536 2688 2606 (p.
2714 2537 2861 2591 382i.
2893 2537 3115 2591 Mirifice
3139 2538 3382 2604 placebat
3404 2535 3508 2590 Ba-

1934 2626 2054 2680 silio
2081 2628 2319 2682 adhibita
2354 2643 2382 2681 a
2420 2628 2631 2683 Natban
2664 2631 2921 2698 propheta
2958 2628 3173 2682 Davidis
3217 2630 3510 2696 reprehen-

1935 2720 2090 2773 dendi
2140 2721 2291 2773 ratio.
2325 2720 2472 2776 Hanc
2502 2721 2684 2775 laudat
2715 2723 2766 2775 in
2797 2722 2952 2791 epist.
2989 2721 3023 2774 2
3059 2721 3133 2792 (p.
3167 2720 3315 2794 479).
3350 2720 3509 2775 Eam-

1934 2809 2055 2862 dem
2086 2813 2425 2864 commendat
2446 2811 2498 2865 in
2533 2814 2945 2867 commentario.

2004 2903 2267 2960 Observat
2305 2914 2495 2959 auctor
2527 2909 2903 2961 commentarii
2943 2923 3154 2961 versum
3195 2908 3507 2961 vicesimum

1934 2999 2233 3052 secundum
2267 2998 2459 3067 capitis
2483 3002 2727 3065 secundi,
2765 3017 2885 3055 cum
2913 3003 3126 3054 deesset
3154 3002 3203 3052 iu
3235 3002 3511 3069 exempla-

1935 3086 2083 3140 ribus
2110 3089 2413 3144 communis
2438 3089 2708 3152 editionis,
2748 3105 2811 3145 ac
2847 3091 2897 3143 in
2929 3087 3153 3145 Hebrzco
3179 3089 3325 3145 fonte
3364 3092 3507 3161 lege-

1938 3188 2103 3243 retur,
2156 3194 2220 3232 ex
2266 3181 2385 3234 aliis
2419 3182 2953 3249 interpretationibus
2992 3183 3095 3237 huc
3129 3197 3250 3236 esse
3282 3184 3511 3236 transla-

1938 3277 2070 3320 tum.
2119 3269 2268 3334 Quod
2311 3272 2525 3337 quidem
2557 3273 2932 3326 Tillemontius
2977 3289 3271 3326 consonum
3300 3274 3510 3341 iudicat

1935 3362 2307 3414 consuetudini
2336 3362 2540 3427 Basilii,
2568 3366 2656 3431 qui
2688 3365 2738 3417 in
2772 3365 3010 3421 bomiliis
3036 3368 3089 3419 in
3120 3366 3377 3421 llexaem.
3408 3382 3509 3421 sa:-

1935 3465 1998 3519 pe
2033 3453 2163 3506 citat
2197 3452 2667 3521 interpretationes
2721 3457 2927 3525 Aquilac
2972 3470 3027 3511 et
3069 3458 3317 3511 aliorum.
3354 3458 3510 3525 Ejus-

1934 3543 2051 3597 dem
2081 3544 2405 3601 Tillemontii
2429 3547 2651 3613 judicio,
2679 3559 3093 3614 commentator,
3120 3551 3242 3604 dum
3270 3551 3320 3603 in
3347 3551 3510 3620 expli-

1934 3636 2106 3687 cando
2180 3636 2440 3704 propheta
2507 3638 2741 3692 litteram
2803 3641 3063 3709 sequitur,
3124 3642 3508 3711 esplicationes

1934 3726 2158 3795 profert,
2215 3728 2399 3783 itidem
2458 3738 2513 3784 ut
2562 3729 2814 3798 Basilius,
2851 3731 3027 3786 claras
3074 3743 3129 3787 et
3174 3735 3506 3802 perSpicuas,

1936 3834 2039 3872 non
2075 3818 2231 3887 longe
2268 3820 2460 3885 petitas
2490 3830 2581 3873 aut
2613 3836 2709 3890 per
2731 3824 2838 3877 vim
2869 3832 3069 3878 tractas
3108 3840 3121 3876 ε
3162 3826 3286 3877 dum
3328 3834 3507 3880 autem

1936 3910 1986 3963 in
2021 3912 2258 3963 moribus
2293 3910 2646 3967 informandis
2677 3926 2942 3982 versatur,
2969 3930 3178 3971 morum
3208 3915 3505 3972 doctrinam

1937 4004 2115 4065 tradit,
2147 4018 2252 4056 non
2299 4003 2468 4058 solum
2515 4020 2668 4075 teque
2710 4016 2951 4062 sanctam
2993 4017 3047 4062 et
3092 4024 3301 4078 puram,
3352 4023 3415 4062 ac
3453 4010 3505 4062 in

1934 4093 2054 4146 aliis
2083 4094 2336 4160 operibus
2357 4097 2528 4149 sancti
2554 4096 2759 4162 Basilii,
2779 4099 2870 4152 sed
2894 4098 3079 4163 etiam,
3103 4096 3237 4151 ut'in
3266 4098 3507 4153 bomiliis

1932 4181 2112 4235 Basilii
2142 4183 2195 4236 in
2229 4182 2493 4251 Psalmos,
2532 4199 2564 4240 e
2588 4186 2814 4253 singulis
2849 4187 3125 4256 prophetas
3156 4186 3379 4243 vocibus
3409 4189 3505 4244 de—

1931 4273 2171 4327 ductam.

2000 4360 2087 4415 IV.
2132 4362 2284 4432 Saepe
2310 4373 2703 4418 commentator
2744 4380 2810 4420 ex
2859 4367 2980 4423 aliis
3024 4368 3316 4439 Scriptura:
3352 4371 3504 4425 libris

1932 4453 2234 4508 testimonia
2281 4456 2566 4523 depromit,
2608 4466 2666 4510 ut
2707 4456 2900 4513 Isaiam
2950 4460 3200 4515 illustret.
3249 4460 3340 4515 Sic
3376 4462 3504 4517 illud

255 4580 343 4618 tur
364 4570 432 4623 ab
472 4544 891 4639 antiquis—intra
922 4568 1049 4620 illud
1077 4544 1287 4637 tempus
1304 4544 1578 4635 scriptum
1605 4544 1825 4631 compe-
1859 4575 1903 4630 ι)
1934 4544 2079 4599 Isaite
2110 4565 2122 4600 :
2152 4545 2219 4599 Et
2242 4546 2557 4639 excitabitur
2581 4546 2832 4601 Dominus
2868 4548 3101 4603 Sabaoth
3129 4548 3399 4618 injudicio
3423 4553 3499 4620 (.p.

253 4661 415 4724 ritur,
456 4673 564 4726 quo
613 4660 908 4731 presbyteri
960 4673 1180 4711 munere
1234 4657 1671 4728 perfungebatur.
1732 4653 1827 4710 His

252 4752 389 4807 adde
435 4766 542 4803 non
578 4750 845 4803 infirmam
876 4751 1262 4817 conjecturam,
1312 4763 1376 4801 ex
1418 4764 1519 4817 qua
1550 4756 1823 4801 auctorem

247 4844 428 4912 operis
458 4841 828 4912 Cappadocem
860 4857 978 4897 esse
1010 4840 1295 4907 colligitur.
1331 4836 1464 4892 Nam
1492 4839 1669 4892 varias
1698 4852 1829 4905 gen-

250 4947 332 4988 tes
361 4946 686 4988 euumeraus
708 4932 881 5002 primo
920 4936 1039 4988 loco
1077 4933 1150 5003 (p.
1188 4930 1313 5001 ‘28)
1352 4934 1591 4986 nominat
1615 4929 1827 5001 Cappa-

246 5024 485 5078 dociam.

317 5115 407 5169 lll.
450 5116 603 5182 Quod
641 5117 683 5170 si
723 5126 777 5171 et
815 5113 995 5169 Basilii
1030 5115 1303 5186 ingenium
1351 5123 1404 5166 et
1436 5113 1719 5169 sententire
1769 5122 1823 5167 et

248 5212 543 5281 Scriptum
586 5212 1001 5280 interpretanda:
1049 5210 1186 5262 ratio
1227 5208 1276 5261 in
1316 5206 1502 5259 eodem
1527 5220 1688 5273 Opere
1728 5205 1822 5257 de-

247 5303 689 5371 prehendantur,
732 5318 835 5356 non
865 5304 1019 5357 video
1048 5300 1173 5367 quid
1206 5300 1305 5353 loci
1347 5296 1590 5350 relictum
1623 5297 1693 5350 sit
1722 5295 1791 5347 du

247 5392 514 5448 bitationi.
555 5391 738 5461 Neque
778 5393 919 5446 enim
957 5393 1097 5445 intra
1132 5390 1259 5443 illttd
1298 5397 1530 5455 tempus,
1571 5387 1711 5453 quod
1750 5385 1818 5440 ab

244 5499 389 5537 anno
418 5484 524 5539 564
545 5485 611 5537 ad
635 5500 832 5539 annum
855 5484 949 5538 571
982 5482 1206 5544 efﬂuxit,
1233 5480 1366 5533 alius
1396 5479 1445 5531 in
1474 5478 1818 5545 Cappadocia

244 5579 484 5645 scriptor
535 5576 837 5645 ﬁngendus,
874 5579 963 5647 qui
998 5576 1250 5630 Basiliutn
1294 5572 1596 5628 recentibus
1634 5570 1821 5623 admo~

241 5768 390 5889 “(tu
433 5766 549 5818 Vid.
599 5781 651 5833 p.
692 5765 818 5829 sit,
865 5763 991 5828 tsi,
1051 5763 1164 5829 t77,
1208 5762 1328 5827 ns,
1362 5759 1484 5825 suo,
1531 5760 1652 5825 503,
1692 5756 1814 5821 529,

323 5843 371 5889 Ι.

1934 4639 2082 4709 499),
2114 4638 2448 4692 illustrathis
2471 4639 2660 4707 psalmi
2702 4641 2894 4701 verbis,
2931 4639 3191 4694 Exaltabo
3218 4653 3288 4706 te,
3318 4641 3504 4695 Domi-

1937 4751 2017 4798 ne,
2042 4732 2290 4798 quoniam
2340 4734 2611 4801 suscepisti
2652 4750 2751 4795 me,
2784 4734 3069 4802 variosque
3114 4735 3354 4803 assignat
3386 4752 3503 4788 mo-

1935 4829 2049 4887 dos,
2094 4825 2290 4893 quibus
2335 4826 2476 4880 Deus
2518 4827 2586 4878 ab
2627 4826 2844 4881 homine
2896 4827 3120 4881 exaltari
3168 4830 3356 4897 possit,
3406 4832 3500 4881 sed

1933 4920 2147 4972 eosdem
2183 4934 2405 4987 prorsus
2440 4934 2501 4972 ac
2544 4920 2593 4971 in
2636 4918 2822 4973 homil.
2860 4922 2912 4974 in
2945 4924 3192 4975 eumdem
3237 4922 3500 4992 psalmum

1934 5028 2087 5076 XXIX,
2114 5010 2340 5066 Basilius
2373 5011 2556 5064 homil.
2594 5012 2627 5066 3
2664 5013 2718 5065 in
2764 5013 3017 5067 Hexaem.
3043 5016 3319 5083 explicans
3347 5013 3497 5079 illud,

1932 5105 2058 5158 Caeli
2090 5114 2334 5157 enarrant
2365 5104 2587 5173 gloriam
2626 5104 2736 5165 Dei,
2766 5114 2922 5174 negat
2959 5105 3032 5173 (p.
3067 5107 3156 5173 51)
3185 5106 3309 5158 inde
3345 5106 3499 5159 colli-

1928 5197 2156 5266 gendum
2206 5195 2373 5251 caelos
2421 5211 2540 5251 esse
2587 5198 2877 5260 animatos,
2916 5200 3008 5251 sed
3042 5197 3377 5265 Scriptorum
3421 5200 3500 5252 sic

1928 5290 2352 5355 interpretatur:
2394 5287 2531 5339 Ἀλλ’
2563 5290 2590 5340 ὁ
2634 5291 2690 5341 ὲν
2730 5289 2937 5352 τούτοις
2985 5290 3142 5356 λόγος
3196 5292 3346 5360 παρὰ
3390 5290 3500 5343 τῶν

1926 5382 2048 5435 νοῦν
2079 5382 2304 5452 ἑχόντων
2345 5384 2767 5453 τεθεωρημὲνως
2815 5382 3313 5454 ἐκλαμϐανόμενος,
3357 5401 3498 5455 συμ-

1926 5473 2265 5546 πληρωτικός
2292 5476 2404 5527 ἐστι
2446 5478 2543 5545 τῆς
2580 5476 2883 5544 δοξολογίας
2925 5475 3015 5528 τοῦ
3049 5476 3352 5540 κτίσαντος.
3393 5476 3499 5530 Sed

1928 5570 2112 5620 lterum
2164 5568 2548 5620 constitutionis
2595 5571 2728 5622 ratio
2774 5580 3022 5623 accurata
3068 5570 3501 5637 contemplatione

1998 5754 2071 5817 (b)
2118 5751 2233 5803 Vid.
2262 5769 2312 5819 ι).
2356 5752 2479 5806 589..

1999 5825 2066 5888 (c)
2108 5820 2238 5874 Naz.
2268 5822 2443 5875 or.'20
