4038 6508
537 464 740 510 οωίνιιι

543 576 606 630 ab
639 573 933 628 hominibus
959 587 1107 626 sensu
1131 572 1366 640 pra'ditis
1392 581 1624 641 excepta,
1649 572 1866 641 complet
1897 573 2098 642 gloriﬁ-
2129 577 2174 633 Α

541 667 795 720 sationem
829 661 1110 717 Creatoris.
1139 660 1338 717 Vitiosa
1368 671 1484 717 erat
1517 663 1673 732 hujus
1702 663 1800 718 loci
1835 663 2100 730 interpre-

543 754 693 816 tatio,
724 753 817 808 sed
849 767 967 820 quae
997 768 1024 807 a
1051 767 1136 806 me
1159 751 1315 805 allata
1343 762 1426 807 est
1456 753 1804 807 conﬁrmatur
1832 752 2099 806 simillima

539 847 981 900 commentatoris
1020 846 1304 907 sententia,
1334 847 1421 914 qui
1456 847 1533 900 sic
1573 844 1897 914 loquitnr(p.
1931 845 2054 913 49L“)
2084 865 2095 898 :

541 940 604 991 Ol
620 937 859 1005 οὐρανοὶ
875 937 1213 1006 διηγοῦνται
1224 935 1412 1001 δόξαν
1430 937 1594 991 Θεοῦ·
1609 937 1706 1007 οὐχ
1720 938 1797 989 ὅτι
1810 937 1989 1007 φωνὴν
2019 940 2100 990 αἱ-

539 1028 737 1099 σθητὴν
771 1030 960 1097 ἀφίασι
994 1032 1111 1094 ταῖς
1144 1031 1334 1093 ἀκοαῖς
1364 1029 1538 1109 ἡμῶν,
1575 1029 1686 1082 ἀλλ’
1711 1031 1790 1082 ὅτι
1821 1032 1848 1084 ὁ
1871 1034 1979 1092 τοῖς
2011 1030 2097 1082 λό-

535 1139 650 1188 γοις
673 1122 769 1190 τῆς
797 1120 889 1174 τοῦ
922 1123 1127 1194 κόσμου
1155 1123 1464 1184 συστάσεως
1489 1125 1984 1193 ἐγγυμνασάμενος,
2007 1124 2100 1176 καὶ

533 1215 804 1284 γνωρίσας
823 1215 1075 1268 ἁπάντων
1097 1215 1203 1268 τῶν
1225 1218 1346 1270 κατ’
1380 1217 1602 1286 οὐρανὸν
1626 1217 1724 1287 τὴν
1755 1217 1989 1270 διάθεσιν
2014 1217 2099 1270 διὰ

534 1304 734 1357 τούτων
769 1307 927 1359 οἱονεὶ
953 1308 1136 1378 φωνὴν
1160 1307 1448 1376 ἀφιέντων,
1483 1308 1542 1360 τὸ
1578 1307 1859 1378 μεγαλεῖον
1888 1308 1982 1378 τῆς
2010 1307 2095 1360 δό-

535 1395 630 1466 ξης
681 1398 772 1449 τοῦ
823 1399 1178 1468 πεποιηκότος
1229 1400 1423 1462 αὐτοὺς
1478 1398 1871 1469 διδαχθήσεται.
1911 1418 1928 1450 ‹
1973 1399 2098 1453 Caeli

533 1500 780 1542 enarrant
839 1489 1058 1558 gloriam
1105 1490 1198 1544 Dei
1251 1491 1264 1520 ¹
1317 1507 1330 1541 :
1382 1510 1401 1542 ι
1450 1507 1551 1544 non
1616 1494 1754 1559 quod
1815 1492 1882 1544 ad
1946 1507 2097 1545 aures

534 1587 739 1630 nostras
778 1581 1010 1631 emittant
1058 1596 1226 1633 vocem
1261 1580 1578 1643 sensibilem,
1622 1581 1710 1633 sed
1747 1581 1880 1646 quod
1921 1581 2010 1649 qui
2044 1582 2098 1632 in

527 1669 596 1720 iis
625 1670 939 1722 meditandis
975 1669 1281 1733 rationibus,
1323 1672 1507 1738 quibus
1533 1671 1843 1724 constitutus
1872 1671 2097 1725 mundus

530 1771 626 1825 est,
683 1763 994 1814 exercitatus
1041 1761 1218 1829 fuerit,
1280 1773 1327 1814 et
1374 1777 1464 1826 per
1506 1762 1655 1814 ctelos
1711 1763 1860 1832 quasi
1927 1779 2097 1816 vocem

1907 450 2409 507 PROLEGOMENA
2421 493 2435 507 .

2205 583 2336 625 stum
2362 573 2681 640 derelictum,
2719 592 2808 630 nec
2847 592 3016 632 semen
3059 578 3172 648 ejus
3199 596 3434 649 quaerens
3465 599 3650 653 panem
3671 584 3716 639 ³.
3745 607 3766 638 ο

2208 662 2319 717 Nec
2347 665 2484 718 enim
2513 665 2746 734 loquitur
2771 667 2835 721 de
2854 668 3077 735 panibus
3112 671 3465 738 sensibilibus,
3497 675 3587 744 qui
3612 692 3770 731 nove—

2205 765 2284 807 rat
2315 755 2452 821 ﬁlios
2499 758 2809 824 patriarcha:
2838 759 3003 813 nostri
3035 759 3200 812 Jacob
3229 779 3424 830 panum
3475 781 3633 820 causa
3679 768 3768 823 de-

2203 847 2460 901 scendisse
2493 849 2547 901 in
2577 848 2908 919 Egyptum,
2955 853 3046 905 sed
3099 853 3162 906 de
3211 855 3478 922 spirituali
3532 855 3770 926 loquitur

2203 937 2472 999 alimonia,
2529 955 2630 1007 qua
2687 939 2907 992 interior
2953 951 3125 996 noster
3179 942 3332 995 homo
3369 943 3656 1010 perﬁcitur.
3686 943 3772 997 Ne

2205 1030 2377 1082 veniat
2403 1031 2562 1082 etiam
2596 1031 2653 1082 in
2679 1046 2772 1084 nos
2789 1031 3058 1099 jejunium
3083 1033 3221 1100 quod
3251 1031 3391 1085 Deus
3418 1035 3772 1103 comminatur

2203 1121 2451 1174 Judteis:
2499 1140 2517 1170 ι
2561 1119 2694 1174 Ecce
2746 1124 2881 1176 enim
2914 1123 3026 1176 dies
3056 1125 3287 1188 reniunt,
3316 1125 3444 1178 dicit
3489 1126 3768 1194 Dominus,

2204 1223 2250 1264 et
2279 1214 2522 1266 inducam
2567 1214 2621 1266 in
2645 1225 2838 1267 terram
2881 1217 3014 1267 hanc
3045 1217 3258 1283 famem.
3294 1233 3396 1270 non
3421 1217 3612 1286 famem
3665 1237 3768 1284 pa-

2205 1304 2304 1369 nis,
2330 1320 2491 1373 neque
2528 1306 2667 1358 sitim
2702 1322 2872 1373 aqute,
2918 1308 3007 1360 sed
3046 1307 3238 1375 famem
3277 1308 3522 1361 audiendi
3555 1310 3769 1364 verbum

2203 1393 2496 1448 Domini”:
2534 1413 2550 1446 ο
2579 1411 2735 1463 quam
2775 1395 2891 1449 ideo
2923 1396 3135 1449 intmisit
3169 1397 3348 1464 justus
3379 1396 3569 1464 judex,
3623 1400 3767 1466 quod

2201 1485 2508 1551 perspiceret
2555 1500 2733 1538 eorum
2767 1495 2983 1538 mentem
3032 1501 3271 1538 verorum
3315 1485 3622 1554 dogmatum
3663 1488 3770 1540 ine-

2201 1574 2289 1625 dia
2315 1613 2330 1637 ,
2381 1574 2520 1641 fame
2560 1575 2738 1627 necari
2775 1591 2792 1626 :
2827 1584 3010 1628 contra
3062 1591 3178 1628 vero
3206 1615 3222 1639 ,
3272 1587 3541 1629 externum
3585 1592 3767 1629 eorum

2199 1665 2461 1717 hominem
2535 1682 2695 1733 supra
2765 1667 2976 1720 modum
3041 1667 3375 1737 pinguescere
3444 1679 3490 1722 et
3553 1670 3766 1724 obesum

2199 1756 2336 1823 ﬁeri.

527 1853 754 1915 edentes,
788 1853 1066 1906 ctelestium
1111 1855 1346 1907 omnium
1394 1870 1560 1908 rerum
1601 1856 1988 1922 dispositionem
2033 1873 2094 1909 ac
2127 1883 2169 1938 Β
2268 1874 2451 1945 pergil
2495 1880 2926 1928 commentator:
2961 1872 3410 1937 Quemadmodum
3437 1876 3648 1928 εηῑτηίη
3680 1875 3750 1930 ιε,

527 1955 768 1998 ornatum
813 1947 1124 2013 cognoverit,
1169 1945 1404 1999 addiscat
1439 1946 1875 2016 magniﬁcentiam
1919 1947 2096 2017 gloria!

525 2034 658 2102 ejus,
681 2039 770 2106 qui
801 2037 1031 2090 condidit
1065 2037 1238 2090 certos.

597 2167 661 2222 V.
694 2166 924 2220 Maxima
963 2164 1123 2218 etiam
1167 2173 1246 2218 est
1276 2164 1567 2219 similitudo
1616 2165 1755 2219 inter
1780 2179 1841 2218 ea
1883 2179 2001 2234 qum
2031 2164 2096 2220 de

518 2260 723 2330 jejunio
754 2259 1001 2328 leguntur
1029 2255 1081 2311 in
1107 2259 1493 2312 commentario
1516 2267 1568 2312 et
1593 2258 1645 2312 in
1671 2266 1898 2326 utraque
1928 2258 2095 2312 homi-

526 2352 594 2403 lia
636 2350 686 2403 in
717 2341 980 2419 jejunium
1017 2366 1030 2401 :
1060 2348 1200 2416 quod
1223 2348 1438 2416 quidem
1476 2347 1903 2400 testimoniorum
1929 2362 2093 2417 appo-

523 2443 717 2497 sitione
752 2440 1088 2511 probandum
1123 2439 1353 2491 videtur.
1393 2435 1482 2491 Sic
1513 2439 1670 2507 igitur
1706 2448 2092 2496 commentator

523 2554 577 2590 n.
609 2535 700 2596 Si,
725 2550 774 2603 ρ.
809 2533 914 2588 405
956 2549 969 2583 :
1016 2531 1200 2601 Itaque
1226 2548 1257 2584 a
1281 2530 1485 2600 jejunio
1523 2531 1659 2601 quod
1693 2531 1744 2583 in
1772 2533 1968 2585 occulto
1993 2540 2089 2598 est,

521 2629 804 2684 carendum
833 2627 978 2680 nobis
1011 2635 1107 2688 est,
1135 2624 1273 2692 quod
1292 2623 1439 2691 justo
1459 2623 1661 2688 judicio
1691 2623 1886 2673 dicitur
1918 2639 1948 2673 a
1988 2621 2091 2673 Do-

519 2725 659 2777 mino
693 2722 813 2776 odio
842 2719 1043 2782 haberi,
1090 2719 1225 2785 quod
1267 2727 1311 2769 et
1357 2717 1606 2784 propheta
1655 2715 1976 2781 deprecatur,
2012 2714 2091 2764 di-

520 2828 682 2867 cens:
719 2831 738 2863 ι
779 2811 898 2864 Non
923 2808 1193 2875 interﬁciet
1229 2808 1365 2875 [ante
1402 2806 1653 2861 Dominus
1689 2808 1893 2861 animas
1915 2806 2089 2874 justo-

520 2921 636 2958 rum
675 2906 716 2958 ¹.
751 2922 769 2955 ι
801 2901 1072 2971 Siquidem
1133 2914 1235 2952 non
1271 2899 1335 2950 de
1382 2899 1640 2964 corporali
1677 2898 1813 2964 fante
1859 2899 2089 2967 loquitur

514 2996 740 3068 (alioqui
773 2994 988 3048 dixisset
1013 3006 1230 3060 corpora
1247 2989 1558 3059 justorum),
1592 2989 1680 3041 sed
1702 2990 1764 3041 de
1788 2989 2088 3042 animarunt

517 3090 714 3143 inedia.
758 3106 776 3138 ι
826 3085 948 3139 Νοη
991 3084 1130 3136 enim
1168 3081 1437 3148 interﬁciet
1478 3081 1617 3148 {ante
1666 3081 1870 3134 animas
1915 3080 2088 3150 justo—

518 3197 634 3234 rum
666 3197 684 3244 ,'
715 3200 733 3232 ι
770 3177 999 3246 alioquin
1031 3175 1124 3229 hoc
1160 3185 1309 3240 pacto
1355 3175 1408 3225 in
1451 3173 1718 3223 beatorum
1756 3173 1857 3225 vita
1897 3172 2084 3238 futura

516 3285 644 3328 esset
691 3273 1054 3332 contrarietas,
1085 3267 1505 3338 quandoquidem
1543 3263 1747 3318 Paulus
1805 3266 1857 3318 in
1898 3265 1978 3318 his
2024 3267 2086 3318 de

517 3367 701 3434 quibus
732 3363 993 3433 gloriatur
1033 3361 1086 3412 id
1127 3367 1392 3413 enumerat
1426 3374 1442 3409 :
1481 3376 1497 3408 ι
1539 3356 1600 3410 In
1617 3357 1833 3426 jejuniis
1873 3375 2026 3425 sa'pe,
2063 3377 2080 3407 ι

520 3459 640 3509 item
668 3454 799 3507 illud
833 3466 850 3502 :
881 3471 899 3503 ι
937 3451 1004 3504 1η
1056 3452 1196 3520 [ante
1240 3459 1284 3501 et
1337 3448 1422 3499 siti
1451 3448 1488 3497 ³.
1541 3466 1557 3497 ι
1603 3444 1818 3499 Famem
1853 3457 2022 3499 autem
2053 3464 2085 3500 α

509 3549 674 3616 justis
711 3547 1035 3614 deprecatur.
1081 3539 1269 3594 Verum
1297 3538 1500 3608 singula
1541 3542 1648 3591 hatc
1687 3549 1898 3606 prwstat
1928 3537 2084 3602 juxta

516 3635 870 3690 sublimiorem
900 3633 1086 3685 inedia:
1110 3630 1505 3697 intelligentiam
1539 3627 1890 3695 interpretari.
1928 3625 2084 3694 Ejus-

516 3729 658 3780 modi
682 3735 755 3778 est
790 3733 840 3777 et
864 3721 995 3774 illud
1029 3736 1046 3773 :
1088 3740 1105 3771 ι
1142 3719 1264 3773 Non
1301 3719 1403 3771 vidi
1426 3718 1620 3783 justum
1642 3717 1963 3778 derelictum,
1995 3732 2084 3767 nec

514 3835 689 3870 semen
731 3815 842 3884 ejus
892 3828 1128 3880 qua:rens
1170 3824 1356 3878 panem
1427 3849 1438 3860 .
1489 3826 1506 3857 ›
1549 3806 1881 3858 Meminimus
1929 3803 2082 3855 etiam

518 3907 671 3970 Elite,
704 3907 852 3976 quia
883 3904 1133 3959 Sidonide
1165 3901 1343 3968 petieit
1382 3916 1564 3967 panem
1620 3899 1640 3929 ⁸
1687 3918 1697 3950 :
1736 3898 1859 3966 quin
1912 3907 1956 3948 et
2005 3912 2082 3947 se-

514 4019 629 4054 men
660 3997 847 4051 Jacobi
873 4000 925 4050 in
950 3995 1180 4066 1Egypto
1207 4010 1368 4062 panes
1400 3991 1677 4060 qumrebat.
1708 3990 1857 4053 Quod
1890 3990 1933 4039 si
1955 3987 2081 4038 rita.

517 4096 739 4146 verimus
796 4089 1056 4160 abjectam
1103 4097 1149 4141 et
1208 4084 1455 4138 humilem
1515 4079 1926 4148 intelligentiam,
1969 4079 2082 4144 jam

514 4193 774 4239 evanescat
819 4200 881 4236 ea
927 4196 1045 4251 qute
1093 4181 1145 4233 in
1177 4179 1443 4234 uerborum
1492 4173 1832 4246 repugnantia
1871 4170 1972 4220 sita
2009 4181 2082 4220 est

513 4276 729 4342 ineptia.
771 4272 1050 4342 Ejusmodi
1084 4272 1248 4341 igitur
1282 4271 1484 4338 jejunio
1523 4268 1838 4336 jejunabant
1881 4258 2079 4324 luda’i,

513 4370 652 4438 fame
700 4378 968 4422 enecantes
1014 4366 1310 4420 interiorem
1342 4378 1492 4415 suum
1529 4362 1804 4425 hominem,
1837 4356 1975 4427 quod
2014 4355 2081 4406 ad

512 4461 648 4523 ipsos
689 4457 998 4523 pervenisset
1023 4455 1359 4508 comminatio
1389 4452 1500 4513 illa,
1532 4467 1648 4522 qua'
1678 4451 1804 4503 dicit
1831 4466 1849 4504 :
1885 4468 1902 4501 (
1947 4441 2082 4498 Ecce

2200 1968 2304 2019 bra:
2331 1977 2609 2026 momento,
2641 1963 2851 2032 quando
2873 1962 3000 2016 lanx
3023 1964 3189 2016 altera
3213 1965 3453 2017 deorsum
3480 1967 3666 2033 vergit,
3698 1983 3763 2020 ea

2196 2072 2312 2127 qua:
2345 2057 2465 2108 huic
2515 2056 2728 2110 obversa
2786 2064 2901 2122 est,
2959 2054 3223 2107 attollitur
3253 2071 3271 2107 :
3299 2057 3416 2123 pari
3466 2057 3669 2110 ratione
3706 2058 3765 2110 in

2195 2148 2399 2200 homine
2431 2147 2487 2199 id
2519 2148 2686 2215 ipsum
2733 2146 2850 2214 ﬁeri
2884 2147 3051 2215 quit-is
3094 2148 3362 2201 advertere
3387 2157 3574 2215 potest.
3624 2147 3760 2202 Cum

2193 2239 2329 2291 enim
2350 2239 2631 2306 pinguescit
2660 2254 2804 2301 caro,
2833 2237 3084 2307 contingit
3111 2248 3329 2292 mentem
3353 2239 3468 2306 ﬁeri
3493 2241 3756 2309 quodam-

2194 2329 2345 2381 modo
2371 2328 2711 2397 inﬁrmiorem
2742 2345 2759 2381 :
2785 2329 3055 2381 extenuari
3103 2345 3219 2382 vero
3253 2346 3603 2396 sarpenumero
3639 2348 3763 2385 cars

2195 2436 2332 2482 nem,
2379 2420 2502 2472 dum
2537 2436 2680 2474 mens
2713 2425 2900 2474 iterum
2929 2422 3060 2474 bona
3095 2421 3399 2476 habitudine
3434 2426 3649 2492 gaudet.
3683 2423 3755 2478 Et

2194 2511 2246 2562 id
2298 2511 2467 2578 ipsum
2521 2522 2593 2564 est
2647 2512 2785 2581 quod
2828 2511 2900 2564 ait
2929 2513 3206 2580 Apostolus
3241 2514 3284 2545 ¹⁰
3316 2553 3331 2577 ,
3376 2515 3512 2584 quod
3547 2532 3762 2586 «quan-

2195 2613 2302 2653 tum
2333 2603 2688 2667 corrumpitur
2724 2606 2954 2656 exterior
2986 2605 3138 2657 homo
3168 2644 3183 2669 ,
3241 2615 3441 2658 tantum
3472 2622 3756 2663 renovatur

2192 2690 2447 2753 interior;
2475 2708 2492 2741 ›
2522 2691 2643 2745 item
2665 2691 2796 2745 illud
2819 2707 2838 2744 :
2867 2709 2886 2742 ‹
2909 2692 3130 2756 Quando
3147 2693 3406 2763 inﬁrmor,
3434 2707 3553 2751 tunc
3575 2709 3759 2766 potens

2190 2798 2302 2835 sum
2342 2784 2406 2836 “.
2431 2801 2450 2836 ι
2504 2781 2645 2837 Nam
2674 2784 2973 2854 fuliginoso:
3000 2786 3242 2855 quazdam
3287 2790 3644 2844 exhalationes
3686 2807 3760 2844 ea:

2191 2873 2397 2939 copioso
2438 2883 2484 2927 et
2513 2874 2696 2942 pingui
2732 2875 2982 2929 alimento
3015 2877 3240 2941 emissae,
3283 2879 3458 2931 densa:
3490 2880 3644 2934 nubis
3670 2882 3754 2935 irt-

2189 2974 2305 3018 star
2336 2965 2567 3027 infusam
2595 2967 2785 3022 animos
2816 2983 2849 3021 a
2881 2966 3084 3034 Spiritu
3115 2977 3296 3022 sancto
3342 2967 3757 3026 illustrationem

2188 3055 2544 3127 intercipiunt.

2261 3167 2432 3222 Simili
2464 3183 2684 3236 prorsus
2707 3170 2998 3234 sententia,
3028 3169 3154 3226 licet
3185 3187 3290 3227 non
3326 3174 3513 3228 iisdem
3565 3175 3749 3230 verbis

2188 3259 2414 3313 Basilius
2443 3261 2628 3314 liomil.
2655 3263 2680 3314 1
2713 3263 2765 3315 in
2792 3261 2998 3329 Jejun.,
3025 3278 3146 3332 pag.
3172 3263 3203 3317 8
3239 3283 3252 3320 :
3281 3265 3362 3317 An
3384 3266 3590 3334 ignoras
3611 3269 3755 3334 quod

2187 3352 2395 3418 perinde
2427 3361 2579 3422 atque
2605 3355 2657 3406 in
2681 3355 2791 3408 acie
2837 3355 2954 3408 hinc
2989 3367 3140 3427 atque
3187 3361 3306 3412 hinc
3350 3359 3626 3420 instructa.
3659 3364 3756 3428 qui

2188 3443 2339 3495 alteri
2368 3445 2504 3510 parti
2533 3444 2637 3512 [ert
2680 3451 2942 3514 suppetias
2967 3489 2982 3513 ,
3015 3451 3135 3516 facit
3179 3462 3230 3502 ut
3261 3454 3426 3504 altera
3473 3454 3698 3506 eiurata.-
3732 3471 3754 3508 :

2188 3535 2260 3586 ita
2293 3534 2381 3603 qui
2405 3536 2553 3587 carni
2587 3551 2694 3589 sese
2727 3537 2989 3608 adjungit,
3010 3553 3268 3610 expugnat
3299 3543 3561 3610 spiritum,
3592 3556 3639 3598 et
3662 3547 3754 3614 qui

2186 3627 2254 3678 ad
2302 3628 2538 3694 spiritum
2573 3630 2783 3693 transit,
2838 3647 3050 3684 carnent
3093 3633 3145 3685 in
3177 3635 3468 3687 servitutem
3508 3637 3697 3706 redigit
3729 3639 3756 3691 3’

2189 3716 2316 3771 Herc
2344 3719 2479 3771 enim
2506 3719 2606 3773 sibi
2638 3721 2853 3775 invicem
2883 3725 3245 3777 adversantur.
3279 3723 3511 3780 Proinde
3537 3728 3582 3780 si
3603 3731 3753 3796 cupis

2185 3818 2406 3862 mentem
2436 3810 2648 3864 reddere
2677 3811 2928 3875 validam,
2965 3815 3050 3880 [ac
3078 3831 3285 3866 carnem
3315 3815 3492 3869 domes
3508 3817 3748 3885 jejunio.

2189 3898 2302 3954 Iloc
2331 3901 2466 3954 enim
2500 3911 2575 3954 est
2624 3905 2763 3971 quod
2816 3903 2890 3955 ait
2922 3903 3232 3972 Apostolus,
3263 3907 3401 3976 quod
3437 3924 3456 3956 ι
3493 3922 3750 3976 quantum

2185 4003 2424 4045 externus
2457 3994 2609 4046 homo
2635 3995 3009 4063 corrumpitur,
3039 4005 3240 4048 tantum
3269 3999 3499 4050 internus
3529 4016 3748 4050 reuom-

2186 4094 2303 4144 tur;
2358 4100 2375 4132 s
2436 4083 2556 4134 item
2597 4082 2728 4135 illud
2764 4098 2784 4137 .'
2829 4101 2848 4133 ι
2904 4082 3033 4135 Cum
3078 4085 3338 4150 inﬁrmor,
3390 4099 3512 4136 tunc
3566 4099 3751 4151 potens

2184 4189 2318 4225 sum.
2365 4192 2383 4224 ι
2421 4173 2698 4227 Postrema
2727 4174 3164 4228 commentatoris
3196 4177 3449 4242 periodus
3477 4179 3749 4246 reperitur

2187 4261 2238 4314 in
2289 4262 2474 4317 eadem
2505 4262 2740 4318 bomilite
2783 4263 2978 4332 pagina
3006 4302 3021 4327 ,
3068 4265 3310 4332 pluribus
3346 4266 3467 4324 aliis
3516 4269 3740 4336 intcrjc-

2183 4356 2303 4410 etis.

2257 4468 2364 4522 Sed
2403 4478 2510 4522 tum
2547 4470 2780 4525 maxime
2809 4470 3038 4526 Basilius
3073 4473 3403 4543 agnoscitur,
3441 4486 3561 4525 cum
3591 4487 3745 4529 com-

512 4548 620 4600 dies
653 4548 882 4610 veniunt,
949 4546 1075 4598 dicit
1107 4544 1358 4598 Dominus
1381 4542 1421 4606 ⁸,
1448 4552 1495 4595 et
1536 4541 1782 4594 inducam
1807 4555 1958 4606 super
1983 4549 2079 4591 ter-

2191 4570 2440 4633 parantnr
2491 4575 2610 4614 cum
2659 4561 2799 4616 illius
2832 4563 2882 4616 in
2916 4563 3159 4618 ebriosos
3211 4562 3428 4617 homilia
3454 4602 3468 4626 ,
3504 4578 3625 4632 qua!
3683 4565 3741 4620 in

510 4654 622 4689 ram
663 4639 800 4690 hanc
840 4637 1028 4702 {amem
1071 4651 1090 4688 :
1133 4650 1233 4687 non
1271 4635 1460 4700 {amem
1513 4634 1684 4700 panis,
1738 4645 1897 4699 neque
1933 4631 2072 4683 sitim

511 4745 692 4797 aqua';
733 4727 824 4781 sed
850 4726 1037 4789 {amem
1067 4725 1318 4778 audiendi
1358 4723 1561 4776 verbum
1593 4721 1823 4775 Domini.
1854 4719 2075 4786 illaque

499 4820 707 4889 jejunio
744 4821 912 4873 odisse
950 4833 1003 4870 se
1034 4818 1160 4868 dicit
1192 4816 1466 4878 Dominus,
1501 4831 1699 4875 eorum,
1723 4813 1810 4880 qui
1841 4814 2071 4864 animum

508 4929 661 4966 suum
723 4912 1002 4978 conﬁciunt
1048 4909 1253 4977 quidem
1307 4909 1422 4961 tabe
1476 4921 1583 4970 pra:
1644 4904 1954 4956 salutarium
2011 4917 2071 4952 ac

509 5003 882 5072 riviﬁcantiurn
934 5002 1359 5055 documentorum
1407 5000 1579 5051 inedia
1648 5011 1666 5048 :
1720 4995 1808 5048 sed
1859 4995 2071 5061 pingue-

505 5097 708 5166 fnciunt
739 5103 928 5163 prtvter
951 5094 1157 5145 modum
1190 5090 1530 5157 saginantque
1565 5089 1870 5141 exteriorem
1903 5083 2070 5136 homi-

508 5208 642 5242 nem.

580 5311 806 5363 Basilius
847 5311 896 5362 in
928 5305 1110 5361 homil.
1151 5305 1183 5356 ‘2
1233 5307 1285 5358 in
1343 5301 1523 5371 Jejun.
1556 5317 1609 5351 n.
1642 5302 1709 5352 8:
1751 5297 1947 5349 Rursus
2002 5297 2063 5347 ab

505 5405 710 5455 interno
746 5402 928 5453 mentis
960 5397 1164 5466 jejunio
1211 5412 1504 5457 caveamus,
1533 5392 1670 5462 quod
1719 5399 1764 5442 et
1817 5387 2062 5456 prOpheta

505 5499 831 5560 deprecatur,
868 5494 946 5543 his
973 5491 1136 5543 verbis
1174 5503 1190 5540 :
1219 5505 1235 5536 ι
1280 5485 1399 5538 Non
1423 5486 1621 5538 occidet
1651 5481 1904 5536 Dominus
1928 5480 2066 5548 fame

507 5587 710 5639 animus
746 5585 1005 5652 justorum
1039 5583 1079 5636 ⁷.
1129 5601 1145 5631 ι
1187 5582 1255 5632 Ac
1299 5594 1476 5630 rursus
1525 5593 1540 5626 :
1583 5596 1599 5628 ι
1650 5574 1768 5628 Non
1834 5574 1935 5628 vidi
1977 5573 2066 5640 ju-

1128 5815 1144 5841 ’
1190 5814 1339 5862 l'rnr.
1372 5830 1422 5870 χ,
1451 5814 1482 5862 5

1275 5882 1456 5934 ⁸1³δίι1.
1490 5896 1672 5938 sum,
1696 5880 1782 5930 ‘27).

580 5816 760 5869 ‘l’sal.
792 5830 941 5872 nm.
975 5813 1028 5864 2.

504 5902 625 5942 \‘lll.
657 5886 737 5939 ll.
817 5886 835 5915 ⁷
875 5884 1031 5937 Ιίὐν.
1065 5898 1118 5939 x.
1147 5883 1195 5935 5.

1452 5812 1482 5862 5
1606 5813 1623 5839 ³
1666 5810 1700 5860 il
1735 5810 1855 5860 (iur.
1886 5823 1956 5863 XI.
1992 5805 2082 5857 ‘27.

1864 5883 1881 5909 ε’
1913 5879 2075 5928 Amos
2100 5888 2212 5933 \‘lll,
2254 5872 2332 5925 11.

2181 4651 2571 4709 commentario
2627 4650 2878 4723 leguntur
2951 4653 3016 4708 de
3068 4655 3332 4709 ebrietate
3390 4653 3464 4724 (p.
3519 4657 3626 4713 488
3691 4667 3749 4712 et

2183 4757 2316 4814 seqq
2347 4745 2386 4809 ).
2419 4741 2683 4797 Nonnulla
2716 4753 2772 4798 et
2797 4743 2974 4798 verbis
3005 4755 3058 4799 et
3087 4744 3369 4800 sententiis
3394 4749 3588 4802 similia
3617 4760 3747 4802 sunt

2183 4839 2233 4890 in
2267 4838 2658 4893 commentario
2688 4847 2741 4891 et
2778 4837 2828 4890 in
2858 4839 3110 4901 homilia;
3161 4836 3253 4890 sed
3285 4853 3404 4908 quae
3436 4842 3635 4895 absunt
3676 4842 3746 4894 ab

2180 4929 2396 4981 homilia
2457 4946 2559 4983 non
2619 4931 2797 4986 minus
2852 4931 3106 4999 praeclara
3143 4940 3299 4996 sunt,
3335 4949 3495 5004 quam
3527 4949 3648 5002 qutc
3691 4938 3744 4989 in

2179 5028 2406 5089 utroque
2437 5022 2802 5090 reperiuntur,
2836 5023 2906 5074 ita
2947 5032 3000 5073 ut
3054 5020 3209 5079 facile
3253 5035 3435 5093 pateat
3490 5029 3742 5080 eumdem

2179 5109 2372 5178 ubique
2408 5110 2661 5165 Basiliam
2692 5114 2982 5166 disserere.
3021 5109 3158 5176 Quin
3207 5116 3368 5167 etiam
3401 5114 3744 5170 verisimiili-

2177 5215 2319 5253 mum
2373 5210 2455 5255 est
2502 5201 2757 5256 Basilium
2818 5214 2884 5251 ex
2915 5204 3300 5257 commentario
3352 5205 3402 5255 in
3461 5205 3741 5262 bomiliam

2179 5293 2536 5361 transtulisse,
2567 5309 2683 5361 quae
2722 5291 3136 5346 conveniebant.
3190 5293 3341 5358 Quod
3375 5294 3517 5347 enim
3558 5298 3636 5351 ait
3690 5302 3741 5354 in

2173 5386 2389 5439 bomilia
2444 5386 2520 5456 (p.
2557 5384 2679 5446 126,
2709 5399 2763 5440 n.
2815 5385 2866 5455 5)
2900 5405 2913 5441 :
2947 5385 3396 5453 Quemadmodum
3425 5403 3573 5454 cava,
3617 5395 3743 5445 dum

2176 5489 2426 5531 torrentes
2456 5478 2744 5544 cun/luunt,
2768 5479 2915 5545 plena
2945 5481 3214 5539 videntur;
3259 5477 3348 5528 sed
3381 5481 3467 5532 ubi
3501 5487 3743 5535 exundtr

2178 5569 2247 5620 tio
2271 5567 2540 5637 prseteriit,
2566 5569 2700 5620 sicca
2730 5573 2981 5639 aridaque
3016 5567 3270 5636 relinqui;
3310 5570 3384 5621 ita
3415 5573 3743 5626 ebriosorum

2189 5803 2208 5832 ⁸
2250 5800 2387 5854 Psal.
2438 5817 2620 5860 tum.
2655 5802 2744 5854 ‘25.
2843 5801 2862 5829 ⁸
2904 5797 3117 5868 llllleg.
3145 5801 3394 5863 “11,”.
3517 5799 3534 5828 ⁸
3577 5803 3745 5857 Atinas

2415 5874 2454 5903 ¹⁰
2486 5873 2523 5924 ll
2553 5873 2674 5926 Cor.
2713 5888 2782 5930 ιγ,
2819 5870 2897 5926 l6.
2983 5871 3018 5900 ”
3058 5869 3092 5923 ll
3120 5871 3240 5925 (lor.
3277 5886 3376 5924 xu.
3415 5871 3494 5922 ll}.
