4038 6450
1616 351 1771 402 ἫΤΑ
1811 352 1868 403 S.
1914 349 2180 405 BASlLll.

3312 368 3466 409 Ct.th

256 472 463 523 annus,
501 463 828 527 restagnante
852 458 988 522 vino,
1020 458 1223 526 plenum
1248 463 1628 525 quodammodo
1672 482 1803 528 esse,
1835 468 1880 523 A
1912 473 2019 516 tum
2051 479 2179 519 vero
2220 464 2499 533 pracipute
2549 462 2847 518 dillicultati
2891 464 3153 519 solvendae
3183 467 3467 533 plurimum

255 561 302 605 et
330 550 622 613 madidum,
650 549 739 603 sed
767 549 922 603 simul
955 562 1009 604 ut
1053 554 1325 621 paululum
1375 556 1592 625 efﬂuxit,
1619 560 1810 612 siccum

252 654 301 696 et
337 641 574 695 [tumoris
607 656 785 708 expers
830 642 1070 713 relinqui,
1117 645 1167 699 id
1222 656 1345 715 apte
1390 649 1606 717 quidem
1661 660 1713 705 et
1759 652 1811 706 in

256 732 474 786 homilia
498 731 627 786 etin
652 734 1035 788 commentario
1056 735 1257 790 dictum
1289 747 1393 803 est,
1414 740 1505 794 sed
1532 740 1671 795 haud
1700 742 1813 795 scio

254 838 323 876 nn
362 823 539 891 aptius
587 823 640 877 in
696 825 1125 891 commentario,
1174 828 1265 883 ubi
1318 831 1679 885 necessariam
1717 831 1813 885 ha-

258 915 350 966 bet
402 911 708 982 juncturam
758 931 879 971 cum
913 918 1334 986 explanatione,
1388 936 1547 991 quam
1594 920 1815 992 subiicit

256 1003 489 1059 Basilius
538 1005 621 1060 his
672 1008 943 1077 propheta
991 1008 1216 1064 verbis:
1256 1028 1275 1061 t
1326 1010 1415 1065 Vte
1456 1013 1592 1069 iis...
1642 1031 1663 1066 ι
1725 1014 1813 1083 qui

255 1104 562 1166 exspectant
634 1113 955 1166 uesperam;
1016 1102 1191 1154 vinum
1251 1103 1385 1154 enim
1448 1118 1534 1157 eos
1599 1107 1811 1158 combu-

258 1198 355 1241 rel.

332 1299 422 1357 Vl.
469 1299 525 1354 In
583 1298 734 1355 Notis
780 1299 847 1354 ad
879 1315 997 1369 cap.
1026 1301 1059 1355 5
1096 1300 1215 1355 libri
1242 1300 1317 1354 De
1356 1300 1558 1370 Spiritu
1590 1313 1769 1357 sancto
1796 1341 1812 1366 ,

260 1393 347 1447 ubi
374 1392 605 1446 Basilius
635 1393 709 1445 ait
744 1393 819 1462 (p.
851 1392 904 1463 7)
933 1394 1168 1446 universa
1205 1408 1313 1446 sese
1367 1394 1435 1446 ad
1484 1392 1815 1464 Unigenitum

258 1491 576 1547 convertere,
607 1483 897 1537 invincibili
920 1493 1071 1553 atque
1102 1484 1375 1537 insedabili
1403 1486 1632 1555 quodam
1678 1487 1817 1540 desi-

258 1576 409 1628 derio
441 1581 495 1627 et
535 1589 730 1628 arcano
764 1574 954 1642 affectu
992 1574 1061 1627 ad
1111 1586 1378 1629 auctorem
1420 1586 1467 1630 et
1517 1577 1818 1647 largitorem

257 1667 373 1719 vine
402 1663 745 1732 respicientia,
775 1664 1122 1734 apposuimus
1169 1666 1269 1720 hoc
1317 1668 1691 1721 commentarii
1743 1678 1817 1722 te-

256 1758 569 1810 stimonium
595 1775 608 1810 :
634 1754 942 1827 Unigenitus
972 1760 1047 1827 (p.
1079 1757 1207 1827 477}
1237 1760 1401 1826 ipsum
1440 1761 1651 1823 bonum,
1676 1758 1815 1827 quod

258 1857 509 1916 appetunt
547 1849 745 1911 omnia,
771 1849 922 1919 cujus
956 1866 1105 1905 amor
1130 1851 1358 1903 naturali
1396 1860 1442 1904 et
1473 1850 1811 1905 inenarrabili

256 1941 413 1995 modo
445 1942 676 1996 omnium
737 1944 941 1997 ratione
997 1945 1247 1996 utentium
1285 1946 1471 1999 animis
1505 1944 1811 2000 instillatus.

257 2033 491 2104 Agnosci
529 2034 688 2087 etiam
739 2032 895 2088 facile
944 2032 1113 2101 possit
1140 2033 1371 2090 Basilius
1416 2036 1471 2091 in
1506 2036 1598 2091 illo
1630 2051 1817 2092 mona-

259 2124 378 2178 stici
428 2122 661 2177 instituti
713 2122 889 2176 studio
914 2163 929 2189 ,
970 2123 1112 2192 quod
1148 2140 1256 2193 prie
1296 2142 1353 2179 se
1388 2125 1493 2181 fert
1540 2142 1815 2183 commen—

259 2223 398 2268 lator
443 2213 519 2282 (p.
548 2212 695 2282 464),
749 2228 869 2269 cum
904 2214 1251 2272 vehementer
1298 2217 1573 2274 invehitur
1606 2220 1658 2275 in
1696 2220 1815 2275 illos

257 2303 436 2373 populi
488 2304 760 2373 principes
790 2346 805 2371 ,
844 2306 933 2377 qui
970 2308 1306 2365 voluntarios
1339 2324 1604 2379 pauperes
1628 2350 1644 2376 ,
1694 2326 1815 2366 cum

258 2398 446 2451 beatos
477 2397 773 2467 praedicare
799 2400 1075 2465 deberent,
1124 2401 1522 2455 calumniantur
1575 2418 1638 2457 ac
1686 2417 1818 2458 con-

257 2496 533 2543 temnunt.

328 2599 506 2656 Unum
534 2610 807 2673 superest,
842 2602 985 2674 quod
1022 2603 1308 2675 diligenter
1345 2612 1587 2661 notatum
1616 2614 1670 2662 et
1699 2606 1817 2663 ani-

262 2696 602 2749 madversum
642 2694 822 2751 velim.
875 2694 1138 2751 Nimirum
1185 2696 1405 2753 Eusebii
1468 2699 1773 2756 testimonia
1801 2742 1816 2766 ,

257 2800 380 2855 quae
414 2787 465 2839 in
529 2786 677 2840 hunc
726 2788 1169 2843 commentarium
1206 2790 1463 2846 translata
1497 2801 1641 2860 sunt,
1695 2793 1826 2849 toti-‘

262 2878 380 2931 dem
414 2876 595 2932 verbis
644 2886 861 2934 exstant
914 2880 1055 2951 apud
1103 2882 1392 2938 Eusebium
1420 2923 1434 2950 ,
1470 2895 1525 2939 ut
1586 2885 1818 2956 perspici

261 2976 435 3037 potest
475 2968 527 3023 in
557 2966 876 3027 Praefatione
908 2973 1066 3044 primi
1102 2976 1226 3029 tomi
1259 2974 1490 3046 Operum
1525 2980 1693 3031 sancti
1719 2976 1820 3030 Ba-

263 3060 393 3116 silii.
422 3061 495 3115 At
520 3076 639 3131 quae
670 3064 724 3119 in
754 3065 858 3120 hoc
889 3069 1275 3123 commentario
1326 3068 1517 3123 similia
1549 3079 1675 3122 sunt
1702 3069 1821 3127 aliis

1915 558 2199 611 conducet.
2242 556 2411 622 Quam
2438 570 2544 610 non
2595 555 2866 610 fastidiret
2908 556 3137 612 Basilius
3172 559 3292 612 trita
3320 575 3349 612 a
3380 575 3471 615 ve-

1916 647 2119 703 teribus
2169 646 2437 716 vestigia,
2478 654 2725 700 testatum
2775 646 2995 716 reliquit
3044 647 3257 718 insigni.
3280 663 3473 703 monu-

1916 747 2117 803 mento,
2146 737 2491 793 Philocaliam
2522 738 2674 802 dico,
2720 739 2861 807 quod
2892 754 2995 792 una
3034 755 3153 793 cum
3208 738 3472 805 Gregorio

1914 829 2253 885 Nazianzeno
2282 831 2481 899 exegit.
2518 829 2780 884 Praeterea
2816 830 2969 885 aliter
3011 830 3359 899 iudicandum
3395 836 3465 885 de

1914 921 2179 991 ejusmodi
2206 920 2433 991 scripto,
2467 935 2531 974 ac
2556 923 2623 975 de
2644 921 2975 977 orationibus
2997 962 3012 987 ,
3043 936 3183 991 quas
3202 937 3324 977 cum
3349 937 3471 991 pro-

1920 1010 2196 1065 nuntiaret
2232 1008 2460 1064 Basilius
2487 1050 2503 1075 ,
2538 1010 2838 1065 verisimile
2877 1024 2981 1063 non
3035 1019 3118 1065 cst
3147 1025 3269 1064 eum
3307 1011 3470 1080 proli-

1916 1103 2001 1157 xis
2031 1098 2249 1155 Eusebii
2297 1098 2430 1154 locis
2486 1101 2805 1156 memoriam
2845 1114 3117 1157 onerasse.
3155 1101 3222 1155 At
3250 1104 3473 1157 minime

1917 1199 2228 1261 repugnat,
2257 1198 2315 1243 ut
2341 1205 2407 1243 ex
2457 1188 2723 1258 scriptore
2755 1190 3108 1245 celeberrimo
3153 1191 3475 1248 transferret

1918 1284 1971 1335 in
2008 1281 2451 1336 commentarium
2486 1295 2641 1335 suum
2666 1296 2787 1350 quae
2808 1282 3100 1337 convenire
3129 1282 3447 1338 videbantur

1918 1372 2163 1443 Denique
2191 1381 2248 1427 ut
2298 1373 2544 1428 omittam
2600 1372 2716 1427 ﬁeri
2744 1373 2983 1442 potuisse
3008 1414 3023 1436 ,
3076 1384 3134 1429 ut
3174 1375 3374 1431 librarii
3406 1393 3471 1432 ex

1916 1462 2148 1519 Eusebio
2197 1462 2249 1517 in
2308 1462 2410 1517 hoc
2461 1477 2597 1532 opus
2625 1462 2807 1518 Basilii
2843 1465 3104 1518 nonnulla
3147 1476 3470 1533 assuerent,

1918 1554 2368 1623 quemadmodum
2394 1553 2510 1623 ejus
2533 1554 2873 1609 orationibus
2911 1569 2978 1610 ex
3024 1555 3209 1610 eodem
3242 1557 3473 1614 Eusebio

1918 1645 2171 1701 nonnulla
2220 1646 2606 1713 inseruerunt;
2640 1660 2763 1701 cum
2797 1646 3028 1703 Basilius
3056 1649 3158 1704 hoc
3177 1663 3313 1720 Opus
3367 1666 3473 1706 non

1921 1736 2233 1801 absolverit,
2259 1736 2380 1804 quis
2412 1736 2514 1791 scit
2544 1751 2611 1790 an
2647 1738 2749 1791 tale
2772 1739 3020 1794 editurus
3058 1738 3270 1806 fuisset,
3316 1742 3476 1812 quale

1921 1845 2064 1883 nunc
2115 1828 2423 1884 habemus?
2466 1827 2653 1884 Nonne
2696 1832 2871 1898 potius
2903 1833 3197 1889 verisimile
3229 1845 3312 1890 est
3365 1836 3478 1890 haec

1922 1921 2229 1977 testimonia
2259 1936 2322 1974 ex
2378 1920 2630 1987 Eusebio,
2673 1921 2833 1977 veluti
2876 1924 3155 1979 materiam
3190 1926 3477 1995 quamdam

1922 2010 2203 2082 scriptoris
2246 2011 2451 2081 judicio
2485 2023 2671 2080 postea
2723 2014 3093 2082 cxpoliendam
3120 2024 3175 2072 et
3202 2017 3478 2075 illustran-

1924 2105 2065 2169 dum,
2090 2104 2258 2160 fuisse
2295 2113 2624 2173 comportata
2648 2103 2672 2157 l

1997 2219 2137 2285 Quin
2182 2219 2341 2272 etiam
2373 2217 2625 2285 decerpta
2663 2233 2727 2272 ex
2763 2218 2953 2273 alienis
2986 2212 3248 2276 messibus
3273 2220 3389 2278 loca
3428 2223 3482 2278 id

1924 2308 2153 2364 atl‘erunt
2178 2308 2462 2367 commodi.
2493 2318 2548 2362 ut
2572 2309 2726 2364 facile
2758 2310 3138 2380 intelligamus,
3183 2326 3280 2368 cur
3312 2314 3481 2387 stylus

1924 2398 2295 2454 commentarii
2321 2412 2423 2452 non
2462 2413 2676 2469 semper
2704 2400 2887 2456 Basilii
2915 2401 3089 2472 Magni
3121 2404 3481 2474 eloquentiam

1923 2490 2182 2547 redoleat.
2214 2488 2294 2544 Ex
2336 2490 2418 2544 his
2439 2490 2583 2544 enim
2610 2504 2729 2559 quae
2757 2493 2966 2560 objecta
2997 2503 3142 2561 sunt,
3167 2494 3297 2549 nihil
3328 2496 3485 2551 video

1925 2582 2089 2651 quod,
2120 2596 2240 2635 cum
2264 2580 2440 2650 aliqua
2462 2578 2921 2633 verisimilitudine
2943 2580 3210 2647 obiectum
3232 2582 3323 2646 sit,
3344 2597 3483 2651 prae-

1926 2684 2011 2729 ter
2067 2674 2193 2744 styli
2245 2672 2680 2741 discrepantiam.
2738 2671 2843 2728 Sed
2911 2673 2997 2727 ille
3056 2672 3483 2729 verisimilitudi-

1928 2769 2011 2823 nis
2058 2766 2206 2822 color
2257 2766 2569 2830 evanescit,
2619 2765 2707 2821 ubi
2752 2766 3201 2822 animadvertitur
3262 2768 3319 2823 in
3382 2770 3487 2824 hoc

1925 2875 2099 2927 opus,
2159 2858 2300 2925 quod
2353 2858 2588 2914 maxima
2622 2871 2688 2911 ex
2736 2865 2887 2926 parte
2933 2858 3162 2911 nitorem
3202 2856 3488 2915 Basiliana:

1927 2948 2189 3004 orationis
2219 2947 2433 3015 retinet,
2468 2947 2692 3003 aliorum
2728 2950 3032 3003 testimonia
3071 2949 3343 3005 interdum
3398 2953 3484 3007 in-

1930 3043 2059 3098 texi.

264 3152 451 3209 Basilii
486 3154 657 3221 locis,
689 3155 973 3211 sententiis
1019 3165 1228 3212 tantum
1266 3173 1371 3212 non
1404 3159 1582 3214 verbis
1625 3160 1820 3217 similia
1854 3159 1899 3221 c
1998 3157 2222 3211 Frustra
2282 3155 2535 3223 obiicitur
2572 3157 3017 3211 commentatoris
3050 3154 3116 3211 de
3153 3157 3488 3213 daemonibus

260 3256 390 3300 sunt
415 3286 432 3312 ,
465 3247 509 3301 si
536 3262 699 3299 unum
737 3253 830 3299 aut
857 3245 1094 3301 alterum
1135 3246 1307 3303 locum
1358 3249 1617 3320 excipias.
1672 3251 1823 3308 Unde

266 3337 369 3391 hoc
399 3336 717 3403 discrimen,
749 3338 851 3393 nisi
883 3338 1009 3409 quia
1042 3338 1273 3396 Basilius
1300 3341 1434 3398 alios
1458 3342 1523 3397 de
1556 3343 1819 3397 industria

265 3438 318 3482 et
346 3428 470 3482 data
501 3442 664 3498 opera
715 3429 1072 3499 imitabatur;
1118 3443 1174 3486 ut
1206 3441 1387 3486 autem
1424 3433 1654 3499 seipsum
1705 3431 1823 3485 imi-

266 3528 495 3583 taretur,
534 3523 667 3577 satis
691 3531 829 3587 erat,
858 3523 1021 3577 veluti
1050 3532 1245 3576 natura
1275 3524 1409 3575 duce
1432 3561 1447 3587 ,
1482 3521 1674 3576 insitas
1706 3524 1825 3576 ani-

268 3627 356 3667 mo
403 3613 705 3668 sententias
751 3626 807 3668 et
852 3612 1143 3682 Scriptura:
1199 3613 1581 3683 intelligentiae
1628 3617 1826 3686 sequi?

270 3702 384 3758 Non
412 3714 647 3774 estergo
677 3720 774 3759 cur
812 3719 1099 3761 vereamur
1148 3706 1290 3763 hunc
1338 3710 1783 3764 commentarium
1810 3750 1826 3775 ,

268 3804 326 3848 ut
350 3794 638 3865 genuinum
668 3795 852 3852 Basilii
904 3797 1105 3854 laboris
1138 3810 1539 3855 monumentum
1571 3839 1585 3863 ,
1650 3802 1823 3856 susci-

275 3898 422 3954 pere.

344 3996 500 4067 Saepe
528 3996 763 4055 Basilius
814 4000 868 4055 in
904 4001 1007 4055 hoc
1039 4015 1199 4070 opere
1243 4018 1406 4057 unum
1436 4018 1494 4059 se
1524 4018 1644 4059 esse
1692 4001 1830 4057 indi-

272 4097 358 4141 cat
386 4102 451 4141 ex
485 4091 789 4145 senioribus
813 4100 869 4146 et
902 4092 1233 4161 principibus
1268 4094 1446 4163 populi
1472 4094 1549 4164 (a)
1593 4112 1607 4149 :
1637 4108 1701 4149 ex
1725 4109 1831 4163 quo

274 4177 465 4231 saltem
494 4181 874 4249 presbyterum
900 4181 1067 4239 luisse
1088 4184 1427 4253 perspicitur.
1461 4186 1721 4240 Altiorem
1752 4184 1833 4239 di-

275 4268 499 4341 gnitatis
547 4271 772 4340 gradum
812 4282 941 4329 tunc
990 4275 1294 4331 obtinuisse
1338 4289 1441 4329 non
1480 4275 1826 4339 crediderim,

279 4371 389 4415 tum
445 4361 614 4431 quia,
669 4376 789 4417 cum
841 4364 954 4418 hrec
1014 4366 1318 4431 scriberet,
1380 4367 1612 4421 nondum
1650 4378 1832 4436 aperte

277 4454 566 4520 prodibat,
622 4463 683 4509 ut
736 4469 899 4525 supra
961 4456 1237 4523 diximus,
1292 4458 1515 4513 lueresis
1569 4455 1834 4513 Pneuma—

288 4546 703 4611 tomachorum,
741 4562 859 4617 quae
892 4557 1069 4603 tamen
1117 4563 1256 4603 anno
1303 4550 1399 4603 571
1449 4550 1682 4619 grassari
1726 4566 1837 4605 cte—

280 4638 359 4702 pit
383 4654 398 4703 ;
423 4645 533 4690 tum
563 4638 685 4706 quia
710 4638 1001 4694 verisimile
1031 4649 1113 4694 est
1144 4639 1350 4695 labores
1376 4644 1715 4711 episcOpatus
1744 4643 1833 4698 ob-

278 4732 483 4787 stitisse
516 4773 532 4798 ,
588 4732 873 4799 quominus
922 4731 1154 4788 Basilius
1208 4736 1272 4788 ad
1348 4734 1657 4790 umbilicum
1710 4750 1844 4805 Opus

280 4823 627 4891 perduceret.

351 4933 462 4989 VII.
498 4937 615 4991 Non
636 4932 792 4990 valde
814 4932 1050 4989 dillicilia
1096 4943 1219 4987 sunt
1246 4935 1312 4987 ad
1347 4935 1684 5002 solvendum,
1723 4952 1842 5005 quae

282 5029 441 5084 nobis
470 5030 825 5098 objiciuntur,
869 5029 954 5082 vel
991 5028 1171 5099 potius
1221 5029 1286 5081 ad
1316 5043 1499 5083 eorum
1525 5030 1785 5098 judicium
1822 5068 1836 5092 ,

280 5124 375 5193 qui
410 5123 511 5177 hoc
550 5136 685 5192 opus
710 5123 912 5178 Basilio
938 5124 1199 5186 tribuunt,
1224 5120 1651 5176 conﬁrmandum
1676 5136 1840 5191 appo-

281 5216 385 5267 sita
412 5213 680 5267 videntur.
728 5212 879 5279 Quod
922 5214 1065 5269 enim
1117 5213 1387 5284 indignum
1436 5212 1632 5269 Basilio
1667 5213 1834 5268 fuisse

283 5305 482 5359 dicitur
512 5305 587 5376 (b)
610 5344 626 5369 ,
666 5317 881 5361 oratore
918 5306 1360 5373 praestantissimo
1383 5346 1399 5373 ,
1449 5312 1505 5357 ut
1531 5320 1594 5359 ex
1629 5304 1843 5359 Eusebii

284 5398 675 5451 commentario
732 5408 836 5451 tam
872 5396 1035 5451 multa
1066 5398 1117 5451 in
1165 5412 1319 5452 suum
1354 5395 1671 5451 transferret
1704 5438 1718 5461 ,
1781 5396 1831 5450 id

282 5499 405 5539 cum
436 5499 531 5539 sua
587 5498 777 5555 sponte
813 5486 1065 5541 Basilium
1115 5503 1218 5542 non
1250 5488 1458 5542 videtur
1486 5487 1795 5540 dedecuisse
1824 5506 1838 5549 ;

362 5725 438 5799 (ι)
467 5723 595 5797 Ρη.
624 5726 747 5792 tn,
782 5725 906 5792 its,
941 5726 1062 5794 tta,
1097 5726 1219 5792 tea,
1249 5725 1369 5792 l65,
1402 5725 1518 5791 tot,
1548 5724 1668 5780 suo.

1930 3251 2191 3301 sententia
2219 3248 2294 3316 (η.
2329 3246 2399 3299 25
2441 3256 2494 3300 et
2519 3246 2665 3317 256),
2713 3261 2846 3314 quos
2893 3246 3127 3301 victimis
3154 3246 3405 3302 delectari
3434 3258 3489 3302 et

1929 3338 2205 3391 nidoribus
2259 3335 2491 3405 gaudere
2538 3345 2591 3387 et
2647 3336 2713 3389 ali
2772 3351 2875 3390 non
2927 3336 3096 3390 semel
3149 3339 3483 3404 pronuntiat.

1932 3427 2060 3482 Hec
2114 3426 2358 3497 quidem,
2392 3425 2569 3495 inquit
2601 3435 2790 3480 auctor
2842 3424 3199 3490 Praelationis,
3230 3435 3488 3499 utcunque

1933 3521 2207 3575 toleranda
2265 3528 2434 3574 essent
2484 3518 2623 3587 apud
2676 3528 2893 3588 poetas,
2936 3529 3028 3573 aut
3062 3521 3200 3588 apud
3244 3521 3490 3590 jocosum

1933 3614 2236 3683 scriptorem
2275 3610 2563 3665 Lucianum
2588 3626 2607 3664 :
2637 3620 2688 3663 at
2724 3612 2903 3665 eadem
2936 3612 2990 3665 in
3040 3609 3258 3662 I’atrum
3293 3614 3493 3681 gravis—

1934 3708 2062 3759 simo
2084 3704 2285 3757 Basilio
2314 3703 2428 3773 quis
2461 3702 2640 3769 ferat?
2682 3701 2801 3756 Scio
2823 3704 3030 3771 quidem
3072 3702 3298 3756 caelestia
3349 3720 3495 3773 qure-

1934 3797 2056 3848 dant
2102 3809 2321 3861 corpora
2365 3792 2564 3863 angelis
2621 3810 2651 3844 a
2701 3792 3012 3861 quibusdam
3063 3791 3317 3848 Patribus
3346 3792 3494 3849 Grat-

1935 3888 2009 3941 cis
2048 3886 2208 3939 tribui
2237 3901 2256 3940 :
2284 3885 2373 3939 sed
2420 3884 2597 3938 nullus
2622 3923 2637 3948 ,
2676 3887 2812 3951 quod
2849 3885 3046 3951 sciam,
3089 3885 3345 3953 ejusmodi
3391 3903 3494 3940 nu-

1936 3994 2028 4048 gas
2088 3991 2316 4046 unquam
2380 3975 2621 4044 garrivit.
2686 3975 2931 4029 Arbitror
2989 3987 3161 4029 autem
3238 3974 3496 4029 Basiliam

1938 4084 1971 4120 a
2039 4064 2198 4118 tantis
2270 4063 2627 4117 deliramentis

1941 4161 2124 4213 ruisse.

2698 4065 2921 4117 maxime
2991 4065 3218 4116 omnium
3294 4066 3456 4117 abhor
3470 4094 3495 4104 -

2009 4274 2245 4329 Necesse
2272 4286 2374 4327 non
2407 4281 2490 4325 est
2521 4272 2731 4342 longam
2780 4272 2973 4325 seriem
3008 4270 3328 4340 scriptorum
3358 4271 3495 4323 idem

1942 4365 2290 4420 sentientium
2332 4362 2420 4416 hic
2476 4372 2675 4416 texere.
2711 4360 2856 4415 Satis
2887 4363 2990 4415 erit
3019 4376 3156 4415 unus
3196 4376 3260 4414 ex
3315 4362 3499 4415 multis

1941 4456 2008 4510 ad
2034 4454 2502 4510 demonstrandam
2554 4452 2712 4522 hujus
2754 4452 2940 4520 iudicii
2996 4450 3328 4519 iniquitatem
3366 4450 3501 4505 Gre-

1942 4547 2125 4618 gorius
2155 4542 2533 4599 Nazianzenus
2563 4544 2638 4614 (p.
2676 4542 2822 4614 1‘27),
2854 4542 2942 4611 qui
2977 4541 3028 4593 in
3058 4547 3305 4596 oratione
3326 4542 3360 4595 tl
3391 4542 3501 4596 da-

1942 4655 2130 4696 mones
2162 4646 2318 4691 vocat
2345 4638 2563 4706 gulosos
2596 4648 2651 4690 et
2679 4634 3072 4699 fraudulentos,
3095 4642 3149 4686 et
3180 4634 3232 4687 in
3257 4635 3502 4688 oratione

1943 4732 2011 4785 18
2037 4743 2325 4797 corporum
2357 4736 2412 4783 et
2436 4729 2769 4797 voluptatum
2801 4733 3071 4779 amatores
3108 4726 3183 4793 (p.
3215 4724 3382 4795 279);
3420 4742 3504 4780 eo-

1947 4836 2173 4889 rumque
2221 4822 2525 4875 mercedem
2565 4834 2685 4873 esse
2716 4817 2962 4872 victimas
2997 4826 3050 4871 ct
3082 4816 3329 4871 libamina
3384 4832 3505 4885 pro-

1949 4911 2179 4977 nuntiat,
2221 4926 2284 4967 ac
2308 4927 2406 4982 per
2439 4910 2755 4980 sanguinem
2788 4921 2844 4963 et
2870 4908 3111 4964 nidorem
3142 4923 3262 4963 cum
3288 4908 3367 4963 eis
3392 4908 3504 4962 alli-

1945 5006 2167 5058 uitatcm
2198 5004 2464 5059 contrahi.

2012 5114 2162 5171 luter
2213 5132 2273 5171 ea
2302 5128 2419 5183 qua:
2450 5124 2508 5169 ut
2539 5114 2740 5169 Basilio
2764 5113 2980 5181 indigna
3016 5112 3340 5183 colliguntur
3366 5113 3509 5168 Prae-

1950 5208 2045 5262 fat.
2086 5225 2235 5262 num.
2267 5206 2335 5261 56
2363 5248 2379 5275 ,
2415 5207 2554 5262 forte
2586 5207 2809 5274 alicujus
2834 5205 3089 5259 momenti
3128 5206 3295 5260 videri
3344 5207 3509 5275 possit

1948 5302 2090 5369 quod
2118 5301 2191 5353 ait
2222 5308 2617 5355 commentator
2646 5298 2714 5353 de
2735 5296 3053 5365 lntelligibili
3087 5299 3318 5366 quadam
3351 5313 3511 5351 crum

1949 5393 2013 5445 ad
2037 5402 2271 5461 quatuor
2307 5390 2488 5444 mundi
2512 5399 2693 5458 partes
2720 5390 3046 5460 pertinente.
3084 5387 3190 5444 Sed
3219 5390 3269 5442 id
3317 5390 3497 5442 absur-

1950 5484 2074 5536 dum
2106 5483 2267 5537 videri
2295 5497 2397 5536 non
2428 5482 2618 5547 debet;
2649 5482 2727 5536 vel
2759 5484 2932 5550 potius
2956 5481 3278 5535 eruditionis
3312 5480 3368 5534 S.
3402 5478 3474 5531 Βιι

2025 5720 2095 5789 (b)
2130 5719 2278 5775 Tum.
2324 5718 2338 5769 1
2375 5718 2551 5784 l‘ral’.,
2578 5733 2628 5786 p.
2656 5718 2739 5771 id.
