4038 6460
544 356 677 398 CLXX

1905 336 2169 393 PROLEG
2179 337 2274 393 ΟΜ
2281 337 2411 392 ENA

546 461 651 512 silii
705 455 955 509 indicium
1016 467 1131 522 est,
1189 458 1280 527 qui
1317 457 1544 512 similem
1615 459 1936 513 sententiam
1968 462 2103 529 apud
2134 462 2394 522 Aeodem
2446 458 2532 513 die
2583 457 2898 520 Dominico,
2933 459 3022 527 qui
3066 457 3269 530 jejunia
3316 462 3382 516 ad
3431 462 3762 519 recordatio-

551 558 837 617 rnartyrem
872 545 1146 601 Iustinum
1201 549 1411 604 viderat
1440 566 1544 605 non
1580 549 1739 621 longe
1785 566 1815 604 a
1845 551 1950 604 line
1990 568 2103 605 ma-

547 639 679 699 toris
737 637 1031 707 Apologia.
1101 637 1295 692 Notum
1369 642 1469 697 hoc
1532 657 1668 711 opus
1722 658 1823 696 non
1893 643 1994 697 fuit
2043 643 2101 698 S.

545 729 874 800 Hieronymo
934 743 950 781 :
1013 744 1185 798 neque
1257 730 1413 798 hujus
1482 732 1559 786 rei
1639 738 1867 786 obscura
1941 748 2101 788 causa

545 829 666 885 est,
721 835 845 874 cum
892 819 1185 875 verisimile
1240 822 1311 876 sit
1363 822 1431 876 ab
1491 824 1608 894 ipso
1660 823 1860 878 Basilio
1900 826 2101 879 editum

544 916 598 966 in
631 913 802 966 lucem
838 928 942 966 non
976 912 1160 969 fuisse.
1188 913 1437 969 Citantur
1481 916 1558 986 (a)
1613 917 1852 971 nonnulli
1890 919 2102 972 codices

549 1019 678 1057 mss.
714 1004 764 1056 in
793 1005 986 1072 quibus
1032 1007 1407 1061 commentarii
1445 1008 1498 1060 in
1533 1006 1736 1061 Isaiam
1791 1023 1819 1061 a
1868 1010 2105 1077 quodam

544 1099 861 1164 presbytero
895 1096 1093 1165 vulgati
1139 1098 1390 1152 dicuntur
1435 1107 1556 1167 post
1609 1108 1834 1154 mortem
1893 1099 1951 1154 S.
1997 1099 2098 1152 Ba-

539 1188 666 1241 silii.

1089 1280 1316 1339 CAPUT
1363 1283 1544 1338 XLlll.

536 1369 576 1423 Ι.
615 1370 688 1424 De
746 1371 974 1426 homiliis
1020 1375 1234 1427 secundi
1284 1377 1429 1427 torni.
1475 1374 1707 1428 Homilia
1749 1377 1972 1430 secunda
2032 1377 2095 1430 de

605 1438 800 1508 jejunio
841 1459 944 1493 non
985 1443 1270 1510 auferenda
1325 1444 1543 1496 Basilio.
1576 1444 1636 1496 Il.
1671 1445 1746 1498 De
1776 1445 2002 1499 homiliis
2039 1449 2090 1508 3,

605 1512 661 1567 4.
698 1510 747 1562 5.
773 1509 861 1565 ΙΙΙ.
904 1512 977 1564 De
1016 1514 1248 1565 homiliis
1277 1515 1328 1567 6.
1361 1514 1411 1567 7.
1443 1517 1494 1567 8.
1530 1515 1562 1567 9
1585 1556 1598 1567 .
1641 1531 1857 1567 auarum
1897 1527 2090 1567 tempus

647 1550 661 1573 ,
698 1527 747 1562 ο.
773 1527 861 1565 tu.
904 1527 977 1564 ue
1016 1527 1248 1565 nommts
1277 1527 1328 1567 υ.
1370 1527 1411 1573 t,
1443 1527 1494 1575 δ,
1530 1527 1598 1578 υ,
1641 1531 1857 1580 quarunt
1897 1527 2093 1579 tempus

603 1583 962 1632 examinatur.
1011 1582 1097 1633 ιν.
1129 1581 1208 1634 De
1252 1583 1478 1636 homilits
1520 1583 1701 1636 10-20.
1750 1584 1809 1636 ν.
1861 1583 2092 1638 Homitia

605 1650 666 1702 21
729 1651 783 1702 in
813 1652 1109 1713 episcopatu
1151 1654 1361 1717 scripta.
1419 1653 1492 1704 De
1530 1655 1692 1706 tribus
1732 1654 1849 1707 aliis
1901 1657 2094 1707 oratio-

603 1721 776 1772 nibus.
831 1719 901 1771 De
955 1718 1185 1772 homiliis
1247 1723 1548 1785 deperditis.
1591 1721 1678 1776 Vl.
1739 1723 1810 1774 De
1860 1725 2089 1777 homiliis

606 1791 660 1840 in
733 1789 1066 1855 appendicem
1125 1789 1348 1858 rejectis.

603 1874 872 1924 perperam
900 1860 954 1908 in
985 1860 1065 1910 his
1094 1859 1321 1910 homiliis
1359 1862 1673 1926 vituperata.
1714 1859 1817 1914 VII.
1851 1862 1921 1913 De
1950 1863 2092 1915 libris

603 1927 658 1978 in
688 1927 1028 1991 Eunomium,
1061 1928 1295 1981 Ascetico
1319 1946 1380 1981 ac
1411 1930 1610 1982 duobus
1634 1930 1782 1982 libris
1811 1931 1873 1984 de
1906 1931 2091 1999 Bapti-

600 2013 734 2048 smo.

601 2085 644 2142 l.
697 2085 853 2141 hunc
902 2088 1140 2143 breviter
1195 2089 1351 2144 nobis
1398 2092 1742 2144 recensendas
1799 2100 1924 2145 sunt
1977 2091 2094 2145 alia:

531 2180 706 2232 sancti
756 2177 940 2232 Basilii
974 2179 1225 2247 homiliae,
1259 2195 1490 2250 quarum
1518 2183 1706 2252 viginti
1750 2192 1979 2252 quatuor
2037 2185 2089 2236 in

532 2279 681 2322 tomo
716 2270 954 2323 secundo
988 2271 1344 2340 disponuntur
1379 2273 1563 2327 eodem
1592 2274 1780 2328 ordine
1803 2290 1865 2330 ac
1896 2276 1945 2330 in
1971 2275 2091 2331 aliis

527 2360 880 2424 editionibus,
902 2369 1026 2415 octo
1060 2362 1179 2415 aliae
1208 2363 1259 2415 in
1288 2362 1652 2433 Appendicem
1697 2366 1910 2435 rejectaa
1939 2380 2084 2422 sunt.

528 2451 733 2518 Agmen
761 2451 964 2505 ducunt
1011 2452 1128 2506 duce
1175 2453 1240 2507 de
1277 2452 1485 2523 jejunio
1526 2455 1757 2511 homilia:
1792 2459 1844 2512 in
1895 2459 2088 2527 quibus

529 2542 761 2597 Basilius
794 2559 901 2599 non
952 2545 1004 2598 id
1042 2545 1215 2598 solum
1246 2545 1514 2612 hortatur,
1555 2557 1611 2601 ut
1663 2548 1861 2602 indicta
1898 2551 1964 2602 ab
1989 2549 2088 2604 Ec-

530 2634 693 2687 clesia
733 2633 938 2704 jejunia
981 2635 1354 2700 observentur,
1386 2645 1440 2690 et
1467 2652 1531 2692 ea
1562 2638 1786 2704 ratione,
1815 2655 1932 2707 qua:
1978 2641 2087 2695 Deo

523 2724 742 2794 placere
808 2726 1013 2794 possit,
1081 2725 1438 2781 observentur
1490 2729 1586 2798 (bi,
1657 2731 1750 2784 sed
1801 2733 1959 2785 etiam
2029 2741 2087 2786 ut

523 2830 593 2870 ne
651 2817 869 2887 crapula
922 2817 1257 2872 instantibus
1295 2817 1516 2888 jejuniis
1581 2821 1940 2890 praeminatur
1988 2822 2079 2894 (ε).

523 2903 665 2970 Quin
708 2906 871 2960 etiam
929 2905 1125 2960 fatetur
1154 2921 1260 2960 non
1298 2916 1502 2962 tantum
1554 2911 1653 2964 sibi
1706 2910 1904 2966 laboris
1938 2913 2084 2967 insu-

523 2993 777 3046 mendum
816 3007 957 3059 esse,
1007 3003 1064 3048 ut
1116 2996 1181 3049 ad
1210 2995 1470 3064 jejunium
1501 2998 1764 3064 hortetur,
1820 3017 1979 3070 quam
2027 3012 2085 3056 ut

525 3084 858 3146 dehortetur,
895 3101 956 3138 ne
1006 3087 1122 3154 quis
1148 3086 1324 3147 hodie,
1369 3087 1541 3154 inquit
1573 3088 1672 3158 (ά),
1732 3091 1789 3144 in
1819 3093 2082 3145 ebrietatis

1426 1791 1697 1843 Nonnulla
1767 1796 2094 1856 explicantur
2125 1804 2165 1856 Β

2212 567 2335 606 nem
2391 550 2681 606 salutifera:
2731 551 2997 620 passionis
3032 552 3376 622 perducentia
3411 557 3762 611 antecedebat

2207 642 2280 712 (p.
2313 642 2422 712 ιο).

2274 733 2460 786 Mirari
2495 731 2627 786 satis
2653 747 2756 785 non
2778 747 2991 801 possum
3017 732 3281 800 quomodo
3301 731 3498 788 Basilio
3522 737 3760 788 secunda

2204 824 2376 878 oratio
2426 823 2492 877 de
2534 821 2740 890 jejunio
2789 823 3086 893 abjudicari
3146 823 3396 890 potuerit.
3448 823 3762 880 Levissimai

2204 912 2501 968 afferuntur
2531 927 2746 965 causae:
2783 911 3054 966 Posterior
3097 913 3269 966 oratio
3315 919 3369 966 et
3410 913 3675 982 elegantia
3701 924 3760 968 et

2202 1004 2354 1072 c0pia
2383 1004 2552 1056 multo
2597 1001 2822 1055 inferior
2844 1002 2918 1070 (g)
2951 1020 2965 1056 :
2993 1002 3154 1056 multa
3204 1003 3258 1056 in
3305 1004 3538 1058 secunda
3572 1004 3761 1074 legun-

2205 1103 2312 1160 tur,
2356 1109 2582 1162 quorum
2619 1093 2722 1146 alia
2757 1108 2820 1146 ex
2856 1094 3025 1161 prima
3069 1103 3310 1162 sumpta,
3347 1094 3451 1147 alia
3478 1110 3543 1148 ex
3567 1098 3758 1153 eadem

2199 1197 2452 1251 expressa
2485 1224 2499 1247 ,
2548 1184 2686 1251 quod
2744 1198 2931 1251 parum
2979 1183 3168 1238 decere
3210 1185 3420 1238 videtur
3450 1186 3758 1254 c0piosissi-

2198 1289 2343 1328 mum
2387 1275 2561 1329 virum
2595 1275 2870 1330 Basilium.
2917 1273 3217 1329 Secundam
3253 1278 3551 1332 orationem
3583 1279 3753 1334 multo

2197 1362 2504 1418 inferiorem
2531 1366 2710 1434 priore
2739 1380 2858 1420 esse
2876 1364 3134 1433 elegantia
3165 1376 3220 1420 et
3240 1370 3390 1437 copia
3415 1385 3513 1423 nec
3535 1385 3755 1439 possum

2195 1453 2513 1522 concedere,
2542 1472 2638 1510 nec
2670 1471 3023 1512 concessuros
3061 1459 3297 1511 arbitror
3337 1461 3644 1530 quicunque
3673 1471 3758 1516 at-

2197 1547 2398 1599 tentius
2433 1546 2679 1616 legerint.
2717 1547 2897 1601 Prima
2940 1548 3149 1618 longior
3195 1557 3319 1614 est,
3350 1566 3412 1605 ac
3463 1555 3755 1608 secundam

2195 1638 2297 1692 hac
2327 1652 2430 1691 una
2479 1651 2536 1692 re
2567 1648 2802 1706 superat.
2853 1639 3004 1705 Quod
3054 1648 3265 1709 spectat
3310 1641 3376 1693 ad
3407 1643 3626 1699 alteram
3667 1660 3757 1698 ra-

2197 1729 2511 1795 tiunculam,
2565 1729 2693 1797 quid
2729 1730 2922 1784 mirum
2971 1732 3035 1796 si,
3070 1747 3189 1786 cum
3218 1730 3445 1787 Basilius
3465 1735 3650 1789 eadem
3684 1739 3756 1792 de

2196 1835 2255 1874 re
2284 1821 2477 1874 iterum
2511 1819 2746 1874 disserat
2786 1835 2849 1874 ac
2892 1824 3076 1875 eadem
3117 1825 3239 1876 vitia
3265 1824 3512 1894 castiget,
3549 1828 3753 1881 eaedem

2193 1911 2474 1964 sententia;
2505 1910 2556 1963 in
2585 1921 2810 1978 utraque
2840 1911 3084 1964 oratione
3116 1913 3382 1966 interdum
3418 1918 3756 1968 occurrunt?

2194 1998 2297 2054 Sed
2334 2010 2511 2056 tamen
2535 2011 2682 2055 tanta
2712 2017 2832 2056 cum
2859 2004 3117 2056 varietate
3144 2015 3476 2072 repetuntur,
3508 2015 3564 2058 ut
3594 2007 3745 2060 novi-

2193 2091 2318 2146 tatis
2356 2093 2526 2161 gratia
2575 2108 2679 2146 non
2729 2103 2949 2151 careant
2984 2109 2998 2146 :
3036 2097 3175 2162 quod
3209 2095 3424 2162 quidem
3453 2094 3622 2150 sancti
3653 2093 3755 2149 Ba-

2193 2181 2298 2236 silii
2350 2184 2650 2237 ubertatem
2682 2185 2889 2238 dicendi
2928 2187 3165 2241 maxime
3197 2188 3550 2242 demonstrat.
3604 2187 3756 2242 Pene

2189 2274 2477 2328 omiseram
2503 2314 2517 2337 ,
2575 2284 2632 2327 ut
2669 2290 2779 2328 rem
2831 2275 3031 2330 nullius
3065 2279 3340 2340 momenti,
3378 2278 3522 2347 quod
3553 2277 3751 2346 objici-

2191 2374 2297 2431 tur,
2347 2366 2551 2420 duabus
2578 2365 2760 2420 Basilii
2807 2367 2872 2420 de
2897 2367 3190 2434 gratiarum
3224 2369 3438 2424 actione
3465 2370 3754 2424 concioni-

2187 2458 2287 2511 bus
2339 2467 2542 2511 tantam
2596 2458 2775 2511 inesse
2819 2457 3138 2509 varietatem
3165 2497 3179 2518 ,
3211 2467 3265 2511 ut
3303 2476 3366 2513 ex
3416 2461 3482 2514 iis
3521 2477 3640 2529 qua:
3690 2463 3747 2516 in

2187 2543 2368 2610 priore
2401 2543 2542 2597 dicta
2573 2542 2807 2608 fuerant,
2857 2542 2989 2596 nihil
3034 2544 3086 2596 in
3119 2547 3414 2613 posteriore
3445 2561 3746 2618 repetatur.

2187 2632 2525 2688 Manifestum
2556 2645 2637 2689 est
2671 2651 2768 2690 sua
2812 2645 3002 2706 sponte
3030 2636 3342 2692 discrimen.
3381 2638 3613 2693 Sanctus
3645 2641 3750 2695 Ba-

2186 2724 2340 2778 silius
2371 2726 2420 2778 in
2468 2727 2699 2780 secunda
2735 2729 3076 2797 prosequitur
3110 2744 3228 2798 quae
3263 2729 3434 2798 pridie
3467 2731 3750 2786 disserue-

2187 2825 2289 2870 rat.
2347 2819 2417 2872 At
2449 2817 2567 2873 duae
2597 2819 2662 2873 de
2708 2818 2911 2887 jejunio
2950 2821 3219 2876 orationes
3252 2837 3355 2876 non
3388 2824 3573 2876 eodem
3603 2839 3752 2878 anno

2188 2910 2569 2979 pronuntiata.
2611 2909 2817 2965 Citatur
2848 2912 2961 2965 haec
3000 2915 3233 2966 secunda
3265 2914 3438 2968 oratio
3486 2931 3514 2968 a
3555 2928 3748 2970 sancto

2185 2997 2392 3052 Joanne
2420 3000 2778 3062 Damasceno,
2819 3000 3070 3052 Simeonc
3121 2999 3414 3070 Logotheta
3443 3013 3495 3058 et
3539 3005 3747 3078 Euthy-

2187 3088 2318 3141 mio.
2349 3086 2584 3141 Basilius
2618 3087 2884 3155 promittit
2913 3089 2988 3157 (p.
3035 3087 3122 3157 16)
3151 3104 3217 3140 ex
3265 3105 3411 3144 more
3437 3108 3534 3146 suo
3573 3105 3752 3148 matu-

523 3174 667 3226 mala
699 3176 919 3232 incidat.
946 3175 1079 3229 Nam
1104 3192 1132 3229 a
1157 3176 1360 3246 jejunio
1389 3179 1633 3234 violando
1663 3180 1944 3251 plerosque
1963 3198 2084 3237 con.
2108 3170 2151 3227 C
2187 3177 2354 3231 tinam
2387 3185 2442 3231 et
2483 3178 2841 3246 vespertinam
2876 3177 3188 3230 concionem
3241 3182 3588 3245 sequentibus
3639 3183 3754 3238 die-

527 3266 757 3320 suetudo
793 3277 847 3322 et
875 3268 1043 3334 pudor
1074 3270 1438 3325 deterrebant.
1470 3271 1620 3326 Nulla
1653 3274 1793 3327 enim
1835 3285 1950 3329 erat
1995 3277 2077 3329 in-

521 3357 637 3412 sula
673 3364 750 3426 (n.
775 3359 851 3428 2),
886 3359 1028 3412 nulla
1070 3361 1350 3416 continens
1387 3372 1549 3428 terra,
1591 3379 1692 3418 non
1731 3366 1937 3430 civitas,
1973 3383 2077 3422 non

518 3464 649 3516 guns
678 3447 800 3509 ulta,
829 3465 930 3501 non
947 3461 1220 3507 extremus
1245 3454 1425 3508 mundi
1457 3455 1700 3524 angulus,
1735 3456 1821 3511 ubi
1851 3474 1952 3512 non
1985 3473 2079 3512 au-

519 3538 937 3606 direturjejunii
984 3543 1361 3613 promulgatio,
1399 3562 1559 3613 quam
1608 3560 1661 3602 et
1716 3553 1981 3604 exercitus
2023 3561 2080 3605 et

516 3631 772 3696 viatores,
790 3642 840 3683 et
860 3643 1040 3686 nautae
1069 3642 1121 3686 et
1148 3635 1505 3702 negotiatores
1528 3651 1738 3690 summo
1764 3640 1956 3706 gaudio
1985 3655 2076 3693 ex-

516 3721 808 3787 cipiebant.
843 3720 995 3775 Unde
1023 3737 1122 3777 nec
1153 3723 1348 3779 divites
1401 3740 1498 3780 nec
1549 3741 1810 3796 pauperes
1855 3730 1921 3781 ab
1976 3730 2076 3784 hac

513 3813 701 3884 jejunii
741 3815 856 3884 lege
885 3816 1114 3871 eximios
1139 3817 1303 3872 habet
1327 3818 1555 3874 Basilius
1587 3838 1599 3872 :
1627 3820 1942 3875 mulieribus
1967 3834 2073 3875 tam

520 3906 848 3960 comeniens
901 3923 963 3962 ac
993 3911 1285 3962 secundum
1333 3919 1579 3964 naturam
1611 3927 1731 3967 esse
1763 3924 1943 3968 censet
1990 3914 2074 3982 je-

512 3994 744 4061 junare,
801 4011 958 4063 quam
1010 3999 1279 4068 respirare
1319 4020 1330 4054 :
1375 4014 1569 4070 pueros
1600 4039 1615 4065 ,
1663 4003 1823 4057 veluti
1873 4006 2071 4059 virides

513 4088 948 4157 pl:mtas,jejunii
984 4104 1122 4158 aqua
1150 4090 1456 4161 irrigandos
1491 4109 1504 4144 :
1533 4090 1753 4146 senibus
1779 4108 1841 4146 eo
1860 4094 2071 4149 facilius

507 4178 769 4246 jejunium
802 4194 922 4233 esse
947 4220 962 4244 ,
1001 4197 1107 4249 quo
1147 4185 1418 4251 antiquior
1445 4199 1566 4238 cum
1603 4198 1668 4238 eo
1697 4183 2068 4251 familiaritas;

510 4267 808 4322 viatoribus
825 4272 1128 4337 expeditum
1153 4287 1272 4326 esse
1294 4273 1500 4328 itineris
1521 4276 1768 4329 comitem
1785 4274 2064 4345 jejunium.

512 4361 617 4414 Sed
649 4360 975 4414 instantibus
1001 4361 1222 4431 jejuniis
1248 4366 1436 4431 prmire
1466 4366 1673 4420 solebat
1714 4369 2067 4424 immoderata

506 4453 715 4506 laetitia.
749 4452 837 4507 Sic
873 4454 1016 4508 enim
1065 4454 1304 4507 nonnulli
1340 4460 1478 4524 apud
1509 4472 1566 4512 se
1599 4460 1904 4528 cogitabant
1950 4459 2016 4530 (e)
2052 4479 2064 4513 :

2225 3285 2307 3320 US.

2225 3285 2251 3320 ιι
2292 3305 2307 3320 .

2185 3269 2218 3322 b
2254 3282 2320 3412 lsi.
2349 3357 2659 3413 Orationem
2691 3358 2899 3411 tertiam
2933 3356 3010 3427 (It)
3045 3357 3230 3411 habuit
3262 3358 3492 3413 Basilius
3525 3361 3576 3412 in
3613 3361 3746 3416 illud

2184 3450 2499 3519 Scriptum,
2533 3448 2747 3501 Attende
2773 3448 2864 3500 tibi
2892 3449 3010 3516 ipsi,
3044 3449 3184 3510 quod
3221 3459 3375 3503 antea
3407 3451 3598 3502 lectum
3627 3452 3747 3504 fue-

2186 3549 2287 3593 rat.
2332 3540 2408 3594 Ex
2437 3540 2689 3594 brevibus
2723 3539 2826 3594 illis
2859 3541 3034 3594 verbis
3069 3542 3392 3596 uberrimam
3442 3553 3747 3610 praecepto-

2183 3647 2301 3684 rum
2332 3641 2568 3701 segetem
2599 3633 2814 3687 deducit
2841 3673 2855 3696 ,
2898 3647 2959 3687 ac
2986 3634 3337 3698 demonstrat,
3368 3639 3634 3703 quomodo
3671 3637 3747 3690 vi-

2182 3723 2455 3791 gilandum
2487 3723 2742 3777 advcrsus
2765 3739 2958 3791 pravas
3005 3725 3384 3793 cogitationes,
3414 3741 3474 3779 ac
3508 3727 3648 3779 ratio
3673 3729 3743 3780 ad

2181 3815 2350 3870 nostri
2381 3813 2679 3867 custodiam
2713 3814 3038 3878 adhibenda,
3071 3817 3340 3882 quomodo
3371 3834 3475 3871 non
3515 3819 3600 3881 iis,
3621 3834 3743 3888 qua:

2180 3919 2364 3964 nostra
2419 3907 2674 3964 dicuntur
2725 3916 2776 3961 et
2824 3906 2968 3960 circa
3019 3922 3116 3961 nos
3145 3919 3289 3969 sunt,
3329 3913 3421 3964 sed
3451 3912 3745 3964 nobismet-

2179 4002 2309 4070 ipsis
2362 4001 2640 4055 attendere
2693 3999 3002 4053 debeamus.
3053 3998 3331 4063 Quomodo
3381 4016 3474 4053 sua
3511 4002 3742 4070 quisque

2177 4101 2398 4159 peccata
2434 4099 2490 4143 et
2537 4089 2858 4144 conditionis
2893 4101 3001 4142 suac
3055 4086 3226 4140 ollicia
3261 4089 3607 4144 considerare
3638 4091 3737 4144 de-

2176 4184 2320 4246 beat,
2347 4183 2612 4250 quomodo
2637 4181 2711 4235 uti
2745 4179 3098 4249 praasentibus
3121 4189 3173 4234 et
3200 4180 3393 4235 futuris
3424 4182 3735 4251 providere,

2177 4288 2275 4326 nec
2303 4272 2355 4326 in
2403 4273 2576 4327 aliena
2614 4273 2741 4325 vitia
2770 4309 2785 4333 ,
2838 4269 2930 4322 sed
2965 4270 3015 4323 in
3047 4275 3392 4341 semetipsum
3434 4271 3733 4338 inquirere.

2177 4364 2450 4430 Quomodo
2503 4366 2582 4418 sui
2628 4361 2795 4429 ipsius
2839 4363 3070 4431 cognitio
3124 4363 3176 4417 id
3217 4362 3408 4416 afferat
3441 4364 3731 4429 commodi,

2179 4466 2234 4508 ut
2260 4472 2358 4510 nec
2386 4453 2675 4508 ell'eramur
2700 4451 2751 4504 in
2779 4454 3069 4521 prosperis,
3104 4469 3203 4507 nec
3234 4453 3286 4504 in
3317 4451 3557 4506 adversis
3578 4453 3730 4507 fran-

2157 3418 2185 3449 ν

509 4544 776 4607 Quoniam
827 4546 972 4598 nobis
1017 4548 1244 4616 quinque
1275 4548 1475 4600 dierum
1512 4550 1779 4618 jejunium
1818 4553 2069 4605 indictum
2103 4523 2147 4582 ο
2174 4562 2384 4616 311ml”.
2416 4545 2508 4598 59d
2538 4559 2600 4596 ex
2641 4543 2830 4606 animae
2861 4561 2922 4598 ac
2952 4547 3118 4611 iPSiUS
3150 4542 3312 4595 etiam
3348 4545 3589 4613 corporis
3611 4561 3736 4600 90“-

507 4645 582 4686 est
615 4637 810 4705 (neque
839 4636 981 4688 enim
1015 4639 1153 4704 apud
1181 4636 1401 4693 Gracos
1428 4639 1689 4707 jejunium
1746 4642 1797 4694 in
1830 4641 2071 4708 Quadra-

506 4725 708 4792 gesima
763 4722 1000 4777 Sabbato
1035 4727 1392 4797 servabatur),
1435 4728 1591 4782 hodie
1639 4733 1870 4797 nosipsos
1908 4742 2070 4785 temu-

503 4815 666 4869 lentia
696 4816 996 4869 obruamus.
1031 4815 1253 4870 Pravam
1286 4820 1423 4874 hanc
1453 4821 1913 4886 consuetudinem,
1951 4823 2058 4876 vel-

503 4912 580 4965 uti
615 4921 891 4980 paternam
932 4913 1302 4966 hmreditatem
1338 4915 1428 4983 (Ι),
1481 4917 1807 4980 retinebant,
1838 4928 1892 4970 et
1927 4920 2071 4973 velut

505 5005 598 5073 qui
663 5003 1006 5072 longinquam
1063 5004 1447 5072 profectionem
1499 5011 1802 5072 adornant,
1840 5011 1922 5064 die
1952 5011 2060 5064 Do-

503 5098 698 5150 minica
729 5099 987 5151 adversus
1021 5098 1138 5152 illos
1175 5100 1410 5168 quinque
1447 5101 1630 5169 jejunii
1667 5103 1784 5156 dies
1813 5103 1936 5155 vino
1972 5105 2061 5154 in-

499 5184 810 5253 .lulgehant.
847 5185 994 5239 llanc
1043 5187 1362 5256 pravitatem
1404 5191 1629 5246 Basilius
1680 5193 1943 5246 acerrime
1983 5195 2064 5247 in-

498 5285 759 5329 sectatur.
790 5275 1030 5346 Utraque
1062 5281 1235 5334 oratio
1276 5281 1504 5339 diversis
1543 5287 1696 5339 annis
1736 5282 1939 5347 habita,
1972 5285 2062 5338 scd

570 5393 657 5432 ¹¹-¹
695 5393 710 5444 l
747 5392 941 5447 Thcss.
977 5411 1029 5461 ν,
1064 5395 1152 5449 26.

575 5529 650 5600 (a)
682 5529 972 5600 Tilletnon:
994 5544 1104 5585 not.
1139 5536 1227 5598 83,
1252 5536 1301 5587 in
1331 5535 1493 5588 Basil.

579 5598 650 5661 (lt)
687 5599 781 5648 0r.
809 5599 858 5648 L
961 5598 972 5600 “

585 5663 650 5796 ἒς)
684 5665 776 5740 Or.
806 5666 860 5723 τὶ,
893 5683 946 5716 n.
980 5668 1010 5718 ι
1033 5669 1161 5720 ct'l.

613 5733 664 5796 ά)
692 5731 921 5796 ιὶ)ιι,1.,ῐι.
948 5733 1001 5784 7.

613 5733 664 5796 ά)
692 5731 846 5796 ιὶ)ἰι,1.,
872 5749 921 5782 n.
948 5733 1001 5784 7.

2175 4638 2504 4692 sideratione
2553 4635 2618 4688 ad
2671 4637 2878 4704 Opiﬁcis
2931 4633 3436 4702 contemplationem
3481 4650 3735 4702 assurga-

2173 4749 2306 4787 mus.

2243 4826 2553 4891 Sequuntur
2594 4822 2710 4876 dute
2751 4823 2813 4875 de
2851 4819 3141 4890 gratiarum
3197 4821 3409 4875 actione
3434 4817 3731 4873 orationes.

2169 4917 2304 4973 Cum
2333 4913 2708 4980 explicandum
2733 4911 3058 4979 suscepisset
3095 4910 3324 4966 Basilius
3351 4910 3480 4962 illud
3529 4907 3677 4962 Pauli
3718 4928 3733 4964 :

2173 5011 2388 5075 Semper
2409 5005 2651 5072 gaudete,
2681 5004 3187 5058 sineintermissione
3217 5017 3381 5068 orate,
3405 5004 3458 5055 in
3489 5004 3734 5056 omnibus

2167 5101 2364 5169 gratias
2382 5099 2516 5164 agit:
2536 5097 2644 5154 ¹²·¹.
2673 5094 2988 5162 quaeeadem
3026 5096 3112 5149 die
3147 5096 3282 5149 lecta
3309 5093 3541 5156 fuerant,
3568 5109 3733 5146 unam

2171 5187 2472 5241 orationem
2506 5184 2793 5250 insumpsit
2821 5183 2872 5234 in
2899 5182 2963 5235 iis
2995 5183 3322 5246 refellendis,
3352 5185 3444 5252 qui
3475 5183 3587 5234 lieri
3624 5199 3733 5236 non

2170 5296 2324 5349 posse
2362 5277 2779 5338 contendebant,
2812 5286 2869 5328 ut
2893 5290 3102 5344 semper
3140 5278 3483 5344 gaudeamus.
3517 5272 3733 5330 Postri-

2237 5536 2304 5593 (ρ)
2333 5533 2487 5595 Ibitl.,
2522 5550 2574 5584 n.
2603 5536 2655 5583 4.

2247 5605 2311 5665 tt)
2349 5604 2501 5670 ibid.,
2539 5618 2588 5651 ιι.
2625 5603 2674 5652 7.
2758 5668 2770 5670 _
2955 5665 2959 5670 τ

2244 5673 2313 5730 (tt)
2351 5669 2560 5720 Pt‘;t:i:tl.
2592 5679 2718 5718 10:”.
2758 5668 2816 5729 Η,
2849 5687 2899 5719 II-
2937 5668 2987 5720 ἆ.

2248 5736 2319 5796 tit)
2349 5735 2498 5784 Hom.
2533 5737 2584 5796 ὃ,
2616 5737 2665 5795 -'t,
2699 5737 2750 5787 ἓ).
