4038 6458
1564 408 1728 461 ἮΤΑ
1766 407 1822 459 S.
1863 403 2126 459 BASlLll.

3286 412 3442 451 GL!!!

236 525 329 582 die
365 535 567 587 autem,
600 536 721 577 cum
758 520 1123 576 celebraretur
1149 519 1261 573 dies
1288 518 1455 573 festus
1486 532 1684 575 sancta:
1706 520 1795 575 Ju-
1829 525 1871 579 Α
1901 518 2052 586 quasi
2081 529 2217 568 unus
2246 529 2312 566 ex
2329 514 2665 569 miserrimis.
2697 510 2845 564 Alias
2872 511 3013 565 illius
3032 521 3188 561 voces
3203 516 3258 559 et
3288 508 3448 560 latam

233 620 371 677 littze
408 616 864 684 martyris,quem
902 616 1017 683 ipse
1054 610 1285 667 Basilius
1314 618 1473 665 antea
1518 615 1797 667 annuntia-

237 718 417 773 verat,
450 714 653 760 sanctae
682 704 939 775 martyris
973 703 1277 771 passionem
1315 702 1552 757 breviter
1596 704 1797 757 descri—

240 800 346 861 bit,
373 809 435 848 ac
462 796 767 849 hesternam
792 791 1072 846 materiam
1095 794 1513 862 reprehendens,
1533 794 1799 859 quomodo

238 900 453 954 semper
482 902 639 941 orare
668 885 935 956 possimus
964 900 1026 941 ac
1050 885 1102 939 in
1131 885 1379 940 omnibus
1409 884 1610 951 gratias
1640 899 1799 951 agere

240 978 598 1031 demonstrat.

312 1089 468 1155 Quod
505 1097 710 1157 spectat
752 1090 819 1144 ad
867 1089 1181 1160 martyrium
1232 1096 1431 1141 sancta:
1456 1085 1672 1152 Julitlaa,
1706 1104 1799 1142 cu-

239 1179 327 1248 jus
361 1181 554 1234 festum
594 1183 679 1235 die
710 1180 836 1233 Julii
865 1180 1135 1232 tricesimo
1162 1176 1485 1243 celebratur,
1532 1179 1609 1233 sic
1636 1189 1794 1231 totam

242 1284 356 1321 rem
414 1286 442 1324 a
499 1282 683 1324 sancto
718 1268 915 1321 Basilio
947 1267 1223 1321 discimus.
1285 1266 1519 1337 Spoliata
1555 1271 1801 1325 omnibus

246 1360 405 1415 bonis
435 1377 461 1415 a
497 1362 794 1429 potentiore
831 1360 1057 1426 quodam
1096 1362 1241 1415 urbis
1288 1361 1435 1424 cive,
1468 1362 1517 1414 id
1575 1371 1655 1414 est
1690 1362 1800 1415 Cae-

241 1466 433 1514 sarem,
465 1449 735 1503 hominem
767 1450 817 1503 itt
846 1448 933 1519 jus
964 1451 1191 1512 vocavit,
1222 1460 1274 1501 et
1306 1452 1571 1517 quomodo
1590 1466 1682 1503 sua
1717 1465 1802 1502 es—

240 1551 363 1595 sent
402 1542 512 1595 hmc
552 1542 711 1608 bona,
749 1542 1016 1610 quomodo
1053 1558 1147 1609 per
1180 1540 1284 1592 vim
1310 1552 1363 1594 et
1395 1542 1796 1611 impressionem

240 1644 395 1701 rapta
427 1634 681 1687 ostendit.
706 1630 840 1685 Tum
869 1632 955 1686 ille
984 1641 1140 1699 negat
1168 1629 1329 1685 licere
1358 1631 1567 1685 mulieri
1590 1645 1655 1683 ex
1690 1630 1801 1701 lege

241 1739 429 1779 secum
478 1739 685 1791 agere:
744 1737 920 1789 neque
950 1722 1089 1775 enim
1136 1720 1215 1775 fas
1260 1736 1379 1774 esse
1407 1730 1462 1774 ut
1504 1722 1802 1775 communis

233 1815 375 1886 juris
407 1816 695 1884 participes
729 1814 837 1865 sint
864 1813 953 1881 qui
1006 1815 1386 1884 imperatorum
1418 1813 1546 1868 deos
1580 1828 1680 1867 non
1712 1829 1803 1868 co-

237 1907 378 1967 lunt,
404 1920 501 1958 nec
526 1904 681 1957 fidem
712 1904 1073 1958 Christianam
1103 1904 1336 1973 ejurant.
1368 1905 1447 1959 Ex
1482 1905 1673 1974 quibus
1702 1921 1792 1974 pa-

241 2008 319 2051 tet
345 1998 460 2051 haac
510 2006 657 2064 gesta
692 2010 812 2050 esse
839 1998 936 2051 sub
970 1996 1299 2051 Diocletiano
1345 1998 1455 2065 qui,
1492 2008 1549 2049 ut
1574 2005 1799 2049 testatur

236 2085 554 2142 Lactantius
579 2089 677 2159 (α),
708 2098 947 2142 vetuerat
966 2090 1134 2155 uejus
1163 2086 1483 2141 Christianis
1512 2088 1796 2140 diceretur.

239 2175 403 2230 Visus
431 2178 693 2245 estjudici
726 2177 960 2231 nefarius
1005 2177 1092 2231 ille
1123 2177 1201 2229 vir
1236 2191 1386 2245 aequa
1435 2176 1613 2229 dicere
1637 2214 1650 2238 ,
1688 2185 1792 2228 sta-

240 2270 448 2338 timque
483 2269 606 2323 tlms
632 2277 682 2322 et
708 2267 860 2321 focus
892 2267 1100 2321 mulieri
1140 2268 1434 2336 proposita,
1465 2267 1509 2321 si
1538 2266 1694 2321 vellet
1730 2266 1803 2320 le-

238 2376 365 2429 gqu
401 2361 668 2416 beneflcio
704 2358 931 2430 perfrui.
968 2360 1037 2413 At
1084 2357 1323 2414 Julitlam
1370 2358 1592 2411 minime
1618 2372 1801 2412 move-

238 2465 368 2507 runt
401 2453 719 2508 deliciarum
755 2452 1024 2507 illecebrze
1045 2494 1059 2517 ,
1095 2467 1259 2522 seque
1298 2451 1656 2507 Christianam
1683 2467 1802 2506 esse

236 2544 482 2615 professa
531 2554 632 2598 est.
684 2545 923 2614 Cumque
952 2557 1092 2613 smpe
1134 2544 1457 2611 interrogata
1512 2545 1649 2597 idem
1676 2559 1803 2597 con-

238 2647 452 2689 stanter
490 2636 862 2704 responderet,
916 2640 983 2689 ab
1039 2636 1222 2703 iniquo
1265 2634 1448 2701 judice
1489 2650 1593 2688 non
1632 2634 1801 2688 solum

240 2726 421 2791 bonis,
457 2729 550 2780 sed
580 2727 743 2780 etiam
774 2727 879 2780 vita
913 2726 1193 2795 spoliatur,
1229 2741 1292 2780 ac
1332 2726 1441 2797 igni
1497 2732 1799 2782 damnatur.

239 2816 334 2874 Sic
366 2830 545 2874 autem
577 2822 641 2874 ad
671 2820 989 2891 supplicium
1019 2833 1299 2889 progressa
1321 2829 1424 2886 est,
1454 2830 1511 2875 ttt
1538 2823 1802 2875 internum

239 2913 406 2967 animi
454 2915 711 2983 gaudium
763 2913 1135 2969 eﬂlorescente
1171 2914 1443 2969 hilaritate
1470 2914 1802 2977 declararet,

240 3017 309 3057 ac
364 3004 620 3059 mulieres
668 3014 905 3059 astantes
947 3006 1011 3058 ad
1064 3007 1425 3058 constantiam
1474 3008 1801 3059 hortaretur.

242 3088 380 3147 Fam
410 3093 622 3159 prosilit
663 3093 715 3144 in
763 3108 968 3161 reg-um,
1022 3092 1157 3161 πρὸς
1198 3091 1296 3162 τὴν
1328 3092 1507 3162 πυρὰν
1539 3093 1725 3163 ἥλατο,
1755 3095 1805 3147 id

236 3191 349 3248 est,
380 3191 443 3235 ut
474 3182 859 3250 interpretatur
906 3181 1279 3236 Tillemontius
1325 3182 1397 3252 (ὁ)
1428 3222 1442 3245 ,
1474 3182 1590 3235 larta
1622 3198 1804 3252 rogum

239 3272 580 3339 conscendit,
619 3272 709 3342 qui
744 3273 957 3343 quidem
988 3273 1147 3328 veluti
1184 3271 1395 3343 fulgens
1438 3274 1651 3340 quidam
1687 3275 1805 3328 tha-

239 3363 439 3429 lamus,
480 3365 723 3419 mulieris
757 3376 955 3419 sancta:
984 3380 1180 3433 corpus
1208 3365 1540 3434 complexus,
1570 3366 1803 3420 animam

244 3453 301 3507 in
336 3456 611 3525 regionem
636 3455 908 3510 cmlestem
957 3458 1282 3521 transmisit,
1319 3460 1683 3513 venerandum
1719 3476 1807 3513 au-

242 3560 355 3606 tem
383 3563 579 3616 corpus
622 3548 933 3617 propinquis
981 3549 1246 3620 integrum
1287 3553 1546 3615 servavit,
1576 3555 1715 3620 quod
1754 3558 1803 3607 in

239 3638 665 3711 prmclarissimo
693 3639 758 3693 ad
784 3640 973 3694 urbem
1013 3641 1213 3710 templo
1237 3641 1577 3698 collocatum.
1612 3644 1807 3699 Narrat

242 3728 479 3785 Basilius
522 3740 719 3784 terram
750 3739 949 3785 sanctae
976 3731 1206 3785 adventu
1240 3733 1597 3799 benedictam,
1629 3751 1658 3790 e
1688 3738 1805 3790 sinu

242 3835 345 3875 suo
375 3821 751 3876 suavissimam
808 3834 961 3891 aquas
1020 3832 1270 3874 naturam
1317 3823 1562 3879 emisisse
1589 3865 1603 3889 ,
1637 3827 1709 3877 ita
1752 3836 1808 3877 ut

243 3921 435 3966 sancta
476 3911 561 3964 illa
609 3922 834 3983 martyr,
878 3913 1047 3967 instar
1087 3913 1299 3977 matris,
1353 3928 1445 3968 eos
1478 3916 1569 3985 qui
1623 3916 1805 3969 urbem

245 3998 492 4054 incolunt
540 4000 701 4055 veluti
762 4003 992 4071 quodam
1036 4005 1304 4058 communi
1347 4004 1483 4061 lacte
1532 4006 1804 4071 nutriret,

245 4106 391 4162 aqua
423 4091 694 4158 videlicet,
723 4107 842 4162 qum
869 4101 923 4146 et
949 4096 1093 4149 sanis
1128 4098 1288 4150 tutela
1317 4108 1510 4152 eratet
1540 4099 1700 4168 aegris
1728 4114 1810 4152 so-

243 4185 457 4239 latium.
503 4185 582 4239 Eo
625 4187 832 4255 gratius
869 4187 968 4242 fuit
1010 4190 1433 4245 Caesariensibus
1468 4191 1571 4243 hoc
1614 4190 1809 4245 dulcis-

243 4277 369 4331 simi
403 4276 569 4332 fontis
591 4278 931 4345 beneficium,
960 4282 1125 4349 quod,
1160 4290 1217 4334 ut
1259 4282 1332 4334 ait
1372 4280 1624 4347 Basilius,
1662 4296 1809 4334 com-

244 4368 397 4423 muni
426 4383 688 4433 aquarum
722 4372 866 4425 circa
898 4372 1039 4425 hunc
1062 4371 1237 4425 locum
1262 4381 1466 4426 natura:
1501 4374 1658 4426 insita
1692 4384 1810 4427 erat

246 4468 488 4531 satsugo.
532 4459 751 4516 Videtur
783 4463 839 4517 S.
867 4460 1056 4516 Julitta
1091 4479 1195 4518 non
1240 4465 1293 4518 in
1319 4466 1453 4519 urbe
1491 4464 1807 4519 Caesariensi

1833 3209 1874 3266 C

1902 611 1965 663 de
1997 607 2088 661 illo
2121 603 2440 661 sententiam
2462 604 2708 660 similiter
2736 600 3009 669 explanat.

1969 699 2123 753 Initio
2171 696 2414 767 septimm
2457 695 2715 749 orationis
2769 697 3155 749 commemorat
3180 686 3408 743 Basilius
3438 725 3453 749 ,

1900 806 2017 860 qua:
2039 800 2195 845 antea
2231 791 2282 845 in
2312 787 2542 858 quadam
2563 788 2821 841 concione
2851 784 3061 837 dixerat
3084 784 3149 838 de
3172 781 3339 839 divite
3364 779 3456 834 illo

1902 884 2265 947 adolescente,
2298 881 2390 950 qui
2424 878 2702 933 Dominum
2738 880 2803 932 de
2832 879 2940 932 vita
2975 884 3173 930 aeterna
3221 877 3455 929 interro-

1900 976 2065 1046 gavit.
2101 975 2251 1030 Nunc
2281 977 2620 1029 demonstrat
2645 984 2807 1039 quam
2838 969 2996 1024 stulte
3018 965 3326 1022 adolescens
3366 964 3457 1019 ille

1902 1068 2114 1121 divitias
2145 1065 2363 1120 Christo
2392 1062 2721 1133 prmtulerat,
2762 1060 3009 1128 idemque
3038 1073 3130 1115 eos
3170 1056 3348 1109 facere
3366 1056 3459 1109 de-

1903 1161 2095 1219 clarat,
2133 1157 2222 1224 qui
2250 1158 2353 1211 alia
2384 1155 2599 1225 quidem
2630 1160 2893 1221 praecepta
2930 1150 3225 1217 adimplere
3250 1146 3456 1208 volunt,

1902 1250 1994 1304 sed
2030 1248 2384 1317 eleemosynae
2413 1251 2736 1316 praeceptum
2762 1240 2983 1294 violant.
3013 1238 3264 1293 Pluribus
3294 1235 3460 1289 casti-

1901 1353 1990 1413 gat
2018 1342 2116 1395 hoc
2146 1340 2355 1405 vitium,
2384 1348 2438 1392 et
2466 1339 2654 1393 inanes
2684 1332 2877 1389 refellit
2916 1345 3126 1392 causas,
3158 1330 3351 1397 quibus
3382 1325 3460 1378 uti

1902 1432 2163 1495 solebant,
2204 1445 2328 1483 cum
2366 1430 2466 1484 sibi
2494 1429 2695 1482 liberos
2731 1439 2875 1491 esse,
2902 1438 2966 1478 ac
2992 1420 3093 1476 sibi
3130 1420 3195 1473 ad
3220 1433 3467 1490 necessa-

1900 1523 2011 1578 rios
2048 1536 2178 1576 usus
2205 1521 2448 1575 dicerent
2477 1519 2866 1587 providendum
2902 1530 3044 1580 esse,
3093 1526 3257 1581 seque
3293 1511 3460 1566 multa

1901 1612 2228 1683 pauperibus
2250 1613 2523 1681 legaturos
2557 1607 2958 1678 promitterent.

1974 1725 2143 1788 Supra
2177 1724 2353 1779 conati
2386 1736 2572 1777 sumus
2610 1718 2837 1790 probare
2856 1718 3155 1771 orationem
3188 1725 3457 1777 octavam,

1904 1830 2118 1883 quaeest
2146 1820 2201 1869 in
2231 1815 2424 1870 famem
2448 1824 2499 1869 et
2519 1813 2840 1874 siccitatem,
2870 1808 3107 1863 habitam
3139 1809 3301 1862 fuisse
3322 1821 3465 1861 anno

1902 1904 2024 1969 368,
2062 1919 2182 1957 cum
2220 1904 2489 1957 horrenda
2541 1904 2712 1955 fames
2748 1899 3139 1969 Cappadociam
3184 1897 3460 1965 afﬂigeret.

1902 1996 2250 2049 Demonstrat
2286 1992 2441 2061 hujus
2468 1991 2792 2045 calamitatis
2825 2002 3045 2043 causam
3092 2003 3155 2041 ex
3186 1986 3461 2040 hominum

1900 2087 2138 2153 peccatis
2170 2083 2515 2153 repetendam
2551 2096 2691 2144 esse,
2725 2095 2909 2135 eorum
2939 2081 3197 2143 maxime,
3232 2077 3462 2147 quicum

1904 2178 2257 2237 abundarent,
2287 2178 2416 2230 nihil
2442 2192 2507 2229 ex
2541 2174 2653 2231 suis
2678 2173 2885 2228 acervis
2916 2172 3308 2227 emetiebantur
3337 2184 3466 2237 pau-

1904 2267 2139 2336 perilms.
2187 2265 2358 2320 Aliam
2404 2266 2557 2319 afl‘ert
2589 2280 2842 2328 causam,
2887 2276 3082 2331 nempe
3120 2271 3178 2315 ut
3219 2260 3466 2314 homines

1904 2362 2221 2430 probentur,
2258 2360 2369 2413 sive
2410 2359 2639 2423 divites,
2684 2358 2795 2413 sive
2830 2370 3113 2426 pauperes.
3153 2353 3461 2409 Postremos

1908 2455 2176 2518 hortatur,
2209 2463 2265 2507 ut
2298 2452 2405 2506 Deo
2429 2450 2725 2514 confidant,
2765 2466 2827 2503 ac
2854 2452 2919 2503 de
2950 2464 3049 2502 sua
3077 2457 3313 2517 egestate
3340 2462 3465 2515 pau-

1904 2548 2210 2619 perioribus
2244 2552 2584 2600 succurrant.
2639 2541 2890 2595 Omnium
2920 2539 3062 2594 enim
3099 2537 3466 2591 calamitatum

1905 2641 2192 2693 maximam
2218 2653 2335 2691 esse
2366 2636 2583 2699 famem,
2608 2649 2671 2689 ac
2693 2648 2903 2696 eorum,
2933 2630 3021 2699 qui
3056 2631 3157 2684 hoc
3188 2630 3330 2683 malo
3345 2643 3470 2696 per-

1904 2740 2057 2793 eunt,
2090 2729 2223 2782 adeo
2264 2726 2621 2779 miserabilem
2653 2740 2772 2777 esse
2831 2732 3083 2786 mortem,
3112 2731 3170 2775 ut
3202 2720 3465 2774 interim-

1905 2820 2249 2877 manissimas
2266 2814 2472 2870 belluas
2489 2814 2850 2866 numerandus
2872 2811 2963 2872 sit,
2985 2810 3077 2877 qui
3095 2809 3305 2877 corpori
3324 2807 3469 2860 fame

1907 2912 2151 2983 pereunti
2182 2926 2285 2963 non
2316 2914 2615 2963 succurrat.
2650 2904 2911 2960 Omnibus
2945 2901 3243 2971 generatim
3271 2916 3469 2970 propo-

1906 3007 1987 3060 nit
2026 3002 2269 3071 exempla
2321 2999 2643 3059 belluarnm,
2696 2995 3057 3057 ethnicorum,
3099 3007 3162 3047 ac
3194 2992 3245 3047 in
3278 2992 3468 3062 primis

1906 3097 2197 3166 primorum
2238 3093 2690 3147 Christianorum.

1981 3187 2242 3241 Videntur
2265 3184 2491 3253 publica:
2522 3185 2764 3251 qumdam
2810 3198 2999 3251 preces
3032 3192 3185 3235 extra
3219 3180 3467 3232 ordinem

1912 3278 2126 3334 indictae
2168 3275 2355 3339 fuisse,
2390 3284 2449 3327 ut
2492 3274 2570 3328 ira
2612 3276 2816 3338 divina,
2854 3273 3007 3342 cujus
3039 3272 3294 3326 indicium
3350 3279 3471 3323 erat

1912 3371 2101 3434 fames,
2152 3374 2480 3438 placaretur.
2525 3365 2774 3419 Aitenim
2806 3364 3035 3419 Basilius
3078 3365 3156 3435 (η.
3193 3363 3247 3432 5)
3278 3377 3472 3433 pueros

1912 3459 2116 3515 relictis
2161 3458 2213 3512 in
2245 3456 2511 3511 litterario
2541 3455 2665 3510 ludo
2708 3455 2904 3510 tabulis
2936 3455 2988 3508 in
3026 3453 3255 3508 ecclesia
3293 3452 3359 3506 ad
3387 3466 3475 3505 re-

1912 3552 2221 3607 missionem
2256 3549 2421 3603 animi
2454 3558 2508 3602 et
2538 3547 2989 3602 oblectamentum
3022 3543 3331 3606 vociferari,
3395 3541 3474 3595 fe-

1912 3654 2165 3712 stumque
2184 3641 2286 3695 illis
2312 3640 2708 3707 quodammodo
2738 3636 2876 3690 diem
2904 3650 3024 3690 esse
3040 3634 3305 3704 publicam
3336 3646 3473 3687 mm-

1914 3733 2139 3795 stitiam,
2169 3746 2288 3785 quae
2312 3730 2417 3783 illis
2441 3728 2674 3797 aliquam
2712 3742 2739 3780 a
2773 3725 3071 3779 studiorum
3108 3722 3473 3778 molestiisin-

1915 3824 2312 3878 termissionem
2362 3819 2634 3875 concedit.
2679 3817 2932 3884 Queritur
2978 3819 3121 3885 quod
3174 3817 3298 3869 dum
3330 3813 3475 3883 ejus-

1913 3915 2055 3969 modi
2087 3912 2234 3982 pueri
2272 3913 2323 3965 in
2352 3911 2637 3966 ecclesiam
2671 3909 2956 3972 ventitant,
2984 3908 3107 3961 dum
3128 3906 3361 3959 infantes
3379 3904 3472 3973 qui

1915 4022 2013 4060 nec
2048 4004 2254 4075 precari
2283 4012 2549 4058 noverunt
2578 4015 2677 4055 nec
2705 4008 2953 4068 possunt,
2986 3997 3053 4051 ad
3081 3996 3471 4053 confessionem

1915 4102 2153 4160 veniunt,
2198 4097 2249 4150 id
2292 4104 2375 4149 est
2426 4094 2491 4147 ad
2549 4108 2755 4160 preces,
2796 4090 2989 4160 quibus
3020 4106 3048 4144 a
3078 4089 3190 4144 Deo
3216 4098 3469 4160 peccato-

1914 4204 2033 4242 rum
2065 4187 2221 4239 venia
2273 4185 2630 4252 poscebatur;
2668 4183 2905 4251 plerique
2956 4182 3055 4234 viri
3104 4196 3168 4236 ac
3218 4180 3476 4234 mulieres

1917 4280 2127 4347 negotia
2166 4278 2417 4345 precibus
2445 4276 2815 4344 praeferantac
2852 4274 3104 4343 perpauci
3144 4287 3324 4327 secum
3352 4286 3475 4341 pre—

1918 4378 2127 4431 centur,
2168 4368 2311 4437 iique
2337 4368 2624 4422 oscitantes
2650 4383 2711 4421 ac
2732 4381 2873 4419 nunc
2903 4369 3005 4419 huc
3036 4378 3180 4418 nunc
3205 4364 3334 4418 illue-
3355 4378 3470 4418 sese

1918 4472 2330 4527 convertentes,
2386 4461 2646 4528 avideque
2676 4466 3052 4527 exspectantes
3108 4457 3229 4509 dum
3281 4464 3471 4508 cantor

246 4553 454 4623 sepulta
498 4552 697 4620 fuisse,
730 4556 822 4610 sed
877 4570 981 4610 non
1026 4556 1181 4627 longe
1206 4558 1273 4612 ab
1303 4573 1362 4611 ea
1412 4557 1464 4611 in
1500 4557 1617 4611 loco
1658 4560 1810 4627 aquis
1843 4566 1887 4620 D
1918 4554 2246 4623 psalmorum
2306 4553 2604 4605 versiculos
2659 4549 2992 4614 absolverit,
3048 4560 3104 4601 ut
3139 4563 3201 4600 ex
3245 4546 3477 4600 ecclesia

248 4648 502 4713 scatenti,
538 4650 677 4703 unde
705 4659 891 4704 sancta
926 4664 1137 4723 martyr
1171 4666 1265 4706 eos
1298 4651 1387 4717 qui
1412 4651 1463 4704 in
1496 4652 1625 4705 urbe
1657 4660 1812 4705 erant

250 4738 414 4792 veluti
448 4740 675 4808 quodam
703 4739 843 4795 lacte
871 4743 1159 4797 nutriebat.

322 4846 411 4902 lll.
441 4848 572 4905 Tres
594 4852 827 4907 homiliae
860 4866 1168 4922 sequentes,
1201 4869 1392 4921 nempe
1423 4854 1476 4917 6,
1500 4854 1531 4906 7
1560 4863 1616 4907 et
1645 4854 1676 4907 8
1708 4870 1813 4906 ma-

250 4941 407 4994 teria:
431 4942 779 4999 similitudine
810 4945 1111 5012 conjunctae
1156 4954 1299 5000 sunt.
1334 4945 1635 4999 insectatur
1662 4944 1813 4997 Basi-

248 5029 359 5086 lius
406 5033 685 5087 avaritiam
733 5035 989 5100 divitum,
1055 5045 1109 5089 et
1151 5036 1203 5089 in
1246 5037 1667 5090 commendando
1708 5037 1814 5089 ele-

250 5138 523 5194 emosynre
571 5138 834 5196 praecepto
866 5142 1053 5182 omnes
1091 5127 1283 5196 ingenii
1330 5130 1469 5183 vires
1518 5128 1809 5197 profundit.

252 5215 604 5271 Demonstrat
643 5217 693 5270 in
729 5230 880 5272 sexta
923 5219 1116 5289 duplex
1165 5234 1289 5274 esse
1339 5221 1690 5275 tentationum
1724 5234 1816 5289 ge—

252 5321 380 5367 nus,
431 5322 518 5360 res
565 5307 816 5364 adversas
863 5320 916 5364 et
945 5326 1252 5381 prosperas.
1279 5309 1603 5367 Posterioris
1643 5322 1816 5366 tenta-

249 5397 417 5452 tionis
452 5400 756 5467 exemplum
794 5404 924 5469 petit
970 5403 1037 5457 ab
1068 5404 1158 5459 illo
1198 5405 1395 5466 divite,
1445 5406 1533 5472 qui
1570 5405 1818 5458 omnibus

252 5491 418 5547 rebus
459 5492 871 5560 circumfluens,
911 5495 1124 5551 dicebat
1172 5507 1378 5562 tamen,
1416 5494 1555 5561 Quid
1588 5495 1816 5564 faciant.

326 5739 407 5881 iii

436 5739 588 5795 Lact.
624 5737 700 5793 De
721 5750 883 5792 morte
912 5752 1165 5806 persecat.

432 5810 585 5867 Tom.
622 5810 684 5876 V,
716 5824 837 5880 pag.
873 5809 994 5867 647.

1916 4654 2170 4713 tanquam
2197 4660 2225 4698 e
2253 4658 2475 4697 carcere
2498 4644 2699 4696 dimissi
2734 4642 3053 4695 necessitate
3089 4638 3341 4708 precandi
3370 4637 3479 4690 exi-

1914 4749 2146 4791 mantur.

1983 4850 2096 4904 Non
2124 4850 2339 4904 videtur
2365 4847 2506 4903 hanc
2536 4847 2600 4901 de
2638 4848 2781 4901 fame
2821 4856 2877 4899 et
2902 4844 3146 4900 siccitate
3174 4844 3471 4899 orationem

1913 4942 2155 4997 indicare
2205 4940 2497 5010 Gregorius
2547 4940 2792 5009 (c),cum
2837 4939 3058 4991 divitum
3106 4938 3323 4999 horrea,
3376 4936 3468 5005 qui

1913 5049 2177 5089 summam
2226 5046 2453 5087 annonae
2488 5031 2807 5085 charitatem
2835 5029 3089 5098 aucupari
3119 5037 3173 5082 et
3201 5027 3476 5081 calamita-

1914 5136 2025 5181 tum
2051 5140 2324 5195 caupones
2355 5139 2475 5179 esse
2504 5124 2700 5188 solent,
2734 5121 2988 5177 Basilium
3030 5120 3334 5175 hortatibus
3364 5119 3478 5171 suis

1915 5220 2188 5289 aperuisse
2222 5226 2427 5271 narrat.
2458 5214 2516 5268 In
2560 5217 2661 5270 hac
2692 5217 2833 5270 enim
2863 5214 3107 5269 oratione
3155 5228 3259 5265 non
3301 5210 3477 5277 magis

1914 5310 2105 5364 divites
2122 5310 2365 5363 hortatur
2382 5308 2631 5373 Basilius,
2656 5324 2810 5376 quam
2837 5307 3162 5376 ipsos‘etiam
3190 5317 3475 5373 pauperes,

1923 5411 1975 5453 ut
2018 5400 2137 5453 aliis
2170 5408 2512 5453 succurrant.
2538 5398 2718 5465 Quare
2757 5398 3009 5452 libentius
3037 5396 3316 5451 crederem
3352 5394 3481 5446 in‘di-

1919 5494 2029 5547 cari
2061 5508 2088 5545 a
2121 5492 2381 5562 Gregorio
2401 5491 2695 5547 orationem
2726 5492 2776 5545 in
2814 5490 2939 5546 illud
2962 5488 3121 5545 Luca:
3154 5509 3165 5541 :
3196 5486 3480 5540 Destruant

1987 5743 2055 5810 (ε)
2091 5740 2216 5793 Naz.
2255 5756 2333 5795 or.
2366 5741 2456 5794 20.
