4040 6460
548 410 730 452 CLXX”

1888 392 2415 451 PROLEGOMENA.

550 514 870 563 horreamea
891 511 931 563 '.
962 508 1129 565 Totus
1155 514 1296 565 enim
1328 511 1398 565 ibi
1420 522 1660 566 versatur
1687 510 1911 565 Basilius
1940 510 1989 562 in
2019 513 2114 566 ad-
2146 523 2190 577 Α
2223 510 2470 579 baptismi
2499 518 2707 578 tempus
2735 522 2875 574 esse,
2912 508 3004 564 sed
3037 516 3212 562 tamen
3254 504 3530 562 Paschalis
3560 516 3771 577 lentptts

555 602 835 655 bortandis
866 602 1118 658 divitibus
1166 617 1233 657 ne
1273 617 1543 671 caupones
1590 602 1718 655 fiant
1748 603 2103 657 humanarum

552 690 918 746 calamitatum
952 693 1027 761 (p.
1066 691 1180 761 46),
1212 706 1279 746 ne
1306 693 1616 748 exulcerent
1637 692 1879 755 vulnera,
1908 707 1974 745 ne
2003 693 2108 747 fra-

557 791 692 834 trem
720 792 962 852 tempore
990 785 1331 838 necessitatis
1362 785 1628 854 ignorent,
1675 785 1767 839 sed
1804 792 2111 853 promptua-

551 872 629 925 ria
666 874 1012 944 aperiant(p.
1040 874 1152 943 47),
1193 886 1246 929 et
1279 873 1536 929 frumenti
1590 874 1788 928 fratres
1824 873 2112 943 participes

550 962 787 1018 eﬂiciant
820 966 895 1036 (p.
920 965 1031 1033 49).
1071 964 1175 1021 Sed
1213 976 1389 1019 tamen
1424 970 1710 1051 quominus
1749 965 1889 1018 hanc
1915 965 2113 1020 oratio-

552 1068 674 1107 nem
714 1056 780 1109 ad
826 1056 984 1109 famis
1030 1068 1239 1124 tempus
1288 1056 1543 1123 referam,
1592 1056 1675 1112 bis
1718 1056 1963 1110 detineor
1996 1072 2111 1111 ver-

553 1146 634 1199 bis
670 1146 745 1217 (p.
792 1145 879 1214 46)
913 1164 926 1200 :
972 1145 1108 1200 Cave
1144 1158 1406 1215 exspectes
1454 1162 1675 1202 annona:
1706 1144 2013 1203 charitatem
2045 1149 2111 1201 ad

553 1239 737 1291 horrea
765 1239 1140 1305 aperienda.-...
1172 1237 1253 1292 Ne
1281 1240 1470 1308 {amem
1506 1239 1624 1292 auri
1656 1254 1840 1304 causa,
1869 1257 1931 1293 ne
1973 1256 2112 1293 com-

553 1343 757 1381 munem
784 1338 1057 1392 egestatem
1081 1329 1140 1382 ob
1159 1331 1417 1397 privatam
1441 1340 1583 1383 tuam
1603 1328 1804 1397 copiam
1824 1330 2111 1397 opperiare.

556 1416 763 1471 Nullam
793 1427 921 1473 tunc
954 1420 1280 1489 graviorem,
1307 1435 1467 1488 quam
1500 1420 1620 1475 aliis
1651 1420 2004 1491 temporibus,
2027 1420 2111 1488 ju-

553 1511 712 1564 vattdi
738 1514 991 1581 pauperis
1019 1528 1242 1567 causam
1266 1515 1559 1579 exstitisse,
1590 1530 1655 1570 ex
1690 1517 1774 1571 bis
1806 1516 1967 1571 etiam
1993 1533 2111 1570 ver-

553 1602 635 1656 bis
685 1603 916 1672 perspici
960 1612 1180 1671 potest:
1216 1606 1373 1658 Nunc
1412 1607 1538 1674 quid
1570 1608 1784 1674 impedit
1836 1608 2111 1676 quominus

554 1694 821 1762 largiare!
850 1691 1038 1749 Nonne
1071 1695 1215 1748 adest
1242 1695 1452 1765 indigus
1474 1699 1565 1752 .9...
1596 1695 1845 1749 Esuriens
1872 1695 2113 1750 contabe-

552 1786 670 1844 scit,
702 1783 872 1837 nudus
900 1786 1051 1849 riget,
1106 1787 1470 1857 strangulatur
1497 1789 1538 1838 is
1569 1803 1599 1838 a
1629 1800 1730 1856 quo
1762 1786 1983 1841 debitum
2005 1790 2113 1841 exi-

551 1875 715 1942 gitur,
736 1886 781 1929 et
810 1890 865 1929 tu
904 1877 1281 1947 eleemosynam
1310 1878 1489 1946 di/j‘ers
1518 1877 1570 1932 in
1599 1880 1911 1933 crastinum.

627 1965 970 2021 Demonstrat
1006 1967 1236 2021 Basilius
1268 1967 1322 2021 in
1364 1968 1610 2025 oratione
1633 1985 1774 2024 nona
1816 1970 1982 2023 Deum
2017 1986 2113 2024 au-

554 2064 754 2112 ctorem
784 2057 1043 2111 malorum
1073 2071 1176 2112 non
1203 2073 1358 2127 esse;
1400 2060 1495 2116 sed
1526 2060 1887 2125 calamitates,
1906 2076 2023 2129 qua:
2045 2063 2112 2115 ab

558 2162 623 2200 eo
648 2146 967 2213 inferuntur,
994 2163 1059 2203 eo
1085 2158 1347 2217 spectare,
1387 2159 1443 2203 ut
1470 2150 1640 2203 virtus
1675 2150 1951 2204 hominum
1982 2165 2110 2219 pro-

553 2238 725 2301 betur,
763 2238 846 2293 vel
874 2250 930 2294 ut
954 2249 1170 2310 peccata
1202 2240 1504 2307 expientur,
1528 2240 1611 2295 vel
1652 2240 1835 2305 etiam,
1865 2241 1908 2296 si
1935 2244 2112 2298 minus

549 2330 902 2385 emendentur
944 2330 1221 2401 improbi,
1268 2331 1456 2387 saltem
1508 2346 1696 2387 eorum
1732 2333 1978 2403 exemplo
2021 2335 2110 2390 alii

551 2422 802 2477 meliores
835 2422 984 2477 ﬁant.
1019 2422 1231 2478 Nullam
1257 2427 1399 2481 enim
1437 2425 1562 2480 mali
1597 2424 2111 2490 essesubstantiam,

550 2514 644 2566 sed
672 2513 937 2570 Atlamum
973 2529 1037 2570 ac
1082 2514 1254 2585 ipsum
1279 2517 1442 2570 etiam
1472 2514 1741 2571 diabolum
1787 2515 1943 2571 liberi
1977 2518 2110 2571 arbi-

551 2604 640 2657 trii
669 2606 935 2662 deteriore
969 2622 1065 2662 usu
1091 2609 1373 2677 prolapsos
1407 2622 1547 2662 esse.

622 2692 824 2762 Conjici
854 2706 1036 2765 posset
1072 2698 1209 2751 hanc
1263 2698 1563 2753 orationem
1612 2698 1799 2755 eodem
1842 2715 1981 2757 anno
2007 2698 2110 2756 368

550 2786 947 2853 pronuntiatam
991 2788 1154 2843 fuisse
1175 2830 1189 2852 ,
1231 2798 1322 2845 aut
1368 2798 1513 2846 certe
1546 2805 1689 2846 anno
1722 2790 1825 2846 569
1854 2792 2070 2850 ineunte
2093 2834 2108 2860 ,

551 2888 844 2949 antequam
878 2878 1090 2949 frugum
1125 2881 1388 2945 collectio,
1431 2890 1523 2935 aut
1559 2895 1682 2950 spes
1716 2882 2001 2953 colligendi
2031 2883 2110 2939 fa-

553 2982 696 3023 mem
733 2970 995 3024 sedasset.
1046 2970 1179 3023 Nam
1232 2970 1374 3025 inter
1416 2970 1772 3035 calamitates,
1820 2987 1883 3024 ex
1917 2974 2111 3041 quibus

560 3058 803 3114 nonnulli
837 3074 1020 3113 ansam
1064 3060 1411 3126 arripiebant,
1444 3069 1502 3111 ut
1531 3061 1596 3112 de
1628 3058 1721 3113 Dei
1772 3060 2109 3128 providentia

553 3163 659 3203 non
690 3150 773 3217 pie
804 3150 1088 3212 sentirent,
1122 3158 1472 3205 numerantur
1500 3148 1707 3218 integra
1738 3149 1952 3204 urbium
1970 3152 2114 3206 exci-

551 3242 662 3309 dia,
688 3241 877 3308 fames,
906 3241 1181 3297 siccitates
1211 3253 1265 3295 et
1292 3239 1552 3295 sterilitas
1580 3239 1852 3312 terra:(a).
1882 3240 2107 3298 Urbium

551 3333 760 3387 excidia
800 3334 864 3387 ad
903 3331 1177 3389 Nicsenam
1232 3347 1373 3389 anno
1402 3330 1506 3388 368
1541 3332 1923 3389 miserabiliter
1954 3349 2109 3388 ever-

551 3436 666 3476 sam
694 3420 885 3477 referri
912 3431 1156 3492 possunt,
1194 3422 1361 3476 fames
1393 3434 1448 3476 et
1488 3422 1761 3477 siccitates
1807 3425 1871 3475 ad
1912 3422 2109 3491 Cappa-

548 3511 779 3567 doeiam.

618 3602 707 3658 IV.
732 3602 790 3658 ln
812 3604 1057 3659 oratione
1089 3602 1318 3665 decima,
1349 3616 1466 3672 quae
1489 3612 1573 3659 est
1598 3601 2108 3660 adversusirascen-

551 3702 656 3757 tes,
686 3692 922 3747 ostendit
963 3690 1196 3745 Basilius
1227 3701 1359 3761 quot
1396 3701 1450 3745 et
1482 3700 1681 3761 quanta
1723 3705 1789 3745 ex
1832 3690 2107 3746 iracundia

549 3784 798 3839 oriantur
850 3782 990 3837 mala
1022 3822 1036 3847 ,
1074 3797 1234 3853 quam
1290 3782 1485 3853 iniqua:
1528 3791 1582 3837 et
1614 3783 1801 3838 inanes
1840 3782 2108 3839 irascendi

550 3890 771 3930 causae:
821 3877 1088 3946 quomodo
1113 3875 1388 3930 iracundia
1448 3876 1653 3931 utiliter
1707 3876 1977 3930 interdum
2033 3876 2109 3930 uti

550 3966 845 4032 possimus,
896 3971 1163 4036 quomodo
1191 3966 1439 4021 vitiosam
1474 3968 1804 4022 iracundiam
1836 3981 2105 4036 superare.

551 4056 728 4112 Simili
763 4059 970 4113 ratione
989 4069 1045 4112 et
1071 4060 1149 4112 via
1174 4059 1417 4128 procedit
1438 4060 1488 4115 in
1515 4061 1758 4115 oratione
1779 4062 1844 4114 de
1873 4060 2068 4114 invidia
2092 4078 2105 4114 :

551 4160 810 4218 quantum
860 4150 1090 4204 miseriae
1124 4150 1257 4204 insit
1283 4152 1407 4205 huic
1450 4151 1578 4205 vitio
1622 4160 1677 4205 et
1721 4152 1989 4220 quomodo
2017 4166 2104 4207 sa-

551 4240 787 4293 nandum
811 4240 1047 4309 exponit.

617 4328 736 4384 1am
768 4331 1001 4388 diximus
1048 4332 1274 4401 primam
1312 4332 1549 4385 omnium
1580 4330 1637 4387 S.
1691 4329 1871 4386 Basilii
1900 4332 2102 4385 oratio-

548 4438 677 4474 num
726 4436 845 4476 eam
881 4437 1033 4487 esse,
1086 4425 1141 4479 in
1195 4439 1296 4494 qua
1328 4438 1420 4479 sex
1453 4426 1654 4494 primos
1685 4424 2102 4480 Proverbiorum

551 4510 848 4567 versiculos
889 4518 1162 4583 explanat.
1214 4516 1360 4571 Hanc
1396 4517 1443 4571 ei
1492 4516 1772 4571 materiam
1805 4518 2102 4574 disserendi

550 4605 881 4672 imposuerat
908 4606 1198 4675 episcopus
1227 4608 1503 4672 Eusebius,
1530 4610 1685 4679 cujus
1713 4611 1964 4680 precibus
1985 4599 2108 4666 con-

533 4692 723 4751 'lidens
760 4694 991 4752 Basilius
1020 4712 1131 4753 rem
1172 4698 1444 4755 difﬁcilem
1480 4703 1594 4756 sine
1626 4717 1774 4757 mora
1815 4711 1869 4757 et
1895 4713 2111 4757 cuncta-

555 4789 699 4843 tione
748 4803 1031 4858 aggressus
1079 4798 1180 4845 est.
1214 4789 1339 4846 Haec
1375 4808 1480 4846 una
1511 4803 1593 4848 est
1636 4808 1701 4848 ex
1734 4795 1983 4849 omnibus
2012 4794 2112 4846 Ba-

550 4880 655 4933 silii
693 4882 948 4945 homiliis,
978 4884 1066 4937 cui
1096 4883 1356 4939 Eusebius
1376 4883 1709 4941 interfuerit.
1738 4887 1923 4957 Neque
1954 4888 2111 4957 hujus

552 4972 629 5023 rei
668 4971 895 5025 obscura
938 4981 991 5025 et
1026 4972 1278 5028 abstrusa
1316 4976 1471 5030 ratio.
1522 4974 1920 5032 Secessitenim
1955 4976 2107 5030 Basi-

548 5064 651 5116 lius
695 5079 799 5119 non
838 5064 1007 5119 multo
1043 5075 1163 5133 post
1202 5069 1621 5135 ordinationem;
1662 5064 1905 5124 reversus
1934 5069 2111 5124 Caesa-

555 5170 728 5221 ream,
762 5158 920 5211 unius
977 5156 1263 5221 Ecclesiae,
1302 5159 1355 5213 in
1401 5174 1559 5229 quam
1614 5160 1892 5231 episcopus
1926 5161 2109 5215 venire

553 5262 661 5300 non
686 5247 913 5312 solebat,
947 5248 1467 5305 administrationem
1490 5253 1745 5321 suscepit.

620 5338 675 5393 in
707 5342 950 5397 oratione
984 5344 1188 5399 decima
1216 5346 1398 5412 tertia,
1424 5361 1546 5416 quae
1581 5348 1971 5403 inscribiturln
1989 5366 2102 5401 san-

549 5444 689 5485 atum
722 5433 1001 5502 baptisma,
1028 5436 1361 5508 castigantur
1390 5439 1478 5507 qui
1502 5439 1825 5508 suscipiendi
1861 5439 2107 5507 baptismi

552 5522 742 5577 horam
775 5537 1085 5597 prorogant.
1118 5528 1457 5585 Demonstrat
1486 5529 1713 5586 Basilius
1747 5542 1909 5585 totam
1946 5532 2105 5586 vitam

651 5660 673 5689 ¹
710 5659 839 5714 Luc.
873 5678 967 5726 xu,
998 5662 1080 5717 i8.

618 5805 693 5866 (rt)
720 5802 778 5854 Ν.
823 5800 874 5863 ‘2,
918 5800 947 5849 7i
978 5810 1025 5852 et
1056 5798 1107 5851 ἦ.

2214 601 2446 653 maxime
2474 599 2741 667 baptismo
2766 599 3087 653 convenire:
3119 599 3444 665 perabsurde
3472 595 3648 651 facere
3677 602 3768 664 qui

2212 704 2332 742 cum
2372 690 2423 741 itt
2473 689 2746 743 Christum
2800 687 3055 754 credant,
3107 687 3393 742 Christi-ani
3443 701 3616 742 tamen
3660 703 3770 739 neu

2214 779 2366 833 fiunt.
2393 778 2627 849 Exponit
2665 778 2874 831 illorum
2909 778 3079 834 oculis
3106 787 3234 849 quot
3258 786 3523 846 etquanta
3560 778 3771 847 fugiant

2211 872 2373 935 bona,
2417 888 2539 927 cum
2579 871 2905 938 baptismum
2953 870 3183 938 fugiunt.
3215 869 3557 935 Voluptatum
3594 868 3769 924 amori

2212 972 2265 1017 et
2296 963 2490 1018 diaboli
2530 959 2774 1016 artiﬁciis
2818 960 2955 1013 hanc
2985 959 3235 1027 baptismi
3267 959 3442 1029 fugam
3470 961 3717 1015 attribuit
3752 974 3769 1023 ;

2211 1066 2275 1106 ac
2310 1053 2571 1117 declarat,
2602 1052 2701 1106 nisi
2731 1050 2796 1104 ad
2828 1048 3095 1103 saniorem
3134 1059 3365 1105 mentem
3390 1048 3630 1113 redeant,
3662 1051 3769 1104 hoc

2209 1157 2302 1199 eos
2333 1156 2575 1204 manere,
2601 1155 2658 1194 ut
2685 1140 2765 1195 vel
2802 1140 3099 1194 moriantur
3119 1138 3234 1194 sine
3253 1140 3534 1209 baptismo,
3561 1140 3645 1193 vel
3670 1142 3769 1195 ba-

2210 1235 2461 1303 ptismum
2483 1232 2670 1285 morbo
2692 1232 2929 1300 oppressi
2949 1246 3073 1295 non,
3097 1240 3151 1283 ut
3184 1245 3278 1298 par
3310 1243 3411 1299 est,
3445 1232 3765 1299 suscipiant.

2211 1327 2465 1392 Quamvis
2491 1334 2668 1379 autem
2703 1324 2867 1391 ipsius
2896 1324 3057 1378 etiam
3092 1323 3384 1391 juventutis
3410 1324 3616 1379 frenum
3645 1338 3770 1377 esse

2212 1418 2537 1488 baptismum
2574 1418 2761 1471 doceat
2796 1414 2874 1485 (ιι.
2917 1414 3007 1483 6),
3046 1431 3152 1470 non
3189 1422 3366 1468 tamen
3401 1426 3649 1484 parentes
3681 1416 3765 1467 vi-

2214 1516 2447 1577 tuperat,
2476 1509 2566 1575 qui
2597 1506 2823 1559 filiorum
2877 1504 3199 1573 baptismum
3250 1505 3648 1573 prorogabant,
3698 1522 3770 1560 ne

2212 1600 2466 1653 eximium
2502 1597 2645 1652 hunc
2703 1599 3016 1652 thesaurum
3056 1594 3431 1649 adolescentiae
3471 1598 3770 1668 naufragiis

2211 1699 2588 1758 exponerent;
2632 1689 2681 1741 in
2707 1703 2800 1743 eos
2832 1698 3037 1743 tantum
3071 1687 3360 1752 invehitur,
3394 1688 3629 1757 quicum
3682 1691 3766 1743 sui

2209 1785 2348 1853 juris
2387 1795 2587 1847 essent,
2645 1781 2955 1837 liberiorem
3006 1782 3169 1837 vitam
3214 1781 3478 1852 baptismo
3515 1779 3772 1835 nolebant

2146 1863 2187 1918 Β
2217 1876 2555 1944 interrumpi.

2282 1967 2429 2022 Dicta
2453 1976 2534 2022 est
2558 1964 2728 2019 oratio
2743 1962 2947 2018 decima
2968 1973 3156 2032 quarta
3175 1964 3225 2017 in
3245 1964 3507 2028 ebriosos,
3531 1961 3682 2032 cujus
3700 1962 3773 2016 vit-

2210 2056 2592 2129 tiiexagitandi
2617 2055 2742 2109 hinc
2777 2053 2974 2110 Basilio
2997 2062 3117 2106 nata
3153 2062 3234 2106 est
3254 2054 3637 2109 occasio.Cum
3670 2069 3769 2123 per

2209 2161 2413 2220 septem
2443 2149 2770 2220 jejuniorum
2806 2147 3170 2203 hebdomadas
3201 2144 3546 2215 Evangelium
3586 2148 3775 2215 gratim

2210 2242 2305 2297 Dei
2329 2243 2418 2297 diu
2451 2251 2722 2312 noctuque
2775 2240 2892 2295 sine
2939 2239 3340 2296 intermissione
3382 2238 3771 2308 praedicasset,

2209 2335 2593 2405 permolestum
2637 2334 2685 2388 ei
2734 2333 2964 2395 accidit,
3012 2344 3071 2387 ut
3116 2330 3353 2385 nonnulli
3385 2344 3451 2384 ex
3481 2328 3633 2398 plebe
3669 2328 3773 2383 sibi

2210 2426 2501 2480 commissa
2528 2425 2858 2494 jejuniorum
2896 2423 3103 2476 fructus
3133 2424 3290 2476 unius
3316 2434 3551 2490 vesperae
3580 2420 3777 2475 intem-

2209 2515 2475 2583 perantia,
2505 2526 2560 2568 et
2586 2523 2807 2581 accepta
2847 2527 2942 2582 per
2970 2522 3138 2566 totum
3170 2511 3605 2582 Quadragesimte
3639 2520 3777 2565 tein-

2216 2620 2317 2676 pus
2373 2606 2573 2659 monita
2610 2604 2661 2658 in
2702 2612 2919 2658 ventum
2951 2601 3307 2659 effunderent.
3353 2601 3494 2656 Nam
3529 2602 3778 2659 mulieres

2209 2696 2507 2752 lascivia...
2554 2696 2818 2750 servitutis
2858 2695 3056 2751 Christi
3087 2711 3305 2750 excusso
3340 2695 3473 2767 jugo
3506 2696 3580 2766 (p.
3621 2694 3774 2759 125),

2210 2790 2509 2846 velamentis
2543 2790 2828 2844 honestatis
2853 2806 2882 2842 a
2905 2789 3071 2858 capite
3089 2788 3313 2856 rejectis,
3333 2796 3622 2855 contemmo
3645 2785 3776 2849 Deo,

2212 2886 2399 2949 spretis
2439 2882 2603 2951 ipsius
2634 2881 2855 2950 angelis,
2884 2880 3088 2935 virilem
3115 2896 3314 2932 omnem
3343 2888 3607 2945 aspectum
3636 2878 3778 2930 citra

2208 2975 2456 3039 pudorem
2490 2973 2734 3040 ferentes,
2759 2987 2931 3023 comas
2958 2970 3236 3039 agitantes,
3262 2968 3519 3021 trahentes
3546 2968 3776 3031 tunicas,

2212 3082 2271 3117 ac
2301 3064 2516 3129 pedibus
2560 3062 2717 3116 simul
2759 3060 2993 3114 ludentes
3022 3101 3037 3125 ,
3072 3060 3362 3113 lascivienti
3402 3059 3573 3123 oculo,
3605 3058 3778 3129 eﬂ'uso

2212 3160 2341 3221 risu,
2381 3157 2447 3210 ad
2470 3155 2771 3209 saltandum
2807 3153 2958 3223 quasi
3004 3153 3229 3223 quodam
3292 3151 3467 3221 furore
3514 3152 3732 3205 concitis
3759 3190 3776 3216 ,

2137 3216 2178 3274 C
2218 3265 2421 3304 omnem
2448 3249 2704 3317 juvenum
2738 3245 3007 3298 libidinem
3031 3246 3085 3296 in
3123 3243 3307 3307 seipsis
3336 3252 3697 3310 provocantes,
3720 3242 3779 3293 in

2215 3351 2504 3409 martyrum
2533 3336 2761 3390 basilicis
2791 3352 2887 3403 pro
2914 3335 3164 3387 moenibus
3193 3333 3414 3386 civitatis
3446 3333 3630 3385 choros
3652 3345 3776 3383 con-

2212 3432 2507 3490 stituentes,
2539 3426 2655 3478 loca
2685 3433 2865 3478 sancta
2892 3423 3146 3492 oﬁicinam
3187 3423 3517 3475 obscenitatis
3550 3436 3657 3473 sua:
3692 3417 3775 3485 ef-

2214 3521 2397 3589 fecere.
2424 3516 2712 3571 Cantilenis
2729 3514 3035 3568 meretriciis
3067 3522 3124 3566 ut
3151 3530 3319 3567 aerem
3337 3525 3773 3578 conspurcarunt,

2214 3616 2286 3666 ita
2310 3623 2504 3666 terram
2538 3608 2782 3677 tripudiis
2808 3606 3072 3675 pulsatum
3111 3606 3324 3672 pedibus
3370 3602 3652 3656 immundis
3679 3601 3778 3669 {m-

2215 3706 2447 3768 darunt;
2474 3701 2829 3771 spectaculum
2864 3699 2963 3751 sibi
3002 3698 3130 3765 ipsis
3151 3697 3401 3765 juvenum
3433 3694 3636 3748 turbam
3675 3710 3778 3746 un-

2215 3796 2367 3864 dique
2388 3800 2695 3857 statuentes,
2734 3800 2890 3859 ptane
2921 3788 3298 3851 inverecundis,
3330 3801 3646 3856 prorsusque
3685 3786 3775 3838 in-

2216 3888 2481 3955 sipientes,
2513 3881 2715 3936 nullum
2745 3879 2966 3933 insania:
2999 3879 3211 3931 modum
3246 3878 3561 3931 amittentes.

2288 3976 2421 4028 Cum
2464 3973 2648 4028 vinum
2685 3968 2842 4037 hujus
2867 3968 3100 4023 lascivia
3127 3982 3288 4022 causa
3330 3966 3648 4034 exstitisset,
3682 3967 3777 4044 de-

2216 4076 2483 4120 monstrat
2514 4062 2748 4117 Basilius
2778 4070 3037 4132 quantum
3063 4061 3132 4114 sit
3160 4060 3346 4113 vitium
3365 4060 3620 4123 ebrietas,
3654 4072 3776 4126 qua:

2216 4155 2487 4208 hominem
2544 4154 2686 4207 intra
2729 4151 3025 4206 belluarum
3075 4149 3435 4205 conditionem
3476 4147 3766 4217 deprimit.

2219 4246 2669 4300 incontinentiam
2708 4252 2907 4309 movet,
2939 4259 3000 4298 ac
3024 4244 3192 4312 ipsum
3215 4242 3374 4294 etiam
3411 4254 3628 4310 corpus,
3663 4254 3769 4293 non

2214 4338 2387 4393 solum
2424 4339 2681 4400 animam,
2734 4336 3051 4403 corrumpit.
3093 4333 3367 4387 lnvehitur
3399 4332 3449 4385 in
3482 4332 3772 4401 pbarmaca

2212 4428 2515 4492 ebrietatis,
2542 4441 2661 4497 qua
2689 4423 2930 4479 adhiberi
2955 4424 3019 4477 ad
3067 4422 3266 4477 diutius
3312 4423 3599 4477 bibendum
3633 4420 3773 4475 sole-

2213 4526 2365 4590 bant,
2404 4531 2457 4578 et
2513 4522 2565 4574 iu
2598 4518 2761 4573 multa
2801 4518 2907 4571 alia
2956 4516 3379 4585 intemperanter
3430 4516 3480 4569 in
3512 4514 3772 4569 conviviis

2210 4615 2343 4670 ﬁeri.
2368 4613 2553 4669 solita.
2593 4610 2729 4664 Vino
2760 4606 3007 4663 attribuit
3031 4621 3149 4675 qua:
3176 4622 3345 4675 nuper
3388 4605 3727 4674 contigerant
3749 4644 3765 4670 ,

2210 4719 2526 4762 communes
2554 4704 2793 4756 virorum
2825 4709 2879 4754 et
2902 4698 3183 4753 mulierum
3203 4700 3416 4762 choros,
3443 4696 3580 4751 risus
3599 4698 3772 4751 utriu-

2208 4813 2334 4868 que,
2357 4796 2655 4852 cantilenas
2684 4795 2968 4855 obscenas,
3010 4792 3342 4845 meretricios
3368 4798 3552 4857 gestus
3587 4790 3654 4843 ad
3701 4790 3767 4843 li-

2207 4892 2442 4945 bidinem
2474 4894 2851 4958 provocantes.
2896 4884 3141 4939 Declarat
3165 4898 3263 4937 nec
3293 4882 3497 4952 puellas
3517 4882 3769 4952 innuptas

2207 4998 2329 5035 cum
2358 4981 2683 5051 virginitate,
2736 4992 2832 5030 nec
2875 4986 3068 5045 nuptas
3106 4990 3224 5031 cum
3262 4974 3516 5041 pudicitia
3548 4974 3766 5029 domum

2208 5073 2453 5129 rediisse.
2485 5072 2537 5125 Si
2563 5085 2683 5141 quae
2705 5069 2845 5123 enim
2890 5082 3117 5137 corpore
3153 5067 3375 5138 integrae
3409 5066 3765 5137 perstiterint,

2205 5174 2260 5219 at
2289 5173 2465 5219 mente
2510 5165 2749 5231 integras
2809 5175 2915 5214 non
2965 5159 3286 5230 perstitisse.
3332 5157 3476 5212 Idem
3531 5158 3597 5213 de
3633 5156 3766 5211 viris

2201 5256 2413 5321 statuit,
2446 5258 2535 5325 qui
2564 5255 2686 5308 huic
2714 5254 3017 5323 spectaculo
3041 5251 3418 5306 interfuerant.
3445 5250 3675 5307 Veretur
3694 5262 3765 5306 na

2206 5348 2295 5418 qui
2334 5348 2407 5401 ita
2431 5362 2489 5401 se
2524 5358 2802 5415 gesserunt
2834 5343 3055 5399 Paschte
3090 5354 3347 5413 tempore,
3376 5344 3456 5398 his
3480 5356 3585 5398 non
3624 5341 3764 5394 mul-

2207 5451 2315 5495 tum
2343 5444 2511 5509 prosit
2546 5441 2735 5493 festum
2767 5438 3123 5492 Pentecostes.
3158 5434 3416 5491 Hortatur
3463 5448 3639 5488 tamen
3668 5446 3767 5487 eos

2208 5532 2271 5585 ad
2320 5532 2720 5599 minuendam,
2768 5539 2823 5583 ut
2866 5528 3071 5599 jejunio
3116 5527 3426 5583 ebrietatem
3457 5525 3675 5595 expient
3712 5535 3768 5580 ts
