4040 6454
1624 398 1778 453 VITA
1824 398 1883 452 S.
1921 396 2183 451 BASILII.

3305 416 3501 457 εικιιιι

282 518 632 573 Saltationcm
666 532 800 587 gcnn
829 514 1110 575 ﬂectendo.
1140 520 1311 591 ltogat
1357 535 1449 576 eos
1478 524 1566 589 qui
1612 523 1846 577 lasciviae
1879 527 1919 578 Λ
1950 522 2052 575 572
2088 521 2251 576 multa
2322 537 2423 575 non
2463 524 2598 579 belle
2639 523 2751 580 ﬁeri
2783 524 2939 578 solita
2968 522 3253 579 emendare
3282 534 3506 579 conatus

284 611 575 680 participes
612 626 715 663 non
745 610 979 674 fuerunt,
1015 619 1072 665 ut
1115 612 1167 665 in
1195 614 1386 682 quibus
1423 616 1628 681 peccati
1669 616 1844 685 poeni-

285 706 507 759 tentiam
531 700 1027 765 animadverterint,
1049 715 1142 757 cos
1166 713 1414 775 tanquam
1433 706 1646 773 propria
1672 722 1840 761 mem-

286 798 381 849 lira
431 793 744 861 mgrotantia
781 794 1031 858 foveant;
1067 808 1200 861 quos
1236 806 1413 851 autem
1446 796 1679 850 viderint
1709 813 1833 867 per-

282 887 515 942 vicaces,
549 884 616 937 ab
648 898 832 937 eorum
861 886 1242 941 consuetudine
1267 887 1553 956 refugiant.

355 974 413 1027 In
447 976 693 1027 oratione
744 975 945 1030 decima
978 979 1196 1047 quinta,
1243 994 1360 1047 qua:
1410 979 1722 1036 inscribitur
1766 982 1843 1036 De

281 1065 410 1133 ﬁde,
440 1065 659 1119 disserit
695 1064 925 1122 Basilius
960 1069 1024 1122 de
1052 1069 1226 1123 divina
1267 1080 1480 1135 natura,
1517 1084 1572 1128 et
1617 1075 1682 1129 de
1718 1074 1839 1128 Filii

284 1170 349 1209 ac
381 1152 615 1224 Spiritus
658 1160 829 1213 sancti
873 1158 1173 1213 divinitate.
1219 1160 1385 1214 Tanta
1424 1176 1578 1219 erant
1604 1164 1841 1219 Catholi-

283 1263 469 1301 corum
496 1248 616 1303 ﬁdei
651 1249 823 1303 studia
856 1250 933 1317 (p.
966 1250 1124 1318 151).
1174 1262 1230 1305 ut
1263 1252 1409 1307 auris
1452 1256 1628 1310 omnis
1658 1266 1838 1325 aperta

281 1350 427 1395 esset
454 1344 519 1395 ad
550 1340 869 1393 audiendam
908 1342 1249 1410 theologiam,
1276 1359 1372 1397 nec
1397 1346 1621 1401 ecclesia
1652 1347 1734 1401 his
1760 1362 1840 1403 re-

282 1432 386 1485 bns
414 1432 698 1487 audiendis
733 1434 1039 1487 satiaretur.
1068 1434 1120 1487 In
1148 1437 1390 1503 sequenti
1422 1439 1637 1493 homilia
1665 1439 1839 1508 expli-

280 1536 371 1577 cat
404 1523 611 1577 initium
652 1524 921 1595 Evangelii
955 1526 1248 1580 secundum
1269 1525 1553 1597 Joannem,
1581 1544 1752 1599 usque
1774 1532 1838 1583 ad

283 1618 398 1669 ha-c
446 1617 648 1683 verba,
701 1618 808 1672 Hoc
838 1628 951 1672 erat
997 1620 1052 1672 in
1102 1618 1357 1689 principio
1405 1625 1544 1687 apud
1599 1622 1763 1675 Deum
1796 1622 1836 1676 ³.

282 1704 480 1763 Multos
510 1720 729 1763 noverat
780 1707 1011 1764 Basilius
1064 1724 1130 1764 ex
1178 1711 1528 1781 scriptoribus
1563 1710 1835 1779 ethnicis,

281 1811 421 1863 quos
452 1805 602 1852 tanta
626 1799 765 1851 initii
804 1797 1026 1853 Joannis
1079 1800 1365 1854 admiratio
1408 1809 1643 1871 ceperat,
1690 1812 1750 1858 ut
1780 1804 1838 1859 il-

281 1887 368 1942 lnd
397 1890 447 1941 in
474 1889 672 1955 scripta
712 1903 805 1942 sua
838 1889 1076 1943 inserere
1106 1904 1209 1943 non
1253 1891 1577 1947 dubitarent.

352 1980 424 2031 De
447 1980 690 2033 oratione
723 1980 928 2033 decima
960 1981 1209 2049 septima,
1240 1998 1356 2052 qua:
1386 1993 1467 2038 est
1505 1984 1555 2038 in
1603 1985 1661 2042 S.
1707 1985 1839 2040 Bar-

279 2068 419 2120 laam
485 2078 772 2139 martyrem
839 2070 1045 2124 consuli
1102 2084 1322 2139 possunt
1387 2072 1637 2130 Praefatio
1711 2075 1840 2131 touti

277 2159 501 2213 secundi
547 2167 651 2213 art.
707 2159 765 2225 2,
804 2170 857 2215 et
904 2162 1052 2217 Nota:
1102 2165 1168 2218 74
1211 2175 1264 2219 et
1307 2166 1374 2222 75
1420 2168 1745 2224 Tillemontii
1788 2170 1841 2223 in

280 2252 716 2320 persecutionem
766 2254 1101 2311 Diocletiani.
1132 2255 1273 2311 Nihil
1303 2258 1445 2312 enim
1479 2259 1607 2312 mihi
1632 2260 1844 2315 videtur

279 2357 340 2395 ea
368 2344 432 2397 de
460 2358 517 2397 re
554 2345 719 2398 statui
754 2358 910 2414 posse
938 2345 1078 2413 quod
1121 2360 1227 2400 non
1262 2346 1503 2403 incurrat
1532 2348 1586 2403 in
1621 2364 1843 2420 magnas

279 2434 634 2491 diﬂicultates.
682 2436 825 2490 Nihil
874 2436 1123 2491 disertius
1171 2446 1227 2492 et
1279 2438 1578 2511 elegantius
1631 2441 1841 2499 duabus

277 2528 628 2588 sequentibus
670 2526 851 2583 Basilii
898 2530 950 2583 in
1004 2531 1061 2585 S.
1112 2530 1365 2587 Gordium
1399 2542 1453 2586 et
1484 2535 1839 2602 quadraginta

278 2630 569 2687 martyres.
625 2616 683 2672 S.
731 2618 993 2675 Gordium
1044 2622 1145 2675 sub
1190 2620 1403 2675 Licinio
1446 2637 1667 2692 passum
1723 2639 1844 2682 esse

278 2710 471 2765 merito
523 2710 717 2779 probat
751 2708 1123 2767 Tillemontius
1164 2726 1231 2768 ex
1277 2711 1459 2769 Basilii
1505 2714 1703 2783 verbis,
1752 2717 1842 2787 qui

280 2811 445 2855 testes
493 2801 636 2857 illius
686 2806 931 2874 martyrii
986 2804 1159 2861 adhuc
1201 2817 1417 2862 exstare
1466 2808 1704 2863 declarat
1742 2811 1840 2882 (a).

278 2892 641 2948 Celeberrima
674 2906 754 2951 est
797 2897 853 2951 S.
886 2896 1075 2952 Basilii
1106 2899 1158 2952 in
1191 2898 1548 2968 quadraginta
1577 2910 1844 2971 martyres

278 2986 455 3039 oratio
497 3001 658 3052 quam
686 2997 739 3040 et
765 2986 1101 3042 Gaudentius
1130 2988 1205 3057 (ὑ)
1235 2998 1290 3042 et
1317 2986 1607 3057 Gregorius
1646 2988 1843 3060 Nysse-

279 3092 378 3130 nus
406 3076 478 3147 (ε)
516 3076 756 3133 laudant.

1948 624 2047 665 est.
2076 611 2129 666 ω
2173 611 2303 665 satis
2332 616 2580 668 convenit
2606 616 2672 669 iis
2704 629 2841 685 quos
2874 613 3185 685 alloquitur.
3221 610 3352 666 Nam
3381 628 3502 668 cum

1947 716 2038 755 eos
2078 702 2383 756 vehementi
2428 705 2673 760 oratione
2717 718 2858 775 smpe
2904 704 3217 772 castigasset
3246 703 3322 770 (ρ.
3354 702 3501 769 565).

1947 797 2316 858 metueretqne
2357 805 2425 845 ne
2472 791 2587 846 haec
2640 794 2849 851 dicendi
2906 792 3131 849 libertas
3178 793 3233 847 in
3290 792 3501 861 hospite

1946 883 2290 952 displiceret;
2325 893 2510 937 contra
2546 898 2707 953 quam
2742 887 3013 943 metuebat
3038 887 3236 950 evenit,
3267 900 3331 941 ac
3361 884 3498 938 libe-

1946 978 2059 1032 rior
2098 977 2443 1048 reprehensio
2478 978 2616 1033 illius
2666 978 2911 1034 audiendi
2965 976 3200 1035 studium
3239 976 3500 1033 accendit.

1948 1068 2127 1134 Quare
2168 1080 2226 1124 ut
2271 1085 2365 1125 eos
2412 1084 2441 1122 a
2497 1068 2693 1125 diaboli
2750 1068 2954 1136 laqueis
2997 1070 3211 1141 penitus
3253 1067 3499 1134 abducat,

1944 1161 2281 1215 demonstrat
2324 1162 2405 1216 eis
2452 1160 2620 1215 hostis
2662 1158 2915 1223 artilicia,
2955 1174 3073 1229 quae
3119 1161 3221 1216 hac
3271 1158 3504 1213 maxime

1946 1254 2153 1309 ratione
2178 1254 2333 1308 vitari
2363 1254 2537 1319 docet,
2565 1254 2608 1308 si
2638 1253 2775 1308 hanc
2805 1253 2969 1306 vitam
2996 1254 3133 1307 viain
3160 1268 3279 1309 esse
3310 1251 3503 1306 memi-

1945 1349 2203 1413 nerimus,
2252 1361 2352 1403 nec
2387 1347 2676 1417 quidquam
2729 1359 2870 1409 esse,
2923 1346 3064 1414 quod
3113 1358 3354 1401 nostrum
3396 1344 3498 1400 diei

1943 1440 2114 1505 possit
2146 1457 2159 1492 :
2192 1438 2285 1493 sed
2321 1439 2488 1493 solam
2532 1440 2767 1493 animam
2815 1446 2869 1493 et
2905 1450 3099 1505 corpus
3138 1447 3314 1491 nostra
3357 1452 3494 1494 esse.

1945 1530 2071 1583 inde
2103 1530 2167 1581 ad
2216 1539 2540 1598 praeceptum
2586 1530 2943 1601 eleemosynte
2989 1526 3363 1581 incnlcandum
3394 1528 3499 1581 ier-

1942 1627 2051 1684 tur,
2083 1619 2226 1690 quod
2270 1618 2481 1687 quidem
2512 1620 2731 1674 omnino
2764 1618 3130 1675 necessarium
3169 1630 3291 1671 esse
3327 1617 3497 1679 docet,

1941 1726 2043 1767 nec
2103 1711 2221 1767 sine
2275 1710 2458 1766 aeterni
2533 1709 2672 1779 ignis
2740 1711 3084 1765 damnatione
3161 1707 3499 1780 praetermitti

1941 1819 2117 1872 posse.
2168 1804 2513 1859 Perorantem
2557 1801 2793 1858 nonnulli
2850 1802 3176 1857 admonuere
3214 1810 3273 1855 ut
3310 1803 3375 1856 de
3422 1800 3502 1855 in-

1945 1895 2137 1949 cendio
2170 1895 2420 1949 hesterno
2448 1893 2608 1948 verba
2643 1893 2865 1949 iaceret.
2900 1891 3033 1947 Nam
3065 1891 3301 1949 incensis
3327 1892 3501 1959 priva-

1948 1994 2123 2040 torum
2158 1984 2383 2050 aedibus,
2427 1983 2569 2053 ignis
2603 1983 2699 2052 ipsi
2752 1984 2993 2039 ecclesiae
3040 1984 3363 2047 minabatur,
3408 1981 3502 2037 sed

1947 2076 2265 2131 mirabiliter
2326 2075 2631 2132 exstinctus
2688 2082 2789 2129 est.
2846 2071 2938 2128 ld.
2976 2074 3066 2129 Dei
3120 2074 3502 2129 misericordia

1946 2167 2192 2220 attribuit
2230 2166 2480 2231 Basilius,
2511 2168 2602 2236 qui
2645 2166 2840 2221 diaboli
2869 2178 3015 2220 artes
3056 2165 3107 2219 in
3148 2165 3314 2233 ipsius
3345 2172 3504 2232 caput

1946 2258 2159 2330 rejecit.
2208 2256 2468 2313 Hortatur
2503 2268 2561 2312 ut
2604 2258 2667 2312 iis
2704 2268 3070 2323 succurratur,
3116 2258 3205 2327 qui
3250 2256 3383 2312 nihil
3434 2270 3499 2311 ex

1943 2350 2220 2419 incendio,
2271 2358 2463 2421 praeter
2512 2364 2706 2418 corpus
2751 2359 2807 2405 et
2854 2350 3115 2416 animam,
3157 2360 3439 2405 servarunt
3483 2366 3497 2402 :

1941 2445 2041 2513 ipsi
2084 2458 2211 2498 vero
2250 2450 2527 2513 acceptum
2565 2441 2817 2497 damnum
2853 2440 3096 2509 exemplo
3135 2438 3254 2496 Jobi
3289 2454 3501 2496 coronae

1948 2535 2228 2588 materiam
2269 2531 2524 2589 efﬁciant.

2017 2622 2292 2676 Immerito
2350 2622 2492 2677 inter
2543 2620 2794 2679 homiiias
2852 2620 3147 2679 coliocstur
3198 2619 3373 2678 oratio
3420 2621 3498 2676 vel

1948 2723 2207 2769 tractatus
2259 2714 2311 2767 in
2353 2728 2461 2783 quo
2491 2712 2719 2768 Basilius
2766 2715 3130 2769 adolescentes
3175 2716 3490 2785 consangui-

1943 2819 2073 2860 neos
2099 2812 2310 2870 edocet,
2339 2804 2463 2873 quid
2491 2804 2723 2858 habeant
2745 2802 2990 2857 utilitatis
3014 2803 3250 2873 profana:
3289 2803 3499 2864 litterae.

1944 2900 2070 2967 quid
2098 2898 2393 2953 cavendum
2438 2897 2491 2952 in
2522 2896 2716 2965 poetis,
2757 2905 2917 2964 atque
2959 2894 3014 2950 in
3058 2896 3189 2963 ipsis
3227 2896 3387 2950 etiam
3422 2897 3503 2951 hi-

1952 2988 2167 3043 storicis
2194 2998 2248 3043 et
2278 2989 2581 3043 rhetoribus
2610 3004 2625 3054 ;
2673 2985 2939 3057 quomodo
2973 2986 3224 3053 prmclsre
3256 2985 3415 3041 dictis
3448 2995 3505 3040 et

1945 3077 2123 3141 factis,
2152 3091 2270 3145 qua:
2297 3077 2350 3130 in
2387 3076 2647 3145 ejusmodi
2692 3074 2993 3144 disciplinis
3020 3076 3410 3146 percipiuntur,
3434 3073 3499 3130 ad

347 3168 404 3224 S.
434 3168 665 3223 Basilius
697 3171 749 3223 in
784 3170 1031 3225 oratione
1060 3170 1339 3234 vicesima,
1382 3187 1501 3240 quae
1529 3174 1593 3227 de
1622 3172 1838 3227 humili-
1867 3192 1910 3251 ο
1946 3183 2152 3223 morum
2189 3166 2578 3223 institutionem
2630 3167 2885 3221 utendum
2928 3166 3015 3222 sit.
3056 3167 3341 3238 Presbyter
3382 3178 3501 3223 erat

279 3271 386 3315 tate
411 3260 750 3325 inscribitur,
780 3260 1117 3315 demonstrat
1155 3262 1424 3315 hominem
1445 3301 1458 3326 ,
1492 3273 1776 3331 postquam
1808 3280 1837 3317 a

278 3352 493 3405 diabolo
519 3352 695 3405 victus
740 3361 794 3405 et
833 3351 1072 3418 deiectus
1102 3361 1205 3416 est,
1250 3355 1431 3407 inania
1474 3356 1575 3409 sibi
1620 3355 1841 3411 tinxisse

280 3441 466 3510 gloria:
498 3450 837 3503 ornamenta,
865 3442 1103 3505 divitias,
1132 3442 1385 3503 honores,
1422 3444 1605 3498 mundi
1641 3446 1845 3514 sapien-

283 3532 456 3595 tians';
505 3532 596 3585 sed
640 3529 819 3585 verdm
866 3530 1093 3599 gloriam
1140 3533 1193 3586 in
1234 3547 1297 3587 eo
1335 3533 1560 3601 positam
1602 3550 1740 3600 esse,
1789 3544 1846 3590 ut

279 3619 372 3675 Dei
418 3621 608 3691 gratiae
656 3630 873 3691 accepta
926 3620 1108 3675 omnia
1186 3620 1520 3687 referamus,
1574 3638 1842 3678 memores

275 3711 444 3778 Petri,
497 3713 586 3783 qui
628 3713 874 3767 humanae
924 3714 1195 3769 timiditati
1242 3714 1468 3770 traditus
1527 3723 1631 3780 est,
1692 3731 1755 3771 ac
1787 3718 1841 3775 in

275 3806 469 3874 primis
520 3806 589 3858 ab
631 3804 745 3873 ipso
788 3802 1009 3859 Christo
1051 3806 1294 3875 exempla
1333 3805 1648 3862 hnmilitatis
1683 3822 1842 3878 repe-

278 3903 473 3949 tentes.
530 3892 730 3947 Edocet
768 3892 997 3947 Basilius
1039 3894 1233 3961 quibus
1280 3894 1450 3949 modis
1485 3895 1598 3950 haec
1643 3897 1840 3952 eximia

274 3985 450 4038 virtus
491 3983 795 4048 comparari
844 3983 1036 4051 possit.
1081 3982 1471 4037 Observatione
1502 3984 1720 4054 dignum
1757 3996 1839 4040 est

274 4076 416 4145 quod
462 4075 539 4130 ait
586 4075 855 4131 diabolum
894 4074 969 4146 (p.
1014 4074 1161 4143 158),
1205 4075 1329 4130 dum
1377 4075 1577 4131 homini
1623 4077 1841 4133 insidias

275 4170 459 4234 struit,
490 4169 806 4238 sibimetipsi
835 4168 1149 4223 inscientem
1192 4170 1474 4234 struxisse,
1507 4184 1603 4224 nec
1635 4179 1839 4225 tantum

271 4264 522 4319 nocuisse
566 4263 637 4327 ei,
682 4277 841 4332 quem
884 4276 913 4315 a
964 4262 1074 4315 Deo
1117 4272 1170 4315 et
1220 4275 1249 4314 a
1306 4262 1413 4317 vita
1458 4271 1658 4316 aeterna
1710 4261 1841 4317 alic-

273 4366 524 4410 naturum
586 4369 645 4409 se
709 4362 1057 4424 speraverat,
1114 4364 1370 4421 quantum
1422 4368 1480 4409 se
1552 4354 1666 4423 ipse
1717 4368 1840 4421 pro-

274 4448 448 4511 didit,
504 4444 780 4514 transl‘uga
833 4458 864 4499 a
923 4445 1031 4502 Deo
1080 4443 1255 4498 factus
1300 4454 1353 4499 et
1399 4445 1558 4499 morti
1623 4455 1837 4499 arternat

272 4538 542 4592 addictus.

338 4625 407 4682 γ.
447 4626 661 4683 Nullam
704 4628 966 4683 hactenus
1010 4628 1380 4683 recensuimus
1411 4627 1469 4682 S.
1511 4626 1691 4682 Basilii
1733 4627 1835 4682 ho-

270 4718 513 4783 niiliam,
538 4735 657 4789 qua:
694 4728 847 4775 notas
870 4721 1209 4790 episcopatus
1250 4734 1359 4789 pra:
1398 4733 1457 4773 se
1498 4706 1687 4773 ferret.
1731 4718 1837 4775 Sed

270 4807 533 4861 vicesima
566 4809 759 4877 prima,
792 4808 943 4875 Quod
968 4810 1119 4863 rebus
1145 4810 1426 4863 mundanis
1449 4810 1830 4863 adirier-endam

270 4916 374 4953 non
416 4899 507 4964 sit,
558 4910 604 4953 et
645 4901 707 4954 de
744 4900 983 4955 incendio
1022 4911 1171 4955 extra
1202 4900 1491 4955 Ecclesium
1518 4900 1680 4969 facta,
1715 4915 1836 4955 cum

268 5003 427 5048 extra
463 4991 860 5064 Cappadociam
900 4997 1244 5064 pronuntiata
1284 4996 1376 5061 sit,
1424 5010 1531 5051 non
1578 4996 1718 5049 male
1764 4995 1830 5048 ad

264 5087 635 5155 episcopatum
678 5087 929 5142 refertur.
964 5086 1175 5142 Nullum
1216 5088 1358 5142 enim
1394 5087 1576 5143 Basilii
1613 5086 1836 5157 presby-

270 5177 372 5229 teri
404 5176 514 5230 iter
539 5177 802 5239 novinius,
838 5188 1031 5246 praeter
1064 5177 1195 5232 illud
1229 5179 1369 5248 quod
1404 5178 1687 5233 Samosata
1726 5192 1839 5233 sns-

266 5268 412 5336 cepit
458 5282 601 5324 anno
637 5269 761 5324 369.
798 5268 926 5325 illuc
966 5284 1153 5325 rursus
1201 5269 1334 5325 abiit
1380 5286 1521 5326 anno
1554 5270 1681 5325 572.
1729 5268 1836 5326 Sed

1945 3261 2027 3317 vel
2070 3260 2349 3332 episcopus
2393 3274 2513 3314 cum
2562 3258 2676 3313 bazc
2724 3257 2967 3326 scripsit.
3019 3257 3107 3311 Ait
3157 3259 3301 3312 enim
3347 3272 3403 3313 se
3448 3258 3501 3312 id

1944 3354 2121 3409 aetatis
2149 3365 2269 3407 esse
2304 3351 2381 3422 (p.
2406 3348 2554 3421 175),
2589 3358 2645 3404 et
2676 3363 2742 3404 ex
2774 3364 2953 3404 rerum
2984 3347 3036 3402 in
3066 3357 3347 3417 utramque
3380 3362 3502 3418 par-

1948 3458 2051 3499 tem
2099 3444 2412 3507 mutatione,
2450 3456 2611 3513 quam
2643 3452 2897 3509 expertus
2928 3449 3041 3503 est,
3077 3441 3208 3494 satis
3248 3454 3499 3511 magnum

1945 3549 2097 3590 usum
2126 3534 2479 3588 humanarum
2518 3548 2695 3586 rerum
2734 3541 3083 3586 consecutum
3111 3544 3253 3595 esse,
3277 3541 3336 3586 ut
3368 3532 3501 3585 ado-

1944 3624 2207 3680 lescentes
2246 3624 2488 3678 edoceat.
2533 3621 2802 3691 Scriptum
2834 3636 2967 3691 opus
2992 3621 3249 3675 Caesarea:
3281 3640 3294 3676 :
3326 3634 3503 3691 neque

1944 3717 2087 3771 enim
2139 3716 2221 3769 his
2300 3713 2734 3769 adolescentibus
2784 3714 3025 3784 quotidie
3089 3713 3155 3768 ad
3216 3713 3502 3783 magistros

1944 3806 2334 3863 ventitantihus
2383 3806 2486 3859 alia
2541 3806 2593 3861 in
2639 3807 2771 3861 urbe
2813 3804 3042 3860 Basilius
3111 3803 3350 3875 polliceri
3398 3816 3501 3871 po-

1945 3900 2045 3956 tuit
2074 3900 2148 3970 (p.
2182 3899 2305 3970 ιη)
2367 3913 2426 3953 se
2466 3897 2730 3969 ejusmodi
2759 3897 3000 3953 consiliis
3028 3910 3119 3951 eos
3156 3894 3369 3950 erudire
3394 3906 3501 3947 non

1940 3991 2239 4046 desiturum
2284 3990 2361 4061 (p.
2404 3990 2551 4059 i845),
2593 4003 2655 4044 ac
2696 3989 2740 4043 si
2792 3990 2845 4042 in
2883 4002 2940 4043 se
2986 3986 3171 4041 oculos
3217 3984 3502 4053 conjiciant

1940 4080 2015 4152 (p.
2045 4081 2191 4148 173),
2225 4080 2339 4137 fore
2378 4090 2432 4134 ut
2461 4080 2572 4135 suis
2600 4077 2911 4135 parentibus
2933 4090 3037 4129 non
3066 4074 3337 4142 indigeant

2010 4172 2068 4229 S.
2104 4174 2390 4228 Mamantis
2418 4172 2671 4243 martyris
2694 4170 2876 4226 laudes
2906 4166 3246 4240 persequitur
3272 4161 3501 4218 Basilius

1940 4268 1992 4322 in
2034 4268 2281 4323 oratione
2322 4266 2576 4320 vicesima
2612 4264 2805 4326 tertia,
2848 4271 3011 4331 atque
3058 4268 3118 4314 ut
3162 4260 3266 4313 hoc
3308 4267 3503 4309 munus

1938 4367 2282 4429 exsequatur,
2318 4356 2613 4427 symbolam
2658 4361 2813 4424 rogat
2833 4354 2900 4408 ab
2926 4352 3013 4415 iis,
3044 4349 3239 4419 quibus
3266 4345 3326 4402 S.
3357 4360 3500 4400 mar-

1946 4461 2031 4523 tyr
2053 4462 2247 4520 pmsto
2291 4449 2463 4503 adfuit
2508 4445 2727 4502 nomine
2753 4445 3054 4506 invocatus,
3087 4454 3223 4510 quos
3253 4454 3317 4494 ex
3349 4449 3500 4508 pere-

1869 4535 1914 4591 D
1943 4543 2251 4614 grinatione
2302 4540 2535 4605 reduxit,
2599 4550 2735 4608 quos
2784 4533 2957 4590 erexit
3008 4547 3075 4588 ex
3128 4530 3441 4586 inﬁrmitate
3481 4544 3498 4592 ;

1942 4635 2138 4706 quibus
2166 4633 2362 4687 liberos
2400 4632 2510 4701 jam
2551 4638 2788 4683 mortuos
2833 4626 3093 4688 restituit,
3131 4624 3326 4693 quibus
3372 4636 3497 4690 pro-

1938 4726 2148 4797 rogavit
2201 4726 2324 4779 vitae
2378 4735 2607 4793 tempus.
2651 4720 2797 4776 Nihil
2836 4720 2981 4774 aliud
3014 4718 3081 4771 de
3124 4717 3225 4771 hoc
3265 4722 3503 4780 martyre

1935 4818 2191 4873 discimus
2216 4832 2281 4871 ex
2316 4816 2414 4870 hac
2437 4814 2701 4879 oratione,
2725 4813 2828 4867 nisi
2853 4824 2978 4866 eum
3017 4817 3285 4877 pastorem
3319 4802 3503 4858 ovium

1936 4910 2123 4977 fuisse,
2176 4909 2318 4964 unde
2370 4916 2591 4978 accepta
2639 4905 2927 4961 occasione
2965 4898 3195 4955 Basilius
3238 4898 3305 4951 de
3348 4894 3504 4950 bonis

1934 5001 2192 5057 Ecclesiae
2222 4998 2530 5069 pastoribus
2561 5006 2614 5052 et
2644 4996 2710 5052 de
2740 4993 3089 5051 mercenariis
3117 4990 3356 5045 disserit.

2006 5089 2065 5145 In
2108 5090 2355 5146 oratione
2400 5088 2662 5143 vicesima
2708 5094 2898 5155 quarta
2950 5082 3264 5137 refelluntur
3312 5076 3501 5133 Sabel-

1933 5184 2059 5239 liani
2111 5194 2168 5238 et
2220 5183 2431 5249 Ariani,
2480 5197 2545 5238 ac
2598 5182 2758 5252 primi
2816 5195 2935 5235 cum
2982 5177 3199 5239 ludatis,
3242 5172 3501 5244 postremi

1933 5289 2057 5329 cum
2102 5275 2331 5330 ethnicis
2372 5279 2777 5343 comparantur.
2803 5268 3037 5340 Opponit
3073 5280 3261 5323 eorum
3294 5260 3497 5318 errori~

266 5360 445 5426 aptior
473 5360 637 5414 multo
678 5361 988 5430 conjectura
1020 5361 1370 5425 Tillemontii,
1415 5361 1506 5429 qui
1540 5361 1674 5417 hanc
1706 5376 1834 5416 ora-
1930 5364 2033 5420 bus
2062 5362 2293 5419 Basilius
2323 5374 2633 5418 accuratam
2681 5360 2959 5417 catholica:
2990 5358 3248 5415 doctrinae
3285 5352 3497 5421 exposi-

266 5451 467 5503 tionem
513 5450 712 5507 Satalis
765 5454 1000 5509 habitam
1048 5461 1219 5523 putat,
1269 5452 1360 5509 ubi
1411 5450 1646 5510 Basilius
1694 5468 1833 5509 anno

331 5581 354 5614 ⁸
386 5586 540 5639 .‘oatt.
565 5602 602 5650 ι,
632 5584 688 5641 2.

337 5727 417 5796 (ε)
450 5724 511 5796 .v.
546 5727 601 5792 5,
632 5742 682 5792 ρ.
717 5727 837 5782 ηδ.

339 5795 415 5867 (νυ)
445 5795 637 5851 Uomii.
670 5797 754 5850 t7.

1934 5458 2163 5513 tionem.
2206 5456 2312 5512 Sed
2340 5471 2464 5512 cum
2492 5456 2703 5511 videret
2729 5453 3007 5508 auditores
3032 5449 3190 5505 avide
3221 5453 3497 5518 expetere,

2000 5730 2071 5803 (c)
2095 5729 2184 5787 0r.
2217 5730 2270 5798 2,
2303 5733 2352 5786 in
2378 5731 2733 5801 quadraginta
2767 5735 2948 5793 mart.,
2974 5740 3028 5799 p.
3059 5724 3188 5781 206.
