4040 6514
528 457 625 497 ιιι
635 455 713 496 ιιν

1866 440 2365 497 PBOLEGOMENA
2376 480 2389 494 .

526 566 585 610 ut
628 560 693 609 de
729 554 928 623 Spiritu
979 564 1165 609 sancto
1218 555 1526 615 dissereret,
1565 554 1705 610 illius
1753 552 2087 609 divinitatem
2117 562 2163 617 Α
2193 557 2519 622 paenitentiae
2549 554 2808 623 exemplis
2842 568 2959 623 qum
2994 568 3114 607 mox
3155 552 3316 607 citata
3345 548 3503 603 verba
3538 562 3741 617 praeco»-

523 641 814 712 Scripturze
864 654 919 697 et
968 644 1271 698 traditionis
1320 644 1640 698 auctoritate
1690 643 1965 708 defendit,
2017 660 2081 700 ac

522 734 911 789 cavillationem
944 736 1253 801 dicentium,
1296 737 1557 805 ingenitus
1601 748 1676 790 est
1718 748 1807 791 aut
1853 738 2078 805 genitus,

522 824 739 879 refellit.
772 826 996 881 Videtur
1027 830 1139 881 haec
1173 827 1391 881 homilia
1438 830 1503 883 ad
1546 830 1910 899 episcopatum
1944 831 2081 884 refe-

519 916 710 969 renda.
731 915 847 970 Jam
876 919 1015 972 enim
1044 916 1392 972 celeberrima
1429 927 1541 972 erat
1585 922 1805 988 qumstio
1848 920 1911 972 de
1956 919 2079 987 Spi-

518 1005 626 1058 ritu
677 1016 866 1061 saucto
909 1012 984 1076 (p.
1028 1006 1150 1078 195)
1198 1024 1212 1059 :
1267 1024 1329 1062 ac
1362 1012 1537 1064 omnis
1575 1023 1782 1065 arrecta
1830 1012 1977 1065 auris
2014 1016 2081 1067 ad

525 1095 820 1150 audiendas
872 1096 939 1147 de
992 1095 1092 1151 hoc
1146 1097 1394 1166 dogmate
1461 1098 1867 1169 diSputationes.
1931 1100 2076 1155 Multi

518 1181 770 1239 Basiliam
798 1186 1105 1249 audit-bant,
1131 1203 1234 1239 non
1274 1198 1379 1241 tam
1422 1201 1479 1243 ut
1518 1192 1632 1259 ejus
1659 1192 1895 1244 doctrina
1922 1193 2074 1261 juva-

522 1285 736 1338 rentnr,
764 1290 922 1343 quam
954 1285 1009 1328 ut
1034 1275 1390 1331 calumniandi
1416 1294 1598 1332 ansam
1621 1282 1937 1346 arriperent.

590 1365 780 1418 Mirum
821 1380 949 1420 sane
992 1374 1077 1422 est
1114 1381 1177 1419 ex
1229 1376 1308 1421 tot
1356 1369 1623 1431 bomiliis,
1666 1385 1799 1438 quas
1849 1371 2077 1429 Basilius

529 1462 638 1506 tum
678 1458 991 1526 presbyter,
1033 1467 1141 1509 tum
1205 1458 1488 1526 episcopus
1537 1460 1587 1512 in
1626 1462 1849 1516 ecclesia
1896 1465 2074 1519 Caesa-

516 1544 679 1598 riensi
709 1546 910 1612 habuit,
952 1557 1057 1599 tam
1097 1562 1293 1614 paucas
1328 1550 1393 1602 ad
1441 1564 1536 1603 nos
1569 1554 1896 1618 pervenisse.
1932 1557 2075 1608 Inter

514 1636 753 1703 perditas
783 1637 1026 1691 bomilias
1057 1654 1340 1692 numerare
1373 1656 1657 1709 possumus
1697 1644 1966 1697 homiliam
2001 1645 2075 1698 De

517 1726 836 1792 eleemosyna
880 1738 925 1779 et
949 1726 1176 1795 judicio,
1210 1738 1263 1783 et
1309 1731 1489 1797 aliam,
1528 1732 1678 1795 Quod
1711 1733 1849 1785 Deus
1879 1735 2075 1786 incont-

513 1814 896 1880 prehensibilis,
928 1830 1157 1885 quarum
1204 1820 1425 1887 primam
1457 1821 1585 1873 citat
1632 1820 1845 1875 Simeon
1902 1820 2075 1892 Lago-

516 1906 684 1971 theta,
712 1921 875 1961 serm.
903 1907 959 1974 4,
996 1925 1051 1962 n.
1086 1910 1157 1976 'i';
1192 1911 1415 1962 alteram
1449 1924 1612 1965 serm.
1650 1912 1737 1977 15,
1770 1929 1827 1967 n.
1863 1914 1914 1967 5.
1946 1914 2073 1969 Ουω

513 1996 631 2050 alia:
664 2000 961 2053 indicantur
990 2002 1039 2053 in
1080 2002 1442 2068 superioribus
1467 2004 1787 2057 editionibus
1830 2007 1895 2057 ad
1928 2021 2073 2058 mar-

511 2088 727 2160 ginem,
777 2104 963 2157 nempe
1025 2092 1238 2145 homilia
1300 2094 1350 2145 in
1406 2093 1748 2162 Evangelium
1799 2096 2071 2164 Matthxi,

512 2194 674 2232 serm.
717 2178 804 2242 16,
844 2196 896 2233 n.
947 2180 1000 2244 5,
1040 2193 1088 2233 et
1131 2198 1293 2235 serm.
1337 2182 1425 2247 19,
1468 2200 1521 2235 n.
1565 2184 1583 2236 l
1630 2194 1683 2237 et
1726 2185 1779 2257 3.
1824 2187 1927 2241 Sed
1963 2190 2073 2242 hare

515 2271 815 2338 reperimus
841 2271 893 2322 in
924 2273 1142 2324 homilia
1172 2274 1221 2324 in
1254 2274 1517 2327 ebriosos.
1557 2275 1821 2331 Similiter
1860 2280 1911 2331 in
1955 2293 2070 2332 ser-

512 2376 667 2414 mone
699 2360 789 2424 20,
834 2377 886 2428 p.
933 2362 1031 2414 57G
1071 2372 1122 2415 et
1160 2363 1286 2427 577,
1335 2366 1600 2419 indicatur
1651 2369 1762 2420 haec
1806 2369 2023 2422 humilia
2053 2410 2067 2435 ,

514 2448 783 2515 Quomodo
815 2452 931 2521 quis
960 2451 1163 2506 sobrius
1194 2471 1303 2507 esse
1330 2454 1527 2507 debeat.
1585 2454 1689 2509 Sed
1733 2467 1956 2527 uterque
1994 2460 2071 2513 lo-

512 2555 608 2594 cus
640 2551 812 2594 exstat
857 2544 908 2595 in
936 2545 1151 2597 homilia
1187 2546 1258 2597 De
1283 2546 1597 2599 humilitate.

582 2630 668 2687 Vl.
709 2634 858 2699 Quod
906 2645 1109 2703 spectat
1150 2637 1214 2689 ad
1255 2636 1524 2701 homilias,
1568 2653 1685 2707 qua:
1716 2639 1769 2694 in
1806 2641 2066 2711 appendi-

509 2739 624 2779 cem
656 2727 886 2793 rejectrc,
913 2734 969 2777 ut
997 2728 1209 2793 spuriaz,
1242 2726 1480 2789 fuerunt,
1535 2730 1807 2785 fatendum
1852 2744 1935 2788 est
1976 2749 2067 2789 eas

510 2812 744 2870 aBasilii
790 2817 928 2885 stylo
974 2816 1300 2885 discrepare,
1347 2820 1388 2871 si
1439 2830 1614 2872 tamen
1642 2824 1876 2891 excipias
1901 2825 2071 2878 homi-

508 2906 635 2957 liam
688 2907 739 2959 in
800 2918 1041 2961 sanctam
1099 2906 1297 2962 Christi
1354 2912 1785 2980 generationem,
1832 2930 1950 2982 quae
2001 2916 2066 2968 ad

508 2992 760 3048 Basiliani
828 2998 1095 3051 sermonis
1156 2998 1475 3066 elegantiam
1540 3003 1770 3057 maxime
1841 3006 2063 3059 accedit.

509 3086 615 3140 Sed
671 3087 801 3141 illud
840 3104 1148 3143 asseverare
1206 3107 1311 3143 non
1370 3107 1579 3157 vereor,
1627 3094 1826 3151 Basilio
1874 3098 2069 3167 dignis.-

508 3178 673 3231 simas
703 3194 840 3241 esse,
874 3182 915 3233 si
963 3182 1133 3249 pietas
1160 3189 1214 3233 et
1251 3182 1497 3235 doctrina
1532 3197 1854 3251 spectentur.
1887 3188 2066 3245 Levis-

509 3268 676 3323 simus
720 3286 901 3324 naevus
953 3280 1035 3323 est
1076 3272 1128 3324 in
1176 3279 1393 3326 auctore
1457 3274 1688 3329 homiliae
1733 3278 1783 3328 in
1828 3289 2063 3332 sanctam

508 3359 710 3412 Christi
784 3363 1224 3429 generationem,
1282 3362 1509 3418 historia
1586 3364 1860 3420 Zachariae
1928 3368 2068 3423 inter

508 3452 761 3517 templum
815 3462 866 3503 et
936 3452 1104 3505 altare
1154 3455 1359 3520 occisi,
1410 3466 1694 3525 propterea
1751 3458 1892 3528 quod
1944 3474 2067 3514 san-

508 3544 797 3597 ctissimam
853 3541 1050 3598 Christi
1103 3555 1327 3599 matrem
1362 3550 1413 3600 in
1450 3548 1567 3602 loco
1624 3550 1921 3619 virginibus
1974 3554 2065 3605 de-

507 3634 705 3689 stinato
776 3640 893 3702 post
946 3643 1156 3701 partum
1224 3636 1559 3689 collocasset.
1632 3636 1748 3690 Non
1814 3654 2065 3708 magnum

508 3727 744 3782 dedecus
770 3726 957 3780 fuisset
994 3726 1050 3781 S.
1074 3724 1270 3781 Basilio
1296 3730 1346 3781 in
1372 3728 1632 3795 ejusmodi
1668 3728 1827 3783 rebus
1873 3732 2064 3799 decipi.

506 3815 726 3884 Majoris
762 3819 1021 3870 momenti
1071 3827 1173 3882 est,
1216 3819 1356 3886 quod
1401 3819 1639 3889 ejusdem
1682 3820 1915 3875 homilia:
1971 3837 2067 3874 au-

507 3914 624 3959 utor
645 3907 989 3962 existimasse
1015 3908 1231 3974 dicitur,
1263 3924 1440 3976 regum
1478 3911 1825 3964 successiones
1858 3912 2066 3966 cometis

506 4000 819 4066 signiﬁcari.
870 4001 938 4053 At
985 4002 1118 4055 nihil
1156 4003 1222 4055 ab
1262 4002 1377 4069 ejus
1419 4003 1681 4056 sententia
1732 4006 1901 4073 magis
1938 4005 2065 4060 alie-

504 4104 653 4142 num.
688 4091 941 4144 Aitenim
975 4093 1039 4144 de
1091 4093 1316 4146 cometis
1345 4093 1418 4159 (p.
1449 4091 1575 4161 (5M)
1616 4112 1628 4147 :
1682 4094 1932 4147 Μάλιστα
1981 4096 2067 4149 δο-

505 4172 660 4227 κοῦσι
730 4174 990 4245 βασιλέων
1042 4178 1286 4249 διαδοχὰς
1331 4178 1614 4250 δηλοῦντες
1659 4185 1778 4235 κατ’
1840 4184 2065 4256 οὐρανὸν

505 4264 770 4321 ἵστασθαι.
802 4268 1035 4322 Maxime
1082 4272 1323 4325 videntur
1350 4274 1418 4325 ad
1466 4275 1839 4345 signiﬁcandas
1888 4294 2065 4347 regum

503 4360 852 4413 successiones
915 4363 969 4414 in
1048 4364 1178 4416 ctelo
1236 4367 1534 4419 consistere.
1606 4367 1711 4421 Sed
1762 4368 1813 4421 id
1860 4367 2066 4423 insanis

510 4452 793 4521 astrologis
821 4455 989 4509 videri
1022 4457 1119 4522 ait,
1150 4472 1284 4527 quos
1308 4458 1413 4513 hoc
1448 4461 1563 4514 loco
1598 4460 1813 4527 refellit,
1846 4463 2066 4518 minime

504 4556 632 4596 vero
662 4543 1006 4613 Christianis,
1045 4558 1101 4600 ut
1128 4563 1193 4601 ex
1224 4559 1333 4603 toto
1360 4550 1475 4603 loco
1504 4552 1729 4619 perspici
1760 4561 1953 4621 potest.

574 4632 690 4688 Non
730 4636 1029 4689 debuerunt
1095 4647 1151 4690 ut
1189 4638 1432 4691 absurdae
1469 4648 1523 4692 et
1564 4639 1740 4707 impiae
1790 4643 2069 4697 sententiae

503 4726 808 4793 rejici,qua3
835 4728 884 4779 in
914 4728 1131 4780 homilia
1166 4728 1218 4780 in
1244 4729 1896 4798 pmnitentiamleguntur.
1924 4731 2064 4796 Quid

503 4819 634 4868 enim
666 4817 760 4883 ris,
812 4817 985 4885 inquit
1023 4828 1208 4873 auctor
1238 4820 1491 4883 homilia},
1541 4836 1768 4873 unumne
1796 4833 2063 4887 peccatum

500 4908 752 4974 imputari
799 4911 994 4960 sanctis
1028 4924 1098 4961 an
1134 4908 1402 4976 justitiam
1441 4910 1704 4963 multam?
1747 4908 1891 4962 Fecit
1939 4928 2060 4979 pec-

501 5010 675 5051 catum
708 5012 728 5050 :
755 5008 809 5053 at
839 5000 960 5068 fecit
987 5002 1146 5055 etiam
1166 5000 1400 5069 justitias
1432 5002 1646 5054 multas.
1687 5001 1827 5066 Quid
1850 5003 2060 5071 justum

500 5094 580 5141 est
606 5090 747 5156 apud
781 5088 989 5157 justum
1036 5088 1226 5154 Deum,
1268 5107 1620 5158 paucorumne
1660 5092 1953 5146 meminisse
1993 5111 2062 5147 an

499 5180 783 5232 multorum
833 5179 1111 5234 obliuisci?
1158 5180 1240 5234 Sit
1288 5191 1518 5249 statera,
1567 5190 1613 5234 et
1659 5199 1761 5251 qua
1817 5199 2062 5238 mensura

497 5271 669 5325 mensi
700 5270 953 5338 fuerimus
995 5270 1344 5325 admettentur
1374 5273 1541 5327 nobis.
1575 5271 1635 5326 Si
1665 5282 1873 5341 peccata
1907 5274 2061 5341 plura

498 5371 647 5427 sunt,
678 5361 743 5414 sit
781 5370 1053 5429 peccator;
1120 5363 1200 5415 sin
1237 5361 1466 5431 justitite
1504 5363 1713 5429 plures,
1752 5366 1819 5417 sit
1856 5365 2056 5433 justus.

498 5451 845 5523 Nequaquam
877 5452 1032 5508 docet
1063 5452 1236 5521 justos
1275 5454 1365 5521 qui
1400 5453 1678 5519 labuntur,
1732 5454 1959 5508 salutem
1989 5456 2058 5511 ob

501 5547 679 5611 priora
721 5544 981 5615 prmelare
1023 5544 1161 5599 facta
1223 5544 1481 5611 consequi
1527 5545 1645 5597 sine
1689 5546 2003 5613 pcenitentia
2038 5563 2051 5610 ;

498 5637 591 5689 sed
632 5636 870 5706 loquitur
925 5638 990 5692 de
1028 5637 1189 5706 lapsis
1232 5654 1326 5707 per
1364 5638 1735 5705 paenitentiam
1784 5651 2058 5705 resurgen-

499 5727 663 5789 tibus,
706 5736 765 5781 ut
796 5737 943 5797 patet
982 5744 1048 5786 ex
1092 5731 1253 5783 totius
1286 5729 1549 5783 orationis
1574 5730 1866 5798 proposito,
1896 5740 1949 5783 et
1989 5746 2055 5785 ex

581 5844 622 5875 "
651 5844 751 5900 lsa.
782 5862 932 5912 cxvi,
964 5846 1044 5900 l8.
1124 5847 1187 5877 '"
1222 5846 1264 5901 ll
1299 5846 1475 5902 Paral.
1510 5864 1621 5915 sis,
1658 5848 1709 5901 5.

1791 5847 1811 5879 ⁵
1839 5846 1992 5904 Prov.
2028 5864 2102 5915 rt,
2135 5847 2186 5901 ι.

2185 645 2318 697 dunt
2352 656 2405 696 et
2439 654 2750 711 sequuntur.
2798 641 3070 695 Immerito
3120 638 3301 693 Basilii
3338 636 3578 692 doctrina
3613 654 3735 691 cum

2186 734 2268 787 his
2299 735 2574 803 principiis
2606 747 2839 802 pugnare
2871 732 3227 787 existimatur.
3271 729 3548 783 Simillima
3582 726 3739 781 docet

2183 824 2235 876 in
2269 823 2486 876 homilia
2522 822 2591 875 De
2616 821 2929 884 humilitate,
2968 821 3051 875 ubi
3083 820 3160 874 sic
3189 818 3423 885 loquitur
3448 824 3525 888 (p.
3564 814 3685 883 161)
3717 832 3733 869 :

2183 913 2274 975 Et,
2305 917 2351 967 si
2386 917 2676 979 proximum
2713 922 3005 979 peccantem
3045 911 3254 973 videris,
3282 925 3401 961 care
3442 910 3735 963 consideres

2184 1005 2346 1071 ipsius
2385 1015 2651 1070 peccatum
2683 1002 2891 1064 solum;
2921 1003 3010 1053 sed
3039 1004 3194 1055 etiam
3223 1015 3337 1070 qua:
3368 1002 3487 1065 lecit
3524 1012 3613 1054 aut
3647 1001 3732 1068 fa-

2181 1095 2251 1146 cit
2304 1100 2463 1154 recte,
2515 1092 2722 1159 cogita;
2768 1099 2815 1141 et
2870 1104 3003 1152 sarpe
3052 1105 3167 1141 eum
3196 1088 3541 1157 deprehendes
3568 1090 3732 1153 teipso

2180 1180 2440 1235 meliorem
2466 1219 2481 1243 ,
2524 1182 2757 1246 expensis
2802 1178 2951 1232 rebus
3003 1180 3274 1244 omnibus,
3314 1193 3414 1231 non
3455 1193 3560 1230 una
3596 1180 3732 1232 dun-

2182 1282 2327 1325 taxat
2358 1281 2507 1339 parte
2541 1271 2860 1323 examinata.
2904 1268 3081 1339 Neque
3112 1271 3244 1321 enim
3290 1269 3427 1322 Deus
3469 1267 3731 1322 hominem

2176 1378 2239 1415 ex
2286 1372 2431 1429 parte
2468 1360 2703 1430 expendit
2751 1376 2769 1411 :
2829 1379 2847 1409 ι
2897 1358 3007 1430 Ego
3043 1359 3199 1417 enim,
3249 1359 3435 1427 inquit,
3479 1373 3633 1426 Opera
3680 1368 3730 1411 et

2179 1454 2516 1522 cogitationes
2534 1469 2711 1507 eorum
2733 1454 2875 1505 venio
2892 1458 3297 1521 congregaturus
3317 1451 3379 1503 ³⁵.
3398 1452 3729 1516 »ρηὶηριὶαηι

2178 1561 2293 1598 cum
2340 1543 2596 1611 Josapltat
2631 1543 2913 1614 aliquando
2959 1543 3019 1595 ob
3065 1556 3289 1610 prwsens
3334 1553 3603 1607 peccatum
3640 1545 3724 1595 in-

2176 1646 2429 1702 creparet,
2468 1637 2699 1688 meminit
2731 1648 2928 1704 quoque
2955 1643 3088 1685 recte
3116 1642 3414 1687 sanctorum
3441 1635 3624 1701 ipsius,
3647 1636 3728 1689 liis

2174 1731 2339 1779 verbis
2383 1741 2401 1778 :
2452 1742 2471 1775 ί
2532 1722 2904 1777 Verumtamen
2955 1723 3106 1774 verba
3157 1722 3289 1776 bona
3333 1721 3544 1775 inventa
3605 1734 3728 1778 sunt

2174 1820 2229 1870 in
2267 1827 2314 1869 te
2335 1817 2419 1869 ³⁸⁶.
2464 1834 2482 1867 ι

2246 1906 2299 1959 ln
2358 1905 2600 1959 eamdem
2661 1904 2982 1961 sententiam
3037 1904 3347 1975 accipienda
3396 1907 3511 1961 bzec
3564 1904 3726 1959 verba

2176 2006 2249 2067 (p.
2293 1996 2417 2067 607)
2450 2012 2463 2051 :
2511 1996 2747 2052 Unumne
2770 1998 2964 2051 malum
2989 2010 3189 2067 reputat
3218 2001 3380 2068 Deus,
3410 2001 3577 2055 multa
3606 2018 3727 2055 vero

2174 2091 2308 2143 bona
2349 2107 2448 2143 non
2486 2094 2725 2159 reputat?
2755 2090 2889 2154 Quot
2938 2102 3188 2161 martyres
3232 2095 3321 2161 qui
3368 2095 3587 2160 primum
3633 2109 3727 2145 neu

2172 2188 2382 2246 garant,
2439 2197 2623 2233 rursus
2676 2181 3023 2249 redintegrata
3074 2198 3247 2249 pugna
3297 2182 3496 2235 cladem
3552 2200 3727 2235 resar-

2172 2270 2319 2321 sere?
2357 2282 2608 2340 negarant
2646 2281 2815 2324 autem
2847 2285 2948 2321 non
2985 2272 3183 2333 animo,
3223 2273 3310 2322 sed
3342 2272 3539 2339 lingua.
3587 2270 3728 2323 Caro

2172 2380 2393 2432 namque
2434 2363 2644 2430 inﬁrma
2689 2370 2782 2415 est.
2827 2359 3033 2412 Excidit
3079 2361 3167 2429 qui
3213 2363 3429 2430 abnegat
3469 2377 3488 2423 ;
3540 2377 3726 2414 rursus

2171 2471 2288 2507 cum
2320 2455 2613 2519 conﬁtetur,
2647 2454 2991 2504 instauratur.
3036 2449 3146 2504 Nec
3191 2454 3323 2504 enim
3375 2453 3512 2504 mala
3546 2453 3725 2505 obser-

2170 2553 2258 2599 cat
2294 2542 2451 2607 Dens,
2485 2544 2616 2595 bona
2650 2556 2766 2594 vero
2810 2540 2949 2592 nullo
2997 2539 3108 2593 loco
3180 2550 3434 2593 numerat.
3486 2538 3553 2592 Et
3598 2555 3717 2592 cum

2169 2638 2283 2706 quis
2328 2645 2687 2705 torqueretur,
2726 2640 3021 2704 plerumque
3073 2635 3224 2688 cessit
3277 2651 3395 2687 cum
3439 2634 3571 2702 ferre
3623 2649 3724 2685 non

2168 2740 2356 2799 posset,
2407 2745 2510 2781 non
2563 2738 2886 2780 commulans
2928 2727 3205 2780 voluntatis
3244 2729 3582 2793 propositum,
3634 2726 3726 2775 sed

2170 2820 2344 2872 labore
2376 2822 2558 2873 victus.
2600 2819 2668 2870 At
2719 2819 2985 2881 dimissus,
3026 2833 3086 2868 ac
3134 2818 3360 2883 requient
3392 2826 3595 2876 nactus,
3640 2830 3725 2867 re-

2168 2919 2454 2964 stauratur.
2483 2907 2851 2962 Servabiturne
2879 2909 3071 2958 dictum
3102 2907 3250 2958 breve
3287 2908 3529 2958 adversus
3553 2904 3725 2967 illum,

2171 3011 2427 3054 tormenta
2467 3016 2582 3053 vero
2618 3015 2719 3051 non
2760 2998 3246 3051 enumerabuntur?
3280 2997 3344 3049 At
3389 2996 3525 3050 Deus
3558 2997 3728 3064 judex

2167 3103 2265 3159 est,
2301 3110 2400 3147 non
2424 3093 2693 3145 hominum
2728 3092 2973 3144 audacia.
3008 3090 3181 3143 Audes
3205 3090 3364 3159 legem
3391 3088 3726 3151 prmscribere

2170 3185 2297 3251 Deo,
2347 3184 2435 3254 qui
2480 3182 2837 3249 infirmitatem
2891 3181 3066 3244 novit,
3107 3190 3153 3234 et
3215 3180 3507 3247 suppeditat
3567 3176 3725 3229 auxi—

2168 3278 2317 3340 lium,
2350 3275 2596 3342 dabitque
2628 3274 2941 3327 cictoriam?
2971 3273 3109 3337 Quot
3143 3283 3261 3324 sunt
3292 3272 3380 3336 qui
3412 3279 3522 3338 post
3560 3269 3724 3321 vitam

2164 3366 2359 3418 malam
2423 3364 2736 3431 martyrium
2798 3363 3195 3415 sustinuerunt?
3260 3359 3403 3413 Num
3474 3360 3725 3426 quoniam

2163 3457 2423 3524 cupiditas
2469 3456 2657 3518 illexit,
2707 3454 3049 3521 privabuntur
3089 3453 3395 3507 laboribus?
3427 3452 3522 3507 llic
3562 3455 3724 3508 etiam

2165 3547 2230 3601 de
2269 3545 2431 3614 lapsis
2466 3543 2530 3596 ad
2562 3551 2830 3596 certamen
2866 3541 3210 3595 redeuntibus
3242 3542 3437 3611 agitur,
3476 3556 3612 3609 quos
3641 3543 3725 3595 in-

2164 3631 2399 3691 staurari
2446 3635 2521 3688 ait
2555 3644 2742 3689 auctor
2780 3632 3031 3697 homilia},
3066 3633 3251 3701 eisque
3288 3633 3478 3687 merita
3522 3635 3726 3704 prioris

2164 3728 2286 3781 vita:
2326 3726 2536 3781 restitui
2596 3725 2893 3780 contendit.
2932 3723 3041 3779 Nec
3091 3738 3184 3779 eos
3231 3726 3321 3794 qui
3367 3725 3564 3794 lingua,
3616 3740 3725 3779 non

2163 3819 2341 3874 animo
2383 3817 2657 3886 jurarunt,
2701 3832 2731 3870 a
2778 3824 2997 3884 peccato
3051 3815 3257 3880 eximit,
3305 3818 3396 3870 sed
3430 3832 3523 3870 eos
3551 3831 3579 3867 a
3610 3830 3723 3883 pa:-

2166 3912 2389 3966 nitentia
2426 3910 2542 3965 sine
2588 3909 2903 3965 crudelitate
2928 3908 3133 3963 excludi
3162 3924 3262 3963 non
3292 3922 3446 3978 posse
3465 3905 3723 3959 declarat.

2235 4002 2467 4072 Tempus
2494 4016 2600 4056 non
2638 4012 2806 4055 teram
2852 4002 2903 4055 in
2936 4001 3174 4067 pluribus
3208 4000 3327 4053 aliis
3368 3996 3723 4066 explicandis,

2164 4105 2283 4159 qua:
2306 4106 2412 4144 non
2438 4092 2631 4145 merito
2654 4105 2754 4145 suo
2792 4089 3089 4159 vituperata
3127 4090 3179 4141 in
3224 4089 3307 4142 his
3336 4088 3569 4142 bomiliis
3608 4086 3724 4141 lue-

2163 4192 2314 4237 runt.
2348 4181 2516 4245 Quale
2541 4194 2623 4235 eSt
2649 4182 2788 4248 quod
2820 4181 2895 4232 ait
2921 4190 3109 4233 auctor
3141 4178 3371 4233 homilia:
3399 4180 3473 4247 (p.
3503 4178 3629 4249 619)
3668 4178 3722 4232 ἱη

2165 4272 2321 4337 illud,
2356 4268 2437 4324 Ne
2471 4269 2675 4323 dederis
2708 4285 2946 4322 somnum
2985 4269 3148 4322 oculis
3199 4270 3302 4323 tuis
3330 4270 3373 4336 ⁸,
3403 4270 3596 4325 belluis
3632 4286 3723 4323 so-

2166 4362 2273 4415 lam
2332 4362 2512 4416 inesse
2568 4370 2839 4423 naturam,
2896 4360 3201 4414 hominibus
3246 4376 3376 4417 vero
3434 4363 3721 4425 ratiOuem,

2163 4472 2279 4526 qua:
2319 4465 2521 4509 natura:
2567 4470 2753 4522 parens
2789 4464 2885 4520 est,
2934 4456 3029 4527 τῆς
3072 4456 3281 4524 φύσεως
3325 4455 3480 4523 λόγος
3525 4453 3719 4516 αἴτιος.

2090 4561 2138 4619 ι)
2167 4546 2457 4615 Perspicua
2503 4552 2585 4599 est
2634 4546 2794 4614 hujus
2835 4545 2935 4599 loci
2973 4548 3257 4609 sententia,
3300 4562 3397 4601 nec
3436 4548 3722 4614 quisquam

2167 4639 2416 4708 ignorare
2466 4646 2561 4691 aut
2626 4652 2823 4707 negare
2878 4640 3043 4706 possit
3108 4653 3434 4705 quaecunque
3503 4638 3721 4692 coadita

2165 4740 2291 4785 sunt
2324 4730 2527 4783 ratione
2570 4730 2785 4783 condita
2833 4730 3038 4793 fuisse;
3075 4744 3176 4797 quo
3220 4745 3376 4783 sensu
3415 4729 3553 4783 ratio
3587 4729 3724 4783 dici-

2167 4830 2251 4872 ιυι·
2282 4828 2488 4873 naturas
2521 4834 2708 4873 causa.

2236 4909 2343 4962 Vll.
2366 4909 2441 4963 De
2474 4911 2790 4965 tractatibus
2824 4911 2993 4966 sancti
3024 4910 3202 4963 Basilii
3229 4925 3332 4963 non
3366 4910 3529 4963 multa
3566 4913 3721 4965 nobis

2162 5008 2447 5068 supersunt
2471 4999 2783 5054 disserenda
2820 5017 2832 5051 :
2862 5000 2971 5067 jam
3003 5001 3145 5054 enim
3170 5000 3236 5052 de
3280 4999 3429 5053 libris
3454 5001 3719 5056 Adversus

2163 5089 2503 5155 Eunomium,
2526 5091 2591 5143 de
2608 5090 2864 5158 Ascetico,
2894 5090 3156 5161 Liturgia,
3184 5100 3237 5145 et
3264 5091 3399 5146 libro
3424 5092 3498 5147 De
3520 5093 3717 5163 Spiritu

2159 5193 2337 5236 sancto
2367 5184 2595 5252 egimus.
2621 5183 2918 5249 Quominus
2943 5185 2998 5239 S.
3030 5183 3225 5238 Basilio
3274 5188 3581 5241 tribuantur
3610 5188 3716 5241 duo

2160 5272 2482 5341 posteriores
2520 5274 2769 5328 adversus
2827 5274 3143 5329 Eunomium
3193 5277 3333 5342 libri,
3385 5281 3563 5331 multa:
3596 5277 3718 5333 ξιπο-

2161 5372 2351 5415 runtur
2388 5360 2440 5414 in
2465 5361 2784 5418 Praal'atione
2811 5365 2935 5417 tomi
2976 5365 2997 5418 Ι
3050 5368 3307 5434 rationes,
3341 5382 3565 5435 quarum
3599 5367 3717 5421 dum

2160 5450 2337 5517 magni
2370 5452 2621 5514 ponderis
2653 5453 2919 5518 videntur,
2945 5454 3067 5523 styli
3101 5456 3456 5525 discrepantia
3484 5462 3538 5509 et
3571 5458 3716 5524 quod

2159 5556 2344 5600 auctor
2394 5546 2513 5599 libri
2560 5562 2611 5599 iv
2648 5545 2788 5614 legat
2816 5546 3034 5617 (p.295)
3091 5549 3387 5618 ὲκτισάμην
3433 5546 3716 5618 ἄνθρωπον

2157 5640 2244 5691 διὰ
2268 5638 2360 5690 τοῦ
2389 5637 2548 5703 Θεοῦ,
2582 5638 2762 5693 Creavi
2793 5640 3046 5693 hominem
3076 5658 3166 5711 per
3204 5641 3362 5694 Deum
3398 5641 3460 5705 δ’,
3486 5639 3715 5696 Basilius

2167 5730 2381 5799 (p.236\
2414 5746 2540 5785 vero
2566 5731 2900 5805 ἐκτησάμην.
2932 5732 3111 5803 Neque
3129 5735 3240 5790 hac
3258 5733 3461 5804 legendi
3483 5732 3715 5787 varietas

2270 5850 2312 5881 δ’
2336 5848 2468 5903 Gen.
2494 5864 2568 5913 iv,
2598 5849 2705 5903 1-4.
