4040 6460
529 416 722 462 Cum
1880 382 2384 443 PR’OLEGOMENA
2396 421 2409 435 .

535 537 626 573 ποι
686 519 841 571 etiam
899 511 1225 568 sermonibus
1297 510 1492 563 nostris
1556 507 1848 562 adhortari.
1919 505 2091 573 Supra
2123 506 2168 563 Α
2196 500 2348 554 silius
2387 497 2673 552 adductum
2703 508 2761 548 se
2796 505 2915 547 esse
2948 498 3005 543 ut
3037 487 3266 542 Moralia
3295 486 3582 552 scriberet,
3616 488 3746 542 dum

536 612 769 664 diximus
822 605 1084 660 Basilium
1146 601 1482 658 cmnobitica:
1536 600 1658 654 vita:
1712 606 1984 652 auctorem
2038 596 2091 649 in
2193 589 2618 646 dissensionibus
2664 583 2958 640 Ecclesiam
3009 580 3446 650 perturbantibns
3481 580 3699 635 territus
3730 621 3746 645 ,

537 704 706 757 Ponto
742 711 796 755 et
831 695 1173 768 Cappadocia
1223 695 1414 757 fuisse,
1449 706 1512 746 ac
1551 705 1677 744 rara
1717 686 2000 742 admodum
2041 686 2090 737 in
2193 696 2411 735 causam
2436 690 2489 734 et
2517 677 2811 733 remedium
2841 673 2963 729 mali
2990 672 3232 740 inquirit.
3261 669 3371 723 Sub
3412 671 3570 724 linem
3598 686 3748 739 quae-

538 796 624 849 his
660 802 712 849 et
764 762 965 847 vicinis
1008 787 1318 858 regionibus
1354 782 1600 839 coenobia
1649 779 1946 841 exstitisse,
1988 791 2093 843 quo
2193 773 2386 827 stionis
2421 771 2658 833 decima),
2683 782 2800 838 quae
2846 775 2927 821 est
2956 765 3023 819 de
3050 762 3337 826 seandalo,
3369 762 3483 816 haec
3520 762 3753 831 legimus

541 897 781 954 tempore
808 882 975 937 abbas
1004 853 1242 951 Pyamon
1274 890 1366 931 eas
1402 872 1729 944 peragravit.
1760 869 1939 935 Quare
1965 868 2096 921 Con-
2195 867 2272 937 (p.
2304 863 2430 936 670)
2472 882 2486 917 :
2526 862 2721 916 Fusius
2753 870 2924 914 autem
2953 860 3049 910 hoc
3077 858 3129 908 in
3160 853 3419 923 prioribus
3449 855 3754 921 quastioni-

540 943 849 1031 stitutiones
883 943 1194 1027 monasticae
1230 967 1315 1022 vel
1350 943 1410 1020 in
1428 963 1768 1033 Cappadocia
1804 971 1899 1015 aut
1929 958 2097 1013 Ponto
2197 960 2291 1011 bus
2318 955 2674 1025 exposuimus,
2702 954 2790 1006 ubi
2815 962 2864 1006 et
2887 964 3064 1005 eorum
3089 948 3177 1017 qui
3210 943 3516 999 scandalum
3542 945 3754 1010 patiun-

541 1079 634 1123 aut
677 1065 911 1121 ﬁnitimis
957 1060 1262 1134 regionibus
1315 1058 1530 1128 scriptae
1580 1070 1685 1110 non
1726 1054 1964 1116 fuerunt,
2020 1049 2099 1103 vel
2198 1055 2283 1099 tur
2306 1046 2501 1099 clarius
2525 1058 2745 1111 expensa
2770 1052 2841 1095 est
2866 1050 3080 1094 natura.
3111 1036 3223 1090 Non
3251 1035 3352 1088 alia
3378 1048 3507 1088 sane
3529 1035 3754 1101 quaestio

545 1167 667 1229 post
693 1124 1045 1213 Eustathium-
1064 1160 1120 1207 et
1145 1150 1401 1205 Basilium
1430 1124 1651 1217 scriptae
1683 1156 1827 1201 sunt.
2207 1138 2293 1192 hic
2325 1136 2611 1198 indicatur,
2635 1136 2733 1187 nisi
2762 1134 2813 1185 in
2842 1128 3178 1185 brevioribus
3205 1124 3426 1195 Regalis
3451 1125 3754 1191 interroga-

617 1248 909 1303 Fatendum
942 1257 1072 1300 sane
1113 1251 1199 1297 est
1242 1242 1375 1296 duos
1412 1216 1579 1294 libros
1622 1238 1695 1292 De
1734 1236 2014 1304 baptismo,
2056 1232 2099 1287 si
2202 1230 2279 1283 tio
2308 1226 2643 1297 sexagesima
2673 1218 2886 1293 quarta,
2909 1221 2997 1274 ubi
3020 1221 3085 1275 de
3110 1217 3363 1274 seandalo
3393 1216 3680 1271 disseritur
3698 1225 3756 1269 et

544 1337 709 1393 verba
746 1343 1079 1405 spectentur,
1112 1347 1141 1386 a
1174 1330 1358 1386 Basilii
1390 1330 1565 1383 nitore
1599 1326 1867 1382 sermonis
1901 1331 1955 1376 et
1985 1321 2101 1378 ele-
2200 1321 2269 1376 de
2303 1320 2370 1375 iis
2396 1319 2488 1388 qui
2518 1314 2967 1371 scandalizantur.

546 1428 729 1501 gantia
757 1399 983 1481 multum
1016 1422 1288 1478 recedere.
1325 1420 1431 1475 Sed
1454 1420 1497 1474 si
1528 1416 1942 1478 sententiarum,
1972 1427 2102 1480 qua.
2276 1408 2413 1475 Quid
2439 1421 2569 1477 ergo
2597 1406 2699 1459 hac
2726 1405 2779 1456 in
2810 1416 2866 1455 re
2893 1401 3230 1455 statuemus?
3259 1400 3426 1471 stylus
3466 1399 3710 1453 diversus
3742 1418 3756 1453 :

548 1490 666 1575 rum
700 1517 844 1573 nulla
883 1529 1104 1584 prorsus
1138 1528 1245 1568 non
1284 1521 1369 1567 est
1390 1510 1601 1575 Basilii,
1631 1508 1770 1560 ratio
1804 1504 2100 1559 habeatur:
2205 1514 2400 1570 negare
2432 1499 2483 1552 id
2527 1512 2633 1551 non
2666 1504 2967 1563 possumus.
3013 1492 3082 1542 At
3105 1490 3379 1544 sententia:
3413 1503 3633 1559 prorsus
3660 1502 3758 1557 ge-

544 1614 592 1668 si
620 1622 829 1667 summa
873 1579 1043 1677 pietas
1072 1604 1126 1659 in
1165 1614 1395 1672 utroque
1424 1600 1562 1655 libro
1594 1596 1820 1652 miriﬁce
1858 1596 2095 1664 spirans,
2207 1590 2410 1644 mellae:
2440 1600 2494 1643 et
2523 1601 2642 1656 qua:
2669 1585 2966 1640 certissima
2995 1589 3119 1636 sunt
3143 1579 3320 1635 Basilii
3355 1594 3541 1650 Opera,
3566 1595 3629 1633 ea
3656 1594 3759 1633 sua

548 1703 593 1756 si
622 1700 791 1771 ipsius
819 1670 1098 1767 scriptoris
1126 1670 1501 1750 consideretur
1526 1689 1834 1749 auctoritas,
1868 1686 1957 1756 qui
1994 1699 2098 1739 non
2204 1695 2325 1735 esse
2357 1679 2592 1733 declarat
2630 1684 2819 1731 auctor
2864 1673 3125 1727 librorum
3168 1671 3244 1725 De
3299 1673 3567 1740 baptismo.
3619 1670 3761 1724 Num

549 1761 721 1845 solum
746 1761 983 1859 pluribus
1007 1786 1189 1840 Basilii
1220 1783 1353 1841 locis
1380 1783 1548 1837 utitur
1574 1794 1671 1850 pro
1701 1779 1837 1842 suis,
1867 1777 1959 1830 sed
1994 1777 2103 1842 ipsa
2139 1842 2178 1859 ﬂ
2208 1770 2504 1839 improbam
2546 1767 2787 1821 fraudem
2828 1772 2882 1819 et
2900 1774 3063 1832 turpe
3110 1761 3443 1817 mendacium
3466 1762 3765 1831 suspicabi-

548 1881 710 1936 etiam
741 1842 923 1932 Basilii
960 1876 1185 1945 scripta,
1218 1884 1278 1928 ut
1309 1873 1524 1943 propria
1559 1842 1761 1922 laboris
1802 1866 1883 1921 sui
1920 1877 2105 1918 tuonu-
2139 1842 2180 1900 Β
2210 1876 2329 1917 mur
2360 1864 2412 1913 in
2455 1869 2562 1912 tam
2597 1858 2766 1912 sancti
2798 1854 2980 1924 Operis
3014 1851 3277 1921 parente?
3322 1852 3543 1918 Quidvis
3585 1852 3762 1922 conji-

554 1981 753 2036 menta,
780 1970 944 2035 citat;
971 1967 1218 2036 equidem
1245 1964 1425 2019 malim
1453 1961 1652 2015 Basilio
1677 1957 1979 2013 orationem
2010 1954 2107 2005 ali-

553 2078 715 2133 quam
773 2060 949 2115 minus
1000 2057 1221 2122 factam,
1278 2054 1563 2121 minusque
1613 2050 1843 2105 molliter
1895 2051 2107 2099 euntem

554 2152 871 2211 attribuere,
901 2160 1061 2217 quam
1092 2141 1291 2198 homini
1327 2138 1571 2209 improbo
1614 2146 1668 2191 et
1695 2132 1935 2189 mendaci
1976 2144 2111 2198 pra:-

551 2239 941 2299 stantissimnm
972 2250 1127 2305 opus,
1159 2250 1222 2289 ac
1254 2234 1443 2288 eodem
1482 2240 1705 2298 prorsus
1746 2223 1965 2294 spiritu,
2003 2233 2110 2289 quo

552 2329 733 2384 omnia
760 2324 941 2380 Basilii
969 2324 1171 2393 scripta
1193 2361 1209 2388 ,
1244 2319 1619 2387 compositum.

622 2416 867 2471 Vidimus
894 2426 1078 2483 supra,
1108 2425 1229 2466 cum
1266 2411 1332 2464 de
1375 2404 1699 2462 eucharistia
1746 2414 2027 2473 ageremus
2058 2398 2111 2452 in

552 2507 890 2570 Prafatione,
926 2513 1129 2574 quanta
1167 2502 1241 2559 sit
1286 2500 1546 2555 librorum
1587 2498 1662 2551 De
1694 2496 1950 2564 baptismo
1986 2504 2110 2545 cum

554 2602 676 2657 aliis
706 2600 886 2657 Basilii
913 2599 1166 2670 Operibus
1192 2595 1506 2652 similitudo.
1538 2591 1673 2646 Nam
1704 2603 1823 2659 qua:
1855 2587 2112 2657 leguntur

556 2694 612 2747 in
657 2692 837 2764 regula
878 2691 1110 2747 breviori
1160 2688 1286 2753 309,
1336 2688 1402 2742 de
1453 2686 1519 2740 iis
1549 2683 1643 2752 qui
1675 2681 1855 2734 minus
1887 2677 2005 2747 puri
2046 2674 2112 2730 ad

557 2780 937 2836 eucharistiam
972 2779 1259 2839 accedunt,
1285 2790 1348 2829 ea
1380 2772 1598 2828 uberius
1626 2780 1680 2824 et
1708 2769 1907 2824 clarius
1939 2765 2113 2837 expli-

558 2878 753 2921 cantur
776 2866 829 2921 in
860 2866 1000 2924 libro
1027 2881 1063 2919 ιι
1087 2863 1164 2918 De
1194 2863 1470 2929 baptismo,
1496 2868 1684 2931 quaest.
1708 2857 1744 2911 2
1764 2867 1814 2912 et
1829 2858 1882 2913 '5.
1913 2856 1977 2911 Et
2000 2870 2119 2924 qua:

561 2958 612 3011 in
646 2971 754 3027 reg.
784 2956 933 3012 hrev.
984 2953 1109 3020 172,
1136 2968 1199 3008 ac
1222 2950 1418 3012 Horat,
1440 2949 1532 3016 2i,
1563 2949 1628 3003 de
1648 2946 1809 3001 animi
1841 2943 2119 2999 affectione

561 3052 627 3105 ad
654 3047 1051 3119 percipiendam
1086 3043 1462 3099 eucharistiam
1491 3039 1793 3097 necessaria
1830 3038 1972 3093 dicta
2004 3036 2118 3092 fuc-

562 3146 706 3205 rant,
751 3150 937 3193 rursus
975 3134 1313 3190 illustrantur
1346 3134 1401 3188 in
1448 3132 1584 3187 libro
1630 3146 1649 3185 ι
1705 3129 1775 3183 De
1827 3128 2116 3193 baptismo,

560 3245 678 3299 cap.
714 3229 767 3286 ’5.

635 3318 803 3374 Docet
822 3317 1051 3372 Basilius
1075 3317 1125 3370 in
1156 3312 1432 3384 prooemiis
1455 3326 1575 3382 qua:
1598 3308 1889 3363 Morolibus
1917 3318 1974 3364 et
1999 3324 2120 3380 pro-

568 3410 693 3465 lixis
732 3409 954 3480 Regulis
984 3406 1231 3479 praeﬁxit,
1260 3405 1439 3461 omnia
1470 3417 1689 3475 prorsus
1726 3403 1818 3457 Dei
1858 3412 2121 3473 praecepta

568 3502 903 3572 adimplenda
950 3515 1089 3565 esse,
1125 3501 1198 3554 ita
1241 3507 1296 3553 ut
1334 3497 1378 3551 si
1424 3496 1507 3551 vel
1550 3510 1712 3549 unum
1763 3494 1992 3548 violetur
2032 3501 2124 3547 aut

569 3596 871 3659 omittatur,
918 3592 1216 3646 certissima
1274 3589 1343 3642 sit
1396 3586 1573 3642 futura
1630 3585 1926 3641 damnatio.
1982 3584 2123 3639 Idem

570 3681 890 3752 principium
938 3680 1123 3734 eodem
1172 3676 1327 3731 modo
1368 3677 1653 3744 exponitur
1688 3676 1739 3728 in
1784 3676 1922 3730 libro
1970 3690 1988 3730 ι
2052 3673 2126 3728 De

574 3772 848 3840 baptismo,
893 3784 1014 3839 cap.
1052 3768 1101 3834 1,
1137 3785 1190 3823 n.
1220 3768 1273 3833 ὅ,
1303 3775 1358 3822 et
1387 3766 1481 3821 lib.
1523 3778 1584 3828 ll,
1622 3772 1808 3833 quaest.
1850 3764 1904 3829 4,
1936 3765 1969 3817 5
1994 3771 2046 3817 et
2071 3762 2123 3818 6.

575 3864 848 3935 Praecipue
867 3878 995 3917 vero
1020 3861 1202 3915 Basilii
1232 3858 1473 3915 doctrina
1498 3857 1832 3929 agnoscitur,
1854 3870 1975 3911 cum
2001 3868 2130 3923 prae-

575 3962 810 4021 ceptum,
838 3967 944 4021 quo
969 3950 1219 4020 iubemur
1248 3962 1437 4002 omnes
1477 3948 1729 4010 actiones
1751 3949 1816 4003 ad
1846 3946 2013 4001 Deum
2046 3959 2132 3998 re-

580 4045 738 4108 ferre,
776 4042 1181 4098 commendatur
1236 4041 1287 4093 in
1327 4039 1464 4093 libro
1502 4055 1541 4104 l,
1589 4055 1645 4092 n.
1708 4036 1800 4103 25,
1837 4048 1893 4093 et
1934 4038 1985 4091 in
2031 4036 2131 4091 hac

578 4135 871 4203 quaestione
901 4133 1021 4188 libri
1050 4134 1269 4188 secundi
1293 4145 1411 4202 cap.
1440 4129 1509 4185 8:
1534 4129 1615 4183 An
1634 4138 1898 4198 acceptum
1927 4129 1992 4182 sit
2020 4126 2131 4181 Deo

577 4244 704 4296 opus
728 4225 988 4296 prtecepti,
1015 4224 1060 4278 si
1088 4240 1190 4277 non
1220 4224 1577 4277 convenienter
1606 4220 1700 4274 Dei
1732 4228 1991 4290 praecepto
2013 4219 2128 4287 ﬁat.

582 4318 692 4395 Hpc
719 4327 1044 4387 praeceptum
1068 4316 1343 4372 charitatis
1362 4314 1548 4370 eodem
1576 4313 1733 4367 modo
1758 4312 2053 4367 inculcatur
2081 4313 2131 4366 in

578 4407 760 4477 regula
808 4406 995 4462 morali
1034 4407 1120 4471 18,
1161 4420 1277 4477 cap.
1322 4407 1343 4461 1
1395 4416 1449 4461 et
1490 4404 1544 4459 2.
1600 4403 1733 4459 Vide
1772 4404 2042 4460 bomiliam
2080 4405 2131 4458 in

2208 1968 2330 2009 cere
2353 1952 2557 2015 malim,
2576 1965 2734 2019 quam
2756 1948 3021 2017 ejusmodi
3047 1945 3442 2017 suspicionibus
3466 1944 3761 2010 indulgere.

2210 2042 2351 2098 Nihil
2383 2043 2524 2097 enim
2560 2042 2613 2095 in
2644 2041 2899 2111 operibus
2928 2038 3107 2094 Basilii
3153 2038 3219 2092 ad
3254 2050 3461 2090 morum
3510 2037 3768 2088 sanctita-

2212 2140 2316 2187 tem
2348 2132 2710 2201 prazstantius,
2755 2146 2918 2201 quam
2953 2131 3057 2186 duo
3091 2128 3165 2183 De
3196 2128 3453 2196 baptismo
3483 2126 3623 2181 libri.
3658 2126 3770 2181 Nec

2212 2222 2467 2279 credibile
2495 2231 2579 2276 est
2604 2236 2747 2285 eum,
2780 2238 2808 2276 a
2844 2237 2950 2291 quo
2984 2221 3266 2291 compositi
3298 2220 3461 2273 fuisse
3485 2218 3768 2277 dicuntur.

2212 2328 2332 2367 cum
2357 2311 2410 2365 in
2439 2312 2662 2381 legendo
2695 2309 2893 2366 Basilio
2933 2311 3339 2366 accuratissime
3370 2318 3617 2363 versatus
3648 2307 3768 2360 lue-

2214 2406 2306 2469 rit,
2335 2418 2440 2458 non
2471 2418 2592 2458 eum
2624 2401 2813 2457 saltem
2860 2416 2926 2456 ex
2974 2404 3073 2457 hac
3122 2402 3348 2456 lectione
3381 2399 3609 2455 fructum
3651 2414 3773 2469 per-

2212 2496 2444 2565 cepisse,
2487 2504 2544 2549 ut
2581 2493 2824 2549 fraudem
2864 2502 2916 2548 et
2956 2492 3294 2547 mendacium
3334 2492 3554 2547 odisset.
3605 2490 3776 2546 Forte

2216 2587 2465 2651 Basilius,
2510 2587 2634 2641 dum
2679 2600 2802 2641 eum
2836 2584 3031 2654 aliquis
3069 2586 3288 2639 morbus
3314 2584 3455 2639 lecto
3494 2582 3678 2655 aﬂigit,
3712 2595 3775 2638 ut

2214 2680 2374 2735 citius
2421 2679 2487 2733 iis
2552 2677 2933 2742 satisfaceret,
2985 2690 3215 2746 quorum
3265 2682 3449 2744 rogatu
3504 2674 3777 2731 scribebat

2219 2772 2294 2843 (p.
2333 2771 2483 2843 624),
2519 2771 2811 2838 incoeptum
2842 2785 2871 2823 a
2896 2784 2957 2825 se
2984 2784 3118 2837 opus
3141 2778 3197 2825 et
3225 2769 3278 2823 in
3311 2769 3375 2824 iis
3407 2784 3527 2838 quae
3554 2770 3621 2827 ad
3652 2785 3778 2824 sen—

2220 2862 2416 2917 tentias
2460 2866 2726 2930 spectant,
2761 2858 3128 2925 informatum,
3168 2860 3327 2915 alicui
3360 2875 3428 2915 ex
3458 2861 3569 2915 suis
3598 2862 3779 2914 absol-

2218 2952 2447 3007 vendum
2493 2949 2763 3005 commisit
2805 2966 2818 3003 :
2860 2949 2930 3002 ita
2970 2957 3028 3003 ut
3071 2948 3352 3003 sententiae
3391 2950 3501 3002 sint
3547 2948 3779 3013 Basilii,

2224 3044 2386 3099 alium
2412 3042 2573 3098 verba
2605 3041 2837 3097 habeant
2861 3046 3157 3095 auctorem.
3192 3036 3508 3107 Suspectum
3538 3037 3636 3092 l‘uit
3672 3041 3779 3095 hoc

2224 3149 2360 3205 opus
2395 3132 2736 3198 Combetisio,
2783 3132 2852 3187 ob
2900 3132 3157 3188 doctrinae
3207 3130 3609 3186 similitudinem
3655 3148 3779 3187 cum

2224 3224 2477 3291 Ascetico,
2517 3225 2657 3292 quod
2687 3222 2884 3277 Basilio
2922 3222 3188 3291 abjudicat
3226 3220 3366 3275 idem
3399 3220 3779 3278 Combeﬁsius.

2225 3314 2330 3371 Sed
2364 3314 2479 3369 haec
2509 3313 2667 3378 ratio,
2703 3321 2762 3367 ut
2793 3312 3046 3367 observat
3078 3312 3474 3377 Tillemontius,
3516 3313 3567 3365 id
3600 3312 3780 3376 valet,

2222 3416 2279 3461 It
2308 3406 2507 3461 certius
2548 3403 2745 3457 Basilio
2780 3404 3143 3456 attribuantur
3176 3401 3293 3455 libri
3330 3402 3405 3456 De
3431 3404 3707 3469 baptismo.

2295 3495 2440 3549 Nihil
2494 3494 2671 3549 dicam
2722 3493 2788 3548 de
2834 3492 3071 3561 pluribus
3108 3492 3323 3562 scriptis
3366 3494 3419 3547 in
3462 3496 3786 3563 appendices

2232 3586 2362 3641 tomi
2406 3584 2563 3656 primi
2605 3592 2661 3639 et
2690 3581 2908 3638 secundi
2942 3579 3179 3648 rejectis,
3223 3583 3289 3637 de
3335 3582 3529 3652 quibus
3574 3586 3785 3640 consuli

2224 3685 2453 3748 possunt
2480 3675 2826 3747 praefationes
2853 3674 2937 3730 his
2955 3674 3113 3729 tomis
3133 3674 3381 3743 praatlm.
3412 3673 3466 3728 ln
3493 3676 3786 3745 appendice

2228 3768 2381 3838 huius
2410 3768 2553 3824 tertii
2582 3767 2708 3821 tomi
2738 3765 2998 3820 habemus
3032 3763 3225 3819 librum
3265 3762 3337 3816 De
3362 3764 3683 3832 virginitate,
3718 3766 3787 3819 de

2229 3874 2335 3928 quo
2380 3861 2589 3928 egimus
2625 3858 2678 3911 in
2710 3855 3078 3911 admonitione
3107 3855 3278 3909 eidem
3310 3854 3448 3909 libro
3483 3858 3782 3923 praemissa.

2230 3948 2625 4013 Grammaticas,
2652 3960 2773 4016 quae
2801 3944 2856 3998 in
2886 3943 3158 3998 nonnullis
3184 3944 3510 3998 editionibus
3548 3949 3648 3999 sub
3685 3946 3787 4001 Ba-

2231 4038 2336 4094 silii
2363 4038 2577 4093 nomine
2604 4034 2822 4107 prodiit,
2848 4033 2998 4089 locus
3017 4034 3071 4088 in
3096 4033 3196 4087 hac
3222 4033 3515 4087 novissima
3546 4034 3788 4090 edltione

2232 4148 2337 4189 non
2370 4134 2517 4188 visus
2540 4140 2627 4188 est
2657 4130 2995 4187 tribuendus.
3024 4126 3409 4197 Compendium
3436 4143 3557 4186 esse
3594 4131 3786 4185 exis-ti-

2232 4235 2407 4281 matur
2435 4223 2509 4294 (α)
2544 4224 2722 4293 operis
2754 4239 2785 4277 a
2812 4222 3114 4277 recentiore
3146 4221 3377 4290 quodam
3420 4220 3610 4278 Graeco
3637 4237 3787 4275 com-

2234 4313 2409 4385 positi.
2440 4310 2632 4369 Narrat
2666 4313 2933 4369 Scultetus
2971 4310 3043 4383 (b)
3077 4320 3185 4368 tres
3226 4322 3482 4368 tractatus
3509 4314 3607 4368 sub
3640 4312 3791 4369 Basi-

2232 4406 2289 4460 lii
2320 4405 2538 4460 nomine
2575 4405 2627 4459 in
2655 4402 2978 4458 bibliotheca
3009 4416 3105 4457 sua
3139 4413 3375 4467 exstare,
3404 4418 3593 4469 nempe
3626 4419 3787 4470 expo-

578 4500 766 4570 psalm.
804 4514 948 4565 xuv,
976 4513 1097 4571 pag.
1129 4497 1252 4567 160,
1288 4507 1341 4554 et
1359 4498 1803 4554 commentarium
1834 4497 1888 4549 in
1911 4494 2130 4559 Isaiam,
2164 4518 2208 4574 ι)
2236 4496 2476 4549 sitionem
2498 4503 2794 4548 sanctorum
2824 4486 3046 4545 Patrum
3080 4491 3268 4546 Basilii
3300 4500 3347 4543 et
3373 4489 3607 4559 Gregorii
3645 4494 3792 4547 theo-

578 4611 631 4647 ll.
660 4592 728 4648 39
752 4605 805 4649 et
833 4593 922 4647 51.

572 4707 574 4710 ν
646 4682 951 4749 Quinetiam
969 4693 1159 4737 auctor
1182 4681 1438 4737 librorum
1460 4681 1533 4736 De
1560 4681 1814 4748 baptismo
1832 4668 2131 4733 certissima

581 4774 762 4829 Basilii
796 4775 996 4843 scripta
1048 4774 1162 4843 ipse
1204 4771 1305 4826 sibi
1350 4772 1637 4843 adjudicat.
1672 4768 1763 4825 Sic
1798 4769 1943 4825 enim
1988 4780 2133 4837 qum-

580 4869 808 4924 stidnem
830 4868 1072 4937 quintam
1101 4865 1367 4936 proponit,
1404 4874 1579 4918 utrum
1614 4862 1763 4917 verbo
1791 4862 1997 4916 cuilibet
2031 4874 2134 4913 non

580 4960 810 5029 obsequi,
836 4960 900 5012 sit
926 4958 1126 5027 aliquid
1154 4959 1236 5009 ira
1266 4966 1311 5010 et
1344 4964 1508 5009 morte
1538 4956 1774 5023 dignum,
1802 4952 2010 5007 etiantsi
2038 4948 2141 5019 pri-

580 5045 737 5098 uatim
775 5060 874 5097 non
907 5042 1145 5114 singulis
1165 5043 1454 5110 conjunctae
1490 5045 1589 5095 sint
1614 5045 1804 5107 minor;
1838 5040 2031 5097 deinde
2059 5038 2139 5094 sic

581 5134 769 5200 incipit
794 5148 809 5185 :
833 5133 1049 5188 Dictum
1072 5134 1281 5203 quidem
1318 5143 1392 5188 est
1419 5133 1585 5202 fusius
1612 5137 1674 5185 de
1708 5136 1805 5187 hoc
1830 5141 2139 5202 argumento

582 5226 637 5279 in
687 5224 906 5293 epistola
940 5225 1013 5279 De
1033 5226 1318 5280 concordia
1338 5264 1352 5290 ,
1392 5242 1461 5279 an
1491 5224 1722 5278 videlicet
1752 5226 1900 5279 verbo
1930 5222 2141 5278 cuilibet

584 5333 685 5370 non
712 5315 944 5385 obsequi,
968 5318 1034 5370 sit
1064 5318 1265 5387 aliquid
1293 5320 1375 5371 ira
1396 5328 1442 5371 et
1475 5325 1639 5370 morte
1671 5316 1904 5385 dignum.
1936 5314 2142 5368 Iudica-

584 5420 671 5464 tur
690 5409 796 5465 hoc
823 5409 940 5464 loco
964 5411 1285 5479 procemium
1310 5408 1617 5476 Moralium,
1645 5408 1733 5462 ubi
1763 5407 1878 5462 haec
1908 5403 2139 5475 qutestio

589 5500 757 5558 fusius
791 5512 1070 5566 tractatur,
1101 5518 1201 5557 nec
1242 5504 1514 5558 immerito
1556 5504 1657 5558 hoc
1690 5502 2009 5572 prooemium
2043 5512 2137 5553 vo-

589 5600 743 5647 catur
776 5592 999 5663 epistola
1029 5592 1101 5647 De
1131 5593 1429 5645 concordia.
1470 5592 1543 5647 lbi
1575 5592 1717 5647 enim
1765 5590 2001 5648 declarat
2041 5586 2139 5643 Ba-

664 5794 739 5852 lal
761 5792 1063 5851 Tillemont.
1097 5803 1223 5849 tom.
1256 5792 1348 5857 1x,
1379 5807 1429 5859 p.
1465 5792 1588 5847 ³502.

2236 4588 2341 4657 logi
2375 4587 2439 4641 de
2467 4594 2647 4641 sancta
2678 4589 2727 4635 et
2761 4582 3051 4637 orthodoxa
3089 4583 3237 4651 ﬁde;
3277 4579 3541 4650 dialogum
3578 4596 3792 4639 sancto-

2236 4696 2354 4733 rum
2385 4676 2573 4733 Basilii
2606 4684 2652 4727 et
2698 4673 2933 4745 Gregorii
2977 4675 3040 4728 de
3085 4673 3279 4727 visione
3321 4670 3439 4739 Dei,
3474 4676 3561 4741 qui
3602 4674 3791 4729 Latino

2237 4770 2412 4824 editus
2432 4775 2515 4821 est
2543 4766 2595 4818 iu
2618 4765 2852 4820 editione
2883 4762 3176 4819 Parisiensi
3201 4764 3326 4818 anni
3353 4766 3509 4830 1603,
3538 4775 3585 4820 et
3611 4768 3793 4834 Magni

2231 4858 2415 4911 Basilii
2442 4856 2824 4909 enarrationem
2851 4856 2905 4909 in
2926 4871 2987 4909 ea
3014 4868 3127 4921 qua:
3158 4854 3210 4906 in
3246 4871 3395 4910 sacra
3432 4855 3648 4924 liturgiu
3675 4874 3794 4923 per-

2231 4956 2476 5016 aguntur.
2510 4946 2673 5000 Addit
2700 4948 2839 5002 idem
2887 4945 3156 5001 Scultetus
3190 4945 3353 5000 latere
3389 4946 3441 5000 in
3469 4945 3792 5001 bibliOtheea

2234 5039 2478 5094 Palatina
2509 5038 2831 5107 colloquium
2862 5036 3045 5093 Basilii
3080 5053 3199 5093 cum
3228 5039 3489 5108 Gregorio
3514 5038 3581 5093 de
3605 5052 3793 5095 sacer-

2238 5130 2472 5186 dotibus.

2311 5221 2435 5276 Haec
2469 5219 2725 5276 habebam
2762 5233 2880 5287 qua:
2914 5222 2978 5274 de
3013 5220 3071 5274 S.
3108 5219 3287 5273 Basilii
3326 5218 3480 5271 rebus
3526 5220 3695 5288 gestis
3739 5231 3795 5275 et

2240 5311 2455 5382 scriptis
2480 5326 2577 5382 pro
2601 5311 2870 5366 facultatis
2906 5310 3275 5365 mediocritate
3300 5310 3642 5365 dissererem.
3676 5311 3795 5379 Ono

2238 5409 2292 5462 in
2324 5418 2485 5474 opere
2516 5404 2735 5458 minime
2783 5401 2989 5469 dubito,
3020 5402 3147 5470 quin
3180 5400 3345 5457 multa
3376 5400 3516 5454 inter
3547 5410 3624 5457 tot
3658 5400 3793 5456 dit!-

2239 5498 2368 5551 ciles
2394 5496 2760 5562 obscurasque
2788 5494 3113 5561 quaestiones
3134 5532 3149 5558 ,
3194 5500 3287 5544 aut
3319 5492 3496 5545 minus
3536 5492 3759 5546 viderim
3779 5528 3793 5550 .

2240 5596 2332 5643 aut
2357 5600 2460 5640 non
2484 5627 2498 5651 ,
2530 5593 2585 5639 ut
2626 5598 2723 5653 par
2747 5597 2901 5650 erat,
2938 5583 3399 5651 pertractaverint.
3442 5581 3548 5637 Sed
3581 5596 3658 5637 ne
3679 5580 3798 5651 qui:

2329 5786 2402 5843 lbi
2441 5784 2619 5840 Theol.
2652 5794 2785 5841 oart.
2817 5797 2888 5840 tv.
2922 5797 2971 5840 ο.
3011 5780 3101 5836 26.
