4040 6454
1344 410 1405 466 D.
1444 410 1587 468 JUL.
1629 409 1957 466 GARNERII
1996 407 2379 463 PRACFATIO.

3253 424 3463 467 CLXXV“

259 521 617 592 repreheadat
646 521 786 592 quod
812 536 951 592 sarpe
981 536 1009 575 a
1042 520 1362 576 Tillemontii
1394 525 1661 578 sententia
1696 524 1802 578 dis-
1835 532 1881 588 Α
1911 523 2034 576 bras
2069 521 2344 576 effundere
2374 543 2384 574 :
2415 520 2506 575 sed
2551 520 2685 576 satis
2720 530 2837 575 erat
2865 520 3186 577 'l‘illemontii
3218 535 3464 590 premere

261 616 447 667 cedam
470 652 484 676 ,
524 621 750 667 caeteros
791 622 967 667 autem
997 612 1214 668 eritieos
1255 614 1429 668 rarius
1451 616 1609 668 citem
1637 624 1689 668 et
1722 629 1808 668 re-

258 701 464 767 fellam;
505 703 663 772 hujus
705 704 779 758 rei
812 704 995 772 paucis
1019 704 1285 758 reddenda
1319 704 1479 759 ratio.
1522 704 1811 760 Tillemon-

258 793 384 855 tius,
422 809 675 864 magnum
718 794 845 847 illud
892 795 1132 850 historia:
1167 794 1559 850 ecclesiastica:
1590 796 1764 850 lumen
1793 837 1806 859 ,

254 884 497 937 omnium
533 885 939 939 accuratissime
972 887 1038 941 de
1066 886 1221 940 rebus
1245 888 1405 955 gestis
1433 885 1611 940 Basilii
1646 888 1812 941 disse-

256 974 383 1035 ruit,
418 989 481 1026 ac
509 974 784 1029 innumera
812 974 1036 1029 aliorum
1070 984 1246 1029 errata
1276 978 1604 1029 emendavit.
1634 975 1811 1041 Quare

256 1077 471 1117 necesse
502 1078 604 1116 non
636 1064 735 1118 fuit
761 1066 922 1119 variis
950 1065 1175 1119 aliorum
1207 1065 1548 1133 opinionibus
1577 1066 1811 1121 referen-

253 1162 334 1207 (its
369 1163 424 1207 et
463 1154 783 1211 refellendis.
808 1167 1015 1227 tempus
1036 1158 1343 1221 extrahere,
1378 1172 1441 1211 ac
1471 1157 1630 1211 rebus
1664 1167 1810 1212 tene-

1912 613 2155 682 vestigia,
2178 623 2231 668 et
2253 616 2296 667 si
2328 614 2456 683 quid
2481 629 2689 668 summo
2715 614 2785 669 illi
2814 615 2929 669 viro
2949 614 3257 680 excidisset,
3281 616 3463 669 obser-

1911 719 2040 758 vare
2066 712 2119 758 et
2148 703 2456 758 emendare.
2488 703 2596 759 Nec
2621 705 2823 760 idcirco
2850 705 3078 760 eximius
3116 704 3200 759 ille
3230 706 3462 774 scriptor

1912 794 2247 848 brevioribus
2290 793 2430 848 foliis
2466 793 2760 857 ornandus,
2804 795 2944 863 quod
2993 795 3047 848 in
3091 793 3208 863 ejus
3250 794 3463 862 scriptis

1914 885 2180 939 interdum
2211 885 2431 939 macula:
2457 895 2775 953 occurrant;
2805 886 3000 955 quippe
3036 900 3158 939 cum
3191 900 3254 940 eo
3291 885 3462 939 facem

1916 977 2229 1045 prmferente
2270 991 2447 1030 nrevos
2477 974 2739 1043 ejusmodi
2770 976 3254 1046 deprehendamus,
3282 984 3338 1030 et
3368 989 3459 1029 ac-

1916 1068 2085 1135 ceptis
2104 1068 2170 1121 ab
2194 1083 2256 1121 co
2282 1068 2546 1136 prtesidiis
2567 1067 2663 1123 hos
2682 1069 2733 1122 in
2756 1069 3077 1138 antiquitate
3101 1067 3458 1129 ecclesiastica

1919 1173 2234 1229 progressus
2261 1174 2672 1229 consequamur.

323 1331 3055 1346 _________._______________,____________
3421 1331 3434 1361 ι

1420 1511 2284 1640 ΡΒΛΕΡΑΤΙΟ.

318 1966 370 2019 l.
407 1965 575 2018 Hodie
608 1966 785 2034 vigent
826 1967 1058 2023 maxime
1084 1969 1347 2026 editiones
1371 1987 1553 2039 novre;
1582 1989 1680 2029 nec
1711 1984 1798 2032 est
1826 1985 1868 2040 Β
1899 1978 2039 2041 nica,
2069 1975 2362 2043 scriptores
2398 1984 2455 2029 et
2481 1974 2653 2029 Graeci
2705 1983 2759 2027 et
2816 1972 2990 2027 Latiul
3040 1971 3239 2039 scripta
3272 1971 3454 2025 Basilii

248 2056 370 2110 fere
404 2064 587 2108 nostra
623 2065 781 2113 attate
834 2057 998 2112 ullum
1042 2058 1357 2116 litteratura:
1396 2078 1582 2133 genus,
1620 2066 1801 2137 inquo

245 2147 366 2215 plus
392 2146 630 2213 positum
659 2146 726 2200 sit
749 2161 925 2215 opera:
951 2162 1015 2204 ac
1037 2150 1194 2205 studii
1222 2151 1288 2205 ab
1316 2155 1561 2209 eruditis.
1594 2156 1703 2210 Nec
1748 2158 1800 2211 id

247 2239 443 2292 mirum
477 2239 728 2307 cuiquam
757 2242 925 2295 videri
958 2241 1135 2307 debet,
1162 2258 1282 2297 eum
1308 2245 1438 2299 nihil
1466 2245 1600 2302 forte
1630 2249 1803 2317 aptius

244 2341 337 2384 aut
384 2331 570 2383 utilius
615 2332 679 2385 ad
732 2332 870 2386 bona
899 2334 1071 2387 studia
1102 2337 1461 2403 promovenda
1512 2340 1801 2410 excogitari

244 2423 433 2489 possit.
474 2422 753 2476 Ilomiuem
807 2424 897 2491 qui
931 2425 982 2478 id
1009 2435 1186 2494 neget,
1232 2428 1463 2481 arbitror
1494 2427 1607 2483 fore
1635 2432 1805 2486 uerni-

249 2528 393 2579 netn,
434 2515 479 2568 si
513 2528 694 2568 secum
720 2514 877 2582 paulo
899 2515 1156 2568 attentius
1186 2517 1801 2588 reputaverit,primum,

245 2616 444 2671 quanta
500 2605 704 2657 utilitas
733 2618 797 2657 ex
845 2604 998 2658 novis
1047 2605 1372 2662 editionibus
1427 2610 1805 2667 aceedat:de-

254 2697 398 2762 inde,
436 2711 600 2766 quam
642 2695 937 2767 jucundum
971 2696 1043 2751 sit
1078 2697 1130 2751 in
1173 2698 1339 2755 libros
1394 2700 1462 2755 ab
1509 2702 1804 2759 innumeris

244 2790 467 2843 maculis
529 2797 849 2860 expu‘rgatos
902 2789 1157 2843 incidere.
1240 2789 1375 2846 llinc
1442 2793 1681 2860 factum,
1742 2795 1795 2847 ni

246 2880 419 2945 fallor,
448 2889 505 2931 ut
536 2880 635 2933 hoc
656 2878 960 2949 scriptionis
988 2893 1157 2947 genus
1201 2888 1308 2935 tam
1341 2882 1579 2951 impense
1620 2884 1801 2941 laude-

246 2982 328 3024 tur
350 2970 419 3025 ab
445 2969 715 3037 omnibus,
746 2971 898 3042 quasi
929 2986 1084 3027 suum
1132 2972 1359 3042 quisque
1401 2974 1637 3030 laborem
1667 2977 1799 3031 alte-

245 3062 567 3117 riuslabore
600 3063 765 3117 minui
798 3066 1047 3135 gaudeat,
1102 3065 1335 3132 velitque
1386 3068 1655 3124 studiosos
1704 3069 1804 3125 hac

243 3152 638 3207 benevolentiae
676 3154 1076 3222 significatione
1103 3154 1271 3225 magis
1286 3169 1351 3211 ac
1378 3157 1547 3228 magis
1570 3158 1639 3215 ad
1663 3159 1805 3230 ejus-

243 3244 387 3296 modi
417 3240 656 3295 studium
689 3242 935 3295 incitare.

1902 2066 2055 2134 quasi
2085 2065 2333 2122 certatim
2360 2065 2572 2135 quantis
2591 2063 2837 2120 maximis
2862 2062 3101 2118 laudibus
3129 2062 3453 2117 extulerint:

1901 2174 2128 2228 quorum
2177 2157 2479 2215 testimonia
2523 2157 2732 2211 notiora
2796 2164 2942 2221 sunt,
2996 2170 3153 2226 quam
3203 2162 3259 2209 ut
3298 2170 3361 2210 ea
3406 2156 3456 2209 in

1901 2251 2133 2305 medium
2162 2249 2403 2320 proferre
2428 2261 2644 2303 necesse
2675 2246 2762 2302 sit.

1969 2342 2021 2395 4.
2050 2342 2232 2409 Neque
2268 2356 2399 2395 vero
2430 2339 2723 2408 putandum
2756 2345 2838 2394 est
2887 2352 2978 2393 res
3008 2336 3153 2391 solas
3186 2336 3238 2389 in
3272 2335 3453 2389 Basilii

1907 2432 2122 2499 scriptis
2145 2431 2392 2486 laudari:
2430 2431 2678 2485 laudatur
2706 2439 2761 2485 et
2790 2430 2899 2499 ipsa
2937 2442 3147 2500 quoque
3182 2426 3444 2483 orationis

1904 2522 2191 2592 elegantia,
2237 2518 2495 2583 suavitas,
2562 2519 2938 2587 perspicuitas,
2988 2516 3313 2573 incredibilis
3361 2516 3441 2569 vis

1905 2613 2289 2680 persuadendi,
2335 2613 2595 2667 doctrina:
2631 2610 2932 2680 integritas,
2983 2623 3073 2662 ars
3121 2608 3345 2661 mirifica
3376 2606 3456 2660 di-

1905 2706 2061 2761 cendi
2096 2706 2213 2760 sine
2244 2707 2350 2760 ulla
2400 2706 2532 2760 artis
2558 2704 2975 2776 significatione,
3012 2717 3217 2757 summa
3264 2702 3316 2756 in
3345 2710 3454 2755 tra-

1903 2795 2113 2849 ctandis
2143 2794 2421 2864 religionis
2459 2794 2780 2849 Christiana:
2815 2794 3088 2863 mysteriis
3138 2807 3265 2847 cura
3297 2802 3456 2863 atque

1901 2883 2198 2957 diligentia,
2224 2886 2302 2940 sic
2329 2893 2387 2939 ttt
2415 2885 2549 2939 nihil
2585 2881 2667 2937 vel
2699 2897 2727 2936 a
2764 2881 3054 2937 fastidiosis
3085 2884 3136 2936 in
3160 2883 3273 2951 ejus
3304 2884 3455 2941 libris

1904 2974 2199 3031 desiderari
2225 2991 2385 3047 posse
2413 2975 2678 3031 Videatur.

1975 3067 2025 3122 5.
2056 3067 2193 3135 Quid
2239 3068 2406 3130 enim,
2434 3081 2640 3135 quaso,
2676 3065 2849 3136 expeti
2894 3072 3072 3133 potest
3119 3063 3175 3117 in
3219 3062 3455 3117 Basilio?

1905 3156 2060 3225 Nam,
2095 3167 2151 3212 ut
2180 3159 2244 3214 de
2273 3158 2523 3213 facundia
2554 3158 2765 3218 sileam,
2816 3157 2869 3210 in
2903 3155 3083 3210 Basilii
3123 3156 3342 3225 scriptis
3374 3155 3456 3208 in-

1904 3248 2089 3303 venias
2133 3263 2236 3302 non
2274 3263 2463 3317 pauca,
2497 3262 2615 3316 qua:
2643 3248 2708 3299 ad
2744 3244 3245 3313 interpretationem
3277 3259 3456 3299 sacra-

312 3334 366 3389 2.
406 3331 532 3385 Haec
586 3345 791 3384 mecum
833 3346 953 3385 cum
1007 3346 1331 3402 reputarem,
1384 3338 1522 3408 ccepi
1558 3346 1613 3394 et
1660 3314 1868 3409 ipse,c
1905 3353 2018 3392 rum
2070 3314 2467 3407 Scripturarum
2516 3314 2785 3406 spectant.
2835 3334 3045 3390 Dixisse
3098 3349 3286 3403 parum
3342 3344 3449 3401 est,

244 3426 535 3480 multorum
563 3424 828 3491 exemplo,
886 3424 951 3477 de
983 3440 1117 3480 nova
1150 3428 1328 3497 aliqua
1362 3430 1597 3487 editione
1644 3433 1801 3487 ador-

243 3520 417 3571 nanda
454 3518 717 3585 cogitare.
771 3514 867 3570 Vix
919 3526 1100 3574 autem
1154 3521 1309 3582 ntihi,
1365 3539 1485 3577 cum
1522 3524 1687 3579 semel
1728 3526 1801 3578 ita

242 3608 481 3662 animum
506 3603 835 3665 induxissem
871 3624 1068 3677 meum,
1103 3613 1169 3667 de
1198 3627 1360 3681 opere
1405 3614 1675 3685 seligemlo
1709 3617 1800 3669 de-

244 3701 472 3756 liberare
526 3695 695 3754 licuit.
740 3700 809 3755 Ea
859 3710 941 3754 est
980 3703 1122 3756 enim
1162 3704 1343 3758 Basilii
1394 3720 1618 3774 operum
1659 3704 1796 3759 fama

241 3802 402 3859 atque
441 3791 794 3857 existimatio,
825 3800 881 3846 ut
930 3792 1129 3863 impetu
1159 3794 1392 3863 quodam
1439 3796 1610 3867 magis
1638 3809 1796 3863 quam

240 3881 450 3936 delectu
480 3883 545 3935 ad
578 3897 641 3935 ea
676 3899 864 3937 rursus
894 3884 1097 3938 edenda
1141 3884 1401 3952 impulsus
1430 3886 1549 3941 sim.
1580 3886 1799 3943 Deside-

242 3972 378 4025 rium
430 3974 660 4042 augebat
713 3975 971 4043 quidquid
1024 3975 1287 4045 legebam,
1322 3978 1579 4047 quidquid
1609 3979 1795 4031 audie-

240 4064 358 4115 bam
390 4063 458 4117 de
482 4064 679 4119 Basilio
714 4064 922 4134 Magno.
974 4063 1212 4118 Mirabar
1247 4080 1366 4119 eum
1417 4066 1498 4121 vel
1540 4080 1797 4133 praeman-

240 4155 462 4208 tissimis
490 4153 711 4210 Graecia:
746 4156 1052 4210 oratoribus
1076 4157 1343 4222 anteponi.
1370 4156 1579 4218 Pericli,
1604 4155 1794 4225 Lysim,

239 4242 484 4308 lsocrati,
536 4242 831 4308 Phalereo,
874 4244 1239 4301 Demostheni.
1288 4243 1355 4298 Et
1404 4254 1549 4299 certe
1602 4244 1797 4299 Basilio

238 4344 445 4400 nostro,
482 4350 606 4388 cum
650 4334 766 4403 ejus
815 4337 1010 4406 scripta
1054 4336 1122 4390 ad
1176 4345 1422 4406 posteros
1480 4337 1795 4391 transmissa

236 4434 383 4489 sunt,
417 4425 619 4494 optime
669 4426 973 4480 consultum
1029 4426 1199 4481 fuisse
1231 4425 1483 4481 arbitror.
1535 4426 1613 4480 Ea
1651 4428 1793 4481 enim

238 4518 400 4571 tantis
433 4518 677 4572 laudibus
700 4516 1003 4572 extulerant
1033 4531 1099 4571 ex
1161 4518 1398 4587 antiquis
1433 4519 1698 4583 nonnulli,
1737 4529 1793 4573 ut

1904 3430 2203 3484 traditionis
2252 3430 2580 3484 monimenta
2610 3437 2665 3483 et
2706 3430 2870 3482 multa
2911 3438 2966 3483 et
3014 3425 3245 3497 insignia
3296 3427 3435 3495 apud

1907 3522 2161 3576 Basilium
2197 3530 2451 3577 exstare:
2490 3520 2594 3576 dici
2648 3530 2824 3590 potest
2858 3521 3038 3575 verius
3062 3559 3077 3583 ,
3124 3522 3269 3574 hunc
3314 3533 3453 3573 sum-

1901 3630 2043 3669 mum
2077 3614 2246 3669 virum
2280 3614 2591 3668 traditionis
2622 3613 2995 3665 auctoritatem
3043 3609 3309 3678 prmcipue
3334 3617 3445 3663 sta-

1901 3704 2301 3767 bilivisse,cum
2332 3719 2448 3759 eam
2505 3703 2772 3758 haereticis
2816 3710 3063 3765 tanquam
3113 3698 3450 3766 inexpugna-

1900 3794 2057 3851 bilem
2086 3811 2297 3847 murum
2331 3808 2543 3861 semper
2583 3791 2850 3859 opposuit.
2896 3790 3064 3854 Quam
3107 3786 3270 3841 multa
3302 3797 3445 3850 sunt,

1899 3900 2017 3956 quae
2054 3884 2335 3938 historiam
2364 3893 2660 3950 temporum
2703 3881 2919 3934 illorum
2966 3879 3266 3933 illustrant!
3309 3878 3451 3944 Quot

1900 3982 1988 4024 aut
2032 3969 2428 4025 Catholicorum
2476 3980 2568 4025 aut
2598 3970 2976 4026 hatreticorum
3029 3970 3170 4024 facta
3208 3968 3447 4022 tenebris

1897 4063 2082 4116 obruta
2110 4060 2410 4129 latitarent,
2456 4062 2501 4117 si
2538 4062 2765 4117 Basilius
2802 4076 2864 4115 ea
2920 4060 3113 4114 litteris
3139 4074 3239 4112 non
3267 4056 3447 4127 prodi-

1901 4152 2097 4207 disset!
2129 4149 2220 4206 llle
2264 4162 2345 4208 est
2370 4153 2658 4207 acerrimus
2689 4152 2796 4205 veri
2830 4150 3103 4215 defensor,
3139 4148 3228 4218 qui
3269 4148 3446 4203 varios

1897 4241 2137 4307 Sabellii,
2187 4242 2323 4305 Arii,
2378 4240 2692 4305 Macedonii,
2752 4241 3033 4305 Eunomii,
3094 4240 3443 4309 Apullinarii,

1896 4343 1949 4389 et
1973 4334 2202 4389 aliorum
2228 4341 2489 4401 quotquot
2522 4331 2782 4387 hactenus
2825 4333 3039 4386 fuerant
3066 4330 3442 4386 haereticorum

1896 4436 2115 4477 errores
2143 4432 2204 4476 ut
2235 4421 2583 4477 invictissime
2617 4421 2922 4483 confutavit,
2956 4420 3023 4473 ita
3048 4421 3445 4477 evidentissime

1895 4511 2291 4567 Catholicorum
2320 4512 2569 4581 dogmata
2600 4511 2879 4567 stabilivit.
2921 4510 3102 4579 Neque
3148 4524 3277 4564 vero
3310 4513 3442 4565 stri-

234 4610 380 4667 credi
425 4612 724 4680 potuissent
757 4612 970 4667 modum
1015 4625 1227 4666 omnem
1276 4611 1556 4675 excedere,
1604 4620 1658 4664 et
1688 4610 1792 4664 fide
1823 4644 1865 4696 Β
1895 4607 2024 4661 clim
2071 4615 2165 4661 aut
2216 4604 2445 4659 obscure
2475 4605 2539 4658 de
2584 4603 2744 4656 rebus
2794 4601 3059 4670 loquitur:
3102 4602 3192 4655 sed
3222 4600 3340 4657 fuse
3390 4614 3445 4657 et

232 4702 441 4768 majora
497 4701 791 4768 praedicare
819 4718 832 4755 :
875 4701 968 4755 sed
1002 4702 1144 4769 quod
1172 4714 1201 4752 a
1237 4700 1339 4753 fide
1387 4701 1681 4755 abhorrere
1709 4700 1789 4753 vi-

232 4793 346 4847 deri
376 4799 609 4861 poterat,
641 4790 692 4844 id
741 4790 1049 4846 lectitandis
1074 4789 1250 4845 Patris
1282 4790 1586 4861 gravissimi
1616 4790 1785 4855 libris,

228 4887 283 4931 et
312 4878 654 4932 verissimum
676 4891 818 4943 esse,
848 4887 902 4933 et
941 4877 1007 4931 ab
1044 4879 1189 4932 omni
1233 4878 1542 4933 adulatione
1566 4879 1783 4934 alienis—

229 4968 451 5033 simum,
476 4969 588 5022 suis
612 4967 841 5036 quisque
872 4969 1043 5023 oculis
1069 4970 1263 5024 cernit.

299 5058 354 5112 5.
385 5057 452 5111 Et
478 5056 622 5111 aliud
652 5057 718 5111 ad
750 5058 885 5113 hanc
916 5059 1243 5121 provinciam
1275 5056 1669 5125 suscipiendam
1690 5070 1779 5113 me.

233 5148 427 5212 movit,
465 5148 796 5216 exspectatio
819 5148 1171 5201 eruditorum.
1207 5144 1316 5198 Nec
1365 5145 1633 5199 immerito
1654 5157 1783 5201 sane

230 5251 366 5289 nova
393 5236 578 5291 Basilii
618 5252 838 5306 operum
863 5238 1028 5291 editio
1070 5246 1177 5289 tam
1208 5236 1366 5291 avide
1409 5252 1438 5289 a
1481 5237 1655 5295 doctis
1684 5256 1780 5295 ex—

226 5336 521 5397 spectatur.
553 5328 777 5381 Constat
823 5326 983 5389 enim,
1042 5340 1378 5397 quaecunque
1430 5331 1664 5387 maxime
1718 5337 1782 5387 ad

226 5430 507 5471 sacrarum
542 5417 843 5469 litterarum
897 5415 1133 5470 studium
1183 5420 1477 5488 pertinent,
1515 5422 1780 5492 dogmata,

224 5511 425 5569 etbica.
463 5508 703 5573 traditio,
755 5506 1001 5575 historia,
1048 5511 1355 5583 disciplina,
1388 5529 1573 5570 eorum
1614 5517 1784 5570 scien-

228 5602 353 5651 tiam
392 5612 497 5652 non
547 5596 763 5654 aliunde
813 5602 989 5672 potius
1037 5618 1199 5672 quam
1253 5620 1283 5660 e
1336 5604 1521 5661 Basilii
1570 5608 1783 5676 scriptis

228 5688 450 5741 hauriri.
504 5686 569 5742 Et
602 5688 737 5742 hanc
766 5690 934 5760 ipsam
983 5709 1104 5749 esse
1134 5709 1353 5750 causam
1398 5698 1654 5761 arbitror,
1688 5713 1784 5751 cur

227 5782 529 5847 gravissimi
579 5782 831 5839 Ecclesiae
883 5786 1092 5850 Patres.
1147 5787 1261 5857 ipsa
1295 5787 1523 5845 concilia
1552 5802 1782 5845 cacume-

1900 4696 2155 4751 distincte
2209 4694 2262 4746 in
2316 4695 2427 4747 suis
2476 4691 2715 4761 epistolis
2755 4691 3032 4758 antiquum
3078 4690 3441 4745 Ecclesiarutu

1893 4794 2089 4841 statum
2118 4784 2271 4851 quasi
2300 4786 2367 4837 ob
2404 4782 2588 4837 oculos
2624 4783 2795 4851 ponit,
2830 4782 2908 4837 sic
2940 4792 2998 4835 ut
3028 4797 3113 4836 res
3139 4784 3282 4853 ipsas
3323 4799 3443 4839 cer-

1894 4890 2041 4937 nere,
2068 4890 2173 4927 non
2208 4875 2405 4945 legere,
2440 4874 2650 4929 credas.
2683 4872 2834 4927 Nunc
2858 4882 3035 4927 autem
3064 4874 3129 4927 de
3156 4874 3439 4945 disciplina

1892 4965 2251 5021 ecclesiastica
2296 4966 2427 5039 quid
2454 4966 2649 5021 attinet
2697 4965 2899 5029 dicere,
2937 4980 3058 5019 cum
3093 4980 3249 5019 nemo
3278 4966 3438 5034 paulo

1891 5057 2170 5113 humanior
2208 5058 2418 5129 ignoret
2473 5066 2733 5128 quantum
2781 5056 2885 5109 ista
2922 5056 3157 5111 scientiae
3186 5056 3443 5112 ecclesia-

1890 5150 2042 5205 sticae
2092 5165 2217 5219 pars
2264 5150 2457 5204 debeat
2482 5148 2715 5203 Basilio?
2763 5148 3002 5214 Denique
3051 5149 3094 5202 si
3148 5149 3268 5217 quis
3314 5148 3442 5203 velit

1885 5256 2091 5296 morum
2110 5240 2387 5296 scientiam
2410 5253 2749 5309 comparare,
2766 5246 2859 5292 aut
2880 5238 3003 5291 vita:
3027 5239 3273 5293 ascetica:
3289 5237 3443 5294 insti-

1885 5344 1995 5388 tuta
2022 5334 2250 5398 discere,
2277 5332 2323 5388 is
2346 5332 2623 5387 volvendis
2652 5332 2783 5385 tanti
2814 5329 3055 5399 magistri
3086 5330 3263 5394 libris,
3296 5332 3439 5401 quod

1884 5425 2047 5495 cupit,
2081 5424 2227 5479 brevi
2264 5433 2646 5494 consequetur.

1953 5514 2004 5567 6.
2032 5512 2303 5570 Hactenus
2336 5516 2401 5569 de
2444 5514 2626 5569 Basilii
2665 5528 2886 5585 operum
2920 5516 3267 5585 praestantia:
3301 5529 3440 5569 nunc

1889 5606 1955 5659 de
1997 5606 2308 5662 eorumdem
2359 5606 2690 5663 editionibus
2714 5608 3055 5661 disseramus.
3087 5607 3287 5671 Editio,
3319 5622 3439 5675 qua:

1888 5700 2126 5752 omnium
2172 5701 2343 5769 prima
2393 5709 2629 5769 putatur,
2684 5712 2879 5754 excusa
2931 5705 3012 5748 est
3042 5694 3262 5750 Basileae
3299 5700 3437 5767 apud

1892 5790 2273 5857 Hieronymum
2309 5791 2517 5847 Froben
2550 5807 2690 5846 anno
2746 5786 2900 5841 1532.
2942 5783 2995 5838 ln
3052 5786 3148 5841 hac
3205 5788 3439 5843 editione
