4040 6438
560 394 800 437 ωινιιι

1891 378 2397 435 PROLEGOMENA
2408 418 2422 433 .

564 497 751 555 Graece
774 497 1119 551 inveniuntur
1153 512 1314 567 opera
1365 511 1483 566 qua:
1527 506 1847 566 sequuntur,
1888 498 2119 553 homilia:
2147 503 2192 558 Α
2222 498 2261 549 Α
2289 511 2395 565 quo
2426 497 2535 549 haec
2580 497 2823 563 accipere
2862 495 3097 566 potuerit
3137 494 3203 558 is,
3241 508 3399 565 quem
3442 494 3601 547 modo
3643 490 3779 555 dixi,

563 589 619 642 in
657 586 1020 641 Hexaemeron
1048 588 1181 641 etin
1229 587 1490 647 Psalmos,
1522 587 1640 639 alia
1673 585 1743 640 29
1779 585 2007 639 homilia:
2054 586 2120 639 de

563 679 791 735 diversis
817 682 1167 750 argumentis,
1209 680 1348 733 liber
1373 679 1447 732 De
1488 678 1697 744 Spiritu
1726 687 1906 731 sancto
1926 718 1942 734 .
1996 693 2115 730 cum

561 773 802 841 epistolis
859 772 1150 827 nonnullis.
1208 770 1372 826 Przeit
1418 772 1502 826 bis
1554 772 1808 826 omnibus
1862 770 2117 839 prmclara

561 864 805 933 praefatio
833 863 1063 917 Erasmi.
1117 861 1271 917 Hanc
1301 862 1617 926 editionem,
1656 876 1778 914 cum
1816 876 1983 930 opera
2019 858 2119 912 Ba-

560 955 665 1008 silii
691 956 1327 1023 interpretarer,semper
1352 956 1420 1006 ob
1441 954 1624 1007 oculos
1654 952 1835 1016 habui,
1862 967 1924 1005 ex
1950 964 2119 1018 eaque

560 1047 812 1101 adnotavi
864 1049 1042 1101 varias
1104 1048 1364 1101 lectiones
1412 1059 1513 1098 non
1564 1060 1763 1114 paucas
1809 1062 1821 1096 :
1875 1058 2009 1111 quas
2063 1047 2117 1097 in

560 1154 699 1193 nova
743 1140 925 1194 videre
952 1140 1145 1208 cuique
1178 1137 1379 1192 licebit.
1411 1135 1575 1190 Paulo
1631 1146 1750 1201 post
1805 1135 1907 1189 alia
1954 1136 2118 1190 editio

556 1232 741 1287 Graece
764 1246 978 1300 quoque
1012 1230 1253 1284 Venetiis
1279 1229 1477 1298 prodiit
1510 1244 1574 1282 ex
1608 1227 1820 1281 ollicina
1856 1227 2115 1295 Stephani

557 1323 701 1377 Sabii
750 1339 890 1377 anno
928 1321 1083 1377 1555.
1143 1320 1401 1389 Reperias
1451 1322 1503 1373 in
1536 1321 1635 1373 hac
1670 1319 1944 1381 editione,
1997 1333 2116 1387 qua:

555 1423 876 1482 sequuntur:
897 1413 1134 1466 Ascetica
1156 1412 1466 1481 Ethicaque,
1490 1410 1682 1463 librum
1698 1409 1773 1461 De
1796 1409 2115 1477 virginitate,

553 1505 763 1574 priores
795 1515 902 1557 tres
931 1505 983 1557 in
1011 1502 1328 1556 Eunomium
1370 1501 1557 1561 libros.
1586 1499 1803 1553 brevem
1829 1503 2115 1567 quemdam

555 1606 840 1649 tractatum
868 1606 1052 1648 contra
1086 1593 1413 1646 Sabellianos
1455 1602 1502 1645 et
1530 1591 1716 1643 Arium
1747 1600 1793 1643 et
1818 1590 2113 1644 Ariamazes.

553 1686 620 1739 Et
667 1687 765 1741 hac
810 1700 1024 1755 quoque
1073 1685 1311 1739 editione
1366 1700 1495 1738 usus
1529 1699 1646 1737 sum
1691 1684 1862 1737 instar
1907 1683 2112 1751 antiqui

553 1777 829 1846 cujusdam
876 1776 995 1829 libri
1026 1776 1232 1830 calamo
1261 1776 1427 1829 notati
1456 1792 1468 1826 :
1502 1776 1553 1829 in
1599 1791 1699 1842 qua
1743 1775 1999 1844 quidquid
2029 1776 2111 1829 di-

553 1866 696 1921 versi
729 1866 924 1935 reperi,
960 1867 1009 1919 id
1051 1882 1135 1921 me
1157 1882 1260 1919 non
1298 1867 1469 1935 piguit
1512 1865 1654 1919 inter
1682 1863 1815 1918 alias
1838 1866 2111 1921 variantes

551 1957 811 2013 lectiones
866 1967 1072 2011 notare.
1119 1956 1276 2010 Anno
1318 1956 1449 2010 1551
1514 1955 1722 2026 vulgata
1765 1966 1847 2011 est
1888 1955 2112 2011 Basilctc

551 2050 653 2105 alia
693 2049 856 2105 editio
908 2049 1094 2105 Graeca
1151 2045 1317 2103 multo
1366 2050 1573 2104 auctior
1623 2065 1747 2103 cum
1797 2048 2112 2118 praefatione

549 2142 733 2197 Grzeca
759 2140 877 2196 Iani
910 2142 1153 2197 Cornarii
1184 2144 1251 2197 ad
1291 2140 1489 2198 Julium
1514 2141 1970 2211 Numbergensem
2001 2142 2113 2210 epi-

550 2212 791 2301 scopum.
831 2232 952 2287 Haec
985 2232 1148 2289 editio
1181 2232 1563 2299 complectitur
1610 2247 1730 2301 qua:
1783 2231 2111 2303 subjungun-

551 2338 675 2388 tur.
725 2326 970 2382 undecim
1017 2325 1265 2380 homilias
1308 2326 1366 2377 in
1428 2324 1830 2383 Hexaemeron:
1860 2327 2110 2381 homilias

549 2420 732 2472 decem
769 2430 823 2472 et
858 2427 1060 2487 septem
1108 2420 1163 2471 in
1205 2416 1479 2473 Psalmos:
1516 2418 1767 2473 homilias
1811 2418 1883 2473 29
1920 2419 1983 2473 de
2024 2419 2107 2473 di-

550 2509 724 2564 versis
756 2509 1089 2579 argumentis
1118 2525 1132 2563 :
1169 2509 1363 2563 librum
1397 2509 1472 2563 De
1502 2508 1705 2576 Spiritu
1729 2520 1909 2563 sancto
1941 2528 1960 2566 :
1992 2512 2107 2578 epi-

547 2600 715 2654 stolas
750 2600 929 2655 Basilii
984 2609 1039 2655 et
1088 2600 1333 2670 Gregorii
1391 2600 1720 2654 Nazianzeui
1764 2601 1865 2655 180
1897 2619 1911 2655 :
1938 2602 2108 2672 ἀσκη-

546 2693 712 2746 τικῶν
741 2691 929 2759 λόγους
956 2704 1198 2759 septem:
1234 2693 1447 2743 brevem
1477 2699 1763 2744 tractatnm
1794 2692 1868 2744 De
1900 2694 2105 2760 judicio

553 2784 686 2837 Dei:
715 2783 875 2835 alium
910 2781 984 2835 De
1035 2781 1138 2849 ﬁde
1181 2797 1199 2835 :
1229 2780 1429 2849 ἠθικῶν
1486 2782 1644 2852 ὅρους
1678 2780 1745 2835 80
1777 2801 1789 2835 :
1828 2784 2107 2855 ἐρωτημά-

547 2886 654 2923 των
704 2868 1013 2939 ἀσκητικῶν
1052 2867 1193 2922 κατὰ
1247 2868 1443 2931 πλάτος
1493 2871 1649 2939 ὅρους
1676 2871 1743 2925 55
1776 2890 1788 2924 :
1825 2874 2107 2943 ἐρωτημά-

544 2977 653 3015 των
682 2960 991 3031 ἀσκητικιῖΝ
1016 2960 1137 3013 κατ’
1168 2957 1431 3029 ἐπιτομὴν
1477 2958 1634 3028 ὅρους
1676 2957 1815 3012 5152
1854 2960 2105 3029 ἐπιτίμια

546 3054 790 3120 quaedam
814 3070 825 3105 :
846 3051 1264 3105 Constitutiones
1290 3050 1550 3105 asceticas
1570 3048 1640 3104 54
1668 3066 1683 3103 :
1723 3048 2013 3118 Epistulam
2039 3050 2104 3102 ad

2223 589 2304 640 vir
2326 586 2657 641 clarissimus
2686 588 2935 657 idemque
2974 586 3341 649 doctissimus,
3389 585 3608 650 nescio;
3653 598 3778 638 cum

2218 696 2337 751 ego,
2380 680 2492 747 qui,
2536 681 2579 733 si
2624 680 2693 732 ita
2727 691 2890 744 esset,
2930 681 2982 735 id
3027 682 3274 749 ignorare
3321 679 3408 732 vix
3447 679 3778 747 potuissem,

2220 770 2354 822 nihil
2388 778 2564 822 tamen
2593 768 2659 822 de
2686 769 2786 822 bac
2824 769 3148 839 praefectura
3173 783 3408 836 unquam
3453 766 3719 820 audierim
3752 783 3766 819 :

2217 862 2311 915 sed
2368 861 2481 914 scio
2528 870 2824 928 testorque,
2862 877 2927 915 ne
2968 878 3127 915 unam
3153 861 3370 930 quidem
3424 858 3713 911 litterulam
3745 873 3778 912 e

2216 951 2428 1004 schedis
2454 950 2643 1019 Lopini
2664 953 2831 1005 nostri
2863 954 2928 1006 ad
2960 968 3043 1006 me
3077 952 3406 1021 pervenisse.
3440 949 3778 1004 Monebimus

2216 1044 2371 1108 quasi
2414 1050 2822 1111 praetereuntes,
2860 1058 3043 1097 rursus
3077 1044 3319 1098 edituros
3352 1057 3450 1095 nos
3486 1043 3552 1095 ad
3594 1041 3776 1109 operis

2215 1134 2417 1186 calcem
2450 1134 2751 1201 przecipuas
2783 1133 3122 1202 antiquarum
3176 1135 3472 1189 editionum
3502 1132 3778 1201 praefatio-

2216 1240 2332 1278 nes.
2361 1224 2434 1277 Ita
2462 1225 2604 1278 enim
2632 1225 2858 1277 eruditis
2889 1224 3100 1293 placere
3130 1227 3304 1291 video,
3350 1226 3438 1294 qui
3473 1226 3775 1294 priscarum

2214 1316 2506 1370 editionum
2542 1316 2887 1385 praefationes
2915 1332 3107 1385 magno
3133 1318 3438 1373 litterarum
3472 1320 3669 1372 damno
3717 1318 3774 1371 in

2214 1407 2587 1461 novis‘deesse
2612 1416 3035 1476 conqueruntur.

2284 1497 2334 1549 7.
2384 1496 2605 1551 Lutetize
2653 1496 2978 1552 Parisiorum
3028 1496 3166 1550 intra
3218 1513 3419 1564 paucos
3464 1513 3635 1553 annos
3688 1499 3775 1554 bis

2215 1587 2355 1641 edita
2384 1598 2503 1641 sunt
2532 1588 2704 1656 Opera
2735 1588 2953 1655 Basilii,
3000 1604 3140 1643 anno
3172 1590 3306 1645 1618
3327 1632 3341 1655 ,
3390 1592 3527 1659 apud
3564 1592 3773 1646 Micha-

2214 1678 2349 1733 elem
2377 1679 2674 1747 Scrinium;
2719 1690 2773 1736 et
2807 1696 2948 1735 anno
2974 1680 3108 1737 16ὄὸ
3130 1722 3144 1747 ,
3196 1686 3333 1750 apud
3362 1684 3631 1755 Egidium
3662 1685 3775 1739 Mo-

2216 1774 2425 1829 rellum.
2455 1772 2721 1844 Quidquid
2741 1777 2793 1830 in
2819 1778 2942 1842 hac,
2968 1790 3126 1830 omne
3156 1775 3208 1829 id
3233 1775 3285 1828 in
3317 1776 3405 1828 illa
3428 1779 3771 1840 continetur;

2146 1842 2186 1897 Β
2214 1882 2313 1921 nec
2341 1882 2446 1920 una
2474 1866 2640 1920 altera
2668 1878 2753 1923 est
2780 1870 3008 1924 auctior.
3040 1878 3131 1922 aut
3162 1868 3436 1921 minutior.
3464 1868 3663 1924 Eadem
3690 1878 3777 1921 est

2210 1956 2452 2026 przefatio
2478 1958 2914 2027 bibliopolarum,
2937 1960 3109 2013 'iidem
3148 1960 3521 2012 commentarii
3549 1961 3599 2011 in
3626 1959 3776 2013 Scri-

2208 2059 2442 2118 pturam,
2496 2051 2730 2106 homilire
2786 2053 2852 2105 de
2904 2052 3131 2109 diversis
3182 2052 3513 2123 argumentis
3548 2052 3775 2113 eaedem,

2211 2138 2371 2192 iidem
2399 2140 2541 2205 libri,
2575 2140 2711 2195 idem
2742 2156 2996 2196 numerus
3027 2143 3416 2213 epistolarum;
3448 2155 3554 2194 uno
3582 2140 3774 2205 verbo,

2211 2229 2255 2282 si
2303 2232 2536 2298 excipias
2579 2233 2820 2287 ordinem
2881 2250 2986 2303 quo
3049 2250 3136 2290 res
3189 2236 3579 2306 disponuntur,
3622 2235 3775 2304 paria

2209 2321 2385 2373 omnia
2413 2338 2426 2374 :
2459 2322 2596 2388 quod
2623 2338 2743 2375 cum
2788 2340 2891 2378 non
2924 2327 3287 2383 advertissent
3318 2328 3559 2383 nonnulli
3590 2366 3606 2392 ,
3636 2326 3777 2381 falso

2208 2420 2263 2464 et
2294 2411 2471 2479 inepte
2519 2410 2850 2465 allirmarunt
2885 2417 3135 2482 epistolas
3165 2419 3323 2489 longe
3375 2419 3554 2488 plures
3587 2418 3639 2472 in
3681 2432 3780 2485 po-

2208 2504 2424 2559 steriori
2454 2504 2690 2558 editione
2734 2506 3024 2561 contineri.
3074 2508 3322 2563 Editione
3350 2511 3518 2579 priori
3555 2526 3778 2581 semper

2208 2598 2289 2651 Isi
2317 2612 2522 2663 sumus,
2559 2612 2676 2667 quae
2707 2597 2877 2650 altera
2913 2599 3225 2667 castigatior
3244 2610 3327 2653 est
3347 2611 3400 2654 et
3424 2603 3774 2655 accuratior:

2206 2700 2259 2745 et
2290 2691 2500 2759 quoties
2540 2690 2859 2761 simpliciter
2893 2693 3130 2746 citantur
3162 2691 3324 2753 editi,
3355 2691 3408 2744 id
3442 2700 3654 2759 oportet
3683 2707 3778 2745 ac-

2206 2782 2307 2849 cipi
2341 2783 2406 2835 de
2436 2783 2601 2851 priori
2628 2784 2883 2837 editione.
2926 2781 3303 2852 lnterpretatio
3346 2797 3465 2851 qua:
3493 2797 3523 2835 e
3549 2783 3777 2849 regione

2206 2874 2530 2943 exemplaris
2560 2876 2730 2929 Grazci
2762 2877 2975 2945 legitur,
3005 2891 3108 2927 non
3140 2875 3296 2927 unius
3325 2884 3401 2927 est
3434 2873 3769 2941 interpretis,

2211 2965 2304 3017 sed
2328 2965 2638 3029 multorum,
2666 2964 2886 3019 Joannis
2908 2966 3246 3037 Argyropyli,
3293 2962 3772 3035 Raphaeiis/Vola-

2210 3056 2433 3119 tcrrani,
2473 3056 2701 3117 Erasmi,
2753 3056 2995 3110 Godfridi
3041 3057 3310 3111 Tilmanni
3357 3058 3448 3127 qui
3502 3071 3609 3111 non
3649 3072 3777 3111 raro

547 3139 824 3194 Chilonem
853 3157 865 3191 :
892 3141 1050 3193 aliam
1078 3142 1141 3193 ad
1163 3140 1480 3193 monachum
1508 3140 1714 3209 lapsum
1741 3156 1754 3191 :
1783 3138 1949 3193 libros
1970 3140 2103 3193 duos
2132 3172 2173 3228 ο
2211 3143 2452 3212 vulgatos
2483 3143 2951 3210 interpretationes
2984 3147 3313 3212 recognovit,
3346 3161 3618 3215 novasque
3647 3161 3775 3199 con-

552 3228 627 3281 De
670 3230 965 3296 baptismo:
1006 3228 1242 3281 libellum
1292 3228 1427 3299 Περὶ
1467 3229 1559 3281 τοῦ
1611 3228 1975 3296 αὐτεξουσίου,
2026 3228 2101 3282 De

545 3318 712 3374 libere
738 3319 988 3373 arbitria:
1008 3320 1203 3374 librum
1237 3320 1309 3374 De
1326 3322 1624 3389 virginitate
1647 3339 1665 3375 :
1698 3338 1999 3377 sermonem
2028 3324 2101 3377 De

542 3407 826 3475 paradiso:
858 3407 1022 3461 libros
1056 3408 1291 3475 quinque
1327 3411 1575 3462 adversus
1617 3409 1955 3465 Ennomium.
1998 3412 2102 3467 Be—

549 3499 727 3566 perire
746 3507 829 3551 est
858 3498 908 3549 in
930 3497 1275 3551 bibliothecis
1323 3497 1479 3566 longe
1510 3500 1690 3568 plures
1721 3504 1981 3558 editiones
2005 3502 2106 3557 La-

552 3589 691 3643 tinas
722 3606 736 3641 :
771 3604 905 3657 quas
948 3590 1044 3643 abs
1084 3604 1142 3643 re
1192 3604 1296 3643 non
1342 3589 1505 3642 fuerit
1549 3592 1649 3645 hoc
1689 3593 1804 3645 loco
1846 3596 2103 3651 indicare.

547 3681 720 3736 Paris.
763 3681 920 3744 1525,
958 3681 1076 3745 fol.,
1108 3682 1247 3750 apud
1294 3681 1642 3736 Ascensinm.
1679 3682 1912 3739 Colonia:
1946 3687 2105 3749 1351,

550 3774 670 3838 fol.,
696 3774 833 3841 apud
878 3773 1285 3830 Cervicoruum.
1322 3774 1485 3829 Basil.
1531 3772 1689 3837 15m,
1727 3774 1865 3841 apud
1915 3774 2110 3829 lic-rva-

550 3865 738 3932 gium,
785 3880 905 3917 cum
961 3866 1270 3933 praefatione
1315 3865 1618 3937 Wolfgangi
1686 3865 1943 3928 Musculi,
2013 3868 2103 3921 fol.

551 3958 709 4011 Basil.
740 3956 897 4025 1552,
916 3957 1093 4011 studio
1125 3967 1179 4012 et
1197 3974 1359 4027 opera
1387 3957 1789 4025 JaniCornarii,
1824 3958 1913 4014 ful.
1943 3959 2106 4015 Basil.

550 4050 711 4114 1565,
751 4050 868 4118 fol.,
904 4051 1045 4120 apud
1090 4049 1250 4105 Joan.
1292 4048 1607 4119 Oporinum.
1639 4052 1808 4107 Paris.
1855 4053 2103 4109 Godfridi

549 4143 838 4201 Tilmanni.
876 4142 1031 4205 1566,
1068 4142 1186 4209 fol.,
1219 4144 1357 4213 apud
1401 4142 1715 4198 Michaelam
1750 4143 2008 4209 Guillard,
2038 4147 2107 4198 vi-

548 4234 705 4287 duam
725 4230 994 4289 Guillelmi
1028 4235 1285 4305 Desboys.
1318 4234 1580 4304 Antuerp.
1627 4232 1782 4295 1568,
1813 4232 1931 4297 fol.,
1968 4236 2105 4302 apud

548 4324 850 4395 Philippum
881 4326 1121 4379 Nutium.
1155 4326 1331 4380 Paris.
1374 4325 1533 4390 1571,
1560 4325 1678 4389 fol.,
1708 4325 1846 4394 apud
1890 4324 2101 4380 Sebast.

547 4418 874 4473 Nivellium:
909 4435 1067 4487 quam
1101 4419 1396 4474 editionem
1429 4419 1603 4473 secuti
1649 4428 1775 4474 sunt
1814 4418 1905 4485 qui
1943 4432 2103 4488 opera

2211 3235 2412 3299 texuit,
2453 3234 2722 3287 Ambrosii
2774 3232 3238 3297 Camaldulensis,
3306 3236 3521 3307 Georgii
3570 3236 3777 3307 Trape-

2208 3326 2373 3379 zuntii
2400 3366 2413 3387 ,
2452 3324 2678 3378 Fumani
2703 3365 2717 3389 ,
2746 3323 3062 3377 Montacutii
3089 3333 3143 3377 et
3177 3324 3403 3377 aliorum
3430 3364 3444 3388 ,
3490 3342 3624 3388 quos
3658 3328 3775 3380 lon-

2206 3432 2329 3486 gum
2372 3426 2515 3471 esset
2549 3432 2837 3471 recensere
2875 3432 3064 3470 omnes
3092 3416 3190 3487 (a).
3246 3416 3321 3469 De
3349 3415 3483 3470 Jano
3512 3416 3778 3473 Cornario

2208 3524 2329 3562 mox
2370 3510 2567 3563 dicam.
2622 3507 2875 3578 Vulgatas
2914 3508 3033 3562 illas
3085 3517 3161 3562 tot
3200 3508 3475 3563 hominum
3508 3508 3779 3575 interpre-

2207 3603 2436 3655 tationes
2467 3602 2585 3670 plus
2636 3603 2815 3655 minus
2859 3616 3046 3656 omnes
3088 3602 3231 3654 vitiis
3262 3599 3650 3675 propemodum
3689 3601 3776 3652 in-

2206 3689 2443 3741 numeris
2494 3689 2759 3753 laborare,
2813 3689 2925 3757 jam
2963 3690 3051 3741 alii
3089 3700 3365 3744 notarunt.
3416 3688 3482 3742 Et
3509 3705 3639 3744 vero
3675 3704 3780 3744 sae—

2206 3780 2325 3845 pius
2353 3780 2603 3830 aberrant
2630 3794 2659 3831 a
2684 3778 2911 3845 Grmco;
2950 3793 3003 3835 et
3038 3781 3299 3849 siquando
3334 3780 3522 3836 Graeca
3556 3790 3779 3835 senten-

2210 3878 2279 3928 tia
2315 3877 2657 3943 exprimitur,
2690 3880 2867 3933 minus
2909 3880 3097 3933 Latina
3132 3890 3215 3934 est
3242 3881 3492 3935 elocutio.
3548 3880 3654 3936 Sed
3693 3891 3778 3935 ta-

2208 3986 2327 4023 men
2359 3970 2565 4036 priscos
2603 3970 2700 4021 hos
2737 3972 3057 4041 interpretes
3093 3974 3244 4027 valde
3291 3982 3581 4028 excusatos
3626 3973 3773 4035 volo,

2208 4080 2329 4116 cum
2354 4061 2538 4116 Graeca
2567 4061 2861 4129 sacpissime
2909 4065 2978 4116 ita
3009 4075 3189 4119 essent
3213 4073 3489 4128 corrupta,
3527 4072 3579 4114 ut
3613 4078 3779 4115 nemo

2206 4154 2497 4224 quamlibet
2522 4155 2727 4222 peritus
2761 4164 2907 4209 recte
2943 4154 3279 4225 interpretari
3312 4153 3594 4223 potuisset.
3625 4153 3780 4219 Quod

2207 4249 2251 4303 si
2291 4256 2567 4316 quzeratur
2609 4248 2737 4317 quid
2770 4248 2892 4316 quis
2958 4249 3110 4301 alteri
3158 4256 3397 4317 przestat,
3436 4247 3615 4302 dicam
3646 4246 3785 4301 Era-

2208 4354 2384 4393 smum
2433 4340 2654 4409 reliquis
2682 4340 2985 4395 elocutione
3012 4342 3228 4411 quidem
3250 4340 3569 4395 antecellere
3597 4348 3651 4393 et
3675 4338 3781 4393 La-

2208 4430 2414 4486 tinitate
2446 4451 2458 4485 :
2500 4436 2616 4497 sed,
2642 4448 2760 4500 qua:
2797 4444 2915 4487 erat
2948 4434 3183 4487 hominis
3237 4434 3289 4486 in
3319 4431 3604 4485 scribendo
3629 4432 3777 4487 cele-

550 4514 735 4567 Basilii
763 4514 901 4583 apud
926 4513 1185 4568 Sonnium
1213 4530 1402 4570 rursus
1434 4514 1572 4585 typis
1614 4515 1937 4569 mandarunt
1962 4529 2103 4568 anno
2135 4538 2177 4593 ο
2207 4522 2359 4584 ritas,
2384 4537 2522 4590 saepe
2556 4532 2609 4575 et
2650 4524 2789 4576 foede
2818 4523 3015 4575 labitur
3043 4531 3097 4576 et
3122 4524 3253 4594 ipse.
3288 4521 3466 4574 Pauca
3504 4521 3779 4592 interpre-

548 4604 708 4671 1605,
732 4606 992 4676 Antuerp.
1017 4605 1176 4672 1616,
1203 4606 1319 4671 fol.,
1353 4615 1575 4662 curante
1596 4605 1810 4661 Andrea
1841 4605 2097 4661 Schotto:

547 4716 667 4769 qua
702 4700 869 4757 editio
897 4714 1087 4755 recusa
1127 4711 1210 4754 εει
1242 4699 1476 4755 Coloniae
1504 4698 1662 4763 1618,
1702 4700 1791 4754 fol.
1815 4700 2103 4768 Postquam

548 4794 630 4847 vir
649 4792 1047 4847 eruditissimus
1077 4789 1311 4846 Joannes
1340 4792 1593 4847 Albertus
1614 4789 1894 4847 Fabricius
1917 4805 2108 4846 omnes

550 4884 647 4937 "etas
691 4885 956 4939 editiones
1007 4882 1289 4953 diligenter
1339 4884 1639 4948 recensuit,
1679 4893 1861 4938 monet
1911 4897 2106 4938 novam

550 4976 730 5033 Basilii
760 4990 980 5043 operum
1024 4977 1315 5031 editionem
1356 4976 1629 5030 adornari.
1674 4973 1779 5029 Sed
1813 4978 1983 5045 ipsum
2018 4991 2109 5028 au-

549 5070 665 5121 dire
693 5075 933 5137 praestat.
970 5086 990 5119 ι
1029 5067 1205 5133 Nunc,
1231 5066 1425 5136 inquit,
1454 5081 1641 5122 novam
1686 5066 1743 5119 S.
1782 5066 1967 5122 Basilii
1996 5067 2111 5123 edi-

551 5171 751 5214 tionem
789 5157 986 5213 eruditi
1033 5160 1281 5213 monachi
1344 5157 1717 5224 Benedictini,
1786 5158 1983 5225 quibus
2036 5168 2113 5213 tot

546 5251 962 5320 praclarissima
1017 5261 1365 5305 monumenta
1411 5249 1777 5306 ecclesiastica
1817 5251 2077 5305 debemus
2104 5308 2120 5333 ν

546 5342 701 5412 jubet
726 5352 1040 5412 exspectare
1065 5343 1131 5395 ab
1176 5343 1369 5413 insigni
1406 5341 1575 5396 sodali
1613 5357 1709 5396 suo
1738 5342 1947 5396 Juliano
1971 5342 2109 5397 Car-'-

550 5433 724 5496 uerio.
754 5442 1034 5500 postquam
1060 5433 1199 5485 alter
1221 5433 1310 5500 qui
1338 5446 1403 5487 ex
1433 5435 1619 5485 eodem
1648 5432 1834 5484 ordine
1852 5433 2106 5485 ornanda:

550 5524 674 5579 huic
712 5531 909 5590 spartae
947 5524 1233 5592 prazfectus
1255 5532 1412 5577 antea
1443 5523 1640 5583 fuerat,
1674 5520 1904 5575 Jacobus
1947 5518 2105 5588 Lopi-

549 5632 671 5681 nus,
702 5617 811 5685 jam
857 5629 998 5669 anno
1045 5616 1198 5679 1695,
1231 5614 1301 5667 99
1325 5613 1570 5677 Decem.,
1595 5612 1717 5666 fatis
1741 5614 2031 5667 concessit.
2079 5631 2096 5661 ι

2206 4622 2349 4667 tatus
2380 4623 2500 4677 est,
2550 4613 2798 4667 homilias
2840 4615 2973 4667 duas
3018 4614 3073 4669 in
3112 4614 3413 4684 jejunium,
3465 4614 3666 4669 librum
3701 4614 3781 4668 De

2208 4702 2406 4770 Spiritu
2434 4712 2631 4767 sancto,
2668 4714 2721 4757 et
2742 4704 3057 4772 prooemium
3078 4705 3463 4759 Commentarii
3485 4704 3540 4758 in
3560 4704 3779 4757 Isaiam.

2207 4795 2434 4861 Contra,
2485 4794 2650 4851 Janus
2681 4795 2975 4851 Cornarius
3021 4796 3200 4850 Latini
3252 4797 3519 4852 sermonis
3554 4795 3783 4865 integri-

2207 4894 2377 4939 tatem
2410 4899 2474 4940 ac
2501 4884 2828 4955 elegantiam
2856 4886 3067 4939 videtur
3095 4884 3412 4956 neglexisse,
3445 4897 3498 4939 et
3530 4888 3581 4937 in
3610 4884 3661 4937 id
3693 4900 3781 4940 so-

2205 4974 2313 5028 lum
2365 4974 2713 5037 incubuisse,
2776 4986 2837 5028 ut
2893 4976 3135 5031 Graecam
3188 4977 3510 5031 sententiam
3564 4988 3782 5045 quoquo

2219 5065 2370 5119 modo
2394 5065 2740 5133 exprimeret.
2772 5065 2834 5119 Et
2866 5067 3083 5136 quidem
3126 5067 3315 5123 Graaca
3354 5065 3566 5119 ﬁdelius
3593 5068 3780 5121 reddi-

2216 5154 2449 5210 dit:sed
2481 5157 2672 5211 littera:
2724 5156 2846 5225 plus
2872 5160 3021 5227 justo
3065 5161 3354 5215 serviebat.
3401 5156 3610 5213 Etenim
3657 5173 3781 5213 ver-

2218 5246 2343 5299 bum
2378 5245 2446 5300 de
2484 5248 2644 5301 verbo
2699 5260 2913 5316 semper
2946 5250 3233 5318 exprimit,
3282 5257 3443 5315 atque
3485 5262 3551 5301 ne
3603 5254 3781 5300 trans-

2218 5354 2433 5391 versum
2478 5340 2701 5408 quidem
2753 5356 2986 5409 unguem
3023 5342 3089 5394 ab
3125 5342 3302 5406 inepta
3351 5338 3449 5392 bac
3493 5338 3781 5405 servilique

2214 5432 2593 5498 interpretandi
2641 5432 2849 5487 ratione
2899 5448 3133 5500 unquam
3188 5432 3435 5485 discedit.
3486 5430 3626 5484 Hinc
3663 5430 3782 5495 ejus

2214 5524 2583 5590 interpretatio
2615 5533 2684 5577 ita
2712 5539 2904 5594 aspera
2941 5535 3101 5579 estet
3133 5524 3265 5579 dura
3289 5564 3304 5590 ,
3356 5534 3415 5578 ut
3444 5538 3548 5576 una
3578 5532 3669 5573 aut
3700 5522 3781 5570 ιιι--

2212 5622 2322 5666 tera
2352 5615 2549 5684 pagina
2581 5630 2691 5683 pra:
2724 5616 2887 5669 taedio
2911 5614 3012 5685 legi
3042 5618 3128 5669 vix
3159 5618 3345 5685 possit.
3382 5616 3644 5684 Pleraque
3677 5610 3778 5663 Ba-

623 5795 696 5851 tal
737 5792 864 5849 Vide
900 5792 1269 5849 Prmfationem
1316 5794 1440 5849 tomi
1480 5792 1518 5846 ll
1552 5792 1661 5847 lllll
1689 5836 1701 5855 ,
1746 5792 1908 5857 ﬁXlY
1933 5836 1945 5857 ,
1976 5793 2063 5846 ubi
2100 5793 2211 5846 hate
2246 5794 2439 5847 iterant
2472 5794 2641 5856 tangit
2670 5792 2987 5848 Garnerius.
3025 5793 3181 5846 Εοιτ.
