  <div class='ocr_page' id='page_1' title='image "/cluster/home/n/w/nwhite01/storage/ocr_20150623/29/ien.35556001660547/191.png"; bbox 0 0 4040 6454; ppageno 0'>
   <div class='ocr_carea' id='block_1_1' title="bbox 1304 374 2343 434">
    <p class='ocr_par' dir='ltr' id='par_1_1' title="bbox 1304 374 2343 434">
     <span class='ocr_line' id='line_1_1' title="bbox 1304 374 2343 434; baseline 0.005 -5"><span class='ocrx_word' id='word_1_1' title='bbox 1304 374 1366 432; x_wconf 89' lang='lat' dir='ltr'><strong>D.</strong></span> <span class='ocrx_word' id='word_1_2' title='bbox 1404 375 1547 433; x_wconf 75' lang='lat' dir='ltr'><strong>JUL.</strong></span> <span class='ocrx_word' id='word_1_3' title='bbox 1589 375 1919 432; x_wconf 79' lang='lat' dir='ltr'><strong>GARNERII</strong></span> <span class='ocrx_word' id='word_1_4' title='bbox 1957 377 2343 434; x_wconf 61' lang='lat' dir='ltr'><strong>PREFATIO.</strong></span> 
     </span>
    </p>
   </div>
   <div class='ocr_carea' id='block_1_2' title="bbox 3283 396 3473 439">
    <p class='ocr_par' dir='ltr' id='par_1_2' title="bbox 3283 396 3473 439">
     <span class='ocr_line' id='line_1_2' title="bbox 3283 396 3473 439; baseline 0.011 -2"><span class='ocrx_word' id='word_1_5' title='bbox 3283 396 3473 439; x_wconf 64' lang='lat' dir='ltr'><strong>CLXXIX</strong></span> 
     </span>
    </p>
   </div>
   <div class='ocr_carea' id='block_1_3' title="bbox 242 492 3472 570">
    <p class='ocr_par' dir='ltr' id='par_1_3' title="bbox 242 492 3472 570">
     <span class='ocr_line' id='line_1_3' title="bbox 242 492 3472 570; baseline 0.001 -19"><span class='ocrx_word' id='word_1_6' title='bbox 242 496 354 551; x_wconf 77' lang='lat' dir='ltr'><strong>tilii</strong></span> <span class='ocrx_word' id='word_1_7' title='bbox 387 509 551 566; x_wconf 86' lang='lat' dir='ltr'><strong>opera</strong></span> <span class='ocrx_word' id='word_1_8' title='bbox 574 492 765 548; x_wconf 83' lang='lat' dir='ltr'><strong>Latina</strong></span> <span class='ocrx_word' id='word_1_9' title='bbox 794 492 925 548; x_wconf 85' lang='lat' dir='ltr'><strong>fecit</strong></span> <span class='ocrx_word' id='word_1_10' title='bbox 969 492 1037 559; x_wconf 91' lang='lat' dir='ltr'><strong>is,</strong></span> <span class='ocrx_word' id='word_1_11' title='bbox 1082 507 1240 561; x_wconf 86' lang='lat' dir='ltr'><strong>quem</strong></span> <span class='ocrx_word' id='word_1_12' title='bbox 1274 493 1405 558; x_wconf 83' lang='lat' dir='ltr'><strong>dixi,</strong></span> <span class='ocrx_word' id='word_1_13' title='bbox 1446 495 1527 547; x_wconf 91' lang='lat' dir='ltr'><strong>vir</strong></span> <span class='ocrx_word' id='word_1_14' title='bbox 1558 496 1809 549; x_wconf 88' lang='lat' dir='ltr'><strong>eruditis-</strong></span> <span class='ocrx_word' id='word_1_15' title='bbox 1840 505 1885 557; x_wconf 82' lang='grc' dir='ltr'>Α</span> <span class='ocrx_word' id='word_1_16' title='bbox 1916 498 1995 551; x_wconf 85' lang='lat' dir='ltr'><strong>vis</strong></span> <span class='ocrx_word' id='word_1_17' title='bbox 2022 499 2269 568; x_wconf 83' lang='lat' dir='ltr'><strong>cognosci</strong></span> <span class='ocrx_word' id='word_1_18' title='bbox 2325 507 2519 566; x_wconf 91' lang='lat' dir='ltr'><strong>p0test.</strong></span> <span class='ocrx_word' id='word_1_19' title='bbox 2569 496 2858 567; x_wconf 73' lang='lat' dir='ltr'><strong>Postquam</strong></span> <span class='ocrx_word' id='word_1_20' title='bbox 2911 499 3071 570; x_wconf 85' lang='lat' dir='ltr'><strong>igitur</strong></span> <span class='ocrx_word' id='word_1_21' title='bbox 3097 496 3339 553; x_wconf 67' lang='lat' dir='ltr'><strong>Graecum</strong></span> <span class='ocrx_word' id='word_1_22' title='bbox 3377 515 3472 555; x_wconf 79' lang='lat' dir='ltr'><strong>ex-</strong></span> 
     </span>
    </p>
   </div>
   <div class='ocr_carea' id='block_1_4' title="bbox 242 583 1815 657">
    <p class='ocr_par' dir='ltr' id='par_1_4' title="bbox 242 583 1815 657">
     <span class='ocr_line' id='line_1_4' title="bbox 242 583 1815 657; baseline 0.001 -17"><span class='ocrx_word' id='word_1_23' title='bbox 242 588 421 641; x_wconf 85' lang='lat' dir='ltr'><strong>simus</strong></span> <span class='ocrx_word' id='word_1_24' title='bbox 468 585 779 640; x_wconf 80' lang='lat' dir='ltr'><strong>Carnarius.</strong></span> <span class='ocrx_word' id='word_1_25' title='bbox 833 583 1002 638; x_wconf 86' lang='lat' dir='ltr'><strong>Multo</strong></span> <span class='ocrx_word' id='word_1_26' title='bbox 1052 586 1307 654; x_wconf 80' lang='lat' dir='ltr'><strong>pauciora</strong></span> <span class='ocrx_word' id='word_1_27' title='bbox 1361 586 1518 639; x_wconf 91' lang='lat' dir='ltr'><strong>vertit</strong></span> <span class='ocrx_word' id='word_1_28' title='bbox 1551 585 1815 657; x_wconf 76' lang='lat' dir='ltr'><strong>Georgius</strong></span> 
     </span>
    </p>
   </div>
   <div class='ocr_carea' id='block_1_5' title="bbox 246 675 1814 746">
    <p class='ocr_par' dir='ltr' id='par_1_5' title="bbox 246 675 1814 746">
     <span class='ocr_line' id='line_1_5' title="bbox 246 675 1814 746; baseline 0.001 -17"><span class='ocrx_word' id='word_1_29' title='bbox 246 676 679 746; x_wconf 83' lang='lat' dir='ltr'><strong>Trapezuntius,</strong></span> <span class='ocrx_word' id='word_1_30' title='bbox 727 675 980 730; x_wconf 76' lang='lat' dir='ltr'><strong>videlicet</strong></span> <span class='ocrx_word' id='word_1_31' title='bbox 1030 675 1416 730; x_wconf 89' lang='lat' dir='ltr'><strong>celeberrimos</strong></span> <span class='ocrx_word' id='word_1_32' title='bbox 1463 678 1700 746; x_wconf 87' lang='lat' dir='ltr'><strong>quinque</strong></span> <span class='ocrx_word' id='word_1_33' title='bbox 1760 680 1814 731; x_wconf 79' lang='lat' dir='ltr'><strong>in</strong></span> 
     </span>
    </p>
   </div>
   <div class='ocr_carea' id='block_1_6' title="bbox 246 761 1815 835">
    <p class='ocr_par' dir='ltr' id='par_1_6' title="bbox 246 761 1815 835">
     <span class='ocr_line' id='line_1_6' title="bbox 246 761 1815 835; baseline 0.003 -18"><span class='ocrx_word' id='word_1_34' title='bbox 246 764 576 819; x_wconf 81' lang='lat' dir='ltr'><strong>Eunomium</strong></span> <span class='ocrx_word' id='word_1_35' title='bbox 625 768 793 821; x_wconf 87' lang='lat' dir='ltr'><strong>libros</strong></span> <span class='ocrx_word' id='word_1_36' title='bbox 824 782 837 819; x_wconf 88' lang='lat'><strong>:</strong></span> <span class='ocrx_word' id='word_1_37' title='bbox 872 780 1029 833; x_wconf 85' lang='lat' dir='ltr'><strong>quem</strong></span> <span class='ocrx_word' id='word_1_38' title='bbox 1082 761 1658 835; x_wconf 76' lang='lat' dir='ltr'><strong>interpretem&#39;multis</strong></span> <span class='ocrx_word' id='word_1_39' title='bbox 1695 767 1815 822; x_wconf 89' lang='lat' dir='ltr'><strong>aliis</strong></span> 
     </span>
    </p>
   </div>
   <div class='ocr_carea' id='block_1_7' title="bbox 245 854 1810 925">
    <p class='ocr_par' dir='ltr' id='par_1_7' title="bbox 245 854 1810 925">
     <span class='ocr_line' id='line_1_7' title="bbox 245 854 1810 925; baseline 0.004 -19"><span class='ocrx_word' id='word_1_40' title='bbox 245 857 678 924; x_wconf 78' lang='lat' dir='ltr'><strong>anteponendum</strong></span> <span class='ocrx_word' id='word_1_41' title='bbox 711 864 857 924; x_wconf 91' lang='lat' dir='ltr'><strong>puto.</strong></span> <span class='ocrx_word' id='word_1_42' title='bbox 920 854 1266 924; x_wconf 79' lang='lat' dir='ltr'><strong>Reliquorum</strong></span> <span class='ocrx_word' id='word_1_43' title='bbox 1314 856 1810 925; x_wconf 86' lang='lat' dir='ltr'><strong>interpretationem</strong></span> 
     </span>
    </p>
   </div>
   <div class='ocr_carea' id='block_1_8' title="bbox 244 947 1812 1009">
    <p class='ocr_par' dir='ltr' id='par_1_8' title="bbox 244 947 1812 1009">
     <span class='ocr_line' id='line_1_8' title="bbox 244 947 1812 1009; baseline 0.002 -10"><span class='ocrx_word' id='word_1_44' title='bbox 244 964 369 999; x_wconf 78' lang='lat' dir='ltr'><strong>eum</strong></span> <span class='ocrx_word' id='word_1_45' title='bbox 408 949 712 1009; x_wconf 88' lang='lat' dir='ltr'><strong>considero,</strong></span> <span class='ocrx_word' id='word_1_46' title='bbox 770 949 906 999; x_wconf 84' lang='lat' dir='ltr'><strong>alius</strong></span> <span class='ocrx_word' id='word_1_47' title='bbox 960 947 1067 999; x_wconf 91' lang='lat' dir='ltr'><strong>alio</strong></span> <span class='ocrx_word' id='word_1_48' title='bbox 1120 963 1222 1000; x_wconf 92' lang='lat' dir='ltr'><strong>non</strong></span> <span class='ocrx_word' id='word_1_49' title='bbox 1278 949 1407 1001; x_wconf 90' lang='lat' dir='ltr'><strong>mihi</strong></span> <span class='ocrx_word' id='word_1_50' title='bbox 1454 950 1665 1002; x_wconf 89' lang='lat' dir='ltr'><strong>videtur</strong></span> <span class='ocrx_word' id='word_1_51' title='bbox 1721 957 1812 1002; x_wconf 88' lang='lat' dir='ltr'><strong>aut</strong></span> 
     </span>
    </p>
   </div>
   <div class='ocr_carea' id='block_1_9' title="bbox 250 1039 1808 1108">
    <p class='ocr_par' dir='ltr' id='par_1_9' title="bbox 250 1039 1808 1108">
     <span class='ocr_line' id='line_1_9' title="bbox 250 1039 1808 1108; baseline 0.002 -19"><span class='ocrx_word' id='word_1_52' title='bbox 250 1040 405 1108; x_wconf 79' lang='lat' dir='ltr'><strong>longe</strong></span> <span class='ocrx_word' id='word_1_53' title='bbox 435 1040 699 1107; x_wconf 86' lang='lat' dir='ltr'><strong>superior,</strong></span> <span class='ocrx_word' id='word_1_54' title='bbox 728 1048 817 1092; x_wconf 90' lang='lat' dir='ltr'><strong>aut</strong></span> <span class='ocrx_word' id='word_1_55' title='bbox 850 1039 1005 1108; x_wconf 84' lang='lat' dir='ltr'><strong>longe</strong></span> <span class='ocrx_word' id='word_1_56' title='bbox 1040 1040 1283 1092; x_wconf 83' lang='lat' dir='ltr'><strong>inferior.</strong></span> <span class='ocrx_word' id='word_1_57' title='bbox 1314 1039 1578 1094; x_wconf 68' lang='lat' dir='ltr'><strong>(Steterunt</strong></span> <span class='ocrx_word' id='word_1_58' title='bbox 1610 1042 1652 1094; x_wconf 91' lang='lat' dir='ltr'><strong>si</strong></span> <span class='ocrx_word' id='word_1_59' title='bbox 1690 1042 1808 1094; x_wconf 83' lang='lat' dir='ltr'><strong>dili-</strong></span> 
     </span>
    </p>
   </div>
   <div class='ocr_carea' id='block_1_10' title="bbox 245 1131 1808 1199">
    <p class='ocr_par' dir='ltr' id='par_1_10' title="bbox 245 1131 1808 1199">
     <span class='ocr_line' id='line_1_10' title="bbox 245 1131 1808 1199; baseline -0.001 -16"><span class='ocrx_word' id='word_1_60' title='bbox 245 1133 464 1197; x_wconf 72' lang='lat' dir='ltr'><strong>gentius</strong></span> <span class='ocrx_word' id='word_1_61' title='bbox 511 1144 669 1184; x_wconf 82' lang='lat' dir='ltr'><strong>nosse</strong></span> <span class='ocrx_word' id='word_1_62' title='bbox 712 1132 920 1198; x_wconf 78' lang='lat' dir='ltr'><strong>cupias,</strong></span> <span class='ocrx_word' id='word_1_63' title='bbox 952 1131 1078 1198; x_wconf 92' lang='lat' dir='ltr'><strong>quid</strong></span> <span class='ocrx_word' id='word_1_64' title='bbox 1114 1133 1235 1198; x_wconf 85' lang='lat' dir='ltr'><strong>quis</strong></span> <span class='ocrx_word' id='word_1_65' title='bbox 1288 1131 1669 1199; x_wconf 81' lang='lat' dir='ltr'><strong>interpretatus</strong></span> <span class='ocrx_word' id='word_1_66' title='bbox 1719 1133 1808 1193; x_wconf 93' lang='lat' dir='ltr'><strong>sit,</strong></span> 
     </span>
    </p>
   </div>
   <div class='ocr_carea' id='block_1_11' title="bbox 248 1219 1810 1293">
    <p class='ocr_par' dir='ltr' id='par_1_11' title="bbox 248 1219 1810 1293">
     <span class='ocr_line' id='line_1_11' title="bbox 248 1219 1810 1293; baseline 0.001 -20"><span class='ocrx_word' id='word_1_67' title='bbox 248 1223 395 1291; x_wconf 81' lang='lat' dir='ltr'><strong>legas</strong></span> <span class='ocrx_word' id='word_1_68' title='bbox 427 1222 588 1274; x_wconf 75' lang='lat' dir='ltr'><strong>velint</strong></span> <span class='ocrx_word' id='word_1_69' title='bbox 628 1232 755 1275; x_wconf 90' lang='lat' dir='ltr'><strong>tom.</strong></span> <span class='ocrx_word' id='word_1_70' title='bbox 789 1219 894 1275; x_wconf 82' lang='lat' dir='ltr'><strong>Vlll</strong></span> <span class='ocrx_word' id='word_1_71' title='bbox 927 1221 1289 1292; x_wconf 70' lang='lat' dir='ltr'><strong>[Bibliolltecw</strong></span> <span class='ocrx_word' id='word_1_72' title='bbox 1322 1219 1541 1293; x_wconf 68' lang='grc' dir='ltr'><strong>(ἕνα-σω]</strong></span> <span class='ocrx_word' id='word_1_73' title='bbox 1582 1223 1680 1275; x_wconf 89' lang='lat' dir='ltr'><strong>viri</strong></span> <span class='ocrx_word' id='word_1_74' title='bbox 1703 1223 1810 1276; x_wconf 86' lang='lat' dir='ltr'><strong>cla-</strong></span> 
     </span>
    </p>
   </div>
   <div class='ocr_carea' id='block_1_12' title="bbox 250 1314 1807 1382">
    <p class='ocr_par' dir='ltr' id='par_1_12' title="bbox 250 1314 1807 1382">
     <span class='ocr_line' id='line_1_12' title="bbox 250 1314 1807 1382; baseline 0.001 -15"><span class='ocrx_word' id='word_1_75' title='bbox 250 1315 453 1369; x_wconf 85' lang='lat' dir='ltr'><strong>rissimi</strong></span> <span class='ocrx_word' id='word_1_76' title='bbox 485 1314 633 1382; x_wconf 79' lang='lat' dir='ltr'><strong>juxta</strong></span> <span class='ocrx_word' id='word_1_77' title='bbox 659 1331 721 1368; x_wconf 88' lang='lat' dir='ltr'><strong>ac</strong></span> <span class='ocrx_word' id='word_1_78' title='bbox 747 1315 1047 1368; x_wconf 89' lang='lat' dir='ltr'><strong>doctissimi</strong></span> <span class='ocrx_word' id='word_1_79' title='bbox 1078 1315 1301 1369; x_wconf 85' lang='lat' dir='ltr'><strong>Joannis</strong></span> <span class='ocrx_word' id='word_1_80' title='bbox 1325 1315 1528 1369; x_wconf 85' lang='lat' dir='ltr'><strong>Alberti</strong></span> <span class='ocrx_word' id='word_1_81' title='bbox 1554 1314 1807 1382; x_wconf 89' lang='lat' dir='ltr'><strong>Fabricii,</strong></span> 
     </span>
    </p>
   </div>
   <div class='ocr_carea' id='block_1_13' title="bbox 246 1405 1811 1475">
    <p class='ocr_par' dir='ltr' id='par_1_13' title="bbox 246 1405 1811 1475">
     <span class='ocr_line' id='line_1_13' title="bbox 246 1405 1811 1475; baseline 0.003 -17"><span class='ocrx_word' id='word_1_82' title='bbox 246 1405 285 1458; x_wconf 93' lang='lat' dir='ltr'><strong>l.</strong></span> <span class='ocrx_word' id='word_1_83' title='bbox 324 1422 375 1471; x_wconf 92' lang='lat' dir='ltr'><strong>v,</strong></span> <span class='ocrx_word' id='word_1_84' title='bbox 412 1422 461 1460; x_wconf 91' lang='lat' dir='ltr'><strong>c.</strong></span> <span class='ocrx_word' id='word_1_85' title='bbox 496 1408 578 1461; x_wconf 78' lang='lat' dir='ltr'><strong>l9.</strong></span> <span class='ocrx_word' id='word_1_86' title='bbox 621 1406 699 1458; x_wconf 89' lang='lat' dir='ltr'><strong>Ad</strong></span> <span class='ocrx_word' id='word_1_87' title='bbox 736 1407 1025 1459; x_wconf 83' lang='lat' dir='ltr'><strong>editionem</strong></span> <span class='ocrx_word' id='word_1_88' title='bbox 1064 1406 1423 1461; x_wconf 82' lang='lat' dir='ltr'><strong>Parisiensem</strong></span> <span class='ocrx_word' id='word_1_89' title='bbox 1477 1408 1659 1469; x_wconf 90' lang='lat' dir='ltr'><strong>redeo,</strong></span> <span class='ocrx_word' id='word_1_90' title='bbox 1693 1424 1811 1475; x_wconf 70' lang='lat' dir='ltr'><strong>qua:</strong></span> 
     </span>
    </p>
   </div>
   <div class='ocr_carea' id='block_1_14' title="bbox 246 1498 1808 1570">
    <p class='ocr_par' dir='ltr' id='par_1_14' title="bbox 246 1498 1808 1570">
     <span class='ocr_line' id='line_1_14' title="bbox 246 1498 1808 1570; baseline 0.003 -20"><span class='ocrx_word' id='word_1_91' title='bbox 246 1513 351 1550; x_wconf 89' lang='lat' dir='ltr'><strong>non</strong></span> <span class='ocrx_word' id='word_1_92' title='bbox 390 1500 561 1551; x_wconf 89' lang='lat' dir='ltr'><strong>solum</strong></span> <span class='ocrx_word' id='word_1_93' title='bbox 609 1498 707 1551; x_wconf 91' lang='lat' dir='ltr'><strong>hac</strong></span> <span class='ocrx_word' id='word_1_94' title='bbox 746 1514 801 1551; x_wconf 90' lang='lat' dir='ltr'><strong>rc</strong></span> <span class='ocrx_word' id='word_1_95' title='bbox 843 1500 1054 1553; x_wconf 63' lang='lat' dir='ltr'><strong>caeteris</strong></span> <span class='ocrx_word' id='word_1_96' title='bbox 1085 1509 1324 1568; x_wconf 80' lang='lat' dir='ltr'><strong>przestat,</strong></span> <span class='ocrx_word' id='word_1_97' title='bbox 1354 1500 1495 1569; x_wconf 90' lang='lat' dir='ltr'><strong>quod</strong></span> <span class='ocrx_word' id='word_1_98' title='bbox 1529 1516 1559 1554; x_wconf 89' lang='lat' dir='ltr'><strong>e</strong></span> <span class='ocrx_word' id='word_1_99' title='bbox 1589 1502 1808 1570; x_wconf 82' lang='lat' dir='ltr'><strong>regione</strong></span> 
     </span>
    </p>
   </div>
   <div class='ocr_carea' id='block_1_15' title="bbox 242 1590 1807 1659">
    <p class='ocr_par' dir='ltr' id='par_1_15' title="bbox 242 1590 1807 1659">
     <span class='ocr_line' id='line_1_15' title="bbox 242 1590 1807 1659; baseline 0.001 -16"><span class='ocrx_word' id='word_1_100' title='bbox 242 1590 555 1643; x_wconf 68' lang='lat' dir='ltr'><strong>Graecorum</strong></span> <span class='ocrx_word' id='word_1_101' title='bbox 593 1590 779 1642; x_wconf 88' lang='lat' dir='ltr'><strong>Latina</strong></span> <span class='ocrx_word' id='word_1_102' title='bbox 819 1592 1156 1657; x_wconf 86' lang='lat' dir='ltr'><strong>reperiantur</strong></span> <span class='ocrx_word' id='word_1_103' title='bbox 1196 1608 1209 1644; x_wconf 89' lang='lat'><strong>:</strong></span> <span class='ocrx_word' id='word_1_104' title='bbox 1254 1594 1345 1647; x_wconf 88' lang='lat' dir='ltr'><strong>sed</strong></span> <span class='ocrx_word' id='word_1_105' title='bbox 1374 1592 1513 1659; x_wconf 86' lang='lat' dir='ltr'><strong>quod</strong></span> <span class='ocrx_word' id='word_1_106' title='bbox 1554 1591 1807 1646; x_wconf 87' lang='lat' dir='ltr'><strong>doctissi-</strong></span> 
     </span>
    </p>
   </div>
   <div class='ocr_carea' id='block_1_16' title="bbox 244 1681 1809 1737">
    <p class='ocr_par' dir='ltr' id='par_1_16' title="bbox 244 1681 1809 1737">
     <span class='ocr_line' id='line_1_16' title="bbox 244 1681 1809 1737; baseline 0.002 -3"><span class='ocrx_word' id='word_1_107' title='bbox 244 1698 453 1735; x_wconf 89' lang='lat' dir='ltr'><strong>morum</strong></span> <span class='ocrx_word' id='word_1_108' title='bbox 494 1684 726 1735; x_wconf 83' lang='lat' dir='ltr'><strong>virorum</strong></span> <span class='ocrx_word' id='word_1_109' title='bbox 776 1683 1057 1737; x_wconf 80' lang='lat' dir='ltr'><strong>Frontonis</strong></span> <span class='ocrx_word' id='word_1_110' title='bbox 1109 1684 1283 1737; x_wconf 74' lang='lat' dir='ltr'><strong>Duczei</strong></span> <span class='ocrx_word' id='word_1_111' title='bbox 1333 1693 1386 1736; x_wconf 90' lang='lat' dir='ltr'><strong>et</strong></span> <span class='ocrx_word' id='word_1_112' title='bbox 1420 1681 1661 1736; x_wconf 88' lang='lat' dir='ltr'><strong>Federici</strong></span> <span class='ocrx_word' id='word_1_113' title='bbox 1695 1682 1809 1737; x_wconf 84' lang='lat' dir='ltr'><strong>Mo-</strong></span> 
     </span>
    </p>
   </div>
   <div class='ocr_carea' id='block_1_17' title="bbox 246 1773 1808 1844">
    <p class='ocr_par' dir='ltr' id='par_1_17' title="bbox 246 1773 1808 1844">
     <span class='ocr_line' id='line_1_17' title="bbox 246 1773 1808 1844; baseline 0.001 -18"><span class='ocrx_word' id='word_1_114' title='bbox 246 1776 358 1828; x_wconf 82' lang='lat' dir='ltr'><strong>relli</strong></span> <span class='ocrx_word' id='word_1_115' title='bbox 390 1776 814 1841; x_wconf 66' lang='lat' dir='ltr'><strong>prmclarissimis</strong></span> <span class='ocrx_word' id='word_1_116' title='bbox 855 1776 995 1829; x_wconf 90' lang='lat' dir='ltr'><strong>uotis</strong></span> <span class='ocrx_word' id='word_1_117' title='bbox 1051 1775 1367 1830; x_wconf 87' lang='lat' dir='ltr'><strong>illustrctur.</strong></span> <span class='ocrx_word' id='word_1_118' title='bbox 1405 1773 1574 1844; x_wconf 85' lang='lat' dir='ltr'><strong>Hujus</strong></span> <span class='ocrx_word' id='word_1_119' title='bbox 1626 1789 1808 1842; x_wconf 67' lang='lat' dir='ltr'><strong>paucae</strong></span> 
     </span>
    </p>
   </div>
   <div class='ocr_carea' id='block_1_18' title="bbox 1914 586 3473 661">
    <p class='ocr_par' dir='ltr' id='par_1_18' title="bbox 1914 586 3473 661">
     <span class='ocr_line' id='line_1_18' title="bbox 1914 586 3473 661; baseline 0.003 -21"><span class='ocrx_word' id='word_1_120' title='bbox 1914 586 2121 654; x_wconf 90' lang='lat' dir='ltr'><strong>emplar</strong></span> <span class='ocrx_word' id='word_1_121' title='bbox 2163 586 2431 640; x_wconf 88' lang='lat' dir='ltr'><strong>variarum</strong></span> <span class='ocrx_word' id='word_1_122' title='bbox 2478 587 2767 643; x_wconf 89' lang='lat' dir='ltr'><strong>lectionum</strong></span> <span class='ocrx_word' id='word_1_123' title='bbox 2816 589 3051 645; x_wconf 89' lang='lat' dir='ltr'><strong>subsidio</strong></span> <span class='ocrx_word' id='word_1_124' title='bbox 3109 596 3269 657; x_wconf 88' lang='lat' dir='ltr'><strong>atque</strong></span> <span class='ocrx_word' id='word_1_125' title='bbox 3318 592 3473 661; x_wconf 85' lang='lat' dir='ltr'><strong>copia</strong></span> 
     </span>
    </p>
   </div>
   <div class='ocr_carea' id='block_1_19' title="bbox 1912 680 3476 751">
    <p class='ocr_par' dir='ltr' id='par_1_19' title="bbox 1912 680 3476 751">
     <span class='ocr_line' id='line_1_19' title="bbox 1912 680 3476 751; baseline 0.004 -19"><span class='ocrx_word' id='word_1_126' title='bbox 1912 680 2183 747; x_wconf 83' lang='lat' dir='ltr'><strong>corrigere</strong></span> <span class='ocrx_word' id='word_1_127' title='bbox 2238 687 2463 733; x_wconf 82' lang='lat' dir='ltr'><strong>conatus</strong></span> <span class='ocrx_word' id='word_1_128' title='bbox 2514 694 2655 745; x_wconf 90' lang='lat' dir='ltr'><strong>sum,</strong></span> <span class='ocrx_word' id='word_1_129' title='bbox 2718 681 2783 736; x_wconf 92' lang='lat' dir='ltr'><strong>de</strong></span> <span class='ocrx_word' id='word_1_130' title='bbox 2839 695 2975 735; x_wconf 89' lang='lat' dir='ltr'><strong>nova</strong></span> <span class='ocrx_word' id='word_1_131' title='bbox 3032 683 3476 751; x_wconf 87' lang='lat' dir='ltr'><strong>interpretatione</strong></span> 
     </span>
    </p>
   </div>
   <div class='ocr_carea' id='block_1_20' title="bbox 1912 771 3474 846">
    <p class='ocr_par' dir='ltr' id='par_1_20' title="bbox 1912 771 3474 846">
     <span class='ocr_line' id='line_1_20' title="bbox 1912 771 3474 846; baseline 0.006 -25"><span class='ocrx_word' id='word_1_132' title='bbox 1912 771 2216 824; x_wconf 86' lang='lat' dir='ltr'><strong>adornanda</strong></span> <span class='ocrx_word' id='word_1_133' title='bbox 2248 772 2518 840; x_wconf 84' lang='lat' dir='ltr'><strong>cogitavi:</strong></span> <span class='ocrx_word' id='word_1_134' title='bbox 2551 786 2713 840; x_wconf 90' lang='lat' dir='ltr'><strong>quam</strong></span> <span class='ocrx_word' id='word_1_135' title='bbox 2763 785 2815 827; x_wconf 88' lang='lat' dir='ltr'><strong>et</strong></span> <span class='ocrx_word' id='word_1_136' title='bbox 2863 773 3047 829; x_wconf 89' lang='lat' dir='ltr'><strong>statim</strong></span> <span class='ocrx_word' id='word_1_137' title='bbox 3102 774 3334 846; x_wconf 84' lang='lat' dir='ltr'><strong>suscepi,</strong></span> <span class='ocrx_word' id='word_1_138' title='bbox 3385 792 3474 830; x_wconf 87' lang='lat' dir='ltr'><strong>se-</strong></span> 
     </span>
    </p>
   </div>
   <div class='ocr_carea' id='block_1_21' title="bbox 1914 862 3472 935">
    <p class='ocr_par' dir='ltr' id='par_1_21' title="bbox 1914 862 3472 935">
     <span class='ocr_line' id='line_1_21' title="bbox 1914 862 3472 935; baseline 0.005 -22"><span class='ocrx_word' id='word_1_139' title='bbox 1914 862 2123 929; x_wconf 85' lang='lat' dir='ltr'><strong>melque</strong></span> <span class='ocrx_word' id='word_1_140' title='bbox 2186 875 2484 930; x_wconf 86' lang='lat' dir='ltr'><strong>susceptam</strong></span> <span class='ocrx_word' id='word_1_141' title='bbox 2537 874 2685 918; x_wconf 87' lang='lat' dir='ltr'><strong>tanto</strong></span> <span class='ocrx_word' id='word_1_142' title='bbox 2735 868 2910 919; x_wconf 89' lang='lat' dir='ltr'><strong>studio</strong></span> <span class='ocrx_word' id='word_1_143' title='bbox 2965 881 3082 921; x_wconf 90' lang='lat' dir='ltr'><strong>sum</strong></span> <span class='ocrx_word' id='word_1_144' title='bbox 3138 878 3472 935; x_wconf 89' lang='lat' dir='ltr'><strong>prosecntus,</strong></span> 
     </span>
    </p>
   </div>
   <div class='ocr_carea' id='block_1_22' title="bbox 1912 956 3474 1028">
    <p class='ocr_par' dir='ltr' id='par_1_22' title="bbox 1912 956 3474 1028">
     <span class='ocr_line' id='line_1_22' title="bbox 1912 956 3474 1028; baseline 0.004 -21"><span class='ocrx_word' id='word_1_145' title='bbox 1912 965 1968 1007; x_wconf 93' lang='lat' dir='ltr'><strong>ut</strong></span> <span class='ocrx_word' id='word_1_146' title='bbox 1994 970 2091 1009; x_wconf 92' lang='lat' dir='ltr'><strong>nec</strong></span> <span class='ocrx_word' id='word_1_147' title='bbox 2113 956 2267 1009; x_wconf 91' lang='lat' dir='ltr'><strong>labor</strong></span> <span class='ocrx_word' id='word_1_148' title='bbox 2289 995 2304 1019; x_wconf 92' lang='lat'><strong>,</strong></span> <span class='ocrx_word' id='word_1_149' title='bbox 2332 970 2430 1009; x_wconf 89' lang='lat' dir='ltr'><strong>nec</strong></span> <span class='ocrx_word' id='word_1_150' title='bbox 2457 957 2532 1010; x_wconf 92' lang='lat' dir='ltr'><strong>rei</strong></span> <span class='ocrx_word' id='word_1_151' title='bbox 2559 956 2845 1010; x_wconf 89' lang='lat' dir='ltr'><strong>diflicultas</strong></span> <span class='ocrx_word' id='word_1_152' title='bbox 2869 973 2951 1013; x_wconf 92' lang='lat' dir='ltr'><strong>me</strong></span> <span class='ocrx_word' id='word_1_153' title='bbox 2973 974 3208 1027; x_wconf 89' lang='lat' dir='ltr'><strong>unquam</strong></span> <span class='ocrx_word' id='word_1_154' title='bbox 3241 976 3268 1013; x_wconf 90' lang='lat' dir='ltr'><strong>a</strong></span> <span class='ocrx_word' id='word_1_155' title='bbox 3293 970 3474 1028; x_wconf 72' lang='lat' dir='ltr'><strong>erupto</strong></span> 
     </span>
    </p>
   </div>
   <div class='ocr_carea' id='block_1_23' title="bbox 1911 1045 3473 1117">
    <p class='ocr_par' dir='ltr' id='par_1_23' title="bbox 1911 1045 3473 1117">
     <span class='ocr_line' id='line_1_23' title="bbox 1911 1045 3473 1117; baseline 0.001 -19"><span class='ocrx_word' id='word_1_156' title='bbox 1911 1046 2253 1099; x_wconf 90' lang='lat' dir='ltr'><strong>dcterruerit.</strong></span> <span class='ocrx_word' id='word_1_157' title='bbox 2298 1045 2553 1098; x_wconf 83' lang='lat' dir='ltr'><strong>hiantem</strong></span> <span class='ocrx_word' id='word_1_158' title='bbox 2588 1056 2712 1099; x_wconf 88' lang='lat' dir='ltr'><strong>ante</strong></span> <span class='ocrx_word' id='word_1_159' title='bbox 2737 1046 2915 1100; x_wconf 81' lang='lat' dir='ltr'><strong>omnia</strong></span> <span class='ocrx_word' id='word_1_160' title='bbox 2948 1050 3072 1102; x_wconf 92' lang='lat' dir='ltr'><strong>mihi</strong></span> <span class='ocrx_word' id='word_1_161' title='bbox 3107 1062 3319 1114; x_wconf 86' lang='lat' dir='ltr'><strong>semper</strong></span> <span class='ocrx_word' id='word_1_162' title='bbox 3352 1065 3473 1117; x_wconf 89' lang='lat' dir='ltr'><strong>pro-</strong></span> 
     </span>
    </p>
   </div>
   <div class='ocr_carea' id='block_1_24' title="bbox 1911 1135 3473 1204">
    <p class='ocr_par' dir='ltr' id='par_1_24' title="bbox 1911 1135 3473 1204">
     <span class='ocr_line' id='line_1_24' title="bbox 1911 1135 3473 1204; baseline 0.005 -18"><span class='ocrx_word' id='word_1_163' title='bbox 1911 1138 2084 1203; x_wconf 87' lang='lat' dir='ltr'><strong>posui,</strong></span> <span class='ocrx_word' id='word_1_164' title='bbox 2114 1146 2170 1188; x_wconf 86' lang='lat' dir='ltr'><strong>ut</strong></span> <span class='ocrx_word' id='word_1_165' title='bbox 2196 1135 2444 1201; x_wconf 88' lang='lat' dir='ltr'><strong>ﬁdeliter,</strong></span> <span class='ocrx_word' id='word_1_166' title='bbox 2483 1146 2742 1203; x_wconf 91' lang='lat' dir='ltr'><strong>quantum</strong></span> <span class='ocrx_word' id='word_1_167' title='bbox 2780 1138 2832 1191; x_wconf 92' lang='lat' dir='ltr'><strong>in</strong></span> <span class='ocrx_word' id='word_1_168' title='bbox 2869 1151 2952 1190; x_wconf 90' lang='lat' dir='ltr'><strong>me</strong></span> <span class='ocrx_word' id='word_1_169' title='bbox 2981 1151 3115 1204; x_wconf 84' lang='lat' dir='ltr'><strong>erat,</strong></span> <span class='ocrx_word' id='word_1_170' title='bbox 3154 1149 3209 1195; x_wconf 90' lang='lat' dir='ltr'><strong>et</strong></span> <span class='ocrx_word' id='word_1_171' title='bbox 3241 1138 3473 1195; x_wconf 88' lang='lat' dir='ltr'><strong>dilucide</strong></span> 
     </span>
    </p>
   </div>
   <div class='ocr_carea' id='block_1_25' title="bbox 1909 1226 3471 1300">
    <p class='ocr_par' dir='ltr' id='par_1_25' title="bbox 1909 1226 3471 1300">
     <span class='ocr_line' id='line_1_25' title="bbox 1909 1226 3471 1300; baseline 0.004 -22"><span class='ocrx_word' id='word_1_172' title='bbox 1909 1226 2091 1279; x_wconf 71' lang='lat' dir='ltr'><strong>Grmca</strong></span> <span class='ocrx_word' id='word_1_173' title='bbox 2126 1238 2497 1280; x_wconf 81' lang='lat' dir='ltr'><strong>converterem</strong></span> <span class='ocrx_word' id='word_1_174' title='bbox 2528 1246 2541 1281; x_wconf 93' lang='lat'>:</span> <span class='ocrx_word' id='word_1_175' title='bbox 2572 1228 2761 1281; x_wconf 89' lang='lat' dir='ltr'><strong>deinde</strong></span> <span class='ocrx_word' id='word_1_176' title='bbox 2786 1238 2841 1280; x_wconf 91' lang='lat' dir='ltr'><strong>ut</strong></span> <span class='ocrx_word' id='word_1_177' title='bbox 2870 1228 3262 1300; x_wconf 76' lang='lat' dir='ltr'><strong>interpretatio,</strong></span> <span class='ocrx_word' id='word_1_178' title='bbox 3292 1230 3336 1283; x_wconf 88' lang='lat' dir='ltr'><strong>si</strong></span> <span class='ocrx_word' id='word_1_179' title='bbox 3366 1248 3471 1286; x_wconf 92' lang='lat' dir='ltr'><strong>non</strong></span> 
     </span>
    </p>
   </div>
   <div class='ocr_carea' id='block_1_26' title="bbox 1910 1304 3471 1391">
    <p class='ocr_par' dir='ltr' id='par_1_26' title="bbox 1910 1304 3471 1391">
     <span class='ocr_line' id='line_1_26' title="bbox 1910 1304 3471 1391; baseline 0.003 -23"><span class='ocrx_word' id='word_1_180' title='bbox 1910 1304 2241 1385; x_wconf 40' lang='lat' dir='ltr'><strong>elegansfat</strong></span> <span class='ocrx_word' id='word_1_181' title='bbox 2290 1332 2388 1385; x_wconf 93' lang='lat' dir='ltr'><strong>pro</strong></span> <span class='ocrx_word' id='word_1_182' title='bbox 2420 1331 2536 1369; x_wconf 88' lang='lat' dir='ltr'><strong>meo</strong></span> <span class='ocrx_word' id='word_1_183' title='bbox 2572 1326 2746 1370; x_wconf 85' lang='lat' dir='ltr'><strong>tamen</strong></span> <span class='ocrx_word' id='word_1_184' title='bbox 2798 1319 3008 1385; x_wconf 83' lang='lat' dir='ltr'><strong>ingenio</strong></span> <span class='ocrx_word' id='word_1_185' title='bbox 3037 1334 3138 1372; x_wconf 87' lang='lat' dir='ltr'><strong>non</strong></span> <span class='ocrx_word' id='word_1_186' title='bbox 3181 1321 3471 1391; x_wconf 75' lang='lat' dir='ltr'><strong>inelegans,</strong></span> 
     </span>
    </p>
   </div>
   <div class='ocr_carea' id='block_1_27' title="bbox 1914 1406 3474 1476">
    <p class='ocr_par' dir='ltr' id='par_1_27' title="bbox 1914 1406 3474 1476">
     <span class='ocr_line' id='line_1_27' title="bbox 1914 1406 3474 1476; baseline 0.003 -18"><span class='ocrx_word' id='word_1_187' title='bbox 1914 1422 2087 1473; x_wconf 89' lang='lat' dir='ltr'><strong>neque</strong></span> <span class='ocrx_word' id='word_1_188' title='bbox 2125 1407 2337 1472; x_wconf 81' lang='lat' dir='ltr'><strong>illepida</strong></span> <span class='ocrx_word' id='word_1_189' title='bbox 2372 1406 2529 1461; x_wconf 88' lang='lat' dir='ltr'><strong>foret.</strong></span> <span class='ocrx_word' id='word_1_190' title='bbox 2587 1408 2874 1476; x_wconf 83' lang='lat' dir='ltr'><strong>Reliquum</strong></span> <span class='ocrx_word' id='word_1_191' title='bbox 2909 1419 3024 1462; x_wconf 88' lang='lat' dir='ltr'><strong>erat</strong></span> <span class='ocrx_word' id='word_1_192' title='bbox 3056 1420 3113 1462; x_wconf 94' lang='lat' dir='ltr'><strong>ut</strong></span> <span class='ocrx_word' id='word_1_193' title='bbox 3137 1426 3259 1464; x_wconf 84' lang='lat' dir='ltr'><strong>vera</strong></span> <span class='ocrx_word' id='word_1_194' title='bbox 3288 1410 3474 1469; x_wconf 86' lang='lat' dir='ltr'><strong>Basilii</strong></span> 
     </span>
    </p>
   </div>
   <div class='ocr_carea' id='block_1_28' title="bbox 1908 1495 3473 1570">
    <p class='ocr_par' dir='ltr' id='par_1_28' title="bbox 1908 1495 3473 1570">
     <span class='ocr_line' id='line_1_28' title="bbox 1908 1495 3473 1570; baseline 0.007 -22"><span class='ocrx_word' id='word_1_195' title='bbox 1908 1511 2071 1563; x_wconf 85' lang='lat' dir='ltr'><strong>opera</strong></span> <span class='ocrx_word' id='word_1_196' title='bbox 2109 1512 2137 1548; x_wconf 89' lang='lat' dir='ltr'><strong>a</strong></span> <span class='ocrx_word' id='word_1_197' title='bbox 2171 1495 2317 1550; x_wconf 85' lang='lat' dir='ltr'><strong>falsis</strong></span> <span class='ocrx_word' id='word_1_198' title='bbox 2359 1511 2691 1551; x_wconf 87' lang='lat' dir='ltr'><strong>secernerem</strong></span> <span class='ocrx_word' id='word_1_199' title='bbox 2724 1517 2735 1550; x_wconf 94' lang='lat'>:</span> <span class='ocrx_word' id='word_1_200' title='bbox 2774 1513 2892 1567; x_wconf 69' lang='lat' dir='ltr'><strong>quae</strong></span> <span class='ocrx_word' id='word_1_201' title='bbox 2926 1502 3155 1555; x_wconf 76' lang='lat' dir='ltr'><strong>secretio</strong></span> <span class='ocrx_word' id='word_1_202' title='bbox 3202 1507 3473 1570; x_wconf 83' lang='lat' dir='ltr'><strong>negotium</strong></span> 
     </span>
    </p>
   </div>
   <div class='ocr_carea' id='block_1_29' title="bbox 1910 1586 3472 1653">
    <p class='ocr_par' dir='ltr' id='par_1_29' title="bbox 1910 1586 3472 1653">
     <span class='ocr_line' id='line_1_29' title="bbox 1910 1586 3472 1653; baseline 0.006 -13"><span class='ocrx_word' id='word_1_203' title='bbox 1910 1586 2040 1641; x_wconf 92' lang='lat' dir='ltr'><strong>mihi</strong></span> <span class='ocrx_word' id='word_1_204' title='bbox 2086 1586 2331 1640; x_wconf 78' lang='lat' dir='ltr'><strong>exhibuit</strong></span> <span class='ocrx_word' id='word_1_205' title='bbox 2379 1588 2457 1639; x_wconf 85' lang='lat' dir='ltr'><strong>vel</strong></span> <span class='ocrx_word' id='word_1_206' title='bbox 2506 1589 2820 1653; x_wconf 80' lang='lat' dir='ltr'><strong>maximum,</strong></span> <span class='ocrx_word' id='word_1_207' title='bbox 2863 1605 2984 1642; x_wconf 91' lang='lat' dir='ltr'><strong>cum</strong></span> <span class='ocrx_word' id='word_1_208' title='bbox 3033 1594 3367 1647; x_wconf 85' lang='lat' dir='ltr'><strong>adducantur</strong></span> <span class='ocrx_word' id='word_1_209' title='bbox 3418 1595 3472 1650; x_wconf 89' lang='lat' dir='ltr'><strong>in</strong></span> 
     </span>
    </p>
   </div>
   <div class='ocr_carea' id='block_1_30' title="bbox 1909 1678 3475 1751">
    <p class='ocr_par' dir='ltr' id='par_1_30' title="bbox 1909 1678 3475 1751">
     <span class='ocr_line' id='line_1_30' title="bbox 1909 1678 3475 1751; baseline 0.004 -19"><span class='ocrx_word' id='word_1_210' title='bbox 1909 1678 2333 1732; x_wconf 89' lang='lat' dir='ltr'><strong>controversiam</strong></span> <span class='ocrx_word' id='word_1_211' title='bbox 2396 1692 2503 1731; x_wconf 90' lang='lat' dir='ltr'><strong>non</strong></span> <span class='ocrx_word' id='word_1_212' title='bbox 2561 1692 2728 1746; x_wconf 81' lang='lat' dir='ltr'><strong>pauca</strong></span> <span class='ocrx_word' id='word_1_213' title='bbox 2780 1679 3021 1746; x_wconf 63' lang='lat' dir='ltr'><strong>quaedam</strong></span> <span class='ocrx_word' id='word_1_214' title='bbox 3082 1683 3317 1751; x_wconf 78' lang='lat' dir='ltr'><strong>scripta,</strong></span> <span class='ocrx_word' id='word_1_215' title='bbox 3379 1686 3475 1739; x_wconf 86' lang='lat' dir='ltr'><strong>sed</strong></span> 
     </span>
    </p>
   </div>
   <div class='ocr_carea' id='block_1_31' title="bbox 1910 1768 3475 1829">
    <p class='ocr_par' dir='ltr' id='par_1_31' title="bbox 1910 1768 3475 1829">
     <span class='ocr_line' id='line_1_31' title="bbox 1910 1768 3475 1829; baseline 0.004 -7"><span class='ocrx_word' id='word_1_216' title='bbox 1910 1769 2111 1822; x_wconf 87' lang='lat' dir='ltr'><strong>omnia.</strong></span> <span class='ocrx_word' id='word_1_217' title='bbox 2142 1768 2209 1822; x_wconf 86' lang='lat' dir='ltr'><strong>Et</strong></span> <span class='ocrx_word' id='word_1_218' title='bbox 2230 1784 2357 1823; x_wconf 91' lang='lat' dir='ltr'><strong>vero</strong></span> <span class='ocrx_word' id='word_1_219' title='bbox 2389 1769 2651 1823; x_wconf 89' lang='lat' dir='ltr'><strong>dissident</strong></span> <span class='ocrx_word' id='word_1_220' title='bbox 2681 1771 2820 1823; x_wconf 90' lang='lat' dir='ltr'><strong>inter</strong></span> <span class='ocrx_word' id='word_1_221' title='bbox 2850 1785 2907 1822; x_wconf 92' lang='lat' dir='ltr'><strong>se</strong></span> <span class='ocrx_word' id='word_1_222' title='bbox 2936 1771 3132 1825; x_wconf 90' lang='lat' dir='ltr'><strong>eruditi</strong></span> <span class='ocrx_word' id='word_1_223' title='bbox 3162 1777 3225 1825; x_wconf 89' lang='lat' dir='ltr'><strong>de</strong></span> <span class='ocrx_word' id='word_1_224' title='bbox 3252 1790 3475 1829; x_wconf 85' lang='lat' dir='ltr'><strong>numero</strong></span> 
     </span>
    </p>
   </div>
   <div class='ocr_carea' id='block_1_32' title="bbox 242 1846 3473 1935">
    <p class='ocr_par' dir='ltr' id='par_1_32' title="bbox 242 1846 3473 1935">
     <span class='ocr_line' id='line_1_32' title="bbox 242 1846 3473 1935; baseline 0.001 -16"><span class='ocrx_word' id='word_1_225' title='bbox 242 1876 393 1928; x_wconf 79' lang='lat' dir='ltr'><strong>Stllll,</strong></span> <span class='ocrx_word' id='word_1_226' title='bbox 425 1866 567 1920; x_wconf 90' lang='lat' dir='ltr'><strong>illius</strong></span> <span class='ocrx_word' id='word_1_227' title='bbox 598 1866 777 1919; x_wconf 86' lang='lat' dir='ltr'><strong>multae</strong></span> <span class='ocrx_word' id='word_1_228' title='bbox 802 1876 852 1919; x_wconf 91' lang='lat' dir='ltr'><strong>et</strong></span> <span class='ocrx_word' id='word_1_229' title='bbox 888 1867 1111 1920; x_wconf 80' lang='lat' dir='ltr'><strong>erudit-.c</strong></span> <span class='ocrx_word' id='word_1_230' title='bbox 1139 1885 1152 1919; x_wconf 88' lang='lat'><strong>:</strong></span> <span class='ocrx_word' id='word_1_231' title='bbox 1185 1881 1318 1935; x_wconf 89' lang='lat' dir='ltr'><strong>quas</strong></span> <span class='ocrx_word' id='word_1_232' title='bbox 1350 1877 1502 1920; x_wconf 89' lang='lat' dir='ltr'><strong>notas</strong></span> <span class='ocrx_word' id='word_1_233' title='bbox 1534 1883 1721 1921; x_wconf 90' lang='lat' dir='ltr'><strong>omnes</strong></span> <span class='ocrx_word' id='word_1_234' title='bbox 1741 1867 1806 1920; x_wconf 90' lang='lat' dir='ltr'><strong>ad</strong></span> <span class='ocrx_word' id='word_1_235' title='bbox 1838 1846 1879 1899; x_wconf 78' lang='grc' dir='ltr'>Β</span> <span class='ocrx_word' id='word_1_236' title='bbox 1910 1861 2253 1915; x_wconf 90' lang='lat' dir='ltr'><strong>homiliarum</strong></span> <span class='ocrx_word' id='word_1_237' title='bbox 2282 1861 2336 1913; x_wconf 81' lang='lat' dir='ltr'><strong>in</strong></span> <span class='ocrx_word' id='word_1_238' title='bbox 2367 1860 2725 1913; x_wconf 76' lang='lat' dir='ltr'><strong>Hexaemeron</strong></span> <span class='ocrx_word' id='word_1_239' title='bbox 2747 1870 2799 1914; x_wconf 89' lang='lat' dir='ltr'><strong>et</strong></span> <span class='ocrx_word' id='word_1_240' title='bbox 2824 1863 2876 1913; x_wconf 84' lang='lat' dir='ltr'><strong>in</strong></span> <span class='ocrx_word' id='word_1_241' title='bbox 2902 1860 3161 1917; x_wconf 75' lang='lat' dir='ltr'><strong>Psalmos.</strong></span> <span class='ocrx_word' id='word_1_242' title='bbox 3190 1862 3473 1921; x_wconf 84' lang='lat' dir='ltr'><strong>Orationes</strong></span> 
     </span>
    </p>
   </div>
   <div class='ocr_carea' id='block_1_33' title="bbox 241 1956 1804 2026">
    <p class='ocr_par' dir='ltr' id='par_1_33' title="bbox 241 1956 1804 2026">
     <span class='ocr_line' id='line_1_33' title="bbox 241 1956 1804 2026; baseline 0.002 -19"><span class='ocrx_word' id='word_1_243' title='bbox 241 1957 426 2024; x_wconf 78' lang='lat' dir='ltr'><strong>aperis</strong></span> <span class='ocrx_word' id='word_1_244' title='bbox 450 1957 652 2009; x_wconf 89' lang='lat' dir='ltr'><strong>calcem</strong></span> <span class='ocrx_word' id='word_1_245' title='bbox 690 1957 927 2010; x_wconf 85' lang='lat' dir='ltr'><strong>edendas</strong></span> <span class='ocrx_word' id='word_1_246' title='bbox 959 1956 1287 2011; x_wconf 87' lang='lat' dir='ltr'><strong>curabimus.</strong></span> <span class='ocrx_word' id='word_1_247' title='bbox 1324 1956 1434 2012; x_wconf 87' lang='lat' dir='ltr'><strong>Nec</strong></span> <span class='ocrx_word' id='word_1_248' title='bbox 1475 1968 1804 2026; x_wconf 83' lang='lat' dir='ltr'><strong>praetereun-</strong></span> 
     </span>
    </p>
   </div>
   <div class='ocr_carea' id='block_1_34' title="bbox 240 2046 1802 2115">
    <p class='ocr_par' dir='ltr' id='par_1_34' title="bbox 240 2046 1802 2115">
     <span class='ocr_line' id='line_1_34' title="bbox 240 2046 1802 2115; baseline 0.004 -21"><span class='ocrx_word' id='word_1_249' title='bbox 240 2051 367 2098; x_wconf 80' lang='lat' dir='ltr'><strong>dum</strong></span> <span class='ocrx_word' id='word_1_250' title='bbox 397 2046 523 2099; x_wconf 91' lang='lat' dir='ltr'><strong>illud</strong></span> <span class='ocrx_word' id='word_1_251' title='bbox 546 2087 561 2112; x_wconf 94' lang='lat'><strong>,</strong></span> <span class='ocrx_word' id='word_1_252' title='bbox 602 2049 742 2115; x_wconf 84' lang='lat' dir='ltr'><strong>quud</strong></span> <span class='ocrx_word' id='word_1_253' title='bbox 769 2046 1029 2100; x_wconf 88' lang='lat' dir='ltr'><strong>editiones</strong></span> <span class='ocrx_word' id='word_1_254' title='bbox 1057 2047 1287 2099; x_wconf 81' lang='lat' dir='ltr'><strong>maxime</strong></span> <span class='ocrx_word' id='word_1_255' title='bbox 1323 2059 1480 2099; x_wconf 88' lang='lat' dir='ltr'><strong>ornat</strong></span> <span class='ocrx_word' id='word_1_256' title='bbox 1503 2055 1556 2100; x_wconf 86' lang='lat' dir='ltr'><strong>et</strong></span> <span class='ocrx_word' id='word_1_257' title='bbox 1582 2046 1802 2113; x_wconf 86' lang='lat' dir='ltr'><strong>perﬁcit,</strong></span> 
     </span>
    </p>
   </div>
   <div class='ocr_carea' id='block_1_35' title="bbox 238 2138 1807 2194">
    <p class='ocr_par' dir='ltr' id='par_1_35' title="bbox 238 2138 1807 2194">
     <span class='ocr_line' id='line_1_35' title="bbox 238 2138 1807 2194; baseline 0 -2"><span class='ocrx_word' id='word_1_258' title='bbox 238 2139 530 2192; x_wconf 88' lang='lat' dir='ltr'><strong>editionem</strong></span> <span class='ocrx_word' id='word_1_259' title='bbox 564 2138 921 2191; x_wconf 83' lang='lat' dir='ltr'><strong>Parisiensem</strong></span> <span class='ocrx_word' id='word_1_260' title='bbox 956 2138 1022 2192; x_wconf 90' lang='lat' dir='ltr'><strong>ad</strong></span> <span class='ocrx_word' id='word_1_261' title='bbox 1069 2138 1263 2192; x_wconf 89' lang='lat' dir='ltr'><strong>multos</strong></span> <span class='ocrx_word' id='word_1_262' title='bbox 1292 2153 1423 2194; x_wconf 85' lang='lat' dir='ltr'><strong>mss.</strong></span> <span class='ocrx_word' id='word_1_263' title='bbox 1454 2139 1669 2193; x_wconf 87' lang='lat' dir='ltr'><strong>codices</strong></span> <span class='ocrx_word' id='word_1_264' title='bbox 1692 2140 1807 2192; x_wconf 86' lang='lat' dir='ltr'><strong>An-</strong></span> 
     </span>
    </p>
   </div>
   <div class='ocr_carea' id='block_1_36' title="bbox 240 2227 1807 2299">
    <p class='ocr_par' dir='ltr' id='par_1_36' title="bbox 240 2227 1807 2299">
     <span class='ocr_line' id='line_1_36' title="bbox 240 2227 1807 2299; baseline -0.001 -18"><span class='ocrx_word' id='word_1_265' title='bbox 240 2230 411 2299; x_wconf 81' lang='lat' dir='ltr'><strong>glicus</strong></span> <span class='ocrx_word' id='word_1_266' title='bbox 436 2239 490 2282; x_wconf 90' lang='lat' dir='ltr'><strong>et</strong></span> <span class='ocrx_word' id='word_1_267' title='bbox 522 2228 756 2282; x_wconf 89' lang='lat' dir='ltr'><strong>Gallicos</strong></span> <span class='ocrx_word' id='word_1_268' title='bbox 791 2229 1117 2296; x_wconf 75' lang='lat' dir='ltr'><strong>recognitum</strong></span> <span class='ocrx_word' id='word_1_269' title='bbox 1166 2227 1333 2283; x_wconf 86' lang='lat' dir='ltr'><strong>fuisse</strong></span> <span class='ocrx_word' id='word_1_270' title='bbox 1382 2238 1543 2296; x_wconf 90' lang='lat' dir='ltr'><strong>atque</strong></span> <span class='ocrx_word' id='word_1_271' title='bbox 1574 2228 1807 2297; x_wconf 84' lang='lat' dir='ltr'><strong>castiga-</strong></span> 
     </span>
    </p>
   </div>
   <div class='ocr_carea' id='block_1_37' title="bbox 242 2320 1809 2375">
    <p class='ocr_par' dir='ltr' id='par_1_37' title="bbox 242 2320 1809 2375">
     <span class='ocr_line' id='line_1_37' title="bbox 242 2320 1809 2375; baseline 0.001 -1"><span class='ocrx_word' id='word_1_272' title='bbox 242 2334 370 2375; x_wconf 77' lang='lat' dir='ltr'><strong>tam.</strong></span> <span class='ocrx_word' id='word_1_273' title='bbox 416 2321 473 2375; x_wconf 92' lang='lat' dir='ltr'><strong>lu</strong></span> <span class='ocrx_word' id='word_1_274' title='bbox 506 2321 609 2375; x_wconf 88' lang='lat' dir='ltr'><strong>hac</strong></span> <span class='ocrx_word' id='word_1_275' title='bbox 649 2322 883 2374; x_wconf 87' lang='lat' dir='ltr'><strong>editione</strong></span> <span class='ocrx_word' id='word_1_276' title='bbox 935 2322 1278 2374; x_wconf 88' lang='lat' dir='ltr'><strong>inveniuntur</strong></span> <span class='ocrx_word' id='word_1_277' title='bbox 1311 2332 1367 2375; x_wconf 92' lang='lat' dir='ltr'><strong>et</strong></span> <span class='ocrx_word' id='word_1_278' title='bbox 1396 2322 1512 2375; x_wconf 68' lang='lat' dir='ltr'><strong>aliae</strong></span> <span class='ocrx_word' id='word_1_279' title='bbox 1539 2322 1700 2375; x_wconf 86' lang='lat' dir='ltr'><strong>variae</strong></span> <span class='ocrx_word' id='word_1_280' title='bbox 1734 2320 1809 2375; x_wconf 85' lang='lat' dir='ltr'><strong>le-</strong></span> 
     </span>
    </p>
   </div>
   <div class='ocr_carea' id='block_1_38' title="bbox 240 2412 1805 2480">
    <p class='ocr_par' dir='ltr' id='par_1_38' title="bbox 240 2412 1805 2480">
     <span class='ocr_line' id='line_1_38' title="bbox 240 2412 1805 2480; baseline -0.001 -13"><span class='ocrx_word' id='word_1_281' title='bbox 240 2415 450 2467; x_wconf 89' lang='lat' dir='ltr'><strong>ctiones</strong></span> <span class='ocrx_word' id='word_1_282' title='bbox 503 2427 534 2464; x_wconf 90' lang='lat' dir='ltr'><strong>a</strong></span> <span class='ocrx_word' id='word_1_283' title='bbox 588 2412 914 2480; x_wconf 88' lang='lat' dir='ltr'><strong>peritissimo</strong></span> <span class='ocrx_word' id='word_1_284' title='bbox 963 2412 1081 2466; x_wconf 86' lang='lat' dir='ltr'><strong>viro</strong></span> <span class='ocrx_word' id='word_1_285' title='bbox 1136 2413 1351 2468; x_wconf 84' lang='lat' dir='ltr'><strong>Audrea</strong></span> <span class='ocrx_word' id='word_1_286' title='bbox 1415 2412 1639 2467; x_wconf 91' lang='lat' dir='ltr'><strong>Schotto</strong></span> <span class='ocrx_word' id='word_1_287' title='bbox 1692 2412 1805 2467; x_wconf 82' lang='lat' dir='ltr'><strong>col-</strong></span> 
     </span>
    </p>
   </div>
   <div class='ocr_carea' id='block_1_39' title="bbox 242 2506 416 2559">
    <p class='ocr_par' dir='ltr' id='par_1_39' title="bbox 242 2506 416 2559">
     <span class='ocr_line' id='line_1_39' title="bbox 242 2506 416 2559; baseline 0 -2"><span class='ocrx_word' id='word_1_288' title='bbox 242 2506 416 2559; x_wconf 74' lang='lat' dir='ltr'><strong>Ieclzn.</strong></span> 
     </span>
    </p>
   </div>
   <div class='ocr_carea' id='block_1_40' title="bbox 315 2592 1809 2656">
    <p class='ocr_par' dir='ltr' id='par_1_40' title="bbox 315 2592 1809 2656">
     <span class='ocr_line' id='line_1_40' title="bbox 315 2592 1809 2656; baseline -0.002 -8"><span class='ocrx_word' id='word_1_289' title='bbox 315 2596 368 2648; x_wconf 91' lang='lat'><strong>8.</strong></span> <span class='ocrx_word' id='word_1_290' title='bbox 408 2593 584 2647; x_wconf 76' lang='lat' dir='ltr'><strong>Pauca</strong></span> <span class='ocrx_word' id='word_1_291' title='bbox 610 2593 786 2647; x_wconf 90' lang='lat' dir='ltr'><strong>dicam</strong></span> <span class='ocrx_word' id='word_1_292' title='bbox 816 2592 880 2646; x_wconf 91' lang='lat' dir='ltr'><strong>de</strong></span> <span class='ocrx_word' id='word_1_293' title='bbox 909 2601 1091 2645; x_wconf 89' lang='lat' dir='ltr'><strong>nostro</strong></span> <span class='ocrx_word' id='word_1_294' title='bbox 1117 2592 1321 2656; x_wconf 83' lang='lat' dir='ltr'><strong>labore,</strong></span> <span class='ocrx_word' id='word_1_295' title='bbox 1355 2608 1474 2646; x_wconf 87' lang='lat' dir='ltr'><strong>eum</strong></span> <span class='ocrx_word' id='word_1_296' title='bbox 1512 2593 1576 2645; x_wconf 90' lang='lat' dir='ltr'><strong>de</strong></span> <span class='ocrx_word' id='word_1_297' title='bbox 1604 2606 1669 2644; x_wconf 91' lang='lat' dir='ltr'><strong>eo</strong></span> <span class='ocrx_word' id='word_1_298' title='bbox 1698 2606 1809 2645; x_wconf 82' lang='lat' dir='ltr'><strong>mc-</strong></span> 
     </span>
    </p>
   </div>
   <div class='ocr_carea' id='block_1_41' title="bbox 241 2683 1806 2752">
    <p class='ocr_par' dir='ltr' id='par_1_41' title="bbox 241 2683 1806 2752">
     <span class='ocr_line' id='line_1_41' title="bbox 241 2683 1806 2752; baseline -0.001 -16"><span class='ocrx_word' id='word_1_299' title='bbox 241 2685 344 2738; x_wconf 89' lang='lat' dir='ltr'><strong>lius</strong></span> <span class='ocrx_word' id='word_1_300' title='bbox 367 2685 613 2751; x_wconf 89' lang='lat' dir='ltr'><strong>judicare</strong></span> <span class='ocrx_word' id='word_1_301' title='bbox 640 2686 835 2751; x_wconf 82' lang='lat' dir='ltr'><strong>cuique</strong></span> <span class='ocrx_word' id='word_1_302' title='bbox 875 2684 985 2752; x_wconf 84' lang='lat' dir='ltr'><strong>jam</strong></span> <span class='ocrx_word' id='word_1_303' title='bbox 1019 2683 1195 2737; x_wconf 91' lang='lat' dir='ltr'><strong>liccat.</strong></span> <span class='ocrx_word' id='word_1_304' title='bbox 1225 2683 1615 2737; x_wconf 86' lang='lat' dir='ltr'><strong>Celeberrimas</strong></span> <span class='ocrx_word' id='word_1_305' title='bbox 1646 2698 1806 2751; x_wconf 87' lang='lat' dir='ltr'><strong>quas-</strong></span> 
     </span>
    </p>
   </div>
   <div class='ocr_carea' id='block_1_42' title="bbox 239 2774 1807 2844">
    <p class='ocr_par' dir='ltr' id='par_1_42' title="bbox 239 2774 1807 2844">
     <span class='ocr_line' id='line_1_42' title="bbox 239 2774 1807 2844; baseline 0.002 -20"><span class='ocrx_word' id='word_1_306' title='bbox 239 2792 345 2844; x_wconf 87' lang='lat' dir='ltr'><strong>que</strong></span> <span class='ocrx_word' id='word_1_307' title='bbox 374 2777 723 2829; x_wconf 74' lang='lat' dir='ltr'><strong>bibliothecas</strong></span> <span class='ocrx_word' id='word_1_308' title='bbox 765 2776 1050 2829; x_wconf 85' lang='lat' dir='ltr'><strong>Basilianis</strong></span> <span class='ocrx_word' id='word_1_309' title='bbox 1099 2774 1376 2828; x_wconf 90' lang='lat' dir='ltr'><strong>codicibns</strong></span> <span class='ocrx_word' id='word_1_310' title='bbox 1414 2776 1642 2827; x_wconf 84' lang='lat' dir='ltr'><strong>refertas</strong></span> <span class='ocrx_word' id='word_1_311' title='bbox 1687 2789 1807 2827; x_wconf 90' lang='lat' dir='ltr'><strong>csse</strong></span> 
     </span>
    </p>
   </div>
   <div class='ocr_carea' id='block_1_43' title="bbox 242 2866 1805 2932">
    <p class='ocr_par' dir='ltr' id='par_1_43' title="bbox 242 2866 1805 2932">
     <span class='ocr_line' id='line_1_43' title="bbox 242 2866 1805 2932; baseline -0.001 -12"><span class='ocrx_word' id='word_1_312' title='bbox 242 2869 424 2921; x_wconf 87' lang='lat' dir='ltr'><strong>umltis</strong></span> <span class='ocrx_word' id='word_1_313' title='bbox 458 2869 609 2932; x_wconf 85' lang='lat' dir='ltr'><strong>locis,</strong></span> <span class='ocrx_word' id='word_1_314' title='bbox 641 2868 859 2920; x_wconf 73' lang='lat' dir='ltr'><strong>Lutetia:</strong></span> <span class='ocrx_word' id='word_1_315' title='bbox 888 2868 1238 2926; x_wconf 86' lang='lat' dir='ltr'><strong>Parisiorum,</strong></span> <span class='ocrx_word' id='word_1_316' title='bbox 1260 2866 1463 2928; x_wconf 68' lang='lat' dir='ltr'><strong>Romae,</strong></span> <span class='ocrx_word' id='word_1_317' title='bbox 1497 2866 1805 2930; x_wconf 68' lang='lat' dir='ltr'><strong>Florentiae,</strong></span> 
     </span>
    </p>
   </div>
   <div class='ocr_carea' id='block_1_44' title="bbox 238 2954 1805 3023">
    <p class='ocr_par' dir='ltr' id='par_1_44' title="bbox 238 2954 1805 3023">
     <span class='ocr_line' id='line_1_44' title="bbox 238 2954 1805 3023; baseline -0.004 -10"><span class='ocrx_word' id='word_1_318' title='bbox 238 2954 458 3017; x_wconf 81' lang='lat' dir='ltr'><strong>Oxonii,</strong></span> <span class='ocrx_word' id='word_1_319' title='bbox 491 2966 544 3009; x_wconf 90' lang='lat' dir='ltr'><strong>et</strong></span> <span class='ocrx_word' id='word_1_320' title='bbox 576 2956 721 3019; x_wconf 88' lang='lat' dir='ltr'><strong>alibi,</strong></span> <span class='ocrx_word' id='word_1_321' title='bbox 756 2955 836 3008; x_wconf 87' lang='lat' dir='ltr'><strong>vel</strong></span> <span class='ocrx_word' id='word_1_322' title='bbox 877 2970 907 3008; x_wconf 90' lang='lat' dir='ltr'><strong>e</strong></span> <span class='ocrx_word' id='word_1_323' title='bbox 954 2958 1126 3023; x_wconf 88' lang='lat' dir='ltr'><strong>primo</strong></span> <span class='ocrx_word' id='word_1_324' title='bbox 1158 2956 1388 3007; x_wconf 91' lang='lat' dir='ltr'><strong>indicum</strong></span> <span class='ocrx_word' id='word_1_325' title='bbox 1427 2964 1644 3022; x_wconf 88' lang='lat' dir='ltr'><strong>aspectu</strong></span> <span class='ocrx_word' id='word_1_326' title='bbox 1673 2971 1805 3007; x_wconf 87' lang='lat' dir='ltr'><strong>con-</strong></span> 
     </span>
    </p>
   </div>
   <div class='ocr_carea' id='block_1_45' title="bbox 238 3044 1802 3113">
    <p class='ocr_par' dir='ltr' id='par_1_45' title="bbox 238 3044 1802 3113">
     <span class='ocr_line' id='line_1_45' title="bbox 238 3044 1802 3113; baseline -0.003 -14"><span class='ocrx_word' id='word_1_327' title='bbox 238 3058 366 3100; x_wconf 88' lang='lat' dir='ltr'><strong>stat.</strong></span> <span class='ocrx_word' id='word_1_328' title='bbox 403 3047 631 3100; x_wconf 52' lang='lat' dir='ltr'><strong>Coiliecs</strong></span> <span class='ocrx_word' id='word_1_329' title='bbox 668 3046 941 3098; x_wconf 86' lang='lat' dir='ltr'><strong>Parisiuos</strong></span> <span class='ocrx_word' id='word_1_330' title='bbox 974 3060 1199 3112; x_wconf 88' lang='lat' dir='ltr'><strong>quorum</strong></span> <span class='ocrx_word' id='word_1_331' title='bbox 1249 3046 1403 3098; x_wconf 90' lang='lat' dir='ltr'><strong>nobis</strong></span> <span class='ocrx_word' id='word_1_332' title='bbox 1449 3044 1658 3113; x_wconf 88' lang='lat' dir='ltr'><strong>copiam</strong></span> <span class='ocrx_word' id='word_1_333' title='bbox 1704 3044 1802 3097; x_wconf 69' lang='lat' dir='ltr'><strong>hu.</strong></span> 
     </span>
    </p>
   </div>
   <div class='ocr_carea' id='block_1_46' title="bbox 239 3136 1806 3206">
    <p class='ocr_par' dir='ltr' id='par_1_46' title="bbox 239 3136 1806 3206">
     <span class='ocr_line' id='line_1_46' title="bbox 239 3136 1806 3206; baseline -0.003 -13"><span class='ocrx_word' id='word_1_334' title='bbox 239 3140 555 3195; x_wconf 72' lang='lat' dir='ltr'><strong>manissitne</strong></span> <span class='ocrx_word' id='word_1_335' title='bbox 585 3137 787 3191; x_wconf 85' lang='lat' dir='ltr'><strong>faciunt</strong></span> <span class='ocrx_word' id='word_1_336' title='bbox 815 3138 1049 3206; x_wconf 58' lang='lat' dir='ltr'><strong>praefecti</strong></span> <span class='ocrx_word' id='word_1_337' title='bbox 1099 3136 1564 3201; x_wconf 87' lang='lat' dir='ltr'><strong>bibliothecarum,</strong></span> <span class='ocrx_word' id='word_1_338' title='bbox 1609 3139 1661 3190; x_wconf 92' lang='lat' dir='ltr'><strong>in</strong></span> <span class='ocrx_word' id='word_1_339' title='bbox 1694 3137 1806 3205; x_wconf 90' lang='lat' dir='ltr'><strong>pri-</strong></span> 
     </span>
    </p>
   </div>
   <div class='ocr_carea' id='block_1_47' title="bbox 239 3228 1800 3300">
    <p class='ocr_par' dir='ltr' id='par_1_47' title="bbox 239 3228 1800 3300">
     <span class='ocr_line' id='line_1_47' title="bbox 239 3228 1800 3300; baseline -0.002 -16"><span class='ocrx_word' id='word_1_340' title='bbox 239 3234 345 3285; x_wconf 90' lang='lat' dir='ltr'><strong>mis</strong></span> <span class='ocrx_word' id='word_1_341' title='bbox 377 3233 657 3300; x_wconf 79' lang='lat' dir='ltr'><strong>diligenter</strong></span> <span class='ocrx_word' id='word_1_342' title='bbox 693 3230 867 3298; x_wconf 79' lang='lat' dir='ltr'><strong>legere</strong></span> <span class='ocrx_word' id='word_1_343' title='bbox 901 3230 1282 3283; x_wconf 87' lang='lat' dir='ltr'><strong>coustitueram</strong></span> <span class='ocrx_word' id='word_1_344' title='bbox 1319 3246 1332 3283; x_wconf 92' lang='lat'>:</span> <span class='ocrx_word' id='word_1_345' title='bbox 1369 3229 1460 3283; x_wconf 83' lang='lat' dir='ltr'><strong>sed</strong></span> <span class='ocrx_word' id='word_1_346' title='bbox 1488 3228 1631 3281; x_wconf 85' lang='lat' dir='ltr'><strong>brevi</strong></span> <span class='ocrx_word' id='word_1_347' title='bbox 1660 3229 1800 3281; x_wconf 91' lang='lat' dir='ltr'><strong>sensi</strong></span> 
     </span>
    </p>
   </div>
   <div class='ocr_carea' id='block_1_48' title="bbox 236 3319 1805 3386">
    <p class='ocr_par' dir='ltr' id='par_1_48' title="bbox 236 3319 1805 3386">
     <span class='ocr_line' id='line_1_48' title="bbox 236 3319 1805 3386; baseline -0.001 -12"><span class='ocrx_word' id='word_1_348' title='bbox 236 3338 361 3377; x_wconf 79' lang='lat' dir='ltr'><strong>esse</strong></span> <span class='ocrx_word' id='word_1_349' title='bbox 390 3338 475 3375; x_wconf 87' lang='lat' dir='ltr'><strong>me</strong></span> <span class='ocrx_word' id='word_1_350' title='bbox 503 3322 780 3375; x_wconf 73' lang='lat' dir='ltr'><strong>volvendis</strong></span> <span class='ocrx_word' id='word_1_351' title='bbox 825 3332 900 3374; x_wconf 92' lang='lat' dir='ltr'><strong>tot</strong></span> <span class='ocrx_word' id='word_1_352' title='bbox 952 3321 1099 3374; x_wconf 83' lang='lat' dir='ltr'><strong>libris</strong></span> <span class='ocrx_word' id='word_1_353' title='bbox 1136 3322 1413 3386; x_wconf 89' lang='lat' dir='ltr'><strong>imparem.</strong></span> <span class='ocrx_word' id='word_1_354' title='bbox 1470 3319 1655 3374; x_wconf 81' lang='lat' dir='ltr'><strong>Adhuc</strong></span> <span class='ocrx_word' id='word_1_355' title='bbox 1692 3321 1805 3374; x_wconf 59' lang='lat' dir='ltr'><strong>haec.</strong></span> 
     </span>
    </p>
   </div>
   <div class='ocr_carea' id='block_1_49' title="bbox 235 3409 1803 3477">
    <p class='ocr_par' dir='ltr' id='par_1_49' title="bbox 235 3409 1803 3477">
     <span class='ocr_line' id='line_1_49' title="bbox 235 3409 1803 3477; baseline -0.003 -10"><span class='ocrx_word' id='word_1_356' title='bbox 235 3425 415 3477; x_wconf 84' lang='lat' dir='ltr'><strong>erant,</strong></span> <span class='ocrx_word' id='word_1_357' title='bbox 459 3427 579 3465; x_wconf 90' lang='lat' dir='ltr'><strong>cum</strong></span> <span class='ocrx_word' id='word_1_358' title='bbox 617 3426 754 3465; x_wconf 91' lang='lat' dir='ltr'><strong>unus</strong></span> <span class='ocrx_word' id='word_1_359' title='bbox 788 3427 818 3465; x_wconf 91' lang='lat' dir='ltr'><strong>e</strong></span> <span class='ocrx_word' id='word_1_360' title='bbox 858 3412 1055 3464; x_wconf 84' lang='lat' dir='ltr'><strong>nostris</strong></span> <span class='ocrx_word' id='word_1_361' title='bbox 1101 3411 1162 3463; x_wconf 92' lang='lat' dir='ltr'><strong>D.</strong></span> <span class='ocrx_word' id='word_1_362' title='bbox 1198 3409 1521 3465; x_wconf 85' lang='lat' dir='ltr'><strong>Frauciscus</strong></span> <span class='ocrx_word' id='word_1_363' title='bbox 1551 3410 1803 3465; x_wconf 80' lang='lat' dir='ltr'><strong>Faverol-</strong></span> 
     </span>
    </p>
   </div>
   <div class='ocr_carea' id='block_1_50' title="bbox 236 3501 1803 3572">
    <p class='ocr_par' dir='ltr' id='par_1_50' title="bbox 236 3501 1803 3572">
     <span class='ocr_line' id='line_1_50' title="bbox 236 3501 1803 3572; baseline -0.001 -15"><span class='ocrx_word' id='word_1_364' title='bbox 236 3504 338 3559; x_wconf 88' lang='lat' dir='ltr'><strong>lius</strong></span> <span class='ocrx_word' id='word_1_365' title='bbox 395 3503 724 3572; x_wconf 79' lang='lat' dir='ltr'><strong>peroﬂiciosc</strong></span> <span class='ocrx_word' id='word_1_366' title='bbox 773 3514 936 3572; x_wconf 88' lang='lat' dir='ltr'><strong>atque</strong></span> <span class='ocrx_word' id='word_1_367' title='bbox 1002 3511 1343 3570; x_wconf 89' lang='lat' dir='ltr'><strong>peramanter</strong></span> <span class='ocrx_word' id='word_1_368' title='bbox 1392 3501 1547 3569; x_wconf 89' lang='lat' dir='ltr'><strong>hujus</strong></span> <span class='ocrx_word' id='word_1_369' title='bbox 1600 3502 1803 3556; x_wconf 89' lang='lat' dir='ltr'><strong>laboris</strong></span> 
     </span>
    </p>
   </div>
   <div class='ocr_carea' id='block_1_51' title="bbox 236 3595 1806 3663">
    <p class='ocr_par' dir='ltr' id='par_1_51' title="bbox 236 3595 1806 3663">
     <span class='ocr_line' id='line_1_51' title="bbox 236 3595 1806 3663; baseline -0.004 -10"><span class='ocrx_word' id='word_1_370' title='bbox 236 3600 464 3653; x_wconf 76' lang='lat' dir='ltr'><strong>conSors</strong></span> <span class='ocrx_word' id='word_1_371' title='bbox 497 3611 560 3649; x_wconf 88' lang='lat' dir='ltr'><strong>ac</strong></span> <span class='ocrx_word' id='word_1_372' title='bbox 589 3596 770 3650; x_wconf 89' lang='lat' dir='ltr'><strong>socius</strong></span> <span class='ocrx_word' id='word_1_373' title='bbox 805 3611 923 3650; x_wconf 89' lang='lat' dir='ltr'><strong>esse</strong></span> <span class='ocrx_word' id='word_1_374' title='bbox 952 3597 1135 3649; x_wconf 89' lang='lat' dir='ltr'><strong>voluit.</strong></span> <span class='ocrx_word' id='word_1_375' title='bbox 1185 3595 1420 3663; x_wconf 89' lang='lat' dir='ltr'><strong>Uterque</strong></span> <span class='ocrx_word' id='word_1_376' title='bbox 1473 3595 1633 3661; x_wconf 81' lang='lat' dir='ltr'><strong>igitur</strong></span> <span class='ocrx_word' id='word_1_377' title='bbox 1663 3605 1806 3648; x_wconf 84' lang='lat' dir='ltr'><strong>vete-</strong></span> 
     </span>
    </p>
   </div>
   <div class='ocr_carea' id='block_1_52' title="bbox 236 3687 1804 3756">
    <p class='ocr_par' dir='ltr' id='par_1_52' title="bbox 236 3687 1804 3756">
     <span class='ocr_line' id='line_1_52' title="bbox 236 3687 1804 3756; baseline -0.003 -12"><span class='ocrx_word' id='word_1_378' title='bbox 236 3705 326 3744; x_wconf 81' lang='lat' dir='ltr'><strong>res</strong></span> <span class='ocrx_word' id='word_1_379' title='bbox 358 3690 476 3743; x_wconf 80' lang='lat' dir='ltr'><strong>i&#39;das</strong></span> <span class='ocrx_word' id='word_1_380' title='bbox 510 3688 851 3744; x_wconf 87' lang='lat' dir='ltr'><strong>membranas</strong></span> <span class='ocrx_word' id='word_1_381' title='bbox 897 3704 1018 3743; x_wconf 85' lang='lat' dir='ltr'><strong>cum</strong></span> <span class='ocrx_word' id='word_1_382' title='bbox 1057 3688 1333 3756; x_wconf 85' lang='lat' dir='ltr'><strong>impressis</strong></span> <span class='ocrx_word' id='word_1_383' title='bbox 1365 3687 1517 3741; x_wconf 86' lang='lat' dir='ltr'><strong>libris</strong></span> <span class='ocrx_word' id='word_1_384' title='bbox 1560 3703 1717 3756; x_wconf 91' lang='lat' dir='ltr'><strong>quam</strong></span> <span class='ocrx_word' id='word_1_385' title='bbox 1748 3687 1804 3740; x_wconf 92' lang='lat' dir='ltr'><strong>li-</strong></span> 
     </span>
    </p>
   </div>
   <div class='ocr_carea' id='block_1_53' title="bbox 235 3779 1799 3848">
    <p class='ocr_par' dir='ltr' id='par_1_53' title="bbox 235 3779 1799 3848">
     <span class='ocr_line' id='line_1_53' title="bbox 235 3779 1799 3848; baseline -0.002 -13"><span class='ocrx_word' id='word_1_386' title='bbox 235 3782 346 3835; x_wconf 88' lang='lat' dir='ltr'><strong>cuit</strong></span> <span class='ocrx_word' id='word_1_387' title='bbox 380 3782 789 3833; x_wconf 89' lang='lat' dir='ltr'><strong>aceuratissimc</strong></span> <span class='ocrx_word' id='word_1_388' title='bbox 831 3779 1079 3833; x_wconf 83' lang='lat' dir='ltr'><strong>conferre</strong></span> <span class='ocrx_word' id='word_1_389' title='bbox 1124 3779 1387 3848; x_wconf 70' lang='lat' dir='ltr'><strong>cmpimus</strong></span> <span class='ocrx_word' id='word_1_390' title='bbox 1428 3797 1440 3831; x_wconf 93' lang='lat'>:</span> <span class='ocrx_word' id='word_1_391' title='bbox 1494 3779 1572 3831; x_wconf 91' lang='lat' dir='ltr'><strong>sic</strong></span> <span class='ocrx_word' id='word_1_392' title='bbox 1604 3788 1799 3842; x_wconf 89' lang='lat' dir='ltr'><strong>tamen,</strong></span> 
     </span>
    </p>
   </div>
   <div class='ocr_carea' id='block_1_54' title="bbox 234 3866 1803 3936">
    <p class='ocr_par' dir='ltr' id='par_1_54' title="bbox 234 3866 1803 3936">
     <span class='ocr_line' id='line_1_54' title="bbox 234 3866 1803 3936; baseline -0.003 -10"><span class='ocrx_word' id='word_1_393' title='bbox 234 3881 293 3926; x_wconf 81' lang='lat' dir='ltr'><strong>ut</strong></span> <span class='ocrx_word' id='word_1_394' title='bbox 314 3886 502 3926; x_wconf 87' lang='lat' dir='ltr'><strong>earum</strong></span> <span class='ocrx_word' id='word_1_395' title='bbox 532 3868 786 3936; x_wconf 83' lang='lat' dir='ltr'><strong>majorem</strong></span> <span class='ocrx_word' id='word_1_396' title='bbox 810 3878 1014 3935; x_wconf 87' lang='lat' dir='ltr'><strong>partem</strong></span> <span class='ocrx_word' id='word_1_397' title='bbox 1041 3869 1084 3923; x_wconf 87' lang='lat' dir='ltr'><strong>is</strong></span> <span class='ocrx_word' id='word_1_398' title='bbox 1111 3909 1125 3935; x_wconf 92' lang='lat'><strong>,</strong></span> <span class='ocrx_word' id='word_1_399' title='bbox 1155 3883 1313 3936; x_wconf 89' lang='lat' dir='ltr'><strong>quem</strong></span> <span class='ocrx_word' id='word_1_400' title='bbox 1346 3866 1503 3921; x_wconf 86' lang='lat' dir='ltr'><strong>modo</strong></span> <span class='ocrx_word' id='word_1_401' title='bbox 1535 3868 1645 3922; x_wconf 76' lang='lat' dir='ltr'><strong>dixi</strong></span> <span class='ocrx_word' id='word_1_402' title='bbox 1671 3907 1687 3931; x_wconf 91' lang='lat'><strong>,</strong></span> <span class='ocrx_word' id='word_1_403' title='bbox 1721 3870 1803 3921; x_wconf 90' lang='lat' dir='ltr'><strong>vir</strong></span> 
     </span>
    </p>
   </div>
   <div class='ocr_carea' id='block_1_55' title="bbox 236 3960 1804 4030">
    <p class='ocr_par' dir='ltr' id='par_1_55' title="bbox 236 3960 1804 4030">
     <span class='ocr_line' id='line_1_55' title="bbox 236 3960 1804 4030; baseline -0.001 -15"><span class='ocrx_word' id='word_1_404' title='bbox 236 3964 365 4015; x_wconf 88' lang='lat' dir='ltr'><strong>mihi</strong></span> <span class='ocrx_word' id='word_1_405' title='bbox 410 3961 776 4015; x_wconf 83' lang='lat' dir='ltr'><strong>amicissimus</strong></span> <span class='ocrx_word' id='word_1_406' title='bbox 818 3961 1064 4030; x_wconf 81' lang='lat' dir='ltr'><strong>idemque</strong></span> <span class='ocrx_word' id='word_1_407' title='bbox 1108 3962 1347 4015; x_wconf 90' lang='lat' dir='ltr'><strong>omnium</strong></span> <span class='ocrx_word' id='word_1_408' title='bbox 1396 3960 1549 4030; x_wconf 88' lang='lat' dir='ltr'><strong>longe</strong></span> <span class='ocrx_word' id='word_1_409' title='bbox 1581 3962 1804 4030; x_wconf 87' lang='lat' dir='ltr'><strong>diligen-</strong></span> 
     </span>
    </p>
   </div>
   <div class='ocr_carea' id='block_1_56' title="bbox 236 4053 1799 4123">
    <p class='ocr_par' dir='ltr' id='par_1_56' title="bbox 236 4053 1799 4123">
     <span class='ocr_line' id='line_1_56' title="bbox 236 4053 1799 4123; baseline 0 -17"><span class='ocrx_word' id='word_1_410' title='bbox 236 4054 480 4107; x_wconf 85' lang='lat' dir='ltr'><strong>tissimus</strong></span> <span class='ocrx_word' id='word_1_411' title='bbox 507 4054 815 4107; x_wconf 91' lang='lat' dir='ltr'><strong>contulerit.</strong></span> <span class='ocrx_word' id='word_1_412' title='bbox 862 4054 1001 4120; x_wconf 86' lang='lat' dir='ltr'><strong>Quin</strong></span> <span class='ocrx_word' id='word_1_413' title='bbox 1046 4055 1229 4119; x_wconf 87' lang='lat' dir='ltr'><strong>etiam,</strong></span> <span class='ocrx_word' id='word_1_414' title='bbox 1260 4056 1436 4123; x_wconf 88' lang='lat' dir='ltr'><strong>quoad</strong></span> <span class='ocrx_word' id='word_1_415' title='bbox 1467 4056 1580 4107; x_wconf 86' lang='lat' dir='ltr'><strong>ﬁeri</strong></span> <span class='ocrx_word' id='word_1_416' title='bbox 1607 4053 1799 4122; x_wconf 92' lang='lat' dir='ltr'><strong>potuit,</strong></span> 
     </span>
    </p>
   </div>
   <div class='ocr_carea' id='block_1_57' title="bbox 236 4142 1804 4212">
    <p class='ocr_par' dir='ltr' id='par_1_57' title="bbox 236 4142 1804 4212">
     <span class='ocr_line' id='line_1_57' title="bbox 236 4142 1804 4212; baseline -0.001 -15"><span class='ocrx_word' id='word_1_417' title='bbox 236 4142 449 4197; x_wconf 72' lang='lat' dir='ltr'><strong>wdices</strong></span> <span class='ocrx_word' id='word_1_418' title='bbox 480 4144 652 4210; x_wconf 88' lang='lat' dir='ltr'><strong>ipsos,</strong></span> <span class='ocrx_word' id='word_1_419' title='bbox 686 4143 775 4211; x_wconf 89' lang='lat' dir='ltr'><strong>qui</strong></span> <span class='ocrx_word' id='word_1_420' title='bbox 821 4145 888 4196; x_wconf 86' lang='lat' dir='ltr'><strong>ab</strong></span> <span class='ocrx_word' id='word_1_421' title='bbox 937 4143 1242 4197; x_wconf 92' lang='lat' dir='ltr'><strong>hominibus</strong></span> <span class='ocrx_word' id='word_1_422' title='bbox 1274 4143 1516 4197; x_wconf 90' lang='lat' dir='ltr'><strong>doctrina</strong></span> <span class='ocrx_word' id='word_1_423' title='bbox 1548 4152 1804 4212; x_wconf 64' lang='lat' dir='ltr'><strong>praestan-</strong></span> 
     </span>
    </p>
   </div>
   <div class='ocr_carea' id='block_1_58' title="bbox 238 4233 1798 4296">
    <p class='ocr_par' dir='ltr' id='par_1_58' title="bbox 238 4233 1798 4296">
     <span class='ocr_line' id='line_1_58' title="bbox 238 4233 1798 4296; baseline -0.001 -8"><span class='ocrx_word' id='word_1_424' title='bbox 238 4234 464 4288; x_wconf 91' lang='lat' dir='ltr'><strong>tissimis</strong></span> <span class='ocrx_word' id='word_1_425' title='bbox 516 4236 705 4288; x_wconf 64' lang='lat' dir='ltr'><strong>Ducato</strong></span> <span class='ocrx_word' id='word_1_426' title='bbox 739 4244 793 4286; x_wconf 90' lang='lat' dir='ltr'><strong>et</strong></span> <span class='ocrx_word' id='word_1_427' title='bbox 824 4233 1145 4287; x_wconf 84' lang='lat' dir='ltr'><strong>Combeﬁsio</strong></span> <span class='ocrx_word' id='word_1_428' title='bbox 1202 4234 1323 4287; x_wconf 92' lang='lat' dir='ltr'><strong>lecti</strong></span> <span class='ocrx_word' id='word_1_429' title='bbox 1378 4234 1503 4287; x_wconf 90' lang='lat' dir='ltr'><strong>olim</strong></span> <span class='ocrx_word' id='word_1_430' title='bbox 1565 4234 1798 4296; x_wconf 87' lang='lat' dir='ltr'><strong>fuerant,</strong></span> 
     </span>
    </p>
   </div>
   <div class='ocr_carea' id='block_1_59' title="bbox 238 4326 1800 4397">
    <p class='ocr_par' dir='ltr' id='par_1_59' title="bbox 238 4326 1800 4397">
     <span class='ocr_line' id='line_1_59' title="bbox 238 4326 1800 4397; baseline 0 -16"><span class='ocrx_word' id='word_1_431' title='bbox 238 4342 427 4381; x_wconf 89' lang='lat' dir='ltr'><strong>rursus</strong></span> <span class='ocrx_word' id='word_1_432' title='bbox 457 4326 706 4397; x_wconf 83' lang='lat' dir='ltr'><strong>legendos</strong></span> <span class='ocrx_word' id='word_1_433' title='bbox 743 4326 1140 4395; x_wconf 70' lang='lat' dir='ltr'><strong>indicavimus;</strong></span> <span class='ocrx_word' id='word_1_434' title='bbox 1199 4341 1391 4394; x_wconf 90' lang='lat' dir='ltr'><strong>neque,</strong></span> <span class='ocrx_word' id='word_1_435' title='bbox 1440 4337 1499 4379; x_wconf 90' lang='lat' dir='ltr'><strong>ut</strong></span> <span class='ocrx_word' id='word_1_436' title='bbox 1546 4342 1612 4381; x_wconf 80' lang='lat' dir='ltr'><strong>ex</strong></span> <span class='ocrx_word' id='word_1_437' title='bbox 1658 4328 1800 4381; x_wconf 86' lang='lat' dir='ltr'><strong>notis</strong></span> 
     </span>
    </p>
   </div>
   <div class='ocr_carea' id='block_1_60' title="bbox 237 4415 1800 4486">
    <p class='ocr_par' dir='ltr' id='par_1_60' title="bbox 237 4415 1800 4486">
     <span class='ocr_line' id='line_1_60' title="bbox 237 4415 1800 4486; baseline 0.003 -19"><span class='ocrx_word' id='word_1_438' title='bbox 237 4419 528 4477; x_wconf 78' lang='lat' dir='ltr'><strong>constabit,</strong></span> <span class='ocrx_word' id='word_1_439' title='bbox 581 4432 797 4486; x_wconf 86' lang='lat' dir='ltr'><strong>operam</strong></span> <span class='ocrx_word' id='word_1_440' title='bbox 848 4428 1087 4471; x_wconf 90' lang='lat' dir='ltr'><strong>nostram</strong></span> <span class='ocrx_word' id='word_1_441' title='bbox 1140 4415 1386 4471; x_wconf 91' lang='lat' dir='ltr'><strong>lusimus.</strong></span> <span class='ocrx_word' id='word_1_442' title='bbox 1439 4416 1633 4470; x_wconf 75' lang='lat' dir='ltr'><strong>Mirum</strong></span> <span class='ocrx_word' id='word_1_443' title='bbox 1670 4433 1800 4472; x_wconf 88' lang='lat' dir='ltr'><strong>sane</strong></span> 
     </span>
    </p>
   </div>
   <div class='ocr_carea' id='block_1_61' title="bbox 1909 1952 3476 2021">
    <p class='ocr_par' dir='ltr' id='par_1_61' title="bbox 1909 1952 3476 2021">
     <span class='ocr_line' id='line_1_61' title="bbox 1909 1952 3476 2021; baseline 0.003 -14"><span class='ocrx_word' id='word_1_444' title='bbox 1909 1953 2012 2007; x_wconf 74' lang='lat' dir='ltr'><strong>illa:</strong></span> <span class='ocrx_word' id='word_1_445' title='bbox 2040 1968 2143 2006; x_wconf 89' lang='lat' dir='ltr'><strong>una</strong></span> <span class='ocrx_word' id='word_1_446' title='bbox 2170 1961 2225 2006; x_wconf 92' lang='lat' dir='ltr'><strong>et</strong></span> <span class='ocrx_word' id='word_1_447' title='bbox 2268 1952 2484 2021; x_wconf 88' lang='lat' dir='ltr'><strong>triginta</strong></span> <span class='ocrx_word' id='word_1_448' title='bbox 2533 1968 2638 2006; x_wconf 89' lang='lat' dir='ltr'><strong>non</strong></span> <span class='ocrx_word' id='word_1_449' title='bbox 2667 1967 2855 2006; x_wconf 91' lang='lat' dir='ltr'><strong>omnes</strong></span> <span class='ocrx_word' id='word_1_450' title='bbox 2901 1954 2991 2005; x_wconf 92' lang='lat' dir='ltr'><strong>uni</strong></span> <span class='ocrx_word' id='word_1_451' title='bbox 3044 1965 3097 2007; x_wconf 93' lang='lat' dir='ltr'><strong>ct</strong></span> <span class='ocrx_word' id='word_1_452' title='bbox 3131 1957 3303 2010; x_wconf 88' lang='lat' dir='ltr'><strong>eidem</strong></span> <span class='ocrx_word' id='word_1_453' title='bbox 3336 1960 3476 2012; x_wconf 86' lang='lat' dir='ltr'><strong>scri-</strong></span> 
     </span>
    </p>
   </div>
   <div class='ocr_carea' id='block_1_62' title="bbox 1909 2041 3473 2115">
    <p class='ocr_par' dir='ltr' id='par_1_62' title="bbox 1909 2041 3473 2115">
     <span class='ocr_line' id='line_1_62' title="bbox 1909 2041 3473 2115; baseline 0.004 -20"><span class='ocrx_word' id='word_1_454' title='bbox 1909 2042 2045 2112; x_wconf 91' lang='lat' dir='ltr'><strong>ptori</strong></span> <span class='ocrx_word' id='word_1_455' title='bbox 2083 2041 2411 2095; x_wconf 83' lang='lat' dir='ltr'><strong>tribuuntur.</strong></span> <span class='ocrx_word' id='word_1_456' title='bbox 2461 2041 2572 2095; x_wconf 82' lang='lat' dir='ltr'><strong>Duo</strong></span> <span class='ocrx_word' id='word_1_457' title='bbox 2605 2055 2741 2110; x_wconf 88' lang='lat' dir='ltr'><strong>quos</strong></span> <span class='ocrx_word' id='word_1_458' title='bbox 2788 2041 3051 2096; x_wconf 84' lang='lat' dir='ltr'><strong>habemus</strong></span> <span class='ocrx_word' id='word_1_459' title='bbox 3094 2043 3168 2099; x_wconf 79' lang='lat' dir='ltr'><strong>De</strong></span> <span class='ocrx_word' id='word_1_460' title='bbox 3220 2045 3473 2115; x_wconf 79' lang='lat' dir='ltr'><strong>buptitmo</strong></span> 
     </span>
    </p>
   </div>
   <div class='ocr_carea' id='block_1_63' title="bbox 1909 2133 3476 2203">
    <p class='ocr_par' dir='ltr' id='par_1_63' title="bbox 1909 2133 3476 2203">
     <span class='ocr_line' id='line_1_63' title="bbox 1909 2133 3476 2203; baseline 0.003 -15"><span class='ocrx_word' id='word_1_461' title='bbox 1909 2134 2028 2188; x_wconf 88' lang='lat' dir='ltr'><strong>libri</strong></span> <span class='ocrx_word' id='word_1_462' title='bbox 2066 2142 2385 2188; x_wconf 84' lang='lat' dir='ltr'><strong>revocantur</strong></span> <span class='ocrx_word' id='word_1_463' title='bbox 2414 2133 2466 2185; x_wconf 90' lang='lat' dir='ltr'><strong>in</strong></span> <span class='ocrx_word' id='word_1_464' title='bbox 2500 2133 2719 2186; x_wconf 88' lang='lat' dir='ltr'><strong>dubium</strong></span> <span class='ocrx_word' id='word_1_465' title='bbox 2748 2150 2775 2187; x_wconf 88' lang='lat' dir='ltr'><strong>a</strong></span> <span class='ocrx_word' id='word_1_466' title='bbox 2802 2136 3143 2203; x_wconf 83' lang='lat' dir='ltr'><strong>quibusdam.</strong></span> <span class='ocrx_word' id='word_1_467' title='bbox 3184 2138 3239 2190; x_wconf 90' lang='lat' dir='ltr'><strong>In</strong></span> <span class='ocrx_word' id='word_1_468' title='bbox 3264 2151 3476 2192; x_wconf 87' lang='lat' dir='ltr'><strong>contro-</strong></span> 
     </span>
    </p>
   </div>
   <div class='ocr_carea' id='block_1_64' title="bbox 1906 2223 3475 2297">
    <p class='ocr_par' dir='ltr' id='par_1_64' title="bbox 1906 2223 3475 2297">
     <span class='ocr_line' id='line_1_64' title="bbox 1906 2223 3475 2297; baseline 0.004 -18"><span class='ocrx_word' id='word_1_469' title='bbox 1906 2240 2065 2280; x_wconf 88' lang='lat' dir='ltr'><strong>verso</strong></span> <span class='ocrx_word' id='word_1_470' title='bbox 2100 2233 2183 2279; x_wconf 90' lang='lat' dir='ltr'><strong>est</strong></span> <span class='ocrx_word' id='word_1_471' title='bbox 2211 2224 2346 2279; x_wconf 89' lang='lat' dir='ltr'><strong>liber</strong></span> <span class='ocrx_word' id='word_1_472' title='bbox 2376 2223 2451 2277; x_wconf 78' lang='lat' dir='ltr'><strong>De</strong></span> <span class='ocrx_word' id='word_1_473' title='bbox 2478 2241 2597 2277; x_wconf 69' lang='lat' dir='ltr'><strong>vera</strong></span> <span class='ocrx_word' id='word_1_474' title='bbox 2628 2227 2948 2295; x_wconf 78' lang='lat' dir='ltr'><strong>virginitate.</strong></span> <span class='ocrx_word' id='word_1_475' title='bbox 2978 2228 3358 2297; x_wconf 77' lang='lat' dir='ltr'><strong>Atuplissituus</strong></span> <span class='ocrx_word' id='word_1_476' title='bbox 3386 2233 3475 2285; x_wconf 89' lang='lat' dir='ltr'><strong>ille</strong></span> 
     </span>
    </p>
   </div>
   <div class='ocr_carea' id='block_1_65' title="bbox 1910 2316 3475 2389">
    <p class='ocr_par' dir='ltr' id='par_1_65' title="bbox 1910 2316 3475 2389">
     <span class='ocr_line' id='line_1_65' title="bbox 1910 2316 3475 2389; baseline 0.002 -17"><span class='ocrx_word' id='word_1_477' title='bbox 1910 2320 1961 2373; x_wconf 93' lang='lat' dir='ltr'><strong>in</strong></span> <span class='ocrx_word' id='word_1_478' title='bbox 2000 2318 2179 2386; x_wconf 87' lang='lat' dir='ltr'><strong>priora</strong></span> <span class='ocrx_word' id='word_1_479' title='bbox 2215 2318 2488 2371; x_wconf 79' lang='lat' dir='ltr'><strong>sexdecim</strong></span> <span class='ocrx_word' id='word_1_480' title='bbox 2538 2316 2689 2370; x_wconf 67' lang='lat' dir='ltr'><strong>Isaia:</strong></span> <span class='ocrx_word' id='word_1_481' title='bbox 2737 2319 2915 2387; x_wconf 88' lang='lat' dir='ltr'><strong>capita</strong></span> <span class='ocrx_word' id='word_1_482' title='bbox 2963 2335 3069 2374; x_wconf 90' lang='lat' dir='ltr'><strong>non</strong></span> <span class='ocrx_word' id='word_1_483' title='bbox 3119 2331 3268 2374; x_wconf 90' lang='lat' dir='ltr'><strong>caret</strong></span> <span class='ocrx_word' id='word_1_484' title='bbox 3300 2323 3475 2389; x_wconf 85' lang='lat' dir='ltr'><strong>suspi-</strong></span> 
     </span>
    </p>
   </div>
   <div class='ocr_carea' id='block_1_66' title="bbox 1908 2408 3471 2479">
    <p class='ocr_par' dir='ltr' id='par_1_66' title="bbox 1908 2408 3471 2479">
     <span class='ocr_line' id='line_1_66' title="bbox 1908 2408 3471 2479; baseline 0.001 -14"><span class='ocrx_word' id='word_1_485' title='bbox 1908 2412 2063 2465; x_wconf 84' lang='lat' dir='ltr'><strong>cione</strong></span> <span class='ocrx_word' id='word_1_486' title='bbox 2108 2409 2276 2479; x_wconf 90' lang='lat' dir='ltr'><strong>omni.</strong></span> <span class='ocrx_word' id='word_1_487' title='bbox 2332 2408 2406 2462; x_wconf 89' lang='lat' dir='ltr'><strong>De</strong></span> <span class='ocrx_word' id='word_1_488' title='bbox 2453 2412 2689 2477; x_wconf 88' lang='lat' dir='ltr'><strong>quinque</strong></span> <span class='ocrx_word' id='word_1_489' title='bbox 2738 2410 2792 2462; x_wconf 80' lang='lat' dir='ltr'><strong>in</strong></span> <span class='ocrx_word' id='word_1_490' title='bbox 2828 2409 3142 2465; x_wconf 83' lang='lat' dir='ltr'><strong>Eunomium</strong></span> <span class='ocrx_word' id='word_1_491' title='bbox 3185 2413 3335 2468; x_wconf 86' lang='lat' dir='ltr'><strong>libris</strong></span> <span class='ocrx_word' id='word_1_492' title='bbox 3366 2429 3471 2467; x_wconf 91' lang='lat' dir='ltr'><strong>non</strong></span> 
     </span>
    </p>
   </div>
   <div class='ocr_carea' id='block_1_67' title="bbox 1906 2498 3475 2569">
    <p class='ocr_par' dir='ltr' id='par_1_67' title="bbox 1906 2498 3475 2569">
     <span class='ocr_line' id='line_1_67' title="bbox 1906 2498 3475 2569; baseline 0.003 -17"><span class='ocrx_word' id='word_1_493' title='bbox 1906 2516 2013 2553; x_wconf 88' lang='lat' dir='ltr'><strong>una</strong></span> <span class='ocrx_word' id='word_1_494' title='bbox 2052 2509 2133 2553; x_wconf 91' lang='lat' dir='ltr'><strong>est</strong></span> <span class='ocrx_word' id='word_1_495' title='bbox 2168 2498 2410 2553; x_wconf 90' lang='lat' dir='ltr'><strong>omnium</strong></span> <span class='ocrx_word' id='word_1_496' title='bbox 2457 2498 2745 2552; x_wconf 88' lang='lat' dir='ltr'><strong>sententia.</strong></span> <span class='ocrx_word' id='word_1_497' title='bbox 2787 2499 2924 2553; x_wconf 89' lang='lat' dir='ltr'><strong>Sunt</strong></span> <span class='ocrx_word' id='word_1_498' title='bbox 2970 2516 3103 2569; x_wconf 91' lang='lat' dir='ltr'><strong>quos</strong></span> <span class='ocrx_word' id='word_1_499' title='bbox 3142 2518 3247 2555; x_wconf 92' lang='lat' dir='ltr'><strong>non</strong></span> <span class='ocrx_word' id='word_1_500' title='bbox 3287 2505 3475 2569; x_wconf 81' lang='lat' dir='ltr'><strong>puduit</strong></span> 
     </span>
    </p>
   </div>
   <div class='ocr_carea' id='block_1_68' title="bbox 1909 2590 3474 2663">
    <p class='ocr_par' dir='ltr' id='par_1_68' title="bbox 1909 2590 3474 2663">
     <span class='ocr_line' id='line_1_68' title="bbox 1909 2590 3474 2663; baseline -0.001 -16"><span class='ocrx_word' id='word_1_501' title='bbox 1909 2593 2098 2647; x_wconf 90' lang='lat' dir='ltr'><strong>ultima</strong></span> <span class='ocrx_word' id='word_1_502' title='bbox 2154 2591 2461 2661; x_wconf 91' lang='lat' dir='ltr'><strong>quindecim</strong></span> <span class='ocrx_word' id='word_1_503' title='bbox 2510 2590 2632 2644; x_wconf 88' lang='lat' dir='ltr'><strong>libri</strong></span> <span class='ocrx_word' id='word_1_504' title='bbox 2668 2590 2747 2645; x_wconf 81' lang='lat' dir='ltr'><strong>De</strong></span> <span class='ocrx_word' id='word_1_505' title='bbox 2791 2591 2994 2660; x_wconf 82' lang='lat' dir='ltr'><strong>Spiritu</strong></span> <span class='ocrx_word' id='word_1_506' title='bbox 3047 2606 3225 2647; x_wconf 76' lang='lat' dir='ltr'><strong>sancto</strong></span> <span class='ocrx_word' id='word_1_507' title='bbox 3274 2597 3474 2663; x_wconf 87' lang='lat' dir='ltr'><strong>capita,</strong></span> 
     </span>
    </p>
   </div>
   <div class='ocr_carea' id='block_1_69' title="bbox 1908 2683 3474 2755">
    <p class='ocr_par' dir='ltr' id='par_1_69' title="bbox 1908 2683 3474 2755">
     <span class='ocr_line' id='line_1_69' title="bbox 1908 2683 3474 2755; baseline -0.001 -14"><span class='ocrx_word' id='word_1_508' title='bbox 1908 2701 2078 2755; x_wconf 91' lang='lat' dir='ltr'><strong>eaque</strong></span> <span class='ocrx_word' id='word_1_509' title='bbox 2109 2686 2398 2754; x_wconf 68' lang='lat' dir='ltr'><strong>praecipua,</strong></span> <span class='ocrx_word' id='word_1_510' title='bbox 2442 2684 2494 2737; x_wconf 92' lang='lat' dir='ltr'><strong>in</strong></span> <span class='ocrx_word' id='word_1_511' title='bbox 2536 2683 2689 2737; x_wconf 82' lang='lat' dir='ltr'><strong>falsis</strong></span> <span class='ocrx_word' id='word_1_512' title='bbox 2733 2693 2893 2753; x_wconf 92' lang='lat' dir='ltr'><strong>atque</strong></span> <span class='ocrx_word' id='word_1_513' title='bbox 2927 2687 3215 2739; x_wconf 90' lang='lat' dir='ltr'><strong>subdititiis</strong></span> <span class='ocrx_word' id='word_1_514' title='bbox 3253 2702 3474 2753; x_wconf 88' lang='lat' dir='ltr'><strong>ponere.</strong></span> 
     </span>
    </p>
   </div>
   <div class='ocr_carea' id='block_1_70' title="bbox 1910 2776 3474 2847">
    <p class='ocr_par' dir='ltr' id='par_1_70' title="bbox 1910 2776 3474 2847">
     <span class='ocr_line' id='line_1_70' title="bbox 1910 2776 3474 2847; baseline 0.001 -16"><span class='ocrx_word' id='word_1_515' title='bbox 1910 2779 2266 2847; x_wconf 80' lang='lat' dir='ltr'><strong>Antiquorum</strong></span> <span class='ocrx_word' id='word_1_516' title='bbox 2298 2786 2354 2830; x_wconf 89' lang='lat' dir='ltr'><strong>et</strong></span> <span class='ocrx_word' id='word_1_517' title='bbox 2387 2776 2750 2830; x_wconf 88' lang='lat' dir='ltr'><strong>recentiorum</strong></span> <span class='ocrx_word' id='word_1_518' title='bbox 2801 2778 2867 2829; x_wconf 91' lang='lat' dir='ltr'><strong>de</strong></span> <span class='ocrx_word' id='word_1_519' title='bbox 2898 2778 3159 2832; x_wconf 79' lang='lat' dir='ltr'><strong>Ascetiois</strong></span> <span class='ocrx_word' id='word_1_520' title='bbox 3193 2780 3474 2847; x_wconf 82' lang='lat' dir='ltr'><strong>opiniones</strong></span> 
     </span>
    </p>
   </div>
   <div class='ocr_carea' id='block_1_71' title="bbox 1910 2868 3472 2941">
    <p class='ocr_par' dir='ltr' id='par_1_71' title="bbox 1910 2868 3472 2941">
     <span class='ocr_line' id='line_1_71' title="bbox 1910 2868 3472 2941; baseline -0.001 -16"><span class='ocrx_word' id='word_1_521' title='bbox 1910 2871 2049 2925; x_wconf 90' lang='lat' dir='ltr'><strong>inter</strong></span> <span class='ocrx_word' id='word_1_522' title='bbox 2088 2885 2149 2925; x_wconf 91' lang='lat' dir='ltr'><strong>se</strong></span> <span class='ocrx_word' id='word_1_523' title='bbox 2190 2869 2491 2924; x_wconf 84' lang='lat' dir='ltr'><strong>concordes</strong></span> <span class='ocrx_word' id='word_1_524' title='bbox 2536 2884 2638 2922; x_wconf 88' lang='lat' dir='ltr'><strong>non</strong></span> <span class='ocrx_word' id='word_1_525' title='bbox 2686 2878 2831 2922; x_wconf 90' lang='lat' dir='ltr'><strong>sunt.</strong></span> <span class='ocrx_word' id='word_1_526' title='bbox 2868 2868 2964 2923; x_wconf 80' lang='lat' dir='ltr'><strong>Vix</strong></span> <span class='ocrx_word' id='word_1_527' title='bbox 3000 2870 3132 2924; x_wconf 90' lang='lat' dir='ltr'><strong>certi</strong></span> <span class='ocrx_word' id='word_1_528' title='bbox 3177 2871 3472 2941; x_wconf 86' lang='lat' dir='ltr'><strong>quidquam</strong></span> 
     </span>
    </p>
   </div>
   <div class='ocr_carea' id='block_1_72' title="bbox 1910 2957 3475 3029">
    <p class='ocr_par' dir='ltr' id='par_1_72' title="bbox 1910 2957 3475 3029">
     <span class='ocr_line' id='line_1_72' title="bbox 1910 2957 3475 3029; baseline -0.001 -14"><span class='ocrx_word' id='word_1_529' title='bbox 1910 2961 2119 3015; x_wconf 89' lang='lat' dir='ltr'><strong>deliniri</strong></span> <span class='ocrx_word' id='word_1_530' title='bbox 2147 2968 2323 3029; x_wconf 90' lang='lat' dir='ltr'><strong>potest</strong></span> <span class='ocrx_word' id='word_1_531' title='bbox 2367 2960 2431 3014; x_wconf 86' lang='lat' dir='ltr'><strong>de</strong></span> <span class='ocrx_word' id='word_1_532' title='bbox 2460 2958 2719 3027; x_wconf 85' lang='lat' dir='ltr'><strong>Liturgia.</strong></span> <span class='ocrx_word' id='word_1_533' title='bbox 2750 2957 3058 3026; x_wconf 78' lang='lat' dir='ltr'><strong>Jurgiorutu</strong></span> <span class='ocrx_word' id='word_1_534' title='bbox 3089 2976 3150 3015; x_wconf 92' lang='lat' dir='ltr'><strong>ac</strong></span> <span class='ocrx_word' id='word_1_535' title='bbox 3184 2961 3475 3017; x_wconf 86' lang='lat' dir='ltr'><strong>discordia-</strong></span> 
     </span>
    </p>
   </div>
   <div class='ocr_carea' id='block_1_73' title="bbox 1912 3052 3477 3125">
    <p class='ocr_par' dir='ltr' id='par_1_73' title="bbox 1912 3052 3477 3125">
     <span class='ocr_line' id='line_1_73' title="bbox 1912 3052 3477 3125; baseline 0.003 -19"><span class='ocrx_word' id='word_1_536' title='bbox 1912 3071 2028 3107; x_wconf 87' lang='lat' dir='ltr'><strong>rum</strong></span> <span class='ocrx_word' id='word_1_537' title='bbox 2088 3053 2355 3121; x_wconf 87' lang='lat' dir='ltr'><strong>quoddam</strong></span> <span class='ocrx_word' id='word_1_538' title='bbox 2417 3052 2571 3120; x_wconf 91' lang='lat' dir='ltr'><strong>quasi</strong></span> <span class='ocrx_word' id='word_1_539' title='bbox 2626 3052 2977 3105; x_wconf 88' lang='lat' dir='ltr'><strong>seminarium</strong></span> <span class='ocrx_word' id='word_1_540' title='bbox 3026 3056 3301 3109; x_wconf 88' lang='lat' dir='ltr'><strong>continent</strong></span> <span class='ocrx_word' id='word_1_541' title='bbox 3349 3056 3477 3125; x_wconf 81' lang='lat' dir='ltr'><strong>Epi-</strong></span> 
     </span>
    </p>
   </div>
   <div class='ocr_carea' id='block_1_74' title="bbox 1913 3143 3472 3216">
    <p class='ocr_par' dir='ltr' id='par_1_74' title="bbox 1913 3143 3472 3216">
     <span class='ocr_line' id='line_1_74' title="bbox 1913 3143 3472 3216; baseline 0 -17"><span class='ocrx_word' id='word_1_542' title='bbox 1913 3145 2084 3199; x_wconf 69' lang='lat' dir='ltr'><strong>stolae.</strong></span> <span class='ocrx_word' id='word_1_543' title='bbox 2121 3143 2254 3196; x_wconf 79' lang='lat' dir='ltr'><strong>Nam</strong></span> <span class='ocrx_word' id='word_1_544' title='bbox 2278 3159 2384 3211; x_wconf 90' lang='lat' dir='ltr'><strong>quo</strong></span> <span class='ocrx_word' id='word_1_545' title='bbox 2421 3157 2586 3206; x_wconf 90' lang='lat' dir='ltr'><strong>anno,</strong></span> <span class='ocrx_word' id='word_1_546' title='bbox 2612 3158 2717 3210; x_wconf 91' lang='lat' dir='ltr'><strong>quo</strong></span> <span class='ocrx_word' id='word_1_547' title='bbox 2752 3158 2957 3207; x_wconf 87' lang='lat' dir='ltr'><strong>mense,</strong></span> <span class='ocrx_word' id='word_1_548' title='bbox 2986 3158 3014 3197; x_wconf 88' lang='lat' dir='ltr'><strong>a</strong></span> <span class='ocrx_word' id='word_1_549' title='bbox 3039 3161 3166 3215; x_wconf 92' lang='lat' dir='ltr'><strong>quo,</strong></span> <span class='ocrx_word' id='word_1_550' title='bbox 3195 3148 3261 3199; x_wconf 82' lang='lat' dir='ltr'><strong>ad</strong></span> <span class='ocrx_word' id='word_1_551' title='bbox 3290 3161 3472 3216; x_wconf 89' lang='lat' dir='ltr'><strong>quem,</strong></span> 
     </span>
    </p>
   </div>
   <div class='ocr_carea' id='block_1_75' title="bbox 1908 3237 3475 3307">
    <p class='ocr_par' dir='ltr' id='par_1_75' title="bbox 1908 3237 3475 3307">
     <span class='ocr_line' id='line_1_75' title="bbox 1908 3237 3475 3307; baseline 0.003 -17"><span class='ocrx_word' id='word_1_552' title='bbox 1908 3253 2011 3307; x_wconf 91' lang='lat' dir='ltr'><strong>qua</strong></span> <span class='ocrx_word' id='word_1_553' title='bbox 2050 3237 2117 3291; x_wconf 86' lang='lat' dir='ltr'><strong>de</strong></span> <span class='ocrx_word' id='word_1_554' title='bbox 2162 3252 2218 3290; x_wconf 90' lang='lat' dir='ltr'><strong>re</strong></span> <span class='ocrx_word' id='word_1_555' title='bbox 2263 3238 2583 3307; x_wconf 71' lang='lat' dir='ltr'><strong>conscripta:</strong></span> <span class='ocrx_word' id='word_1_556' title='bbox 2630 3240 2775 3303; x_wconf 87' lang='lat' dir='ltr'><strong>sint,</strong></span> <span class='ocrx_word' id='word_1_557' title='bbox 2836 3240 3076 3306; x_wconf 90' lang='lat' dir='ltr'><strong>quotidie</strong></span> <span class='ocrx_word' id='word_1_558' title='bbox 3128 3241 3475 3296; x_wconf 86' lang='lat' dir='ltr'><strong>vehementer</strong></span> 
     </span>
    </p>
   </div>
   <div class='ocr_carea' id='block_1_76' title="bbox 1908 3330 3475 3401">
    <p class='ocr_par' dir='ltr' id='par_1_76' title="bbox 1908 3330 3475 3401">
     <span class='ocr_line' id='line_1_76' title="bbox 1908 3330 3475 3401; baseline 0.003 -17"><span class='ocrx_word' id='word_1_559' title='bbox 1908 3332 2213 3398; x_wconf 88' lang='lat' dir='ltr'><strong>acriterque</strong></span> <span class='ocrx_word' id='word_1_560' title='bbox 2258 3330 2581 3397; x_wconf 81' lang='lat' dir='ltr'><strong>disputatur.</strong></span> <span class='ocrx_word' id='word_1_561' title='bbox 2615 3332 2784 3397; x_wconf 84' lang='lat' dir='ltr'><strong>Quam</strong></span> <span class='ocrx_word' id='word_1_562' title='bbox 2812 3340 2990 3385; x_wconf 90' lang='lat' dir='ltr'><strong>autem</strong></span> <span class='ocrx_word' id='word_1_563' title='bbox 3038 3333 3276 3401; x_wconf 89' lang='lat' dir='ltr'><strong>proclive</strong></span> <span class='ocrx_word' id='word_1_564' title='bbox 3308 3333 3379 3388; x_wconf 89' lang='lat' dir='ltr'><strong>sit</strong></span> <span class='ocrx_word' id='word_1_565' title='bbox 3420 3334 3475 3389; x_wconf 92' lang='lat' dir='ltr'><strong>in</strong></span> 
     </span>
    </p>
   </div>
   <div class='ocr_carea' id='block_1_77' title="bbox 1907 3425 3468 3481">
    <p class='ocr_par' dir='ltr' id='par_1_77' title="bbox 1907 3425 3468 3481">
     <span class='ocr_line' id='line_1_77' title="bbox 1907 3425 3468 3481; baseline 0.002 -3"><span class='ocrx_word' id='word_1_566' title='bbox 1907 3434 2054 3478; x_wconf 89' lang='lat' dir='ltr'><strong>tanta</strong></span> <span class='ocrx_word' id='word_1_567' title='bbox 2106 3425 2205 3476; x_wconf 87' lang='lat' dir='ltr'><strong>hac</strong></span> <span class='ocrx_word' id='word_1_568' title='bbox 2254 3438 2433 3476; x_wconf 89' lang='lat' dir='ltr'><strong>rerum</strong></span> <span class='ocrx_word' id='word_1_569' title='bbox 2478 3438 2542 3477; x_wconf 90' lang='lat' dir='ltr'><strong>ac</strong></span> <span class='ocrx_word' id='word_1_570' title='bbox 2599 3425 2987 3478; x_wconf 89' lang='lat' dir='ltr'><strong>sententiarum</strong></span> <span class='ocrx_word' id='word_1_571' title='bbox 3045 3426 3303 3481; x_wconf 84' lang='lat' dir='ltr'><strong>varietate</strong></span> <span class='ocrx_word' id='word_1_572' title='bbox 3344 3436 3468 3481; x_wconf 80' lang='lat' dir='ltr'><strong>tan-</strong></span> 
     </span>
    </p>
   </div>
   <div class='ocr_carea' id='block_1_78' title="bbox 1905 3514 3475 3586">
    <p class='ocr_par' dir='ltr' id='par_1_78' title="bbox 1905 3514 3475 3586">
     <span class='ocr_line' id='line_1_78' title="bbox 1905 3514 3475 3586; baseline 0.002 -17"><span class='ocrx_word' id='word_1_573' title='bbox 1905 3531 2066 3586; x_wconf 90' lang='lat' dir='ltr'><strong>quam</strong></span> <span class='ocrx_word' id='word_1_574' title='bbox 2119 3517 2170 3569; x_wconf 93' lang='lat' dir='ltr'><strong>in</strong></span> <span class='ocrx_word' id='word_1_575' title='bbox 2210 3514 2359 3569; x_wconf 92' lang='lat' dir='ltr'><strong>illuni</strong></span> <span class='ocrx_word' id='word_1_576' title='bbox 2411 3525 2565 3571; x_wconf 90' lang='lat' dir='ltr'><strong>nocte</strong></span> <span class='ocrx_word' id='word_1_577' title='bbox 2605 3532 2812 3580; x_wconf 89' lang='lat' dir='ltr'><strong>errare,</strong></span> <span class='ocrx_word' id='word_1_578' title='bbox 2865 3517 3065 3583; x_wconf 91' lang='lat' dir='ltr'><strong>vident,</strong></span> <span class='ocrx_word' id='word_1_579' title='bbox 3102 3520 3314 3585; x_wconf 89' lang='lat' dir='ltr'><strong>opinor,</strong></span> <span class='ocrx_word' id='word_1_580' title='bbox 3364 3533 3475 3572; x_wconf 87' lang='lat' dir='ltr'><strong>om-</strong></span> 
     </span>
    </p>
   </div>
   <div class='ocr_carea' id='block_1_79' title="bbox 1908 3608 3473 3679">
    <p class='ocr_par' dir='ltr' id='par_1_79' title="bbox 1908 3608 3473 3679">
     <span class='ocr_line' id='line_1_79' title="bbox 1908 3608 3473 3679; baseline 0.003 -18"><span class='ocrx_word' id='word_1_581' title='bbox 1908 3625 2025 3663; x_wconf 85' lang='lat' dir='ltr'><strong>nes.</strong></span> <span class='ocrx_word' id='word_1_582' title='bbox 2059 3608 2164 3663; x_wconf 86' lang='lat' dir='ltr'><strong>Sed</strong></span> <span class='ocrx_word' id='word_1_583' title='bbox 2206 3618 2413 3662; x_wconf 89' lang='lat' dir='ltr'><strong>tantum</strong></span> <span class='ocrx_word' id='word_1_584' title='bbox 2449 3613 2620 3675; x_wconf 87' lang='lat' dir='ltr'><strong>abest,</strong></span> <span class='ocrx_word' id='word_1_585' title='bbox 2670 3619 2728 3661; x_wconf 93' lang='lat' dir='ltr'><strong>ut</strong></span> <span class='ocrx_word' id='word_1_586' title='bbox 2758 3620 3043 3678; x_wconf 63' lang='lat' dir='ltr'><strong>proriterea</strong></span> <span class='ocrx_word' id='word_1_587' title='bbox 3075 3624 3223 3679; x_wconf 88' lang='lat' dir='ltr'><strong>spem</strong></span> <span class='ocrx_word' id='word_1_588' title='bbox 3259 3610 3473 3679; x_wconf 82' lang='lat' dir='ltr'><strong>abjece-</strong></span> 
     </span>
    </p>
   </div>
   <div class='ocr_carea' id='block_1_80' title="bbox 1908 3702 3476 3771">
    <p class='ocr_par' dir='ltr' id='par_1_80' title="bbox 1908 3702 3476 3771">
     <span class='ocr_line' id='line_1_80' title="bbox 1908 3702 3476 3771; baseline 0.002 -17"><span class='ocrx_word' id='word_1_589' title='bbox 1908 3703 2006 3755; x_wconf 91' lang='lat' dir='ltr'><strong>rim</strong></span> <span class='ocrx_word' id='word_1_590' title='bbox 2038 3702 2342 3755; x_wconf 89' lang='lat' dir='ltr'><strong>inveniendi</strong></span> <span class='ocrx_word' id='word_1_591' title='bbox 2382 3702 2516 3764; x_wconf 88' lang='lat' dir='ltr'><strong>veri,</strong></span> <span class='ocrx_word' id='word_1_592' title='bbox 2558 3711 2617 3755; x_wconf 93' lang='lat' dir='ltr'><strong>ut</strong></span> <span class='ocrx_word' id='word_1_593' title='bbox 2662 3702 2713 3755; x_wconf 88' lang='lat' dir='ltr'><strong>id</strong></span> <span class='ocrx_word' id='word_1_594' title='bbox 2752 3703 2917 3756; x_wconf 85' lang='lat' dir='ltr'><strong>etiam</strong></span> <span class='ocrx_word' id='word_1_595' title='bbox 2951 3702 3141 3771; x_wconf 89' lang='lat' dir='ltr'><strong>majori</strong></span> <span class='ocrx_word' id='word_1_596' title='bbox 3182 3703 3362 3757; x_wconf 90' lang='lat' dir='ltr'><strong>studio</strong></span> <span class='ocrx_word' id='word_1_597' title='bbox 3403 3704 3476 3757; x_wconf 89' lang='lat' dir='ltr'><strong>in-</strong></span> 
     </span>
    </p>
   </div>
   <div class='ocr_carea' id='block_1_81' title="bbox 1904 3794 3473 3864">
    <p class='ocr_par' dir='ltr' id='par_1_81' title="bbox 1904 3794 3473 3864">
     <span class='ocr_line' id='line_1_81' title="bbox 1904 3794 3473 3864; baseline 0.002 -18"><span class='ocrx_word' id='word_1_598' title='bbox 1904 3795 2274 3864; x_wconf 86' lang='lat' dir='ltr'><strong>vestigandum</strong></span> <span class='ocrx_word' id='word_1_599' title='bbox 2312 3794 2622 3861; x_wconf 83' lang='lat' dir='ltr'><strong>judicarim.</strong></span> <span class='ocrx_word' id='word_1_600' title='bbox 2656 3794 2825 3848; x_wconf 79' lang='lat' dir='ltr'><strong>Recte</strong></span> <span class='ocrx_word' id='word_1_601' title='bbox 2854 3810 2920 3848; x_wconf 92' lang='lat' dir='ltr'><strong>an</strong></span> <span class='ocrx_word' id='word_1_602' title='bbox 2967 3795 3106 3849; x_wconf 89' lang='lat' dir='ltr'><strong>male</strong></span> <span class='ocrx_word' id='word_1_603' title='bbox 3136 3796 3238 3849; x_wconf 91' lang='lat' dir='ltr'><strong>hoc</strong></span> <span class='ocrx_word' id='word_1_604' title='bbox 3273 3796 3473 3864; x_wconf 89' lang='lat' dir='ltr'><strong>negotii</strong></span> 
     </span>
    </p>
   </div>
   <div class='ocr_carea' id='block_1_82' title="bbox 1904 3889 3475 3958">
    <p class='ocr_par' dir='ltr' id='par_1_82' title="bbox 1904 3889 3475 3958">
     <span class='ocr_line' id='line_1_82' title="bbox 1904 3889 3475 3958; baseline 0.004 -19"><span class='ocrx_word' id='word_1_605' title='bbox 1904 3898 2114 3957; x_wconf 81' lang='lat' dir='ltr'><strong>gestum</strong></span> <span class='ocrx_word' id='word_1_606' title='bbox 2151 3890 2257 3952; x_wconf 90' lang='lat' dir='ltr'><strong>sit,</strong></span> <span class='ocrx_word' id='word_1_607' title='bbox 2287 3890 2514 3943; x_wconf 88' lang='lat' dir='ltr'><strong>aliorum</strong></span> <span class='ocrx_word' id='word_1_608' title='bbox 2542 3889 2759 3957; x_wconf 85' lang='lat' dir='ltr'><strong>quidem</strong></span> <span class='ocrx_word' id='word_1_609' title='bbox 2789 3890 2895 3944; x_wconf 89' lang='lat' dir='ltr'><strong>erit</strong></span> <span class='ocrx_word' id='word_1_610' title='bbox 2932 3889 3191 3958; x_wconf 85' lang='lat' dir='ltr'><strong>judicium</strong></span> <span class='ocrx_word' id='word_1_611' title='bbox 3222 3906 3235 3943; x_wconf 92' lang='lat'><strong>:</strong></span> <span class='ocrx_word' id='word_1_612' title='bbox 3268 3893 3361 3944; x_wconf 89' lang='lat' dir='ltr'><strong>sed</strong></span> <span class='ocrx_word' id='word_1_613' title='bbox 3390 3900 3475 3944; x_wconf 67' lang='grc' dir='ltr'><strong>ωε·</strong></span> 
     </span>
    </p>
   </div>
   <div class='ocr_carea' id='block_1_83' title="bbox 1907 3977 3475 4047">
    <p class='ocr_par' dir='ltr' id='par_1_83' title="bbox 1907 3977 3475 4047">
     <span class='ocr_line' id='line_1_83' title="bbox 1907 3977 3475 4047; baseline 0.001 -15"><span class='ocrx_word' id='word_1_614' title='bbox 1907 3994 2031 4032; x_wconf 91' lang='lat' dir='ltr'><strong>men</strong></span> <span class='ocrx_word' id='word_1_615' title='bbox 2067 3977 2333 4031; x_wconf 83' lang='lat' dir='ltr'><strong>aﬁirmare</strong></span> <span class='ocrx_word' id='word_1_616' title='bbox 2366 3994 2524 4047; x_wconf 90' lang='lat' dir='ltr'><strong>posse</strong></span> <span class='ocrx_word' id='word_1_617' title='bbox 2552 3980 2758 4039; x_wconf 89' lang='lat' dir='ltr'><strong>videor,</strong></span> <span class='ocrx_word' id='word_1_618' title='bbox 2782 3995 2886 4043; x_wconf 89' lang='lat' dir='ltr'><strong>me,</strong></span> <span class='ocrx_word' id='word_1_619' title='bbox 2918 3980 2960 4033; x_wconf 86' lang='lat' dir='ltr'><strong>si</strong></span> <span class='ocrx_word' id='word_1_620' title='bbox 2998 3979 3130 4032; x_wconf 91' lang='lat' dir='ltr'><strong>nihil</strong></span> <span class='ocrx_word' id='word_1_621' title='bbox 3161 3981 3303 4033; x_wconf 86' lang='lat' dir='ltr'><strong>aliud</strong></span> <span class='ocrx_word' id='word_1_622' title='bbox 3337 3995 3475 4047; x_wconf 63' lang='lat' dir='ltr'><strong>prae-</strong></span> 
     </span>
    </p>
   </div>
   <div class='ocr_carea' id='block_1_84' title="bbox 1903 4071 3477 4141">
    <p class='ocr_par' dir='ltr' id='par_1_84' title="bbox 1903 4071 3477 4141">
     <span class='ocr_line' id='line_1_84' title="bbox 1903 4071 3477 4141; baseline 0.001 -16"><span class='ocrx_word' id='word_1_623' title='bbox 1903 4072 2036 4134; x_wconf 84' lang='lat' dir='ltr'><strong>stiti,</strong></span> <span class='ocrx_word' id='word_1_624' title='bbox 2071 4082 2218 4125; x_wconf 91' lang='lat' dir='ltr'><strong>certe</strong></span> <span class='ocrx_word' id='word_1_625' title='bbox 2243 4071 2377 4125; x_wconf 90' lang='lat' dir='ltr'><strong>lucis</strong></span> <span class='ocrx_word' id='word_1_626' title='bbox 2413 4072 2614 4141; x_wconf 89' lang='lat' dir='ltr'><strong>aliquid</strong></span> <span class='ocrx_word' id='word_1_627' title='bbox 2654 4073 2817 4126; x_wconf 90' lang='lat' dir='ltr'><strong>rebus</strong></span> <span class='ocrx_word' id='word_1_628' title='bbox 2850 4088 2941 4140; x_wconf 89' lang='lat' dir='ltr'><strong>per</strong></span> <span class='ocrx_word' id='word_1_629' title='bbox 2981 4087 3048 4125; x_wconf 85' lang='lat' dir='ltr'><strong>se</strong></span> <span class='ocrx_word' id='word_1_630' title='bbox 3074 4072 3477 4126; x_wconf 85' lang='lat' dir='ltr'><strong>obscurissimis</strong></span> 
     </span>
    </p>
   </div>
   <div class='ocr_carea' id='block_1_85' title="bbox 1904 4163 3473 4233">
    <p class='ocr_par' dir='ltr' id='par_1_85' title="bbox 1904 4163 3473 4233">
     <span class='ocr_line' id='line_1_85' title="bbox 1904 4163 3473 4233; baseline 0.002 -16"><span class='ocrx_word' id='word_1_631' title='bbox 1904 4164 2167 4217; x_wconf 88' lang='lat' dir='ltr'><strong>attulisse.</strong></span> <span class='ocrx_word' id='word_1_632' title='bbox 2219 4163 2371 4228; x_wconf 83' lang='lat' dir='ltr'><strong>Quod</strong></span> <span class='ocrx_word' id='word_1_633' title='bbox 2400 4166 2443 4216; x_wconf 91' lang='lat' dir='ltr'><strong>si</strong></span> <span class='ocrx_word' id='word_1_634' title='bbox 2475 4165 2709 4233; x_wconf 90' lang='lat' dir='ltr'><strong>quando,</strong></span> <span class='ocrx_word' id='word_1_635' title='bbox 2748 4165 2900 4233; x_wconf 91' lang='lat' dir='ltr'><strong>quod.</strong></span> <span class='ocrx_word' id='word_1_636' title='bbox 2944 4180 3051 4217; x_wconf 93' lang='lat' dir='ltr'><strong>non</strong></span> <span class='ocrx_word' id='word_1_637' title='bbox 3102 4180 3227 4217; x_wconf 91' lang='lat' dir='ltr'><strong>raro</strong></span> <span class='ocrx_word' id='word_1_638' title='bbox 3274 4168 3473 4233; x_wconf 82' lang='lat' dir='ltr'><strong>evenit,</strong></span> 
     </span>
    </p>
   </div>
   <div class='ocr_carea' id='block_1_86' title="bbox 1905 4256 3479 4325">
    <p class='ocr_par' dir='ltr' id='par_1_86' title="bbox 1905 4256 3479 4325">
     <span class='ocr_line' id='line_1_86' title="bbox 1905 4256 3479 4325; baseline 0.004 -18"><span class='ocrx_word' id='word_1_639' title='bbox 1905 4256 1973 4309; x_wconf 91' lang='lat' dir='ltr'><strong>ab</strong></span> <span class='ocrx_word' id='word_1_640' title='bbox 2001 4256 2337 4310; x_wconf 88' lang='lat' dir='ltr'><strong>eruditorum</strong></span> <span class='ocrx_word' id='word_1_641' title='bbox 2365 4257 2707 4325; x_wconf 88' lang='lat' dir='ltr'><strong>opinionibus</strong></span> <span class='ocrx_word' id='word_1_642' title='bbox 2736 4258 2947 4320; x_wconf 85' lang='lat' dir='ltr'><strong>recedo,</strong></span> <span class='ocrx_word' id='word_1_643' title='bbox 2973 4258 3044 4311; x_wconf 88' lang='lat' dir='ltr'><strong>ita</strong></span> <span class='ocrx_word' id='word_1_644' title='bbox 3073 4271 3157 4311; x_wconf 90' lang='lat' dir='ltr'><strong>me</strong></span> <span class='ocrx_word' id='word_1_645' title='bbox 3182 4258 3251 4312; x_wconf 91' lang='lat' dir='ltr'><strong>ab</strong></span> <span class='ocrx_word' id='word_1_646' title='bbox 3278 4258 3345 4313; x_wconf 90' lang='lat' dir='ltr'><strong>iis</strong></span> <span class='ocrx_word' id='word_1_647' title='bbox 3375 4259 3479 4314; x_wconf 77' lang='lat' dir='ltr'><strong>dis-</strong></span> 
     </span>
    </p>
   </div>
   <div class='ocr_carea' id='block_1_87' title="bbox 1906 4346 3478 4417">
    <p class='ocr_par' dir='ltr' id='par_1_87' title="bbox 1906 4346 3478 4417">
     <span class='ocr_line' id='line_1_87' title="bbox 1906 4346 3478 4417; baseline 0.001 -17"><span class='ocrx_word' id='word_1_648' title='bbox 1906 4350 2115 4402; x_wconf 89' lang='lat' dir='ltr'><strong>sentire</strong></span> <span class='ocrx_word' id='word_1_649' title='bbox 2138 4346 2415 4416; x_wconf 89' lang='lat' dir='ltr'><strong>proﬁteor,</strong></span> <span class='ocrx_word' id='word_1_650' title='bbox 2438 4359 2492 4401; x_wconf 93' lang='lat' dir='ltr'><strong>ut</strong></span> <span class='ocrx_word' id='word_1_651' title='bbox 2522 4349 2567 4401; x_wconf 89' lang='lat' dir='ltr'><strong>si</strong></span> <span class='ocrx_word' id='word_1_652' title='bbox 2595 4348 2794 4402; x_wconf 89' lang='lat' dir='ltr'><strong>erroris</strong></span> <span class='ocrx_word' id='word_1_653' title='bbox 2820 4363 3032 4417; x_wconf 88' lang='lat' dir='ltr'><strong>arguar,</strong></span> <span class='ocrx_word' id='word_1_654' title='bbox 3062 4348 3114 4402; x_wconf 91' lang='lat' dir='ltr'><strong>in</strong></span> <span class='ocrx_word' id='word_1_655' title='bbox 3146 4365 3332 4403; x_wconf 88' lang='lat' dir='ltr'><strong>eorum</strong></span> <span class='ocrx_word' id='word_1_656' title='bbox 3354 4364 3478 4403; x_wconf 85' lang='lat' dir='ltr'><strong>sen-</strong></span> 
     </span>
    </p>
   </div>
   <div class='ocr_carea' id='block_1_88' title="bbox 1905 4440 3476 4508">
    <p class='ocr_par' dir='ltr' id='par_1_88' title="bbox 1905 4440 3476 4508">
     <span class='ocr_line' id='line_1_88' title="bbox 1905 4440 3476 4508; baseline 0.001 -16"><span class='ocrx_word' id='word_1_657' title='bbox 1905 4440 2125 4493; x_wconf 89' lang='lat' dir='ltr'><strong>tentiam</strong></span> <span class='ocrx_word' id='word_1_658' title='bbox 2164 4441 2469 4493; x_wconf 89' lang='lat' dir='ltr'><strong>concedere</strong></span> <span class='ocrx_word' id='word_1_659' title='bbox 2522 4454 2739 4507; x_wconf 90' lang='lat' dir='ltr'><strong>semper</strong></span> <span class='ocrx_word' id='word_1_660' title='bbox 2792 4450 3013 4508; x_wconf 78' lang='lat' dir='ltr'><strong>paratas</strong></span> <span class='ocrx_word' id='word_1_661' title='bbox 3066 4441 3189 4495; x_wconf 78' lang='lat' dir='ltr'><strong>sim.</strong></span> <span class='ocrx_word' id='word_1_662' title='bbox 3246 4441 3476 4494; x_wconf 80' lang='lat' dir='ltr'><strong>Maxime</strong></span> 
     </span>
    </p>
   </div>
   <div class='ocr_carea' id='block_1_89' title="bbox 237 4509 3475 4604">
    <p class='ocr_par' dir='ltr' id='par_1_89' title="bbox 237 4509 3475 4604">
     <span class='ocr_line' id='line_1_89' title="bbox 237 4509 3475 4604; baseline 0.003 -43"><span class='ocrx_word' id='word_1_663' title='bbox 237 4521 497 4579; x_wconf 80' lang='lat' dir='ltr'><strong>quantum</strong></span> <span class='ocrx_word' id='word_1_664' title='bbox 545 4511 845 4576; x_wconf 88' lang='lat' dir='ltr'><strong>ceperimus</strong></span> <span class='ocrx_word' id='word_1_665' title='bbox 896 4509 1103 4564; x_wconf 81' lang='lat' dir='ltr'><strong>fructus</strong></span> <span class='ocrx_word' id='word_1_666' title='bbox 1131 4524 1196 4563; x_wconf 82' lang='lat' dir='ltr'><strong>ex</strong></span> <span class='ocrx_word' id='word_1_667' title='bbox 1235 4519 1418 4564; x_wconf 86' lang='lat' dir='ltr'><strong>nostro</strong></span> <span class='ocrx_word' id='word_1_668' title='bbox 1451 4510 1663 4565; x_wconf 82' lang='lat' dir='ltr'><strong>labore!</strong></span> <span class='ocrx_word' id='word_1_669' title='bbox 1710 4509 1798 4563; x_wconf 81' lang='grc' dir='ltr'><strong>Ιιι-⁸</strong></span> <span class='ocrx_word' id='word_1_670' title='bbox 1832 4550 1874 4604; x_wconf 77' lang='lat' dir='ltr'><strong>D</strong></span> <span class='ocrx_word' id='word_1_671' title='bbox 1904 4531 2119 4599; x_wconf 60' lang='lat' dir='ltr'><strong>quidem</strong></span> <span class='ocrx_word' id='word_1_672' title='bbox 2157 4531 2208 4582; x_wconf 69' lang='lat' dir='ltr'><strong>in</strong></span> <span class='ocrx_word' id='word_1_673' title='bbox 2243 4530 2293 4582; x_wconf 69' lang='lat' dir='ltr'><strong>id</strong></span> <span class='ocrx_word' id='word_1_674' title='bbox 2325 4531 2565 4590; x_wconf 51' lang='lat' dir='ltr'><strong>incubui.</strong></span> <span class='ocrx_word' id='word_1_675' title='bbox 2597 4540 2656 4584; x_wconf 67' lang='grc' dir='ltr'><strong>ιιι</strong></span> <span class='ocrx_word' id='word_1_676' title='bbox 2686 4531 2872 4585; x_wconf 61' lang='grc' dir='ltr'><strong>ςτωςει</strong></span> <span class='ocrx_word' id='word_1_677' title='bbox 2909 4544 3313 4599; x_wconf 47' lang='lat' dir='ltr'><strong>poi-purgarem.</strong></span> <span class='ocrx_word' id='word_1_678' title='bbox 3349 4545 3475 4598; x_wconf 67' lang='lat' dir='ltr'><strong>per-</strong></span> 
     </span>
    </p>
   </div>
   <div class='ocr_carea' id='block_1_90' title="bbox 236 4602 1798 4671">
    <p class='ocr_par' dir='ltr' id='par_1_90' title="bbox 236 4602 1798 4671">
     <span class='ocr_line' id='line_1_90' title="bbox 236 4602 1798 4671; baseline 0.002 -15"><span class='ocrx_word' id='word_1_679' title='bbox 236 4602 493 4656; x_wconf 83' lang='lat' dir='ltr'><strong>credibile</strong></span> <span class='ocrx_word' id='word_1_680' title='bbox 527 4611 609 4655; x_wconf 89' lang='lat' dir='ltr'><strong>est</strong></span> <span class='ocrx_word' id='word_1_681' title='bbox 652 4602 794 4655; x_wconf 89' lang='lat' dir='ltr'><strong>enim</strong></span> <span class='ocrx_word' id='word_1_682' title='bbox 838 4612 966 4671; x_wconf 90' lang='lat' dir='ltr'><strong>quot</strong></span> <span class='ocrx_word' id='word_1_683' title='bbox 1007 4605 1277 4656; x_wconf 89' lang='lat' dir='ltr'><strong>variantes</strong></span> <span class='ocrx_word' id='word_1_684' title='bbox 1324 4606 1579 4659; x_wconf 89' lang='lat' dir='ltr'><strong>lectiones</strong></span> <span class='ocrx_word' id='word_1_685' title='bbox 1609 4620 1674 4659; x_wconf 80' lang='lat' dir='ltr'><strong>ex</strong></span> <span class='ocrx_word' id='word_1_686' title='bbox 1712 4604 1798 4659; x_wconf 87' lang='lat' dir='ltr'><strong>his</strong></span> 
     </span>
    </p>
   </div>
   <div class='ocr_carea' id='block_1_91' title="bbox 237 4694 1800 4767">
    <p class='ocr_par' dir='ltr' id='par_1_91' title="bbox 237 4694 1800 4767">
     <span class='ocr_line' id='line_1_91' title="bbox 237 4694 1800 4767; baseline 0.003 -20"><span class='ocrx_word' id='word_1_687' title='bbox 237 4696 513 4749; x_wconf 89' lang='lat' dir='ltr'><strong>codicibus</strong></span> <span class='ocrx_word' id='word_1_688' title='bbox 566 4694 828 4747; x_wconf 88' lang='lat' dir='ltr'><strong>Parisiuis</strong></span> <span class='ocrx_word' id='word_1_689' title='bbox 881 4695 1351 4763; x_wconf 79' lang='lat' dir='ltr'><strong>excerpserimus:</strong></span> <span class='ocrx_word' id='word_1_690' title='bbox 1392 4699 1622 4767; x_wconf 89' lang='lat' dir='ltr'><strong>quibus,</strong></span> <span class='ocrx_word' id='word_1_691' title='bbox 1677 4712 1800 4752; x_wconf 89' lang='lat' dir='ltr'><strong>cum</strong></span> 
     </span>
    </p>
   </div>
   <div class='ocr_carea' id='block_1_92' title="bbox 241 4785 1802 4861">
    <p class='ocr_par' dir='ltr' id='par_1_92' title="bbox 241 4785 1802 4861">
     <span class='ocr_line' id='line_1_92' title="bbox 241 4785 1802 4861; baseline 0.006 -24"><span class='ocrx_word' id='word_1_692' title='bbox 241 4798 348 4839; x_wconf 88' lang='lat' dir='ltr'><strong>tam</strong></span> <span class='ocrx_word' id='word_1_693' title='bbox 392 4786 570 4840; x_wconf 77' lang='lat' dir='ltr'><strong>multa:</strong></span> <span class='ocrx_word' id='word_1_694' title='bbox 604 4786 738 4847; x_wconf 86' lang='lat' dir='ltr'><strong>sint,</strong></span> <span class='ocrx_word' id='word_1_695' title='bbox 780 4785 895 4839; x_wconf 64' lang='lat' dir='ltr'><strong>alia;</strong></span> <span class='ocrx_word' id='word_1_696' title='bbox 937 4794 1112 4842; x_wconf 89' lang='lat' dir='ltr'><strong>tamen</strong></span> <span class='ocrx_word' id='word_1_697' title='bbox 1155 4803 1258 4841; x_wconf 90' lang='lat' dir='ltr'><strong>non</strong></span> <span class='ocrx_word' id='word_1_698' title='bbox 1306 4804 1488 4858; x_wconf 73' lang='lat' dir='ltr'><strong>pauca:</strong></span> <span class='ocrx_word' id='word_1_699' title='bbox 1517 4806 1579 4845; x_wconf 74' lang='lat' dir='ltr'><strong>ex</strong></span> <span class='ocrx_word' id='word_1_700' title='bbox 1608 4791 1802 4861; x_wconf 85' lang='lat' dir='ltr'><strong>Anglia</strong></span> 
     </span>
    </p>
   </div>
   <div class='ocr_carea' id='block_1_93' title="bbox 240 4875 1803 4944">
    <p class='ocr_par' dir='ltr' id='par_1_93' title="bbox 240 4875 1803 4944">
     <span class='ocr_line' id='line_1_93' title="bbox 240 4875 1803 4944; baseline 0.004 -15"><span class='ocrx_word' id='word_1_701' title='bbox 240 4875 496 4944; x_wconf 83' lang='lat' dir='ltr'><strong>Italiaque</strong></span> <span class='ocrx_word' id='word_1_702' title='bbox 526 4885 887 4929; x_wconf 87' lang='lat' dir='ltr'><strong>accesserunt.</strong></span> <span class='ocrx_word' id='word_1_703' title='bbox 936 4875 1131 4930; x_wconf 83' lang='lat' dir='ltr'><strong>Parum</strong></span> <span class='ocrx_word' id='word_1_704' title='bbox 1173 4878 1273 4930; x_wconf 88' lang='lat' dir='ltr'><strong>fuit</strong></span> <span class='ocrx_word' id='word_1_705' title='bbox 1303 4888 1378 4932; x_wconf 90' lang='lat' dir='ltr'><strong>tot</strong></span> <span class='ocrx_word' id='word_1_706' title='bbox 1412 4881 1592 4935; x_wconf 89' lang='lat' dir='ltr'><strong>varias</strong></span> <span class='ocrx_word' id='word_1_707' title='bbox 1624 4881 1803 4936; x_wconf 90' lang='lat' dir='ltr'><strong>lectio-</strong></span> 
     </span>
    </p>
   </div>
   <div class='ocr_carea' id='block_1_94' title="bbox 242 4968 1801 5041">
    <p class='ocr_par' dir='ltr' id='par_1_94' title="bbox 242 4968 1801 5041">
     <span class='ocr_line' id='line_1_94' title="bbox 242 4968 1801 5041; baseline 0.003 -20"><span class='ocrx_word' id='word_1_708' title='bbox 242 4984 337 5022; x_wconf 76' lang='lat' dir='ltr'><strong>nes</strong></span> <span class='ocrx_word' id='word_1_709' title='bbox 366 4968 645 5036; x_wconf 82' lang='lat' dir='ltr'><strong>collegisse</strong></span> <span class='ocrx_word' id='word_1_710' title='bbox 675 4982 687 5017; x_wconf 92' lang='lat'><strong>:</strong></span> <span class='ocrx_word' id='word_1_711' title='bbox 737 4969 828 5022; x_wconf 89' lang='lat' dir='ltr'><strong>sed</strong></span> <span class='ocrx_word' id='word_1_712' title='bbox 864 4968 915 5021; x_wconf 92' lang='lat' dir='ltr'><strong>in</strong></span> <span class='ocrx_word' id='word_1_713' title='bbox 941 4969 993 5022; x_wconf 90' lang='lat' dir='ltr'><strong>id</strong></span> <span class='ocrx_word' id='word_1_714' title='bbox 1020 4971 1251 5023; x_wconf 81' lang='lat' dir='ltr'><strong>maxime</strong></span> <span class='ocrx_word' id='word_1_715' title='bbox 1275 4970 1510 5024; x_wconf 91' lang='lat' dir='ltr'><strong>incnmbi</strong></span> <span class='ocrx_word' id='word_1_716' title='bbox 1541 4973 1801 5041; x_wconf 85' lang='lat' dir='ltr'><strong>oportuit,</strong></span> 
     </span>
    </p>
   </div>
   <div class='ocr_carea' id='block_1_95' title="bbox 240 5055 1799 5130">
    <p class='ocr_par' dir='ltr' id='par_1_95' title="bbox 240 5055 1799 5130">
     <span class='ocr_line' id='line_1_95' title="bbox 240 5055 1799 5130; baseline 0.004 -21"><span class='ocrx_word' id='word_1_717' title='bbox 240 5069 295 5109; x_wconf 90' lang='lat' dir='ltr'><strong>ut</strong></span> <span class='ocrx_word' id='word_1_718' title='bbox 321 5058 576 5120; x_wconf 79' lang='lat' dir='ltr'><strong>Basilius,</strong></span> <span class='ocrx_word' id='word_1_719' title='bbox 611 5059 700 5126; x_wconf 92' lang='lat' dir='ltr'><strong>qui</strong></span> <span class='ocrx_word' id='word_1_720' title='bbox 729 5058 779 5110; x_wconf 91' lang='lat' dir='ltr'><strong>in</strong></span> <span class='ocrx_word' id='word_1_721' title='bbox 804 5055 1006 5111; x_wconf 63' lang='lat' dir='ltr'><strong>Graecis</strong></span> <span class='ocrx_word' id='word_1_722' title='bbox 1039 5059 1265 5113; x_wconf 89' lang='lat' dir='ltr'><strong>miriﬁce</strong></span> <span class='ocrx_word' id='word_1_723' title='bbox 1293 5061 1628 5116; x_wconf 90' lang='lat' dir='ltr'><strong>deformatus</strong></span> <span class='ocrx_word' id='word_1_724' title='bbox 1661 5074 1799 5130; x_wconf 79' lang='lat' dir='ltr'><strong>erat,</strong></span> 
     </span>
    </p>
   </div>
   <div class='ocr_carea' id='block_1_96' title="bbox 241 5149 1803 5218">
    <p class='ocr_par' dir='ltr' id='par_1_96' title="bbox 241 5149 1803 5218">
     <span class='ocr_line' id='line_1_96' title="bbox 241 5149 1803 5218; baseline 0.003 -15"><span class='ocrx_word' id='word_1_725' title='bbox 241 5152 430 5203; x_wconf 90' lang='lat' dir='ltr'><strong>harum</strong></span> <span class='ocrx_word' id='word_1_726' title='bbox 476 5165 577 5215; x_wconf 87' lang='lat' dir='ltr'><strong>ope</strong></span> <span class='ocrx_word' id='word_1_727' title='bbox 638 5149 877 5217; x_wconf 67' lang='lat' dir='ltr'><strong>pristinae</strong></span> <span class='ocrx_word' id='word_1_728' title='bbox 930 5150 1221 5218; x_wconf 88' lang='lat' dir='ltr'><strong>integritati</strong></span> <span class='ocrx_word' id='word_1_729' title='bbox 1286 5154 1682 5207; x_wconf 88' lang='lat' dir='ltr'><strong>restitueretur.</strong></span> <span class='ocrx_word' id='word_1_730' title='bbox 1737 5153 1803 5208; x_wconf 86' lang='lat' dir='ltr'><strong>Et</strong></span> 
     </span>
    </p>
   </div>
   <div class='ocr_carea' id='block_1_97' title="bbox 239 5242 1803 5309">
    <p class='ocr_par' dir='ltr' id='par_1_97' title="bbox 239 5242 1803 5309">
     <span class='ocr_line' id='line_1_97' title="bbox 239 5242 1803 5309; baseline 0.003 -16"><span class='ocrx_word' id='word_1_731' title='bbox 239 5243 456 5307; x_wconf 86' lang='lat' dir='ltr'><strong>quidem</strong></span> <span class='ocrx_word' id='word_1_732' title='bbox 487 5256 610 5305; x_wconf 89' lang='lat' dir='ltr'><strong>spes</strong></span> <span class='ocrx_word' id='word_1_733' title='bbox 651 5250 732 5292; x_wconf 86' lang='lat' dir='ltr'><strong>est</strong></span> <span class='ocrx_word' id='word_1_734' title='bbox 775 5255 895 5294; x_wconf 87' lang='lat' dir='ltr'><strong>eum</strong></span> <span class='ocrx_word' id='word_1_735' title='bbox 931 5257 1074 5294; x_wconf 92' lang='lat' dir='ltr'><strong>nunc</strong></span> <span class='ocrx_word' id='word_1_736' title='bbox 1123 5242 1459 5309; x_wconf 91' lang='lat' dir='ltr'><strong>proditurum</strong></span> <span class='ocrx_word' id='word_1_737' title='bbox 1491 5245 1715 5298; x_wconf 91' lang='lat' dir='ltr'><strong>nitidum</strong></span> <span class='ocrx_word' id='word_1_738' title='bbox 1749 5256 1803 5300; x_wconf 92' lang='lat' dir='ltr'><strong>et</strong></span> 
     </span>
    </p>
   </div>
   <div class='ocr_carea' id='block_1_98' title="bbox 241 5330 1801 5399">
    <p class='ocr_par' dir='ltr' id='par_1_98' title="bbox 241 5330 1801 5399">
     <span class='ocr_line' id='line_1_98' title="bbox 241 5330 1801 5399; baseline 0.006 -19"><span class='ocrx_word' id='word_1_739' title='bbox 241 5342 647 5399; x_wconf 75' lang='lat' dir='ltr'><strong>perpurgatum.</strong></span> <span class='ocrx_word' id='word_1_740' title='bbox 698 5330 801 5383; x_wconf 82' lang='lat' dir='ltr'><strong>Tot</strong></span> <span class='ocrx_word' id='word_1_741' title='bbox 842 5334 983 5383; x_wconf 89' lang='lat' dir='ltr'><strong>enim</strong></span> <span class='ocrx_word' id='word_1_742' title='bbox 1032 5333 1222 5385; x_wconf 90' lang='lat' dir='ltr'><strong>menda</strong></span> <span class='ocrx_word' id='word_1_743' title='bbox 1265 5334 1570 5389; x_wconf 88' lang='lat' dir='ltr'><strong>maculasve</strong></span> <span class='ocrx_word' id='word_1_744' title='bbox 1608 5336 1801 5391; x_wconf 90' lang='lat' dir='ltr'><strong>sustuli</strong></span> 
     </span>
    </p>
   </div>
   <div class='ocr_carea' id='block_1_99' title="bbox 238 5420 1803 5492">
    <p class='ocr_par' dir='ltr' id='par_1_99' title="bbox 238 5420 1803 5492">
     <span class='ocr_line' id='line_1_99' title="bbox 238 5420 1803 5492; baseline 0.002 -17"><span class='ocrx_word' id='word_1_745' title='bbox 238 5437 269 5475; x_wconf 92' lang='lat' dir='ltr'><strong>e</strong></span> <span class='ocrx_word' id='word_1_746' title='bbox 296 5421 485 5475; x_wconf 63' lang='lat' dir='ltr'><strong>Graeco</strong></span> <span class='ocrx_word' id='word_1_747' title='bbox 515 5420 806 5488; x_wconf 77' lang='lat' dir='ltr'><strong>exemplari</strong></span> <span class='ocrx_word' id='word_1_748' title='bbox 836 5420 1038 5482; x_wconf 85' lang='lat' dir='ltr'><strong>Basilii,</strong></span> <span class='ocrx_word' id='word_1_749' title='bbox 1067 5433 1125 5476; x_wconf 93' lang='lat' dir='ltr'><strong>ut</strong></span> <span class='ocrx_word' id='word_1_750' title='bbox 1157 5425 1308 5491; x_wconf 77' lang='lat' dir='ltr'><strong>pauci</strong></span> <span class='ocrx_word' id='word_1_751' title='bbox 1361 5426 1646 5479; x_wconf 90' lang='lat' dir='ltr'><strong>admodum</strong></span> <span class='ocrx_word' id='word_1_752' title='bbox 1680 5427 1803 5492; x_wconf 87' lang='lat' dir='ltr'><strong>loci,</strong></span> 
     </span>
    </p>
   </div>
   <div class='ocr_carea' id='block_1_100' title="bbox 240 5513 1804 5587">
    <p class='ocr_par' dir='ltr' id='par_1_100' title="bbox 240 5513 1804 5587">
     <span class='ocr_line' id='line_1_100' title="bbox 240 5513 1804 5587; baseline 0.003 -22"><span class='ocrx_word' id='word_1_753' title='bbox 240 5514 285 5566; x_wconf 90' lang='lat' dir='ltr'><strong>si</strong></span> <span class='ocrx_word' id='word_1_754' title='bbox 332 5513 424 5581; x_wconf 90' lang='lat' dir='ltr'><strong>qui</strong></span> <span class='ocrx_word' id='word_1_755' title='bbox 468 5515 597 5577; x_wconf 88' lang='lat' dir='ltr'><strong>sint,</strong></span> <span class='ocrx_word' id='word_1_756' title='bbox 645 5514 750 5578; x_wconf 83' lang='lat' dir='ltr'><strong>iam</strong></span> <span class='ocrx_word' id='word_1_757' title='bbox 782 5516 1158 5569; x_wconf 87' lang='lat' dir='ltr'><strong>emendatione</strong></span> <span class='ocrx_word' id='word_1_758' title='bbox 1210 5515 1387 5583; x_wconf 84' lang='lat' dir='ltr'><strong>aliqua</strong></span> <span class='ocrx_word' id='word_1_759' title='bbox 1446 5517 1687 5587; x_wconf 85' lang='lat' dir='ltr'><strong>indigere</strong></span> <span class='ocrx_word' id='word_1_760' title='bbox 1723 5521 1804 5569; x_wconf 92' lang='lat' dir='ltr'><strong>vi-</strong></span> 
     </span>
    </p>
   </div>
   <div class='ocr_carea' id='block_1_101' title="bbox 240 5606 1805 5679">
    <p class='ocr_par' dir='ltr' id='par_1_101' title="bbox 240 5606 1805 5679">
     <span class='ocr_line' id='line_1_101' title="bbox 240 5606 1805 5679; baseline 0.004 -22"><span class='ocrx_word' id='word_1_761' title='bbox 240 5610 489 5660; x_wconf 88' lang='lat' dir='ltr'><strong>deantur.</strong></span> <span class='ocrx_word' id='word_1_762' title='bbox 530 5606 689 5663; x_wconf 85' lang='lat' dir='ltr'><strong>Certe</strong></span> <span class='ocrx_word' id='word_1_763' title='bbox 713 5609 960 5677; x_wconf 81' lang='lat' dir='ltr'><strong>antiquas</strong></span> <span class='ocrx_word' id='word_1_764' title='bbox 1000 5624 1221 5677; x_wconf 85' lang='lat' dir='ltr'><strong>operum</strong></span> <span class='ocrx_word' id='word_1_765' title='bbox 1257 5610 1437 5664; x_wconf 84' lang='lat' dir='ltr'><strong>Basilii</strong></span> <span class='ocrx_word' id='word_1_766' title='bbox 1479 5612 1805 5679; x_wconf 87' lang='lat' dir='ltr'><strong>interpreta-</strong></span> 
     </span>
    </p>
   </div>
   <div class='ocr_carea' id='block_1_102' title="bbox 241 5700 1805 5771">
    <p class='ocr_par' dir='ltr' id='par_1_102' title="bbox 241 5700 1805 5771">
     <span class='ocr_line' id='line_1_102' title="bbox 241 5700 1805 5771; baseline 0.004 -20"><span class='ocrx_word' id='word_1_767' title='bbox 241 5700 413 5753; x_wconf 79' lang='lat' dir='ltr'><strong>tiones</strong></span> <span class='ocrx_word' id='word_1_768' title='bbox 452 5700 768 5769; x_wconf 62' lang='lat' dir='ltr'><strong>plusaninus</strong></span> <span class='ocrx_word' id='word_1_769' title='bbox 794 5717 979 5755; x_wconf 90' lang='lat' dir='ltr'><strong>omnes</strong></span> <span class='ocrx_word' id='word_1_770' title='bbox 1031 5702 1183 5771; x_wconf 80' lang='lat' dir='ltr'><strong>longe</strong></span> <span class='ocrx_word' id='word_1_771' title='bbox 1219 5704 1654 5757; x_wconf 90' lang='lat' dir='ltr'><strong>mcudosissimas</strong></span> <span class='ocrx_word' id='word_1_772' title='bbox 1687 5720 1805 5759; x_wconf 88' lang='lat' dir='ltr'><strong>esse</strong></span> 
     </span>
    </p>
   </div>
   <div class='ocr_carea' id='block_1_103' title="bbox 238 5792 1803 5866">
    <p class='ocr_par' dir='ltr' id='par_1_103' title="bbox 238 5792 1803 5866">
     <span class='ocr_line' id='line_1_103' title="bbox 238 5792 1803 5866; baseline 0.004 -22"><span class='ocrx_word' id='word_1_773' title='bbox 238 5800 403 5861; x_wconf 79' lang='lat' dir='ltr'><strong>atque</strong></span> <span class='ocrx_word' id='word_1_774' title='bbox 439 5792 836 5856; x_wconf 71' lang='lat' dir='ltr'><strong>vitiosissimus,</strong></span> <span class='ocrx_word' id='word_1_775' title='bbox 868 5808 896 5847; x_wconf 92' lang='lat' dir='ltr'><strong>e</strong></span> <span class='ocrx_word' id='word_1_776' title='bbox 931 5793 1155 5863; x_wconf 78' lang='lat' dir='ltr'><strong>singulis</strong></span> <span class='ocrx_word' id='word_1_777' title='bbox 1179 5796 1389 5866; x_wconf 81' lang='lat' dir='ltr'><strong>paginis</strong></span> <span class='ocrx_word' id='word_1_778' title='bbox 1434 5797 1587 5851; x_wconf 84' lang='lat' dir='ltr'><strong>facile</strong></span> <span class='ocrx_word' id='word_1_779' title='bbox 1616 5814 1641 5849; x_wconf 92' lang='lat' dir='ltr'><strong>a</strong></span> <span class='ocrx_word' id='word_1_780' title='bbox 1674 5814 1803 5866; x_wconf 83' lang='lat' dir='ltr'><strong>quo-</strong></span> 
     </span>
    </p>
   </div>
   <div class='ocr_carea' id='block_1_104' title="bbox 1907 4619 3477 4691">
    <p class='ocr_par' dir='ltr' id='par_1_104' title="bbox 1907 4619 3477 4691">
     <span class='ocr_line' id='line_1_104' title="bbox 1907 4619 3477 4691; baseline 0.001 -20"><span class='ocrx_word' id='word_1_781' title='bbox 1907 4631 2128 4691; x_wconf 77' lang='lat' dir='ltr'><strong>purgata</strong></span> <span class='ocrx_word' id='word_1_782' title='bbox 2158 4619 2351 4675; x_wconf 81' lang='lat' dir='ltr'><strong>Latino</strong></span> <span class='ocrx_word' id='word_1_783' title='bbox 2389 4623 2668 4677; x_wconf 83' lang='lat' dir='ltr'><strong>redderem</strong></span> <span class='ocrx_word' id='word_1_784' title='bbox 2691 4660 2708 4684; x_wconf 95' lang='lat'><strong>,</strong></span> <span class='ocrx_word' id='word_1_785' title='bbox 2753 4634 2884 4673; x_wconf 80' lang='lat' dir='ltr'><strong>vera</strong></span> <span class='ocrx_word' id='word_1_786' title='bbox 2924 4634 2986 4673; x_wconf 90' lang='lat' dir='ltr'><strong>ac</strong></span> <span class='ocrx_word' id='word_1_787' title='bbox 3020 4622 3249 4689; x_wconf 86' lang='lat' dir='ltr'><strong>genuina</strong></span> <span class='ocrx_word' id='word_1_788' title='bbox 3281 4621 3477 4674; x_wconf 84' lang='lat' dir='ltr'><strong>distiu—</strong></span> 
     </span>
    </p>
   </div>
   <div class='ocr_carea' id='block_1_105' title="bbox 1906 4708 3475 4779">
    <p class='ocr_par' dir='ltr' id='par_1_105' title="bbox 1906 4708 3475 4779">
     <span class='ocr_line' id='line_1_105' title="bbox 1906 4708 3475 4779; baseline 0.002 -18"><span class='ocrx_word' id='word_1_789' title='bbox 1906 4724 2122 4779; x_wconf 84' lang='lat' dir='ltr'><strong>guerem</strong></span> <span class='ocrx_word' id='word_1_790' title='bbox 2173 4725 2200 4763; x_wconf 89' lang='lat' dir='ltr'><strong>a</strong></span> <span class='ocrx_word' id='word_1_791' title='bbox 2255 4708 2403 4763; x_wconf 87' lang='lat' dir='ltr'><strong>falsis</strong></span> <span class='ocrx_word' id='word_1_792' title='bbox 2451 4720 2507 4765; x_wconf 94' lang='lat' dir='ltr'><strong>et</strong></span> <span class='ocrx_word' id='word_1_793' title='bbox 2555 4710 2923 4763; x_wconf 90' lang='lat' dir='ltr'><strong>adulterinis:</strong></span> <span class='ocrx_word' id='word_1_794' title='bbox 2960 4710 3054 4763; x_wconf 87' lang='lat' dir='ltr'><strong>sed</strong></span> <span class='ocrx_word' id='word_1_795' title='bbox 3092 4710 3205 4764; x_wconf 68' lang='lat' dir='ltr'><strong>haec</strong></span> <span class='ocrx_word' id='word_1_796' title='bbox 3252 4724 3357 4763; x_wconf 90' lang='lat' dir='ltr'><strong>non</strong></span> <span class='ocrx_word' id='word_1_797' title='bbox 3404 4710 3475 4764; x_wconf 81' lang='lat' dir='ltr'><strong>ita</strong></span> 
     </span>
    </p>
   </div>
   <div class='ocr_carea' id='block_1_106' title="bbox 1906 4801 3473 4871">
    <p class='ocr_par' dir='ltr' id='par_1_106' title="bbox 1906 4801 3473 4871">
     <span class='ocr_line' id='line_1_106' title="bbox 1906 4801 3473 4871; baseline 0 -15"><span class='ocrx_word' id='word_1_798' title='bbox 1906 4802 2033 4856; x_wconf 87' lang='lat' dir='ltr'><strong>mihi</strong></span> <span class='ocrx_word' id='word_1_799' title='bbox 2066 4801 2216 4856; x_wconf 86' lang='lat' dir='ltr'><strong>fuere</strong></span> <span class='ocrx_word' id='word_1_800' title='bbox 2251 4816 2394 4856; x_wconf 64' lang='lat' dir='ltr'><strong>cura</strong></span> <span class='ocrx_word' id='word_1_801' title='bbox 2436 4817 2498 4856; x_wconf 90' lang='lat' dir='ltr'><strong>ac</strong></span> <span class='ocrx_word' id='word_1_802' title='bbox 2543 4802 2723 4855; x_wconf 88' lang='lat' dir='ltr'><strong>studio</strong></span> <span class='ocrx_word' id='word_1_803' title='bbox 2747 4842 2763 4867; x_wconf 95' lang='lat'><strong>,</strong></span> <span class='ocrx_word' id='word_1_804' title='bbox 2809 4812 2869 4856; x_wconf 92' lang='lat' dir='ltr'><strong>ut</strong></span> <span class='ocrx_word' id='word_1_805' title='bbox 2920 4801 3124 4868; x_wconf 91' lang='lat' dir='ltr'><strong>reliqua</strong></span> <span class='ocrx_word' id='word_1_806' title='bbox 3158 4801 3473 4871; x_wconf 82' lang='lat' dir='ltr'><strong>negligenda</strong></span> 
     </span>
    </p>
   </div>
   <div class='ocr_carea' id='block_1_107' title="bbox 1906 4894 3476 4963">
    <p class='ocr_par' dir='ltr' id='par_1_107' title="bbox 1906 4894 3476 4963">
     <span class='ocr_line' id='line_1_107' title="bbox 1906 4894 3476 4963; baseline 0.001 -16"><span class='ocrx_word' id='word_1_807' title='bbox 1906 4894 2177 4949; x_wconf 83' lang='lat' dir='ltr'><strong>ducerem.</strong></span> <span class='ocrx_word' id='word_1_808' title='bbox 2223 4894 2502 4948; x_wconf 84' lang='lat' dir='ltr'><strong>Addeutur</strong></span> <span class='ocrx_word' id='word_1_809' title='bbox 2540 4894 2707 4963; x_wconf 87' lang='lat' dir='ltr'><strong>igitur</strong></span> <span class='ocrx_word' id='word_1_810' title='bbox 2735 4896 2957 4956; x_wconf 88' lang='lat' dir='ltr'><strong>monita,</strong></span> <span class='ocrx_word' id='word_1_811' title='bbox 2992 4896 3305 4957; x_wconf 83' lang='lat' dir='ltr'><strong>summaria,</strong></span> <span class='ocrx_word' id='word_1_812' title='bbox 3340 4909 3476 4963; x_wconf 72' lang='lat' dir='ltr'><strong>pra:-</strong></span> 
     </span>
    </p>
   </div>
   <div class='ocr_carea' id='block_1_108' title="bbox 1904 4985 3472 5053">
    <p class='ocr_par' dir='ltr' id='par_1_108' title="bbox 1904 4985 3472 5053">
     <span class='ocr_line' id='line_1_108' title="bbox 1904 4985 3472 5053; baseline 0.001 -14"><span class='ocrx_word' id='word_1_813' title='bbox 1904 4986 2153 5050; x_wconf 83' lang='lat' dir='ltr'><strong>fationes,</strong></span> <span class='ocrx_word' id='word_1_814' title='bbox 2188 4995 2348 5048; x_wconf 64' lang='lat' dir='ltr'><strong>notae,</strong></span> <span class='ocrx_word' id='word_1_815' title='bbox 2391 4986 2509 5038; x_wconf 81' lang='lat' dir='ltr'><strong>Vim</strong></span> <span class='ocrx_word' id='word_1_816' title='bbox 2533 4985 2753 5045; x_wconf 74' lang='lat' dir='ltr'><strong>Basilii,</strong></span> <span class='ocrx_word' id='word_1_817' title='bbox 2800 4986 3059 5039; x_wconf 91' lang='lat' dir='ltr'><strong>anecdota</strong></span> <span class='ocrx_word' id='word_1_818' title='bbox 3109 5001 3213 5039; x_wconf 91' lang='lat' dir='ltr'><strong>non</strong></span> <span class='ocrx_word' id='word_1_819' title='bbox 3262 5000 3472 5053; x_wconf 86' lang='lat' dir='ltr'><strong>pauca;</strong></span> 
     </span>
    </p>
   </div>
   <div class='ocr_carea' id='block_1_109' title="bbox 1906 5077 3476 5144">
    <p class='ocr_par' dir='ltr' id='par_1_109' title="bbox 1906 5077 3476 5144">
     <span class='ocr_line' id='line_1_109' title="bbox 1906 5077 3476 5144; baseline 0.001 -14"><span class='ocrx_word' id='word_1_820' title='bbox 1906 5087 1960 5130; x_wconf 90' lang='lat' dir='ltr'><strong>et</strong></span> <span class='ocrx_word' id='word_1_821' title='bbox 1999 5077 2255 5144; x_wconf 89' lang='lat' dir='ltr'><strong>quoniam</strong></span> <span class='ocrx_word' id='word_1_822' title='bbox 2305 5078 2356 5130; x_wconf 91' lang='lat' dir='ltr'><strong>in</strong></span> <span class='ocrx_word' id='word_1_823' title='bbox 2403 5078 2556 5132; x_wconf 84' lang='lat' dir='ltr'><strong>novis</strong></span> <span class='ocrx_word' id='word_1_824' title='bbox 2607 5078 2934 5130; x_wconf 89' lang='lat' dir='ltr'><strong>editionibus</strong></span> <span class='ocrx_word' id='word_1_825' title='bbox 2990 5077 3125 5130; x_wconf 88' lang='lat' dir='ltr'><strong>nihil</strong></span> <span class='ocrx_word' id='word_1_826' title='bbox 3177 5078 3476 5133; x_wconf 85' lang='lat' dir='ltr'><strong>desiderari</strong></span> 
     </span>
    </p>
   </div>
   <div class='ocr_carea' id='block_1_110' title="bbox 1905 5168 3478 5237">
    <p class='ocr_par' dir='ltr' id='par_1_110' title="bbox 1905 5168 3478 5237">
     <span class='ocr_line' id='line_1_110' title="bbox 1905 5168 3478 5237; baseline 0.001 -14"><span class='ocrx_word' id='word_1_827' title='bbox 1905 5182 2077 5237; x_wconf 76' lang='lat' dir='ltr'><strong>opera:</strong></span> <span class='ocrx_word' id='word_1_828' title='bbox 2107 5171 2335 5236; x_wconf 89' lang='lat' dir='ltr'><strong>pretium</strong></span> <span class='ocrx_word' id='word_1_829' title='bbox 2370 5180 2494 5233; x_wconf 88' lang='lat' dir='ltr'><strong>est,</strong></span> <span class='ocrx_word' id='word_1_830' title='bbox 2544 5168 2883 5223; x_wconf 89' lang='lat' dir='ltr'><strong>invenientur</strong></span> <span class='ocrx_word' id='word_1_831' title='bbox 2919 5170 2970 5223; x_wconf 93' lang='lat' dir='ltr'><strong>in</strong></span> <span class='ocrx_word' id='word_1_832' title='bbox 3014 5179 3194 5224; x_wconf 88' lang='lat' dir='ltr'><strong>nostra</strong></span> <span class='ocrx_word' id='word_1_833' title='bbox 3249 5185 3314 5224; x_wconf 91' lang='lat' dir='ltr'><strong>eo</strong></span> <span class='ocrx_word' id='word_1_834' title='bbox 3366 5187 3478 5224; x_wconf 90' lang='lat' dir='ltr'><strong>uuo</strong></span> 
     </span>
    </p>
   </div>
   <div class='ocr_carea' id='block_1_111' title="bbox 1906 5260 3478 5330">
    <p class='ocr_par' dir='ltr' id='par_1_111' title="bbox 1906 5260 3478 5330">
     <span class='ocr_line' id='line_1_111' title="bbox 1906 5260 3478 5330; baseline 0.001 -17"><span class='ocrx_word' id='word_1_835' title='bbox 1906 5260 2102 5313; x_wconf 90' lang='lat' dir='ltr'><strong>debent</strong></span> <span class='ocrx_word' id='word_1_836' title='bbox 2136 5262 2324 5314; x_wconf 89' lang='lat' dir='ltr'><strong>ordine</strong></span> <span class='ocrx_word' id='word_1_837' title='bbox 2364 5262 2477 5330; x_wconf 86' lang='lat' dir='ltr'><strong>ipsa</strong></span> <span class='ocrx_word' id='word_1_838' title='bbox 2509 5263 2669 5316; x_wconf 89' lang='lat' dir='ltr'><strong>etiam</strong></span> <span class='ocrx_word' id='word_1_839' title='bbox 2718 5262 2996 5329; x_wconf 87' lang='lat' dir='ltr'><strong>opuscula,</strong></span> <span class='ocrx_word' id='word_1_840' title='bbox 3033 5276 3152 5329; x_wconf 69' lang='lat' dir='ltr'><strong>qua:</strong></span> <span class='ocrx_word' id='word_1_841' title='bbox 3198 5261 3305 5317; x_wconf 86' lang='lat' dir='ltr'><strong>iam</strong></span> <span class='ocrx_word' id='word_1_842' title='bbox 3356 5264 3478 5329; x_wconf 89' lang='lat' dir='ltr'><strong>qui-</strong></span> 
     </span>
    </p>
   </div>
   <div class='ocr_carea' id='block_1_112' title="bbox 1911 5352 3476 5418">
    <p class='ocr_par' dir='ltr' id='par_1_112' title="bbox 1911 5352 3476 5418">
     <span class='ocr_line' id='line_1_112' title="bbox 1911 5352 3476 5418; baseline 0.003 -15"><span class='ocrx_word' id='word_1_843' title='bbox 1911 5353 2032 5405; x_wconf 90' lang='lat' dir='ltr'><strong>dem</strong></span> <span class='ocrx_word' id='word_1_844' title='bbox 2061 5353 2204 5405; x_wconf 90' lang='lat' dir='ltr'><strong>edita</strong></span> <span class='ocrx_word' id='word_1_845' title='bbox 2231 5362 2376 5416; x_wconf 88' lang='lat' dir='ltr'><strong>sunt,</strong></span> <span class='ocrx_word' id='word_1_846' title='bbox 2415 5354 2507 5407; x_wconf 92' lang='lat' dir='ltr'><strong>sed</strong></span> <span class='ocrx_word' id='word_1_847' title='bbox 2540 5354 2656 5408; x_wconf 91' lang='lat' dir='ltr'><strong>loco</strong></span> <span class='ocrx_word' id='word_1_848' title='bbox 2691 5370 2796 5409; x_wconf 90' lang='lat' dir='ltr'><strong>non</strong></span> <span class='ocrx_word' id='word_1_849' title='bbox 2826 5369 2944 5418; x_wconf 86' lang='lat' dir='ltr'><strong>suo,</strong></span> <span class='ocrx_word' id='word_1_850' title='bbox 2976 5355 3050 5406; x_wconf 89' lang='lat' dir='ltr'><strong>uti</strong></span> <span class='ocrx_word' id='word_1_851' title='bbox 3085 5354 3136 5407; x_wconf 92' lang='lat' dir='ltr'><strong>in</strong></span> <span class='ocrx_word' id='word_1_852' title='bbox 3166 5352 3476 5408; x_wconf 68' lang='lat' dir='ltr'><strong>Monumen-</strong></span> 
     </span>
    </p>
   </div>
   <div class='ocr_carea' id='block_1_113' title="bbox 1908 5440 3477 5513">
    <p class='ocr_par' dir='ltr' id='par_1_113' title="bbox 1908 5440 3477 5513">
     <span class='ocr_line' id='line_1_113' title="bbox 1908 5440 3477 5513; baseline 0.003 -19"><span class='ocrx_word' id='word_1_853' title='bbox 1908 5444 1970 5495; x_wconf 75' lang='lat' dir='ltr'><strong>tis</strong></span> <span class='ocrx_word' id='word_1_854' title='bbox 2002 5440 2196 5496; x_wconf 68' lang='lat' dir='ltr'><strong>Gracia</strong></span> <span class='ocrx_word' id='word_1_855' title='bbox 2226 5441 2446 5498; x_wconf 86' lang='lat' dir='ltr'><strong>Joannis</strong></span> <span class='ocrx_word' id='word_1_856' title='bbox 2489 5444 2773 5507; x_wconf 89' lang='lat' dir='ltr'><strong>Cotelerii,</strong></span> <span class='ocrx_word' id='word_1_857' title='bbox 2827 5456 2921 5500; x_wconf 89' lang='lat' dir='ltr'><strong>aut</strong></span> <span class='ocrx_word' id='word_1_858' title='bbox 2971 5446 3023 5497; x_wconf 89' lang='lat' dir='ltr'><strong>in</strong></span> <span class='ocrx_word' id='word_1_859' title='bbox 3076 5444 3330 5513; x_wconf 70' lang='lat' dir='ltr'><strong>prteclaro</strong></span> <span class='ocrx_word' id='word_1_860' title='bbox 3386 5446 3477 5499; x_wconf 91' lang='lat' dir='ltr'><strong>illo</strong></span> 
     </span>
    </p>
   </div>
   <div class='ocr_carea' id='block_1_114' title="bbox 1909 5532 3478 5603">
    <p class='ocr_par' dir='ltr' id='par_1_114' title="bbox 1909 5532 3478 5603">
     <span class='ocr_line' id='line_1_114' title="bbox 1909 5532 3478 5603; baseline 0.003 -20"><span class='ocrx_word' id='word_1_861' title='bbox 1909 5532 2134 5601; x_wconf 89' lang='lat' dir='ltr'><strong>utilique</strong></span> <span class='ocrx_word' id='word_1_862' title='bbox 2175 5547 2337 5602; x_wconf 91' lang='lat' dir='ltr'><strong>opere</strong></span> <span class='ocrx_word' id='word_1_863' title='bbox 2388 5532 2667 5589; x_wconf 84' lang='lat' dir='ltr'><strong>Francisei</strong></span> <span class='ocrx_word' id='word_1_864' title='bbox 2705 5533 3050 5597; x_wconf 86' lang='lat' dir='ltr'><strong>Combeﬁsii,</strong></span> <span class='ocrx_word' id='word_1_865' title='bbox 3090 5536 3156 5588; x_wconf 90' lang='lat' dir='ltr'><strong>de</strong></span> <span class='ocrx_word' id='word_1_866' title='bbox 3201 5549 3307 5603; x_wconf 90' lang='lat' dir='ltr'><strong>quo</strong></span> <span class='ocrx_word' id='word_1_867' title='bbox 3352 5549 3478 5588; x_wconf 75' lang='lat' dir='ltr'><strong>mox</strong></span> 
     </span>
    </p>
   </div>
   <div class='ocr_carea' id='block_1_115' title="bbox 1908 5624 3474 5693">
    <p class='ocr_par' dir='ltr' id='par_1_115' title="bbox 1908 5624 3474 5693">
     <span class='ocr_line' id='line_1_115' title="bbox 1908 5624 3474 5693; baseline 0.003 -18"><span class='ocrx_word' id='word_1_868' title='bbox 1908 5624 2095 5687; x_wconf 91' lang='lat' dir='ltr'><strong>loquar</strong></span> <span class='ocrx_word' id='word_1_869' title='bbox 2128 5643 2140 5677; x_wconf 90' lang='lat'>:</span> <span class='ocrx_word' id='word_1_870' title='bbox 2174 5640 2293 5693; x_wconf 64' lang='lat' dir='ltr'><strong>quae</strong></span> <span class='ocrx_word' id='word_1_871' title='bbox 2322 5626 2498 5678; x_wconf 89' lang='lat' dir='ltr'><strong>omnia</strong></span> <span class='ocrx_word' id='word_1_872' title='bbox 2531 5627 2803 5693; x_wconf 76' lang='lat' dir='ltr'><strong>excipient</strong></span> <span class='ocrx_word' id='word_1_873' title='bbox 2837 5628 3041 5681; x_wconf 84' lang='lat' dir='ltr'><strong>indices</strong></span> <span class='ocrx_word' id='word_1_874' title='bbox 3063 5625 3361 5679; x_wconf 87' lang='lat' dir='ltr'><strong>ﬁdelissimi</strong></span> <span class='ocrx_word' id='word_1_875' title='bbox 3397 5626 3474 5679; x_wconf 83' lang='lat' dir='ltr'><strong>si-</strong></span> 
     </span>
    </p>
   </div>
   <div class='ocr_carea' id='block_1_116' title="bbox 1910 5717 3474 5785">
    <p class='ocr_par' dir='ltr' id='par_1_116' title="bbox 1910 5717 3474 5785">
     <span class='ocr_line' id='line_1_116' title="bbox 1910 5717 3474 5785; baseline 0 -18"><span class='ocrx_word' id='word_1_876' title='bbox 1910 5717 2017 5768; x_wconf 90' lang='lat' dir='ltr'><strong>mul</strong></span> <span class='ocrx_word' id='word_1_877' title='bbox 2052 5726 2106 5770; x_wconf 87' lang='lat' dir='ltr'><strong>et</strong></span> <span class='ocrx_word' id='word_1_878' title='bbox 2132 5717 2469 5785; x_wconf 85' lang='lat' dir='ltr'><strong>amplissimi.</strong></span> <span class='ocrx_word' id='word_1_879' title='bbox 2510 5717 2715 5773; x_wconf 84' lang='lat' dir='ltr'><strong>Norunt</strong></span> <span class='ocrx_word' id='word_1_880' title='bbox 2747 5721 2981 5782; x_wconf 90' lang='lat' dir='ltr'><strong>eruditi,</strong></span> <span class='ocrx_word' id='word_1_881' title='bbox 3016 5720 3156 5772; x_wconf 85' lang='lat' dir='ltr'><strong>inter</strong></span> <span class='ocrx_word' id='word_1_882' title='bbox 3190 5718 3290 5771; x_wconf 84' lang='lat' dir='ltr'><strong>alia</strong></span> <span class='ocrx_word' id='word_1_883' title='bbox 3316 5717 3474 5771; x_wconf 89' lang='lat' dir='ltr'><strong>Com-</strong></span> 
     </span>
    </p>
   </div>
   <div class='ocr_carea' id='block_1_117' title="bbox 1910 5805 3473 5883">
    <p class='ocr_par' dir='ltr' id='par_1_117' title="bbox 1910 5805 3473 5883">
     <span class='ocr_line' id='line_1_117' title="bbox 1910 5805 3473 5883; baseline 0.003 -24"><span class='ocrx_word' id='word_1_884' title='bbox 1910 5805 2077 5861; x_wconf 84' lang='lat' dir='ltr'><strong>beﬁsii</strong></span> <span class='ocrx_word' id='word_1_885' title='bbox 2113 5808 2313 5877; x_wconf 84' lang='lat' dir='ltr'><strong>scripta</strong></span> <span class='ocrx_word' id='word_1_886' title='bbox 2361 5811 2634 5866; x_wconf 82' lang='lat' dir='ltr'><strong>recenseri</strong></span> <span class='ocrx_word' id='word_1_887' title='bbox 2684 5812 2945 5883; x_wconf 80' lang='lat' dir='ltr'><strong>insignem</strong></span> <span class='ocrx_word' id='word_1_888' title='bbox 2996 5812 3194 5868; x_wconf 88' lang='lat' dir='ltr'><strong>librum</strong></span> <span class='ocrx_word' id='word_1_889' title='bbox 3242 5811 3295 5865; x_wconf 90' lang='lat' dir='ltr'><strong>lu</strong></span> <span class='ocrx_word' id='word_1_890' title='bbox 3344 5809 3473 5865; x_wconf 79' lang='lat' dir='ltr'><strong>duos</strong></span> 
     </span>
    </p>
   </div>
  </div>
