4040 6440
554 392 729 431 CLXX!

1887 367 2413 429 PROLEGOMENA.

553 501 729 548 tomos
749 489 979 546 divisum
999 525 1015 554 ,
1063 488 1149 543 cui
1182 486 1391 543 titulum
1443 484 1608 555 fecit,
1638 486 1872 543 Basilius
1898 490 2121 560 Magnus
2150 491 2197 548 Α
2224 486 2365 554 quod
2398 484 2584 548 sciam,
2613 492 2938 552 compareat.
2962 482 3219 553 Equidem
3243 499 3348 541 non
3380 483 3566 554 ignoro
3588 499 3786 551 quam-

553 601 620 639 εκ
652 584 854 657 integro
904 579 1210 647 recen'situs,
1244 580 1420 635 Paris.
1452 578 1592 635 1679
1618 621 1633 647 ,
1681 581 1732 635 iu
1762 581 1855 646 8';
1902 597 2007 652 quo
2048 580 2115 635 de

553 690 717 745 opere
736 677 847 743 jam
874 673 1089 743 quidem
1121 671 1331 727 locutus
1353 685 1491 735 sum,
1521 674 1616 726 sed
1639 672 1702 726 de
1724 684 1789 725 eo
1818 670 1905 727 hic
1931 684 2116 727 rursus

555 767 704 836 loqui
740 765 911 819 visum
949 771 1052 819 est.
1102 763 1261 819 Certe
1292 764 1474 818 mirari
1517 764 1661 818 subit
1693 761 1790 817 viri
1823 763 2114 819 doctissimi

556 859 855 928 improbum
902 856 1142 911 laborem
1174 871 1190 911 :
1221 856 1312 926 qui
1363 855 1414 908 in
1456 857 1540 912 his
1564 855 1771 911 duobus
1801 859 1962 912 tomis
2011 868 2114 909 non

557 949 714 1005 modo
745 948 944 1004 multas
971 949 1151 1005 varias
1193 948 1451 1005 lectiones
1483 965 1511 1003 a
1551 965 1608 1004 se
1637 962 1667 1003 e
1705 946 1871 1002 variis
1913 945 2116 1004 codici-

556 1045 654 1098 bus
671 1042 925 1098 collectas
950 1041 1155 1109 edidit,
1192 1041 1287 1096 sed
1317 1041 1462 1111 ipsas
1491 1044 1650 1097 etiam
1681 1040 1933 1109 antiquas
1961 1041 2119 1093 inter-

555 1133 884 1203 pretationes
909 1133 1179 1189 sexcentis
1212 1131 1347 1188 locis
1377 1131 1706 1188 emendavit.
1741 1128 1798 1185 ld
1830 1144 1964 1200 opus
1993 1142 2115 1183 cum

556 1225 805 1293 legerem,
848 1223 1027 1278 notavi
1057 1222 1199 1291 quod
1232 1222 1321 1277 alii
1370 1223 1479 1292 jam
1529 1229 1817 1284 notarant,
1848 1216 2120 1275 Combeﬁ-

555 1314 694 1368 sium
725 1312 960 1382 linguam
996 1313 1212 1382 quidem
1246 1312 1488 1368 Graecam
1523 1308 1937 1378 diligentissime
1957 1323 2121 1365 exco-

556 1404 741 1471 luisse,
772 1414 829 1461 et
858 1404 1063 1476 optime
1088 1404 1314 1459 scivisse
1348 1418 1363 1456 :
1407 1400 1501 1456 sed
1533 1402 1704 1456 videri
1737 1400 1982 1454 Latinam
2014 1414 2117 1454 non

556 1496 631 1552 ita
677 1495 901 1553 multum
926 1498 992 1551 ab
1015 1510 1081 1549 eo
1118 1494 1284 1550 fuisse
1323 1492 1614 1548 excultam.
1657 1493 1724 1548 Et
1757 1493 1969 1562 quidem
2000 1506 2121 1562 quae

550 1580 745 1641 latine
793 1583 1041 1651 scripsit,
1069 1596 1134 1637 ea
1158 1591 1370 1637 constat
1399 1591 1454 1637 et
1492 1583 1724 1638 obscura
1767 1596 1907 1648 esse,
1959 1589 2015 1635 et
2054 1581 2123 1634 ab

555 1676 775 1743 antiqua
818 1674 906 1728 illa
952 1674 1179 1730 Romani
1223 1675 1490 1730 sermonis
1538 1674 1844 1745 integritate
1890 1686 2118 1742 prorsus

552 1766 745 1820 aliena.
802 1764 980 1833 Quare
1038 1768 1128 1822 ubi
1187 1768 1351 1825 etiam
1400 1765 1606 1836 priscas
1641 1763 2118 1836 interpretationes

2215 579 2339 631 dam
2366 577 2549 633 Basilii
2585 573 2785 635 Vitam.
2812 589 2932 644 quae
2966 575 3375 632 celeberrimum
3416 574 3783 646 Amphilochii

2217 681 2412 722 nomen
2449 666 2689 738 praefert,
2732 679 2837 719 non
2870 666 2941 720 ita
2980 666 3186 735 pridem
3241 679 3270 718 a
3316 667 3635 723 Combeﬁsio
3679 668 3789 718 edi-

2217 769 2326 812 tam
2363 758 2566 825 fuisse;
2596 760 2687 813 sed
2718 758 2837 812 hac
2880 755 3001 811 Vita
3034 773 3130 828 pro
3158 758 3339 828 spuria
3368 770 3528 829 atque
3554 756 3786 815 subdiu-

2223 852 2295 903 tia
2325 866 2356 904 a
2378 851 2700 907 doctissimo
2739 862 2953 921 quoque
2987 849 3239 913 habetur,
3273 862 3372 902 nec
3411 850 3628 919 injuria.
3657 847 3790 903 Scio

2221 954 2440 1011 quoque
2466 943 2794 997 mentionem
2824 938 2940 994 ﬁeri
2965 948 3020 993 et
3039 940 3178 1006 apud
3205 936 3463 995 Joannem
3496 941 3791 994 Damasce-

2221 1048 2349 1087 num
2374 1032 2439 1086 de
2468 1030 2571 1086 alia
2610 1031 2732 1086 Vita
2762 1030 2967 1095 Basilii.
3005 1044 3123 1099 qua:
3164 1029 3281 1098 ejus
3318 1032 3613 1086 successori
3653 1029 3786 1084 Hel-

2219 1125 2362 1180 ladio
2395 1122 2646 1178 tribuitur
2681 1140 2694 1176 :
2731 1125 2823 1177 sed
2850 1134 3204 1193 praeterquam
3240 1120 3380 1190 quod
3412 1118 3642 1177 dubitari
3669 1136 3787 1176 nte-

2224 1219 2331 1273 rito
2360 1227 2540 1287 potest
2586 1229 2653 1269 an
2682 1229 2916 1283 unquam
2948 1212 3235 1275 exstiterit,
3269 1215 3380 1280 ipsa
3413 1228 3516 1266 non
3556 1218 3790 1284 amplius

2220 1309 2275 1364 in
2314 1309 2615 1364 litterarum
2670 1302 3350 1362 monumentisinvenitur.
3396 1303 3574 1369 Quare
3602 1316 3658 1360 ut
3684 1308 3792 1361 hoc

2220 1401 2475 1456 damnum
2506 1399 2758 1455 resarciri
2798 1399 3032 1468 quodam
3064 1399 3224 1453 modo
3249 1397 3436 1467 possit,
3466 1410 3655 1452 novam
3684 1398 3791 1455 Ba-

2221 1484 2325 1548 silii
2365 1491 2536 1547 Vitam
2559 1490 2854 1560 praesertim
2878 1504 2946 1545 ex
2967 1490 3084 1559 ejus
3105 1490 3320 1561 scriptis
3343 1488 3622 1544 collectam
3652 1507 3789 1547 con—

2223 1586 2465 1640 scribere
2494 1581 2680 1637 statui.

2295 1677 2381 1732 ll.
2414 1673 2560 1742 Opus
2602 1682 2770 1728 totum
2821 1671 2900 1727 sic
2936 1671 3342 1729 distribuemus.
3388 1670 3793 1741 Complectetur

2224 1777 2400 1823 tomus
2428 1768 2633 1834 primus
2663 1763 2924 1819 Homilias
2969 1764 3024 1817 in
3067 1764 3432 1820 Hexaemeron
3462 1774 3517 1821 et
3551 1765 3606 1818 in
3635 1760 3794 1816 Psal-

551 1860 812 1924 correxit,
862 1860 935 1915 ibi
968 1860 1069 1914 alia
1114 1860 1294 1928 pbrasi
1327 1859 1403 1914 uti
1433 1870 1658 1915 coactus
1708 1874 1824 1914 sum
1854 1876 1868 1913 :
1895 1857 1990 1913 sed
2043 1868 2122 1913 ta-
2154 1858 2195 1914 Β
2224 1874 2353 1921 mos,
2374 1856 2617 1912 librosin'
2636 1856 2975 1922 Eunomium,
2998 1855 3524 1913 Commentariumin
3546 1855 3790 1919 Isaiam;

553 1965 676 2005 men
720 1952 895 2005 virum
947 1950 1369 2005 eruditissimum
1432 1962 1561 2006 tunc
1613 1965 1828 2019 quoque
1878 1951 2118 2006 maximo

554 2040 688 2096 mihi
737 2041 1046 2109 adjumento
1090 2040 1257 2097 fuisse
1292 2043 1517 2112 ingenue
1552 2040 1794 2103 fatebor.
1825 2055 1949 2096 cum
1985 2042 2115 2096 mihi

549 2133 637 2188 bis
667 2134 719 2187 in
758 2132 890 2188 locis
922 2132 1095 2189 facem
1138 2134 1418 2205 prazferret
1453 2134 1521 2189 ad
1559 2132 1871 2189 Graecarum
1929 2147 2114 2191 vocem

550 2226 903 2295 detegendam
928 2226 1267 2283 sententiam.
1293 2225 1429 2282 Cum
1454 2226 1778 2283 audivissem
1795 2241 1939 2289 eum,
1955 2238 2117 2295 quem

549 2315 745 2385 saepius
774 2314 1085 2380 nominavi,
1122 2315 1300 2370 virum
1329 2317 1700 2371 doctissimum
1732 2315 2115 2370 Combeﬁsium

555 2419 623 2459 ex
665 2419 795 2461 mss.
825 2404 1100 2461 codicibus
1135 2420 1421 2476 excerpere
1454 2405 1671 2460 solitum
1715 2404 1856 2474 quod
1902 2404 2116 2471 liberet,

552 2498 858 2568 relinquere
894 2499 1035 2569 quod
1083 2499 1425 2567 displiceret,
1476 2498 1702 2554 collatos
1746 2498 1815 2555 ab
1862 2498 1980 2570 ipso
2027 2514 2119 2555 ve-

550 2600 698 2646 teres
747 2590 916 2645 libros
966 2604 1155 2645 rursus
1209 2600 1305 2645 aut
1353 2592 1558 2648 contuli
1610 2595 1744 2662 ipse,
1793 2603 1885 2647 aut
1936 2592 2120 2649 confe-

554 2681 750 2737 rendos
780 2679 1005 2747 curavi;
1054 2694 1153 2736 nec
1192 2694 1355 2746 sane,
1407 2690 1467 2735 ut
1501 2682 1651 2746 dixi,
1693 2690 1901 2751 tempus
1936 2684 2118 2752 perdi-

552 2771 754 2828 dimus.

631 2864 684 2919 9.
734 2864 887 2920 Nune
922 2865 987 2920 de
1016 2865 1313 2933 anecdotis,
1353 2864 1525 2937 deque
1580 2862 1763 2919 Basilii
1808 2862 1931 2918 Vita
1962 2865 2118 2935 paulo

554 2952 727 3009 fusius
750 2957 1149 3010 disserendum.
1195 2957 1271 3011 Ita
1300 2966 1669 3027 comparatum
1710 2966 1793 3013 est
1839 2956 2134 3023 hominum.

553 3059 747 3114 genus,
805 3052 867 3099 ut
914 3046 1223 3101 existiment
1278 3060 1472 3100 novam
1537 3047 1772 3117 aliquam
1826 3049 2117 3105 editionem

552 3136 844 3206 plurimum
875 3137 1241 3193 commendari
1287 3138 1441 3207 copia
1465 3140 1870 3194 anccdotorum.
1899 3141 2000 3196 Aio
2020 3142 2118 3213 igi-

2229 1950 2521 2016 secundus,
2576 1948 2834 2004 Homilias
2877 1945 2947 2003 de
2998 1949 3243 2017 diversis,
3295 1950 3561 2015 Ascetica,
3593 1949 3792 2003 librum

2228 2042 2301 2097 De
2338 2044 2663 2113 virginitate,
2705 2042 2870 2097 libros
2898 2038 2975 2094 De
3010 2041 3264 2108 baptismo
3286 2057 3306 2105 ;
3363 2042 3555 2095 tertius
3592 2040 3791 2095 librum

2223 2136 2300 2191 De
2321 2136 2510 2204 spiritu
2538 2146 2739 2202 sancto,
2768 2133 3053 2205 Epistolas,
3084 2131 3407 2203 Liturgiam,
3435 2132 3621 2200 viginti
3651 2146 3793 2199 qna-

2224 2236 2350 2284 tuor
2404 2240 2681 2283 sermones
2729 2228 2996 2285 Simeonis
3043 2224 3287 2297 magistri
3336 2237 3401 2279 ac
3456 2220 3791 2292 Logothetae,

2227 2320 2400 2375 Vitam
2424 2318 2629 2375 Basilii.

2294 2412 2382 2467 12.
2416 2410 2712 2465 Commune
2743 2409 2958 2478 quidem
3004 2409 3243 2463 omnium
3292 2421 3485 2462 munus
3515 2412 3599 2460 est
3655 2405 3795 2458 bene

2225 2504 2289 2559 de
2308 2519 2367 2560 se
2396 2502 2599 2559 meritis
2614 2501 2817 2571 justam
2836 2499 3177 2570 debitamque
3196 2499 3422 2570 gratiam
3443 2496 3790 2567 persolvere:

2228 2597 2333 2653 hoc
2363 2606 2543 2651 tamen
2568 2594 2750 2652 nescio
2779 2595 3050 2665 quomodo
3080 2592 3250 2664 magis
3272 2590 3548 2662 proprium
3577 2587 3795 2643 videtur

2225 2690 2568 2757 scriptorum.
2601 2686 2765 2757 Ergo,
2797 2696 2857 2741 ut
2887 2686 3013 2741 huic
3064 2686 3238 2741 oﬁicio
3295 2684 3490 2740 faciam
3527 2682 3684 2745 satis,
3725 2680 3795 2733 li-

2223 2777 2412 2830 benter
2436 2773 2742 2842 praedicabo
2774 2773 3034 2828 beneﬁcia
3062 2788 3270 2837 eorum,
3300 2770 3388 2840 qui
3429 2769 3628 2837 aliquid
3659 2765 3793 2819 mihi

2222 2864 2339 2935 opis
2371 2864 2437 2917 ad
2468 2877 2664 2917 novam
2703 2861 2888 2917 Basilii
2914 2863 3203 2917 editionem
3232 2857 3613 2929 perﬁciendam
3652 2870 3788 2910 cono

2224 2957 2419 3013 tulere.
2451 2954 2694 3010 Primum
2733 2953 3037 3009 laudandus
3078 2952 3228 3006 Dom.
3265 2949 3528 3004 llenricus
3560 2946 3791 3001 Carolus

2225 3052 2293 3107 du
2322 3049 2586 3105 Cambout
2606 3049 2671 3103 de
2693 3046 2918 3110 Coislin,
2944 3045 3051 3100 dux
3084 3054 3139 3098 et
3163 3058 3260 3114 par
3288 3041 3552 3107 Francia},
3581 3040 3796 3109 episco-

2224 3158 2323 3213 pus
2353 3141 2630 3207 Metensis,
2655 3140 2745 3210 qui
2769 3137 3154 3194 bibliothecam
3183 3150 3333 3190 suam
3363 3149 3486 3190 cum
3517 3133 3638 3188 aliis
3670 3149 3789 3187 ma-

552 3236 643 3283 tur
698 3228 751 3283 id
782 3230 1083 3284 ornamenti
1111 3230 1165 3285 in
1217 3244 1353 3285 nova
1390 3229 1579 3285 Basilii
1618 3245 1842 3300 operum
1874 3232 2119 3289 editione
2148 3216 2193 3278 (ἶ
2224 3234 2513 3304 nuscriptis
2543 3242 2653 3287 tum
2683 3231 2887 3287 Graecis
2916 3228 3328 3286 refertissimam
3372 3227 3511 3297 apud
3561 3241 3661 3282 nos
3692 3227 3792 3280 de-

552 3318 777 3373 minime
805 3317 1131 3374 defuturum.
1169 3319 1315 3376 Nova
1344 3322 1487 3375 enim
1522 3321 1796 3377 veteribus
1826 3322 2113 3388 addentur,

555 3407 854 3478 fragmenta
917 3411 1197 3479 quaedam,
1255 3412 1530 3467 orationes
1578 3412 1813 3483 aliquot,
1878 3413 2119 3481 epistola:

554 3498 840 3555 nonnullae.
874 3498 1012 3567 Quin
1057 3501 1222 3555 etiam
1271 3513 1332 3554 ea
1380 3499 1563 3555 Basilii
1595 3502 1853 3571 opuscula
1878 3517 1999 3572 quae
2029 3502 2119 3558 hic

558 3591 667 3647 illic
708 3606 898 3661 sparsa
931 3591 1299 3654 inveniuntur,
1330 3592 1441 3661 ipsa
1482 3606 1696 3663 quoque
1717 3607 1815 3647 suo
1844 3595 2035 3648 ordine
2064 3603 2118 3649 et

556 3683 675 3738 loco
716 3699 906 3738 rursus
940 3684 1161 3753 vulgare
1198 3698 1303 3738 non
1339 3684 1705 3753 gravabimur.
1738 3683 1865 3740 Scio
1893 3685 2113 3755 quidem

552 3787 688 3840 opus
736 3773 987 3826 Eunomii
1039 3774 1259 3840 dignum
1287 3788 1408 3829 esse
1455 3776 1693 3832 tenebris
1731 3778 1925 3847 magis,
1958 3792 2119 3847 quam

555 3864 717 3918 luce:
755 3864 1009 3932 quoniam
1059 3873 1239 3919 tamen
1282 3867 1350 3919 ad
1408 3867 1780 3923 dilucidaudos
1832 3868 2013 3924 Basilii
2067 3870 2122 3923 in

556 3952 877 4008 Eunomium
913 3954 1081 4009 libros
1112 3955 1231 4010 usui
1263 3970 1382 4011 esse
1416 3967 1612 4025 potest.
1644 3958 1695 4012 id
1736 3974 1951 4029 quoque
2000 3977 2123 4015 rur-

553 4059 650 4099 sus
698 4044 942 4100 edemus.
993 4044 1189 4101 Notutn
1242 4055 1324 4102 est
1374 4046 1627 4101 Ruﬁnum
1671 4056 1727 4103 et
1777 4048 2119 4104 Eustathium

552 4135 795 4205 quaedam
844 4135 1025 4191 Basilii
1061 4138 1264 4208 scripta
1331 4139 1383 4193 iu
1434 4139 1666 4210 linguam
1700 4139 1947 4196 Latinam
1992 4142 2120 4196 olim

557 4227 891 4283 transtulisse
937 4242 952 4281 :
1002 4244 1234 4297 quorum
1291 4231 1790 4301 interpretationem
1857 4236 1923 4289 ad
1992 4250 2123 4290 exa-

556 4328 703 4374 ratos
732 4334 892 4374 manu
945 4319 1113 4375 libros
1156 4326 1493 4391 recognitam
1548 4326 1685 4394 typis
1711 4326 1927 4395 quidem
1966 4343 2121 4381 man-

554 4409 683 4465 dare
734 4413 904 4465 visum
948 4420 1051 4476 est,
1074 4412 1169 4467 sed
1205 4412 1310 4477 sic,
1340 4422 1398 4467 ut
1434 4415 1501 4469 ad
1538 4418 1717 4484 operis
1748 4417 1953 4471 calcem
1998 4418 2124 4487 reji-

552 4501 745 4555 ciatur.
774 4501 916 4557 Loco
965 4504 1153 4559 eodem
1201 4504 1440 4573 ejusdem
1491 4505 1670 4561 Ruﬁni
1722 4508 1980 4563 ineditam
2032 4511 2115 4565 in-

2221 3326 2418 3394 posuit,
2446 3333 2585 3380 utea
2619 3322 2797 3389 nubis,
2826 3336 2947 3392 quze
2976 3320 3095 3387 ejus
3128 3320 3182 3375 in
3214 3328 3453 3375 nostram
3494 3332 3797 3388 congrega-

2225 3417 2428 3471 tionem
2462 3415 2834 3471 benevolentia
2865 3421 2971 3477 est,
2998 3412 3211 3468 facilius
3250 3426 3315 3467 ac
3338 3410 3675 3467 commodius
3713 3408 3793 3461 uti

2221 3507 2429 3561 liceret.
2464 3505 2721 3561 Laudabo
2769 3514 2825 3560 et
2869 3504 3303 3560 illustrissimum
3345 3503 3594 3556 abbatem
3631 3499 3695 3553 D.
3728 3501 3795 3553 de

2220 3595 2473 3663 Louvois,
2528 3596 2865 3652 bibliothecae
2891 3594 3072 3664 Regia:
3116 3594 3450 3663 praefectum,
3477 3591 3571 3659 qui
3596 3605 3797 3659 magno

2222 3692 2520 3745 litterarum
2568 3696 2622 3743 et
2668 3688 3033 3742 litteratorum
3092 3686 3291 3739 damno
3335 3682 3541 3737 duobus
3594 3682 3795 3735 abhinc

2223 3781 2398 3845 annis,
2435 3788 2687 3834 recusato
2742 3779 3055 3848 episcopatu
3110 3775 3565 3838 Claromontano,
3596 3787 3629 3827 e
3681 3774 3792 3825 vita

2224 3872 2478 3928 excessit.
2530 3870 2802 3927 Faverunt
2842 3871 2997 3925 nobis
3042 3884 3255 3940 quoque
3290 3867 3553 3930 maxime,
3599 3866 3794 3935 optimi

2231 3974 2286 4018 et
2335 3963 2683 4019 illustrissimi
2712 3962 2922 4018 abbatis
2964 3961 3232 4033 exemplo,
3272 3961 3374 4015 viri
3404 3958 3792 4030 spectatissimi

2224 4054 2465 4122 ejusdem
2517 4052 2854 4107 bibliotheca:
2904 4052 3085 4123 Regia
3112 4051 3378 4119 custodes,
3405 4049 3798 4107 D.Ludovicus

2228 4143 2293 4195 de
2316 4141 2567 4211 Targnis,
2595 4140 2855 4196 Sorbona:
2885 4143 3073 4197 doctor
3098 4141 3505 4205 celeberrimus,
3543 4140 3798 4211 idemque

2225 4237 2277 4290 in
2336 4234 2541 4290 amicos
2592 4232 3059 4299 oﬁiciosissimus,
3105 4242 3157 4287 et
3209 4232 3443 4289 Joannes
3488 4233 3793 4299 Boivinius,

2230 4342 2369 4382 unus
2398 4327 2637 4380 omnium
2679 4325 3091 4391 urbanissimus,
3116 4332 3169 4379 et
3198 4324 3337 4380 idem
3366 4326 3586 4396 scriptis
3617 4326 3793 4396 publi-

2226 4420 2304 4473 cis
2333 4420 2385 4473 in
2415 4424 2530 4472 toto
2562 4418 2693 4470 orbe
2733 4416 3003 4471 litterario
3034 4414 3388 4471 clarissimus.
3416 4416 3654 4472 Laudem
3683 4430 3792 4467 non

2228 4510 2551 4563 mediocrem
2583 4507 2789 4578 pariter
2818 4517 3053 4561 meretur
3087 4506 3487 4562 illustrissimus
3509 4520 3697 4562 comes
3726 4507 3796 4558 de

556 4594 997 4662 terpretationem
1048 4572 1400 4667 quarumdam
1454 4598 1759 4654 orationum
1808 4598 1991 4654 licebit
2040 4600 2124 4655 in-
2155 4572 2200 4626 D
2230 4599 2547 4670 Seiguelay,
2584 4572 2755 4670 ucujus
2808 4598 3139 4668 amplissima
3192 4599 3516 4654 bibliotheca
3573 4612 3794 4666 semper

556 4685 716 4741 tueri.

625 4780 714 4835 £0.
747 4780 906 4836 Certe
934 4781 978 4835 si
1010 4796 1131 4850 quis
1174 4782 1397 4837 idoneus
1440 4781 1670 4851 scriptor
1706 4782 1893 4838 Basilii
1941 4782 2121 4839 Vitam

554 4873 798 4940 proxime
828 4883 949 4941 post
1000 4871 1172 4941 ipsius
1233 4882 1460 4926 mortem
1516 4872 1710 4927 litteris
1759 4874 2120 4943 prodidisset,

556 4961 715 5016 modo
748 4960 816 5015 ad
856 4975 955 5017 nos
981 4976 1152 5030 usque
1182 4964 1520 5029 pervenisset
1540 4974 1649 5017 tam
1669 4965 1981 5033 praeclarum
2007 4981 2121 5020 mo-

558 5060 891 5116 numentum,
921 5068 1035 5107 rem
1065 5052 1287 5107 fecisset
1317 5064 1372 5107 et
1401 5055 1585 5108 utilem
1617 5066 1670 5110 et
1706 5065 1910 5125 gratam
1941 5068 2121 5125 poste-

558 5142 724 5197 ritati.
752 5140 985 5196 Basilius
1015 5142 1179 5207 enim,
1208 5143 1334 5196 dum
1369 5146 1609 5209 viveret,
1646 5146 1717 5199 ita
1747 5148 1916 5202 modis
1945 5147 2121 5201 omni-

556 5234 659 5287 bus
709 5231 921 5297 claruit,
974 5232 1100 5286 vita:
1156 5236 1469 5297 sanctitate,
1521 5250 1732 5289 morum
1783 5237 2117 5308 integritate,

554 5326 862 5394 prudentia,
890 5326 1215 5390 eruditione,
1240 5327 1509 5391 facundia,
1538 5331 1702 5383 animi
1731 5332 2117 5401 magnitudine,

553 5416 798 5471 laborum
844 5432 943 5488 pro
988 5416 1233 5472 Ecclesia
1290 5432 1665 5489 susceptorum
1718 5423 2026 5491 tolerantia,
2062 5435 2121 5477 ut

552 5520 741 5560 eorum
764 5522 885 5577 quae
914 5520 1005 5563 aut
1028 5510 1195 5580 gessit
1219 5522 1311 5565 aut
1348 5512 1567 5580 scripsit
1598 5527 1850 5569 accurata
1882 5517 2119 5587 cognitio

557 5613 668 5652 rem
697 5598 1013 5655 litterariam
1037 5603 1273 5657 maxime
1302 5602 1612 5659 illustraret.
1641 5606 1748 5660 Sed
1782 5610 1963 5663 nescio
1985 5624 2120 5678 quo-

558 5690 716 5745 modo
746 5692 990 5763 contigit,
1017 5704 1075 5747 ut
1102 5709 1280 5748 rerum
1327 5710 1357 5748 a
1397 5706 1545 5752 tanto
1576 5698 1694 5752 viro
1719 5710 1991 5769 gestarum
2027 5715 2119 5769 pe-

554 5781 773 5838 culiaris
799 5783 1023 5840 historia
1080 5794 1262 5842 nostro
1314 5788 1550 5845 maximo
1604 5791 1796 5847 damno
1830 5806 2115 5859 nusquam,

2228 4700 2414 4759 aperta
2448 4701 2531 4746 est
2576 4692 2853 4756 studiosis,
2895 4692 3047 4759 quasi
3082 4688 3317 4745 fructum
3343 4689 3672 4744 uberrimum
3712 4690 3794 4744 lu-

2224 4796 2486 4851 crumque
2523 4783 2818 4836 maximum
2850 4796 2974 4836 esse
3003 4790 3235 4852 putaret,
3272 4782 3337 4835 de
3375 4780 3629 4833 litteratis
3653 4780 3794 4835 bene

2236 4872 2454 4925 mereri.
2491 4872 2545 4925 In
2598 4871 2756 4941 hujus
2799 4871 2971 4925 laudis
3021 4872 3325 4926 societatem
3359 4884 3490 4922 voco
3526 4871 3791 4937 optimum

2224 4974 2278 5017 et
2316 4964 2741 5017 eruditissimum
2790 4963 2967 5016 virum
3000 4962 3252 5019 Carolum
3288 4964 3357 5015 du
3401 4961 3636 5025 Chesne,
3672 4964 3791 5027 ejus

2224 5071 2386 5124 quam
2416 5069 2543 5109 mox
2586 5053 2699 5107 dixi
2745 5054 3087 5109 bibliotheca:
3138 5051 3473 5122 praefectum,
3516 5054 3630 5121 qui,
3663 5054 3789 5105 dum

2223 5147 2380 5211 vixit,
2418 5145 2675 5216 singulari
2701 5153 2755 5200 et
2785 5160 2970 5200 amore
3004 5154 3058 5199 et
3090 5144 3459 5198 benevolentia
3506 5158 3604 5197 nos
3641 5158 3789 5196 sem-

2223 5252 2318 5307 per
2346 5246 2662 5304 prosecutus
2704 5247 2811 5291 est.
2842 5235 2940 5291 Hic
2981 5250 3193 5305 quoque
3244 5234 3789 5289 honoriﬁcentissime

2225 5330 2581 5400 appellandus
2630 5330 2709 5383 vir
2742 5332 2919 5397 magni
2957 5329 3209 5393 nominis,
3244 5342 3308 5382 ac
3360 5327 3576 5379 inﬁnita:
3609 5325 3790 5379 lectio-

2225 5424 2328 5489 nis,
2348 5420 2586 5477 Joannes
2615 5420 2945 5484 Harduinus,
2973 5420 3312 5476 bibliothecae
3355 5420 3788 5473 Claromontana:

2224 5514 2532 5581 praefectus,
2561 5514 2649 5583 qui
2688 5512 2999 5567 Graecorum
3032 5512 3236 5579 aliquot
3258 5512 3499 5565 codicum
3532 5510 3663 5563 mihi
3691 5523 3786 5563 co-

2224 5607 2367 5673 piam
2407 5605 2547 5659 haud
2584 5606 2786 5659 invitus
2823 5605 2968 5659 fecit.
3000 5604 3143 5657 Inter
3177 5604 3554 5673 ingratosjure
3598 5617 3789 5659 nume-

2225 5699 2459 5762 rarer,si
2502 5699 2751 5751 meritam
2783 5699 2992 5750 laudent
3039 5712 3143 5750 non
3182 5697 3472 5749 tribuerem
3504 5696 3621 5749 viro
3647 5697 3787 5755 inte-

2223 5791 2454 5858 gerrimo
2484 5800 2643 5857 atque
2662 5791 3083 5858 sapientissimo,
3101 5789 3293 5844 Achilli
3318 5788 3545 5854 llarlzco,
3565 5799 3787 5844 senatus
