4040 6452
1365 389 1425 443 1).
1466 390 1607 445 JUL.
1650 391 1974 446 GARNEBII
2004 391 2390 447 ‘PRIEFATEO.

3296 412 3489 452 ςιιυει

251 512 583 568 Parisiens‘is
631 510 879 582 principi,
936 510 1025 578 qui
1088 510 1216 563 mihi
1272 512 1532 580 optimum
1585 513 1823 567 codicem
1855 522 1901 576 Α
1932 530 2021 568 rus
2049 514 2147 585 (η),
2187 514 2404 569 totidem
2442 514 2825 582 interpretatus
2867 524 2949 569 cst
2982 514 3322 572 Eustathius.
3367 517 3495 570 Alim

250 607 505 658 (“meum
545 618 647 655 non
709 602 829 654 dico
876 602 1259 665 commodavit,
1308 603 1400 655 sed
1461 604 1600 657 dono
1659 604 1824 659 dedit.

249 696 511 759 Maxime,
540 696 582 749 si
629 695 750 763 quis
792 694 929 747 alius
980 694 1111 747 mihi
1139 694 1490 751 celebrandas
1518 708 1601 751 est
1626 698 1706 751 vir
1748 699 1829 750 in-

253 799 336 841 ter
365 786 710 841 Florentinos
730 784 1010 839 nobilitate
1036 794 1299 849 praestans
1316 797 1478 855 atque
1502 789 1826 853 eruditione,

255 878 523 931 Antonius
553 876 847 938 Salvinins,
883 877 974 943 qui
1004 890 1126 929 cum
1149 876 1406 945 epistolas
1430 877 1611 932 Basilii
1636 889 1825 933 contu-

251 967 407 1021 lisset
437 982 561 1022 cum
614 967 817 1035 optimo
865 966 1054 1020 codice
1086 964 1272 1020 Graeco
1294 1007 1307 1030 ,
1337 969 1586 1023 collectas
1612 986 1674 1024 ex
1728 972 1829 1025 hoc

251 1059 396 1113 libro
453 1060 629 1113 varias
678 1058 940 1111 lectiones
984 1058 1049 1111 ad
1112 1072 1197 1111 me
1248 1060 1537 1113 mittendas
1592 1062 1823 1115 curavit.

250 1150 577 1221 Asymbolus
606 1163 725 1204 esse
755 1147 923 1202 noluit
952 1148 1035 1202 vir
1063 1147 1403 1203 clarissinms
1442 1166 1597 1219 :eque
1640 1166 1703 1206 ac
1731 1152 1827 1204 do-

248 1242 553 1305 ctissimus,
571 1238 807 1294 Joannes
828 1240 1251 1308 Christophorus
1294 1240 1520 1295 Wolfius
1540 1282 1554 1304 ,
1578 1242 1668 1311 qui
1693 1258 1827 1311 quas

254 1335 307 1387 in
344 1332 537 1401 Anglia
568 1332 860 1401 collegerat
898 1333 1075 1385 varias
1110 1332 1388 1397 lcetiones,
1418 1333 1482 1385 ad
1523 1348 1619 1385 nos
1652 1334 1828 1402 perof-

253 1427 442 1478 ficiose
472 1434 635 1492 atque
663 1432 1010 1492 peramanter
1054 1424 1375 1479 transmisit.
1407 1423 1550 1477 inter
1581 1426 1712 1479 alias
1743 1426 1827 1478 lit-

252 1516 487 1568 terarias
514 1515 717 1579 laudes,
745 1514 938 1583 quibus
969 1516 1208 1569 abundat
1255 1516 1336 1568 vir
1363 1516 1621 1568 immensa
1652 1519 1826 1570 omnis

250 1607 519 1673 elegantis
544 1606 803 1659 doctrina:
835 1607 986 1673 copia
1018 1608 1331 1665 instructus.
1366 1616 1548 1661 noster
1592 1607 1824 1660 Bernar-

251 1699 355 1750 dns
383 1695 835 1751 Montfauconius.
864 1712 981 1749 eam
1012 1712 1229 1765 quoque
1271 1709 1596 1751 consecutus
1632 1708 1741 1760 est,
1771 1708 1827 1751 ut

251 1800 307 1841 et
350 1786 553 1841 multas
578 1787 756 1840 varias
787 1788 1046 1842 lectiones
1095 1789 1281 1842 Roma:
1330 1790 1397 1841 ab
1428 1790 1621 1843 amicis
1659 1789 1823 1843 colle-

1934 603 2051 657 dna:
2076 619 2193 672 qua:
2225 613 2525 672 sequuntur
2557 601 2633 655 De
2662 614 2926 655 structura
2954 600 3176 657 hominis
3220 602 3498 659 orationes

1935 695 2239 747 contrarias
2272 695 2325 747 in
2368 694 2663 748 sententias
2692 694 2959 749 litteratos
3009 695 3332 749 distrahunt.
3392 695 3498 750 Alli

1937 783 2181 837 tribuunt
2215 785 2356 853 ipsas
2389 784 2615 849 Basilio,
2645 785 2733 839 alii
2756 782 3019 856 Gregorio
3047 786 3310 857 Nysseno,
3345 786 3497 854 cujus

1935 872 1987 926 in
2020 874 2273 941 operibus
2327 888 2544 943 quoque
2587 890 2803 929 excusas
2847 888 2990 939 sunt,
3019 885 3149 931 tom.
3188 878 3230 934 l.
3271 891 3320 946 p.
3356 877 3493 940 133;

1935 964 2023 1016 alii
2082 967 2260 1018 neutri
2319 965 2546 1027 horum,
2590 967 2683 1020 sed
2742 967 2928 1035 ignoto
2974 968 3204 1035 cuipiam
3264 970 3494 1023 auctori.

1934 1054 2289 1110 Combetisius
2320 1057 2455 1111 duas
2484 1059 2581 1112 has
2609 1058 2920 1120 conciones,
2953 1073 3071 1126 quae
3118 1058 3231 1127 jam
3283 1070 3497 1114 excusa:

1935 1144 2156 1198 fuerant
2188 1146 2247 1200 in
2298 1148 2536 1203 editione
2583 1147 2900 1211 Basileensi,
2931 1149 2997 1203 de
3048 1149 3258 1217 integro
3303 1150 3358 1205 in
3402 1154 3497 1204 suo

1934 1234 2137 1290 Basilio
2170 1240 2426 1292 recensita
2464 1240 2537 1307 (ὁ)
2560 1239 2805 1294 edendas
2840 1241 3073 1303 curavit,
3099 1252 3248 1295 ratus
3274 1256 3368 1296 eas
3400 1242 3501 1295 mi-

1936 1326 2085 1378 ritice
2118 1326 2446 1381 deformatas
2478 1342 2596 1382 esse
2624 1328 2677 1382 in
2722 1329 2969 1400 vulgatis.
3023 1330 3215 1384 Sintne
3240 1331 3499 1401 Gregorio

1936 1416 2182 1488 Nysscno
2228 1420 2549 1485 tribuendm,
2589 1430 2829 1476 nostrum
2886 1438 2990 1478 non
3035 1434 3118 1476 est
3165 1425 3497 1479 examinare.

1937 1507 2174 1559 Dixerim
2207 1518 2383 1562 tamen
2420 1511 2473 1563 in
2512 1521 2849 1575 transcursu,
2884 1513 2931 1565 ei
2967 1514 3161 1567 ascribi
3193 1514 3277 1567 vix
3321 1530 3498 1584 posse,

1939 1608 2047 1650 tum
2094 1601 2161 1652 oh
2210 1602 2577 1657 diversitatem
2633 1604 2780 1674 styli,
2820 1616 2930 1658 tum
2966 1608 3106 1676 quod
3154 1608 3227 1659 De
3276 1610 3499 1661 hominis

1935 1689 2451 1756 opiﬁciotractatum
2510 1709 2614 1746 non
2662 1696 2915 1765 exiguum
2966 1700 3369 1767 conscripserit.
3401 1698 3501 1753 Ve-

1936 1780 2162 1834 risimile
2222 1792 2401 1835 autem
2442 1798 2546 1837 non
2613 1786 2672 1838 fit
2719 1786 3034 1857 Gregorium
3083 1788 3379 1859 Nyssenum
3420 1790 3501 1842 bis

252 1888 397 1941 etas,
428 1886 485 1931 et
531 1878 729 1931 inedita
770 1879 1013 1947 quaedam
1050 1879 1231 1933 Basilii
1280 1880 1536 1945 opuscula
1575 1879 1770 1932 ibidem
1800 1896 1826 1931 τι
1865 1880 1904 1933 Β
1937 1870 2076 1926 idem
2108 1886 2486 1941 argumentum
2522 1886 2805 1939 tractasse,
2842 1879 3000 1945 idque
3023 1882 3211 1934 eodem
3250 1880 3498 1943 consilio,

251 1987 311 2025 se
336 1971 610 2039 exscripta
648 1986 858 2025 mecum
890 1972 1326 2024 communicarit.
1349 1971 1553 2023 Rursus
1578 1971 1680 2024 hoc
1710 1971 1760 2025 lo
1794 1988 1826 2023 o

251 2064 653 2131 perbonorilice
682 2062 1044 2117 nominandus
1075 2073 1260 2117 noster
1290 2061 1615 2119 Franciscus
1652 2065 1825 2119 Fave-

251 2155 465 2217 rollius,
502 2157 664 2209 homo
707 2153 1020 2222 multiplicis
1051 2155 1294 2208 scientia:
1326 2168 1390 2207 ac
1429 2154 1701 2218 lectionis,
1731 2159 1824 2223 qui

250 2260 377 2298 cum
422 2244 719 2314 permultos
753 2244 972 2297 codices
999 2243 1068 2295 ita
1102 2253 1354 2297 accurate
1390 2246 1731 2311 contulisset,
1770 2255 1828 2299 ut

253 2334 432 2389 nullus
464 2350 584 2390 eum
638 2334 970 2401 praeterisset
1015 2350 1175 2403 apex,
1207 2345 1315 2387 tum
1358 2336 1574 2389 demum
1618 2338 1826 2393 indices

251 2428 620 2494 amplissimos
669 2428 905 2480 maxima
969 2442 1099 2480 cura
1152 2436 1315 2494 atque
1368 2428 1642 2496 diligentia
1706 2445 1826 2483 con-

255 2519 447 2571 texuit.
492 2519 579 2581 Et,
618 2526 676 2572 ut
703 2521 867 2572 verbo
892 2518 1087 2578 dicam,
1120 2530 1336 2584 semper
1360 2526 1477 2571 erat
1508 2529 1731 2587 paratus
1760 2522 1827 2575 ad

251 2625 471 2663 onmem
494 2625 715 2676 operam
749 2609 1107 2679 prtestandam
1138 2609 1202 2674 is,
1226 2624 1384 2678 quem
1406 2611 1565 2664 modo
1585 2612 1713 2671 dixi,
1748 2613 1827 2664 vir

252 2704 384 2756 mihi
404 2701 914 2769 conjunctissimus;
946 2716 1045 2754 nec
1074 2716 1308 2769 unquam
1342 2700 1713 2755 deterrebatur
1737 2714 1827 2755 ant

252 2796 439 2850 labore
464 2803 557 2847 aut
587 2794 845 2864 temporis
882 2793 1259 2858 diuturnitate,
1292 2794 1334 2847 si
1384 2794 1513 2863 quid
1545 2805 1690 2848 esset
1722 2794 1826 2846 Ba-

252 2886 357 2939 silii
390 2900 555 2937 causa
620 2893 709 2935 aut
770 2882 1079 2952 legendum,
1121 2892 1214 2935 aut
1260 2885 1673 2947 conferendnn‘i,
1732 2895 1825 2937 aut

250 2974 690 3029 exscribendum.
722 2971 845 3027 Haec
896 2971 1127 3026 libenter
1151 2972 1355 3035 scribo,
1398 2982 1455 3025 ut
1492 2974 1704 3040 publice
1734 2975 1824 3026 de-

250 3068 454 3125 clarem
482 3075 742 3135 quantum
775 3080 946 3119 novus
971 3064 1198 3119 Basilius
1221 3064 1473 3118 familiari
1505 3080 1625 3119 meo
1657 3066 1825 3121 Faves

252 3160 408 3215 rollio
434 3159 646 3211 debeat.
696 3156 821 3209 llaec
872 3168 999 3209 sunt
1031 3170 1148 3223 qua:
1191 3155 1368 3208 dicere
1400 3157 1731 3213 habebamus
1773 3162 1822 3214 in

1936 1963 2227 2017 utscilicet
2263 1980 2381 2033 qua:
2412 1967 2636 2021 deerant
2679 1967 2732 2020 in
2775 1968 2940 2023 fratre
2995 1970 3219 2034 Basilio,
3273 1987 3334 2026 ea
3387 1972 3500 2039 ipse

1932 2053 2223 2122 suppleret.
2251 2056 2385 2110 Addi
2419 2067 2597 2125 potest
2627 2069 2683 2113 et
2708 2060 2851 2112 aliud
2882 2072 3252 2129 argumentum
3289 2078 3354 2115 ex
3382 2065 3496 2129 pri-

1934 2142 2036 2196 mis
2062 2143 2247 2212 prima:
2277 2146 2545 2201 orationis
2585 2147 2765 2201 verbis
2795 2151 3046 2218 petitum,
3078 2151 3218 2220 quod
3256 2153 3385 2205 mihi
3421 2154 3501 2205 vi-

1934 2232 2093 2286 detur
2113 2234 2222 2286 vim
2274 2250 2379 2288 non
2435 2252 2656 2305 parvam
2717 2238 2938 2292 habere.
2984 2241 3074 2293 Sic
3122 2241 3285 2309 igitur
3315 2242 3503 2310 incipit

1933 2325 2107 2377 oratio
2130 2327 2298 2392 prima
2334 2342 2345 2376 ε
2376 2327 2610 2379 Παλαιιοῦ
2642 2328 2832 2399 χρέους
2866 2330 3499 2401 Ξκτισινὰποπληρὼσων

1933 2415 2073 2482 ἥλω.
2106 2410 2164 2467 οὗ
2194 2416 2291 2482 τὴν
2322 2416 2575 2469 ἀπόδοσιν
2612 2418 2969 2489 ἀνεϐαλόμην,
3011 2422 3111 2473 οὐκ
3141 2422 3497 2495 ἀγνωμοσύνῃ

1934 2504 2327 2574 προαιρέσεως,
2375 2506 2488 2558 ἀλλ’
2534 2506 2785 2578 ἀσθενείᾳ
2839 2508 3104 2578 σώματος.
3141 2530 3157 2561 ι
3193 2510 3358 2565 Vetus
3409 2515 3502 2567 de-

1942 2595 2115 2648 bitum
2158 2597 2529 2663 persoluturus
2560 2598 2810 2663 advenio,
2847 2600 2998 2669 cujus
3044 2602 3229 2671 utique
3276 2604 3501 2658 solutio-

1934 2700 2057 2739 nem
2084 2700 2192 2739 non
2220 2688 2444 2754 improbi
2472 2689 2636 2743 animi
2655 2691 2786 2744 vitio
2814 2690 3144 2757 differebam,
3170 2694 3261 2747 sed
3289 2694 3497 2748 infirma

1933 2779 2177 2847 corporis
2230 2779 2555 2834 valetudine.
2603 2799 2621 2831 ι
2662 2781 2853 2845 Nemo,
2907 2786 3129 2851 opinor,
3185 2802 3290 2838 non
3356 2788 3501 2841 videt

1934 2872 2275 2940 scriptorem,
2313 2874 2555 2942 quisquis
2580 2857 2712 2940 fuit,
2749 2856 2891 2944 loqui
2926 2878 2975 2930 in
3021 2894 3245 2946 persona
3291 2881 3497 2945 Basi-‘lii,

1933 2961 2023 3026 qui
2048 2974 2106 3014 se
2124 2961 2188 3014 de
2214 2961 2447 3015 hominis
2470 2973 2741 3018 structura
2772 2980 3073 3021 sermonem
3102 2956 3496 3029 accuratiorem

1933 3051 2253 3118 promiserat
2280 3052 2351 3123 (c)
2388 3054 2783 3109 institutarum.
2812 3060 2944 3122 Quis
2976 3073 3157 3117 autent
3208 3063 3307 3119 sibi
3343 3064 3500 3120 facile

1936 3146 2266 3212 persuaserit
2300 3146 2622 3217 Gregorium
2676 3150 2728 3203 in
2785 3150 2959 3205 aliena
2997 3168 3225 3216 persona
3263 3156 3496 3213 locutum

252 3252 565 3304 universum
596 3248 663 3300 de
703 3247 804 3301 hac
838 3257 1021 3302 nostra
1054 3245 1240 3300 Basilii
1278 3243 1512 3315 Operam
1546 3250 1821 3302 editione:
1854 3234 1893 3288 (ἶ
1932 3234 2136 3288 “lisse?
2173 3236 2295 3288 Πίεο
2345 3241 2535 3306 agendi
2584 3241 2721 3295 ratio
2760 3252 2842 3296 est
2874 3243 2985 3296 fere
3023 3260 3231 3307 eorum,
3268 3250 3357 3316 qui
3394 3250 3496 3301 fal-

251 3356 395 3395 nuuc
426 3340 495 3395 de
522 3340 610 3405 iis,
640 3353 759 3408 quae
796 3338 1073 3407 speciatim
1101 3338 1166 3391 ad
1204 3338 1433 3407 primum
1472 3347 1669 3393 tonmm
1707 3356 1826 3411 spe-

250 3443 421 3495 ctant,
442 3432 794 3486 disseramus.

250 3545 278 3617 ᾗ
330 3546 373 3599 1.
426 3544 504 3599 De
551 3543 714 3596 tribus
759 3542 1127 3663 oratiorgbusl',
1176 3557 1292 3609 qua:
1343 3541 1477 3611 {also
1528 3545 1828 3597 tribuuntur

986 3628 1165 3663 astto.

986 3628 1165 3664 asuto.

322 3708 410 3762 l3.
439 3705 744 3760 Monuimus
785 3702 968 3757 Basilii
1006 3718 1168 3771 opera
1212 3703 1391 3757 omnia
1429 3704 1478 3755 in
1513 3713 1825 3758 controver—

250 3802 387 3856 siam
430 3800 649 3861 adduci,
676 3813 775 3853 nec
805 3798 870 3852 de
893 3812 998 3849 uno
1031 3794 1247 3865 quidem
1277 3803 1507 3849 tractatu
1540 3795 1680 3849 inter
1704 3811 1826 3848 eru-

251 3894 391 3949 ditos
432 3891 747 3953 convenire,
769 3889 889 3942 aliis
918 3888 1074 3941 aliter
1097 3888 1224 3957 περὶ
1247 3888 1459 3949 νοθείας
1478 3896 1573 3940 aut
1608 3886 1824 3957 γνησιό-

248 4002 411 4055 τητος
454 3983 843 4053 judicanti‘bns.
895 3979 1133 4034 Primum
1188 3979 1347 4047 igitur
1388 3994 1563 4047 operae
1595 3979 1822 4047 pretium

251 4076 413 4130 fuerit
438 4074 744 4144 expendere
778 4089 843 4125 an
881 4080 1144 4125 tractatus
1166 4069 1414 4139 quilibet,
1449 4079 1604 4136 prout
1635 4084 1823 4123 occur-

252 4169 407 4231 rerit,
440 4165 623 4219 Basilii
652 4165 744 4231 sit,
787 4177 885 4215 nec
917 4178 1025 4216 ne:
1060 4161 1270 4222 deinde,
1309 4159 1352 4212 si
1394 4160 1521 4227 quid
1570 4160 1619 4211 iu
1655 4158 1824 4226 quoli-

250 4260 339 4311 bet
385 4264 615 4311 tractatu
647 4255 889 4308 videatur
927 4252 1211 4306 observatur
1274 4248 1514 4319 dignmn,
1554 4250 1605 4301 id
1658 4263 1819 4301 annuo

252 4361 370 4403 tare
406 4347 539 4417 (60).
571 4345 785 4400 Primus
816 4343 905 4412 qui
936 4357 993 4397 se
1019 4339 1176 4395 offert
1210 4348 1493 4399 tractatus,
1533 4337 1822 4389 "exame-

250 4457 348 4493 ron
380 4449 485 4493 est.
522 4437 578 4491 In
602 4434 847 4489 confesso
882 4443 964 4488 est
994 4432 1211 4502 quidem
1249 4430 1389 4499 apud
1438 4445 1625 4482 onines
1671 4429 1822 4482 Basi—

252 4534 379 4585 lium
412 4530 690 4583 orationes
724 4530 984 4596 quasdam
1026 4522 1419 4589 conscripsisse
1448 4521 1500 4570 in
1530 4518 1820 4571 llexuemc-

1932 3324 2041 3377 Iere
2068 3324 2270 3387 volunt,
2301 3327 2352 3378 id
2383 3330 2523 3396 quod
2550 3330 2614 3383 de
2638 3332 2981 3385 sanctissimo
3006 3336 3497 3409 candidissimoque

1930 3416 2046 3469 viro
2076 3430 2146 3469 ne
2201 3428 2377 3485 potest
2422 3420 2638 3487 quidem
2684 3424 3002 3492 eergitari.
3061 3424 3171 3482 Nec
3212 3430 3495 3499 quisquam

1930 3509 2129 3562 dixerit
2160 3509 2211 3562 id
2242 3508 2437 3564 fecisse
2485 3509 2805 3583 Gregorium
2840 3516 3063 3572 honoris
3089 3533 3275 3586 causa,
3308 3531 3365 3575 ut
3397 3538 3496 3578 no--

1930 3612 2052 3651 men
2108 3598 2295 3654 fratris
2328 3605 2749 3671 memoriamque
2796 3608 2962 3675 magis
2985 3610 3303 3666 celebraret.
3340 3614 3495 3681 Nam,

1929 3688 1972 3743 si
2020 3689 2096 3743 ita
2130 3700 2289 3755 esset,
2317 3709 2413 3745 cur
2445 3694 2735 3764 Gregorius
2764 3700 2998 3767 amplum
3031 3700 3175 3755 illum
3216 3703 3292 3758 De
3326 3709 3497 3761 homi-

1930 3784 2010 3835 nis
2039 3783 2246 3851 opiﬁcio
2277 3794 2566 3841 tractatum
2621 3804 2725 3843 non
2772 3794 2991 3847 nomine
3022 3793 3227 3861 Basilii,
3261 3798 3356 3853 sed
3398 3816 3496 3853 suo

1929 3876 2289 3943 conscripsit?
2341 3877 2475 3930 Nam
2517 3895 2624 3947 quo
2677 3891 2937 3938 tractatus
2988 3884 3075 3940 ille
3129 3888 3337 3944 duabus
3388 3893 3496 3945 illis

1929 3968 2278 4021 oratiunculis
2309 3974 2648 4036 praestantior
2671 3984 2773 4040 est,
2810 3990 2875 4028 eo
2908 3976 3116 4031 honore
3141 3980 3347 4049 majore
3373 3982 3498 4039 alle-

1930 4060 2089 4112 cisset
2148 4060 2391 4125 fratrem,
2438 4078 2560 4117 eum
2604 4067 2652 4119 ei
2708 4068 2751 4120 si
2815 4069 3114 4126 tribuisset.
3156 4072 3260 4129 Sed
3317 4084 3491 4131 tamen

1930 4148 2228 4219 Gregorius
2256 4152 2529 4209 celebrem
2574 4156 2717 4209 illum
2760 4157 2955 4213 librum
3005 4178 3123 4229 suo,
3157 4181 3264 4219 non
3307 4166 3493 4222 Basilii

1930 4244 2146 4296 nomine
2176 4244 2363 4299 edidit.
2396 4244 2500 4300 Sed
2539 4262 2648 4299 rem
2677 4260 2922 4304 nostram
2954 4268 3194 4321 agamus.

2000 4332 2083 4385 H.
2142 4331 2319 4389 Multa:
2377 4347 2503 4389 sunt
2534 4350 2710 4391 causa:
2743 4354 2838 4392 cur
2879 4342 3116 4409 opinioni
3150 4359 3253 4398 non
3296 4362 3489 4415 queam

1928 4426 2187 4482 accedere
2243 4426 2572 4491 Combefisii,
2639 4428 2944 4501 Dupinique
2996 4443 3051 4488 et
3099 4437 3343 4501 aliorum,
3398 4442 3487 4507 qui

1930 4517 2062 4569 duas
2094 4515 2191 4568 has
2220 4518 2490 4571 orationes
2522 4516 2719 4573 Basilio
2748 4535 2855 4573 non
2898 4521 3141 4577 dubitant
3171 4525 3441 4581 ascribere
3475 4546 3488 4581 :

253 4640 370 4687 ron,
397 4634 491 4673 seu
522 4618 574 4672 in
598 4582 854 4684 opus-sex
889 4616 1097 4669 dierum
1124 4613 1251 4667 :sed
1284 4610 1352 4666 de
1384 4624 1567 4663 carum
1603 4623 1823 4662 numero
1857 4582 1901 4637 υ
1930 4606 2024 4659 sed
2062 4613 2240 4660 tamen
2270 4608 2348 4661 lia:
2371 4620 2545 4660 causa:
2574 4610 2842 4663 omnesad
2863 4610 2995 4664 duas
3024 4624 3251 4678 possunt
3280 4614 3490 4681 referri,

253 4713 521 4768 dissident
571 4712 712 4763 inter
737 4723 793 4762 se
829 4707 1050 4761 eruditi.
1086 4705 1191 4759 Alii
1216 4703 1359 4758 enim
1396 4702 1827 4754 uumerantdun-

253 4816 400 4860 taxat
432 4804 719 4857 conciones
764 4812 980 4863 novem,
1035 4796 1124 4849 alii
1190 4794 1464 4854 undecim,
1518 4796 1711 4864 quibus
1769 4805 1824 4849 et

251 4900 356 4953 alia
394 4898 472 4950 De
521 4893 765 4959 paradiso
801 4901 1051 4959 tanquam
1092 4889 1269 4958 operis
1316 4888 1477 4941 totius
1526 4888 1740 4941 coronis
1790 4902 1819 4941 a

250 4988 579 5047 Combelisio
611 4983 939 5053 adjungitur.
966 4980 1118 5035 Nunc
1145 4982 1477 5035 secernenda
1518 4989 1641 5032 sunt
1671 4989 1818 5031 certa

251 5082 584 5139 abincertis.
644 5078 876 5132 Necesse
926 5090 1029 5129 non
1092 5075 1327 5127 arbitror
1367 5073 1573 5141 priores
1626 5085 1819 5122 novem

250 5176 523 5231 orationes
552 5169 745 5225 Basilio
798 5179 1063 5227 asserere,
1112 5178 1235 5219 cum
1290 5175 1353 5215 ea
1396 5162 1461 5214 de
1492 5174 1549 5213 re
1582 5173 1682 5212 nec
1726 5157 1817 5218 sit,

250 5282 351 5321 nec
384 5265 629 5319 videatur
660 5275 815 5331 posse
846 5271 966 5311 esse
993 5255 1095 5309 ulla
1124 5252 1413 5309 contentio.
1437 5250 1570 5303 Nam
1602 5249 1817 5303 totidem

247 5366 501 5413 ntnuerat
534 5353 915 5422 llicronyums,
967 5348 1184 5399 totidem
1246 5343 1488 5410 agnoscit
1534 5342 1816 5396 Cassiodo-

320 5501 399 5569 (a)
435 5497 567 5569 Inst.
605 5510 723 5569 cap.
753 5495 801 5569 1ἶ

346 5560 395 5632 ὁ)
429 5568 582 5619 Tom.
611 5560 683 5623 ll,
707 5582 758 5632 ιι.
780 5560 903 5615 426.

346 5574 371 5621 b
429 5574 582 5619 Tom.
612 5574 673 5623 ll,
707 5582 758 5632 ιι.
780 5574 903 5615 426.

321 5574 395 5708 lci
433 5638 588 5690 llom.
624 5634 677 5697 9,
712 5649 857 5686 nam.
892 5630 1097 5686 ultimo.

1928 4698 1992 4751 ad
2041 4700 2366 4766 scriptorum
2444 4700 2788 4768 antiquorum
2845 4704 3261 4771 auctoritatem,
3316 4718 3370 4765 et
3424 4714 3490 4767 ad

1927 4793 2097 4861 ipsam
2136 4792 2258 4861 styli
2288 4793 2674 4847 diversitatem.
2710 4791 2827 4845 Jam
2874 4796 3182 4854 monuimus
3226 4800 3484 4876 Hierony-

1927 4897 2068 4936 mum
2094 4882 2172 4952 (d)
2206 4896 2393 4937 novem
2423 4884 2682 4936 duntaxat
2711 4883 2982 4941 orationes
3013 4904 3345 4958 numerasse,
3363 4893 3493 4950 Cas-

1930 4974 2201 5028 siodorum
2247 4974 2318 5043 (ε)
2366 4973 2543 5043 plures
2609 4990 2717 5030 non
2764 4980 3103 5050 cognovisse,
3148 4984 3491 5043 Eustathium

1928 5079 2139 5132 quoque
2190 5080 2295 5117 non
2340 5064 2568 5135 amplius
2612 5084 2803 5125 novem
2843 5072 3010 5129 fuisse
3057 5077 3492 5148 interpretatum.

1929 5154 2068 5209 Nihil
2099 5157 2263 5224 igitur
2294 5158 2558 5227 impedire
2580 5172 2759 5232 potest
2786 5166 2915 5235 quin
2944 5182 3003 5221 ea
3036 5168 3087 5221 in
3122 5184 3177 5223 re
3201 5170 3495 5240 scriptores

1928 5248 2337 5317 antiquissimos
2370 5267 2680 5323 sequamur,
2717 5258 2951 5313 maxime
2977 5274 3099 5315 cum
3134 5264 3491 5318 recentiorum

1926 5342 2110 5412 opinio
2146 5344 2299 5401 firma
2332 5348 2474 5405 nulla
2509 5352 2717 5406 ratione
2754 5354 2972 5407 nitatur.
3016 5355 3094 5408 Ad
3137 5360 3251 5411 haec
3292 5356 3491 5413 Socra-

2002 5493 2078 5551 (dl
2120 5494 2190 5547 De
2216 5497 2395 5554 script.
2426 5498 2552 5553 ccci.
2590 5514 2638 5553 c.
2678 5498 2797 5552 H6.

2000 5569 2069 5633 (ιι)
2107 5566 2239 5621 Inst.
2265 5583 2312 5620 c.
2350 5570 2399 5622 1.

321 5746 438 5840 (60.)
483 5771 566 5827 Cf.
626 5784 776 5838 capp.
814 5769 904 5833 41,
951 5769 1016 5844 il?
1040 5780 1093 5823 et
1128 5770 1204 5844 445
1242 5771 1375 5825 Vita?
1412 5770 1467 5828 S.
1496 5770 1767 5844 Basilina
1800 5772 1861 5825 D.
1898 5770 2191 5844 Prudentio
2232 5771 2452 5828 Marano
2482 5776 2771 5837 adornat'c,
2807 5776 2895 5844 qui
2942 5776 3004 5828 D.
3030 5774 3134 5828 Jul.
3159 5768 3406 5828 Garnerl‘i
3438 5768 3495 5826 in

252 5844 611 5901 discernenda
645 5852 791 5896 certa
834 5846 899 5895 ab
952 5842 1171 5895 incertis
1207 5846 1551 5899 severitatem
1600 5842 1822 5898 nimiam
1864 5844 1931 5900 ad
1962 5843 2159 5912 justam
2194 5860 2501 5903 mensuram
2536 5842 2875 5918 temperavit.
2905 5848 3061 5901 Εοιτ.

575 5936 848 5997 Parnm.
898 5934 1015 5993 Gn.
1064 5936 1301 5996 XXIX.

3152 5933 3173 5997 ι
