4040 6500
532 427 748 468 CLXXIII

1869 416 2368 474 PBOLEGOMENA
2381 461 2394 475 .

536 543 616 588 tes
665 542 719 587 et
768 532 1119 589 Cassiodorus
1176 549 1432 604 expresse
1483 535 1703 590 tradunt
1752 552 1884 605 opus
1917 539 2097 591 Basilii
2129 547 2174 600 Α
2204 543 2530 612 scipulorum
2574 558 2731 598 nemo
2754 544 2852 598 hac
2880 544 2932 597 in
2974 554 3127 612 parte
3173 544 3497 612 perficienda
3547 558 3767 612 operam

533 624 905 694 imperfectum
933 640 1070 690 esse,
1101 626 1233 679 adeo
1263 635 1320 680 ut
1361 636 1565 680 tantum
1596 643 1697 680 non
1725 628 1906 682 dicant
1943 628 2096 683 Basi-

533 717 662 770 lium
699 717 833 770 duas
881 717 980 770 has
1032 717 1096 770 de
1135 716 1330 784 quibus
1361 718 1651 786 ambigitur
1687 719 1963 773 orationes
1991 735 2094 771 non

531 807 940 875 conscripsisse.
963 805 1188 873 Expedit
1212 818 1497 873 utrumque
1522 807 1725 861 audire.
1758 805 1852 861 Ille
1888 809 1966 861 sic
1997 809 2094 860 ha-

530 902 620 953 bet
676 899 768 952 lib.
800 913 874 964 tv,
920 913 971 952 c.
1015 896 1082 950 26
1116 913 1129 950 :
1166 896 1462 968 Γρηγόριος
1514 898 1569 950 δὲ
1623 897 1684 949 τὸ
1716 898 2095 951 διδασκαλικὸν

528 991 624 1043 τοῦ
660 990 816 1057 λόγου
851 988 1190 1061 [ἐζήλωσεν]
1212 1006 1224 1019 ·
1261 990 1318 1052 ὃς
1341 990 1433 1042 καὶ
1461 989 1556 1058 τὴν
1588 991 1903 1060 ποιηθεῖσαν
1931 993 2095 1044 Βασι-

530 1081 658 1150 λείῳ
706 1079 1064 1149 Ἐξαήμερον,
1111 1079 1205 1132 ἆτε
1247 1080 1303 1131 δὲ
1347 1080 1821 1149 καταλειφθεῖσαν,
1862 1099 2097 1153 προσαν-

527 1171 815 1242 επλήρωσε
871 1170 1005 1241 μετὰ
1052 1170 1278 1224 θάνατον
1321 1170 1413 1224 τοῦ
1468 1174 1718 1242 ἀδελφοῦ.
1754 1192 1771 1224 t
1804 1175 2096 1243 Gregorius

530 1280 658 1319 vero
691 1262 971 1319 aemulatus
999 1273 1082 1318 est
1110 1263 1294 1318 Basilii
1336 1265 1388 1318 in
1431 1267 1671 1321 docendo
1707 1267 2092 1335 eloquentiam,

529 1354 621 1421 qui
651 1362 703 1408 et
740 1353 934 1406 librum
975 1351 1160 1406 Basilii
1190 1351 1256 1406 de
1302 1367 1464 1422 Opere
1503 1369 1596 1408 sex
1650 1354 1880 1419 dierum,
1933 1368 2091 1422 quem

527 1445 619 1500 ille
677 1443 1058 1514 imperfectum
1111 1443 1424 1513 reliquerat,
1479 1454 1600 1514 post
1647 1447 1852 1499 obitum
1910 1444 2094 1498 fratris

525 1537 817 1606 supplevit.
840 1555 860 1588 ι
880 1535 976 1591 Hic
1008 1549 1136 1591 vero
1162 1537 1241 1590 sic
1270 1536 1504 1604 loquitur
1539 1537 1630 1590 lib.
1658 1536 1736 1590 De
1767 1537 2095 1590 institutione

525 1626 634 1679 div.
661 1626 765 1690 lit.,
799 1640 917 1695 cap.
955 1625 982 1678 1
1017 1642 1031 1678 :
1067 1642 1088 1677 ι
1123 1625 1222 1690 Qui
1258 1624 1529 1694 (Basilius)
1554 1640 1723 1694 usque
1756 1627 1820 1678 ad
1862 1625 2094 1678 hominis

525 1717 890 1772 conditionem
930 1730 1124 1770 novem
1169 1715 1336 1770 libros
1360 1718 1586 1770 tetendit
1624 1715 1756 1768 :ubi
1797 1726 1850 1769 et
1880 1715 2001 1770 cceli
2040 1724 2092 1770 et

529 1820 687 1863 terra:
717 1817 989 1874 naturam,
1019 1808 1161 1862 aeris
1200 1817 1254 1862 et
1301 1823 1565 1876 aquarum
1598 1807 1679 1861 vel
1718 1817 2086 1861 creaturarum

2199 632 2541 700 impendisset
2575 648 2748 694 suam,
2783 633 3054 685 habuisset
3089 647 3268 686 causa:
3294 631 3538 686 nonnihil
3574 634 3771 686 adver-

2196 738 2286 776 sus
2347 724 2600 778 eximiam
2648 724 2748 778 viri
2802 724 3025 793 gloriam
3076 724 3523 791 reprehensorum
3578 722 3769 786 libido,

2195 816 2348 883 quasi
2380 816 2469 883 qui
2510 817 2576 869 ad
2622 831 2708 870 res
2737 817 2916 869 animo
2955 815 3286 885 indagandas
3334 815 3606 869 auditores
3639 829 3770 868 suos

2194 903 2579 958 consuefacere
2611 903 2890 956 noluisset.
2923 902 3076 958 Nunc
3102 919 3223 956 cum
3262 917 3323 956 ea
3357 919 3478 966 nos,
3514 918 3632 970 qua:
3667 905 3769 956 de-

2194 1001 2338 1056 sunt,
2366 994 2698 1061 explananda
2723 994 2997 1061 suscipere
3025 996 3138 1048 ausi
3173 1010 3383 1056 smnus,
3424 1014 3442 1046 ι
3476 994 3769 1048 etc..Niliil

2195 1083 2486 1151 quidquam
2518 1083 2698 1138 afferri
2733 1100 2890 1152 posse
2929 1085 3166 1138 arbitror
3195 1094 3288 1138 aut
3332 1084 3640 1149 dilucidius,
3674 1094 3771 1138 aut

2196 1177 2524 1246 expressius.
2569 1178 2657 1230 Ait
2691 1179 2834 1230 enim
2887 1175 3179 1245 Gregorius
3207 1176 3481 1244 suscipere
3515 1190 3574 1229 se
3608 1191 3767 1228 suum

2193 1282 2326 1336 opus
2359 1269 2425 1320 de
2461 1267 2696 1321 hominis
2745 1277 2936 1321 natura
2966 1277 3126 1336 atque
3180 1267 3517 1331 conditiooe,
3555 1281 3660 1319 non
3709 1274 3770 1318 ut

2195 1359 2309 1412 fuse
2347 1367 2543 1412 tractet
2570 1374 2687 1425 quae
2717 1358 3151 1427 compendiosius
3179 1366 3508 1412 tractaverat
3534 1355 3767 1411 Basilius

2193 1454 2334 1518 (qua:
2362 1449 2572 1502 videtur
2593 1464 2711 1502 esse
2741 1449 2923 1512 opinio
2963 1446 3316 1517 Combefisii),
3349 1463 3454 1501 non
3495 1459 3551 1500 ut
3583 1449 3766 1502 absol-

2192 1550 2285 1592 vat
2317 1555 2434 1609 qua:
2461 1539 2748 1592 inclinarat
2789 1538 3022 1592 Basilius
3065 1557 3079 1592 :
3127 1540 3219 1593 sed
3251 1540 3452 1593 idcirco
3481 1540 3677 1593 addere
3707 1554 3766 1593 se

2192 1630 2321 1684 dicit
2343 1645 2403 1683 ca
2434 1645 2552 1697 qua:
2585 1629 2648 1682 ad
2678 1630 2950 1683 hominem
2981 1630 3235 1694 attinent,
3301 1630 3441 1698 quod
3477 1648 3494 1680 ι
3531 1631 3766 1684 hominis

2191 1720 2554 1774 consideratio
2594 1743 2617 1767 ι
2653 1721 2704 1773 in
2756 1721 2935 1774 Basilii
2975 1736 3139 1790 opere
3170 1739 3189 1771 ι
3230 1721 3389 1776 desit.
3435 1740 3452 1772 ι
3480 1721 3682 1774 Possim
3709 1731 3766 1776 et

2192 1810 2333 1863 aliud
2367 1810 2727 1863 testimonium
2761 1809 3003 1876 proferre
3035 1825 3101 1863 ex
3129 1811 3316 1865 eodem
3352 1811 3633 1879 Gregorio,
3663 1815 3757 1879 qui

524 1915 662 1969 pene
685 1900 922 1954 omnium
971 1901 1259 1969 qualitates
1302 1901 1533 1968 aperuit.
1574 1919 1593 1952 ι
1639 1899 1873 1954 Basilius
1925 1901 2089 1967 igitur
2123 1882 2163 1937 Β
2194 1905 2294 1955 hoc
2345 1901 2484 1955 idem
2543 1900 2635 1954 lib.
2686 1901 2763 1953 De
2796 1901 3005 1968 api/icio
3037 1901 3279 1965 hominis,
3313 1918 3433 1972 pag.
3479 1904 3568 1965 45,
3603 1918 3764 1972 aper-

523 2007 592 2045 cx
620 1992 808 2046 horum
855 2002 1136 2046 auctorum
1165 1994 1455 2056 sententia,
1482 2008 1616 2061 opus
1643 2009 1798 2046 suum
1835 2008 1939 2046 non
1971 2008 2090 2061 per—

522 2083 674 2138 duxit
698 2083 764 2137 ad
792 2081 1103 2137 umbilicum
1132 2101 1145 2135 :
1175 2085 1267 2136 sed
1325 2084 1376 2137 id
1430 2083 1810 2152 imperfectum
1849 2084 2088 2150 reliquit.

523 2174 654 2241 Sed,
686 2176 732 2230 si
767 2172 937 2230 semel
963 2174 1287 2238 constiterit,
1327 2184 1386 2227 ut
1414 2188 1479 2228 ex
1511 2175 1669 2229 dictis
1702 2185 1950 2229 constare
1996 2177 2090 2229 de-

519 2265 632 2332 bet,
667 2280 801 2334 Opus
831 2263 1016 2318 Basilii
1047 2263 1214 2319 fuisse
1246 2265 1655 2333 imperfectum;
1690 2267 1814 2320 inde
1846 2283 1950 2320 non
1985 2268 2079 2320 ob-

520 2368 678 2411 scure
704 2353 954 2418 edicitur,
979 2362 1036 2407 ut
1062 2343 1293 2408 Basilius
1325 2369 1496 2422 neque
1523 2356 1589 2409 de
1631 2357 1868 2409 hominis
1899 2356 2089 2409 condi-

523 2450 688 2516 tione,
717 2463 888 2516 neque
917 2451 982 2500 de
1009 2447 1123 2515 ejus
1153 2455 1420 2500 structura
1441 2447 1776 2512 disseruerit,
1808 2463 1927 2501 cum
1953 2447 2087 2501 alio-

520 2541 650 2608 quin
682 2537 1008 2594 sanctissimi
1063 2537 1240 2591 Patris
1285 2551 1417 2606 opus
1463 2537 1756 2607 perfectum
1790 2537 1982 2591 fuisset
2031 2547 2086 2592 et

520 2633 772 2686 omnibus
799 2632 910 2686 suis
941 2633 1181 2685 numeris
1212 2645 1274 2685 ac
1320 2631 1564 2699 partibus
1613 2630 1906 2698 expletum.
1948 2629 2079 2682 Nam

518 2724 562 2777 si
593 2723 959 2778 conditionem
992 2721 1226 2774 hominis
1259 2729 1419 2789 atque
1453 2729 1783 2775 structuram
1823 2722 2080 2787 excipias,

519 2816 727 2884 reliqua
766 2815 944 2868 omnia
996 2814 1279 2883 eleganter
1335 2829 1398 2867 ac
1453 2814 1669 2880 copiose
1709 2813 1760 2866 iu
1811 2813 2083 2880 prioribus

518 2920 713 2962 novem
752 2905 1090 2959 orazionibus
1125 2905 1485 2973 explicantur.
1515 2902 1614 2956 Vix
1655 2905 1816 2973 igitur
1848 2903 2080 2956 dubitari

465 3067 470 3072 I
516 3006 694 3068 potest
721 2996 849 3065 quin
876 2995 1080 3049 decima
1126 3004 1180 3048 et
1228 2994 1509 3048 undecima
1557 2994 1733 3048 oratio
1785 2993 1840 3047 in
1884 2994 2082 3062 spuriis

518 3094 681 3156 atque
739 3085 1029 3139 subdititiis
1076 3085 1334 3153 ponenda:
1373 3085 1502 3139 sint.
1553 3083 1686 3137 Nam
1738 3085 1879 3152 quod
1933 3085 2082 3137 aiunt

2195 1993 2400 2046 tissime
2429 1993 2718 2047 cont'irmat
2750 2008 2765 2046 :
2803 1992 2894 2046 sed
2935 1993 3016 2046 his
3047 1993 3248 2046 diutius
3298 1993 3573 2046 immorari
3622 1995 3760 2048 nihil

2194 2098 2416 2137 necesse
2444 2092 2546 2148 est,
2585 2099 2705 2137 cum
2737 2084 2779 2136 si
2824 2084 2953 2136 nihil
2978 2083 3142 2147 aliud,
3181 2084 3357 2152 ipsmn
3390 2095 3538 2138 certe
3565 2086 3764 2138 dictio-

2192 2177 2274 2228 nis
2309 2189 2477 2244 genus
2499 2175 2632 2229 duas
2673 2175 2774 2229 has
2809 2175 3178 2228 oratiunculas
3202 2176 3414 2245 spurius
3451 2184 3614 2244 atque
3635 2192 3763 2244 sup-

2189 2263 2460 2330 posititias
2494 2277 2615 2316 esse
2651 2274 2834 2330 aperte
2862 2264 3190 2317 ostenderet.

2260 2355 2347 2405 16.
2378 2353 2674 2421 thuidem
2711 2355 2903 2406 adduci
2939 2355 3027 2406 vix
3063 2369 3280 2422 possum
3313 2356 3608 2409 utcredam
3646 2356 3754 2411 hoc

2188 2443 2367 2510 operis
2405 2444 2548 2499 serio
2581 2445 2743 2498 tribui
2800 2459 2957 2513 posse
3000 2460 3193 2514 magno
3240 2446 3312 2499 illi
3365 2445 3584 2501 Basilio.
3622 2447 3760 2503 Nam

2187 2537 2462 2591 scribendi
2501 2539 2643 2590 ratio
2675 2541 2746 2592 ita
2778 2552 2807 2591 a
2845 2537 3118 2591 Basiliana
3141 2539 3389 2605 dissidet,
3421 2551 3478 2592 ut
3499 2555 3620 2592 eam
3649 2542 3762 2592 dis-

2188 2629 2516 2693 crepantiam
2550 2628 2641 2696 qui
2686 2643 2789 2681 non
2823 2629 2989 2692 videt,
3032 2629 3284 2682 cmcutire
3321 2632 3539 2684 omnino
3569 2632 3760 2683 videa-

2190 2724 2298 2769 tttr.
2329 2717 2405 2768 Ad
2441 2717 2682 2785 exempla
2704 2720 3006 2782 veniamus,
3040 2733 3157 2784 quae
3188 2729 3371 2785 petere
3408 2719 3560 2786 juvat
3591 2735 3657 2774 ex
3693 2723 3761 2776 iis

2185 2824 2320 2877 quas
2351 2808 2707 2863 Combeftsius
2753 2810 2921 2862 edidit
2965 2810 3324 2873 orationibus,
3369 2824 3491 2864 cum
3545 2812 3688 2878 ipsas
3726 2831 3758 2867 a

2186 2914 2243 2954 se
2273 2901 2512 2967 pristinae
2558 2916 2667 2955 sua:
2703 2901 2996 2970 integritati
3041 2902 3315 2955 restitutas
3351 2917 3472 2957 esse
3533 2916 3759 2958 conten-

2185 2989 2297 3042 dat.
2346 2989 2539 3042 Nostro
2598 3005 2746 3042 more
2779 2989 2991 3057 vulgata
3025 2990 3468 3058 interpretatione
3506 2999 3750 3042 utemur.

2185 3077 2275 3131 Sic
2309 3080 2469 3144 igitur
2502 3079 2676 3148 legere
2717 3091 2797 3131 est
2835 3097 2980 3131 num.
3002 3082 3036 3131 2
3071 3097 3084 3131 :
3121 3080 3372 3133 Θάλασσα
3417 3083 3509 3133 καὶ
3541 3081 3756 3155 πελάγη

517 3175 868 3231 eruditissimi
904 3176 1003 3228 viri
1037 3174 1394 3230 Combetisius
1419 3184 1472 3228 et
1503 3175 1757 3242 Dupinus.
1787 3175 1906 3228 ideo
1941 3173 2078 3225 inul-

2191 3170 2416 3240 ἄπειρα,
2455 3170 2549 3222 καὶ
2599 3174 2879 3241 προσταγῇ
2926 3170 3180 3241 παρήχθη
3224 3173 3303 3234 εἰς
3350 3171 3410 3224 τὸ
3447 3167 3607 3226 εἶναι.
3643 3174 3757 3228 Vox

514 3273 602 3320 tos
626 3266 916 3335 scriptores
941 3263 1192 3332 antiquos
1230 3263 1292 3316 de
1316 3261 1519 3315 decima
1554 3271 1607 3315 et
1641 3263 1924 3314 undecima
1959 3276 2078 3314 ora-

519 3357 664 3410 tione
691 3357 940 3420 tacuisse,
981 3355 1234 3424 quoniam
1281 3370 1522 3408 seorsum
1559 3362 1677 3422 post
1723 3353 1853 3406 alias
1890 3368 2084 3406 novem

516 3449 717 3506 habitae
757 3458 901 3513 sunt,
940 3450 992 3502 id
1048 3449 1264 3516 quidem
1312 3448 1516 3502 faterer
1569 3449 1769 3517 aliquid
1825 3447 2078 3501 momenti

515 3541 736 3605 habere,
764 3540 808 3594 si
842 3539 1204 3593 testimonium
1238 3539 1635 3608 proferrentvel
1661 3540 1814 3590 unius
1858 3538 2082 3605 scripto-

516 3634 595 3686 ris
634 3632 864 3700 antiqui,
894 3631 985 3698 qui
1019 3645 1078 3685 se
1122 3631 1218 3684 has
1266 3633 1399 3683 duas
1440 3630 1764 3698 posteriores
1795 3631 2080 3683 conciones

516 3723 718 3778 vidisse
750 3731 1081 3776 testaretur:
1133 3721 1224 3775 sed
1283 3736 1403 3774 cum
1456 3721 1586 3773 nihil
1621 3721 1723 3773 tale
1749 3721 2076 3788 proferatur,

502 3814 782 3885 ejusmodi
809 3814 1068 3867 rationem
1102 3812 1332 3882 probare
1373 3811 1517 3864 nullo
1544 3814 1700 3863 modo
1735 3827 1974 3879 possum.

588 3905 677 3960 15.
723 3904 804 3958 Ad
848 3904 1180 3972 propositum
1247 3918 1342 3955 nos
1395 3902 1713 3955 referamus.
1757 3901 1867 3953 Etsi
1919 3901 2082 3967 igitur

517 3997 851 4065 argumentis
881 3994 946 4048 iis
978 4008 1096 4062 qua:
1133 3995 1400 4046 ducuntur
1432 4007 1494 4045 ex
1533 3993 1857 4045 auctoritate
1886 3991 2080 4044 lliero-

516 4082 975 4155 nymi,Socratis,
1031 4081 1297 4135 Eustathii
1347 4090 1401 4133 et
1446 4080 1778 4145 Cassiodori,
1823 4082 1951 4134 insit
2001 4083 2081 4134 vis

515 4175 772 4234 maxima,
825 4185 1002 4227 tamen
1056 4173 1191 4227 levia
1235 4172 1403 4226 videri
1458 4183 1703 4240 possunt,
1759 4175 1801 4226 si
1851 4188 1974 4226 cum
2017 4187 2081 4225 eo

516 4269 833 4331 argumento
872 4261 1014 4328 quod
1065 4276 1132 4314 ex
1187 4262 1508 4315 auctoritate
1557 4261 1801 4331 Gregorii
1846 4262 2078 4330 Nysscni

513 4353 766 4422 petimus,
790 4361 1191 4420 comparentur.
1241 4354 1451 4406 Etenim
1498 4354 1643 4406 clare
1675 4363 1728 4406 et
1771 4354 1971 4407 diserte
2006 4354 2082 4406 ait

513 4444 824 4513 Gregorius,
867 4453 1073 4510 partem
1109 4458 1226 4496 eam
1251 4459 1371 4511 qua:
1410 4445 1477 4496 ad
1523 4445 1754 4496 hominis
1803 4445 2078 4511 opiﬁcium

2185 3261 2400 3328 quidem
2439 3260 2766 3330 πρόσταγμα
2797 3272 2853 3315 ut
2885 3264 3022 3331 apud
3060 3264 3278 3317 idoneos
3312 3264 3545 3332 reliquos
3570 3276 3759 3318 aucto-

2185 3368 2293 3412 res,
2337 3354 2409 3405 ita
2441 3353 2578 3421 apud
2624 3353 2880 3406 Basilium
2935 3355 3130 3407 usitata
3167 3366 3269 3408 est.
3328 3353 3432 3409 Sed
3491 3367 3759 3424 pra-stare

2183 3444 2355 3495 ausim
2386 3459 2564 3496 vocem
2599 3447 2883 3515 προσταγή
2920 3447 2969 3498 in
3004 3445 3199 3500 Basilio
3236 3461 3337 3498 non
3373 3448 3639 3516 reperiri;
3684 3464 3754 3501 an

2186 3532 2490 3586 inveniatur
2520 3534 2572 3586 in
2613 3535 2736 3587 aliis
2776 3539 2928 3587 home
2966 3546 3104 3589 notae
3148 3537 3523 3604 seriptoribus,
3556 3553 3751 3601 necne,

2183 3639 2288 3676 non
2321 3624 2623 3690 aﬂirmabo,
2649 3627 2880 3678 dixerim
2921 3636 3095 3680 tamen
3132 3628 3181 3680 in
3226 3628 3561 3694 amplissimo
3603 3629 3753 3682 Ili-n-

2184 3716 2278 3769 rici
2312 3717 2568 3784 Stephani
2624 3716 2889 3771 Thesauro
2925 3735 3027 3771 non
3083 3719 3206 3789 legi.
3245 3720 3382 3774 Nunt
3423 3721 3493 3776 6:
3538 3722 3626 3774 Ἐν
3671 3717 3754 3784 οἷς

2183 3805 2340 3868 αὐτὸς
2375 3801 2528 3858 εἶπεν
2554 3807 2610 3871 ἐξ
2644 3807 2880 3872 ὑπογύου
2919 3807 2945 3858 ὁ
2976 3808 3127 3874 Θεὸς,
3157 3827 3174 3860 ι
3210 3811 3262 3863 In
3294 3811 3357 3863 iis
3384 3812 3663 3873 nimirum,
3700 3813 3752 3865 itt

2182 3898 2377 3961 quibus
2407 3898 2517 3964 ipse
2554 3898 2689 3948 Deus
2719 3900 2956 3963 proxime
2988 3901 3141 3953 dixit.
3181 3919 3200 3952 ι
3237 3900 3334 3954 Vix
3363 3903 3492 3954 mihi
3526 3918 3754 3968 persua-

2183 3988 2293 4040 drri
2327 3989 2521 4056 poterit
2554 3987 2809 4043 Basilium
2846 3993 2944 4044 hac
2980 3991 3232 4058 loquendi
3263 3994 3491 4050 ratione.
3535 3991 3594 4058 ἐξ
3624 3992 3750 4047 ὐπο-

2181 4080 2332 4147 γύου,
2360 4098 2592 4149 unquam
2624 4099 2774 4136 usum
2827 4084 3012 4136 fuisse.
3061 4082 3320 4149 liepcrias
3369 4084 3565 4150 smpius
3609 4088 3753 4154 apud

2181 4170 2440 4226 Br—ilittttt
2492 4173 2593 4227 hoc
2660 4173 2775 4241 ipso
2828 4187 3010 4235 sensu,
3051 4171 3108 4222 ἐν
3167 4173 3279 4233 τοῖς
3321 4170 3550 4225 κατόπιν
3603 4169 3749 4239 εἶπε,

2188 4280 2205 4312 ι
2243 4263 2488 4331 superius
2523 4263 2694 4316 dixit:
2736 4283 2752 4313 i
2787 4264 2878 4317 sed
2910 4263 3056 4325 illud,
3093 4261 3149 4327 ἐξ
3185 4261 3749 4332 ὑπογύουηιυεηιιειιη,

2181 4356 2390 4422 opinor,
2426 4355 2686 4406 invenias.
2719 4355 2875 4406 Num.
2902 4354 2932 4407 8
2969 4369 2980 4404 :
3024 4354 3252 4407 Ἔπειτα
3285 4356 3377 4408 καὶ
3417 4358 3450 4424 ἡ
3488 4356 3752 4424 παραδεί-

2184 4463 2275 4498 σου
2306 4444 2797 4514 συνεπεδαῷιλεύθη
2828 4444 3143 4509 ἀπόλαυσις,
3183 4465 3200 4496 ι
3239 4443 3372 4498 Tum
3419 4456 3472 4495 et
3511 4448 3746 4512 paradisi

514 4545 742 4602 spectat,
779 4536 830 4587 in
864 4532 1045 4588 Basilii
1089 4549 1252 4604 opere
1293 4535 1608 4597 desiderari,
1649 4545 1705 4588 tit
1734 4537 1914 4588 mirari
1952 4533 2078 4587 sub-
2113 4546 2155 4600 ι)
2184 4535 2529 4588 liberalitatis
2567 4535 2780 4588 cumulo
2840 4537 3060 4604 adjecta:
3086 4536 3310 4588 deliciai.
3352 4552 3370 4583 ι
3410 4532 3575 4598 Illud,
3633 4553 3751 4589 συν·

515 4634 604 4677 eat
652 4640 678 4676 a
727 4641 995 4692 quoquam
1047 4627 1142 4678 has
1194 4625 1567 4678 oratiunciilas
1617 4624 1816 4676 Basilio
1891 4625 2072 4677 tribui.

514 4715 738 4770 I'rteStat
774 4720 930 4770 verba
961 4715 1203 4784 Gregorii
1228 4717 1560 4777 exscribere,
1590 4732 1708 4783 quze
1738 4717 1781 4768 si
1831 4715 2078 4786 legantur

514 4817 737 4873 attente,
763 4822 823 4859 ca
855 4810 919 4861 de
965 4825 1021 4862 re
1057 4824 1159 4861 non
1190 4809 1420 4874 amplius
1470 4809 1857 4862 dubitationem
1917 4808 2075 4860 ullam

513 4897 629 4948 fore
659 4897 995 4950 conﬁdimus.
1038 4898 1128 4953 Sic
1159 4899 1319 4967 igitur
1348 4897 1583 4962 loquitur
1630 4899 1922 4964 Gregorius
1973 4899 2069 4952 lib.

511 4987 590 5041 De
620 4987 842 5040 hominis
868 4986 1094 5052 api/icio,
1126 5003 1243 5055 pag.
1270 4986 1338 5040 45
1365 5004 1377 5039 :
1406 4986 1467 5038 Εἰ
1499 4988 1604 5056 γὰρ
1639 4987 1935 5056 λειπούσης
1976 4988 2075 5056 τῆς

524 5077 881 5149 Ἑξαημέρου,
907 5077 1006 5146 τῆς
1047 5078 1124 5138 εἰς
1151 5077 1239 5127 τὸν
1275 5077 1559 5148 ἄνθρωπον
1586 5077 1840 5147 θεωρίας,
1888 5078 2076 5148 μηδεὶς

508 5169 618 5223 τῶν
664 5170 1116 5239 μαθητευσὰντων
1173 5167 1318 5236 αὑτῴ
1343 5171 1574 5239 σπουδήν
1625 5186 1745 5222 τινα
1801 5171 1933 5238 πρὸς
1977 5173 2074 5238 τὴν

509 5262 602 5314 τοῦ
633 5261 904 5325 λείποντος
937 5262 1320 5330 ἀναπλήρωσιν
1374 5261 1769 5328 εἰσενέγκαιτο·
1821 5261 1973 5329 ἔσχεν
2012 5262 2075 5312 ἂν

510 5351 730 5413 εἰκότως
760 5352 899 5402 κατὰ
929 5352 1025 5420 τῆς
1051 5350 1293 5420 μεγάλης
1330 5349 1491 5401 αὑτοῦ
1526 5350 1680 5420 δόξης
1715 5355 1741 5404 ὁ
1772 5350 1958 5420 μῶμος
1986 5350 2076 5401 λα-

509 5441 631 5512 ῶν’
671 5442 744 5503 ὡς
777 5443 850 5512 μὴ
883 5439 1228 5509 βουληθέντος
1256 5441 1367 5504 ἕξιν
1388 5442 1506 5493 τινὰ
1538 5444 1926 5512 κατανοητικὴν
1966 5446 2074 5504 τοῖς

509 5533 804 5601 ἀκροαταῖς
834 5531 1249 5602 ἐνεργάσασθαι.
1279 5533 1409 5584 Νυνὶ
1430 5533 1482 5584 δὲ
1508 5533 1646 5584 κατὰ
1673 5533 1899 5602 δύναμιν
1920 5532 2072 5602 ἡμῶν

508 5622 983 5690 ὲπιτολμησὰντων
1037 5624 1102 5691 τῇ
1157 5624 1412 5693 ἐξηγήσει
1465 5625 1556 5676 τοῦ
1615 5624 1914 5685 λείποντος,
1964 5635 2066 5676 etc.

514 5731 532 5763 ι
573 5713 702 5765 Nam
746 5730 870 5767 cum
908 5713 960 5764 in
995 5725 1339 5766 enarrattone
1373 5731 1592 5783 operum
1645 5731 1762 5783 qua:
1797 5717 1935 5768 Deus
1977 5730 2074 5768 srx

509 5805 696 5859 diebus
727 5804 980 5865 absolvit,
1018 5805 1250 5861 hominis
1284 5807 1647 5862 consideratio
1679 5808 1852 5871 desit;
1903 5808 1949 5859 si
1988 5807 2070 5859 di-

2180 4627 2597 4697 επεδαψιλεύθη,
2623 4626 2844 4689 frustra,
2879 4629 2978 4679 nisi
3011 4641 3094 4678 me
3126 4626 3258 4676 fallit
3292 4627 3526 4688 animus,
3559 4629 3610 4680 in
3652 4628 3752 4680 Ba-

2178 4720 2298 4771 silio
2346 4721 2643 4786 quaesieris.
2711 4717 2866 4769 Num.
2901 4717 2966 4769 l9.
2998 4735 3010 4770 :
3041 4716 3134 4780 Τίς
3159 4719 3186 4770 ὁ
3209 4719 3272 4789 τῇ
3318 4719 3600 4789 ἀραιότητι
3640 4720 3749 4771 τῶν

2180 4809 2461 4875 στημόνων
2507 4806 2726 4858 ἐκείνων
2774 4804 2997 4870 ξυλίνων
3027 4808 3125 4878 τὴν
3169 4809 3439 4878 ἀναπνοὴν
3472 4809 3549 4877 τῷ
3586 4811 3747 4876 ἐγκε-

2179 4895 2481 4964 κλεισμένῳ
2511 4894 2682 4965 θηρίῳ
2716 4898 3157 4965 παρασκευάσας,
3189 4914 3205 4946 ι
3237 4897 3366 4961 Quis
3396 4915 3545 4949 raros
3569 4913 3750 4952 cavi-:12

2180 4985 2367 5054 ligneze
2392 4989 2657 5041 cancellos
2687 4989 2901 5040 inclusae
2920 4990 3044 5039 fera:
3068 4991 3348 5050 exstruxit,
3373 5002 3475 5052 quo
3509 4991 3748 5055 respira-

2178 5088 2279 5130 ret.
2316 5096 2333 5129 ι
2370 5077 2523 5142 Illud,
2558 5081 2801 5146 στήμων,
2841 5087 2899 5128 ut
2926 5077 2990 5130 de
3022 5077 3241 5146 reliquis
3274 5088 3502 5140 taceam,
3535 5091 3562 5129 a
3589 5075 3745 5130 Basi-

2179 5168 2322 5221 liano
2349 5171 2486 5238 stylo
2512 5171 2665 5236 longe
2706 5166 2967 5220 dissidere
3000 5169 3256 5221 arbitror.
3287 5165 3419 5241 Nam
3459 5181 3584 5230 vox,
3617 5171 3748 5241 στή-

2179 5278 2314 5330 μων,
2344 5260 2634 5326 imprOpria
2668 5267 2771 5320 est,
2821 5274 2918 5313 nec
2954 5260 3090 5312 bene
3136 5258 3260 5309 huic
3302 5257 3415 5313 loco
3464 5265 3742 5314 convenit.

2177 5352 2464 5421 Significat
2517 5350 2729 5417 quidem
2767 5351 2985 5411 usitate,
3031 5367 3048 5398 (
3090 5357 3319 5415 stamen,
3371 5369 3387 5402 ι
3428 5360 3521 5403 aut
3571 5370 3588 5403 ι
3629 5353 3744 5421 ipsa

2173 5460 2290 5513 qua:
2319 5459 2349 5496 e
2383 5442 2501 5496 colo
2529 5443 2794 5495 duetintur
2819 5445 2902 5494 lila
2932 5459 2942 5491 :
2992 5459 3008 5489 ι
3040 5441 3128 5491 sed
3155 5444 3290 5508 apud
3326 5459 3459 5510 quos
3491 5455 3745 5496 auctores

2173 5552 2274 5589 vox
2319 5543 2539 5602 στήμων
2580 5534 2844 5602 signiticet
2891 5551 2908 5580 ‹
2969 5546 3207 5593 caveam,
3263 5554 3279 5581 ι
3313 5535 3470 5585 velim
3518 5535 3745 5585 diXlSsEl

2174 5627 2552 5681 Cotnbelisius.
2589 5624 2821 5677 Numero
2847 5621 2910 5673 Η
2939 5640 2952 5674 :
2979 5623 3164 5694 Μικρᾷ
3197 5624 3535 5696 προσψαυσει
3575 5622 3743 5692 ἐκρά-

2170 5735 2299 5785 τησε
2341 5717 2398 5768 τὸ
2426 5712 2780 5787 ἀεροποροῦν,
2825 5730 2842 5762 ι
2881 5710 3007 5766 Levi
3042 5726 3247 5768 attactu
3279 5729 3372 5781 per
3399 5728 3520 5765 acra
3553 5715 3740 5768 volan-

2176 5817 2278 5862 tem
2330 5808 2592 5862 aiiculam
2651 5804 2832 5857 tenuit.
2895 5824 2913 5857 ι
2966 5804 3197 5861 Verbum
3251 5807 3466 5874 quidem
3511 5804 3740 5875 ἀεροττο-
