4040 6450
1384 396 1449 457 Ι).
1493 400 1641 458 JUL.
1686 401 2018 457 GARNERII
2058 399 2451 459 PREFATIO.

3278 422 3519 466 οιιιιηι

258 511 382 583 μιν
414 510 616 567 citatur
648 526 677 566 e
708 510 905 568 Basilio
929 512 982 567 in
1015 512 1321 569 Thesauro:
1351 515 1444 571 sed
1470 516 1721 572 existimo
1744 532 1848 572 non
1878 521 1921 575 A
1954 524 2014 569 ut
2049 516 2404 585 prmterierim
2449 530 2567 585 quae
2614 524 2770 571 erant
2826 524 3011 573 notatu
3041 518 3311 588 digniora,
3360 533 3527 577 anno.

262 603 370 657 nisi
403 603 457 661 iu
480 605 683 671 spuriis
712 607 797 660 his
823 607 1165 661 orationibus
1189 609 1438 677 reperiri.
1466 609 1669 664 Eodem
1690 626 1839 665 num.

259 691 333 746 14
368 710 381 746 :
422 692 594 746 Κάτω
619 694 676 747 δὲ
714 694 789 747 τὼ
824 698 973 766 χεῖρε
1002 695 1190 761 αὑτοῦ,
1233 698 1328 750 xui
1356 696 1435 751 τὼ
1465 698 1613 762 πόδε,
1637 718 1655 751 ι
1682 700 1839 755 Humi

260 800 396 838 vero
434 786 554 853 ejus
583 795 636 839 et
659 800 850 842 manus
893 797 947 841 et
974 789 1159 856 pedes.
1188 808 1206 840 ι
1249 789 1363 844 Hoc
1400 806 1503 844 non
1535 793 1737 847 dictum
1760 803 1843 847 est

257 892 328 931 ex
363 892 515 932 more
566 874 772 941 Basilii,
823 881 913 948 qui
949 880 1089 934 duali
1134 881 1211 934 uti
1266 898 1370 936 non
1417 884 1575 950 solet,
1624 897 1843 953 prteter-

259 982 425 1035 quam
452 969 595 1038 quod
620 970 733 1040 ipsa
765 971 1001 1026 elocutio
1024 973 1169 1026 humi
1204 989 1392 1045 repere
1424 978 1651 1032 videtur.
1681 978 1837 1037 Num.

260 1059 331 1112 18
380 1078 393 1113 :
430 1061 541 1113 Kal.
585 1062 666 1126 είς
719 1061 779 1115 τὸ
820 1063 1243 1137 ῥωμαλεώτερον
1298 1067 1692 1140 ἀποκαθιστᾷν,
1730 1088 1747 1121 ι
1788 1081 1842 1125 et

264 1150 509 1205 membra
548 1153 600 1206 in
635 1153 995 1209 robustiorem
1033 1166 1233 1212 statum
1279 1162 1593 1229 perducere.
1625 1180 1645 1214 ι
1681 1162 1841 1229 Quis-

260 1240 386 1308 quis
428 1239 614 1298 Basilii
649 1248 893 1315 apprime
938 1250 1217 1306 studiosus
1265 1262 1369 1313 est,
1420 1254 1643 1324 ejusque
1673 1257 1841 1312 libros

263 1334 682 1403 diligentissime
712 1348 875 1408 atque
912 1342 1286 1398 assiduissime
1323 1346 1611 1413 lectitavit,
1653 1364 1840 1405 vocem

262 1424 692 1498 ρωμαλεώτερος
715 1427 1042 1486 Basilianam
1070 1448 1176 1488 non
1204 1449 1326 1491 esse
1345 1437 1722 1509 nullonegotio
1764 1441 1843 1494 fa-

262 1516 485 1571 tebitur.
522 1518 680 1575 Num.
716 1522 782 1576 19
818 1537 834 1577 :
868 1526 1076 1577 Οὐκοῦν
1110 1529 1379 1595 ἀναγκαῖα
1413 1531 1507 1585 καὶ
1534 1534 1700 1604 ἄμφω
1748 1537 1841 1589 καὶ

266 1604 681 1680 ἱδιοσήμαντρα,
722 1630 740 1663 ι
792 1613 977 1682 Itaque
1020 1623 1328 1677 necessaria
1377 1628 1536 1681 ambo
1588 1641 1737 1693 sunt,
1778 1648 1841 1687 ac

260 1697 525 1766 cujusque
588 1706 865 1773 preprium
922 1708 1308 1777 significatum.
1368 1736 1387 1769 ι
1439 1717 1590 1787 Illud,
1644 1722 1840 1794 ίδιοσή-

262 1804 502 1861 μαντρα,
540 1792 755 1851 barbari
788 1798 991 1869 aliquid
1037 1812 1092 1858 et
1129 1806 1335 1861 horridi
1365 1826 1476 1879 prae
1513 1827 1573 1866 se
1620 1813 1750 1878 fert,
1784 1792 1838 1869 et

1951 606 2113 660 tarim
2168 607 2395 662 leviora.
2434 608 2505 665 Ut
2552 618 2609 661 ut
2662 608 2776 662 haec
2810 619 2955 676 sunt,
3016 612 3352 668 arbitramur
3404 631 3527 685 quae

1951 698 2276 767 protulimus
2330 702 2574 772 exempla
2605 702 2846 758 sufﬁcere
2874 719 3037 774 posse
3071 717 3217 762 recte
3263 709 3329 762 de
3366 712 3529 764 rebus

1944 791 2278 860 judicaturo.

2022 883 2109 938 18.
2142 884 2260 939 1am
2302 887 2369 939 ad
2406 888 2552 956 ipsas
2597 887 2900 943 sententias
2943 890 3090 957 quod
3132 893 3340 958 attinet,
3371 892 3424 947 in
3462 892 3528 947 iis

1950 990 2164 1045 quoque
2192 977 2326 1031 nihil
2346 977 2679 1033 Basilianum
2704 982 2962 1037 occurrit.
2998 982 3137 1037 Sunt
3166 984 3310 1039 inter
3338 998 3395 1039 se
3422 985 3526 1038 dis-

1950 1080 2108 1132 sutae,
2152 1070 2295 1126 male
2352 1072 2710 1139 cohaerentes,
2746 1076 2882 1130 nihil
2941 1076 3203 1133 habentes
3241 1078 3526 1148 exquisita:

1950 1160 2095 1216 illius
2146 1161 2416 1218 facundiae
2461 1174 2625 1235 atque
2666 1168 3008 1236 eruditionis,
3060 1185 3222 1240 quam
3253 1185 3445 1225 omnes
3473 1171 3530 1226 in

1950 1250 2146 1307 Basilio
2172 1254 2456 1309 mirantur.
2486 1254 2597 1312 lmo
2622 1272 2750 1313 vero
2774 1261 3010 1328 reperire
3033 1269 3116 1316 est
3142 1262 3392 1332 ineptias,
3426 1278 3529 1316 nu-

1949 1357 2069 1411 gas,
2106 1357 2433 1410 commenta,
2472 1362 2593 1415 qua:
2619 1364 2728 1403 non
2775 1352 2934 1405 modo
2956 1361 3229 1408 oratorem
3257 1368 3525 1408 summum

1948 1432 2204 1490 Basilium
2237 1438 2555 1506 dedeceant,
2589 1441 2683 1494 sed
2716 1440 2881 1495 alium
2918 1444 3165 1511 quemvis
3198 1444 3523 1513 scriptorem

1949 1542 2058 1581 non
2088 1528 2308 1583 omnino
2338 1530 2689 1586 ineruditum.
2727 1530 2835 1587 Sed
2888 1533 3062 1602 ipsum
3096 1535 3400 1592 audiamus.
3436 1539 3529 1592 Sic

1949 1618 2114 1686 igitur
2145 1620 2337 1673 scribit
2370 1636 2518 1675 num.
2552 1621 2619 1677 l8
2648 1640 2663 1678 :
2705 1622 2769 1676 Ἡ
2792 1622 2982 1695 πρώτη
3006 1624 3239 1696 ἑϐδομὰς
3277 1628 3375 1699 τὴν
3403 1648 3531 1682 παι-

1945 1707 2099 1779 δικὴν
2130 1708 2342 1779 ἠλικίαν
2370 1710 2503 1781 ἔχει.
2540 1713 2741 1783 Ὄρους
2763 1715 2861 1786 τῆς
2890 1715 3144 1787 παιδικῆς
3170 1717 3387 1789 ἡλικίας
3424 1738 3531 1789 φα-

1945 1801 2151 1872 νεροῖή
2182 1800 2291 1856 τῶν
2322 1802 2549 1856 ὀδόντων
2596 1804 2816 1876 ἐκϐολή.
2875 1808 2938 1859 Oi
2985 1808 3084 1879 μὲν
3114 1810 3324 1863 ἔπεσον·
3369 1812 3418 1864 οἱ
3469 1811 3527 1864 δὲ

261 1880 409 1947 quod
432 1896 462 1936 a
490 1883 767 1944 Basiliano
800 1890 1059 1961 loquendi
1105 1897 1314 1954 ratione
1346 1901 1582 1956 maxime
1637 1905 1832 1961 abhor-

1939 1893 2273 1964 ἀνεφύησαν.
2307 1934 2320 1947 .
2358 1934 2372 1949 .
2407 1897 2640 1949 Ἔπεσον
2681 1899 2731 1951 οἱ
2772 1899 3003 1965 ὀδόντες,
3031 1901 3274 1972 ἔγνωμεν
3316 1904 3396 1958 ὅτι
3428 1906 3527 1977 ηὑ-

260 1980 402 2028 reat.

335 2064 423 2123 17.
460 2066 578 2122 Jam
614 2072 681 2126 ad
707 2077 994 2129 secundam
1028 2079 1327 2135 orationem
1352 2098 1722 2155 properemus.
1750 2090 1840 2147 Sic

260 2153 444 2225 legere
478 2170 563 2214 est
592 2179 739 2219 num.
770 2165 848 2219 2:
899 2167 964 2218 Ἠ
1010 2169 1148 2240 αὐτὴ
1184 2211 1197 2224 .
1233 2212 1248 2225 .
1284 2214 1297 2227 .
1331 2215 1345 2229 .
1381 2217 1394 2229 .
1432 2153 1466 2229 ._
1491 2179 1698 2254 ὡρίσθη
1734 2202 1840 2253 τῳ-

259 2340 491 2398 Basilius
524 2347 727 2413 passim
758 2352 946 2407 scribit
976 2355 1119 2423 τότε,
1154 2375 1448 2430 nunquam,
1484 2368 1585 2420 nisi
1624 2386 1708 2423 me
1742 2371 1842 2424 fal-

259 2429 322 2480 lit
350 2430 584 2496 animus,
618 2438 842 2505 τῳτότε.
877 2440 988 2495 lmo
1026 2446 1187 2499 etiam
1219 2429 1325 2504 non
1364 2464 1492 2519 puto
1522 2471 1707 2511 vocem
1738 2477 1843 2531 τῳ-

256 2518 382 2572 τότε
411 2525 553 2592 apud
582 2527 747 2583 ullum
785 2532 981 2589 bonum
1018 2549 1295 2595 auctorem
1324 2559 1550 2612 usquam
1587 2548 1838 2609 inveniri.

258 2608 419 2666 Num.
515 2638 526 2671 :
561 2620 703 2690 Πρὸς
743 2623 898 2690 ἀξίαν
925 2628 1032 2683 τῶν
1075 2608 1486 2705 ἁμαρτημάτλυν
1512 2641 1839 2718 ἀντιμέτρη-

260 2721 347 2768 σις
397 2708 493 2761 καὶ
546 2711 935 2786 ἀντισήκωσις,
1003 2724 1201 2781 «Justa
1254 2730 1519 2786 scelerum
1557 2708 1842 2796 retributio

258 2812 524 2869 aequaque
563 2802 715 2859 lance
759 2814 1027 2879 repensio.
1057 2835 1075 2869 ι
1107 2817 1225 2874 Alio
1251 2822 1533 2888 vocabulo,
1568 2841 1673 2879 non
1710 2841 1841 2884 voce

259 2890 648 2961 ἀντισήκωσις,
677 2906 805 2963 puto
834 2916 1053 2958 usurum
1087 2906 1251 2963 fuisse
1274 2911 1547 2966 Basilium.
1582 2914 1741 2974 Num.
1772 2919 1838 2974 9:

257 2977 347 3046 Τ
380 2978 499 3072 ίδίῳ
527 2980 685 3052 βάρει
711 2985 819 3040 τῶν
854 2990 1263 3065 ἁμαρτημάτων
1291 3001 1661 3072 πεπεδημένοι
1691 3006 1841 3061 κάτω

256 3070 539 3137 πεσόντες,
574 3077 781 3132 κεῖνται
816 3080 1236 3155 δυσσυνείδητοι,
1286 3108 1305 3140 ι
1328 3087 1680 3148 Peccatorum
1718 3113 1839 3162 pro-

258 3160 377 3228 prio
409 3163 649 3255 pondere
696 3174 973 3240 praepediti
1002 3176 1066 3228 ad
1106 3176 1319 3234 inferna
1370 3184 1661 3250 cadentes,
1683 3160 1835 3255 jace-

258 3252 416 3317 bunt,
455 3254 570 3325 ipso
595 3264 944 3317 conscientiae
982 3266 1292 3335 przejudicio
1320 3275 1555 3331 confusi.
1598 3297 1617 3329 ι
1648 3246 1835 3345 ’ρυἰιι-
1864 3246 1907 3302 C

256 3344 339 3399 vis
371 3348 571 3415 potius,
620 3367 779 3421 quam
846 3368 902 3412 ut
961 3357 1139 3414 fatear
1187 3378 1373 3419 vocem
1434 3344 1833 3439 δυσσυνείδητοι

255 3434 588 3496 Basilianam
616 3457 755 3499 esse.
792 3446 903 3501 lmo
939 3458 1043 3504 tam
1078 3453 1293 3509 insolita
1326 3458 1457 3511 mihi
1492 3459 1704 3513 videtur
1731 3477 1831 3515 vox

257 3526 372 3591 illa,
393 3538 454 3584 ut
474 3532 633 3589 valde
658 3537 951 3593 admodum
982 3542 1220 3597 dubitem
1256 3559 1323 3597 au
1349 3546 1415 3599 ab
1439 3546 1551 3601 ullo
1583 3548 1833 3618 locupleti

254 3630 482 3676 auctore
512 3638 747 3695 unquam
785 3643 1036 3699 usurpata
1082 3633 1172 3686 sit.
1202 3631 1361 3689 Num.
1394 3636 1461 3691 10
1491 3655 1505 3691 :
1535 3639 1831 3715 Συνημμέ-

252 3727 359 3775 νως
390 3716 485 3768 καὶ
517 3717 962 3790 ἀμεσολασήτως,
1017 3740 1037 3773 ι
1067 3723 1257 3793 juncta
1288 3742 1451 3797 opera
1491 3730 1831 3791 immediate-

255 3815 379 3870 que.
423 3824 441 3857 ι
490 3806 693 3876 Legere
743 3824 848 3863 non
914 3814 1135 3871 memini
1188 3832 1375 3874 vocem
1407 3823 1832 3899 ἁμεσολαὸήτως

254 3906 431 3962 neque
456 3896 509 3949 in
549 3897 767 3964 Basilio,
809 3917 983 3973 neque
1024 3907 1076 3961 in
1115 3908 1221 3964 alio
1263 3912 1373 3966 ullo
1407 3896 1829 3985 scriptoreon-

254 3982 375 4036 dem
402 3999 551 4041 num.
590 4001 694 4043 vox
722 3992 962 4063 παρευθύ
989 3994 1191 4065 aliquid
1223 3998 1456 4055 alienum
1489 3982 1665 4058 sonat.
1722 4004 1829 4061 lte-

252 4088 371 4128 rum
419 4077 611 4133 eodem
647 4096 798 4135 num.
845 4083 933 4151 Ἐξ
980 4084 1216 4155 ὑπογύου
1247 4087 1476 4158 ἔχειςτὸ
1530 4091 1830 4167 ὑπόμνημα

249 4168 351 4239 τῆς
389 4170 582 4226 ἑαυτοῦ
612 4175 1015 4245 ταπεινώσεως,
1078 4199 1099 4233 ι
1128 4180 1186 4234 In
1230 4182 1508 4252 procinctu
1540 4195 1623 4240 est
1651 4187 1830 4242 vilita-

252 4255 323 4310 tis
361 4266 467 4313 tuae
514 4260 943 4336 abjectionisque
983 4280 1411 4327 monumentum.
1451 4291 1470 4324 ι
1518 4272 1637 4329 Jam
1675 4287 1830 4333 nota-

248 4352 427 4403 vimus
455 4352 507 4407 in
536 4357 782 4411 oratione
812 4363 1007 4427 prima,
1038 4378 1187 4417 num.
1217 4365 1273 4428 6,
1307 4365 1456 4431 illud,
1476 4365 1533 4433 ἐξ
1564 4367 1825 4439 ὑπογύου,

247 4457 276 4495 a
310 4442 511 4499 Basilio
541 4447 837 4516 profectum
880 4469 983 4507 non
1033 4454 1221 4509 fuisse.
1254 4457 1417 4512 Num.
1468 4459 1536 4513 ιε
1588 4462 1669 4517 sic
1697 4465 1829 4534 legi-

1945 1983 2080 2057 ξήθη
2110 1986 2263 2040 τόσον
2310 1988 2524 2059 μέτρον.
2552 1991 2775 2062 Τριετὲς
2803 1992 2865 2045 τὸ
2894 1994 3103 2048 παιδίον
3148 1996 3452 2069 ἐμέτρησεν
3497 2001 3528 2052 ὁ

1946 2082 2149 2152 πατήρ.
2173 2074 2327 2134 Οἶδεν
2352 2083 2433 2135 ὅτι
2477 2070 2538 2134 re
2579 2083 2863 2137 διπλάσιον
2896 2084 3085 2139 τούτου
3138 2087 3365 2158 μέγεθος
3389 2090 3525 2142 ἀπο-

1944 2172 2174 2242 λήψεται
2199 2174 2255 2225 ὲν
2285 2176 2351 2244 τῇ
2381 2174 2677 2230 τελειώσει.
2708 2177 2869 2240 Ὀσος
2900 2178 3007 2250 γὰρ
3038 2181 3095 2231 ἐν
3118 2183 3185 2251 τῇ
3216 2182 3425 2252 τριετίᾳ
3445 2183 3525 2252 τῷ

1948 2264 2111 2334 μήκει
2145 2265 2174 2316 ό
2222 2262 2509 2336 ἄνθρωπος
2558 2266 2830 2335 φαίνεται,
2878 2268 2959 2330 δὶς
2989 2269 3240 2323 τοσοῦτον
3284 2271 3436 2325 ἔσται
3464 2274 3527 2327 ἐν

1944 2357 2009 2423 τῇ
2036 2354 2428 2426 συμπληρώσει
2452 2358 2551 2427 τῆς
2584 2358 2886 2430 αὐξήσεως.
2922 2359 3172 2414 Τοῦτοτὺ
3204 2361 3399 2433 μέτρον
3426 2365 3524 2433 τῆς

1944 2446 2291 2519 ἀνθρωπίνης
2338 2448 2551 2517 φύσεως
2583 2453 2745 2522 μέχρι
2784 2452 3040 2525 πέρατος.
3102 2472 3121 2507 ι
3156 2454 3395 2511 Primum
3438 2473 3525 2512 se-

1944 2540 2225 2608 ptennium
2298 2542 2600 2596 infantilem
2664 2554 2880 2601 aetatem
2942 2549 3204 2603 continet.
3260 2550 3525 2605 lnfantilis

1949 2628 2089 2686 fines
2118 2631 2298 2687 aetatis
2335 2633 2652 2690 manifestat
2684 2635 2925 2690 dentium
2948 2638 3182 2707 eruptio,
3210 2653 3334 2694 cum
3364 2646 3417 2696 in
3444 2651 3525 2696 to-

1944 2736 2067 2775 cum
2110 2736 2299 2778 eorum
2357 2726 2446 2794 qui
2503 2726 2836 2795 ceciderunt,
2874 2728 2967 2783 alii
2999 2728 3203 2786 fuerint
3231 2733 3377 2787 enati
3407 2771 3420 2785 .
3453 2771 3470 2789 .
3503 2771 3522 2788 .

1946 2812 2146 2868 Dentes
2202 2815 2526 2870 ceciderunt
2559 2834 2573 2870 :
2606 2820 2808 2874 scimus
2859 2827 3065 2874 tantum
3124 2824 3396 2892 augmenti
3431 2840 3525 2881 ae-

1943 2905 2200 2961 cessisse.
2231 2905 2525 2961 Triennem
2553 2909 2815 2963 infantem
2844 2909 3133 2966 admensus
3163 2922 3246 2966 est
3278 2928 3475 2982 parens
3501 2932 3520 2983 ;

1943 2996 2091 3050 novit
2124 2998 2258 3063 fore,
2288 3007 2347 3053 ut
2371 2998 2531 3067 duplo
2556 3000 2813 3068 majorem
2846 3002 2947 3057 hac
2990 3002 3345 3072 quantitatem
3375 3006 3518 3061 reei-

1944 3086 2076 3153 piat,
2098 3101 2221 3141 cum
2252 3088 2416 3144 fuerit
2437 3091 2615 3144 aetatis
2643 3090 2915 3159 perfectae.
2945 3130 2959 3147 .
2994 3133 3009 3147 .
3045 3132 3059 3146 .
3093 3135 3107 3149 .
3142 3093 3351 3161 Quanta
3375 3098 3518 3153 enim

1943 3178 2177 3233 triennis
2209 3180 2386 3235 mtatis
2418 3190 2625 3236 statura
2660 3182 2897 3238 hominis
2945 3185 3159 3251 visitur,
3222 3188 3383 3256 duplo
3415 3205 3515 3243 au-

1940 3267 2083 3323 ctior
2104 3268 2211 3324 erit
2240 3285 2361 3325 cum
2386 3269 2497 3338 jam
2537 3283 2886 3342 augmentum
2922 3276 3241 3345 expleverit.
3278 3279 3377 3335 Hic
3414 3282 3517 3335 htt-

1939 3374 2113 3413 manae
2143 3361 2333 3415 modus
2361 3372 2568 3418 naturae
2619 3374 2736 3430 est,
2770 3366 2824 3420 in
2860 3366 3020 3421 ﬁnem
3076 3383 3267 3439 usque.
3312 3391 3331 3425 ι
3378 3372 3516 3438 Quid

1938 3460 2039 3516 est,
2071 3466 2271 3521 quaeso,
2312 3454 2560 3525 ineptire,
2614 3456 2661 3512 si
2696 3458 2798 3513 hoc
2825 3473 2929 3513 non
2972 3460 3093 3515 est?
3128 3461 3379 3519 Viderint
3415 3467 3510 3535 qui

1936 3542 2037 3599 has
2058 3545 2428 3602 oratiunculas
2460 3547 2659 3605 Basilio
2682 3550 2945 3619 tribuunt,
2977 3553 3067 3621 qui
3096 3553 3213 3609 fieri
3253 3557 3422 3625 possit
3454 3568 3511 3613 ut

1936 3634 2211 3691 hominem
2250 3639 2632 3708 gravissimum
2665 3646 3039 3712 acerrimoque
3067 3645 3271 3713 judicio
3311 3652 3510 3717 pne-di-

1936 3737 2050 3782 tum
2097 3744 2200 3782 non
2263 3730 2512 3797 puduerit
2541 3732 2613 3786 ita
2658 3735 2869 3805 nugari.
2917 3734 3025 3793 Nos
3052 3737 3241 3793 melius
3290 3742 3358 3796 de
3394 3736 3511 3799 viro

1936 3821 2355 3890 prudentissimo
2387 3823 2587 3881 Basilio
2617 3842 2831 3899 semper
2858 3829 3307 3897 existimabimus,
3343 3850 3506 3903 quam

1937 3922 2137 3967 uteum
2177 3911 2438 3979 ejusmodi
2482 3933 2740 3989 nugarum
2788 3933 3061 3975 auctorem
3109 3937 3229 3978 esse
3270 3942 3505 3995 unquam

1934 4012 2202 4070 putemus.
2234 4004 2388 4071 Quod
2418 4008 2666 4075 sequitur
2690 4024 2840 4063 num.
2871 4010 2962 4075 22,
3000 4010 3217 4078 majoris
3243 4017 3503 4071 momenti

1930 4108 2051 4149 esse
2094 4094 2330 4153 fortasse
2369 4098 2654 4154 videbitur.
2688 4118 2707 4152 ι
2730 4099 2848 4155 Vidi
2881 4116 2978 4172 ego
3001 4105 3302 4171 mulierem,
3362 4106 3503 4164 clam

1933 4186 2069 4253 viro,
2101 4204 2222 4258 quae
2252 4204 2380 4245 usus
2410 4191 2626 4247 familiae
2655 4203 2837 4249 essent
2883 4196 2971 4265 pio
2998 4196 3333 4269 salutarique
3360 4201 3504 4258 furto

1932 4280 2342 4346 subducentem,
2384 4298 2448 4338 ac
2472 4286 2797 4355 pauperibus
2823 4288 3034 4345 occulte
3068 4290 3500 4359 distribuentem,

1930 4369 2267 4442 invitumque
2292 4374 2465 4427 virum
2498 4389 2563 4430 ac
2598 4378 2948 4446 nescientem,
2984 4395 3081 4435 nec
3110 4397 3213 4436 non
3239 4382 3503 4440 domesti-

1930 4475 2022 4516 cos
2052 4463 2566 4522 demerentem.Pro
2612 4468 2701 4523 illo
2749 4485 2980 4539 namque
3021 4482 3076 4528 et
3114 4472 3332 4529 familiae
3370 4492 3501 4544 aug-

247 4548 412 4587 mus:
446 4534 569 4587 Εἴοε
611 4556 699 4606 μοι
750 4542 1001 4596 τοσοῦτον
1044 4546 1257 4619 σχολῆς,
1317 4549 1455 4604 ὥστε
1488 4553 1822 4609 καταλεπτὸν

247 4625 329 4644 μ.μὶ
376 4624 580 4644 ιι--νρ-π
779 4631 790 4644 ι
944 4635 956 4644 ι
1044 4636 1065 4644 Α
1098 4636 1146 4644 --
1196 4637 1207 4644 .
1401 4641 1408 4644 .
1553 4640 1574 4644 Α

1936 4562 2144 4619 mento,
2205 4563 2561 4627 natorumque
2638 4560 3051 4629 incolumitate,
3111 4567 3498 4624 beneficientiae

242 4625 339 4677 aui.
366 4624 901 4699 ἁκριὸολογουμένως
935 4635 1207 4703 ὑποδεῖξαί
1253 4656 1331 4692 σοι
1361 4641 1458 4713 τὴν
1486 4640 1577 4696 τοῦ
1607 4644 1819 4716 ἀνθρώ-

240 4731 347 4770 που
396 4721 780 4791 κατασκευήνι
816 4740 833 4771 ι
875 4724 1049 4791 Atque
1071 4731 1275 4784 utinam
1307 4740 1512 4788 tantum
1547 4736 1674 4789 ntihi
1697 4752 1823 4805 sup-

241 4817 458 4878 peteret
498 4814 617 4877 otii,
658 4823 714 4868 ut
746 4815 925 4871 subtili
958 4827 1013 4873 et
1042 4832 1293 4877 accurata
1326 4825 1691 4894 disputatione
1721 4830 1820 4884 ho-

244 4898 408 4953 minis
426 4898 614 4957 liceret
637 4903 950 4963 facultatem
971 4909 1408 4971 submonstrare!
1437 4936 1455 4967 i
1471 4916 1637 4973 Voces
1659 4935 1820 4971 κατα-

238 4992 437 5045 λεπτὸν
486 4993 579 5046 καὶ
628 4996 1167 5073 ἀκριϐολογουμένως
1218 5018 1324 5057 ηοη
1351 5009 1598 5064 videntur
1634 5009 1818 5066 Basilii

238 5100 381 5140 esse.
414 5084 573 5142 Num.
612 5087 679 5141 Η
727 5108 743 5145 :
799 5089 991 5149 Ὁπότε
1050 5098 1143 5150 καὶ
1194 5099 1538 5173 ἰσχυρότερος
1585 5105 1813 5172 γίνεται,

236 5175 416 5231 εἴτουν
441 5179 843 5255 ἑνεργέστερος,
908 5204 927 5237 ι
962 5185 1127 5257 Cujus
1156 5190 1361 5246 scilicet
1420 5195 1593 5264 major
1645 5199 1724 5253 vis
1755 5214 1818 5253 ac

235 5267 507 5326 efﬁcacior
530 5276 622 5329 sit.
654 5294 672 5326 ι
705 5277 929 5332 Ειηιιιη.
967 5281 1032 5333 f7
1060 5284 1200 5337 :Ka).
1220 5284 1440 5356 Θριγγὸν
1471 5291 1608 5362 αὐτῇ
1638 5291 1815 5347 τοιοῦ-

234 5377 327 5415 τον
353 5363 692 5433 περιϐαλεῖν,
733 5387 752 5419 ι
792 5370 1257 5445 Circumjectaque
1312 5385 1650 5439 communire
1690 5401 1810 5439 ma-

232 5456 405 5509 ceria.
429 5472 449 5506 ο
480 5454 632 5521 Illud,
670 5460 868 5527 είτουν,
900 5477 929 5516 a
958 5460 1174 5531 Basilio,
1197 5472 1337 5537 quod
1370 5472 1584 5541 quidem
1621 5480 1810 5541 sciam,

230 5546 480 5603 adhiberi
528 5563 632 5602 non
673 5553 825 5609 solet.
877 5554 988 5609 Vox
1029 5571 1186 5622 vero,
1245 5560 1489 5633 οριγγὸς,
1526 5581 1632 5621 non
1679 5572 1811 5625 nihil

231 5638 450 5694 videtur
470 5641 732 5700 exhibere
760 5650 1182 5718 peregrinitatis,
1203 5656 1347 5723 quod
1380 5670 1410 5709 a
1448 5673 1596 5713 more
1626 5659 1808 5719 Basilii

232 5731 392 5802 longe
422 5738 658 5799 positum
687 5738 777 5793 sit.
818 5738 1005 5796 Timeo
1031 5758 1098 5800 ne
1130 5744 1185 5799 in
1230 5745 1313 5801 his
1339 5748 1652 5820 colligendis
1683 5771 1809 5811 eve-

234 5828 374 5881 nerit
397 5827 530 5884 mihi
561 5833 703 5900 quod
730 5829 844 5889 fere
869 5833 1139 5893 similibus
1167 5838 1221 5894 in
1252 5840 1468 5898 casibus
1507 5860 1601 5901 usu
1638 5851 1803 5917 venit,

1924 4659 2091 4713 opera
2141 4646 2450 4716 praestabat.
2476 4670 2495 4703 »
2551 4651 2860 4725 Nunquam,
2924 4658 2977 4712 ni
3015 4658 3194 4722 fallor,
3226 4661 3495 4731 ejusmodi

1923 4736 2067 4791 furta
2103 4741 2401 4807 generatim
2452 4742 2723 4801 laudasset
2764 4746 3014 4804 Basilius.
3068 4750 3177 4805 Res
3209 4764 3294 4807 est
3348 4756 3495 4809 enim

1920 4828 2151 4897 periculi
2180 4828 2361 4897 plena,
2393 4834 2701 4905 jurgiisque
2728 4839 2908 4893 multis
2942 4849 3105 4910 atque
3139 4843 3489 4901 dissensioni-

1920 4920 2022 4977 bus
2051 4923 2307 4988 obnoxia,
2340 4941 2555 4997 quaque
2588 4930 2735 4985 abuti
2767 4932 3081 4990 facillimum
3116 4937 3205 4992 sit.
3236 4938 3493 4995 Laudavit

1921 5028 2049 5085 ergo
2095 5012 2328 5074 Basilius
2360 5020 2640 5077 mulierem
2685 5039 2803 5092 qua:
2845 5024 3021 5081 inscio
3069 5030 3261 5083 marito
3296 5031 3491 5099 stipem

1921 5108 2189 5163 modicam
2217 5125 2315 5167 nec
2338 5112 2540 5171 limites
2568 5118 3057 5188 transgredientem
3085 5123 3327 5191 erogavit
3355 5141 3492 5195 pau-

1920 5198 2178 5267 peribus:
2212 5204 2309 5257 sed
2343 5205 2410 5259 ab
2433 5219 2498 5259 eo
2531 5210 2963 5265 commendatam
2994 5212 3158 5267 fuisse
3182 5217 3488 5283 mulierem,

1918 5304 2038 5360 quae
2066 5291 2331 5351 insciente
2375 5296 2625 5369 conjuge,
2678 5300 2791 5369 ipsa
2827 5303 2895 5355 τὰ
2919 5304 3016 5374 τῆς
3049 5305 3227 5372 οικίας
3255 5309 3485 5383 χρειώδη

1916 5384 2102 5455 egenis
2134 5385 2327 5457 largita
2358 5388 2450 5454 sit,
2484 5408 2758 5462 nunquam
2807 5394 2862 5447 in
2888 5394 3126 5453 animum
3160 5401 3485 5460 induxerim.

1914 5475 2099 5531 Grreca
2134 5479 2247 5550 ipsa
2283 5496 2556 5551 apponere
2584 5485 2680 5539 abs
2704 5500 2760 5540 re
2782 5501 2888 5541 non
2911 5487 3091 5556 fuerit,
3124 5504 3181 5545 ut
3205 5499 3358 5562 culpa
3378 5510 3484 5550 non

1914 5569 1967 5624 in
1999 5569 2247 5625 Latinum
2299 5574 2668 5644 interpretem,
2732 5580 2827 5635 sed
2866 5582 2917 5635 in
2955 5582 3125 5652 ipsum
3161 5585 3480 5653 scriptorem

1912 5662 2156 5717 Graecum
2208 5667 2546 5736 conjiciatur.
2601 5670 2723 5726 Haec
2765 5684 2946 5728 autem
2988 5687 3151 5732 sunt:
3189 5676 3339 5732 Εῐδον
3372 5682 3482 5748 ἐγὼ

1911 5760 2162 5825 γυναῖκα,
2190 5759 2361 5831 λάθρα
2392 5762 2485 5815 τοῦ
2518 5765 2729 5836 ἀνδρὸς,
2772 5768 3139 5843 ὑφαιῳμένην
3181 5774 3249 5827 τὰ
3270 5774 3372 5845 τῆς
3402 5777 3483 5832 ol-

1911 5850 2033 5915 κξας
2056 5852 2310 5925 χρειώδη,
2342 5855 2545 5930 κλοπὴν
2600 5864 2889 5936 ἐπαινετὴν
2923 5868 3012 5921 καὶ
3046 5872 3335 5942 σωτηρίαν,
3389 5870 3481 5931 καὶ
