4040 6484
565 423 797 463 ΟΙΑΧΧΙἻ

1915 414 2448 476 PROLEGOMENA.

566 529 791 597 πένησιν
816 527 952 580 αὐτὰ
978 529 1034 579 ἐν
1061 545 1137 597 τῳ
1159 527 1399 598 λεληθότι
1429 531 1808 600 διανέμουσαν,
1829 534 1919 584 καὶ
1939 533 2106 586 ἄκοντι

2240 541 2401 606 paulo
2462 542 2708 610 sagacior
2747 556 2864 597 eam
2927 543 3074 598 nullo
3137 547 3349 614 negotio
3387 549 3568 604 videre
3610 564 3799 621 potest.

561 618 658 672 ’καὶ
689 618 981 686 ἀγνοοῦντα
1017 617 1108 670 τὸν
1137 618 1300 690 ἄνδρα.
1345 621 1438 672 καὶ
1483 623 1608 683 τοὺς
1649 621 1880 684 οἰκείους
1911 625 2133 695 εὐεργε-

565 709 776 763 τοῦσαν.
825 709 996 780 ’Υπὲρ
1026 710 1132 780 γὰρ
1154 710 1380 774 ἐκείνου,
1412 712 1504 764 καὶ
1527 713 1626 781 τῆς
1656 713 1762 765 τῶν
1789 714 1993 767 τέκνων
2021 716 2135 769 δια-

568 802 734 870 μονῆς
767 800 897 872 ἕδρα
932 803 1033 871 τὴν
1072 802 1336 857 εὐποιίαν.
1371 802 1588 857 Monere
1611 805 1737 858 libet
1769 805 1938 859 rideri
1977 805 2135 860 Com-

562 894 810 947 beﬁsium
858 908 968 946 suae
1019 906 1194 946 causa:
1245 892 1475 947 diﬁisum
1537 893 1724 960 fuisse,
1783 906 1945 965 atque
1979 898 2134 964 hujus

562 982 822 1036 doctrinae
857 981 1191 1036 incommoda
1243 983 1606 1052 pertimuisse,
1635 986 1747 1052 qui,
1773 996 1833 1040 ut
1855 987 2131 1054 debuerat,

561 1089 670 1128 non
718 1074 972 1138 verterit,
1011 1092 1029 1124 ι
1062 1073 1316 1128 laudabili
1371 1074 1546 1142 furto,
1581 1096 1601 1129 ι
1641 1059 1852 1148 ’κλοπὴν
1911 1080 2135 1132 ἐπαινε-

559 1166 661 1236 τήν
688 1183 703 1221 :
735 1165 828 1220 sed
875 1155 1090 1219 mollius
1131 1167 1376 1231 verterit,
1427 1186 1446 1219 t
1482 1169 1570 1236 pio
1601 1169 1760 1224 furto.
1801 1189 1818 1222 ι
1866 1170 2134 1225 Combeii-

559 1257 692 1321 sius,
722 1257 934 1325 opinor,
977 1257 1064 1327 pie
1097 1267 1152 1312 et
1181 1258 1408 1329 benigne
1435 1258 1621 1314 Basilii
1653 1261 1733 1314 sui
1761 1260 1926 1314 verba
1960 1262 2128 1315 inter-

557 1357 801 1420 pretatus
827 1359 949 1414 est;
967 1349 1110 1404 illius
1148 1359 1205 1403 ut
1229 1349 1533 1404 doctrinam
1569 1351 1981 1408 tolerabiliorem
2010 1354 2132 1406 red-

560 1443 763 1497 deret:
810 1442 907 1497 sed
964 1442 1105 1497 hanc
1160 1443 1485 1497 excusandae
1539 1443 1801 1498 doctrinae
1864 1445 2128 1502 rationem

556 1549 717 1589 nemo
744 1533 957 1603 sapiens
989 1549 1222 1602 unquam
1251 1534 1588 1603 approbarit.

628 1624 716 1678 19.
752 1623 1013 1694 Denique,
1034 1623 1080 1679 si
1103 1637 1209 1693 qua
1244 1631 1329 1675 est
1355 1622 1678 1691 scriptorum
1696 1639 1853 1678 manu
1881 1625 2126 1679 codicum

556 1715 878 1782 auctoritas,
910 1730 1030 1784 quae
1056 1713 1224 1769 multa
1259 1727 1381 1767 esse
1408 1714 1584 1777 debet,
1626 1717 1884 1770 dubitari-
1905 1718 1993 1770 vix
2027 1731 2126 1785 po-

552 1808 677 1861 terit
697 1807 824 1875 quin
846 1806 951 1861 sint
977 1822 1074 1876 pro
1091 1808 1288 1877 spuriis
1317 1809 1574 1864 habenda:
1595 1809 1675 1862 lue
1699 1810 1817 1863 duae
1832 1809 2124 1862 orationes.

2239 629 2396 681 Num.
2427 631 2452 683 1
2486 631 2564 684 sic
2585 631 2778 700 legitur
2803 652 2814 686 :
2845 633 3168 705 Νοήσωμεν,
3193 637 3474 707 ἀκροαταὶ,
3499 639 3651 706 ἀξίαν
3673 642 3804 696 Θεοῦ

2239 721 2486 790 φυτείαν,
2521 742 2539 774 ‹
2571 724 2654 778 Ad
2683 735 2914 782 mentem
2957 742 3294 796 revocemus,
3341 732 3635 798 auditores,
3663 734 3804 803 ejus-

2237 813 2380 866 modi
2410 813 2833 883 plantationem,
2884 833 3005 886 qua».
3027 819 3136 873 Deo
3170 819 3329 888 digna
3355 819 3445 873 sit.
3481 841 3499 873 ι
3537 822 3802 878 Combeﬁ-

2235 901 2373 955 sium
2403 903 2588 957 mirari
2636 905 2771 958 satis
2819 922 2920 961 non
2946 922 3124 977 queo,
3174 910 3265 978 qui
3303 925 3360 963 se
3393 910 3490 965 has
3534 915 3803 969 orationes

2236 993 2436 1049 idcirco
2466 1005 2520 1049 et
2545 996 2773 1051 vertisse
2795 1005 2848 1050 et
2894 999 3127 1054 edidisse
3160 1002 3256 1064 ait,
3290 1001 3432 1070 quod
3462 1017 3552 1057 eas
3577 1003 3714 1059 male
3752 1005 3801 1058 in

2235 1084 2512 1154 impressis
2560 1087 2716 1143 libris
2770 1099 3019 1158 acceptas
3083 1102 3360 1160 oporteret
3418 1108 3608 1148 rursus
3665 1097 3802 1164 typis

2237 1177 2478 1230 mandari
2514 1179 2580 1232 ad
2631 1179 2876 1233 codicum
2927 1195 3059 1235 mss.
3092 1184 3250 1237 ﬁdem
3277 1222 3291 1248 ,
3341 1183 3525 1250 sicque
3564 1184 3802 1252 pristina:

2237 1262 2527 1333 integritati
2569 1268 2818 1332 restitui,
2862 1284 2982 1323 cum
3023 1280 3200 1326 tamen
3239 1273 3385 1342 ipsas
3415 1271 3566 1340 pejus
3597 1273 3664 1327 ab
3689 1275 3801 1340 ipso

2235 1357 2404 1424 accipi
2439 1362 2784 1428 perspicuum
2811 1362 2903 1414 sit.
2945 1361 3060 1415 Etsi
3105 1364 3248 1416 enim
3289 1364 3341 1417 in
3366 1364 3536 1418 veteri
3567 1364 3800 1419 editione

2233 1453 2452 1498 exstant
2481 1446 2647 1499 multa
2690 1458 2948 1517 certaque
2987 1447 3238 1504 falsitatis
3279 1460 3615 1521 argumenta,
3651 1451 3796 1521 plura

2236 1544 2412 1588 tamen
2449 1537 2790 1607 certioraque
2847 1542 2899 1594 in
2957 1539 3358 1597 Combeﬁsiana
3414 1546 3593 1598 inesse
3643 1560 3798 1598 nemo

2233 1626 2423 1679 harum
2461 1641 2643 1680 rerum
2679 1630 2883 1696 peritus
2914 1630 3266 1690 inﬁciabitur.
3291 1634 3356 1687 Et
3387 1644 3444 1687 ut
3467 1635 3567 1687 alia
3587 1636 3798 1688 omitta-

2232 1734 2371 1782 mus,
2406 1735 2526 1789 qua:
2573 1720 2768 1789 cuique
2804 1722 2856 1773 in
2891 1723 3020 1790 ipsis
3076 1724 3316 1780 fontibus
3346 1726 3526 1796 legere
3575 1725 3792 1790 licebit;

2233 1808 2383 1872 illud,
2417 1810 2705 1880 ἀκροαταί,
2738 1825 2924 1864 verum
2980 1827 3101 1867 esse
3166 1817 3306 1884 quod
3343 1816 3575 1871 dicimus
3615 1828 3796 1887 aperte

552 1901 762 1955 Etenim
787 1901 1040 1956 cum‘sint
1065 1902 1115 1956 in
1141 1903 1307 1958 variis
1339 1902 1682 1958 bibliothecis
1707 1901 1921 1956 codices
1946 1901 2122 1966 multi,
2161 1879 2200 1932 Β
2229 1879 2503 1957 ostendit.
2545 1901 2658 1955 Vox
2693 1902 2837 1954 enim
2887 1911 2971 1956 est
2996 1917 3116 1957 cum
3149 1879 3288 1974 apud
3315 1909 3556 1977 reliquos
3586 1879 3794 1974 Patres,

550 1993 644 2064 qui
672 1992 1034 2048 Hexaemeron
1064 1993 1250 2048 Basilii
1278 1995 1591 2060 exhibeant,
1625 2007 1852 2062 quorum
1877 1992 1966 2046 alii
1998 2003 2124 2046 sunt

548 2084 909 2148 membranei,
941 2093 997 2137 et
1025 2084 1409 2153 antiquissimi,
1446 2095 1501 2140 et
1561 2085 1777 2155 optima:
1814 2095 1985 2150 notae;
2031 2085 2118 2138 alii

546 2189 678 2229 vero
707 2174 1009 2239 chartacei,
1040 2185 1311 2241 recentes,
1365 2186 1419 2230 et
1448 2186 1586 2231 nota:
1622 2175 1806 2240 malae;
1842 2178 1892 2228 in
1924 2175 2120 2240 priori-

546 2269 651 2323 bus
678 2268 893 2336 quidem
938 2268 1047 2324 illis
1089 2269 1466 2322 desiderantur
1515 2269 1632 2322 duae
1674 2268 1756 2321 hac
1786 2269 1851 2321 de
1886 2269 2120 2322 hominis

546 2361 768 2430 opiﬁcio
807 2361 1166 2416 oratiuncula:
1203 2378 1216 2413 :
1278 2359 1626 2429 reperiuntur
1667 2375 1796 2414 vero
1845 2360 2018 2413 solum
2066 2360 2118 2412 in

544 2450 954 2520 posterioribus.
1014 2432 1210 2502 Prinne
1282 2449 1471 2504 classis
1522 2447 1914 2507 sunttcodices
1965 2448 2116 2518 Regii

540 2541 704 2606 1824,
756 2539 921 2605 2349,
973 2539 1135 2605 2892,
1180 2539 1526 2595 Colbertinus
1568 2538 1745 2605 5069,
1798 2538 2114 2593 Coisliniani

538 2639 666 2703 2'28,
696 2637 823 2704 229,
859 2639 912 2692 in
948 2637 1144 2706 quibus
1182 2636 1436 2691 omnibus
1463 2651 1568 2690 non
1604 2634 1723 2705 plus
1758 2649 1949 2689 novem
1989 2648 2116 2688 con-

539 2734 722 2786 ciones
755 2731 1092 2785 nanciscare.
1141 2728 1222 2781 Ad
1255 2729 1545 2782 secundam
1582 2727 1810 2782 classem
1845 2727 2115 2796 pertinent

540 2823 694 2894 Regii
723 2823 888 2887 2286,
939 2821 1102 2885 2287,
1154 2819 1335 2885 2877,
1384 2819 1546 2882 2896,
1587 2830 1717 2882 ctc.,
1783 2818 1834 2870 in
1882 2832 2111 2885 quorum

537 2915 813 2972 nonnullis
838 2912 1188 2968 inveniuntur
1216 2911 1430 2980 quidem
1453 2908 1768 2962 adulterinum
1792 2907 1892 2959 ilhc
1920 2908 2113 2960 oratio-

535 3026 633 3065 nes
660 3027 672 3063 :
710 3009 804 3065 sed
829 3008 1043 3063 codices
1077 3015 1184 3060 tam
1222 3012 1468 3058 recentes
1500 3003 1542 3056 si
1568 3018 1690 3058 eum
1721 2999 2112 3070 antiquissimis

534 3114 928 3170 comparemus,
970 3097 1130 3154 dubio
1183 3095 1369 3164 procul
1424 3095 1500 3163 (ιι)
1542 3092 1702 3146 ﬁdem
1749 3091 1948 3143 nullam
1999 3105 2111 3144 me-

535 3207 742 3251 rentur.
779 3195 889 3249 Nec
915 3195 1044 3248 illud
1072 3191 1510 3262 praetereundum
1560 3188 1799 3251 silentio,
1827 3187 2106 3239 librarium

535 3303 563 3340 a
595 3285 925 3342 Combeﬁsio
964 3285 1242 3337 laudatum
1295 3281 1428 3335 duas
1475 3280 1573 3332 has
1599 3278 1876 3332 orationes
1905 3274 2106 3328 Basilio

535 3382 772 3434 tribuere
804 3377 942 3433 nolle
978 3395 990 3431 :
1030 3375 1126 3432 sed
1164 3389 1276 3429 rem
1311 3373 1364 3428 in
1398 3371 1560 3427 dubio
1587 3371 1913 3438 relinquere.
1950 3368 2104 3435 Quod

532 3482 707 3525 autem
729 3471 891 3524 homo
911 3477 964 3523 et
996 3469 1218 3522 Graecus
1249 3476 1303 3521 et
1330 3464 1581 3519 credulus
1606 3464 1656 3516 in
1682 3461 1861 3515 dubiis
1894 3461 2102 3527 habuit,

531 3563 583 3615 id
615 3562 773 3614 homo
802 3567 1068 3614 emuncta:
1107 3557 1255 3609 uaris
1285 3557 1426 3608 inter
1455 3553 1638 3623 spuria
1677 3568 1940 3621 reponere
1995 3568 2101 3606 non

529 3652 814 3707 dubitabit.
847 3648 1026 3716 Ουτοι-ἰ
1077 3645 1166 3701 hic
1211 3653 1390 3713 potest
1429 3658 1526 3696 cur
1560 3642 1816 3712 scriptor,
1853 3641 2103 3710 quisquis

526 3757 630 3809 est,
671 3747 767 3799 bas
796 3744 1072 3798 orationes
1127 3741 1180 3794 in
1221 3737 1404 3792 Basilii
1457 3751 1708 3805 persona,
1759 3752 1863 3790 non
1904 3736 1954 3789 in
2003 3750 2100 3790 sua

525 3836 790 3900 ediderit;
834 3835 1094 3902 itemque,
1124 3846 1221 3884 cur
1249 3831 1349 3884 hac
1377 3827 1585 3882 dicendi
1615 3827 1866 3890 lormula,
1903 3829 1960 3880 ἐν
1986 3828 2100 3890 τοῖς

526 3927 774 3989 κατότιν,
801 3925 999 3980 Basilio
1029 3923 1303 3987 fatuiliari,
1359 3934 1496 3991 pene
1551 3917 1789 3971 dixeram
1815 3919 2096 3988 peculiari,

523 4034 653 4071 usus
687 4018 776 4071 sit.
809 4014 945 4069 Num
974 4003 1247 4082 putandus
1273 4021 1354 4066 est
1385 4012 1434 4063 id
1467 4010 1662 4064 fecisse
1723 4008 1861 4059 malo
1892 4008 2094 4072 animo,

521 4111 708 4164 lectori
734 4119 791 4164 ut
827 4110 1146 4176 imponeret,
1176 4121 1243 4159 an
1297 4105 1473 4172 potius
1506 4103 1669 4165 bono,
1701 4114 1762 4152 se
1784 4111 1843 4152 ut
1872 4114 2095 4153 exerce-

522 4212 624 4262 ret,
657 4200 1038 4268 Basiliumque,
1080 4198 1254 4266 quoad
1294 4197 1511 4259 licebat,
1549 4189 1892 4248 imitaretur?
1921 4190 2092 4244 Nolim

518 4307 619 4361 ego
648 4292 942 4361 quidquam
988 4291 1191 4343 dictum
1242 4289 1459 4357 gravius
1503 4288 1553 4340 in
1591 4295 1829 4339 veterem
1861 4282 2093 4348 scripto-

518 4402 652 4447 rem,
674 4399 771 4454 pro
793 4383 934 4438 virili
959 4383 1025 4438 de
1053 4397 1110 4436 re
1137 4381 1397 4434 litteraria
1437 4381 1567 4433 bene
1586 4378 1833 4431 meritum
1861 4391 1873 4439 ;
1910 4374 2089 4442 proin-

517 4479 690 4546 deque
738 4475 908 4528 satius
939 4474 1105 4528 multo
1136 4487 1257 4526 esse
1302 4473 1436 4525 duco
1471 4485 1580 4522 rem
1614 4469 1666 4521 in
1703 4469 1900 4520 bonam
1928 4479 2089 4532 quam

516 4566 569 4639 in
602 4564 793 4618 malam
823 4573 1023 4632 partem
1052 4563 1322 4630 accipere.

583 4657 674 4712 20.
707 4657 959 4726 Adjungit
990 4655 1350 4710 Combeiisius
1391 4651 1598 4708 duabus
1620 4651 1703 4704 his
1735 4645 2088 4704 oratiunculis

512 4760 569 4804 et
608 4749 819 4803 tertiam
859 4749 935 4803 De
961 4749 1232 4817 paradiso,
1260 4762 1378 4817 quae
1404 4753 1457 4799 et
1488 4744 1600 4811 ipsa
1652 4757 1866 4811 quoque
1898 4741 1966 4794 ab
2003 4752 2089 4790 eo-

513 4842 633 4896 dem
664 4843 807 4894 inter
854 4839 1082 4908 genuina
1113 4837 1295 4891 Basilii
1327 4851 1490 4904 opera
1525 4843 1860 4887 recensetur.
1917 4831 2083 4886 Fate-

511 4949 633 4989 mur
659 4934 873 5002 quidem
906 4932 1046 4985 hanc
1072 4930 1368 4984 orationem
1401 4931 1534 4981 bene
1559 4926 1646 4980 hic
1673 4925 1928 4979 collocari
1967 4934 2083 4976 tan-

510 5040 672 5094 quam
722 5024 774 5078 in
828 5023 1042 5092 proprio
1084 5022 1234 5076 loco:
1276 5021 1368 5075 sed
1408 5018 1574 5072 fetant
1605 5031 1728 5070 esse
1762 5014 1946 5070 Basilii
1986 5029 2082 5068 ne-

510 5134 716 5189 gamus.
755 5116 989 5186 Negandi
1018 5125 1195 5170 autem
1228 5115 1380 5168 nobis
1411 5125 1588 5166 causae
1619 5109 1848 5171 easdem,
1877 5107 2079 5176 quibus

508 5209 738 5277 permoti
782 5209 991 5279 priores
1025 5207 1159 5260 duas
1208 5204 1479 5259 orationes
1509 5196 1842 5264 Basiliojam
1874 5199 2084 5267 abjudi-

508 5301 768 5361 carimus,
828 5298 1192 5365 antiquiorum
1237 5294 1534 5354 silentium,
1583 5290 1706 5361 styli
1766 5288 2079 5352 diversitas,

506 5394 748 5446 codicum
776 5406 934 5443 manu
959 5399 1299 5442 exaratorum
1330 5385 1576 5456 penuria.
1599 5381 1856 5436 Tacuisse
1879 5382 1944 5435 de
1977 5383 2077 5434 hac

507 5484 748 5535 oratione
774 5483 1026 5548 antiquos
1072 5480 1152 5534 vel
1202 5493 1267 5532 ex
1296 5493 1360 5532 eo
1387 5477 1520 5530 satis
1550 5474 1891 5542 intelligitur,
1927 5474 2071 5540 quod

511 5570 742 5620 nondum
773 5583 960 5622 eorum
993 5567 1356 5621 testimonium
1385 5581 1412 5616 a
1454 5580 1720 5634 quoquam
1753 5563 2071 5630 productum

511 5665 602 5709 Sit.
637 5659 712 5707 Ad
746 5658 866 5722 styli
917 5657 1332 5721 discrepantiam
1382 5656 1527 5721 quod
1572 5655 1790 5715 attinet,
1844 5653 2071 5719 quilibet

588 5825 667 5893 (α)
698 5825 825 5877 Bas.
861 5843 1079 5889 rerum,
1112 5837 1148 5875 t.
1181 5830 1225 5882 1,
1263 5841 1314 5892 p.
1342 5825 1460 5876 $358.

2229 1999 2338 2042 tun:
2396 1993 2535 2058 apud
2576 1991 2831 2046 Basiliam
2871 1993 3152 2061 inusitata,
3188 1997 3489 2068 priscisque
3529 2000 3634 2054 illis
3663 2010 3794 2054 tem—

2223 2083 2443 2149 poribus
2494 2099 2713 2153 prorsus
2768 2087 3042 2152 iuaudita,
3089 2103 3208 2156 quae
3273 2105 3378 2144 non
3431 2092 3531 2144 nisi
3587 2095 3795 2147 sarculis

2222 2173 2611 2240 anIerioribus
2637 2175 2687 2227 in
2715 2191 2814 2228 usu
2839 2191 2959 2230 esse
2979 2178 3164 2248 ccepit.
3192 2178 3428 2232 Numero
3459 2181 3795 2242 eodem,Kat

2221 2262 2313 2312 ἀπ’
2346 2263 2515 2331 αὐτῆς
2567 2263 2927 2331 δηλοποιεῖται
2964 2265 3061 2334 τῆς
3108 2267 3352 2336 Γραφῆς.
3410 2265 3583 2328 Illud,
3643 2266 3797 2336 δηλο-

2221 2354 2490 2412 ποιεῖται,
2542 2355 2983 2420 peregrinitatem
3042 2373 3254 2426 quoque
3309 2360 3471 2429 sapit.
3520 2357 3792 2414 Num.2:

2231 2442 2596 2512 Ἐρυῒσκοντο,
2638 2446 2732 2498 καὶ
2768 2444 3064 2515 ἀπώλοντο,
3120 2469 3138 2500 ‹
3167 2451 3475 2507 Diﬂluerent
3522 2468 3587 2508 ac
3630 2453 3796 2506 inter-

2218 2535 2376 2588 irent.
2416 2553 2434 2588 i
2468 2533 2614 2590 Inest
2643 2539 2906 2606 asperitas
2934 2541 3178 2607 quaedam
3213 2543 3266 2595 in
3310 2545 3422 2609 illo,
3451 2545 3792 2616 ὲρυῖσκοντο,

2215 2645 2334 2699 quae
2366 2645 2392 2682 a
2419 2628 2689 2684 Basiliana
2743 2632 3180 2701 suaviloquentia
3231 2634 3384 2705 longe
3415 2637 3568 2692 abest
3599 2657 3613 2693 :
3659 2640 3790 2702 imo,

2214 2735 2272 2776 ut
2307 2724 2436 2776 mihi
2473 2724 2716 2790 videtur,
2749 2723 2905 2778 facile
2931 2740 3035 2778 non
3076 2726 3183 2779 erit
3208 2726 3258 2778 id
3290 2727 3509 2782 verbum
3537 2731 3676 2798 apud
3708 2732 3758 2784 ul
3780 2766 3793 2772 -

2213 2814 2322 2866 lum
2345 2816 2609 2870 disertum
2641 2817 2961 2884 scriptorem
3012 2815 3281 2870 invenire.
3318 2816 3476 2871 Num.
3521 2820 3551 2872 7
3582 2838 3596 2874 :
3644 2822 3794 2874 Ἐκεῖ

2211 2909 2303 2960 καὶ
2335 2908 2562 2978 ὀρνίθων
2609 2908 2963 2962 παντοδαπῶν
3012 2909 3167 2979 γένη,
3216 2908 3292 2979 τῷ
3336 2926 3392 2961 τε
3422 2909 3529 2962 τῶν
3573 2913 3790 2981 πτερῶν

2209 3001 2358 3052 ἄνθει
2399 3002 2492 3054 καὶ
2517 3001 2591 3072 τῷ
2618 3003 2716 3072 τῆς
2744 3003 2926 3073 φωνῆς
2955 3001 3176 3073 λυγηρῷ
3205 3002 3501 3055 ἁπόλαυσίν
3520 3019 3643 3056 τινα
3659 3005 3792 3057 Dau-

2213 3093 2424 3161 μαστὴν
2465 3093 2786 3164 προτιθέντα
2829 3097 2939 3156 τοῖς
2965 3095 3288 3165 ὁρωμένοις,
3319 3113 3336 3145 ‹
3362 3093 3435 3148 lbi
3467 3103 3519 3146 et
3543 3096 3787 3148 avicula-

2214 3199 2328 3235 rum
2360 3185 2702 3252 omnigenum
2736 3202 2956 3254 genera,
2993 3197 3102 3246 tum
3148 3201 3446 3256 pennarum
3473 3183 3627 3250 ﬂore,
3673 3197 3787 3239 tum

2212 3275 2397 3326 nativo
2425 3285 2686 3328 concentu
2731 3287 2891 3344 atque
2919 3282 3124 3347 garritu
3147 3320 3160 3344 ,
3199 3280 3389 3347 miratu
3422 3279 3714 3348 quamdnn
3757 3294 3784 3331 a

2209 3379 2268 3418 se
2318 3364 2713 3433 jucunditatem
2775 3370 3146 3434 spectantibus
3197 3369 3499 3424 oﬂerentia.
3546 3389 3565 3423 ι
3626 3371 3788 3424 Putet

2209 3457 2565 3513 Combeﬁsius
2590 3473 2776 3512 vocem
2807 3459 3027 3530 λυγηρῷ
3052 3459 3376 3515 Basilianam
3409 3478 3529 3518 esse
3555 3480 3569 3526 ;
3601 3464 3651 3516 ei
3683 3478 3786 3533 ego

2206 3564 2484 3617 nunquam
2542 3548 2794 3604 assentiri
2848 3559 3057 3617 potero.
3108 3550 3215 3604 Nec
3246 3553 3379 3607 satis
3406 3553 3648 3623 intelligo
3687 3569 3785 3610 ea;

2205 3640 2384 3710 potius
2430 3641 2508 3694 sic
2549 3643 2933 3712 interpretatus
2976 3642 3068 3707 sit,
3103 3657 3121 3692 t
3160 3643 3364 3707 natiiio,
3405 3662 3424 3694 ι
3479 3661 3645 3714 quam
3675 3647 3785 3702 alf‘,

2205 3733 2396 3800 quovis
2436 3734 2616 3798 modo,
2645 3749 2766 3788 cum
2794 3750 2898 3789 vox
2930 3732 3168 3805 λυγηρός
3200 3733 3420 3786 minime
3443 3738 3688 3790 omnium
3714 3739 3786 3794 avi

2203 3824 2255 3877 id
2283 3825 2694 3892 signiﬁcandum
2723 3837 2843 3893 apta
2887 3842 3008 3882 esse
3058 3829 3322 3882 videatur.
3367 3825 3629 3895 Reperire
3652 3831 3782 3897 qui-

2202 3917 2325 3969 dem
2355 3924 2435 3968 est
2472 3915 2522 3965 in
2551 3913 2762 3968 Lexicis
2809 3932 2966 3970 voces
2995 3919 3134 3989 λυγή
3175 3932 3229 3976 et
3257 3920 3500 3988 λυγαῖος,
3543 3935 3720 3990 quaru
3742 3938 3784 3978 λη

2199 4005 2376 4074 prima
2411 4004 2657 4059 redditur
2701 4004 2888 4060 Latine
2923 4026 2941 4058 ι
2974 4009 3299 4075 obscur-itas,
3338 4031 3356 4063 ι
3399 4013 3570 4066 altera
3623 4030 3643 4063 ι
3680 4016 3782 4068 0|;-

2199 4110 2388 4150 scurus
2422 4115 2434 4149 :
2476 4115 2495 4148 »
2544 4096 2638 4152 sed
2673 4097 2799 4167 quid
2836 4096 2924 4151 his
2971 4113 3092 4152 cum
3164 4117 3183 4149 ι
3223 4102 3403 4153 nativo
3430 4122 3447 4152 ι
3488 4117 3781 4158 commune

2197 4203 2320 4242 esse
2348 4190 2540 4257 possit,
2589 4190 2824 4244 viderint
2856 4190 2990 4255 alii;
3036 4190 3086 4244 id
3117 4204 3201 4244 me
3250 4207 3354 4246 non
3395 4194 3579 4246 videre
3633 4193 3777 4249 bona

2197 4281 2302 4335 ﬁde
2338 4281 2529 4335 fateor.
2563 4281 2720 4338 Num.
2784 4283 2852 4336 7:
2903 4282 3041 4336 Ἀλλ’
3072 4284 3172 4338 οὐκ
3218 4286 3282 4338 ἐκ
3311 4286 3409 4356 τῆς
3445 4285 3651 4349 οἰκείας
3675 4287 3778 4355 φύ-

2198 4389 2353 4435 σεως,
2387 4374 2563 4425 sit-0w
2599 4377 2697 4443 τῆς
2724 4376 2916 4446 νοερᾶς
2965 4377 3169 4442 οὐσίας,
3230 4398 3246 4428 ι
3279 4378 3428 4434 Haud
3471 4390 3650 4433 tamen
3706 4394 3776 4432 ex

2194 4479 2289 4517 sua
2317 4467 2430 4533 ipsa
2471 4466 2670 4527 indole,
2698 4471 2749 4523 id
2777 4481 2860 4523 est
2882 4511 2896 4534 ,
2925 4487 3027 4539 qua
3060 4480 3215 4540 parte
3238 4473 3538 4527 substantia
3589 4484 3777 4527 mente

2121 4571 2164 4626 ι)
2194 4557 2415 4623 ρτωαίιο
2446 4565 2548 4609 est.
2594 4575 2612 4608 ι
2667 4556 2784 4613 Jam
2826 4561 2878 4615 in
2905 4563 3148 4615 oratione
3190 4563 3451 4624 secunda,
3489 4578 3639 4616 nmn.
3683 4564 3773 4622 14.

2196 4651 2506 4703 monuimus
2539 4648 2689 4715 illud,
2721 4643 2922 4717 έῑτουν,
2950 4666 2979 4704 a
3009 4650 3208 4705 Basilio
3235 4667 3340 4706 non
3367 4654 3636 4722 usurpari.
3675 4653 3778 4708 llic

2194 4743 2386 4795 addam
2420 4741 2556 4796 hanc
2589 4758 2774 4798 vocem
2806 4758 2908 4797 non
2937 4744 3177 4799 adhiberi
3204 4759 3419 4814 quoque
3451 4747 3518 4798 ab
3555 4745 3773 4799 idoneis

2192 4835 2505 4891 auctoribus
2547 4838 2643 4902 ita,
2673 4846 2732 4892 ut
2755 4836 2843 4893 hic
2878 4838 3168 4893 adhibetur
3207 4839 3274 4894 ab
3303 4839 3484 4906 ignoto
3508 4839 3599 4893 illo
3629 4841 3774 4894 scri-

2191 4936 2362 4995 ptore.
2400 4924 2494 4977 Est
2525 4928 2672 4981 enim
2703 4967 2717 4991 ,
2777 4938 2835 4982 ut
2875 4929 3046 4991 aiunt,
3091 4927 3282 4984 relatio
3329 4932 3573 4998 quzedam
3625 4930 3776 4984 inter

2193 5033 2354 5074 voces
2384 5019 2563 5074 εῐτουν
2597 5031 2650 5076 et
2679 5021 2811 5087 εἴτε,
2861 5037 2960 5076 nec
3014 5022 3150 5077 bene
3191 5039 3293 5077 una
3322 5025 3389 5077 ab
3421 5022 3588 5075 altera
3612 5038 3777 5092 sepa-

2193 5121 2363 5175 ratur,
2400 5111 2536 5166 adeo
2565 5122 2644 5174 ut,
2669 5112 2841 5180 inquit
2873 5111 3098 5168 Budaeus
3129 5113 3227 5184 (ὁ),
3269 5117 3443 5167 εῖτουν
3478 5130 3777 5184 προτακτι-

2189 5202 2284 5254 κόν
2314 5201 2382 5253 sit
2428 5204 2524 5256 τοῦ
2566 5204 2696 5259 εἴτε.
2745 5204 2932 5258 Finem
2981 5205 3195 5258 tandem
3256 5205 3338 5258 his
3380 5207 3521 5258 notis
3558 5207 3775 5260 criticis

2192 5292 2551 5357 imponemus,
2601 5292 2646 5346 si
2697 5293 2849 5360 prius
2893 5307 3056 5345 unum
3118 5291 3506 5360 adjecerimus,
3566 5296 3770 5348 harum

2185 5380 2493 5435 orationum
2519 5381 2809 5435 falsitatem
2833 5381 2953 5435 inde
2974 5383 3205 5445 ostendi,
3233 5383 3373 5436 unde
3404 5399 3591 5436 earum
3636 5399 3774 5453 γνη-

2185 5470 2367 5541 σιὸτης
2396 5474 2628 5525 maxime
2644 5481 2862 5541 putatur
2890 5473 3254 5540 comprobari.
3277 5473 3403 5527 Dico
3439 5475 3768 5528 immensam

2183 5562 2330 5614 illam
2372 5564 2644 5616 variarum
2686 5565 2973 5620 lectionum
3023 5566 3234 5627 silvam,
3263 5581 3368 5633 qua
3423 5563 3677 5632 impressi
3713 5574 3774 5618 et.

2187 5654 2538 5721 manuscripti
2568 5655 2687 5707 libri
2721 5658 2948 5711 miriﬁce
2988 5657 3131 5710 inter
3173 5671 3231 5712 se
3260 5657 3521 5712 dissident
3552 5669 3567 5707 :
3596 5670 3768 5726 quam

2255 5829 2325 5890 ib)
2367 5826 2497 5878 Bud.
2537 5842 2586 5893 p.
2616 5827 2734 5876 93!.
