4040 6442
1347 368 1410 425 D.
1450 368 1594 423 JUL.
1646 366 1976 423 GARNERII
2012 362 2400 420 ΡΒΑΞῈΑΤΙΟ.

3313 372 3522 413 CLXXXV

277 497 467 543 tamen
494 494 771 555 tantopere
790 486 961 549 jactat
986 484 1599 554 Combelisius,quaeque
1626 486 1676 539 in
1695 499 1854 539 causa
1886 489 1929 543 Α
1958 480 2329 550 accipiendam
2355 489 2474 532 esse
2496 474 2697 545 Moysis
2723 474 3085 530 narrationem
3109 481 3309 529 censet.
3330 472 3523 526 Mirum

276 582 381 633 fuit
411 596 509 634 cur
551 595 645 634 eas
673 582 737 633 de
768 580 975 649 integro
1006 578 1241 633 edendas
1288 587 1532 633 curaret.
1563 577 1697 631 Nam
1729 592 1850 631 vera

278 671 469 724 Basilii
498 686 661 738 opera
693 686 719 723 a
751 671 900 725 falsis
951 683 1058 724 non‘
1102 667 1268 723 semel
1318 670 1370 722 in
1402 683 1467 724 eo
1508 667 1727 722 diﬂ‘erre
1755 669 1852 721 ad—

278 763 611 826 notavimus,
641 762 781 829 quod
808 762 893 815 illa
924 760 1160 825 modice,
1218 760 1331 814 haec
1361 760 1645 813 immodice
1672 759 1853 813 lectio-

278 867 411 904 num
433 852 697 906 varietate
758 850 1054 914 luxurient,
1102 850 1259 919 quasi
1288 848 1504 903 reveriti
1533 848 1745 915 quidem
1770 862 1855 901 es-

276 948 404 993 sent
451 940 657 994 librarii
694 940 923 1010 genuina
954 952 1117 1004 opera
1156 938 1535 991 additamentis
1559 936 1855 989 autdelra-

289 1033 561 1086 ctionihus
584 1033 897 1098 depravare,
953 1027 1086 1082 lalsa
1112 1043 1240 1082 vero
1266 1028 1366 1082 sibi
1398 1027 1557 1081 licere
1580 1037 1856 1096 putassent

290 1137 390 1191 pro
416 1122 679 1175 arbitratu
720 1120 1006 1173 immutare
1031 1158 1046 1183 ,
1089 1118 1381 1187 corrigere,
1441 1126 1514 1183 et,
1546 1126 1605 1170 ut
1635 1117 1851 1182 libebat,

294 1215 624 1267 deformare.
647 1212 810 1281 Cujus
836 1211 913 1265 rei
942 1225 1064 1265 cum
1112 1211 1219 1265 sint
1245 1211 1494 1278 deinceps
1536 1208 1853 1278 proferenda

280 1306 531 1375 exempla
565 1303 732 1369 varia,
761 1302 849 1356 hic
882 1302 1155 1357 monuisse
1183 1300 1312 1353 satis
1342 1310 1442 1355 est.

279 1415 307 1486 ᾗ
336 1414 397 1469 ll.
421 1417 501 1470 An
533 1430 613 1468 res
640 1429 744 1467 uno
775 1424 1030 1466 momento
1059 1420 1249 1491 creatas
1278 1412 1403 1476 sint,
1433 1426 1502 1463 an
1534 1427 1627 1464 sea:
1650 1413 1854 1465 dierum

965 1490 1156 1548 spatio.

352 1574 441 1626 2|.
478 1570 833 1627 Promisimus
860 1586 1007 1624 num.
1042 1569 1130 1636 15,
1166 1571 1210 1623 si
1242 1570 1369 1639 quid
1404 1572 1457 1625 in
1490 1571 1727 1639 quolibet
1756 1572 1857 1625 Ba-

281 1664 388 1717 silii
420 1677 584 1731 opere
622 1672 808 1717 notatu
864 1661 1085 1729 dignum
1137 1662 1434 1727 videretur,
1482 1664 1551 1716 de
1576 1677 1639 1717 eo
1674 1678 1769 1716 nos
1802 1664 1853 1716 in

281 1752 597 1822 praefatione
623 1755 896 1822 aliquanto
926 1754 1235 1821 diligentius
1272 1753 1661 1821 disputaturos.
1690 1753 1854 1823 Igitur

282 1847 565 1915 promissis
596 1855 652 1899 ut
680 1855 905 1910 stemus,
942 1846 1218 1907 nonnulla,
1264 1854 1321 1898 ut
1351 1854 1658 1909 occurrent,
1686 1845 1854 1898 adno-
1883 1826 1927 1881 Β

282 1940 536 1991 tabimus.
571 1936 737 1991 Nemo
763 1939 934 1993 nescit
957 1940 1119 1993 verba
1146 1937 1233 1991 illa
1262 1936 1482 2007 Moysis,
1513 1937 1581 1993 In
1600 1941 1853 2007 principio

280 2033 402 2100 fecit
434 2032 570 2085 Deus
591 2032 777 2085 caelum
802 2042 851 2085 et
877 2045 1068 2084 terram
1089 2031 1129 2094 ί,
1168 2039 1277 2084 tum
1316 2033 1383 2086 ab
1412 2032 1652 2102 antiquis
1682 2042 1791 2087 tum
1822 2048 1852 2085 a

280 2125 673 2179 recentioribus
722 2126 869 2177 varie
914 2135 1133 2191 accepta
1184 2138 1324 2179 esse.
1378 2122 1631 2194 Plerique
1667 2140 1855 2179 omnes

279 2215 664 2269 existimarunt
716 2230 823 2277 res,
874 2215 948 2268 uti
999 2230 1027 2269 a
1069 2215 1252 2286 Moyse
1290 2226 1603 2282 narrantur,
1635 2216 1854 2271 ell‘ectas

279 2320 421 2367 esse,
454 2316 509 2358 et
550 2306 722 2372 reipsa
771 2320 867 2358 sex
906 2305 1112 2359 dierum
1161 2308 1337 2375 spatio
1382 2307 1552 2361 fuisse
1590 2308 1849 2361 conditas.

280 2397 390 2448 Nec
424 2394 755 2449 dilIitendnm
787 2396 898 2465 ipsa
932 2397 1131 2467 Moysis
1160 2398 1321 2451 verba
1356 2398 1478 2451 huic
1511 2398 1582 2450 illi
1613 2398 1851 2465 opinioni

280 2489 509 2541 multum
544 2488 745 2554 favere,
773 2506 895 2545 cum
930 2490 1240 2561 singillatim
1273 2500 1434 2559 atque
1465 2491 1655 2543 ordine
1684 2506 1850 2559 expo-

280 2589 441 2633 natur
472 2580 597 2649 quid
626 2582 868 2650 quolibet
893 2582 979 2637 die
1003 2581 1304 2637 confectum
1333 2583 1422 2637 sit.
1457 2580 1607 2636 Haud
1637 2582 1854 2638 defuere

281 2682 461 2727 tamen
504 2676 594 2741 qui
633 2676 788 2728 aliter
818 2676 1107 2739 senserint,
1142 2677 1244 2728 rati
1276 2677 1414 2730 hanc
1448 2678 1638 2745 agendi
1687 2678 1853 2731 ratio—

281 2780 400 2819 nem
432 2766 611 2833 opiﬁci
641 2768 1013 2833 potentissimo
1044 2768 1154 2820 Deo
1184 2784 1288 2821 non
1323 2770 1634 2832 convenire,
1684 2771 1772 2836 qui
1804 2769 1850 2823 si

280 2856 354 2908 ita
387 2871 447 2908 se
478 2859 733 2922 gessisset
769 2858 821 2911 in
875 2858 1166 2912 condendis
1201 2859 1379 2924 rebus,
1424 2875 1527 2912 non
1579 2873 1636 2912 ut
1684 2859 1849 2914 Deum

279 2947 459 3009 decet,
501 2947 597 3001 sed
644 2946 923 3002 hominum
979 2964 1130 3003 more
1172 2949 1391 3019 egisset.
1438 2948 1583 3003 Inter
1619 2963 1711 3004 eos
1757 2952 1849 3021 qui

279 3040 660 3094 existimavere
693 3056 779 3096 res
810 3042 965 3096 simul
996 3058 1098 3095 non
1129 3058 1223 3112 per
1251 3042 1395 3096 vices
1424 3052 1636 3098 creatas
1663 3042 1848 3107 fuisse,

1956 588 2063 626 non
2116 580 2200 625 est
2254 571 2305 623 in
2355 582 2475 623 eam
2529 568 2852 621 sententiam
2919 568 3079 621 ivisse
3140 566 3521 636 allegoriarum

1956 663 2386 718 amantissimum
2418 662 2591 715 virum
2619 661 2927 731 Origenem.
2957 661 3120 717 Vetus
3150 662 3237 716 ille
3264 661 3520 729 scriptor,

1955 764 2215 826 quantum
2246 751 2555 821 conjectura
2585 752 2834 821 augurari
2866 751 3017 817 licet,
3046 753 3100 805 in
3130 754 3238 805 suis
3270 752 3325 805 in
3356 748 3526 803 Cene—

1956 850 2054 901 sim
2082 845 2501 902 Commentariis
2530 859 2649 913 quae
2678 845 2939 898 hactenus
2968 845 3023 899 in
3056 845 3229 899 lucem
3259 859 3364 896 non
3400 855 3527 910 pro-

1956 940 2126 1004 diere,
2157 952 2221 992 ea
2257 938 2323 992 de
2357 951 2415 991 re
2450 936 2568 991 fuse
2593 936 2983 1005 disputaverat.
3010 935 3083 989 Ita
3113 936 3259 991 enim
3288 934 3525 1001 loquitur

1956 1031 2094 1085 libro
2128 1039 2283 1084 sexto
2310 1038 2492 1082 contra
2522 1026 2749 1091 Celsum,
2770 1043 2887 1096 pag.
2926 1027 3024 1080 51⁵1
3056 1044 3070 1079 ε
3101 1026 3260 1079 Κατὰ
3286 1025 3350 1078 τὸ
3371 1026 3526 1078 δυνα-

1957 1121 2049 1175 τὺν
2081 1123 2212 1192 ἡμῖν
2251 1122 2307 1173 ὲν
2339 1122 2453 1183 τοῖς
2480 1118 2983 1190 Πραγματευθεῖσιν
3024 1120 3110 1184 εἰς
3134 1118 3247 1187 τὴν
3272 1118 3527 1171 Γένεσιν

1959 1214 2280 1283 εἰρήκαμεν,
2310 1226 2327 1261 ι
2353 1210 2455 1265 Pro
2483 1212 2619 1265 virili
2652 1222 2836 1265 nostra
2870 1222 3025 1282 parte
3052 1211 3143 1283 [de
3172 1227 3347 1266 rerum
3374 1227 3528 1265 crea-

1959 1303 2137 1375 tione]
2183 1304 2416 1357 diximus
2461 1304 2513 1356 in
2558 1301 2974 1359 Commentariis
3015 1306 3069 1359 in
3110 1305 3353 1361 Genesin.
3380 1325 3399 1356 ι
3437 1305 3529 1361 Sic

1956 1397 2343 1467 prosequitur:
2373 1398 2482 1449 Καὶ
2524 1398 2582 1450 ἐν
2627 1399 2740 1461 τοῖς
2780 1397 3035 1466 ἀνωτέρω
3072 1398 3127 1449 δὲ
3174 1395 3528 1465 ἐγκαλοῦντες

1956 1490 2070 1551 τοῖς
2102 1487 2242 1541 κατὰ
2269 1488 2367 1558 τὴν
2400 1488 2819 1559 προχειροτέραν
2835 1487 3057 1557 ἐκδοχὴν
3081 1487 3283 1557 φήσασι
3306 1487 3528 1559 χρόνους

1956 1577 2015 1641 ἓξ
2047 1578 2268 1648 ἡμερῶν
2300 1578 2666 1647 διεληλυθέναι
2710 1580 2789 1641 εἰς
2816 1577 2913 1649 τὴν
2948 1579 3319 1647 κοσμοποιίαν,
3348 1597 3529 1651 παρα-

1954 1666 2216 1737 τιθέμεθα
2242 1669 2492 1736 τὸ,Αὖτη
2522 1670 2560 1735 ἠ
2588 1671 2806 1735 ,βίϐλος
2830 1669 3119 1739 γενέσεως
3140 1671 3396 1739 οὐρανοῦ
3429 1673 3528 1726 και

1955 1758 2069 1827 γῆς
2089 1757 2186 1811 ὅτε
2204 1759 2460 1828 ἐγένετο,
2492 1755 2533 1831 ᾖ
2559 1760 2749 1829 ἡμέρῃ
2772 1761 3061 1829 ἐποίησεν
3084 1765 3116 1816 ό
3141 1763 3283 1829 Θεὸς
3304 1762 3408 1816 τὸν
3425 1765 3528 1816 οὐ-

1948 1851 2142 1921 ρανὸν
2174 1852 2273 1905 καὶ
2300 1852 2416 1921 τὴν
2438 1850 2573 1922 γῆν.
2605 1871 2623 1904 ι
2656 1853 2793 1919 Quin
2823 1861 2877 1907 et
2910 1854 2962 1906 in
2997 1854 3365 1922 superioribus
3403 1856 3529 1909 dum

1958 1944 2480 2012 reprehenderemus
2516 1960 2608 2000 eos
2639 1945 2728 2014 qui
2762 1944 3053 1999 secundum
3086 1960 3307 1999 sensum
3351 1945 3526 2013 magis

1955 2037 2172 2092 obvium
2207 2038 2357 2090 aiunt
2388 2052 2483 2091 sex
2524 2036 2715 2091 diebus
2750 2036 3052 2091 absolutam
3085 2036 3266 2090 mundi
3292 2036 3528 2089 creatio-

1955 2144 2099 2195 nem,
2136 2127 2431 2195 objecimus
2464 2127 2631 2181 illud:
2661 2126 2763 2179 Hic
2787 2127 2921 2181 liber
2946 2128 3296 2197 generationis
3333 2128 3447 2180 ειειὶ
3479 2136 3526 2179 et

1954 2233 2130 2284 terrm,
2164 2234 2281 2271 cum
2312 2218 2454 2285 facta
2490 2229 2609 2272 sunt
2640 2234 2658 2273 :
2689 2236 2793 2289 qua
2827 2220 2910 2273 die
2946 2219 3069 2287 fecit
3096 2218 3233 2272 Deus
3264 2221 3449 2272 cmlnm
3479 2227 3526 2270 ct

1956 2318 2152 2361 terram
2172 2306 2253 2359 ³.»
2293 2305 2472 2361 Facile
2504 2316 2683 2362 autem
2722 2308 3044 2362 crediderim
3075 2308 3386 2378 Origenem,
3424 2307 3527 2359 viri

1953 2400 2096 2469 quod
2123 2409 2241 2454 erat
2274 2400 2325 2453 in
2356 2400 2641 2468 allegorias
2672 2400 2933 2465 studium,
2966 2398 3129 2454 multa
3162 2399 3265 2452 alia
3294 2400 3345 2453 in
3379 2412 3515 2453 eam-

1954 2492 2074 2547 dem
2120 2491 2440 2546 sententiam
2485 2490 2538 2544 in
2590 2490 2701 2544 suis
2746 2490 2899 2545 libris
2951 2491 3305 2560 inspersisse;
3357 2490 3448 2561 qui
3479 2491 3525 2545 si

1953 2592 2231 2637 exstarent
2259 2597 2467 2650 onmes,
2502 2596 2606 2635 non
2632 2579 2818 2635 dubito
2837 2581 2964 2651 quin
2990 2581 3251 2651 permulta
3279 2583 3526 2649 exempla

1954 2673 2200 2743 proferre
2244 2674 2449 2741 liceret,
2482 2675 2677 2743 quibus
2706 2674 2847 2741 quod
2894 2673 3014 2727 dico
3066 2673 3295 2727 mirilice
3325 2674 3524 2727 contir-

1954 2778 2197 2819 maretur
2230 2784 2242 2819 :
2276 2766 2367 2818 sed
2398 2780 2520 2819 cum
2555 2780 2740 2819 eorum
2790 2778 2915 2833 pars
2944 2766 3179 2817 maxima
3224 2764 3516 2828 interierit,

1954 2854 2315 2908 testimonium
2346 2854 2558 2908 unicum
2581 2868 2611 2909 e
2640 2854 2916 2908 notissimo
2934 2853 3003 2923 (c)
3025 2855 3141 2907 loco
3169 2853 3365 2907 addere
3385 2855 3519 2905 satis

1954 2944 2184 2998 habebo.
2235 2943 2331 2999 Est
2371 2952 2551 2998 autem
2598 2944 2858 3011 ejusmodi
2891 2961 2907 2998 :
2936 2944 3030 3007 Τίς
3074 2942 3201 3011 γοῦν
3238 2942 3362 2995 νοῦν
3388 2943 3525 3013 ἔχων

1953 3037 2194 3107 οἰήσεται
2235 3035 2457 3107 πρώτην
2504 3035 2597 3088 καὶ
2636 3035 2894 3106 δευτέραν
2935 3037 3028 3089 καὶ
3067 3036 3255 3105 τρίτην
3290 3034 3521 3104 ἡμέραν,

280 3131 489 3197 primus
524 3133 792 3185 recenseri
831 3143 1007 3199 potest
1039 3133 1188 3186 Philo
1218 3132 1316 3204 (ιι).
1368 3137 1518 3199 cujus
1568 3136 1681 3188 haec
1728 3145 1851 3188 sunt

1957 3128 2193 3196 ἑσπέραν
2224 3145 2283 3181 τε
2324 3133 2416 3181 καὶ
2459 3128 2671 3198 πρωῖαν
2716 3128 2887 3198 χωρὶς
2921 3128 3073 3199 ἡλίου
3105 3126 3402 3195 γεγονέναι,
3431 3131 3523 3178 καὶ

279 3221 442 3272 verba
474 3238 486 3271 :
520 3222 652 3273 Τότε
692 3223 793 3290 μὲν
821 3218 911 3275 οὖν
942 3224 1059 3293 ἅμα
1081 3225 1255 3277 πάντα
1278 3226 1579 3277 συνίστατο.
1600 3226 1855 3279 Συνιστα-

282 3313 461 3380 μένων
510 3313 575 3365 δι’
630 3314 764 3383 ὁμοῦ
812 3316 1047 3376 πάντων,
1097 3318 1130 3389 ἡ
1174 3317 1325 3382 τάξις
1384 3318 1666 3387 ἀναγκαίῳ
1712 3318 1854 3388 λόγῳ

278 3406 649 3475 ὑπεγράφετο,
686 3407 774 3460 διὰ
808 3410 906 3481 τὴν
938 3410 1200 3481 ἐσομένην
1226 3406 1381 3475 αὖθις
1407 3411 1466 3476 ἐξ
1494 3411 1737 3482 ἀλλήλων
1764 3412 1855 3480 γέ-

279 3514 448 3551 νεσιν.
472 3497 651 3553 «Tunc
685 3502 845 3568 igitur
883 3505 1061 3556 omnia
1101 3504 1261 3557 simul
1308 3513 1435 3557 sunt
1459 3506 1699 3561 condita.
1737 3505 1851 3559 Etsi

279 3600 462 3641 autem
496 3590 674 3641 omnia
707 3591 864 3643 simul
896 3592 1237 3656 constabant,
1269 3595 1399 3647 ordo
1436 3603 1614 3647 tamen
1661 3608 1850 3648 neces-

281 3676 428 3727 sario
467 3676 771 3745 descriptus
796 3691 902 3744 est,
928 3691 1143 3748 propter
1174 3691 1416 3736 mutuam
1444 3697 1563 3752 qure
1598 3684 1852 3753 deinceps

282 3766 461 3819 futura
495 3777 635 3833 erat,
670 3785 736 3823 ex
793 3786 912 3826 sese
958 3775 1420 3843 propagationem.
1449 3794 1467 3827 ι
1517 3773 1629 3829 Nec
1678 3777 1850 3829 solum

280 3858 587 3913 doctrinam
635 3862 879 3915 eamdem
925 3864 1086 3916 tradit
1138 3862 1243 3917 alio
1277 3863 1413 3929 loco,
1444 3864 1537 3918 sed
1566 3878 1658 3917 eos
1687 3863 1849 3916 etiam

280 3948 369 4013 qui
406 3962 564 4002 secus
597 3954 855 4015 sentiunt,
890 3954 1130 4007 stultitia:
1175 3969 1432 4009 accusare
1481 3968 1583 4007 non
1614 3951 1845 4007 dubitat.

279 4036 453 4105 lp>uln
469 4040 852 4112 audiamus.(b)
868 4042 1071 4113 Εῠηοες
1087 4044 1226 4096 πάνυ
1239 4046 1299 4096 τὸ
1310 4044 1513 4097 οἴεσθαι
1527 4042 1847 4115 ἐξήμέραις,

278 4128 310 4196 ἢ
354 4128 579 4181 καθόλου
622 4132 799 4202 χρόνῳ
834 4135 1033 4206 κόσμον
1070 4136 1371 4203 γεγονέναι,
1405 4136 1535 4189 διότι
1574 4136 1791 4207 σύμπας
1822 4137 1850 4187 ὁ

279 4221 483 4289 κόσμος
506 4222 727 4293 ἡμερῶν
750 4226 842 4275 καὶ
863 4228 1069 4281 νυκτῶν
1088 4231 1203 4281 ἐστι
1225 4226 1496 4297 διάστημα
1512 4244 1525 4255 ·
1556 4228 1651 4279 καὶ
1678 4228 1851 4281 ταῦτα

276 4312 430 4380 ἡλίου
460 4314 672 4384 κίνησις
695 4314 832 4387 ὑπὲρ
852 4317 953 4386 γῆν
976 4319 1067 4369 καὶ
1089 4320 1191 4372 ὑπὸ
1212 4322 1313 4389 γῆν
1338 4319 1504 4381 ἰόντος
1524 4317 1583 4382 ἐξ
1604 4319 1849 4388 ἀνάγκης

274 4402 553 4459 ἀποτελεῖ.
593 4424 612 4457 ι
642 4405 802 4461 Plane
833 4410 1058 4461 stultum
1100 4420 1183 4461 est
1220 4409 1473 4462 arbitrari
1506 4422 1598 4461 sex
1636 4408 1846 4471 diebus,

1959 3219 2208 3289 σελήνης,
2232 3220 2325 3271 καὶ
2348 3221 2561 3289 ἄστρων
2582 3237 2595 3283 ;
2624 3220 2721 3289 τὴν
2742 3220 2797 3272 δὲ
2820 3220 2981 3273 οἱονεὶ
2999 3217 3218 3291 πρώτην
3242 3219 3335 3273 καὶ
3358 3218 3525 3290 χωρὶς

1955 3311 2219 3384 οὐρανοῦ;
2259 3312 2433 3379 «Quis
2479 3312 2641 3383 igitur
2689 3311 2882 3366 mentis
2934 3326 3152 3379 compos
3190 3309 3526 3364 existimabit

1956 3406 2187 3476 primam
2218 3415 2272 3459 et
2308 3406 2596 3460 secundam
2630 3414 2685 3459 et
2718 3404 2927 3457 tertiam
2961 3402 3124 3465 diem,
3155 3410 3209 3456 et
3242 3414 3523 3470 vesperam

1955 3506 2010 3550 et
2034 3511 2191 3549 mane
2220 3497 2334 3550 sine
2368 3496 2506 3559 sole,
2539 3495 2685 3555 luna,
2719 3506 2771 3547 et
2804 3493 3009 3549 stellis?
3037 3501 3089 3547 et
3117 3492 3344 3562 primam
3372 3492 3519 3545 illam

1954 3588 2115 3642 etiam
2152 3587 2272 3641 sine
2318 3586 2458 3641 caelo
2498 3585 2700 3640 fuisse?
2726 3605 2742 3635 ι
2786 3587 2967 3640 Potest
2998 3601 3117 3639 cum
3148 3586 3229 3638 bis
3260 3600 3521 3638 annume-

1957 3680 2061 3732 rari
2112 3680 2407 3734 acerrimus
2460 3677 2737 3733 catholieze
2789 3677 2908 3731 fidei
2970 3676 3222 3731 defensor
3275 3678 3517 3732 Albana-

1954 3770 2065 3823 sius
2092 3767 2193 3839 (ά),
2245 3768 2335 3835 qui
2384 3783 2505 3823 cum
2543 3768 2682 3822 inter
2716 3767 2817 3820 alia
2868 3766 3160 3836 Scriptura:
3212 3767 3518 3821 testimonia

1953 3862 2173 3917 citasset
2226 3860 2402 3915 locum
2462 3860 2611 3915 illum
2666 3858 3107 3922 Proverbiorum,
3165 3860 3297 3911 Ante
3339 3874 3515 3911 omnes

1952 3952 2109 4005 colles
2152 3954 2314 4020 gignit
2363 3951 2495 4017 me‘,
2533 3952 2610 4006 sic
2641 3952 2814 4020 pergit
2845 3968 2860 4003 :
2893 3952 3004 4004 Καὶ
3049 3951 3158 4022 γὰρ
3199 3952 3290 4004 καὶ
3321 3949 3513 4017 λέγων,

1950 4042 2071 4112 Πρὸ
2100 4042 2338 4096 πάντων
2363 4040 2547 4111 γεννᾷ
2560 4059 2654 4110 με,
2686 4042 2842 4095 ἄλλον
2874 4043 3062 4095 ἑαυτὸν
3092 4039 3227 4094 εἶναι
3256 4042 3361 4095 τῶν
3385 4042 3513 4095 πάν-

1950 4152 2059 4187 των
2088 4134 2358 4205 σημαίνει,
2393 4131 2641 4204 δειξάσης
2669 4133 2726 4185 ὲν
2749 4135 2860 4195 τοῖς
2893 4133 2997 4203 πρὸ
3028 4133 3231 4186 τούτων
3260 4134 3357 4205 τῆς
3388 4134 3517 4202 ἀλη-

1952 4224 2119 4289 Θείας,
2139 4228 2327 4298 ὅτιπερ
2352 4226 2460 4280 τῶν
2484 4227 2794 4296 κτισμάτων
2820 4226 2969 4279 οὐδὲν
3000 4226 3185 4298 ἕτερον
3210 4225 3303 4277 τοῦ
3331 4226 3515 4296 ἐτέρου

1950 4317 2296 4387 προγέγονεν,
2328 4318 2461 4371 ἀλλὰ
2490 4318 2699 4385 ἀθρόως
2731 4318 2845 4387 ἆμα
2878 4318 3054 4370 πάντα
3086 4318 3153 4369 τὰ
3178 4316 3410 4387 γεννητὰ
3438 4318 3517 4371 ἑνὶ

1950 4410 2043 4462 καὶ
2084 4411 2162 4480 τῷ
2204 4411 2351 4481 αὐτῷ
2401 4410 2778 4481 προστάγματι
2827 4411 3054 4481 ὑπέστη.
3090 4428 3109 4463 ι
3156 4410 3393 4478 Namque
3434 4411 3517 4464 di-

277 4503 375 4545 aut
420 4498 643 4550 omnino
692 4499 744 4552 in
794 4508 1034 4567 tempore
1086 4500 1339 4552 mundum
1396 4500 1593 4553 factum
1654 4497 1842 4566 fuisse,
1877 4497 1921 4550 D
1953 4502 2141 4563 cendo,
2193 4503 2325 4555 Ante
2372 4518 2545 4554 omnes
2600 4519 2717 4555 vero
2763 4502 2931 4572 gignit
2983 4519 3087 4567 me,
3136 4515 3195 4554 se
3234 4499 3395 4552 alium
3445 4497 3514 4551 ab

275 4591 566 4653 propterea
609 4590 750 4654 quod
800 4590 1033 4645 mundus
1064 4598 1205 4645 totus
1250 4589 1591 4643 intervallum
1620 4598 1703 4641 est
1732 4587 1847 4641 die-

280 4691 398 4727 rum
434 4690 495 4728 ac
523 4678 778 4731 noctium.
812 4678 991 4747 Atque
1023 4681 1151 4735 solis
1186 4695 1347 4749 super
1381 4690 1580 4735 terram
1615 4689 1668 4735 et
1701 4679 1841 4735 intra

277 4776 480 4821 terram
530 4769 709 4823 euntis
754 4780 928 4823 motus
973 4773 1275 4827 necessario
1319 4771 1435 4825 haec
1471 4770 1692 4826 eﬂicit.»
1729 4769 1845 4835 Quo

278 4868 461 4911 autem
503 4874 664 4915 sensu
714 4863 875 4917 verba
928 4862 1122 4933 Moysis
1179 4867 1519 4932 interpretari
1576 4875 1841 4933 oporteat,

276 4950 463 5003 statim
514 4953 701 5007 edocet
748 4956 885 5023 ipse,
934 4972 1055 5009 cum
1102 4958 1666 5012 οιίιιὶιεΣυνετέλεσεν
1707 4957 1842 5029 ἕκτῃ

276 5043 461 5113 ἡμέρᾳ
491 5042 557 5097 τὰ
589 5042 743 5115 ἔργα,
778 5050 993 5118 νοητέον
1020 5050 1100 5101 ὃτι
1148 5052 1209 5101 οὐ
1254 5051 1450 5122 πλῆθος
1484 5051 1704 5122 ἡμερῶν
1732 5068 1840 5102 ata-

276 5136 635 5206 ραλαμϐάνει,
664 5138 865 5194 τέλειον
896 5143 951 5195 δὲ
978 5142 1207 5214 ἀριθμὸν
1229 5145 1320 5197 τὸν
1343 5143 1421 5208 ἓξ.
1456 5162 1474 5195 ι
1505 5142 1685 5213 Itaque
1719 5158 1837 5196 cum

272 5229 407 5282 dicit
442 5248 456 5284 :
492 5228 776 5300 Complet-it
826 5237 909 5287 die
958 5245 1104 5290 sexto
1147 5252 1301 5305 opera
1324 5238 1365 5301 ³,
1406 5235 1701 5304 intelligere
1738 5250 1839 5288 non

272 5319 441 5373 debes
472 5322 538 5374 de
581 5323 789 5377 dierum
840 5339 1085 5392 numero,
1137 5328 1231 5381 sed
1266 5327 1331 5380 de
1363 5327 1575 5382 senario
1604 5324 1845 5393 perfecto

275 5427 567 5465 numero.»
627 5414 811 5487 itaque
863 5432 959 5486 per
996 5418 1307 5488 allegoriam
1358 5436 1464 5474 non
1510 5420 1575 5473 ad
1619 5423 1839 5476 verbum

346 5571 527 5626 ‘Gen.
580 5590 619 5636 ι.
672 5576 718 5627 l.
800 5576 975 5632 'Gen.
1018 5596 1077 5637 tt.
1129 5580 1181 5633 2.
1262 5581 1282 5612 ³
1323 5581 1448 5637 ibid.
1495 5581 1546 5634 9.

346 5709 423 5786 (It)
454 5707 615 5786 _P_l_tiln
638 5711 712 5786 De
733 5716 912 5786 mundi
932 5716 1078 5783 0125f,
1106 5734 1158 5786 ῃ.
1196 5719 1276 5772 Η.

346 5783 421 5836 (bi
452 5778 569 5831 Lib.
606 5798 617 5833 l
648 5783 815 5842 Allcq.
847 5778 1019 5837 initio.

800 5576 975 5632 'Cen.
1018 5596 1077 5645 tt,
1129 5580 1181 5633 2.

1950 4591 2199 4645 omnibus
2233 4605 2354 4644 esse
2383 4590 2643 4657 declarat,
2668 4608 2790 4646 cum
2821 4608 2885 4646 ex
2918 4606 3077 4661 supra
3111 4589 3271 4644 dictis
3303 4598 3513 4643 constet

1952 4684 2148 4735 nullam
2181 4698 2211 4735 e
2241 4684 2401 4737 rebus
2431 4685 2628 4737 creatis
2658 4684 2805 4750 prius
2833 4682 3000 4735 altera
3032 4680 3229 4734 factam
3256 4693 3395 4741 esse,
3421 4679 3513 4731 sed

1952 4790 2037 4826 res
2088 4788 2277 4827 omnes
2332 4773 2503 4828 factas
2552 4790 2658 4827 uno
2711 4773 3009 4841 eodemque
3056 4771 3308 4825 mandato
3354 4770 3512 4823 simul

1948 4865 2235 4919 exstitisse.
2262 4886 2280 4917 ι
2314 4866 2607 4935 Gregorius
2628 4864 2898 4934 Nyssenns
2927 4866 2998 4919 ita
3025 4864 3306 4933 perspicue
3331 4861 3511 4929 loqui-

1952 4970 2057 5025 tur,
2095 4969 2150 5013 ιιι
2175 4959 2407 5014 dubitari
2445 4974 2550 5011 non
2584 4959 2752 5027 possit
2778 4958 2903 5025 quin
2937 4957 3007 5009 sit
3030 4954 3336 5023 opinionem
3362 4966 3512 5004 eam-

1949 5054 2069 5107 dem
2093 5052 2391 5121 amplexus.
2412 5051 2539 5120 Ejus
2564 5051 2723 5105 verba
2752 5048 3057 5102 exscribere
3078 5059 3253 5115 operat
3275 5043 3508 5114 pretium

1946 5156 2026 5197 est
2054 5160 2083 5198 e
2116 5143 2205 5197 lib.
2227 5145 2280 5197 in
2305 5142 2580 5205 Ηεχοεηιη
2606 5158 2725 5211 pag.
2748 5140 2809 5193 7:
2843 5139 2950 5192 Καὶ
2974 5139 3092 5192 ἀντὶ
3112 5136 3206 5191 τοῦ
3230 5138 3403 5188 εἰπεῖν
3426 5134 3506 5185 ὅτι

1946 5236 2155 5307 ἀθρόως
2187 5236 2362 5289 πάντα
2392 5235 2459 5288 τὰ
2484 5235 2611 5289 ὄντα
2639 5236 2667 5285 ὸ
2696 5232 2826 5296 Θεὸς
2857 5233 3129 5303 ἐποίησεν,
3155 5226 3304 5282 εἶπεν
3336 5234 3393 5281 εν
3416 5245 3506 5280 κε-

1948 5328 2177 5397 φαλαίῳ,
2206 5328 2323 5397 ἦτοι
2354 5328 2411 5379 ὲν
2443 5327 2583 5395 ἀρχῇ
2617 5322 2977 5393 πεποιηκέναι
3016 5322 3105 5375 τὸν
3130 5318 3259 5372 Θεὸν
3288 5318 3377 5371 τὸν
3410 5319 3502 5369 οὺ-

1949 5418 2105 5491 ρανὸν
2136 5419 2227 5471 καὶ
2258 5418 2356 5485 τὴν
2388 5417 2508 5487 γῆν.
2544 5414 2658 5469 Μία
2689 5414 2743 5466 δὲ
2779 5413 2885 5469 τῶν
2914 5412 3024 5465 δύω
3057 5410 3248 5479 φωνῶν
3268 5413 3303 5483 ἡ
3328 5425 3503 5479 σημα-

1629 5582 1649 5612 ⁸
1675 5581 1829 5636 Prov.
1860 5596 1976 5645 vm,
2012 5579 2098 5634 25.

2024 5718 2094 5783 (c)
2134 5716 2337 5770 Philoc.
2376 5731 2424 5767 c.
2462 5717 2514 5777 1,
2551 5732 2602 5782 ιι.
2638 5716 2721 5768 ιε.

2025 5795 2099 5854 (Α)
2139 5788 2286 5841 Orat.
2316 5786 2350 5837 2
2378 5800 2555 5838 contra
2586 5784 2702 5851 An,
2732 5799 2876 5838 num.
2915 5783 2993 5837 16.
