4040 6492
481 389 712 434 cui!“

1849 384 2384 441 PBOLEGOMENA.

483 502 596 553 σια,
628 489 730 559 τῆς
754 506 814 541 τε
844 488 1018 560 ἀρχῆς
1059 490 1154 542 καὶ
1197 490 1287 543 τοῦ
1320 492 1634 561 κεφαλαίου.
1672 494 1933 563 Δηλοῦται
1955 498 2063 569 γὰρ

2184 514 2357 552 tarare
2384 508 2438 552 et
2487 498 2782 568 intelligere
2821 500 2977 570 longe
3020 500 3285 557 difﬁcilius
3330 515 3559 574 poterat.
3590 506 3729 563 item

482 585 680 653 ἐπίσης
718 584 786 635 δι’
826 583 1100 654 ἑκατέρων
1145 584 1206 636 τὸ
1242 583 1434 654 ἁθρόον
1457 602 1470 614 ·
1507 587 1563 636 ὲν
1594 586 1692 655 μὲν
1720 587 1829 659 γὰρ
1860 590 1937 660 τῷ
1966 608 2055 644 κε-

482 674 693 743 φαλαίῳ
715 673 775 726 τὺ
800 673 1102 745 συλλήϐδην
1131 674 1199 727 τὰ
1228 676 1406 730 πάντα
1436 678 1762 749 γεγενῆσθαι
1793 682 2058 752 παρίστη-

486 784 537 818 σι
561 783 575 797 ·
625 766 714 819 διὰ
757 766 814 818 δὲ
867 767 967 836 τῆς
1015 765 1188 836 ἀρχῆς
1228 766 1483 838 δηλοῦται
1523 769 1582 821 τὸ
1633 771 1840 843 ἀκαρές
1879 790 1939 825 τε
1967 774 2060 826 καὶ

483 857 823 912 ἀδιάστατον.
881 857 985 911 «Et
1030 874 1127 927 pro
1176 874 1264 923 eo,
1309 870 1368 912 ut
1409 861 1634 923 diceret,
1669 864 1828 917 simul
1878 868 2058 920 omnia

483 947 654 1003 Deum
684 947 897 1013 fecisse,
926 949 1061 1002 dixit
1104 948 1266 1003 Deum
1304 951 1355 1003 iu
1393 967 1606 1005 summa
1638 953 1833 1009 fecisse
1859 957 2057 1010 caelum

483 1050 538 1095 et
569 1052 789 1095 terram.
821 1039 1114 1109 Utriusque
1146 1052 1323 1095 autem
1355 1044 1525 1108 vocis,
1555 1045 1807 1115 principii
1838 1055 1892 1100 et
1916 1063 2059 1107 sum-

484 1149 607 1190 mae.
654 1148 757 1185 una
804 1133 1128 1202 significatio
1162 1145 1265 1189 est.
1314 1134 1553 1203 Utraque
1598 1136 1741 1190 enim
1781 1152 1932 1206 teque
1964 1139 2053 1192 de-

486 1224 653 1277 clarat
684 1224 861 1277 simul.
914 1224 1091 1290 Quare
1144 1240 1237 1293 per
1285 1241 1554 1279 summam
1599 1229 1837 1281 ostendit
1878 1230 2057 1283 omnia

482 1316 648 1368 simul
694 1331 813 1369 esse
866 1325 1146 1385 procreata
1187 1327 1286 1371 :et
1336 1332 1433 1386 per
1491 1319 1814 1387 principium
1866 1331 2059 1374 cuncta

486 1415 768 1460 momento
804 1415 858 1460 et
901 1406 1017 1460 sine
1048 1407 1157 1461 ullo
1200 1408 1457 1475 temporis
1498 1409 1674 1475 spatio
1721 1409 1864 1462 facta
1897 1410 2063 1465 fuisse

487 1495 821 1567 significat.»
875 1494 1033 1551 Plura
1092 1497 1183 1568 qui
1239 1498 1407 1565 cupit,
1458 1498 1603 1567 legat
1646 1499 1889 1569 ejusdem
1939 1500 2063 1557 libri

485 1590 741 1661 paginam
772 1590 1163 1655 duodecimam,
1190 1590 1277 1644 ubi
1296 1589 1591 1660 Gregorius
1616 1606 1767 1645 suam
1799 1592 1913 1661 ipse
1937 1607 2061 1647 sen-

490 1681 715 1735 tentiam
762 1679 989 1744 stabilit,
1024 1688 1078 1734 et
1106 1695 1227 1734 eum
1277 1682 1450 1750 ipsum
1482 1697 1641 1751 quem
1673 1684 2063 1753 exscripsimus

489 1771 666 1827 locum
711 1770 860 1827 citat.
889 1771 1037 1825 Nihil
1071 1787 1206 1840 opus
1238 1781 1319 1825 est
1353 1773 1419 1826 de
1454 1774 1737 1842 Augustini
1784 1777 2059 1843 opinione,

491 1877 614 1917 cum
644 1877 767 1917 uota
791 1871 882 1927 sit,
906 1864 1193 1917 disserere.
1224 1864 1329 1919 Sed
1361 1865 1489 1933 quid
1513 1864 1891 1937 Basilius(ejus
1917 1868 2061 1923 enim
2099 1847 2138 1901 Β

494 1968 657 2009 causa
690 1955 802 2008 hazc
827 1964 1078 2024 suscepta
1101 1965 1157 2009 et
1182 1956 1425 2009 instituta
1454 1958 1747 2025 disputatio
1774 1961 1876 2027 est)
1905 1975 1969 2013 ea
1996 1963 2062 2016 de

493 2059 555 2099 re
582 2046 832 2108 senserit,
862 2045 1076 2099 silentio
1116 2047 1394 2114 praeterire
1424 2046 1505 2101 fas
1542 2064 1645 2102 non
1673 2058 1776 2103 est.
1822 2051 2059 2104 Dixerim

493 2135 659 2207 igitur
684 2136 965 2194 Athanasii
1006 2136 1313 2206 opinionem
1346 2147 1400 2191 et
1429 2137 1658 2192 aliorum
1702 2140 1835 2193 satis
1865 2139 2065 2196 Basilio

492 2227 716 2295 probari
761 2227 859 2297 (ιι),
911 2228 1020 2282 imo
1064 2242 1194 2282 vero
1235 2228 1431 2296 ipsam,
1480 2238 1740 2297 quantum
1797 2230 2067 2297 conjicere

501 2321 653 2380 licet,
688 2319 738 2374 ei
769 2319 873 2374 alia
914 2319 1085 2374 videri
1122 2317 1561 2388 probabiliorem.
1594 2319 1705 2386 Qua
1734 2320 1799 2373 de
1826 2336 1884 2376 re
1914 2320 2067 2375 dubi-

498 2418 733 2466 laturum
764 2420 892 2479 puto
921 2411 1219 2477 neminem,
1258 2412 1349 2479 qui
1399 2428 1580 2466 secum
1619 2412 1779 2481 paulo
1808 2415 2067 2469 attentius

497 2505 825 2571 reputaverit
856 2504 980 2557 illud
1010 2504 1191 2558 Basilii
1217 2519 1233 2558 :
1256 2506 1430 2577 Ὅπερ
1454 2507 1631 2578 ἕτεροι
1663 2507 1772 2560 τῶν
1797 2508 2068 2579 ἑρμηνευ-

496 2592 631 2657 τῶν,
659 2596 990 2666 σαφέστερον
1018 2596 1107 2649 τὸν
1134 2597 1258 2649 νοῦν
1290 2597 1606 2662 ἐκδιδόντες,
1635 2600 1940 2668 εἰρήκασιν,
1982 2600 2070 2652 Ἑν

498 2687 779 2757 κεφαλαίῳ
812 2689 1064 2757 ἐποίησεν
1094 2690 1121 2739 ὁ
1153 2688 1304 2751 Θεὸς,
1336 2689 1630 2755 τουτέστιν,
1652 2690 1863 2760 ἀθρόως
1893 2690 1987 2744 καὶ⁹
2011 2693 2068 2744 ὲν

500 2779 688 2851 ὀλίγῳ,
743 2780 935 2847 «Quod
988 2780 1162 2849 ipsum
1211 2781 1535 2848 interpretes
1584 2781 1695 2847 alii,
1746 2785 2077 2837 sententiam

501 2873 786 2927 dilucidius
828 2871 1134 2934 reddentes,
1208 2870 1466 2926 dixerunt
1520 2869 1583 2925 in
1659 2874 1898 2941 capitulo
1942 2875 2073 2929 fecit

501 2963 668 3025 Deus,
722 2967 828 3020 hoc
890 2973 1013 3026 est,
1071 2962 1357 3016 confestim
1398 2971 1453 3017 et
1494 2961 1548 3016 in
1588 2962 1759 3016 brevi.
1792 2983 1809 3014 ι
1849 2964 2079 3021 Basilius

502 3055 646 3108 enim
681 3063 733 3108 et
767 3054 893 3109 dum
940 3054 1441 3124 interpretationem
1474 3068 1690 3119 eorum,
1735 3056 1824 3123 qui
1868 3066 2079 3109 vertere

504 3148 563 3199 iv
594 3146 891 3217 κεφαλαίῳ,
935 3146 1116 3201 laudat
1148 3148 1223 3200 uti
1254 3146 1648 3211 dilucidiorem,
1689 3156 1741 3200 et
1771 3147 1896 3200 dum
1928 3146 2075 3209 illud,

506 3238 566 3289 ὲν
592 3236 890 3306 κεφαλαίῳ,
916 3238 995 3295 sic
1024 3238 1191 3305 accipi
1225 3236 1340 3290 vult
1368 3246 1428 3290 ut
1458 3238 1726 3305 significet
1757 3255 1774 3289 ι
1795 3238 2078 3293 confestim

504 3339 562 3382 et
621 3328 674 3381 in
715 3328 902 3395 brevi,
934 3346 950 3379 ο
1006 3334 1211 3397 aperte,
1260 3326 1476 3396 opinor,
1527 3327 1729 3381 indicat
1770 3342 1830 3382 se
1870 3343 1973 3383 non
2005 3329 2078 3384 ita

504 3422 735 3476 multum
780 3422 853 3475 ab
887 3421 1134 3493 Origeois
1171 3420 1425 3489 opinione
1472 3420 1784 3474 abhorrere.
1827 3421 2079 3476 Attamen

505 3511 592 3564 vir
630 3510 1081 3579 prudentissimus
1121 3511 1254 3565 nihil
1296 3510 1350 3563 in
1399 3525 1459 3565 re
1501 3509 1659 3564 dubia
1705 3521 2083 3564 asseveranter

509 3602 712 3657 dictum
739 3602 931 3668 voluit,
978 3602 1070 3657 sed
1112 3601 1283 3655 tutius
1315 3600 1467 3654 duxit
1515 3603 1883 3656 assensionem
1928 3602 2079 3656 cohi-

507 3693 659 3748 bere.
706 3694 796 3749 Sic
843 3704 1026 3748 autem
1076 3709 1137 3748 se
1189 3693 1304 3762 ipse
1344 3690 1584 3761 explicat
1635 3692 1911 3759 aliquanto
1953 3702 2081 3745 ante

509 3789 697 3842 eodem
733 3803 857 3842 num
892 3806 909 3842 :
942 3789 1012 3840 Ἢ
1048 3788 1188 3857 τάχα
1208 3785 1297 3839 διὰ
1336 3784 1400 3837 τὸ
1428 3787 1714 3855 ἀκαριαῖον
1743 3784 1835 3837 καὶ
1860 3783 2085 3852 ἄχρονον

511 3880 608 3949 τῆς
663 3879 1021 3950 δημιουργίας
1069 3880 1279 3948 εἴρηται
1322 3875 1404 3940 τὸ,
1476 3876 1577 3929 Ἐν
1597 3874 1754 3945 ἀρχῇ
1774 3875 2082 3941 ἐποίησεν,

512 3971 699 4041 ἐπειδὴ
729 3973 931 4042 ἀμερές
960 3989 1009 4023 τι
1041 3971 1134 4024 xa‘t
1174 3970 1495 4024 ἀδιάστατον
1520 3971 1553 4038 ἡ
1580 3970 1744 4039 ἀρχή,
1798 3988 1816 4019 ι
1848 3971 1953 4022 Aut
1977 3969 2086 4021 for-

515 4069 657 4115 tasse
685 4062 806 4129 quia
829 4060 1101 4128 opiﬁcium
1127 4058 1257 4113 illud
1293 4058 1346 4113 in
1376 4068 1647 4114 momento
1678 4069 1730 4113 et
1762 4058 1894 4112 citra
1922 4056 2084 4109 ullam

513 4156 772 4221 temporis
808 4170 1012 4208 moram
1053 4153 1360 4208 absolutum
1388 4163 1496 4217 est,
1528 4154 1645 4207 ideo
1688 4152 1891 4206 dictum
1944 4149 2081 4203 fuit:

514 4246 585 4300 In
635 4247 892 4312 principio
943 4245 1127 4313 fecit“,
1174 4245 1606 4313 quandoquidem
1648 4242 1970 4312 principium
2004 4249 2089 4294 est

517 4336 769 4403 quiddam
808 4337 1100 4393 insecabile
1135 4354 1199 4394 ac
1240 4336 1591 4393 dimensionis
1627 4348 1842 4404 expers.
1876 4352 1894 4384 ›
1932 4332 2089 4387 Basi-

516 4428 648 4485 lium
672 4445 737 4484 ex
758 4444 906 4485 more
939 4442 1159 4486 secutus
1182 4430 1519 4494 Ambrosius,
1544 4428 1731 4481 eadem
1766 4426 1929 4480 tradit
1955 4426 2049 4481 lib.
2072 4442 2089 4479 ι

518 4524 574 4576 in
605 4521 889 4586 Hexaem,
919 4540 1074 4577 num.
1112 4522 1198 4576 l6.

802 4613 831 4684 ᾗ
860 4613 944 4668 lll.
995 4614 1069 4668 De
1089 4615 1229 4669 dicto
1254 4615 1480 4685 quodam
1512 4612 1814 4680 Augustini.

592 4704 681 4759 22.
713 4703 890 4773 Quaeri
946 4716 1119 4775 potest
1166 4708 1231 4761 ab
1287 4716 1409 4759 utro
1453 4703 1785 4771 Augustinus
1827 4708 2102 4755 mutuatus

526 4796 597 4848 sit
629 4812 689 4849 ea
718 4812 837 4865 qua:
870 4797 937 4850 de
976 4802 1135 4851 docto
1179 4797 1408 4864 quodam
1452 4793 1589 4864 Syro
1641 4792 1810 4846 refert
1850 4792 1942 4846 lib.
1980 4806 1997 4844 1
2028 4788 2104 4843 De

528 4884 714 4941 Genesi
746 4889 815 4941 ad
849 4888 954 4952 tiu,
996 4904 1145 4943 num.
1175 4886 1264 4951 ‘56,
1312 4898 1491 4941 utrum
1524 4885 1591 4939 ab
1618 4884 1940 4951 Ambrosio,
1972 4898 2040 4937 an
2070 4896 2101 4935 a

527 4979 749 5036 Basilio.
772 4979 978 5036 Idcirco
999 4992 1176 5035 autem
1198 4982 1337 5034 hanc
1357 4980 1711 5047 quaestionem
1732 4978 2097 5045 pr0ponimus,

531 5071 674 5141 quod
707 5071 807 5124 nisi
841 5072 942 5126 sibi
966 5080 1153 5125 caveat
1186 5072 1376 5132 lector,
1411 5069 1567 5121 facile
1590 5066 1759 5137 possit
1782 5067 1835 5118 in
1862 5079 2103 5121 errorem

532 5161 791 5215 incidere.
828 5160 959 5214 Nam
1012 5176 1135 5217 cum
1190 5159 1505 5215 Ambrosius
1554 5168 1607 5212 et
1661 5156 1995 5227 Augustinus
2048 5156 2101 5209 in

532 5251 783 5306 omnibus
808 5250 923 5306 fere
947 5250 1269 5306 conveniant
1297 5251 1437 5304 inter
1469 5261 1608 5314 sese,
1641 5246 1900 5303 arbitrari
1932 5246 2105 5301 cui-vis

534 5352 838 5413 promptum
880 5351 965 5398 est
1004 5342 1252 5398 Latinum
1309 5343 1626 5411 scriptorem
1673 5339 2029 5411 Augustinum
2074 5354 2104 5392 a

538 5433 729 5487 Latino
758 5436 1020 5503 scriptore
1044 5434 1333 5489 Ambrosio
1360 5434 1547 5488 istltzcc
1590 5434 1881 5501 sumpsisse
1909 5432 2101 5501 potius,

541 5539 701 5593 quam
734 5540 762 5577 a
787 5524 973 5579 Graeco
1003 5534 1220 5579 auctore
1251 5525 1469 5589 Basilio,
1502 5525 1655 5590 cujus
1688 5523 1853 5578 libros
1879 5530 1931 5577 et
1960 5537 2104 5578 com-

623 5656 645 5685 ι
678 5658 813 5709 Gen.
840 5673 879 5722 ι,
912 5661 958 5711 l.
1035 5662 1055 5689 ι
1081 5661 1208 5711 ibid.
1236 5660 1292 5711 τι.

635 5791 708 5857 (α)
750 5792 904 5844 Hom.
940 5807 955 5844 t
993 5794 1041 5843 in
1078 5791 1353 5857 Hexaeut.,
1379 5805 1525 5843 num.
1551 5790 1605 5842 6.

2159 600 2338 643 tamen
2372 590 2417 643 si
2451 590 2571 657 quis
2601 590 2758 658 paulo
2786 591 3047 647 attentius
3073 595 3409 661 expenderit,
3435 595 3595 653 facile
3623 600 3729 655 sibi

2158 680 2507 751 persuadebit
2550 682 2906 752 Augustinum
2942 698 3009 739 ex
3052 685 3166 753 ipso
3196 684 3374 751 fonte,
3403 703 3509 742 non
3537 704 3569 744 e
3610 690 3731 747 rivo

2161 772 2424 827 hausisse.
2488 771 2604 837 Qua
2658 772 2725 825 de
2769 788 2826 826 re
2860 782 2919 826 ut
2965 774 3136 828 cuivis
3185 775 3497 831 existimare
3543 778 3730 843 liceat,

2162 865 2389 933 primum
2405 864 2675 918 Ambrosii
2704 873 2759 917 et
2776 864 3062 934 Augustini
3087 867 3250 919 verba
3272 866 3538 937 subjicere
3553 870 3730 924 visum

2161 964 2265 1018 cst,
2296 954 2488 1008 deinde
2517 954 2787 1008 Ambrosii
2836 954 3229 1025 Augustinique
3272 968 3326 1011 et
3355 957 3535 1013 Basilii
3567 960 3732 1013 verba

2163 1048 2303 1101 inter
2330 1062 2388 1101 se
2414 1063 2733 1115 comparare
2764 1062 2776 1097 :
2814 1062 2918 1116 qua
2954 1062 3019 1102 ex
3045 1048 3391 1104 contentione
3415 1050 3571 1119 plane
3598 1065 3732 1105 con-

2162 1138 2327 1190 stabit
2380 1139 2756 1206 Augustinum,
2812 1154 2934 1191 cum
2984 1140 3279 1203 scriberet,
3331 1154 3438 1195 non
3482 1140 3731 1194 Latinam

2162 1230 2429 1282 Ambrosii
2463 1230 2987 1296 interpretationem,
3024 1230 3118 1283 sed
3151 1232 3324 1299 ipsum
3357 1228 3607 1285 Grzecum
3637 1231 3736 1285 Ba-

2164 1320 2265 1374 silii
2297 1319 2573 1387 exemplar
2592 1321 2661 1372 ob
2691 1319 2878 1373 oculos
2912 1319 3185 1375 habuisse.
3222 1319 3314 1375 Sic
3342 1320 3525 1390 itaque
3557 1321 3737 1390 loqui-

2166 1423 2250 1465 tur
2279 1411 2596 1464 Ambrosius
2634 1410 2724 1463 lib.
2762 1427 2777 1463 ι
2807 1413 2859 1463 in
2884 1409 3162 1474 Hexaem.,
3191 1427 3335 1466 num.
3366 1412 3436 1467 29
3474 1428 3490 1466 :
3527 1431 3547 1465 ι
3572 1412 3739 1482 Spiri-

2165 1512 2247 1552 tu:
2285 1500 2379 1553 Dei
2420 1497 2841 1567 superferebatur
2855 1515 3006 1565 super
3037 1515 3199 1565 aquas
3213 1498 3254 1553 °.
3280 1499 3470 1567 Quem,
3498 1501 3600 1557 etsi
3630 1500 3737 1556 ali—

2165 1591 2256 1660 qui
2296 1605 2394 1659 pro
2421 1604 2546 1644 aere
2582 1588 2869 1657 accipiant,
2908 1589 3071 1659 aliqui
3103 1605 3200 1660 pro
3227 1592 3416 1659 spiritu
3446 1607 3605 1662 quem
3629 1594 3743 1664 spi-

2165 1697 2351 1737 ramus
2380 1692 2429 1737 et
2457 1696 2728 1750 carpimus
2763 1697 2909 1735 aura:
2940 1681 3095 1748 hujus
3125 1686 3303 1741 vitalis
3333 1686 3607 1756 spiritum,
3641 1700 3743 1742 nos

2170 1784 2348 1830 tamen
2394 1790 2515 1829 cum
2556 1786 2869 1829 sanctorum
2919 1783 2976 1829 et
3011 1774 3249 1830 fidelium
3297 1779 3565 1833 sententia
3607 1793 3744 1833 con-

2170 1878 2427 1940 gruentes
2456 1906 2471 1931 ,
2516 1865 2776 1935 Spiritum
2817 1875 3063 1921 sanctum
3112 1867 3544 1936 accipimus......
3576 1868 3744 1923 Deni-

2170 1976 2272 2029 que
2305 1960 2475 2031 Syrus
2503 1960 2594 2029 qui
2626 1958 2836 2013 vicinus
2862 1956 3088 2012 Hebraeo
3119 1966 3232 2022 est,
3265 1967 3318 2012 et
3341 1974 3589 2015 sermone
3616 1976 3750 2016 con-

2172 2060 2328 2104 sonat
2358 2051 2408 2103 in
2436 2050 2709 2118 plerisque
2737 2057 2792 2103 et
2823 2049 3099 2118 congruit,
3134 2049 3214 2102 sic
3240 2049 3403 2102 habet
3428 2064 3445 2102 :
3479 2048 3546 2101 Et
3579 2049 3749 2119 Spiri-

2175 2150 2258 2192 tus
2289 2138 2387 2191 Dei
2418 2139 2618 2205 fovebat
2653 2154 2850 2208 aquas;
2882 2138 2936 2193 id
2958 2146 3076 2203 est,
3101 2138 3438 2205 vivificabat,
3467 2147 3527 2191 ut
3561 2138 3615 2192 in
3651 2154 3750 2193 no-

2174 2247 2268 2284 vas
2299 2238 2516 2299 cogeret
2560 2238 2862 2293 creaturas,
2894 2238 2946 2285 et
2984 2230 3097 2285 fotu
3130 2246 3228 2286 suo
3277 2234 3543 2285 animaret
3574 2230 3643 2285 ad
3669 2232 3753 2285 vi-

2177 2332 2306 2377 tam.
2345 2342 2365 2375 ι
2410 2319 2743 2390 Augustinus
2785 2334 2915 2373 vero
2960 2323 3038 2375 sic
3072 2323 3235 2376 habet
3267 2321 3360 2377 lib.
3400 2339 3415 2377 l
3451 2322 3527 2377 De
3560 2319 3748 2376 Cenes.

2174 2417 2242 2469 ad
2274 2415 2380 2481 lit.,
2418 2429 2570 2468 num.
2602 2411 2672 2467 56
2702 2429 2719 2465 :
2765 2429 2785 2463 ι
2821 2410 2955 2464 Nam
2985 2421 3041 2465 et
3069 2412 3195 2465 illud
3222 2414 3362 2482 quod
3390 2429 3483 2482 per
3504 2414 3753 2469 Graecam

2174 2516 2229 2561 et
2283 2506 2530 2560 Latinam
2580 2504 2817 2574 linguam
2884 2502 3084 2555 dictum
3141 2510 3225 2555 est
3279 2503 3347 2557 de
3395 2504 3601 2573 Spiritu
3632 2505 3752 2571 Dei,

2176 2598 2319 2666 quod
2362 2596 2783 2665 superferebatur
2817 2609 2973 2663 super
3011 2608 3175 2662 aquas
3206 2632 3221 2659 ,
3265 2595 3559 2649 secundum
3600 2595 3756 2667 Syra

2180 2691 2372 2758 linguis
2414 2689 2766 2749 intellectum,
2813 2700 2932 2756 quae
2978 2684 3153 2739 vicina
3193 2691 3276 2739 est
3337 2684 3576 2739 Hebraea:
3607 2687 3755 2755 (nam

2179 2776 2281 2830 hoc
2313 2792 2341 2827 a
2370 2774 2601 2844 quodam
2646 2776 2805 2826 docto
2835 2770 3149 2826 Christiano
3176 2771 3318 2841 Syro
3349 2769 3521 2824 fertur
3543 2772 3761 2839 exposi-

2184 2873 2341 2940 tum),
2382 2884 2489 2922 non
2520 2866 2942 2936 superferebatur
2968 2867 3060 2921 sed
3092 2865 3301 2935 fovebat
3342 2864 3541 2934 potius,
3584 2863 3761 2918 intel—

2180 2964 2272 3032 ligi
2318 2961 2649 3030 perhibetur.
2712 2959 2822 3014 Nec
2882 2959 3024 3013 sicut
3062 2959 3316 3014 foventur
3372 2966 3617 3013 tumores
3665 2965 3761 3011 aut

2185 3052 2403 3105 vulnera
2432 3052 2484 3103 in
2515 3065 2743 3118 corpore
2772 3051 2929 3119 aquis
2951 3050 3036 3104 vel
3070 3049 3284 3119 frigidis
3308 3049 3393 3104 vel
3417 3050 3602 3105 calore
3630 3066 3762 3105 con-

2187 3159 2321 3212 gruo
2358 3143 2665 3211 temperatis
2689 3158 2704 3200 ;
2737 3143 2830 3195 sed
2857 3146 2997 3196 sicut
3017 3159 3119 3197 ova
3148 3143 3400 3199 foveatur
3425 3145 3492 3199 ab
3518 3142 3758 3207 alitibus,

2187 3236 2274 3288 ubi
2300 3234 2447 3287 calor
2481 3232 2569 3287 ille
2596 3231 2827 3284 materni
2858 3234 3103 3300 corporis
3125 3234 3286 3287 etiam
3312 3233 3610 3288 formandis
3638 3232 3761 3302 pul-

2187 3328 2250 3381 lis
2275 3324 2678 3395 quodammodo
2720 3322 3167 3377 adminiculatur.
3209 3342 3227 3374 ι
3270 3324 3327 3377 ln
3355 3325 3548 3391 quibus
3578 3325 3764 3392 Augu-

2186 3420 2313 3473 stiui
2360 3418 2542 3472 verbis
2591 3418 2696 3471 duo
2749 3416 3020 3487 praecipue
3049 3423 3232 3469 notata
3278 3414 3399 3468 volo
3440 3431 3453 3466 :
3502 3415 3763 3483 primum,

2189 3513 2383 3583 Syrum
2415 3512 2702 3580 quemdam
2756 3512 2930 3565 virum
2965 3510 3186 3565 doctum
3214 3506 3375 3563 simul
3415 3519 3468 3562 et
3497 3506 3764 3562 Christia-

2188 3621 2315 3659 num
2359 3606 2500 3659 hunc
2530 3603 2827 3673 Scriptura:
2861 3603 3041 3658 locum
3088 3602 3163 3656 ita
3192 3599 3529 3671 exposuisse,
3582 3608 3639 3653 ut
3668 3597 3766 3653 Dei

2191 3699 2427 3767 Spiritus
2455 3713 2644 3767 aquas,
2671 3698 2797 3751 dum
2828 3712 2990 3766 super
3016 3711 3110 3752 eas
3146 3695 3575 3765 superferretur,
3612 3694 3765 3749 fove-

2190 3796 2305 3850 ret;
2358 3787 2590 3839 alterum
2637 3787 2775 3839 l'otas
2802 3801 2925 3841 esse
2957 3800 3127 3853 aquas
3176 3787 3231 3839 in
3263 3788 3452 3838 alitum
3484 3785 3704 3837 modum
3737 3800 3767 3839 a

2193 3878 2288 3931 Dei
2316 3876 2539 3945 Spiritu.
2584 3874 2701 3930 Jam
2750 3890 2909 3929 nemo
2955 3889 3062 3928 non
3101 3874 3248 3928 videt
3282 3883 3534 3927 neutrum
3576 3874 3769 3927 horum

2193 3970 2259 4023 ab
2286 3968 2572 4023 Ambrosio
2600 3970 2899 4020 mutuatum
2931 3979 3054 4020 esse
3070 3964 3452 4031 Augustinum.
3482 3963 3595 4019 Etsi
3621 3965 3770 4020 enim

2192 4061 2491 4131 generatim
2521 4060 2842 4130 profiteatur
2871 4057 3191 4112 Ambrosius
3214 4057 3365 4125 sequi
3393 4072 3451 4112 se
3494 4076 3513 4109 ι
3552 4066 3772 4111 saneto-

2198 4168 2317 4206 rum
2369 4159 2423 4206 et
2464 4152 2702 4206 fidelium
2736 4170 2755 4203 ›
2803 4147 3151 4212 sententiam,
3198 4149 3485 4216 tradatque
3531 4146 3775 4200 Hebraeis

2195 4241 2406 4295 vicinos
2442 4254 2563 4294 esse
2592 4240 2780 4311 Syros,
2828 4252 3063 4306 quorum
3096 4252 3298 4303 sermo,
3325 4247 3385 4291 ut
3407 4237 3521 4302 ipse
3565 4239 3771 4298 mouet,

2197 4350 2320 4390 cum
2368 4331 2716 4391 Hebraeorum
2756 4332 2937 4399 lingua
2973 4350 2991 4383 ‹
3032 4340 3297 4388 consonat
3336 4330 3390 4382 iu
3420 4326 3693 4396 plerisque
3720 4334 3777 4380 et

2197 4426 2465 4495 congruit,
2507 4443 2526 4477 ι
2563 4422 2699 4476 nihil
2754 4428 2931 4475 tamen
2966 4420 3283 4474 nominatim
3326 4414 3459 4469 dicit
3495 4426 3671 4481 neque
3710 4412 3775 4466 de

2200 4514 2290 4570 illa
2323 4516 2463 4570 docti
2496 4510 2773 4580 cujusdam
2803 4512 2927 4581 Syri
2954 4508 3355 4579 explanatione,
3392 4502 3546 4571 cujus
3580 4504 3774 4557 memi-

2202 4608 2281 4661 nit
2320 4604 2652 4677 Augustinus
2678 4642 2693 4667 ,
2732 4619 2903 4672 neque
2932 4602 2999 4656 de
3029 4602 3118 4654 illa
3149 4598 3324 4652 avium
3368 4598 3484 4650 ovis
3509 4595 3779 4650 incuban-

2204 4700 2336 4753 tium
2384 4695 2811 4766 comparatione,
2845 4709 2949 4763 qua
2993 4694 3135 4748 idem
3182 4690 3368 4745 doctor
3413 4690 3602 4744 utitur.
3630 4686 3779 4739 Fieri

2204 4789 2367 4860 igitur
2400 4804 2505 4845 non
2533 4798 2730 4858 potest,
2770 4796 2831 4840 ut
2858 4786 3194 4857 Augustinus
3226 4784 3339 4838 haec
3366 4783 3472 4837 duo
3498 4788 3780 4835 mutuatus

2207 4884 2277 4938 sit
2306 4884 2373 4938 ab
2405 4882 2691 4936 Ambrosio
2712 4920 2725 4944 ,
2762 4894 2884 4934 cum
2927 4880 2980 4932 in
3008 4876 3125 4946 ejus
3153 4876 3370 4946 scriptis
3400 4873 3534 4927 nihil
3557 4870 3661 4925 tale
3694 4871 3779 4928 'm-

2210 4973 2480 5025 veniatur.
2515 4970 2620 5024 Sed
2653 4970 2775 5039 quis
2806 4968 2893 5033 sit,
2926 4981 3086 5037 quem
3126 4965 3228 5021 sibi
3276 4963 3608 5033 sequendum
3652 4975 3782 5029 pro—

2209 5064 2449 5132 posuerit
2474 5063 2828 5133 Augustinus,
2861 5062 3101 5116 indicare
3132 5057 3275 5113 haud
3324 5056 3570 5111 arduum.
3605 5053 3687 5107 Ad
3728 5054 3781 5107 id

2210 5156 2355 5209 enim
2402 5153 2795 5209 ostendendum
2840 5154 2974 5208 satis
3020 5152 3178 5207 nobis
3209 5148 3370 5204 fuerit
3404 5147 3567 5202 verba
3596 5144 3783 5201 Basilii

2212 5246 2436 5309 referre,
2492 5260 2610 5315 quae
2667 5244 2780 5299 haec
2833 5254 2961 5299 sunt
3013 5259 3079 5298 ex
3130 5241 3373 5296 oratione
3431 5238 3663 5292 secunda
3725 5237 3784 5288 in

2212 5339 2490 5403 Hexaem.,
2511 5352 2657 5391 num.
2678 5336 2731 5391 6:
2749 5336 2889 5409 Ἐρῶ
2905 5336 3003 5390 οὐκ
3015 5334 3251 5407 ἐμαυτοῦ
3266 5334 3442 5401 λόγον,
3460 5331 3593 5384 ἀλλὰ
3606 5329 3783 5399 Σύρου

2212 5430 2421 5501 ἀνδρὸς,
2453 5432 2643 5499 σοφίας
2668 5430 2937 5502 κοσμικῆς
2963 5429 3213 5482 τοσοῦτον
3236 5426 3599 5495 ἀφεστηκότος
3615 5462 3630 5487 ,
3658 5423 3785 5475 ὅσον

2216 5520 2379 5587 ἐγγὺς
2403 5514 2469 5590 ἦν
2489 5521 2589 5590 τῆς
2604 5520 2711 5575 τῶν
2728 5520 3005 5592 ,ἀληθινῶν
3030 5520 3357 5586 ἐπιστήμης.
3387 5515 3577 5579 Ἔλεγε
3604 5510 3787 5564 τοίνυν
