4040 6444
1351 392 1415 447 D.
1450 393 1593 447 JUL.
1629 393 1957 447 GARNEBII
2001 390 2390 446 PREFATIO.

3233 408 3479 450 αιιπικνιι

240 499 352 573 τὴν
387 501 497 555 τῶν
529 502 715 569 Σύρων
761 502 941 575 φωνὴν
974 503 1427 576 ὲμφατικωτέραν
1458 526 1518 560 τε
1552 509 1711 575 εἶναι,
1739 514 1825 565 καὶ

1936 511 2095 564 liceat
2118 523 2239 561 enm
2269 510 2464 575 partim
2492 523 2612 562 cum
2642 507 2809 560 fratre
2839 506 3125 561 convenire
3144 544 3161 571 ,
3192 511 3387 574 partim
3422 515 3484 564 ah

240 590 337 647 διὰ
371 594 469 663 τὴν
500 591 636 660 πρὸς
683 591 778 663 τὴν
834 594 1089 664 Ἐϐραῒδα
1127 597 1422 664 γειτνίασιν
1462 599 1660 668 μᾶλλόν
1711 620 1827 665 πως

240 691 313 759 τῇ
344 682 523 753 ἐννοίᾳ
556 684 664 737 τῶν
696 687 928 754 Γραφῶν
968 690 1367 759 προσεγγίζειν.
1408 686 1562 743 Εἶναι
1599 687 1689 746 οὖν
1727 696 1827 767 τὴν

240 778 486 833 διάνοιαν
519 776 610 827 τοῦ
644 775 807 846 ῥητοῦ
836 778 1111 851 τοιαύτην.
1153 782 1225 833 Τὸ
1257 782 1606 850 ἐπεφέρετο,
1639 788 1824 857 φησιν,

242 864 590 935 ἐξηγοῦνται,
621 869 742 921 ἀντὶ
786 868 879 921 τοῦ
916 872 1262 927 συνέθαλπε
1290 876 1384 927 καὶ
1416 876 1696 943 ἐζωογόνει
1726 880 1827 949 τὴν

242 956 353 1008 τῶν
381 956 587 1011 ὑδάτων
613 957 792 1027 φύσιν,
827 961 966 1015 κατὰ
992 963 1090 1033 τὴν
1120 963 1303 1017 εἰκόνα
1336 965 1434 1035 τῆς
1478 967 1826 1038 ἐπωαζούσης

242 1049 476 1119 ὄρνιθος,
509 1053 601 1105 καὶ
634 1052 868 1123 ζωτικὴν
894 1073 1013 1109 τινα
1042 1055 1270 1126 δύναμιν
1295 1060 1531 1129 ὲνιείσης
1556 1066 1665 1127 τοῖς
1701 1064 1827 1115 ὑπο-

245 1143 626 1215 θαλπομένοις.
680 1147 932 1198 Τοιοῦτόν
976 1153 1097 1201 τινά
1154 1167 1315 1219 φασιν
1366 1152 1471 1205 ὑπὸ
1508 1152 1608 1221 τῆς
1646 1155 1827 1225 φωνῆς

242 1240 451 1308 ταύτης
492 1238 930 1308 παραδηλοῦσθαι
961 1241 1051 1296 τὸν
1100 1244 1245 1309 νοῦν,
1281 1247 1356 1309 ὡς
1401 1248 1825 1319 ἐπιφερομένου

242 1328 352 1380 τοῦ
381 1328 741 1393 Πνεύματος,
771 1330 1035 1393 τουτέστι,
1081 1333 1217 1403 πρὸς
1251 1335 1542 1402 ζωογονίαν
1594 1340 1693 1409 τὴν
1730 1334 1824 1391 τοῦ

244 1417 440 1478 ὓδατος
488 1414 647 1484 φύσιν
695 1422 1223 1490 παρασκευάζοντος.
1282 1442 1301 1473 ι
1357 1426 1536 1481 Dicam
1584 1431 1676 1483 tibi
1720 1443 1823 1481 non

249 1520 453 1572 meam,
514 1512 606 1563 sed
664 1511 764 1564 viri
827 1512 947 1581 Syri
1002 1515 1362 1580 sententiam,
1422 1521 1511 1586 qui
1555 1530 1757 1574 tantum
1794 1533 1825 1572 a

248 1598 439 1651 mundi
471 1600 704 1654 distabat
736 1604 1024 1670 sapientia,
1057 1617 1311 1671 quantum
1346 1609 1409 1663 ad
1454 1625 1633 1661 rerum
1670 1623 1826 1661 vera-

246 1702 369 1741 rum
391 1692 675 1745 scientiam
704 1695 1196 1764 appropinquabat.
1224 1700 1414 1755 Aiebat
1452 1701 1614 1770 igitur
1638 1715 1822 1755 vocem

249 1778 513 1849 Syrorum
542 1790 596 1835 et
646 1784 1125 1851 signiﬁcantiorem
1172 1806 1312 1851 esse.
1343 1802 1396 1846 et
1427 1792 1494 1847 ob
1520 1809 1670 1847 suam
1699 1809 1820 1849 cum

249 1869 518 1923 Ilebraica
573 1872 751 1942 lingua
808 1879 1207 1944 cognationem,
1261 1882 1492 1961 quod-am
1547 1886 1704 1936 modo
1752 1886 1817 1937 ad
1849 1869 1892 1924 Β

251 1964 662 2031 Scripturarum
698 1982 915 2022 sensum
950 1970 1169 2037 propius
1208 1971 1486 2026 accedere.
1532 1971 1714 2042 Itaque
1744 1985 1821 2027 ta-

251 2054 359 2107 lem
389 2057 605 2110 dicebat
628 2072 747 2111 esse
780 2057 938 2126 hujus
972 2059 1101 2113 dicti
1138 2062 1482 2117 sententiam.
1537 2064 1692 2129 Illud,
1742 2066 1823 2118 in-

252 2150 512 2216 quiebat,
564 2150 817 2217 verbum,
887 2153 1349 2221 superferebatur,
1403 2168 1822 2225 interpretantes

252 2252 475 2295 sumunt
506 2259 603 2312 pro
630 2247 818 2306 verbo,
854 2248 1159 2316 conferebat
1179 2288 1194 2312 ,
1227 2259 1279 2302 et
1330 2258 1534 2304 naturae
1562 2266 1822 2319 aquarum

252 2334 363 2385 vim
396 2336 675 2393 tribuebat
707 2336 1025 2399 ferilicandi,
1059 2341 1229 2393 instar
1262 2341 1565 2397 incubantis
1598 2345 1743 2407 avis,
1771 2352 1828 2398 et

256 2425 478 2477 vitalem
504 2426 790 2492 quamdam
812 2428 1116 2483 facultatem
1144 2433 1208 2485 iis
1234 2449 1351 2499 qua:
1381 2434 1695 2488 fovebantur
1719 2438 1819 2487 iut-

253 2517 561 2583 partientis.
598 2515 781 2572 Talem
814 2524 1099 2588 quamdam
1124 2522 1529 2593 intelligentiam
1556 2529 1704 2581 aiunt
1727 2530 1826 2583 hac

253 2622 387 2661 voce
448 2608 696 2668 indicari.
749 2609 1014 2667 Nimirum
1067 2615 1330 2683 ferebatur
1378 2614 1607 2685 Spiritus
1674 2637 1827 2687 super

252 2716 443 2767 aquas,
485 2701 587 2753 hoc
613 2710 718 2766 est,
752 2713 999 2758 naturam
1030 2720 1180 2775 aqua:
1206 2706 1272 2761 ad
1297 2705 1522 2762 feturam
1544 2724 1827 2779 prmpara—

256 2787 368 2842 bat.
410 2807 429 2838 ι
464 2790 671 2841 Addam
694 2800 746 2842 et
778 2792 904 2844 illud
931 2793 1252 2863 Augustini,
1291 2817 1309 2849 ι
1346 2802 1636 2854 secundum
1676 2801 1826 2873 Syrte

257 2876 454 2947 linguas
499 2879 857 2946 intellectum,
892 2898 1012 2950 qua:
1065 2885 1241 2940 vicina
1279 2898 1361 2942 est
1409 2888 1674 2956 Hebraeae,
1716 2912 1734 2944 ι
1760 2894 1829 2948 ad

259 2969 483 3022 verbum
509 2984 538 3022 e
567 2969 757 3025 Graeco
786 2974 953 3026 videri
984 2990 1317 3045 expressum.

370 3060 397 3131 §
430 3059 518 3116 IV.
552 3060 629 3115 De
660 3067 808 3132 aquis
831 3082 949 3134 qua:
981 3084 1137 3134 super
1166 3070 1317 3123 caios
1342 3087 1451 3126 esse
1474 3074 1741 3131 dicuntur.

331 3154 421 3208 25.
450 3153 721 3209 Convenit
749 3156 889 3211 inter
927 3160 1166 3213 eruditos
1206 3160 1491 3232 Origenem
1542 3166 1765 3221 indicari
1795 3183 1822 3221 a

258 3242 458 3297 Basilio
479 3248 726 3299 oratione
760 3248 912 3302 tertia
942 3250 996 3301 in
1023 3248 1299 3316 Hexaem,
1330 3254 1539 3309 uum.9.
1563 3256 1823 3327 Origenes

260 3332 426 3394 enim,
486 3348 605 3400 qua:
653 3342 771 3387 erat
816 3337 917 3389 viri
966 3338 1191 3401 indoles,
1241 3344 1487 3395 trahebat
1527 3347 1704 3399 omnia
1756 3353 1821 3401 ad

260 3422 567 3490 allegorias,
602 3439 666 3477 ex
707 3440 814 3492 quo
852 3426 1013 3481 ﬁebat
1047 3440 1107 3483 ut
1132 3446 1325 3499 magno
1349 3431 1600 3487 Ecclesiae
1628 3439 1824 3492 damno

260 3510 575 3581 Scripturas
616 3529 714 3569 suo
752 3518 981 3585 quisque
1025 3520 1286 3574 arbitratu
1334 3530 1389 3575 et
1435 3521 1729 3593 intelligere
1774 3536 1826 3580 et

260 3605 608 3676 interpretari
665 3619 865 3678 posset.
915 3609 1200 3680 Origenem
1248 3623 1425 3668 autem
1474 3616 1543 3669 ita
1588 3619 1826 3673 sensisse

261 3698 421 3753 docet
446 3699 773 3769 Epiphanius
804 3703 855 3756 in
886 3703 1118 3771 Epistola
1159 3704 1226 3760 ad
1261 3704 1520 3761 Joannem
1551 3708 1824 3779 Jerosoly-

259 3792 544 3855 mitanum,
572 3799 629 3844 ut
658 3794 835 3860 legere
862 3802 942 3847 est
980 3796 1119 3863 apud
1153 3794 1533 3866 Hieronymum
1556 3838 1569 3861 ,
1598 3800 1824 3869 epistola

258 3879 385 3932 olim
424 3879 514 3943 70,
562 3896 706 3935 nunc
733 3883 852 3936 110.
906 3893 1048 3937 ιοιηο
1080 3884 1169 3949 IV,
1220 3901 1342 3955 pag.
1375 3886 1499 3953 820,
1534 3888 1825 3959 Postquam

258 3970 423 4040 igitur
448 3970 779 4040 Epiphanius
813 3974 1094 4029 nonnullos
1139 3975 1385 4045 Origenis
1432 3996 1647 4036 errores
1708 3998 1828 4052 per-

259 4065 516 4129 strinxit,
565 4065 645 4121 sie
695 4068 1054 4139 persequitur,
1111 4067 1436 4142 Hieronymo
1488 4074 1818 4145 interprete:

265 4172 285 4205 ε
316 4155 438 4209 lltas
472 4171 602 4212 vero
650 4160 949 4229 praestigias
979 4161 1103 4227 quis
1134 4177 1237 4217 non
1277 4165 1455 4219 statim
1487 4153 1706 4235 abiiciat
1747 4176 1828 4223 at-

257 4260 366 4315 que
421 4249 768 4302 contemnat?
817 4252 1029 4303 dicente
1070 4249 1344 4319 Origene,
1396 4254 1462 4309 de
1510 4256 1667 4325 aquis
1712 4272 1831 4327 qua:

258 4351 425 4404 super
454 4336 852 4395 ﬁrmamentum
889 4351 1033 4408 sunt,
1069 4358 1173 4398 non
1221 4359 1340 4399 esse
1369 4361 1558 4415 aquas,
1607 4348 1699 4403 sed
1728 4349 1829 4404 for-

258 4428 521 4483 titudines
562 4431 824 4498 quasdam
870 4435 1129 4503 angelica:
1166 4438 1449 4504 potestatis
1480 4455 1494 4491 :
1529 4450 1581 4495 et
1613 4456 1826 4497 rursum

1929 613 1992 651 eo
2021 599 2354 663 discrepare.
2389 595 2644 648 Dissentit
2674 597 2724 648 in
2770 607 2834 646 eo
2861 609 2889 645 a
2920 596 3106 658 fratre,
3136 597 3278 663 quod
3327 612 3487 664 aquas

1927 688 2047 743 illas
2080 687 2276 757 quibus
2304 684 2618 761 incubuisse
2646 686 2841 739 dicitur
2869 681 3100 751 Spiritus
3138 685 3266 748 Dei,
3298 698 3350 738 et
3376 702 3490 754 qua'

1927 795 2087 851 supra
2119 781 2521 835 ﬁrmamentum
2554 778 2933 843 constiterunt,
2964 777 3210 835 caelestes
3234 780 3493 849 quasdam

1926 887 2044 929 esse
2089 874 2317 926 virtutes
2370 879 2519 940 putet
2569 884 2593 921 :.
2622 869 2673 921 in
2722 883 2786 922 eo
2829 884 2957 925 vero
3003 872 3314 936 asseutitur,
3351 869 3493 940 quod

1926 979 2077 1032 teque
2107 978 2170 1017 ac
2196 962 2430 1016 Basilius
2461 961 2744 1016 inferiores
2770 975 2935 1027 aquas
2972 961 3150 1033 abyssi
3197 976 3291 1029 pro
3320 962 3493 1017 rebel-

1928 1056 2065 1109 libus
2089 1071 2153 1109 ac
2178 1054 2432 1125 malignis
2462 1054 2816 1123 potestatibus
2844 1053 3085 1120 accipere
3113 1054 3266 1109 nolit.
3296 1052 3487 1111 Mirum

1926 1148 2158 1203 fortasse
2187 1148 2455 1202 videbitur
2483 1145 2802 1211 Gregorium
2835 1161 2863 1197 a
2894 1144 3059 1198 fratre
3091 1145 3303 1208 Basilio,
3331 1158 3489 1212 quem

1927 1241 2086 1296 unice
2111 1240 2322 1295 colebat
2348 1256 2411 1293 ac
2440 1238 2779 1301 observabat,
2814 1236 2864 1289 in
2896 1252 2953 1290 re
3000 1235 3303 1303 huiusmodi
3337 1235 3496 1291 dissi-

1927 1334 2077 1395 dere,
2102 1342 2262 1401 atque
2284 1330 2529 1397 Origenis
2553 1330 2859 1399 opinionem
2885 1329 3122 1396 opinioni
3150 1327 3330 1381 fratris
3351 1344 3493 1396 pra:-

1930 1424 2134 1478 tutisse.
2188 1423 2337 1477 Ilanc
2406 1431 2583 1475 tamen
2633 1422 2877 1490 Gregorii
2950 1419 3113 1474 fuisse
3163 1419 3493 1489 opinionem,

1926 1531 2045 1570 esse
2084 1515 2355 1569 hominem
2389 1513 2475 1582 qui
2508 1521 2665 1582 neget
2694 1514 2929 1566 arbitror
2964 1512 3266 1574 neminem,
3301 1512 3345 1565 si
3378 1525 3497 1582 qua:

1925 1607 2238 1678 subiicimus
2265 1602 2508 1673 Gregorii
2558 1601 2719 1656 verba
2766 1603 3041 1671 aliquanto
3077 1601 3386 1671 diligentius
3423 1600 3497 1653 le—

1925 1700 2080 1767 gerit.
2116 1699 2205 1751 Sic
2235 1695 2669 1764 itaqueloqnitur
2689 1692 2977 1760 Gregorius
3005 1692 3097 1744 lib.
3119 1694 3175 1745 in
3206 1689 3494 1754 "amnem,

1924 1805 2047 1861 pag.
2081 1789 2145 1841 15
2175 1805 2186 1839 :
2227 1790 2299 1840 Τὸ
2336 1790 2392 1842 δὲ
2429 1789 2573 1857 ὕδωρ
2597 1780 2641 1855 ᾧ
2667 1786 2727 1837 τὸ
2757 1783 2977 1854 Πνεῦμα
3010 1782 3103 1835 τοῦ
3132 1782 3266 1835 Θεοῦ
3299 1784 3495 1853 ἐπεφέ-

1924 1898 2064 1953 ρετο,
2101 1878 2228 1933 ἄλλο
2267 1896 2318 1930 τι
2351 1880 2498 1949 παρὰ
2532 1881 2631 1949 τὴν
2675 1878 2967 1947 κατωφερῆ
3002 1874 3205 1946 ταύτην
3236 1875 3343 1929 τῶν
3375 1877 3496 1946 ῥευ-

1924 1974 2061 2026 στῶν
2091 1972 2295 2025 ὑδάτων
2331 1970 2492 2041 φύσιν
2528 1970 2694 2033 ἐστὶν,
2730 1970 2758 2021 ὃ
2794 1969 2870 2040 τῷ
2897 1967 3234 2039 στερεώματι
3266 1967 3401 2039 πρὸς
3436 1965 3499 2018 τὸ

1925 2064 2057 2134 βαρύ
2106 2082 2163 2115 τε
2212 2065 2305 2116 καὶ
2353 2062 2669 2134 κατωφερὲς
2714 2061 2856 2129 ὕδωρ
2906 2058 3310 2131 διατειχίζεται.
3352 2060 3414 2112 Εἰ
3442 2058 3497 2111 δὲ

1924 2156 2065 2227 ὓδωρ
2096 2156 2312 2207 κάκεῖνο
2369 2154 2517 2223 παρὰ
2562 2155 2660 2224 τῆς
2692 2153 2914 2225 Γραφῆς
2949 2153 3299 2223 ὀνομάζεται,
3324 2144 3368 2218 ᾧ
3408 2150 3496 2204 διὰ

1921 2248 2022 2317 τῆς
2064 2246 2401 2316 ὑψηλοτέρας
2449 2244 2682 2313 θεωρίας
2730 2245 2790 2296 τὸ
2832 2246 2940 2297 τῶν
2974 2243 3177 2316 νοητῶν
3218 2242 3497 2313 δυνάμεων

1925 2341 2196 2413 πλήρωμα
2238 2334 2601 2409 σημαίνεσθαι
2656 2332 3055 2406 στοχαζόμεθα,
3093 2332 3382 2400 ξενιζέσοω
3409 2332 3495 2386 διὰ

1923 2434 2021 2502 τῆς
2036 2432 2351 2502 ὁμωνυμίας
2378 2427 2587 2501 μηδείς,
2616 2435 2721 2481 etc.
2747 2444 2766 2477 ι
2784 2429 2937 2495 Aqua
2950 2424 3188 2495 profecto
3212 2438 3372 2493 super
3390 2439 3497 2492 qua

1925 2522 2199 2577 ferebatur
2249 2524 2484 2590 Spiritus
2543 2522 2671 2588 Dei,
2732 2520 2946 2575 diversa
3002 2526 3085 2574 est
3147 2516 3215 2571 ab
3267 2517 3495 2572 istarum

1927 2629 2190 2683 aquarum
2250 2622 2464 2676 natura,
2520 2627 2641 2680 quae
2697 2612 2946 2664 deorsum
3000 2608 3171 2663 ﬂuunt
3214 2617 3268 2662 et
3314 2608 3498 2662 ﬁrma-

1927 2716 2108 2761 mento
2156 2703 2224 2757 ab
2280 2716 2419 2772 aqua
2475 2702 2624 2771 gravi
2684 2711 2743 2755 et
2788 2702 2855 2756 ad
2924 2699 3179 2755 inferiora
3248 2699 3500 2753 tendente

1927 2798 2243 2867 seiungitur.
2271 2796 2421 2862 Quod
2453 2802 2630 2848 autem
2680 2793 2730 2846 in
2766 2791 3044 2861 Scriptura
3080 2798 3303 2847 vocetur
3345 2804 3485 2859 aqua

1928 2893 2090 2944 etiam
2124 2890 2235 2955 illa,
2279 2903 2386 2959 qua
2436 2886 2738 2941 sublimiori
2788 2884 3241 2963 contemplatione
3285 2883 3497 2937 divina-

1931 2998 2049 3034 rmn
2107 2983 2364 3036 mentium
2422 2980 2696 3049 plenitudo
2750 2977 3108 3047 signiﬁcatur,
3157 2991 3225 3031 ne
3275 2976 3397 3045 quis
3445 2976 3497 3027 id

1931 3072 2166 3127 alienum
2194 3082 2286 3124 aut
2313 3088 2507 3127 novum
2538 3080 2708 3140 putet,
2738 3089 2754 3121 ι
2782 3081 2891 3124 etc.
2922 3067 2986 3121 Et
3012 3070 3170 3139 paulo
3200 3077 3319 3138 post
3345 3086 3358 3122 :
3386 3068 3497 3120 Καί

1852 3205 1898 3269 c
1935 3182 2000 3235 με
2039 3162 2226 3233 μηδεὶς
2256 3163 2546 3214 ὑπονοείτω
2579 3163 2664 3214 διὰ
2704 3162 2798 3231 τῆς
2845 3160 3198 3231 τροπολογίας
3240 3159 3497 3227 σύγχυσιν

1927 3255 2152 3321 ἐπάγειν
2190 3254 2255 3323 τῇ
2293 3252 2495 3323 θεωρίᾳ
2539 3250 2639 3320 τῆς
2670 3250 2902 3315 λέξεως,
2952 3249 3037 3313 ὡς
3067 3250 3186 3311 ταῖς
3224 3248 3499 3310 ὑπονοίαις

1925 3346 2031 3399 τῶν
2064 3345 2169 3416 πρὸ
2210 3346 2241 3415 ἡ
2253 3344 2367 3414 μῶν
2393 3342 2462 3396 τὰ
2492 3340 2714 3395 τοιαῦτα
2759 3340 3177 3412 τεθεωρηκότων
3224 3339 3499 3409 συμφέρε-

1928 3438 2083 3502 σθαι,
2137 3436 2231 3491 καὶ
2281 3436 2458 3505 λέγειν
2506 3435 2605 3498 τὰς
2657 3435 2755 3504 μὲν
2812 3432 3183 3497 ἀποστατικὰς
3240 3432 3499 3502 δυνάμεις

1925 3530 2157 3584 ἄϐυσσον
2209 3528 2495 3597 λέγεσθαι·
2537 3527 2626 3580 τὸν
2665 3527 2722 3579 δὲ
2768 3526 3185 3597 κοσμοκράτορα
3219 3522 3314 3576 τοῦ
3369 3522 3495 3576 σκό-

1927 3636 2071 3681 τους,
2102 3618 2165 3670 τδ
2208 3619 2393 3671 ἐπάνω
2422 3618 2523 3687 τῆς
2552 3617 2787 3670 ἀϐύσσου
2828 3616 3064 3671 νοεῖσθαι
3094 3615 3303 3676 σκότος.
3340 3630 3358 3664 ι
3388 3612 3500 3668 Nec

1927 3710 2217 3778 quisquam
2261 3708 2560 3762 arbitretur
2597 3723 2697 3761 nos
2736 3708 3025 3761 verborum
3059 3704 3495 3773 interpretationi

1927 3816 1992 3854 ex
2028 3804 2127 3855 hac
2176 3798 2366 3853 morali
2402 3798 2745 3868 expositione
2775 3795 3153 3852 confusionem
3180 3793 3393 3857 aﬁ‘erre,
3436 3802 3499 3848 ut

1926 3892 2267 3964 opinionibus
2295 3908 2483 3948 eorum
2533 3891 2625 3963 qui
2667 3900 2793 3946 ante
2826 3904 2921 3943 nos
2958 3889 3299 3958 interpretati
3349 3895 3497 3949 sunt,

1927 3984 2224 4050 faveamus,
2269 3985 2617 4053 dicamnsque
2660 3990 2956 4051 potestates
2988 3978 3105 4033 illas
3136 3993 3253 4048 qua:
3287 3976 3499 4032 defece—

1929 4085 2092 4140 runt,
2141 4078 2392 4145 abyssum
2435 4076 2575 4140 dici;
2626 4073 2919 4142 principem
2962 4086 3090 4127 vero
3140 4071 3494 4126 tenebrarum

1932 4165 2157 4235 intelligi
2189 4162 2437 4219 tenebras
2473 4163 2611 4227 illas,
2639 4177 2761 4231 quat
2788 4176 2950 4230 super
2981 4162 3235 4233 abyssum
3267 4168 3442 4213 erant.
3472 4175 3492 4207 ι

1931 4256 2084 4322 Quod
2137 4271 2301 4324 supra
2352 4255 2607 4315 diximus.
2653 4253 2970 4323 Gregorium
3020 4266 3049 4304 a
3106 4249 3304 4304 Basilio
3341 4249 3394 4302 in
3435 4262 3500 4303 eo

1934 4349 2251 4413 dissentire,
2281 4348 2424 4417 quod
2460 4362 2627 4417 aquas
2655 4362 2766 4412 eas,
2797 4346 2993 4415 quibus
3026 4341 3337 4397 incubuisse
3363 4341 3499 4395 scri-
3570 4330 3577 4337 ’

1931 4441 2076 4494 bitur
2140 4438 2374 4507 Spiritus
2422 4438 2550 4505 Dei,
2597 4447 2651 4493 et
2695 4451 2816 4507 qua:
2880 4451 3043 4505 supra
3099 4434 3499 4487 ﬁrmamentum

257 4536 431 4590 aquas
478 4536 599 4591 quae
626 4537 790 4591 super
834 4530 1031 4579 terram
1075 4538 1220 4593 sunt,
1252 4531 1353 4584 hoc
1383 4541 1486 4597 est,
1513 4534 1611 4587 sub
1645 4535 1826 4589 ﬁrma-
1855 4530 2322 4603 chnstiterunt,
2371 4529 2819 4600 Origenianorum
2854 4542 3005 4583 more
3049 4542 3146 4597 per
3187 4525 3499 4594 allegoriam

258 4624 466 4678 mento,
496 4629 618 4671 esse
645 4615 874 4671 virtutes
902 4619 1201 4673 contrarias
1221 4658 1236 4682 ,
1268 4623 1321 4674 id
1351 4631 1433 4676 est
1472 4625 1761 4679 daemones.
1802 4645 1821 4677 ι

258 4703 627 4774 Hieronymus
649 4719 863 4774 quoque
891 4713 946 4760 et
990 4705 1136 4761 hunc
1180 4706 1354 4775 ipsum
1405 4724 1643 4765 errorem
1689 4712 1829 4766 inter

254 4805 382 4852 octo
412 4796 662 4866 Origenis
712 4812 927 4853 errores
976 4813 1269 4857 recensere
1303 4816 1409 4857 non
1458 4803 1659 4859 omisit.
1701 4805 1826 4859 Hie-

256 4890 471 4960 ronymi
500 4899 680 4945 autem
709 4892 868 4945 verba
913 4901 1036 4947 sunt
1075 4907 1139 4949 ex
1164 4895 1389 4965 epistola
1424 4895 1513 4962 58,
1556 4897 1623 4951 ad
1667 4899 1827 4953 Pam-

256 4980 554 5045 machium,
601 4994 744 5035 tomo
797 4980 884 5045 IV,
918 4997 1040 5051 pag.
1071 4982 1173 5035 510
1204 5002 1217 5037 :
1249 5002 1269 5036 ι
1306 4985 1529 5039 Sextum
1570 4987 1710 5056 quod
1741 4987 1823 5042 sic

256 5069 568 5141 paradisum
589 5070 921 5140 allegorizet,
945 5081 1001 5125 ut
1027 5072 1259 5128 historia:
1280 5075 1489 5129 auferat
1512 5077 1820 5143 veritatem,

254 5177 355 5230 pro
396 5162 675 5216 arboribus
706 5163 959 5232 angelos,
992 5178 1091 5232 pro
1118 5166 1425 5221 fluminibus
1451 5168 1676 5223 virtutes
1706 5183 1824 5224 etn-

255 5252 423 5305 lestes
461 5249 800 5318 intelligens,
849 5260 1121 5320 totamque
1165 5254 1397 5321 paradisi
1432 5256 1825 5309 continentiam

259 5344 591 5415 tropologica
644 5344 1088 5415 interpretatione
1151 5346 1448 5401 subvertet.
1502 5347 1821 5415 Septimum,

256 5440 401 5507 quod
441 5452 610 5505 aquas
641 5451 759 5504 qua
787 5452 947 5506 super
993 5436 1161 5493 caelos
1188 5439 1239 5492 in
1267 5437 1555 5507 Scripturis
1597 5454 1715 5493 esse
1744 5441 1824 5495 di-

256 5537 479 5591 C‘tntur,
536 5537 752 5583 sanctas
796 5543 1166 5599 supernasque
1197 5531 1462 5597 virtutes;
1496 5546 1615 5599 qua:
1663 5548 1823 5601 super

255 5626 460 5672 terram
508 5627 563 5669 et
590 5616 728 5670 infra
772 5626 992 5682 terram,
1024 5621 1324 5675 contrarias
1368 5632 1427 5675 et
1466 5623 1823 5679 dactnoniacas

256 5724 379 5763 esse
415 5708 730 5763 arbitretur.
770 5727 789 5761 ι
842 5709 1133 5779 Gregorius
1179 5711 1360 5767 Basilii
1413 5713 1582 5767 frater.
1620 5715 1819 5770 subob-

257 5800 473 5857 scurius
521 5815 583 5856 ea
626 5799 694 5856 de
729 5817 785 5856 re
832 5803 1071 5858 disserit.
1112 5805 1189 5859 sic
1228 5815 1429 5870 tamen,
1472 5817 1527 5860 ut
1569 5808 1819 5879 colligere

1935 4625 2316 4691 interpretatus
2367 4623 2473 4685 sit,
2530 4620 2774 4689 nihilque
2828 4634 2948 4674 esse
2997 4618 3141 4672 aliud
3206 4615 3501 4670 crediderit

1933 4713 2037 4767 nisi
2074 4712 2323 4767 caelestes
2350 4710 2610 4781 quasdam
2644 4720 2803 4778 atque
2842 4707 3207 4778 intelligibiles
3243 4708 3497 4769 virtutes,

1933 4806 1983 4859 id
2020 4805 2248 4859 mirifice
2275 4820 2342 4859 ex
2390 4804 2631 4872 ejusdem
2665 4800 2908 4871 Gregorii
2956 4801 3347 4871 posterioribus
3377 4813 3500 4854 ver-

1935 4895 2019 4949 bis
2049 4893 2423 4949 conﬁrmatur.
2454 4892 2668 4947 Etenim
2712 4891 2814 4945 nisi
2852 4889 3140 4960 Gregorius
3186 4887 3413 4959 perinde
3439 4896 3498 4942 ut

1936 4983 2199 5053 Origenes
2244 4983 2551 5053 superiores
2601 4996 2770 5051 aquas
2805 4996 2900 5049 pro
2932 4983 3133 5034 sanctis
3157 4992 3222 5031 ac
3250 4979 3497 5049 supernis

1932 5076 2221 5130 virtutibus
2276 5074 2611 5144 accepisset,
2660 5072 2845 5142 procul
2900 5072 3064 5127 dubio
3114 5069 3325 5123 amoliri
3371 5084 3401 5122 a
3438 5083 3498 5123 se

1928 5166 2076 5221 illam
2122 5166 2433 5236 opinionem
2482 5165 2779 5230 debuisset,
2830 5163 3283 5234 quemadmodum
3332 5177 3498 5231 repu-

1927 5261 2079 5315 diare
2122 5274 2181 5315 se
2212 5266 2439 5314 testatus
2484 5269 2569 5314 est
2612 5263 2837 5313 alteram
2868 5256 3105 5322 ejusdem
3155 5255 3497 5325 Origenianae

1926 5354 2214 5408 sententia:
2249 5362 2492 5421 partem,
2543 5367 2664 5422 quae
2719 5348 3006 5404 inferiores
3061 5364 3232 5418 aquas
3279 5348 3494 5421 abyssi.

1926 5451 2203 5513 apostatas
2230 5442 2350 5497 illas
2372 5449 2665 5512 potestates
2686 5441 3094 5508 interpretatur.
3128 5438 3335 5508 Itaque,
3368 5438 3511 5491 dum-

1925 5551 2087 5590 unam
2130 5543 2337 5589 tantum
2368 5534 2711 5603 Origenianze
2745 5532 3017 5599 opinionis
3050 5540 3258 5601 partem
3297 5530 3493 5598 reiicit,

1929 5629 2179 5698 amplecti
2220 5644 2280 5683 se
2326 5630 2554 5683 alteram
2588 5642 2697 5682 non
2734 5626 2965 5679 obscure
2998 5625 3223 5678 indicat.
3274 5623 3384 5677 Nec
3416 5624 3493 5675 in-

1920 5719 2240 5788 iucundum,
2284 5731 2434 5791 puto,
2470 5735 2569 5774 nec
2600 5721 2790 5777 inutile
2835 5720 2997 5773 fuerit
3042 5732 3283 5772 errorem
3332 5714 3491 5769 Justi-

1914 5814 2070 5868 ’πίοιιί
2104 5814 2445 5880 imperatoris
2465 5824 2671 5869 notare.
2710 5814 2941 5877 Etenim,
2975 5810 3363 5867 tlum.aliorum
3404 5824 3487 5863 ar-
