4040 6462
542 400 809 443 CLXXXVIII

1887 399 2419 457 PROLEGOMENA.

540 514 775 569 guuntnr
826 518 1059 569 errores,
1105 506 1355 575 quilibet,
1408 516 1467 562 ut
1519 510 1730 564 cautior
1759 526 1823 566 ac
1854 514 2104 569 conside-
2137 523 2182 579 Α
2214 531 2327 569 rum
2360 529 2500 580 esse,
2552 514 2595 568 si
2646 528 2749 582 qua
2796 512 3064 567 Ambrosii
3107 512 3220 567 lora
3276 515 3543 569 illustrare
3588 527 3781 570 coner.

541 595 709 647 ratior
744 596 795 647 in
832 597 1118 652 scribendo
1146 600 1239 664 sil,
1269 600 1613 656 admonetur.
1652 602 1893 659 Primum
1944 608 2110 676 igitur

539 684 876 740 Justinianus
906 686 991 741 illa
1022 686 1203 745 Basilii
1238 691 1398 746 verba
1436 693 1532 763 (a),
1566 694 1726 765 Ἡμῖν
1754 695 1811 749 δὲ
1843 700 1935 751 καὶ
1976 699 2112 768 πρὸς

537 776 664 838 τοὺς
708 777 816 845 ἀπὸ
846 777 947 848 τῆς
991 780 1313 849 Ἐκκλησίας
1353 783 1469 836 ἐστι
1512 801 1593 846 τις
1633 784 1789 854 λόγος
1835 790 1961 858 περὶ
2002 788 2111 842 τῶν

537 862 924 934 ὃιακριθέντων
978 868 1209 934 ὑδάτων,
1257 882 1399 935 etc.,
1443 874 1495 926 in
1552 875 1788 931 medium
1840 879 2049 947 profert
2092 900 2106 936 :

538 970 659 1023 qua
693 973 815 1012 cum
859 960 933 1014 ita
972 961 1314 1032 interpretari
1364 966 1679 1022 debuisset:
1721 988 1740 1022 ι
1773 970 1911 1036 Quin
1944 970 2109 1026 etiam

539 1047 735 1118 aliquis
764 1052 921 1106 nobis
949 1052 1208 1109 adversus
1237 1055 1644 1115 ecclesiasticos
1675 1061 1937 1129 quosdam
1975 1066 2111 1117 scri-

537 1150 723 1205 ptores
748 1141 813 1194 de
842 1143 1090 1199 discretis
1111 1144 1267 1213 aquis
1292 1148 1570 1204 habendus
1600 1164 1680 1206 est
1709 1167 1910 1217 sermo,
1940 1172 1962 1205 )
1998 1156 2107 1224 ipsa

536 1247 644 1286 non
688 1242 794 1287 tam
846 1238 1029 1300 vertit,
1075 1251 1235 1306 quam
1271 1244 1550 1307 pervertit.
1600 1242 1703 1297 Sed
1742 1246 1961 1313 expedit
1996 1250 2107 1318 ipsa

536 1319 828 1380 Justiniani
876 1327 1061 1392 verba,
1109 1345 1215 1399 quo
1249 1332 1393 1387 illius
1440 1350 1594 1389 error
1642 1339 1814 1406 magis
1862 1341 2106 1401 eluceat,

539 1416 763 1470 referre.
816 1416 942 1476 Hac
971 1432 1154 1476 autem
1209 1436 1337 1478 sunt
1377 1442 1409 1480 e
1448 1437 1676 1481 tractatu
1731 1434 1987 1501 quodam,
2019 1435 2107 1502 qui

541 1517 687 1562 tomo
712 1509 755 1566 ν
786 1510 945 1567 Cone.
978 1514 1233 1572 editionis
1263 1517 1457 1583 Labb.,
1486 1535 1613 1591 pag.
1642 1523 1768 1590 661,
1800 1527 2107 1595 reperitur:

534 1600 627 1653 Δεῖ
670 1601 726 1655 δὲ
760 1603 1048 1673 προσέχειν
1078 1608 1205 1671 τοὺς
1244 1610 1541 1681 ἀκροατὰς,
1594 1616 1674 1669 ἔτι
1716 1616 1792 1684 τῷ
1816 1618 1990 1667 εἰπεῖν
2020 1617 2109 1668 τὸν

538 1693 775 1763 Πατέρα,
824 1697 967 1766 Πρὸς
1019 1700 1146 1764 τοὺς
1179 1701 1287 1754 ἀπὸ
1342 1706 1442 1776 τῆς
1494 1707 1816 1776 Ἐκκλησιας
1862 1708 1981 1761 ἐστί
2029 1726 2109 1773 τις

536 1784 665 1873 ἡμῖν
713 1785 903 1854 λόγος,
953 1793 1081 1862 περὶ
1130 1796 1435 1865 Ὠριγένους
1480 1798 1815 1867 διαλέγεται,
1861 1802 1959 1873 τῆς
2016 1803 2107 1854 τοῦ

534 1872 669 1926 Θεοῦ
713 1877 932 1949 χάριτος
970 1884 1067 1935 καὶ
1110 1885 1208 1952 τῆς
1247 1887 1409 1953 ἁγίας
1466 1886 1556 1940 τοῦ
1599 1888 1733 1942 Οεοῦ
1788 1866 2113 1963 Ἐκκλησίας
2145 1866 2187 1923 Β

534 1965 914 2057 ἀττελαθέντος,
966 1974 1057 2026 καὶ
1102 1974 1208 2028 τῶν
1264 1979 1583 2051 ὀμοφρόνων
1630 1983 1843 2052 ἐκείνῳ.
1888 1985 1963 2037 Οὐ
2002 1986 2109 2057 γὰρ

533 2051 676 2123 εἷπε,
706 2059 850 2129 Πρὸς
878 2065 1000 2128 τοὺς
1040 2067 1097 2120 ὲν
1132 2070 1196 2140 τῇ
1249 2070 1564 2142 Ἑκκλησίᾳ,
1614 2074 1768 2140 ἀλλὰ,
1798 2076 1939 2147 Πρὸς
1984 2051 2109 2143 seu;

532 2148 642 2201 ἀπὸ
689 2151 788 2219 τῆς
829 2155 1151 2227 Ἐκκλησίας
1190 2162 1320 2229 ἡμῖν
1364 2161 1479 2214 ἐστί
1528 2182 1609 2228 τις
1652 2165 1827 2233 λόγος.
1873 2168 1981 2222 Καὶ
2024 2170 2109 2223 διὰ

538 2241 636 2306 μὲν
660 2241 755 2294 τοῦ
786 2246 981 2307 εἰπεῖν,
998 2248 1185 2318 Ἡμῖν,
1211 2252 1339 2315 τοὺς
1363 2253 1459 2324 τῆς
1476 2255 1801 2327 Ἐκκλησίας
1838 2260 2103 2329 ἐδήλωσε·

534 2330 621 2383 διὰ
656 2332 713 2384 δὲ
755 2334 848 2387 τοῦ
882 2337 1075 2401 εἰπεῖν,
1107 2340 1243 2404 Τοὺς
1284 2342 1393 2395 ἀπὸ
1437 2346 1537 2416 τῆς
1592 2349 1934 2419 Ἑκκλησίας,
1984 2354 2108 2416 τοὺς

534 2423 736 2496 ταύτης
760 2428 1138 2496 ὰποπεσόντας
1161 2435 1455 2505 ἐσήμανεν.
1490 2456 1508 2488 ι
1527 2439 1921 2495 Attendendum
1950 2458 2108 2513 porro

534 2523 618 2566 est
653 2519 1014 2586 auditoribus,
1050 2523 1291 2589 Patrem,
1334 2526 1424 2581 illo
1457 2530 1614 2584 modo
1643 2530 1891 2600 loquendi
1929 2551 2106 2603 usum,

532 2607 729 2664 Sermo
763 2612 981 2679 quidam
1019 2616 1175 2670 nobis
1208 2626 1291 2672 est
1322 2619 1389 2673 ad
1441 2636 1536 2677 eos
1586 2625 1674 2687 qui
1728 2636 1853 2680 sunt
1903 2628 1971 2683 ab
2005 2628 2109 2685 Ec-

537 2701 728 2766 clesia,
758 2704 825 2758 de
854 2703 1089 2778 Origene
1122 2709 1411 2773 disserere,
1439 2729 1467 2765 a
1502 2715 1591 2768 Dei
1635 2719 1805 2788 gratia
1837 2732 1892 2775 et
1920 2732 2109 2777 sancta

532 2790 627 2845 Dei
683 2794 919 2851 Ecclesia
969 2802 1216 2870 expulso,
1266 2804 1492 2877 ejusque
1558 2812 1911 2879 sequacibus.
1983 2816 2105 2867 Non

533 2881 677 2935 enim
735 2884 898 2949 dixit,
946 2889 1027 2941 Ad
1076 2905 1170 2944 eos
1224 2896 1315 2961 qui
1367 2906 1494 2951 sunt
1543 2901 1593 2952 in
1650 2899 1929 2965 Ecclesia,
1974 2904 2107 2967 sed,

536 2972 729 3028 Sermo
766 2977 987 3044 quidam
1018 2982 1175 3035 nobis
1204 2992 1285 3036 est
1314 2988 1381 3038 ad
1412 3002 1505 3040 eos
1539 2989 1627 3056 qui
1663 2998 1789 3041 sunt
1824 2990 1891 3043 ab
1922 2990 2108 3047 Eccle-

535 3066 635 3117 sia.
666 3067 731 3119 Et
763 3083 856 3135 per
885 3069 1017 3123 illud
1049 3072 1265 3137 quidem
1293 3075 1435 3143 quod
1464 3076 1615 3143 dicit,
1645 3076 1829 3143 Nobis,
1858 3082 2110 3136 Ecclesiae

537 3159 781 3214 homines
813 3162 986 3217 dixit:
1020 3179 1116 3235 per
1160 3166 1290 3221 illud
1341 3180 1547 3235 autem,
1590 3172 1691 3239 Qui
1725 3184 1851 3227 sunt
1901 3174 1969 3229 ab
2006 3175 2108 3229 Ec—

537 3250 996 3316 clesia,dejectos
1048 3258 1116 3309 ab
1154 3258 1266 3325 ipsa
1321 3259 1619 3315 denotavit.
1650 3280 1668 3312 ι
1728 3262 1911 3316 Mirari
1965 3267 2112 3319 subit

535 3341 899 3398 Justinianum
946 3348 1322 3416 imperatorem
1364 3352 1526 3404 verba
1574 3353 1778 3416 Basilii,
1826 3371 1946 3407 cum
1986 3371 2109 3425 per-

535 3434 718 3502 Spicua
756 3435 894 3500 sint,
945 3441 996 3489 in
1033 3439 1363 3493 contrarium
1414 3456 1630 3496 sensum
1680 3444 1996 3499 detersisse.
2052 3446 2108 3501 ld

539 3527 865 3583 crediderim
917 3530 1209 3599 contigisse
1251 3546 1356 3585 non
1391 3533 1550 3586 aliam
1591 3537 1660 3587 ob
1706 3550 1958 3601 causam,
2005 3538 2107 3592 nisi

550 3619 695 3685 quod
750 3619 1096 3676 immodicum
1151 3622 1503 3679 maledicendi
1559 3626 1793 3679 studium
1847 3627 2110 3682 maximas

539 3708 792 3763 tenebras
843 3713 1008 3792 rebus
1055 3713 1373 3769 clarissimis
1422 3716 1694 3771 obducere
1747 3718 1935 3773 soleat.
1976 3718 2111 3773 Pro-

538 3800 703 3867 fecto,
735 3802 780 3855 si
817 3802 951 3857 nihil
982 3804 1151 3866 aliud,
1182 3804 1296 3872 ipsa
1336 3817 1484 3860 certe
1519 3810 1783 3862 orationis
1814 3810 1983 3863 series
2012 3810 2113 3863 im-

538 3894 728 3961 pedire
769 3894 1031 3949 debuerat
1074 3896 1364 3963 quominus
1407 3898 1551 3951 hunc
1596 3898 1780 3955 Basilii
1829 3900 2003 3954 locum
2040 3902 2112 3954 ita

540 3997 797 4051 perverse
828 3984 1300 4054 interpretaretur.
1330 3985 1524 4041 Paucis
1552 3991 1664 4056 jam
1690 3992 1929 4059 aperiam
1971 4005 2114 4044 men-

544 4084 652 4129 tem
688 4074 865 4129 Patris
900 4078 1203 4145 gravissimi
1240 4087 1404 4147 atque
1452 4083 1809 4148 propositum.
1848 4080 1959 4136 Hoc
2010 4083 2112 4135 ita-

540 4182 648 4235 que
683 4168 815 4223 dicit
852 4167 1124 4223 Basilius:
1156 4169 1311 4225 Prius
1340 4186 1649 4226 sermonem
1683 4173 2015 4227 instituimus
2050 4177 2115 4229 de

539 4266 890 4311 externorum
937 4259 1244 4324 sententiis,
1292 4259 1357 4314 de
1393 4262 1733 4316 ethnicorum
1766 4265 2015 4329 somniis,
2050 4267 2115 4321 de

542 4345 998 4415 philosophorum
1054 4348 1183 4401 deos
1249 4348 1417 4403 falsos
1493 4351 1785 4404 colentium
1844 4352 2113 4419 placitis:

542 4454 689 4491 nunc
731 4454 859 4492 vero
894 4440 1049 4493 nobis
1088 4441 1366 4495 habendus
1396 4455 1580 4496 sermo
1607 4453 1689 4495 est
1733 4443 1991 4496 adversus
2023 4458 2119 4497 eos

2213 608 2344 661 Cum
2377 607 2520 661 enim
2553 605 2686 660 nihil
2717 606 2787 659 sit
2824 614 3023 674 prmter
3065 603 3402 675 Scripturam
3451 619 3661 661 sacram
3716 605 3787 659 li-

2220 699 2333 754 bris
2374 697 2595 754 Patrum
2629 697 2949 768 pretiosius,
2999 712 3160 754 nemo
3200 706 3319 761 est,
3362 699 3454 768 qui
3486 713 3551 753 ex
3590 710 3782 752 eorum

2213 792 2589 847 emendatione
2628 789 2957 861 singularem
2992 791 3282 859 quamdam
3317 790 3498 846 animo
3534 790 3784 859 volupta—

2214 894 2319 937 tem
2372 896 2567 951 capere
2602 898 2707 939 non
2742 880 2955 937 debeat.
3000 880 3111 936 Nec
3151 895 3477 951 quemquam
3512 893 3642 951 puto
3695 895 3784 936 re—

2214 977 2419 1040 pertum
2451 970 2515 1023 iri
2550 979 2658 1024 tam
2689 972 2954 1041 iniquum,
2988 971 3078 1039 qui
3118 971 3170 1024 id
3208 971 3439 1025 alienum
3473 985 3593 1026 esse
3626 989 3655 1026 a
3693 987 3786 1025 no-

2212 1069 2323 1115 stro
2368 1062 2641 1129 proposito
2688 1063 3000 1117 arbitretur.
3045 1059 3179 1116 Cum
3225 1062 3368 1115 enim
3416 1057 3784 1116 Hexaemeron

2212 1153 2478 1207 Ambrosii
2511 1168 2615 1209 non
2651 1152 2923 1208 immerito
2950 1154 3055 1209 dici
3083 1152 3255 1223 possit
3285 1166 3422 1221 opus
3449 1152 3654 1222 Basilii,
3687 1168 3781 1209 eo—

2213 1247 2331 1299 dem
2356 1245 2479 1312 jure
2502 1255 2557 1299 et
2587 1254 2830 1301 nostrum
2862 1261 3079 1317 quoque
3101 1246 3206 1301 dici
3239 1252 3437 1314 potest,
3465 1247 3556 1316 qui
3583 1261 3781 1302 novam

2212 1336 2449 1388 omnium
2513 1334 2695 1390 Basilii
2764 1350 2987 1405 operum
3043 1338 3333 1392 editionem
3392 1339 3775 1408 suscipiamus.

2212 1426 2390 1490 Quare
2421 1424 2465 1478 si
2508 1426 2635 1492 quid
2675 1426 2816 1481 forte
2866 1426 3167 1480 occurrerit
3206 1426 3260 1479 in
3295 1424 3604 1489 Ambrosio,
3636 1424 3783 1495 quod

2212 1514 2461 1566 videatur
2484 1528 2649 1581 opera
2685 1526 2869 1569 nostra
2899 1514 3187 1571 dilucidari
3224 1529 3401 1583 posse,
3436 1513 3489 1568 id
3521 1516 3785 1570 adnotare

2216 1622 2317 1659 non
2368 1606 2589 1675 pigebit.
2638 1604 2879 1661 Primum
2921 1606 3161 1662 occurrit
3215 1606 3346 1658 illud
3398 1620 3429 1659 e
3475 1603 3569 1658 lib.
3610 1619 3670 1657 Ill
3728 1607 3746 1653 ἱ

2218 1700 2493 1765 firmem,
2528 1716 2645 1771 cap.
2680 1701 2767 1765 15,
2800 1716 2949 1756 num.
2978 1701 3084 1755 65:
3127 1719 3147 1751 ‹
3174 1699 3311 1767 Quid
3350 1706 3527 1752 autem
3569 1697 3663 1750 tibi
3699 1711 3785 1749 re-

2216 1794 2406 1856 ferant,
2438 1793 2754 1849 clementem
2794 1792 2919 1846 licet
2948 1808 3071 1848 esse
3122 1806 3450 1857 sermonem,
3498 1790 3641 1860 quod
3678 1789 3787 1842 ele-

2212 1896 2387 1939 ctrum
2422 1886 2656 1955 lacryma
2687 1883 2899 1950 virgulti
2931 1884 3024 1937 sit.
3053 1903 3070 1935 ›
3109 1884 3241 1949 Quae
3270 1884 3433 1938 verba
3470 1897 3589 1938 cum
3636 1882 3780 1951 lego,

2211 1977 2414 2047 pendeo
2455 1978 2660 2042 animi,
2710 1991 2806 2030 nec
2845 1977 2979 2030 bene
3028 1977 3264 2045 intelligo
3311 1991 3409 2031 cur
3457 1975 3780 2029 Ambrosius

2214 2082 2365 2119 suum
2402 2081 2707 2123 sermonem
2756 2066 3079 2121 clementem
3133 2067 3311 2135 potius
3360 2065 3559 2119 dixerit
3614 2079 3781 2133 quam

2214 2158 2609 2216 inclementem.
2656 2159 2794 2227 Quid
2845 2158 2991 2213 enim
3024 2170 3310 2212 commune
3351 2164 3435 2209 est
3484 2156 3788 2209 clemcn‘Zaa

2210 2266 2332 2304 cmn
2365 2251 2600 2307 electro?
2643 2254 2781 2320 Quid
2812 2253 2877 2305 ad
2920 2266 3033 2306 rem
3068 2251 3198 2303 facit
3242 2247 3509 2301 sermonis
3546 2258 3642 2301 aut
3673 2246 3787 2301 cle-

2213 2343 2408 2395 mentia
2438 2353 2524 2394 aut
2577 2340 2964 2395 inclementia?
2997 2338 3095 2391 Vix
3145 2353 3277 2408 ergo
3321 2336 3553 2391 dubitari
3607 2346 3789 2407 potest

2212 2432 2338 2499 quin
2391 2432 2679 2486 mendosus
2712 2433 2783 2486 sit
2817 2432 2904 2485 hic
2950 2430 3120 2485 locus.
3151 2430 3406 2485 Fortasse
3437 2439 3616 2485 autem
3648 2428 3786 2483 dim-

2211 2525 2313 2579 cile
2345 2540 2450 2579 non
2478 2526 2582 2581 erit
2609 2540 2733 2580 etim
2762 2525 3052 2579 emendare
3077 2540 3142 2577 ex
3174 2522 3378 2578 Graecis
3409 2521 3615 2585 Basilii,
3644 2523 3789 2590 apud

2212 2632 2370 2687 quem
2419 2618 2492 2672 ita
2543 2619 2735 2685 legitur
2787 2622 2927 2671 hom.
2958 2618 3012 2682 5,
3053 2633 3200 2671 num.
3240 2618 3273 2672 8
3322 2637 3336 2671 :
3384 2616 3554 2682 Λόγος
3600 2614 3658 2665 δὲ
3702 2614 3787 2678 τίς

2213 2710 2328 2761 ἐστι
2351 2709 2445 2762 καὶ
2466 2712 2526 2762 τὸ
2560 2710 2810 2779 ἔλεκτρον
2840 2709 2967 2760 ὀπὸν
2996 2704 3133 2761 εἷναι
3157 2708 3360 2778 φυτῶν,
3392 2727 3410 2759 ι
3440 2706 3644 2762 Ferunt
3677 2707 3791 2762 ele-

2218 2810 2391 2854 ctrum
2437 2815 2651 2868 quoque
2702 2814 2921 2853 succum
2978 2814 3107 2853 esse.
3149 2800 3521 2869 plantarum.»
3572 2799 3785 2855 Ftenim

2211 2892 2254 2944 si
2293 2905 2666 2959 comparemus
2694 2891 3055 2945 Ambrosiana
3087 2906 3210 2946 cum
3241 2889 3555 2956 Basilianis,
3589 2894 3773 2948 statim

2211 2984 2695 3039 anlmadvertimus
2723 2984 3065 3038 Ambrosium
3110 2984 3288 3055 palam
3322 2984 3633 3053 interpretis
3668 2998 3787 3050 par-

2215 3084 2294 3128 tes
2336 3089 2639 3143 peragere:
2677 3073 2871 3128 deinde
2905 3072 3063 3126 facile
3092 3071 3145 3124 in
3182 3080 3417 3124 mentem
3450 3071 3597 3123 venit
3640 3069 3787 3121 hunc

2217 3167 2389 3221 locum
2436 3181 2503 3219 ex
2534 3165 2723 3220 Graeco
2776 3167 2847 3218 ita
2895 3164 3104 3216 restitui
3144 3176 3342 3230 posse:
3380 3158 3558 3224 «Quid
3604 3168 3786 3213 autem

2216 3258 2309 3309 tibi
2340 3256 2595 3318 referam,
2626 3255 2865 3323 aliquem
2894 3253 3102 3307 scilicet
3134 3267 3256 3306 esse
3285 3266 3614 3316 sermonem,
3641 3254 3788 3321 quod

2210 3349 2468 3401 electrum
2524 3346 2759 3417 lacryma
2812 3344 3026 3413 virgulti
3083 3342 3197 3399 sit?
3235 3361 3253 3395 ι
3318 3342 3387 3398 Et
3447 3345 3613 3398 verba
3665 3360 3789 3413 qua:

2211 3440 2459 3509 proxime
2494 3449 2818 3509 sequuntur,
2848 3438 2981 3492 vitio
3012 3452 3226 3507 quoque
3253 3452 3358 3491 non
3394 3448 3581 3490 carere
3612 3436 3789 3502 suspi-

2210 3542 2308 3583 cor
2338 3545 2352 3592 ;
2403 3526 2543 3594 quod
2573 3535 2631 3578 ut
2662 3524 2876 3579 facilius
2911 3526 3267 3594 intelligatur,
3309 3533 3473 3577 totam
3502 3523 3784 3590 periodum

2213 3616 2515 3670 exscribam
2553 3617 2645 3677 ita,
2670 3623 2731 3668 ut
2761 3616 2813 3668 in
2848 3615 3129 3683 impressis
3158 3614 3308 3666 libris
3339 3612 3565 3680 legitur:
3595 3628 3613 3661 ε
3645 3609 3788 3676 Quid

2214 3717 2430 3775 autem,
2470 3707 2665 3776 inquit.
2705 3707 2799 3759 tibi
2844 3705 3099 3769 referam,
3142 3704 3459 3759 clementem
3498 3701 3625 3757 licet
3664 3715 3790 3757 esse

2216 3813 2541 3862 sermonem,
2569 3799 2710 3866 quod
2734 3796 2994 3851 electrum
3026 3796 3263 3867 lacryma
3291 3794 3506 3865 virgulti
3534 3794 3627 3862 sit,
3650 3804 3707 3848 et
3730 3795 3786 3848 in

2218 3902 2378 3945 tantae
2406 3892 2645 3943 materia:
2674 3889 3003 3944 soliditatem
3039 3888 3277 3961 lacryma
3307 3890 3616 3944 durescat»
3650 3887 3786 3941 Nam

2215 3997 2321 4048 quo
2348 3983 2517 4049 magis
2542 3982 2690 4045 illud,
2725 3999 2743 4031 ‹
2779 3990 2938 4035 tantae
2969 3982 3227 4045 materies,
3254 4000 3272 4033 ι
3308 3983 3362 4034 in
3393 3982 3574 4034 animo
3602 3978 3783 4045 volvo,

2215 4087 2282 4124 eo
2316 4072 2491 4124 minus
2536 4072 2667 4123 mihi
2702 4070 3029 4138 persuadere
3073 4086 3290 4138 possum
3336 4071 3679 4125 Ambrosium
3710 4070 3789 4124 ita

2214 4162 2451 4217 locutum
2502 4160 2689 4216 fuisse.
2740 4161 2807 4214 Et
2858 4175 3007 4225 vero,
3051 4162 3153 4215 nisi
3199 4177 3285 4217 me
3332 4166 3511 4217 omnia
3558 4162 3786 4225 fallunt,

2218 4255 2408 4309 idonea
2454 4254 2596 4308 nulla
2623 4254 2893 4309 sententia
2922 4267 2987 4307 ex
3038 4252 3123 4305 his
3154 4253 3378 4308 vocibus
3419 4254 3556 4308 elIici
3588 4262 3785 4323 potest.

2220 4348 2400 4403 Placet
2435 4350 2667 4401 maxime
2720 4348 2874 4402 lectio
2921 4347 3172 4403 editionis
3221 4347 3496 4413 Romanae,
3541 4361 3662 4414 quae
3708 4347 3787 4400 sic

2222 4442 2401 4505 habet,
2429 4461 2446 4491 ‹
2465 4449 2518 4495 et
2545 4442 2597 4494 in
2628 4442 2850 4509 lapidea:
2885 4450 3089 4494 natura:
3115 4440 3437 4495 soliditatem
3465 4440 3741 4500 durescat,
3765 4456 3785 4489 ι

544 4531 635 4598 qui
670 4537 799 4584 sunt
828 4529 896 4583 ab
926 4531 1191 4597 Ecclesia,
1224 4534 1326 4587 hoc
1358 4545 1437 4587 est
1470 4534 1732 4588 adversus
1772 4536 1915 4603 ipsos
1950 4538 2119 4590 eccle—
2150 4540 2193 4593 D
2228 4546 2336 4588 tum
2381 4534 2520 4601 quod
2556 4548 2665 4586 rem
2712 4535 2911 4599 optime
2956 4534 3218 4603 explicet,
3271 4541 3382 4587 tum
3425 4530 3567 4599 quod
3616 4528 3794 4598 possit

541 4621 793 4675 siasticos
842 4623 1154 4690 scriptores.
1202 4622 1312 4676 Nec
1345 4623 1688 4675 aberraveris
1733 4638 1762 4675 a
1800 4635 1980 4678 mente
2012 4625 2107 4677 Ba-

542 4710 671 4775 silii,
697 4712 741 4765 si
776 4713 848 4765 ita
880 4714 1261 4783 interpretere:
1282 4712 1444 4767 Nobis
1460 4713 1621 4766 etiam
1642 4714 1917 4768 habendus
1935 4729 2113 4769 sermo

544 4811 628 4856 est
683 4803 943 4857 adversus
1005 4805 1147 4872 ipsos
1194 4804 1532 4858 Christianos
1595 4804 1908 4872 scriptores.
1959 4803 2110 4869 Quod

545 4894 709 4963 igitur
754 4893 884 4948 dicit
912 4894 1270 4959 Justinianus,
1323 4895 1605 4965 Origenem
1639 4896 1708 4948 ab
1759 4896 1993 4950 Ecclesia
2026 4912 2114 4949 ex-

547 4985 760 5055 pulsum
802 4998 856 5040 et
884 4988 1115 5056 ejectum
1155 5003 1295 5051 esse,
1338 4997 1394 5040 et
1440 4988 1508 5042 ab
1546 4989 1780 5042 Ecclesia
1830 4989 2118 5051 excidisse,

547 5078 601 5133 id
633 5093 663 5133 e
696 5094 792 5132 sua
828 5078 987 5142 dixit,
1018 5094 1122 5133 non
1169 5094 1236 5131 ex
1272 5078 1454 5132 Basilii
1486 5081 1774 5133 sententia.
1804 5079 1947 5133 Nihil
1978 5080 2120 5134 aliud

553 5185 621 5223 ex
646 5168 830 5223 Basilii
861 5170 1041 5224 verbis
1065 5169 1319 5238 colligere
1344 5170 1489 5231 licet,
1518 5172 1619 5223 nisi
1646 5170 1931 5240 Origenem
1960 5170 2124 5226 fuisse

555 5261 982 5316 ecclesiasticum
1040 5263 1383 5331 scriptorem.
1428 5260 1697 5330 Quidquid
1748 5264 1883 5315 ultra
1934 5262 2123 5331 adjici-

552 5360 660 5414 tur,
699 5367 862 5406 omne
904 5352 957 5405 id
1007 5353 1390 5423 glossematum
1438 5354 1559 5408 loco
1607 5354 1934 5421 ponendum.
1980 5355 2120 5425 Lege

554 5443 815 5496 Basilium
883 5447 1130 5499 oratione
1196 5448 1356 5501 tertia
1425 5449 1479 5501 in
1544 5447 1837 5513 Heumann,
1896 5464 2041 5502 num.
2086 5448 2119 5502 8

551 5544 605 5589 et
644 5536 697 5589 9.

810 5629 838 5699 ᾗ
876 5627 945 5681 V'.
978 5630 1051 5682 De
1079 5631 1388 5699 quibusdam
1421 5632 1684 5686 Ambrosii
1723 5633 1869 5686 locis.

625 5720 716 5774 26.
758 5719 872 5774 Non
908 5730 1034 5791 puto
1069 5738 1153 5777 me
1195 5739 1305 5777 rem
1342 5726 1600 5779 studiosis
1638 5726 1901 5795 ingratam
1938 5722 2118 5779 factu-

617 5831 694 5903 (a)
736 5833 893 5889 Hom.
921 5834 952 5889 3
988 5836 1037 5889 in
1075 5833 1351 5901 ﬁrmem,
1382 5852 1523 5890 num.
1552 5836 1605 5891 9.

2222 4624 2529 4679 confirmari
2560 4638 2623 4676 ex
2659 4623 2748 4677 illo
2766 4622 2947 4677 Basilii
2967 4623 3070 4693 (ὁ),
3094 4626 3173 4686 εἰς
3200 4623 3344 4675 λίθου
3383 4621 3544 4691 φύσιν
3576 4620 3795 4691 ἀποπη-

2220 4715 2505 4784 γνύμενον,
2544 4736 2562 4763 ι
2593 4715 2645 4766 in
2677 4714 2867 4782 lapidis
2914 4723 3160 4768 naturam
3216 4724 3593 4769 concretum.»
3640 4713 3794 4780 Quo.-

2220 4808 2363 4860 niam
2412 4816 2589 4861 tamen
2622 4807 2889 4874 scriptura
2930 4808 3046 4862 haec
3092 4808 3320 4863 nimium
3367 4807 3574 4862 recedit
3612 4820 3642 4860 a
3672 4806 3796 4859 vul-

2218 4907 2361 4964 gata,
2404 4897 2643 4966 suspicor
2677 4896 2747 4949 ita
2790 4910 2857 4949 ex
2901 4895 3104 4954 Grarcis
3141 4897 3483 4954 emendatum
3522 4894 3691 4950 fuisse
3725 4893 3798 4947 ab

2220 4990 2423 5059 aliquo,
2450 4990 2542 5058 qui
2592 4989 2737 5042 hunc
2775 4987 2951 5043 locum
3007 4990 3058 5043 in
3106 4990 3301 5060 priscis
3334 4986 3662 5044 editionibus
3707 4984 3792 5037 vi-

2223 5083 2417 5135 tiosum
2467 5096 2587 5135 esse
2646 5081 2889 5135 vidisset.
2941 5081 3123 5137 Satius
3160 5081 3324 5152 igitur
3364 5094 3486 5136 esse
3533 5080 3691 5141 duco,
3744 5076 3792 5131 si

2225 5174 2398 5228 solum
2436 5183 2703 5227 mutemus
2755 5173 2896 5242 quod
2943 5185 3128 5243 aperte
3170 5174 3387 5228 videtur
3429 5186 3549 5227 esse
3601 5185 3795 5224 comt-

2223 5280 2391 5334 ptum.
2421 5264 2743 5319 Emendatio
2772 5266 2915 5318 enim
2962 5281 3067 5335 quo
3112 5265 3407 5335 simplicior
3452 5273 3558 5327 est,
3598 5278 3665 5317 eo
3696 5279 3795 5317 ve—

2229 5359 2342 5410 rior
2374 5356 2509 5410 solet
2556 5369 2675 5410 esse
2703 5364 2758 5409 et
2798 5356 3006 5410 melior.
3054 5356 3231 5422 Quare
3260 5353 3513 5408 libentius
3542 5352 3615 5405 ita
3644 5352 3794 5420 lege-

2226 5463 2359 5513 rem,
2390 5468 2407 5499 ι
2440 5457 2491 5501 et
2524 5449 2576 5501 in
2611 5456 2813 5502 tantam
2844 5448 3084 5503 materiae
3113 5446 3436 5503 soliditatem
3469 5445 3740 5509 durescat,
3770 5464 3791 5496 ι

2228 5554 2347 5592 cum
2380 5540 2459 5594 sic
2490 5550 2768 5593 correctus
2797 5539 2946 5594 locus
2974 5550 3247 5607 utcunque
3279 5538 3406 5592 ferri
3437 5538 3624 5606 possit.
3651 5538 3795 5592 Prae-

2231 5641 2375 5686 terea
2410 5632 2523 5685 haec
2559 5642 2742 5685 nostra
2772 5630 3074 5685 emendatio
3106 5630 3233 5685 hinc
3258 5628 3566 5684 conﬁrmari
3594 5636 3794 5698 potet-3t,

2228 5723 2372 5791 quod
2423 5722 2746 5776 Ambrosius
2798 5737 2901 5775 non
2954 5736 3168 5791 semper
3212 5721 3432 5778 verbum
3485 5735 3585 5791 pro
3628 5724 3795 5776 ver-bo

2291 5829 2364 5895 (b)
2408 5828 2557 5884 Hom.
2590 5829 2642 5891 5,
2679 5845 2825 5885 num.
2850 5828 2901 5883 8.
