4040 6440
1420 387 1481 442 D.
1525 386 1667 444 JUL.
1709 387 2034 445 CARNERH
2071 388 2459 447 PRJZFATIO.

3295 411 3525 451 ειςικῐς

296 510 507 573 reddat,
535 508 627 561 sed
664 505 884 564 liberius
929 509 1247 577 plerumque
1296 505 1638 575 interpretari
1674 510 1859 565 soleat.
1896 510 1937 565 Α
2032 510 2120 566 26.
2153 508 2502 564 Ambrosiana
2539 509 2628 564 illa
2656 525 2686 566 e
2732 508 2825 563 lib.
2851 525 2902 564 Iv
2930 512 2985 565 in
3009 509 3288 576 Hexaem,
3318 527 3436 578 cap.
3470 514 3527 582 5,

294 604 367 658 Ea
403 605 467 655 de
494 614 549 652 re
582 598 668 652 alii
696 598 1032 669 judicabant.

358 691 451 745 25.
497 688 633 743 Sunt
674 693 764 758 qui
817 688 1172 744 Ambrosiana
1224 689 1314 743 illa
1352 703 1382 741 e
1428 688 1520 743 lib.
1551 704 1607 743 tu
1655 694 1709 746 in
1748 690 1859 744 He-

293 798 487 845 taem.,
519 796 640 853 cap.
668 784 756 848 l0,
791 797 936 835 num.
964 782 1030 836 67
1059 801 1073 837 :
1109 804 1128 835 ‹
1155 784 1338 850 Itaque
1362 782 1401 835 si
1437 796 1629 851 magna
1660 783 1861 837 virtute

293 874 384 928 υ·ρί
418 877 657 932 sterilem
705 874 973 929 bruchum
1005 883 1145 929 terra
1189 876 1535 943 generavit,»
1580 882 1710 939 etc.,
1758 888 1857 929 cu-

290 955 488 1024 riosius
532 967 760 1024 scrutari
794 981 858 1023 ac
891 967 1233 1038 interpretari
1268 965 1552 1022 voluerunt
1583 984 1596 1020 :
1626 968 1767 1037 quod
1802 967 1856 1021 in

288 1072 451 1115 causa
500 1061 641 1121 fuit,
685 1072 781 1113 cur
829 1059 882 1114 in
919 1072 1160 1113 errorem
1212 1057 1344 1126 lapsi
1378 1072 1499 1112 esse
1550 1058 1854 1113 videantur.

288 1148 557 1219 Legerunt
596 1147 738 1201 enim
767 1148 860 1204 lib.
894 1162 947 1202 tv
980 1146 1219 1213 ejusdem
1244 1148 1299 1202 in
1336 1146 1593 1202 Hexaem.
1624 1160 1745 1215 cap.
1781 1146 1804 1199 1
1839 1163 1853 1201 :

290 1260 309 1293 c
341 1242 598 1297 Anterior
637 1241 870 1296 bruchus
896 1253 1058 1308 quam
1086 1238 1185 1305 sol,
1213 1258 1230 1291 ι
1265 1240 1353 1294 ubi
1385 1238 1488 1308 legi
1513 1246 1849 1309 oportuerat,

290 1351 310 1385 c
340 1331 580 1387 anterior
608 1335 770 1389 rubus
799 1346 959 1401 quam
992 1331 1092 1387 sol.
1119 1351 1139 1384 ι
1181 1330 1288 1387 Nec
1316 1332 1492 1396 aliter,
1531 1340 1683 1401 puto,
1732 1344 1856 1386 sen-

286 1424 403 1485 tiet,
434 1425 527 1493 qui
565 1433 724 1493 caput
760 1424 991 1492 primum
1030 1422 1303 1479 Geneseos
1354 1424 1663 1493 perlegerit,
1698 1424 1853 1489 cujus

282 1529 346 1569 ex
387 1516 617 1571 lectione
649 1514 904 1584 colligere
954 1513 1170 1575 licebit,
1222 1522 1279 1565 ut
1332 1512 1535 1579 reliqua
1577 1514 1850 1581 animalia,

284 1606 352 1660 ita
386 1609 649 1662 bruchum
679 1623 786 1661 non
820 1606 922 1659 nisi
955 1614 1075 1672 post
1098 1602 1373 1656 conditum
1401 1601 1566 1655 solem
1594 1602 1645 1654 in
1678 1602 1849 1655 lucem

282 1701 567 1767 prodiisse.
604 1699 682 1751 Ex
737 1712 842 1764 quo
879 1697 940 1748 fit
984 1703 1042 1747 ut
1076 1694 1121 1747 si
1162 1692 1481 1747 Ambrosius
1534 1693 1851 1760 scripserit,

284 1810 302 1840 ι
335 1792 579 1843 anterior
614 1788 851 1841 bruchus
894 1800 1055 1855 quam
1091 1784 1193 1851 sol,
1226 1802 1245 1836 ι
1280 1783 1452 1853 palam
1497 1784 1852 1839 convincatur

1966 617 2112 655 num.
2140 603 2226 671 l0,
2266 620 2283 653 ι
2314 599 2417 655 Sed
2448 601 2768 662 illuminatio
2796 601 2913 671 ejus
2956 602 3141 675 [ignis]
3183 603 3505 674 inexstingui

1962 689 2089 744 bilis
2115 701 2197 744 est
2224 692 2288 745 ad
2316 690 2743 758 perfunctionem
2770 694 3027 747 bonorum
3047 734 3061 757 ,
3116 696 3330 748 exustio
3365 698 3525 750 vehe-

1961 791 2113 831 mens
2138 778 2204 831 ad
2245 779 2564 847 supplicium
2595 791 2963 847 peccatorum,
3005 798 3025 831 ι
3086 793 3342 839 revocant
3395 786 3525 837 mihi

1960 869 2013 922 in
2044 867 2358 922 memoriam
2385 878 2567 922 notam
2602 874 2888 937 quamdam
2933 871 3131 933 Duczei,
3154 889 3257 943 qua
3292 872 3523 930 similem

1957 959 2227 1014 Ambrosii
2281 958 2457 1014 locum
2517 974 2547 1013 e
2583 959 2677 1013 lib.
2738 976 2797 1013 tu
2853 964 3092 1030 ejusdem
3133 964 3187 1015 in
3245 966 3523 1029 "eumn,

1958 1064 2078 1118 cap.
2118 1050 2201 1111 l3.
2257 1058 2350 1105 aut
2402 1051 2731 1117 emendavit,
2769 1062 2863 1105 aut
2910 1066 3056 1109 certe
3110 1058 3386 1109 emendari
3420 1058 3522 1109 sibi

1959 1142 2105 1194 visus
2130 1150 2234 1194 est.
2290 1140 2579 1211 Postquam
2613 1142 2778 1210 igitur
2810 1144 2989 1196 retulit
3014 1148 3100 1198 vir
3135 1146 3326 1200 doctus
3365 1148 3522 1198 verba

1956 1231 2253 1295 Ambrosii,
2287 1232 2389 1288 hoc
2417 1236 2575 1288 modo
2606 1252 2620 1288 :
2655 1250 2675 1285 ι
2709 1232 3033 1302 Prwjaciunt
3059 1238 3223 1291 ramis
3253 1237 3370 1306 ejus
3408 1236 3523 1304 pel--

1958 1337 2166 1377 marum
2192 1324 2436 1392 quaedam
2482 1326 2627 1381 velut
2655 1327 2859 1381 semina
2915 1326 3292 1390 mascularom,
3330 1328 3523 1395 quibus

1956 1410 2031 1465 illi
2056 1411 2203 1466 velut
2249 1413 2466 1482 quidam
2522 1429 2716 1470 sensus
2780 1414 3153 1485 perfruitionis
3206 1416 3521 1480 infunditur,

1953 1515 2010 1559 et
2046 1504 2271 1574 expetiti
2300 1503 2624 1559 concubitus
2653 1509 2825 1573 gratia
2864 1516 3301 1577 repraesentatur,
3340 1526 3359 1560 ι
3394 1522 3510 1563 cono

1954 1592 2183 1650 fidenter
2238 1595 2432 1650 addit:
2472 1613 2490 1645 ‹
2527 1594 2617 1649 Sic
2659 1595 2803 1650 enim
2855 1599 3249 1652 emendandum
3307 1612 3520 1663 censeo,

1952 1702 2073 1740 cum
2122 1687 2210 1743 hic
2256 1687 2446 1742 Graece
2496 1685 2725 1755 legatur,
2772 1688 2830 1738 ἐν
2878 1688 3225 1758 συναισθήσει
3264 1688 3364 1759 τῆς
3398 1689 3507 1742 ἀπο

1953 1776 2211 1841 λαύσεως.
2238 1798 2257 1831 ι
2278 1780 2537 1834 Ducteana
2570 1777 2683 1833 haec
2705 1777 2999 1833 declaratio
3031 1780 3229 1833 dudum
3256 1782 3380 1835 mibi
3411 1780 3512 1850 [ιΙᾶ

280 1877 418 1930 falsi.
456 1877 561 1929 Sed
603 1877 680 1944 (a)
714 1876 799 1929 cui
840 1873 1148 1943 persuaderi
1190 1875 1387 1941 poterit
1437 1884 1642 1928 tantum
1674 1874 1850 1927 virum
1886 1876 1929 1931 Β
1961 1870 2091 1936 cuit,
2124 1879 2179 1924 et
2209 1870 2361 1925 valde
2386 1873 2680 1926 etiamnum
2712 1873 2905 1941 placet.
2947 1870 3101 1928 Unde
3139 1874 3183 1928 si
3214 1874 3336 1945 quis
3396 1888 3517 1927 con-

279 1970 330 2019 in
362 1977 572 2020 tantum
603 1981 843 2021 errorem
873 1965 1164 2019 incidisse?
1192 1964 1331 2020 Puto
1370 1966 1534 2036 igitur
1561 1981 1683 2019 eum
1715 1967 1846 2019 scri-

276 2060 467 2127 psisse,
511 2080 530 2111 ι
562 2060 803 2113 anterior
836 2059 1001 2112 rubus
1046 2073 1205 2127 quam
1238 2059 1338 2112 sol.
1364 2076 1382 2108 ι
1435 2058 1621 2126 quue
1670 2060 1848 2113 minus

275 2153 464 2205 dubito
505 2153 636 2220 quin
670 2152 783 2204 haec
815 2150 1104 2217 scriptura,
1159 2168 1176 2200 ι
1209 2150 1397 2213 rubus,
1424 2167 1441 2200 ι
1478 2164 1614 2207 vera.
1655 2150 1724 2203 sit
1758 2165 1848 2216 ge-

274 2242 463 2304 nuina,
494 2240 635 2306 quod
673 2238 745 2291 ita
784 2248 839 2292 et
887 2239 938 2291 iu
984 2238 1259 2292 codicibus
1301 2238 1483 2291 multis
1515 2249 1569 2293 et
1610 2239 1663 2291 in
1690 2240 1849 2293 editis

272 2335 527 2387 omnibus
553 2331 707 2386 libris
734 2331 992 2400 scriptum
1019 2330 1378 2385 inveniamus.
1404 2331 1545 2385 Cave
1568 2331 1849 2385 existimes

272 2428 538 2481 bruchum
589 2426 656 2480 ab
711 2425 997 2480 Ambrosio
1047 2441 1142 2496 pro
1199 2426 1420 2480 arbusto
1469 2425 1640 2479 sterili
1695 2438 1842 2477 sum-

272 2530 419 2590 ptum
470 2532 593 2571 esse
643 2519 796 2572 ineo
845 2533 1005 2587 quem
1048 2519 1207 2572 citavi
1257 2519 1398 2572 loco.
1448 2515 1657 2570 Etenim
1710 2517 1845 2569 dixit

271 2608 595 2661 Ambrosius
637 2610 876 2662 sterilem
930 2611 1229 2673 bruchum,
1274 2624 1380 2663 non
1427 2608 1567 2677 quod
1610 2608 1844 2661 bruchus

273 2706 559 2755 arbustum
592 2700 777 2755 sterile
809 2703 902 2765 sit,
928 2704 1021 2757 sed
1048 2704 1189 2771 quod
1233 2701 1587 2758 corrodendis
1610 2699 1845 2753 arbustis

268 2787 608 2842 sterilitatem
655 2788 891 2843 inducat.
956 2787 1269 2855 Quanquam
1325 2795 1502 2839 autem
1537 2799 1658 2859 qua:
1710 2785 1841 2847 dixi,

270 2878 407 2931 satis
440 2894 713 2949 superque.
742 2895 836 2947 per
867 2892 925 2933 se
954 2888 1198 2950 pateant,
1245 2887 1471 2948 possunt
1521 2887 1698 2931 tamen
1735 2892 1839 2930 non

265 2982 461 3035 parum
510 2972 692 3024 verbis
728 2970 913 3023 Basilii
943 2970 1275 3025 conﬁrmari.
1344 2970 1470 3023 ιιωο
1500 2979 1679 3023 autem
1716 2978 1842 3023 sunt

269 3061 455 3115 homil.
484 3060 517 3113 6
540 3100 555 3123 ,
593 3078 739 3113 num.
779 3062 849 3116 ἓξ
888 3062 954 3113 Ἦ
1010 3061 1083 3132 γῆ
1120 3061 1445 3130 πεπλήρωτο
1472 3062 1582 3124 τοῖς
1622 3062 1841 3123 οἰκείοις

265 3153 589 3222 γεννήμασι,
617 3152 687 3205 τά
705 3170 764 3205 τε
792 3154 960 3224 μυρία
979 3153 1107 3225 γένη
1134 3153 1242 3206 τῶν
1269 3152 1507 3223 βοτανῶν
1541 3150 1841 3223 ὲκόλαστή-

1958 1959 2202 2015 tcnderet
2236 1958 2524 2029 legendum
2560 1974 2683 2013 esse
2722 1963 2863 2030 apud
2887 1963 3229 2017 Ambrosium
3259 1964 3312 2017 in
3368 1973 3518 2018 utro-

1955 2066 2059 2121 que
2086 2067 2245 2122 quem
2276 2052 2567 2107 citavimus
2606 2052 2743 2119 loco,
2780 2070 2799 2104 ι
2830 2053 3132 2122 perfruitio,
3170 2072 3189 2105 ι
3225 2054 3315 2107 ubi
3349 2072 3364 2105 ι
3400 2068 3506 2123 per

1954 2143 2119 2197 functi
2157 2163 2176 2195 ι
2214 2144 2414 2213 legitur
2443 2144 2498 2198 in
2534 2144 2718 2213 editis,
2756 2146 2827 2201 ab
2854 2145 2970 2214 ejus
3001 2146 3253 2215 opinione
3290 2160 3395 2199 non
3448 2144 3517 2198 ita

1958 2233 2182 2287 multum
2218 2235 2483 2288 abessem.
2516 2234 2585 2287 Et
2626 2247 2682 2290 ut
2714 2246 2921 2292 taceam
2952 2252 3095 2292 nunc
3146 2236 3212 2291 de
3262 2236 3517 2290 emenda-

1956 2325 2101 2379 tione
2160 2323 2359 2391 Ducaai,
2388 2325 2622 2379 dubitari
2660 2327 2745 2380 vix
2797 2344 2954 2397 posse
3013 2329 3250 2383 arbitror
3306 2329 3434 2398 quin
3467 2329 3515 2381 in

1953 2418 2057 2474 alio
2091 2416 2211 2473 loco
2262 2416 2367 2486 legi
2414 2426 2684 2486 oporteat,
2718 2436 2738 2469 ι
2776 2419 2842 2471 ad
2899 2420 3304 2487 perfruitionem
3347 2422 3512 2476 bons-

1952 2526 2096 2576 rum,
2136 2528 2156 2562 ι
2202 2524 2323 2564 cum
2373 2509 2515 2564 hunc
2582 2511 2852 2566 Ambrosii
2900 2510 3073 2566 locum
3105 2511 3172 2564 ad
3233 2511 3451 2565 verbum
3491 2525 3511 2565 ε

1953 2600 2149 2656 Basilio
2190 2615 2507 2657 conversum
2569 2618 2690 2657 esse
2730 2605 2904 2672 palam
2944 2603 3036 2659 sit.
3089 2600 3418 2658 Proferimus
3467 2603 3509 2657 ir

1953 2694 2185 2746 medium
2214 2696 2374 2748 verba
2391 2694 2570 2749 Basilii
2602 2710 2669 2748 ex
2700 2695 2941 2748 oratione
2968 2706 3119 2749 sexta
3150 2698 3205 2748 in
3231 2695 3509 2750 Ilexacm..

1952 2800 2099 2837 num.
2131 2785 2185 2849 ὅ,
2213 2797 2407 2840 utcum
2434 2786 2804 2841 Ambrosianis
2821 2787 3032 2856 possint
3066 2785 3509 2855 comparari.Ka.‘

1946 2876 2008 2929 τὸ
2047 2877 2144 2947 μὲν
2188 2877 2304 2947 φῶς
2336 2879 2417 2940 εἰς
2446 2877 2743 2932 ἀπόλαυσιν
2790 2880 2905 2943 τοῖς
2934 2878 3191 2943 δικαίοις,
3223 2879 3286 2931 τὸ
3317 2878 3373 2932 δὲ
3418 2880 3506 2948 τῆ·

1947 2968 2190 3034 καύσεως
2211 2969 2468 3041 ὀδυνηρὸν
2486 2971 2599 3030 τοῖς
2616 2968 2993 3041 κολαζομένοις
3009 2969 3492 3041 ἀποταχθήσεςθσι

1953 3078 1973 3111 ι
2003 3060 2070 3114 Et
2098 3060 2235 3122 fore.
2265 3070 2323 3115 ut
2352 3061 2442 3115 lux
2475 3060 2691 3129 quidem
2721 3061 2775 3115 in
2803 3059 3117 3115 fruitionem
3145 3060 3309 3127 justis
3338 3100 3353 3125 ,
3382 3062 3485 3115 adu

1949 3151 2141 3203 stionis
2166 3166 2295 3205 vero
2344 3154 2615 3207 acerbitas
2643 3150 2928 3221 puniendis
2955 3150 3277 3205 destinetur.
3325 3169 3344 3203 ι
3406 3150 3487 3207 No

263 3260 431 3307 σατα,
468 3247 565 3298 καὶ
616 3246 979 3310 παντοδαποῖς
1032 3246 1197 3300 εἴδεσι
1232 3245 1416 3317 φυτῶν
1448 3245 1835 3318 εὐθηνουμένη.

1943 3250 2106 3294 stram
2156 3240 2294 3295 hanc
2349 3241 2717 3311 conjecturam
2770 3242 3019 3296 nonnihil
3082 3242 3209 3296 hinc
3264 3242 3505 3319 adjuvari

263 3333 460 3396 Ἥλιος
488 3334 545 3386 δὲ
575 3334 729 3387 οῠπω
761 3331 850 3405 ἦν,
905 3336 1000 3388 καὶ
1032 3336 1251 3406 σελήνη.
1308 3354 1327 3386 ι
1389 3336 1554 3391 Terra
1606 3338 1837 3406 propriis

264 3425 604 3493 get-minibus
639 3437 755 3481 erat
806 3428 1004 3483 referta
1039 3445 1055 3481 :
1094 3428 1531 3497 quandoquidem
1578 3438 1633 3483 et
1687 3430 1839 3483 innu-

266 3531 417 3570 mera
476 3518 773 3587 protulerat
832 3519 1122 3574 herbarum
1180 3519 1836 3590 genera,etomnimodis

262 3610 572 3677 plantarum
627 3612 910 3682 speciebus
979 3612 1331 3669 exuberabat.
1379 3614 1615 3668 Necdum
1658 3624 1833 3669 tamen

260 3711 381 3755 erat
403 3702 505 3767 sol,
545 3713 639 3755 aut
667 3702 814 3756 luna.
851 3721 869 3754 ι
898 3702 1108 3757 Etenim
1140 3705 1281 3771 quod
1322 3703 1556 3760 Basilius
1583 3707 1835 3758 universe

260 3794 399 3845 dixit
428 3793 494 3846 de
522 3793 828 3856 fruticibus,
862 3794 913 3848 id
947 3793 1447 3863 speciatimdixissc
1468 3795 1832 3859 Ambrosium,

259 3883 356 3936 lib.
416 3898 487 3943 ιν,
547 3900 696 3938 num.
726 3886 779 3950 1,
815 3886 881 3940 de
939 3886 1074 3939 rubo
1108 3887 1454 3954 perspicuum
1510 3896 1614 3942 est.
1664 3887 1728 3942 Et
1778 3888 1831 3942 in

256 3973 443 4026 verbis
499 3972 602 4026 illis
660 3988 780 4042 qua:
827 3974 1072 4043 proxime
1120 3986 1440 4044 sequuntur,
1503 3994 1522 4027 ι
1555 3977 1663 4032 noli
1704 3992 1831 4048 ergo

256 4062 427 4116 Deum
468 4067 716 4129 credere,
752 4065 838 4119 cui
874 4065 1025 4120 vides
1089 4066 1181 4121 Dei
1238 4082 1460 4121 munera
1498 4083 1615 4122 esse
1647 4069 1833 4137 praela-

260 4164 337 4217 ta,
363 4171 382 4203 ι
418 4153 636 4218 aliquod
663 4168 877 4221 quoque
904 4154 1094 4208 vitium
1131 4155 1309 4211 inesse
1329 4158 1595 4224 suspicor.
1617 4157 1827 4213 Etenim

255 4242 385 4311 quid
440 4242 541 4296 sibi
593 4241 717 4296 velit
759 4242 907 4307 illud,
964 4262 982 4294 ι
1032 4245 1138 4299 noli
1169 4260 1297 4313 ergo
1330 4246 1493 4300 Deum
1520 4249 1765 4316 credere,
1805 4268 1822 4300 ι

255 4347 362 4387 non
396 4334 530 4387 satis
558 4332 824 4402 intelligo.
854 4333 980 4388 Mihi
1038 4344 1216 4389 autem
1266 4336 1558 4391 verisimile
1591 4337 1680 4401 fit,
1732 4354 1829 4408 pro

252 4423 342 4479 his
369 4424 571 4489 verbis,
616 4442 636 4475 ι
671 4424 779 4479 noli
811 4440 941 4494 ergo
978 4425 1142 4480 Deum
1176 4427 1424 4491 credere,
1448 4444 1484 4480 ἰ
1530 4429 1632 4497 legi
1664 4444 1825 4499 opor—

255 4526 394 4579 tere,
444 4532 464 4567 ι
510 4514 611 4568 ηοιὶ
645 4530 775 4585 ergo
811 4516 919 4572 Deo
962 4533 1068 4572 non
1094 4520 1316 4572 credere
1342 4518 1475 4589 (6|).
1506 4539 1525 4573 ι
1577 4520 1654 4575 lta
1680 4525 1823 4577 cnim

248 4608 457 4674 optime
486 4607 661 4661 oratio
704 4608 1017 4663 cohaerebit.
1052 4607 1165 4665 Hoc
1215 4612 1359 4664 enim
1392 4613 1605 4667 videtur
1643 4615 1823 4669 dicere

248 4695 571 4752 Ambrosius
607 4714 622 4751 :
652 4698 760 4753 Etsi
785 4698 865 4753 sol
899 4707 954 4753 et
1002 4700 1121 4755 alia:
1151 4702 1392 4772 quaedam
1442 4715 1703 4759 creaturae
1726 4722 1822 4775 pro

252 4788 357 4842 diis
416 4788 683 4853 colantur,
737 4803 973 4860 veroque
1027 4793 1136 4847 Deo
1193 4792 1582 4862 praeferantur,
1651 4815 1670 4848 ι
1712 4799 1821 4851 noli

249 4888 536 4949 propterea
574 4880 686 4937 Deo
718 4895 827 4939 non
857 4883 1094 4939 credere.
1140 4902 1159 4935 ι
1215 4882 1386 4953 Hujus
1416 4885 1819 4955 interpretatio-

247 4973 336 5026 nis
360 4982 639 5029 auctorem
668 4974 842 5031 habeo
875 4974 1221 5029 Ambrosium
1260 4976 1455 5047 ipsum,
1492 4979 1581 5046 qui
1611 4977 1702 5032 lib.
1734 4995 1817 5043 ιιι,

248 5080 398 5117 num.
432 5063 523 5127 27,
575 5065 654 5119 sic
688 5064 970 5136 loquitur:
1008 5083 1028 5117 ‹
1064 5065 1250 5121 Solent
1274 5068 1417 5122 enim
1458 5068 1699 5139 plerique
1738 5072 1817 5125 di-

246 5172 411 5211 cere:
445 5156 554 5211 Nisi
586 5157 903 5213 clementior
928 5156 1058 5213 solis
1088 5156 1236 5213 calor
1280 5158 1589 5227 tepefecerit
1621 5168 1814 5229 terras,

1940 3333 2332 3396 existimamus,
2382 3336 2523 3402 quod
2566 3336 2957 3389 admoneamur
3009 3334 3061 3387 in
3095 3334 3258 3399 notis,
3297 3334 3503 3390 codices

1945 3439 2075 3479 mss.
2114 3441 2219 3480 non
2248 3424 2349 3480 sibi
2386 3434 2660 3491 constare,
2692 3424 3016 3482 habentibus
3039 3426 3193 3495 aliis,
3238 3444 3256 3477 ι
3296 3427 3361 3480 ad
3388 3442 3485 3495 per

1937 3516 2221 3571 fectionem
2247 3517 2530 3584 bonorum,
2564 3536 2584 3570 ι
2639 3520 2784 3586 aliis,
2836 3537 2855 3569 ι
2893 3522 2959 3573 ad
2999 3518 3450 3588 perfunctionem.
3484 3537 3503 3569 ι

1938 3604 2403 3661 Verisimillimum
2438 3611 2583 3662 enim
2621 3608 2753 3661 mihi
2778 3608 3012 3672 videtur,
3062 3610 3107 3663 si
3150 3608 3366 3664 codices
3395 3609 3497 3678 plu-

1938 3713 2025 3751 res
2048 3699 2478 3763 consulerentur,
2502 3700 2638 3764 l'ore,
2676 3708 2735 3753 ut
2767 3700 3007 3754 nonnulli
3055 3701 3375 3763 scripturam
3417 3716 3500 3755 ve-

1938 3804 2050 3841 ram
2082 3803 2499 3861 germanamque
2523 3792 2862 3859 exbiberent,
2922 3792 3025 3846 hoc
3062 3802 3168 3856 est,
3210 3810 3229 3842 ι
3277 3791 3496 3861 perfrui-

1936 3881 2159 3946 tionem,
2203 3902 2222 3934 ι
2282 3899 2389 3938 non
2447 3903 2466 3937 ι
2499 3884 2911 3955 perfectionem,
2948 3905 2967 3938 ι
3006 3901 3180 3955 neque
3224 3902 3244 3937 ι
3293 3884 3483 3954 perfun

1934 3974 2188 4027 ctionem.
2224 3993 2242 4026 ι

2000 4062 2091 4115 27.
2118 4060 2461 4118 Conveniunt
2518 4065 2662 4118 inter
2699 4080 2759 4119 se
2784 4073 2837 4120 et
2888 4064 3016 4119 editi
3053 4075 3106 4120 et
3127 4065 3343 4122 codices
3370 4080 3483 4121 mss

1932 4152 1985 4206 in
2014 4168 2079 4208 eo
2100 4155 2239 4217 loco.
2272 4156 2363 4209 ubi
2385 4154 2613 4211 Basilius
2638 4172 2939 4213 sermonem
2968 4160 3200 4215 inatituit
3229 4161 3295 4214 de
3324 4161 3496 4214 vultu-

1932 4244 2100 4299 ribus.
2128 4244 2253 4315 Ejus
2284 4247 2395 4299 hzec
2421 4258 2546 4301 sunt
2572 4248 2733 4303 verba
2770 4252 3014 4305 oratione
3047 4252 3079 4305 8
3108 4253 3163 4303 in
3217 4250 3495 4305 Ηιπαεηι..

1931 4351 2078 4389 num.
2105 4334 2139 4389 6
2167 4354 2181 4388 :
2229 4336 2405 4391 Πολλὰ
2464 4339 2571 4391 τῶν
2620 4341 2850 4411 ὀρνίθων
2882 4343 3013 4412 γένη
3050 4342 3203 4395 οὐδὲν
3230 4343 3367 4415 πρὸς
3402 4344 3495 4416 τὴν

1930 4429 2124 4500 κύησιν
2166 4428 2333 4483 δεῖται
2363 4432 2461 4503 τῆς
2498 4433 2607 4485 τῶν
2653 4435 2897 4505 ἀρρένων
2932 4436 3267 4506 ὲπιπλοκῆςθ
3296 4438 3414 4490 ἀλλ’
3443 4441 3495 4491 ὲν.

1933 4519 2029 4589 μὲν
2076 4523 2185 4583 τοῖς
2242 4519 2419 4587 ἄλλοις
2460 4526 2628 4592 ἄγονά
2678 4528 2792 4578 ἐστι
2832 4526 2899 4579 τὰ
2938 4528 3241 4599 ὑπηνέμια·
3278 4530 3405 4591 τοὺς
3442 4529 3493 4581 δὲ

1932 4612 2107 4679 γύπας
2129 4617 2288 4683 φασὶν
2310 4616 2693 4681 ἀσυνδυὰστως
2720 4617 2925 4671 τίκτειν
2961 4620 3036 4682 ὡς
3089 4619 3159 4672 τὰ
3191 4619 3379 4683 πολλὰ,
3405 4622 3492 4672 καὶ

1926 4704 2094 4758 ταῦτα
2128 4708 2606 4778 μακροϐιωτάτους
2632 4710 2817 4773 ὄντας·
2851 4708 2933 4774 οἷς
2966 4728 3031 4778 γε
3078 4711 3269 4781 μέχρις
3303 4712 3492 4767 ἑκατὸν

1926 4794 2083 4859 ἑτῶν,
2112 4796 2187 4858 ὡς
2214 4797 2282 4849 τὰ
2318 4796 2506 4861 πολλὰ,
2547 4800 2983 4869 παρατείνεταιή
3011 4799 3142 4871 ζωή.
3202 4800 3371 4853 Τοῦτό
3405 4819 3489 4871 μοι

1923 4887 2012 4958 ἔχε
2042 4891 2638 4961 παρασεσημειωμένον
2687 4894 2751 4943 ἐκ
2790 4892 2888 4961 τῆς
2919 4894 3043 4960 περὶ
3092 4896 3218 4957 τοὺς
3273 4893 3485 4965 ὄρνιθας

1926 4978 2185 5050 ἱστορίας,
2245 4982 2310 5033 't‘v'
2335 4984 2553 5036 ἐπειδάν
2600 4999 2729 5035 ποτε
2785 4985 2898 5057 ἴδῃς
2922 4985 3192 5052 γελῶντὰς
3242 5002 3394 5048 τινας
3432 4986 3484 5037 τ)

1927 5072 2220 5141 μυστήριον
2251 5076 2283 5145 ἡ
2293 5073 2431 5144 μῶν,
2457 5074 2532 5136 ὡς
2558 5075 2813 5128 ἀδυνάτου
2838 5077 2988 5138 ὄντος
3012 5078 3104 5129 καὶ
3130 5075 3232 5141 ἔξω
3262 5078 3360 5147 τῆς
3393 5078 3475 5145 φύ-

1924 5181 2059 5228 σεως
2082 5166 2349 5236 παρθένον
2372 5171 2568 5231 τεκεῖν,
2598 5167 2699 5237 τῆς
2736 5168 3032 5237 παρθενίας
3064 5169 3235 5237 αὐτῆς
3290 5168 3473 5237 φυλατ-

245 5259 298 5299 et
333 5247 731 5316 quodammodo
758 5249 923 5302 radiis
942 5248 1057 5302 suis
1089 5246 1311 5312 foverit,
1346 5263 1450 5303 non
1481 5250 1678 5317 poterit
1698 5264 1819 5317 ger-

1943 5257 2147 5329 ‘opévnc
2185 5261 2473 5331 ἀχράντου,
2496 5261 2806 5333 ὲνθυμηθῇς
2826 5263 2906 5314 ὅτι
2936 5263 2963 5313 ὁ
2991 5260 3290 5331 εὐδοκήσας
3328 5262 3384 5313 ὲν
3414 5266 3479 5330 τῇ

245 5338 458 5392 minare
486 5346 628 5391 terra
652 5356 667 5403 ;
691 5347 747 5391 et
781 5348 1063 5409 propterea
1099 5346 1291 5407 gentes
1349 5338 1588 5392 divinum
1645 5340 1815 5395 hono-

245 5444 363 5485 rem
390 5431 653 5497 deputant
686 5429 809 5496 soli,
849 5432 990 5499 quod
1023 5432 1224 5484 virtute
1268 5429 1468 5484 caloris
1519 5430 1599 5484 sui
1656 5440 1816 5486 terra-

245 5536 364 5576 rum
397 5531 644 5592 penetret
667 5521 838 5586 sinus,
878 5540 896 5573 ι
936 5531 1041 5576 etc.

318 5639 395 5711 (a)
434 5640 605 5709 Leges
636 5650 815 5694 notam
845 5640 1096 5709 primam,
1129 5656 1181 5709 p.
1208 5640 1294 5693 65.

1916 5349 2097 5421 μωρίᾳ
2125 5351 2219 5403 τοῦ
2254 5354 2603 5424 κηρύγματος
2627 5354 2796 5408 σῶσαι
2822 5356 2947 5416 τοὺς
2979 5353 3345 5418 πιστεύοντας,
3380 5371 3475 5422 μυ·

1912 5440 2036 5509 ρίας
2090 5443 2155 5495 ὲκ
2203 5444 2300 5513 τῆς
2351 5444 2562 5513 φύσεως
2590 5444 2842 5517 ἀφορμὰς
2878 5443 3014 5515 πρὸς
3042 5444 3139 5513 τὴν
3169 5443 3349 5496 πίστιν
3372 5443 3478 5494 τῶν

1911 5530 2226 5599 παραδόξων
2252 5533 2592 5588 κατεϐάλετο.
2636 5553 2655 5585 ι
2694 5534 2875 5588 Multis
2898 5534 3074 5586 aviqu
3099 5533 3383 5601 generibus
3414 5537 3476 5583 ad

315 5754 427 5829 (tsi)
460 5752 857 5829 Hallucinatum
887 5768 966 5819 se,
1006 5770 1126 5829 cum
1155 5755 1266 5829 haec
1308 5753 1590 5829 scriberet,
1623 5755 1926 5829 fateturj).
1975 5757 2269 5816 Garnerius
2299 5762 2350 5815 in
2382 5758 2705 5815 Prmfatione
2751 5766 2879 5815 tom.
2918 5754 2961 5811 ll
3006 5754 3140 5828 [Ill],
3178 5756 3207 5829 ς
3244 5772 3353 5823 xlv,
3388 5759 3470 5811 cui

242 5825 454 5879 titulum
518 5823 647 5879 fecit
696 5841 711 5878 :
760 5822 836 5878 De
884 5824 1073 5878 erratis
1130 5825 1443 5894 quibusdam
1494 5826 1638 5893 meis,
1691 5836 1795 5880 etc.
1836 5826 1993 5882 Enn.
