4040 6440
516 408 617 449 CIC

1872 380 2410 441 PROLEGOSIENA.

511 513 835 572 conceptum
868 500 1003 556 nihil
1030 513 1166 568 opus
1202 506 1284 552 est
1335 499 1566 553 marium
1597 499 1785 569 copula
1823 515 1837 550 :
1884 504 1978 557 sed
2025 502 2076 554 in
2105 502 2151 557 Α
2183 496 2571 549 incarnationis
2616 492 2865 547 decorem
2908 489 3184 560 probaret,
3214 503 3266 547 et
3297 500 3562 548 astrueret
3600 496 3748 547 veri-

511 596 631 648 aliis
685 594 972 662 generibus
1027 591 1167 644 edita
1199 591 1335 643 citra
1366 590 1565 645 coitum
1598 606 1729 654 ova,
1790 590 2075 648 infecunda

512 695 660 741 sunt.
688 685 895 741 Ferunt
932 691 1113 737 autem
1147 682 1265 737 sine
1295 684 1440 737 coitu
1474 691 1532 738 ut
1585 684 1876 754 plurimum
1918 700 2077 755 pare-

512 786 573 827 re
602 776 865 833 vultures,
890 767 1016 822 licet
1045 768 1281 821 maxime
1322 768 1592 833 longaevos
1620 782 1635 821 :
1664 768 1860 836 quippe
1884 771 2078 839 quibus

511 866 622 919 vita
657 863 721 917 ad
761 870 978 916 centum
1008 874 1177 930 usque
1210 874 1378 913 annos
1419 859 1737 929 plerumque
1797 861 2079 929 protenda-

516 966 622 1009 tur.
657 953 712 1007 ld
760 952 919 1006 velim
952 961 1197 1007 notatum
1227 950 1637 1006 etobservatum
1673 966 1739 1005 ex
1774 953 1960 1008 alitum
1996 952 2079 1005 bi-

512 1043 699 1108 storia,
729 1050 788 1096 ut
830 1042 876 1096 si
934 1041 1147 1109 quando
1194 1040 1479 1097 nonnullos
1511 1040 1708 1095 videris
1762 1044 2077 1113 mysterium

515 1144 757 1191 nostrum
782 1132 1031 1196 irridere,
1056 1133 1208 1201 quasi
1237 1131 1352 1187 ﬁeri
1382 1140 1635 1203 nequeat,
1672 1142 1726 1188 et
1756 1135 1911 1204 quasi
1948 1134 2019 1189 sit
2048 1148 2079 1187 a

492 1236 707 1287 natura
742 1221 1001 1289 alienum,
1026 1232 1085 1276 ut
1116 1222 1269 1291 virgo
1289 1264 1305 1290 ,
1336 1222 1643 1291 virginitate
1699 1224 1815 1292 ejus
1861 1224 2081 1278 inteme—

515 1320 633 1367 rata
659 1320 1029 1379 permanente,
1053 1314 1342 1383 pepererit,
1362 1311 1543 1365 veniat
1590 1314 1643 1365 in
1692 1320 1924 1367 mentem
1960 1314 2077 1377 tibi,

515 1402 703 1469 Deum,
733 1403 817 1458 cui
858 1417 955 1472 per
1013 1402 1407 1474 praedicationis
1464 1401 1748 1456 stultitiam
1802 1405 2081 1458 credentes

514 1491 693 1547 salvos
731 1492 913 1550 facere
935 1495 1116 1556 libuit,
1142 1494 1421 1545 innumera
1452 1491 1836 1559 incitamenta,
1866 1494 1933 1549 ab
1967 1495 2080 1564 ipsa

516 1595 706 1639 natura
739 1586 1042 1652 desumpta,
1075 1585 1141 1638 ad
1175 1584 1331 1639 iidem
1377 1586 1541 1641 rebus
1593 1586 1873 1653 stupendis
1902 1583 2083 1639 conci-

516 1676 750 1729 liandam
802 1675 856 1729 in
916 1684 1253 1730 antecessum
1319 1677 1735 1747 proposuisse.)
1800 1674 1926 1730 Haec
1964 1690 2083 1743 qua:

515 1766 757 1836 longiora
787 1767 1015 1821 fortasse
1041 1766 1383 1829 videbuntur,
1417 1782 1523 1820 non
1557 1766 1677 1821 ideo
1714 1766 1871 1820 retuli
1897 1806 1912 1830 ,
1939 1766 2082 1835 quod

2185 587 2388 641 tatem?
2424 606 2443 639 ι
2477 584 2645 639 Nemo
2680 599 2784 638 non
2812 582 2954 635 videt
3001 580 3344 639 Ambrosium
3400 585 3585 639 istlttec
3629 583 3749 640 fere

2183 679 2250 731 ad
2278 679 2497 733 verbum
2525 678 2860 731 convertisse
2901 690 2931 728 e
2955 671 3151 728 Basilio
3170 712 3185 737 ,
3214 676 3307 727 sed
3352 678 3421 731 ita
3454 686 3651 738 tamen,
3684 684 3749 730 ut

2182 786 2244 825 ea
2273 766 2671 838 quodammodo
2703 783 2800 821 sua
2832 766 3027 821 fecisse
3048 767 3308 826 videatur,
3345 778 3437 822 aut
3479 768 3745 831 ornando,

2183 869 2278 914 aut
2311 858 2637 929 amplianda.
2663 857 2749 921 Et,
2780 858 2923 926 quod
2956 858 3021 912 ad
3084 872 3194 911 rem
3237 856 3492 925 pertinet,
3542 857 3749 928 perspi-

2183 965 2343 1005 cuum
2394 956 2478 1002 est
2522 964 2588 1003 ex
2632 947 2741 1015 his,
2793 947 3135 1001 Ambrosium
3184 962 3290 1003 non
3338 946 3495 1001 aliter
3552 950 3751 1019 legisse

2186 1050 2344 1109 atque
2367 1053 2509 1092 nunc
2532 1038 2764 1109 legitur:
2801 1036 2851 1090 id
2900 1039 3041 1107 quod
3095 1038 3387 1104 suspicioni
3440 1037 3749 1095 Combelisii

2185 1147 2292 1185 non
2353 1130 2531 1185 minus
2587 1130 2944 1193 adversatur,
3008 1143 3170 1197 quam
3218 1145 3409 1199 magna
3465 1127 3555 1182 illa
3586 1147 3751 1199 quam

2187 1223 2341 1277 initio
2392 1222 2574 1276 testati
2623 1236 2810 1275 sumus
2860 1221 3120 1275 librorum
3162 1223 3339 1276 omnis
3370 1220 3583 1289 generis
3618 1238 3751 1277 con-

2186 1313 2385 1369 sensio.
2429 1312 2652 1368 Accedit
2678 1311 2842 1364 etiam
2882 1312 3025 1381 quod
3061 1320 3218 1367 vetus
3246 1315 3519 1379 interpres
3561 1311 3754 1367 Eusta-

2189 1404 2333 1459 thius
2373 1406 2467 1471 ita,
2506 1413 2563 1457 ut
2585 1402 2851 1470 hodieque
2891 1403 3110 1473 legitur,
3142 1403 3333 1471 legerit
3368 1411 3422 1457 et
3459 1404 3591 1473 ipse.
3622 1404 3753 1459 Vide

2187 1496 2575 1565 Appendicem.
2611 1492 2764 1559 Quod
2818 1494 2967 1549 addit
3001 1495 3375 1558 Combelisius,
3412 1512 3432 1545 ι
3503 1495 3750 1551 Subven-

2191 1595 2345 1641 tanea
2373 1585 2621 1646 fecunda,
2650 1588 2793 1652 quod
2831 1588 3148 1656 ascriptum,
3184 1600 3253 1641 ex
3300 1585 3542 1655 margine
3599 1588 3754 1641 obre-

2192 1680 2317 1746 psit,
2356 1696 2375 1729 ι
2410 1678 2461 1730 id
2506 1678 2701 1730 mirum
2732 1676 2901 1730 videri
2936 1685 3148 1746 potest,
3184 1692 3306 1731 cum
3352 1677 3469 1731 hac
3516 1685 3755 1746 pugnent

2192 1772 2334 1823 inter
2380 1782 2439 1822 se
2476 1784 2490 1820 :
2525 1769 2617 1821 sed
2675 1768 2957 1837 scripsisse
3006 1771 3183 1823 virum
3230 1769 3446 1824 doctum
3494 1767 3754 1831 arbitror,

517 1860 737 1914 allatam
766 1875 795 1913 a
824 1859 1026 1914 Basilio
1057 1859 1121 1912 de
1156 1857 1458 1912 vulturibus
1479 1857 1763 1912 historiam
1812 1858 2035 1926 probem
2071 1883 2081 1915 :
2119 1859 2161 1914 Β
2192 1882 2210 1914 ι
2244 1863 2606 1915 subventanea
2668 1860 2976 1925 infecunda,
3011 1880 3029 1913 ι
3083 1864 3153 1916 ob
3198 1862 3289 1916 illa
3338 1861 3545 1929 Basilii,
3586 1863 3757 1930 ἄγονα

517 1954 610 2005 sed
630 1952 755 2004 utin
788 1960 1105 2005 transcursu
1140 1950 1362 2006 doceam
1395 1952 1541 2006 hunc
1569 1950 1747 2005 Basilii
1782 1952 1857 2021 (a)
1908 1952 2082 2006 locum

518 2056 711 2095 sanum
735 2056 857 2096 esse
883 2050 937 2096 et
968 2041 1363 2110 incorruptum.
1410 2041 1526 2094 Non
1573 2056 1789 2109 possunt
1848 2043 2010 2112 igitur
2055 2058 2084 2096 a

515 2131 844 2187 Combelisio
903 2131 1064 2186 aliter
1121 2131 1388 2185 sentiente
1450 2146 1555 2184 non
1611 2130 1924 2186 dissentire.
1982 2133 2085 2189 Sed

520 2222 692 2291 ipsum
753 2221 1053 2276 audiamus.
1088 2222 1404 2287 «Laborat,
1459 2222 1668 2292 inquit,
1730 2235 1912 2294 aperte
1975 2237 2088 2279 tex—

520 2319 632 2375 tus,
690 2308 997 2380 falsumque
1051 2310 1248 2381 ingerit
1305 2326 1521 2365 sensum
1558 2352 1574 2377 ,
1610 2327 1768 2381 quem
1819 2312 2088 2379 interpres

519 2404 824 2475 expressit;
876 2404 1032 2473 quasi
1082 2406 1163 2460 sic
1203 2407 1487 2474 concipere
1519 2408 1721 2471 absque
1758 2418 1906 2456 mare
1937 2417 2088 2456 com-

520 2511 686 2553 mune
736 2498 808 2551 sit
854 2496 1097 2566 pluribus
1131 2496 1311 2549 avium
1343 2495 1652 2564 generibus.
1702 2494 1759 2548 ln
1796 2511 1901 2549 uno
1938 2494 2089 2549 Basi-

522 2586 626 2641 lius
652 2586 954 2656 exemplum
984 2586 1199 2654 posuit,
1231 2599 1328 2639 nec
1372 2573 1843 2641 alia'sollicitavit.
1878 2586 1969 2640 Sic
1998 2602 2088 2642 er-

522 2695 590 2750 go
615 2680 863 2743 emendo,
917 2677 1052 2750 γένη
1110 2672 1185 2732 ὧν
1240 2678 1298 2731 ἓν
1336 2678 1488 2746 οὐδὲ,
1542 2695 1763 2749 quorum
1812 2696 1971 2732 unum
2030 2697 2093 2734 ne

525 2772 753 2825 marium
815 2771 1022 2841 quidem
1094 2772 1284 2839 capula
1366 2789 1494 2836 opus
1558 2772 1749 2838 habet,
1822 2774 2092 2826 vulturum

526 2865 735 2921 scilicet
770 2880 785 2916 :
815 2864 955 2935 quod
1007 2864 1181 2936 ipsum
1220 2864 1424 2917 incerta
1466 2860 1607 2915 fama
1643 2864 1829 2917 refert.
1875 2882 1893 2913 ι
1951 2863 2091 2916 Sub-

524 2967 779 3008 rentanea
837 2956 1063 3025 fecunda
1097 2996 1113 3021 ,
1168 2956 1311 3025 quod
1362 2953 1678 3022 ascriptum,
1733 2968 1801 3007 ex
1844 2952 2089 3021 margine

526 3045 784 3114 obrepsit.
828 3062 848 3097 ι
902 3047 1054 3099 llane
1084 3056 1264 3100 autem
1314 3046 1627 3102 Combelisii
1665 3045 2093 3100 emendationem

533 3139 768 3195 arbitror
821 3153 1007 3210 puram
1068 3147 1252 3207 putam
1312 3154 1435 3192 esse
1493 3139 1920 3200 corruptionem.
1983 3137 2093 3192 Etsi

529 3232 675 3285 enim
708 3231 995 3287 afﬁrmavit
1032 3230 1262 3286 Basilius
1301 3230 1468 3283 multa
1498 3243 1618 3284 esse
1657 3230 1837 3282 avium
1874 3244 2093 3298 genera,

530 3336 651 3392 qua:
678 3325 991 3392 concipiunt
1044 3324 1163 3377 sine
1211 3321 1530 3386 concubitu,
1580 3320 1751 3389 potuit
1802 3327 1980 3370 tamen
2035 3321 2101 3373 de

532 3414 663 3467 solis
714 3412 1020 3467 vulturibus
1076 3413 1405 3465 mentionem
1459 3412 1659 3476 facere,
1710 3409 1963 3463 videlicet
2008 3418 2101 3461 aut

532 3506 817 3561 brevitatis
846 3519 1031 3567 causa,
1065 3513 1454 3558 autoratorum
1500 3517 1671 3567 more,
1700 3503 1792 3570 qui
1841 3516 1930 3555 res
1959 3500 2102 3567 ejus-

538 3598 684 3651 modi
718 3612 823 3653 non
857 3607 964 3651 tam
999 3596 1291 3667 diligenter
1310 3608 1557 3658 narrare,
1590 3608 1750 3664 quam
1768 3608 1961 3648 ornare
1992 3603 2103 3646 stu-

538 3689 689 3742 dent.
727 3688 833 3742 Sed
880 3688 1021 3754 quod
1050 3687 1222 3755 magis
1279 3685 1566 3740 conﬁrmat
1588 3684 1723 3739 nihil
1784 3685 1839 3738 in
1872 3683 2106 3752 vulgatis

537 3777 738 3845 corrigi
777 3777 993 3839 debere,
1022 3775 1147 3828 illud
1180 3785 1284 3841 est,
1317 3775 1456 3842 quod
1495 3776 1567 3828 ita
1629 3776 1823 3845 legisse
1878 3773 2109 3828 Ambro-

549 3869 688 3922 sium
715 3875 947 3921 constet.
988 3864 1117 3934 Ejus
1164 3867 1278 3919 haec
1345 3874 1471 3917 sunt
1495 3880 1525 3917 e
1554 3864 1645 3917 lib.
1681 3867 1794 3917 vin
1824 3864 2105 3929 Hexaem.,

540 3972 660 4026 cap.
685 3956 756 4011 20
798 3972 813 4008 :
850 3974 869 4008 ‹
903 3955 1055 4010 Nunc
1101 3955 1166 4010 de
1208 3952 1519 4023 integritate
1552 3952 1817 4015 dicamus,
1870 3966 1989 4018 quae
2055 3952 2107 4003 in

542 4050 785 4120 pluribus
837 4047 1052 4116 quidem
1099 4048 1286 4100 avibus
1326 4046 1394 4098 ita
1451 4059 1571 4100 esse
1624 4051 1986 4104 asseveratur,
2053 4052 2111 4094 ut

544 4139 715 4210 possit
767 4136 930 4192 etiam
990 4136 1043 4189 in
1092 4135 1398 4189 vulturibus
1449 4132 1797 4204 deprehendi.
1838 4132 2111 4203 Negantur

547 4233 694 4286 enim
761 4228 1003 4284 vultures
1056 4226 1334 4295 indulgere
1378 4227 1697 4292 concubitu,
1730 4235 1783 4279 et
1833 4224 2111 4293 conjugali

549 4325 781 4395 quodam
828 4336 930 4377 usu
978 4318 1341 4389 nuptialisque
1398 4318 1604 4384 copulae
1660 4328 1807 4371 sorte
1871 4316 2111 4380 misceri,

550 4426 711 4485 atque
737 4417 811 4468 ita
845 4415 962 4469 sine
994 4412 1101 4467 ullo
1141 4412 1500 4465 masculorum
1554 4410 1838 4477 concipere
1883 4408 2112 4471 semine,

2188 1950 2482 2019 ὑπηνέμια.
2533 1949 2733 2005 Verum
2773 1966 2878 2004 non
2946 1950 3021 2003 ita
3068 1950 3225 2004 facile
3267 1954 3519 2006 excusari
3555 1962 3755 2022 potest,

2188 2058 2307 2097 cum
2354 2043 2469 2096 haec
2504 2042 2579 2095 ait
2623 2057 2655 2097 e
2708 2041 2952 2108 margine
2991 2040 3300 2108 irrepsisse.
3330 2040 3444 2093 Etsi
3471 2043 3615 2094 enim
3647 2042 3758 2099 Eu»

2187 2134 2421 2189 stathius
2439 2135 2724 2201 insigniter
2748 2132 3107 2188 ballucinatus
3124 2134 3215 2200 sit,
3241 2134 3581 2203 pessimeque
3603 2133 3761 2187 Basi-

2188 2226 2319 2281 lium
2359 2229 2781 2298 interpretatus,
2830 2227 2948 2297 ejus
2976 2236 3154 2283 tamen
3194 2227 3358 2281 verba
3413 2225 3761 2294 apertissime

2188 2322 2479 2373 ostendunt
2536 2336 2641 2374 non
2672 2336 2827 2375 secus
2853 2335 2976 2374 eum
3005 2320 3199 2387 legisse
3232 2320 3285 2372 in
3317 2319 3431 2373 suis
3454 2317 3753 2381 codicibus,

2191 2419 2353 2477 atque
2400 2424 2539 2461 nunc
2592 2410 2644 2463 in
2702 2409 2904 2463 nostris
2954 2408 3202 2477 legimus.
3266 2408 3396 2475 Ejus
3435 2408 3547 2462 haec
3582 2416 3759 2462 sunt:

2196 2517 2215 2550 ι
2252 2500 2383 2553 Alite
2428 2514 2558 2553 sane
2605 2513 2962 2568 earum,qu:e
3010 2499 3172 2553 altius
3231 2500 3494 2563 volitant,
3546 2500 3765 2553 steriles

2190 2593 2409 2645 omnino
2442 2600 2587 2646 sunt.
2633 2609 2652 2642 ι
2716 2591 2793 2645 Ex
2820 2591 3019 2661 quibus
3057 2592 3382 2662 intelligitur
3412 2590 3765 2646 Eustathium

2195 2683 2247 2737 in
2296 2685 2406 2739 suis
2438 2685 2653 2755 quidem
2687 2684 2846 2739 libris
2894 2699 3080 2739 vocem
3115 2685 3396 2755 ὑπηνέμια
3437 2686 3716 2755 reperisse
3749 2700 3764 2736 :

2196 2773 2288 2827 sed
2346 2789 2465 2827 eam
2495 2773 2632 2827 niale
2668 2774 3003 2837 reddidisse,
3031 2777 3187 2843 quasi
3224 2775 3479 2829 videlicet
3510 2790 3623 2828 rem
3666 2790 3769 2841 ope

2192 2875 2474 2917 ventorum
2507 2864 2612 2918 alte
2638 2864 2834 2917 elatam
2865 2864 3217 2932 signiﬁcaret.
3249 2863 3379 2917 Plus
3398 2865 3532 2915 satis
3563 2864 3629 2916 de
3661 2864 3766 2916 bis.

2196 2953 2500 3007 Redeamus
2527 2955 2592 3007 ad
2635 2954 3008 3017 Ambrosium,
3059 2954 3215 3023 cujus
3242 2953 3295 3006 in
3340 2954 3519 3007 verbis
3566 2953 3771 3020 aliquid

2198 3044 2375 3097 inesse
2406 3045 2519 3097 vitii
2556 3047 2822 3111 suspicor.
2850 3043 2951 3099 Ubi
2990 3045 3134 3098 enim
3174 3045 3392 3115 legitur,
3424 3061 3442 3095 ι
3490 3043 3773 3112 indulgere.

2199 3134 2508 3197 concubitu,
2554 3154 2570 3185 ι
2606 3135 2887 3205 legendum
2940 3151 3160 3202 censeo,
3203 3155 3222 3187 ι
3279 3137 3525 3205 indigere
3570 3152 3773 3191 conen-

2200 3227 2337 3291 bitu,
2366 3244 2385 3278 ι
2417 3235 2535 3279 tum.
2558 3227 2626 3280 ob
2656 3228 2785 3280 illud
2817 3226 3019 3295 Basilii,
3055 3228 3227 3281 δεῖται
3255 3229 3353 3299 τῆς
3376 3228 3485 3281 τῶν
3520 3229 3773 3300 ἀρρένων

2201 3318 2520 3389 ἐπιπλοκῆς,
2560 3327 2671 3374 tum
2724 3321 2867 3388 quod
2898 3321 3012 3389 ipsa
3040 3322 3375 3375 constructio
3410 3321 3769 3388 grammatica

2202 3409 2280 3463 ita
2319 3412 2575 3480 postulet.
2606 3412 2775 3467 Recte
2800 3416 2941 3467 enim
2977 3413 3199 3477 dixeris,
3229 3433 3247 3463 ι
3301 3414 3541 3482 indigere
3563 3426 3767 3466 concu-

2201 3501 2313 3554 bitu
2346 3522 2358 3555 :
2388 3502 2666 3571 indulgere
2693 3506 3002 3571 concubitu,
3039 3525 3058 3557 ι
3093 3521 3199 3559 non
3239 3506 3366 3559 item
3391 3545 3406 3570 ,
3435 3519 3557 3557 cum
3589 3504 3772 3557 dicere

2203 3592 2432 3654 soleant,
2463 3610 2482 3642 ι
2520 3594 2831 3647 concubitui
2868 3594 3166 3657 indulgere.
3204 3612 3223 3644 ι

2272 3684 2363 3739 28.
2393 3681 2551 3737 Clara
2604 3693 2731 3738 sunt
2764 3683 2928 3738 verba
2954 3683 3137 3739 Basilii
3172 3693 3227 3738 et
3249 3698 3401 3747 sana,
3436 3696 3556 3751 qua
3596 3682 3779 3752 legun-

2211 3784 2294 3829 tur
2340 3776 2393 3829 in
2429 3776 2675 3831 oratione
2701 3776 2809 3831 8in
2834 3776 3113 3839 lienem,
3147 3791 3291 3829 num.
3334 3775 3413 3829 8':
3463 3774 3655 3827 Ὀποία
3686 3776 3780 3828 καὶ

2208 3868 2336 3938 περὶ
2361 3866 2457 3920 τοῦ
2497 3867 2660 3921 Ἰνδοῦ
2679 3866 2956 3936 σκώληκος
2983 3868 3275 3939 ἱστορεῖται
3299 3870 3390 3920 τοῦ
3414 3884 3475 3919 κε
3485 3866 3779 3937 ρασφὸρου,

2208 3959 2267 4021 ὃς
2294 3962 2373 4022 εἰς
2395 3965 2621 4029 κάμπην
2645 3959 2713 4012 τὰ
2757 3959 2947 4030 πρῶτα
2982 3954 3333 4028 μεταϐαλών,
3374 3968 3479 4012 etc.
3548 3978 3565 4009 ι
3596 3958 3739 4023 Qua-

2210 4050 2280 4103 lia
2351 4052 2516 4105 etiam
2575 4051 2640 4103 de
2707 4050 2889 4103 lndico
2947 4064 3134 4105 verme
3199 4051 3483 4119 cornigero
3550 4067 3783 4104 narran-

2216 4150 2327 4205 tur,
2373 4141 2465 4209 qui
2526 4138 2758 4208 primnm
2796 4138 2850 4190 in
2874 4153 3094 4192 erucam
3162 4150 3580 4205 transmutatus,
3620 4160 3639 4191 ι
3672 4151 3783 4193 etc.

2215 4233 2324 4287 Sed
2386 4230 2477 4285 hic
2534 4229 2685 4284 locus
2731 4228 2959 4283 mit-ilice
2987 4237 3042 4281 et
3069 4229 3122 4281 in
3170 4228 3453 4283 Eustatbio
3488 4242 3785 4297 corruptus

2214 4321 2511 4383 invenitur,
2558 4327 2613 4372 et
2645 4319 2699 4372 in
2752 4318 3041 4372 Ambrosio
3085 4316 3185 4386 (ι).
3234 4317 3379 4372 illius
3415 4320 3579 4373 verba
3610 4330 3737 4373 sunt
3769 4335 3784 4371 :

2221 4432 2238 4463 ι
2276 4411 2416 4478 Quid
2473 4409 2672 4473 dicitis,
2699 4410 2791 4477 qui
2816 4407 2984 4463 Paulo
3018 4408 3261 4477 apostolo
3284 4409 3352 4463 de
3388 4412 3789 4464 resurrectione

549 4516 604 4562 ct
641 4508 758 4561 sine
775 4505 1155 4574 coniunclione
1184 4518 1464 4575 generare.
1509 4511 1772 4571 natosque
1826 4515 1891 4553 ex
1941 4499 2021 4552 his
2061 4501 2111 4553 in
2142 4524 2189 4581 ι)
2217 4520 2321 4559 non
2352 4501 2595 4562 creditis,
2624 4515 2748 4554 cum
2779 4500 3008 4554 videatis
3036 4508 3184 4553 certa
3221 4499 3288 4553 de
3322 4500 3496 4554 aereis
3538 4501 3789 4553 animan-

554 4600 774 4655 multam
796 4607 1006 4653 aetatem
1037 4599 1377 4666 longaevitate
1417 4596 1703 4666 procedere
1724 4634 1738 4658 ,
1772 4603 1824 4646 ut
1854 4608 2022 4661 usque
2045 4594 2111 4646 ad

554 4705 768 4751 centum
813 4709 983 4749 annos
1032 4692 1156 4747 vita:
1187 4707 1374 4746 eorum
1414 4691 1583 4746 series
1624 4686 1971 4756 producatur,
2016 4700 2115 4740 nec

555 4787 713 4841 facile
733 4801 827 4841 eos
855 4785 1063 4855 angusti
1097 4784 1194 4838 aevi
1241 4784 1363 4836 linis
1396 4782 1645 4851 excipiat.
1678 4779 1813 4845 Quid
1846 4779 1998 4831 aiunt
2024 4779 2115 4847 qui

557 4880 731 4931 enleut
763 4886 948 4931 nosua
979 4874 1202 4929 irridere
1230 4872 1509 4941 mysteria,
1559 4886 1682 4925 cum
1717 4869 1934 4923 audiunt
1973 4867 2117 4936 quod

560 4968 709 5036 virgo
736 4966 1034 5036 generavit,
1060 4975 1115 5019 et
1142 4961 1527 5023 impossibilem
1556 4960 1813 5026 innuptae,
1846 4956 1995 5024 cujus
2024 4972 2119 5026 pu-

563 5064 748 5111 dorem
778 5055 918 5109 nulla
946 5057 1046 5108 viri
1076 5052 1409 5109 consuetudo
1438 5056 1778 5109 temerasset.
1812 5047 2124 5102 existimant

564 5147 818 5217 partum?
842 5145 1178 5213 lmpossibile
1204 5152 1420 5214 putatur
1446 5142 1499 5195 in
1528 5142 1620 5195 Dei
1657 5150 1855 5207 matre,
1902 5141 2043 5209 quod
2073 5140 2125 5193 in

564 5242 870 5295 vulturibus
890 5239 1144 5307 possibile
1178 5254 1280 5291 non
1314 5234 1575 5305 negatur?
1596 5235 1727 5288 Avis
1760 5234 1877 5287 sine
1916 5248 2129 5288 mascu-

567 5332 619 5385 lo
657 5333 819 5399 parit,
846 5339 900 5386 et
928 5330 1105 5383 nullus
1132 5328 1367 5383 refellit:
1401 5336 1456 5379 et
1485 5327 1609 5390 quia
1650 5326 1974 5395 desponsata
2014 5326 2131 5379 viro

570 5423 737 5476 Maria
758 5424 910 5492 virgo
932 5422 1160 5491 peperit,
1185 5422 1373 5486 pudori
1394 5419 1510 5488 ejus
1525 5419 1729 5473 faciunt
1752 5419 2126 5487 quaestionem.

569 5514 757 5569 Nonne
788 5516 1115 5568 advertimus
1149 5514 1289 5581 quod
1343 5514 1596 5567 Dominus
1656 5526 1722 5565 ex
1781 5511 1895 5579 ipsa
1940 5520 2129 5564 natura

574 5603 803 5674 plurima
845 5602 1092 5670 exempla
1144 5611 1265 5656 ante
1321 5602 1604 5671 prmtnisit,
1635 5601 1830 5670 quibus
1874 5610 2132 5667 susceptae

648 5801 728 5875 (a)
753 5800 883 5858 Bas.
912 5820 1017 5859 rec.
1046 5818 1098 5874 p.
1134 5803 1219 5860 l8.

2220 4592 2361 4647 tibus
2390 4591 2617 4661 ﬁguram
2656 4590 2928 4659 prepriam
2947 4597 3300 4655 commutare,
3335 4589 3475 4643 sicut
3512 4588 3788 4643 lndiacum

2220 4697 2481 4744 vermem,
2516 4680 2607 4748 qui
2644 4688 2730 4734 est
2756 4678 3024 4747 corniger,
3059 4678 3234 4747 primo
3264 4678 3316 4731 in
3343 4692 3553 4732 verume
3588 4692 3647 4731 se
3668 4692 3793 4746 spe-

2220 4775 2358 4829 ciem
2393 4770 2887 4834 translormantem,
2934 4786 2953 4818 ›
2996 4778 3104 4822 etc.
3129 4785 3145 4834 ;
3174 4768 3331 4837 bujus
3365 4787 3377 4821 :
3421 4783 3440 4817 ι
3471 4766 3667 4820 Fertur
3699 4767 3793 4822 hic

2222 4864 2471 4931 corniger
2496 4861 2693 4916 vermis
2737 4858 2996 4929 (Indicus)
3029 4858 3270 4913 converti
3307 4857 3539 4926 primum
3563 4856 3617 4913 in
3651 4872 3794 4926 spe-

2224 4957 2359 5009 ciem
2400 4953 2589 5016 caulis,
2623 4962 2785 5018 atque
2813 4951 2867 5003 in
2895 4963 3017 5003 eam
3047 4947 3241 5003 mutari
3290 4955 3558 5001 naturam.
3592 4966 3611 4999 ι
3638 4946 3793 5003 Men-

2223 5047 2349 5100 dum
2374 5043 2518 5113 quod
2549 5043 2601 5096 in
2623 5040 3067 5109 interpretatione
3097 5039 3362 5093 Eustatbii
3384 5039 3601 5109 legitur,
3629 5054 3794 5109 grave

2224 5137 2435 5207 quidem
2461 5145 2544 5189 est
2581 5153 2595 5189 :
2636 5134 2731 5189 sed
2762 5133 2891 5188 illud
2922 5133 3063 5203 quod
3094 5134 3147 5185 in
3174 5131 3464 5186 Ambrosio
3496 5132 3792 5196 invenitur,

2229 5240 2374 5283 certe
2412 5227 2580 5281 multo
2616 5227 2834 5296 gravius
2866 5224 3151 5279 videbitur.
3182 5222 3421 5288 Quilibet
3445 5223 3613 5286 enim,
3644 5221 3687 5275 si
3722 5224 3795 5275 sit

2233 5322 2284 5377 in
2326 5319 2630 5388 bujusmodi
2667 5319 2827 5372 rebus
2859 5316 3014 5385 paulo
3044 5315 3410 5379 exercitatior,
3443 5313 3597 5367 facile
3629 5322 3784 5381 pote-

2238 5416 2306 5468 rit
2357 5412 2640 5467 Eustatbio
2679 5410 2902 5473 mederi,
2942 5408 3224 5461 Ambrosio
3272 5406 3515 5467 fortassis
3545 5418 3651 5457 non
3687 5405 3795 5459 nisi

2237 5505 2563 5561 dillicillime.
2596 5505 2662 5558 Et
2692 5518 2821 5557 vero
2864 5500 3081 5555 czecutit
3134 5499 3224 5565 qui
3263 5514 3368 5551 non
3417 5496 3561 5549 videt
3606 5494 3797 5549 Eusta-

2241 5602 2479 5654 thianum
2533 5607 2769 5651 erratum
2830 5592 3114 5648 Eustatbio
3160 5590 3261 5659 ipsi
3300 5589 3642 5643 tribuendum
3685 5601 3797 5641 non

2304 5799 2377 5871 (ὑ)
2408 5797 2658 5850 Ambros.
2682 5791 2735 5846 in
2772 5792 2933 5859 Hea,
2969 5792 3061 5847 lib.
3092 5807 3146 5847 v.
3175 5804 3293 5859 cap.
3324 5787 3396 5843 25
