4040 6444
1393 414 1454 465 D.
1501 411 1648 467 JUL.
1694 407 2023 465 GARNENI
2064 405 2452 463 PREFATIO.

3396 415 3519 459 CXCI

266 544 407 594 esse,
434 541 528 585 sed
563 525 820 592 librariis,
856 526 946 597 qui
988 524 1142 580 aliud“
1159 529 1460 597 cogitantes
1495 544 1513 576 ι
1538 539 1790 579 verucam
1817 543 1837 575 ι
1870 531 1917 588 Α
1946 523 2217 591 scriptura
2245 520 2548 576 habendam
2594 532 2734 584 esse,
2773 533 2893 577 cum
2921 517 3169 574 alterutri
3200 527 3383 588 aperte
3436 518 3516 573 fa-

266 638 367 693 pro
398 640 415 674 l
438 636 600 676 eruca
624 639 642 673 ι
684 621 975 688 scripsere.
1002 617 1201 672 Fateor
1235 617 1484 687 equidem
1514 617 1631 687 pari
1662 616 1833 670 facili-

266 725 379 770 tate
399 730 429 769 e
453 729 512 768 re
547 713 923 781 expediturum
952 724 1095 777 sese,
1134 710 1227 779 qui
1250 710 1539 766 lectionem
1582 710 1841 764 editionis

266 807 527 862 Romanae
556 804 855 859 admiserit.
878 802 1091 856 Etenim
1124 817 1248 857 cum
1287 804 1337 855 in
1363 803 1464 856 hac
1504 802 1740 856 editione
1767 801 1841 856 le-

267 911 425 969 gatur
450 917 464 953 :
493 916 512 949 ι
538 897 590 950 in
627 895 861 966 speciem
896 909 1093 959 erucae,
1124 911 1141 944 ι
1172 892 1282 963 jam
1307 894 1563 949 nihilerit
1587 893 1840 963 amplius,

266 992 412 1062 quod
434 992 607 1061 possit
637 991 933 1059 quidquam
971 993 1243 1045 facessere
1278 987 1500 1055 negotii,
1535 1001 1653 1039 cum
1681 985 1843 1040 lectio

267 1085 463 1139 isthmc
495 1092 550 1139 et
583 1085 661 1139 rei
694 1085 901 1155 optime
925 1083 1234 1146 conveniat,
1271 1088 1323 1134 et
1360 1080 1485 1133 illud
1526 1078 1730 1143 Basilii,
1763 1078 1843 1141 εἰς

266 1177 516 1249 κάμπην,
552 1179 822 1247 exprimat
849 1184 1125 1231 accurate.
1162 1172 1267 1228 Sed
1308 1181 1566 1227 constans
1596 1171 1680 1225 ille
1708 1170 1843 1224 alia-

264 1284 389 1324 rum
427 1271 723 1325 editioaum
758 1278 811 1322 et
846 1269 1089 1323 omnium
1142 1265 1392 1321 codicum
1441 1278 1601 1317 manu
1644 1277 1841 1317 exara-

267 1371 448 1415 torum
489 1362 541 1415 in
575 1360 787 1428 vulgata
839 1358 1073 1412 lectione
1119 1356 1317 1411 tuenda
1358 1368 1655 1409 consensus
1680 1365 1841 1405 acce-

264 1452 400 1507 dere
439 1466 523 1505 me
548 1450 675 1504 huic
709 1450 950 1519 opinioni
981 1464 1084 1504 non
1142 1450 1297 1504 sinit.
1327 1448 1644 1515 Quanquam
1698 1446 1840 1499 enim

268 1544 373 1599 hoc
406 1555 695 1597 commune
721 1542 909 1593 vitium
950 1549 1030 1595 est
1069 1540 1326 1605 librariis,
1375 1552 1560 1591 vocem
1598 1552 1693 1606 pro
1716 1532 1841 1600 alia,

269 1650 393 1688 cum
437 1647 598 1686 voces
633 1633 775 1685 inter
815 1646 874 1685 se
907 1631 1111 1685 similes
1142 1638 1292 1694 sunt,
1324 1644 1595 1699 apponere
1624 1645 1638 1681 :
1676 1629 1726 1681 id
1762 1638 1840 1680 ta-

270 1740 416 1788 men,
453 1724 497 1777 si
532 1723 638 1777 sint
669 1723 826 1778 valde
854 1723 1146 1777 dissimiles
1198 1736 1379 1783 voces,
1409 1722 1590 1775 facere
1621 1734 1725 1773 non
1754 1732 1842 1771 so-

266 1815 400 1868 lent.
458 1814 559 1868 Vix
596 1829 832 1883 unquam
892 1815 1054 1882 igitur
1102 1814 1232 1867 mihi
1278 1812 1606 1881 persuadere
1652 1818 1841 1878 potero

1943 621 2105 668 veant
2131 612 2395 667 lectiones
2427 611 2564 673 alite,
2587 628 2606 661 ο
2643 617 2762 680 post
2774 608 2951 678 pridie
2984 627 3003 660 ι
3029 620 3085 663 et
3124 626 3144 661 α
3166 609 3455 677 postridui.
3492 627 3513 663 ι

1942 701 2097 757 Nunc
2125 718 2253 773 ergo
2283 702 2595 767 videndum,
2626 709 2745 754 utra
2776 698 3047 767 scriptura
3068 699 3141 753 sit
3161 708 3217 753 et
3253 699 3436 754 Verior
3463 707 3521 754 et

1946 793 2375 850 convenientior.
2406 793 2565 847 Certe
2585 790 2633 847 si
2662 804 2764 861 qua
2796 797 3076 843 exstarent
3103 790 3371 859 exempla,
3398 791 3519 860 qui-

1942 886 2044 940 bus
2082 884 2256 939 evinci
2291 892 2471 955 posset
2510 896 2702 935 vocem
2738 898 2756 931 r
2802 880 3083 949 postridie,
3114 898 3132 932 ι
3168 882 3517 950 quemadmo-

1944 977 2068 1030 dum
2106 994 2124 1027 ι
2163 990 2342 1039 mane,
2376 992 2395 1025 ι
2431 972 2724 1041 aliquando
2768 971 3000 1026 nominis
3028 971 3204 1026 locum
3250 972 3516 1037 obtinere,

1942 1082 2004 1121 ea
2034 1067 2162 1120 mihi
2197 1065 2357 1119 lectio
2391 1064 2529 1119 satis
2564 1064 2909 1132 probaretur,
2960 1071 3071 1116 tum
3097 1063 3239 1131 quod
3267 1064 3517 1132 impressi

1940 1174 2129 1212 omnes
2169 1156 2292 1210 libri
2333 1167 2387 1210 et
2440 1157 2655 1211 codices
2684 1155 2889 1223 aliquot
2935 1168 3066 1209 mss.
3102 1153 3250 1207 illam
3295 1155 3520 1209 totidem

1942 1247 2165 1316 syllabis
2218 1254 2490 1307 tueantur,
2540 1256 2652 1299 tum
2700 1244 2842 1314 quod
2873 1244 3140 1314 scriptura
3170 1244 3285 1311 illa,
3324 1263 3345 1296 ι
3398 1252 3525 1313 post

1942 1338 2138 1405 pridie,
2180 1355 2198 1388 ι
2255 1337 2382 1390 licet
2428 1336 2563 1390 falsa
2596 1337 2978 1405 mendosaque,
3013 1336 3258 1391 eamdem
3290 1350 3393 1391 non
3422 1351 3523 1405 pa-

1942 1445 2060 1484 rum
2096 1429 2400 1484 Conﬁrmet.
2435 1428 2541 1484 Sed
2568 1444 2712 1495 cum,
2748 1428 2849 1482 nisi
2888 1428 3041 1482 valde
3067 1427 3242 1493 fallor,
3271 1428 3518 1499 exempla

1943 1520 2204 1588 ejusmodi
2229 1520 2425 1575 frustra
2437 1528 2830 1589 qumrerentur,
2854 1519 3027 1589 placet
3054 1522 3228 1589 magis
3256 1520 3524 1589 scriptura

1943 1612 2066 1676 alia,
2105 1632 2122 1664 ι
2168 1614 2550 1680 postriduum:
2595 1632 2613 1664 ι
2658 1628 2777 1683 quae
2818 1623 3175 1683 praeterquam
3237 1616 3378 1682 quod
3422 1614 3526 1670 lide

1943 1712 2178 1771 quatuor
2210 1703 2458 1757 codicum
2503 1705 2714 1771 nititur,
2749 1704 2862 1773 ipsa
2891 1718 3108 1773 quoque
3134 1705 3379 1759 nonnihil
3408 1722 3524 1761 mo-

1945 1794 2113 1849 menti
2146 1804 2305 1863 atque
2342 1794 2556 1849 roboris
2607 1811 2673 1850 ex
2708 1795 2968 1851 mendoso
2997 1796 3109 1861 illo,
3155 1816 3174 1848 ι
3205 1798 3467 1867 posuidui
3498 1817 3517 1851 ι

268 1907 559 1976 scripsisse
592 1907 963 1967 Ambrosium,
998 1924 1016 1954 ε
1055 1906 1107 1957 in
1158 1908 1393 1973 speciem
1419 1916 1616 1966 erucze,
1661 1919 1680 1952 ι
1720 1917 1840 1954 cum

1948 1888 2201 1956 acquirit.
2234 1886 2427 1942 Latine
2467 1897 2648 1942 autem
2698 1888 2806 1942 dici
2844 1905 2865 1940 ι
2918 1890 3281 1957 postriduum,
3316 1908 3337 1942 ι
3376 1900 3527 1961 patet

267 2000 314 2054 si
344 1999 421 2053 ita
462 2009 628 2062 esset,
663 2014 935 2065 nunquam
970 1996 1208 2050 librariis
1239 1996 1479 2049 venisset
1509 1994 1561 2047 in
1609 2004 1841 2047 mentem

268 2106 462 2146 vocem
498 2108 517 2141 ‹
554 2090 723 2143 caulis
758 2108 778 2140 ι
809 2089 1172 2154 comminisci,
1221 2089 1292 2144 ob
1338 2103 1589 2156 magnam
1642 2086 1851 2141 scilicet

266 2185 463 2239 harum
492 2196 707 2247 vocum,
740 2198 759 2231 r
798 2193 977 2235 eruca:
1014 2200 1033 2233 ι
1063 2190 1118 2235 et
1152 2199 1170 2232 ι
1213 2180 1406 2241 caulis,
1449 2199 1467 2231 ι
1502 2180 1642 2234 inter
1660 2194 1717 2233 se
1746 2179 1849 2233 dis-

266 2274 700 2329 similitudinem.
756 2272 835 2328 Ex
890 2289 998 2343 quo
1050 2274 1184 2328 satis
1243 2272 1562 2341 intelligitur
1614 2272 1848 2327 editores

266 2364 544 2420 Romanos
562 2364 720 2432 hujus
742 2365 992 2419 lectionis
1016 2375 1268 2418 auctores
1283 2380 1403 2419 esse
1424 2374 1477 2417 et
1501 2364 1845 2426 architectos;

268 2458 363 2527 qui
408 2472 535 2511 cum
571 2456 817 2511 viderent
869 2455 1137 2523 vulgatam
1188 2453 1502 2518 lectionem,
1541 2470 1560 2505 ι
1594 2452 1786 2518 caulis,
1822 2471 1842 2504 ι

268 2549 490 2604 tolerari
513 2564 616 2603 non
656 2562 837 2617 posse.
864 2547 1008 2601 hunc
1037 2545 1309 2601 Ambrosii
1342 2545 1517 2599 locum
1548 2560 1610 2599 ex
1640 2543 1846 2600 Graecis

273 2640 462 2693 Basilii
516 2640 805 2692 emendare
838 2654 943 2693 non
982 2638 1322 2691 dubitarunt.
1352 2636 1539 2707 Neque
1576 2652 1705 2692 vero
1749 2651 1849 2691 nos

275 2726 449 2794 magis
475 2724 698 2793 adjuvat
722 2725 1034 2792 conjectura
1062 2724 1281 2789 Latinii,
1320 2726 1409 2793 qui
1441 2725 1722 2796 legendum
1757 2741 1851 2779 su-

275 2818 541 2884 spicatur,
586 2836 605 2868 ι
659 2823 713 2869 in
753 2816 986 2883 speciem
1042 2830 1262 2883 campae.
1295 2833 1314 2866 ι
1355 2814 1489 2869 Nam
1542 2831 1704 2871 voces
1742 2817 1849 2885 hae,

275 2928 295 2959 ι
332 2907 505 2961 caulis
542 2923 562 2956 ι
614 2913 668 2958 et
704 2922 723 2956 ‹
778 2920 1004 2974 campae,
1038 2924 1058 2957 ι
1094 2906 1263 2972 magis
1314 2919 1527 2976 quoque
1577 2907 1720 2960 inter
1781 2922 1841 2963 se

271 3000 559 3064 dissident,
585 3012 744 3066 quam
774 3010 834 3052 ut
860 3014 1048 3053 (mittes
1075 2999 1253 3053 omnis
1282 2999 1464 3054 :etatis
1494 3000 1847 3069 omniumque

274 3093 556 3161 regionum
580 3089 782 3145 librarii
814 3091 967 3159 quasi
987 3106 1050 3146 ex
1079 3100 1360 3159 compacto
1404 3106 1506 3161 pro
1542 3109 1561 3142 ‹
1594 3106 1796 3161 campre
1822 3111 1842 3145 ι

272 3178 593 3246 scripserint
632 3195 651 3228 ί
688 3178 896 3245 caulis;
946 3197 963 3230 ι
1016 3179 1176 3245 idque
1223 3193 1288 3232 eo
1335 3179 1527 3247 magis,
1572 3183 1714 3248 quod
1744 3196 1843 3234 vox

277 3293 297 3326 ι
320 3274 491 3328 caulis
508 3294 528 3327 ι
557 3274 945 3343 ineptissimam
972 3274 1293 3327 sententiam
1310 3271 1562 3327 eﬂiceret.
1589 3271 1705 3327 Jam
1724 3288 1843 3327 cum

271 3383 453 3435 neque
474 3381 661 3421 vocem
680 3379 887 3420 «eruca:
916 3384 935 3415 ›
956 3378 1127 3433 neque
1149 3380 1335 3420 vocem
1360 3382 1379 3416 ι
1404 3380 1607 3437 campae
1642 3385 1659 3418 ι
1682 3366 1843 3435 recipi

272 3460 467 3514 merito
484 3473 643 3527 posse
660 3454 1163 3522 ostenderimus,vel
1180 3458 1325 3512 inviti
1344 3457 1609 3513 fateamur
1627 3473 1848 3512 necesse

272 3557 357 3604 est
378 3561 649 3602 summum
682 3545 856 3598 virum
893 3546 1237 3601 Ambrosium
1286 3548 1483 3616 aliquid
1519 3549 1608 3602 hic
1652 3550 1847 3603 huma-

271 3642 328 3695 ni
376 3654 591 3708 passum
631 3651 770 3701 esse,
801 3645 856 3691 et
892 3638 1011 3691 ideo
1042 3653 1313 3705 peccasse,
1352 3650 1441 3692 aut
1471 3641 1610 3707 quod
1646 3655 1702 3693 re
1733 3642 1845 3709 ipsa

268 3730 324 3785 in
380 3730 561 3797 aliquo
605 3728 860 3782 mendoso
909 3727 1092 3781 codice
1151 3728 1411 3796 repererit
1456 3730 1537 3792 εἰς
1570 3729 1848 3801 κράμϐην,

274 3839 293 3873 ι
334 3821 386 3874 in
425 3820 595 3874 caulis
649 3819 904 3888 speciem,
936 3837 955 3870 ι
991 3834 1088 3888 pro
1128 3821 1204 3883 si;
1240 3820 1487 3892 κάμπην,
1525 3839 1543 3873 ι
1579 3821 1631 3874 in
1674 3836 1849 3875 eruca:

266 3911 537 3982 speciem;
560 3930 579 3962 ι
602 3921 695 3964 aut
726 3912 888 3981 quod,
907 3909 953 3964 si
982 3911 1149 3966 codex
1182 3911 1374 3965 mendo
1394 3912 1636 3977 carebat,
1671 3911 1848 3964 nomi-

271 4006 361 4060 nis
390 4005 739 4064 similitudine
772 4006 1047 4073 deceptus,
1105 4018 1200 4073 pro
1250 4004 1478 4074 κάμπην
1528 4004 1628 4059 sibi
1676 4004 1849 4075 legere

266 4098 421 4150 Visus
465 4096 535 4148 sit
574 4097 850 4166 κράμϐην.

348 4187 439 4241 29.
474 4186 698 4253 Quando
733 4197 912 4240 autem
943 4188 1109 4241 semel
1164 4186 1507 4240 Ambrosium
1555 4186 1607 4241 in
1662 4203 1852 4241 manus

268 4280 623 4349 sumpsimus,
670 4294 775 4332 non
832 4286 940 4331 tam
1001 4279 1109 4332 cito
1153 4278 1219 4331 ab
1251 4291 1315 4329 eo
1369 4278 1705 4332 avellantur:
1758 4278 1851 4332 sed

269 4385 640 4442 proponamus
691 4368 863 4425 locum
896 4369 1181 4437 quemdam
1222 4383 1252 4421 e
1283 4367 1427 4421 libro
1442 4369 1644 4435 {quinto
1669 4370 1721 4422 in
1752 4367 1854 4421 Ile-

270 4479 472 4525 mem.,
496 4475 616 4529 cap.
640 4461 733 4523 25,
754 4458 1018 4513 diﬂicilem
1041 4459 1348 4521 admodum,
1364 4467 1416 4510 et
1446 4459 1517 4510 ita
1535 4460 1847 4521 obscurum,

270 4561 333 4607 ut
354 4550 563 4620 OEdipo
592 4551 770 4620 aliquo
804 4554 869 4605 ad
903 4561 1137 4605 mentem
1165 4549 1436 4604 Ambrosii
1461 4551 1849 4619 assequendam

269 4657 410 4713 opus
465 4655 587 4695 esse
629 4642 896 4695 videatur.
948 4640 1222 4695 Ambrosii
1280 4641 1445 4709 igitur
1510 4640 1624 4693 haec
1675 4650 1844 4695 sunt:

278 4755 298 4789 ι
348 4733 507 4788 Certe
539 4730 681 4785 illius
710 4731 872 4783 tridui
902 4742 1145 4785 nostrum
1186 4731 1291 4785 hoc
1330 4729 1593 4800 postridie
1622 4729 1849 4787 laborio-

272 4829 392 4882 sius
425 4835 531 4881 est.
572 4842 592 4876 ι
636 4822 754 4879 Jam
785 4821 891 4876 duo
930 4822 1097 4890 quaeri
1141 4832 1389 4891 possunt,
1432 4822 1702 4892 quomodo
1747 4824 1846 4893 legi

272 4928 545 4987 Oporteat,
574 4925 632 4970 et
664 4917 788 4984 quis
811 4916 1000 4970 horum
1033 4916 1321 4969 verborum
1353 4932 1545 4971 sensus
1572 4916 1660 4970 sit.
1687 4916 1846 4982 Quan-

272 5010 383 5064 stio
412 5009 586 5078 prima
625 5008 826 5075 pendet
865 5006 1094 5062 multum
1127 5020 1195 5060 ex
1236 5006 1576 5061 variantibus
1610 5006 1849 5061 lectioni-

274 5097 398 5163 bus,
428 5112 562 5168 quas
592 5098 819 5166 proinde
852 5098 1060 5152 referre
1099 5110 1276 5167 opera:
1306 5098 1537 5163 pretium
1573 5106 1676 5151 est.
1712 5097 1849 5150 Dilli-

271 5190 450 5247 cultas
477 5194 578 5247 sita
605 5202 690 5247 est
730 5200 839 5247 tota
882 5194 935 5247 in
969 5208 1100 5254 voce
1140 5211 1158 5245 ι
1188 5192 1470 5264 postridie,
1503 5214 1523 5248 ι
1557 5207 1673 5263 qua:
1695 5196 1848 5250 aliter

270 5284 327 5339 in
360 5284 484 5339 aliis
509 5285 786 5340 codicibus
811 5284 1027 5353 legitur.
1066 5282 1260 5341 Vocem
1292 5302 1309 5335 ‹
1340 5286 1601 5355 postridie
1634 5305 1651 5337 ι
1697 5289 1849 5340 exhi-

271 5376 401 5430 bent
428 5391 616 5431 omnes
670 5377 791 5431 libri
835 5377 964 5431 editi
1016 5393 1137 5431 cum
1194 5378 1397 5446 aliquot
1444 5379 1741 5432 codicibus.
1780 5382 1849 5433 At

271 5466 461 5528 Carn.,
480 5467 668 5530 Corl»,
688 5467 790 5521 Th.
818 5482 879 5521 ac
907 5467 1042 5533 Reg.
1065 5470 1265 5520 habent
1296 5488 1315 5520 ι
1339 5477 1457 5535 post
1480 5470 1703 5536 pridie.»
1728 5470 1843 5538 Big.

270 5555 499 5608 etGem.
537 5574 553 5604 ι
600 5556 921 5621 postridui,r
953 5555 1163 5618 Ger-111.,
1200 5556 1354 5607 Colb.
1391 5572 1510 5607 cum
1543 5557 1677 5609 Vict.
1712 5559 1845 5611 duo-

273 5645 373 5695 bus
407 5663 425 5691 r
464 5645 823 5709 postriduum.
880 5664 898 5694 ›
942 5645 1016 5695 Ex
1077 5646 1273 5709 quibus
1319 5644 1455 5696 εωρί
1516 5645 1748 5707 videtur,
1794 5646 1839 5697 si

270 5742 515 5783 veterum
570 5731 827 5783 librorum
883 5732 1144 5783 habeatur
1200 5732 1357 5793 ratio,
1402 5746 1588 5783 vocum
1622 5734 1834 5794 harum,

278 5837 296 5868 ι
341 5820 598 5885 postridie
634 5838 651 5871 ι
683 5828 736 5871 et
779 5836 797 5869 ι
834 5821 1189 5887 postriduum,
1233 5838 1250 5867 ι
1288 5820 1509 5874 alteram
1568 5836 1662 5885 pro
1704 5835 1826 5873 vera

1956 1994 2025 2033 ex
2050 1978 2315 2034 Plautinis
2342 1979 2449 2033 illis
2480 1980 2533 2032 in
2571 1970 2785 2033 Milite:
2830 1998 2848 2029 α
2883 1978 3172 2035 Postriduo
3206 1990 3362 2037 natus
3404 1996 3524 2036 sum

1953 2085 2052 2140 ego
2078 2070 2293 2134 mulier,
2317 2084 2477 2138 quam
2505 2067 2716 2137 Jupiter
2746 2083 2812 2123 ex
2836 2071 2949 2138 Upe
2976 2078 3133 2125 natus
3156 2080 3259 2125 est.
3299 2090 3320 2123 ι
3357 2071 3525 2128 Nemo

1947 2164 2092 2217 enim
2132 2163 2368 2232 ignorat,
2402 2162 2504 2217 nisi
2536 2162 2607 2215 sit
2643 2177 2824 2216 rerum
2850 2164 3323 2232 grammaticarum
3348 2165 3525 2221 omni—

1950 2269 2019 2307 no
2060 2256 2231 2318 rudis,
2283 2254 2545 2308 vocabula
2590 2252 2701 2318 illa,
2738 2270 2758 2304 ι
2795 2263 3008 2323 sponte,
3064 2255 3225 2320 forte,
3278 2267 3521 2327 repente,

1947 2346 2297 2415 postriduo,»
2355 2358 2410 2399 et
2459 2345 2562 2399 alia
2618 2347 2669 2399 id
2703 2360 2893 2416 genus,
2943 2361 3063 2417 qua:
3104 2362 3201 2416 pro
3256 2350 3526 2405 adverbiis

1948 2452 2088 2492 sumi
2123 2435 2319 2502 solent,
2351 2436 2568 2507 proprie
2605 2445 2782 2490 tamen
2831 2437 3083 2492 adverbia
3108 2454 3214 2491 non
3257 2453 3398 2503 esse,
3430 2440 3524 2494 sed

1948 2531 2198 2595 nomina,
2227 2544 2462 2598 quorum
2495 2528 2611 2583 fere
2634 2538 2823 2585 sextus
2847 2544 3005 2584 casus
3024 2530 3170 2585 solus
3209 2539 3520 2600 usurpatur.

1948 2618 2134 2688 Itaque
2182 2619 2464 2690 legendum
2512 2633 2634 2673 esse
2683 2620 2917 2675 arbitror
2983 2621 3038 2674 in
3093 2636 3157 2675 eo
3210 2637 3369 2689 quem
3415 2621 3523 2675 dixi

1949 2711 2225 2765 Ambrosii
2275 2710 2415 2777 loco,
2452 2728 2470 2762 ι
2510 2711 2869 2781 postriduum.
2919 2731 2938 2764 ι
2971 2710 3088 2767 Jam
3139 2713 3281 2784 quod
3332 2714 3525 2767 attinet

1951 2802 2019 2857 ad
2068 2803 2292 2855 alteram
2327 2802 2701 2873 questionem,
2739 2804 2867 2872 quid
2921 2805 3137 2859 tandem
3196 2804 3305 2859 sibi
3358 2804 3526 2858 velint

1949 2895 2041 2951 illa
2069 2895 2375 2949 Ambrosii:
2418 2913 2436 2945 ‹
2472 2895 2636 2950 Certe
2665 2895 2809 2948 illius
2846 2894 3009 2948 tridui
3042 2905 3284 2949 nostrum
3305 2897 3407 2950 hoc
3435 2911 3528 2965 po-

1950 2985 2214 3041 striduum
2244 2986 2570 3041 laboriosius
2596 2996 2701 3053 est,
2737 3006 2755 3037 »
2801 2985 2979 3041 fateor
3011 2987 3065 3041 id
3090 2987 3223 3041 mihi
3257 2987 3407 3042 dictu
3440 2988 3520 3041 vi-

1950 3078 2065 3132 deri
2112 3076 2444 3146 pcrdillieile.
2500 3078 2765 3147 Experiar
2812 3088 3010 3132 tamen.
3046 3076 3103 3131 ln
3128 3079 3314 3148 primis
3344 3089 3523 3134 autem

1951 3169 2091 3222 scire
2121 3169 2271 3237 juvat
2312 3170 2410 3223 has
2441 3170 2496 3221 in
2530 3168 2787 3222 Hexaem.
2819 3170 3093 3225 orationes
3124 3170 3191 3224 ab
3237 3170 3527 3227 Ambrosio

1950 3260 2015 3312 ad
2048 3258 2301 3328 populum
2344 3259 2548 3315 ultimis
2575 3273 2671 3314 sex
2706 3260 3144 3332 Quadragesima:
3186 3262 3375 3318 diebus
3428 3266 3527 3318 ha-

1948 3350 2089 3406 bitas
2126 3367 2266 3419 esse,
2288 3353 2390 3407 hoc
2416 3362 2520 3417 est,
2551 3353 2664 3423 ipsa
2706 3353 3038 3408 hebdomade
3068 3354 3269 3421 majore
3296 3371 3324 3409 a
3380 3353 3520 3411 feria

1950 3445 2187 3497 secunda
2215 3445 2281 3496 ad
2335 3444 2631 3497 Sabbatum
2678 3459 2870 3513 usque.
2902 3444 3012 3498 Nec
3043 3460 3367 3515 quemquam
3397 3456 3526 3513 puto

1949 3548 2012 3589 ea
2049 3534 2115 3588 de
2166 3550 2226 3590 re
2265 3535 2661 3604 dubitaturum,
2706 3537 2796 3606 qui
2858 3537 3176 3607 praeclaram
3220 3538 3366 3593 illam
3407 3554 3526 3609 quae

1956 3630 2108 3699 operi
2141 3628 2499 3685 Ambrosiano
2536 3631 2831 3701 praeligitur
2861 3633 3280 3688 admonitionem
3311 3632 3525 3701 legerit,

1951 3722 2003 3773 in
2040 3737 2142 3789 qua
2190 3732 2248 3775 ut
2281 3724 2383 3776 alia
2442 3725 2733 3793 permulta,
2770 3724 2844 3778 ita
2898 3724 2998 3779 hoc
3034 3739 3245 3794 quoque
3288 3726 3444 3781 docte
3473 3736 3529 3781 et

1950 3814 2095 3868 clare
2140 3823 2422 3869 tractatur.
2459 3816 2527 3869 Et
2557 3817 2757 3885 alioqui
2787 3819 2851 3871 de
2885 3819 2983 3871 hac
3016 3818 3273 3887 temporis
3296 3828 3420 3873 nota
3439 3835 3527 3875 sa-

1952 3904 2020 3957 tis
2040 3904 2292 3959 convenit
2332 3915 2475 3959 inter
2498 3907 2763 3961 eruditos.
2788 3904 2962 3961 Velim
3003 3908 3227 3978 insuper
3258 3911 3525 3964 memine-

1949 3996 2121 4052 rimus
2150 3998 2349 4053 dixisse
2377 3998 2625 4053 Plautum
2657 4018 2675 4051 ‹
2725 4001 3022 4071 postriduo,
3073 4020 3092 4053 ›
3126 4017 3225 4072 pro
3257 4021 3276 4054 ι
3308 4012 3528 4072 postero

1950 4087 2069 4154 die;
2108 4107 2128 4141 ι
2173 4090 2242 4144 ob
2296 4090 2457 4158 idque
2502 4091 2637 4145 nihil
2684 4092 2897 4157 obesse,
2958 4094 3087 4160 quin
3133 4094 3322 4149 eodem
3364 4112 3526 4151 sensu

1950 4196 2084 4236 voce
2113 4201 2131 4233 ι
2168 4184 2505 4251 postriduunt
2546 4202 2565 4235 ›
2606 4198 2733 4237 usus
2782 4184 2854 4237 sit
2885 4183 3224 4241 Ambrosius.
3257 4185 3395 4243 llinc
3430 4202 3529 4242 au-

1955 4284 2061 4326 tem
2113 4276 2367 4342 colligere
2424 4276 2552 4330 licet
2602 4276 2716 4329 haec
2761 4274 3036 4331 Ambrosii
3090 4279 3275 4344 verba,
3324 4297 3344 4330 ι
3375 4289 3527 4335 certe

1952 4365 2097 4419 illius
2158 4366 2321 4418 tridui
2375 4378 2619 4421 nostrum
2674 4368 2777 4421 hoc
2824 4369 3163 4438 postriduum
3206 4369 3527 4425 laboriosius

1953 4468 2049 4518 est,
2087 4475 2105 4508 ι
2161 4457 2341 4511 reduci
2385 4473 2543 4526 posse
2573 4458 2638 4511 ad
2666 4458 2803 4514 hanc
2837 4458 3091 4525 formam,
3134 4480 3152 4513 ι
3198 4471 3346 4517 certe
3374 4460 3525 4518 illius

1881 4548 2121 4637 Dtridui
2157 4557 2341 4602 noster
2386 4550 2475 4604 hic
2525 4560 2773 4619 posterus
2823 4552 2940 4606 dies
2994 4551 3314 4607 laboriosior
3363 4562 3466 4607 est.
3498 4572 3522 4607 ο

1959 4639 2069 4691 lloe
2108 4638 2271 4707 igitur
2302 4639 2444 4695 dicet
2476 4642 2662 4697 doctor
2696 4643 2942 4712 egregius
2977 4660 2991 4694 :
3028 4641 3146 4696 Jam
3179 4647 3525 4713 pervenimus

1955 4730 2020 4782 ad
2048 4738 2152 4783 tres
2185 4730 2401 4786 ultimos
2424 4733 2860 4803 Quadragesimze
2884 4734 3015 4801 dies,
3043 4740 3137 4807 qui
3171 4738 3393 4808 reliquis
3420 4740 3524 4793 hu-

1950 4823 2040 4891 jus
2067 4826 2207 4878 sacri
2239 4826 2429 4895 jejunii
2464 4827 2653 4881 diebus
2686 4826 3068 4884 laboriosiores
3090 4831 3255 4885 multo
3287 4841 3412 4887 sunt
3440 4844 3523 4888 at-

1954 4929 2057 4982 que
2091 4914 2437 4973 diﬂiciliores.
2472 4916 2657 4972 Tridui
2680 4918 2823 4973 illius
2849 4920 2988 4973 diem
3021 4923 3251 4988 primam
3277 4922 3523 4978 celebra-

1953 5005 2145 5061 bamus
2184 5008 2319 5061 heri.
2347 5007 2696 5063 Celebramus
2720 5010 2877 5064 hodie
2899 5012 3040 5065 diem
3069 5012 3381 5078 secundam,
3402 5028 3523 5069 cras

1957 5096 2280 5150 celebraturi
2326 5096 2567 5162 tertiam,
2615 5099 2721 5153 hoc
2762 5109 2863 5165 est,
2895 5100 3035 5154 diem
3076 5099 3292 5155 Sabbati
3324 5105 3521 5159 sancti.

1957 5185 2150 5241 Totum
2179 5188 2305 5241 illud
2340 5190 2576 5243 triduum
2616 5190 2888 5245 laboriose
2914 5192 3131 5259 quidem
3181 5195 3519 5250 traducitur:

1952 5283 2048 5333 sed
2086 5289 2263 5334 tamen
2309 5281 2455 5335 illius
2494 5292 2741 5351 posterius
2774 5283 2890 5337 dics
2918 5283 3089 5339 labori
3123 5285 3314 5353 majori
3348 5289 3520 5343 obno—

1953 5371 2076 5426 xius
2111 5380 2212 5425 est.
2260 5372 2328 5427 Et
2378 5389 2507 5427 vero
2544 5375 2758 5429 tametsi
2804 5386 3015 5431 constat
3063 5376 3360 5433 Sabbatum
3396 5395 3521 5435 san-

1952 5475 2098 5516 ctum
2154 5466 2354 5532 ubique
2400 5475 2665 5519 terrarum
2712 5470 2849 5537 apud
2906 5469 3242 5523 Christianos
3297 5485 3418 5524 cum
3450 5474 3518 5525 ob

1950 5566 2140 5607 cmtera
2175 5555 2331 5621 hujus
2366 5557 2468 5608 diei
2501 5558 2697 5619 ollicia,
2733 5567 2841 5609 tum
2874 5560 3105 5611 maxime
3122 5562 3187 5612 ob
3220 5561 3514 5630 baptisma-

1950 5641 2017 5691 tis
2051 5645 2399 5695 cceremonias
2428 5644 2749 5698 laboriosum
2797 5646 2963 5699 fuisse
3008 5666 3019 5698 :
3068 5650 3277 5700 videtur
3335 5661 3507 5701 tamen

1947 5729 2130 5780 nescio
2161 5732 2426 5793 quomodo
2470 5732 2635 5784 fuisse
2669 5732 2988 5786 laboriosius
3037 5732 3338 5786 Mediolani.
3395 5737 3499 5785 lte-

1942 5816 2045 5869 fert
2084 5817 2224 5870 enim
2274 5818 2547 5887 Paulinus,
2597 5822 2735 5889 quod
2771 5837 2995 5888 magnus
3042 5824 3130 5876 ille
3184 5825 3492 5877 Ambmsius
