4040 6458
523 418 665 465 CIC“

1871 406 2398 466 PROLEGOMENA.

525 525 610 578 dic
634 519 854 576 Sabbati
888 518 1060 576 sancti
1092 519 1242 576 solus
1272 521 1484 577 ellicere
1515 520 1744 587 solebat,
1765 519 1840 586 id,
1872 536 1937 576 eo
1956 538 2098 578 mor-
2127 529 2169 585 Α
2202 531 2289 576 tur
2337 523 2497 576 etiam
2539 519 2900 588 vespertinum
2953 516 3299 580 sacrificium,
3351 516 3404 571 id
3451 528 3554 581 cst,
3592 519 3762 574 missa

526 623 642 676 tuo,
679 627 708 665 a
738 611 977 680 quinque
1005 601 1274 678 ερίεειψῖδ·
1296 610 1432 666 elIici
1464 612 1552 667 vix
1592 611 1854 682 potuisse.
1887 611 2092 667 Paulini

523 703 688 758 verba
729 702 999 757 sunthaec
1041 701 1096 757 in
1139 699 1259 754 Vita
1312 701 1581 756 Ambrosii
1635 717 1784 756 num.
1829 701 1897 757 58
1930 719 1944 756 :
1983 720 2002 753 ι
2039 703 2096 756 lu

523 792 689 848 rebus
719 792 884 846 etiam
921 791 1121 847 divinis
1169 789 1456 862 implendis
1490 790 1842 856 fortissimus,
1891 792 1944 847 in
1975 800 2097 846 tan-

527 891 640 936 tum
681 890 735 936 ut
770 882 912 951 quod
943 881 1138 937 solitus
1191 893 1310 937 erat
1351 886 1497 937 circa
1539 883 1898 950 baptizandus
1952 884 2099 939 solus

527 972 772 1041 implere,
798 973 1036 1042 quinque
1063 981 1248 1041 postea
1274 971 1535 1042 episcopi,
1576 982 1822 1041 tempore
1855 988 1964 1043 quo
1998 973 2096 1028 de-

526 1063 714 1129 cessit,
764 1063 851 1116 vix
893 1063 1196 1133 implerent.
1236 1082 1256 1116 ι
1304 1063 1611 1119 Dccessisse
1652 1073 1829 1118 autem
1864 1064 2098 1119 Ambro-

525 1153 666 1208 sium
690 1154 968 1211 matutinis
1007 1156 1157 1211 horis
1188 1154 1411 1211 Sabbati
1438 1156 1630 1221 sancti,
1651 1165 1800 1226 patet
1819 1171 1885 1212 ex
1906 1157 2095 1213 eodem

526 1243 774 1311 Paulino,
825 1245 919 1315 qui
949 1246 1005 1300 in
1049 1245 1168 1316 ejus
1215 1243 1358 1314 Vita,
1394 1260 1543 1300 num.
1595 1244 1686 1310 48,
1731 1243 1803 1298 ita
1855 1245 2092 1300 scribit:

531 1352 550 1384 ε
575 1334 754 1403 Atque
782 1332 908 1389 inde
927 1335 994 1390 ad
1011 1334 1294 1390 ecclesiam
1329 1335 1584 1405 majorem
1614 1333 1931 1387 antelucana
1965 1335 2094 1388 hora

526 1437 632 1492 qua
678 1424 962 1480 defunctus
1007 1433 1115 1490 est,
1162 1439 1356 1494 corpus
1400 1424 1570 1494 ipsius
1613 1423 1926 1494 (Ambrosii)
1974 1438 2096 1490 por-

528 1523 696 1568 tatum
730 1515 1043 1582 est;ibique
1059 1515 1248 1569 eadem
1281 1515 1381 1568 luit
1411 1525 1593 1578 nocte,
1627 1528 1731 1582 qua
1761 1513 2100 1585 vigilavimus

528 1606 580 1658 in
611 1603 884 1659 Pascha...
908 1604 1017 1661 Sed
1039 1606 1347 1660 lucescente
1371 1606 1460 1660 die
1490 1604 1792 1669 Dominico,
1827 1621 1945 1659 cum
1975 1619 2098 1660 cor-

527 1710 627 1763 pus
665 1696 854 1764 ipsius,
882 1698 1122 1764 peractis
1148 1696 1508 1752 sacramentis
1539 1696 1756 1759 divinis,
1783 1701 1849 1752 de
1865 1698 2096 1752 ecclesia

533 1785 825 1850 levaretur,
863 1786 1185 1855 portandum
1234 1787 1298 1842 ad
1338 1785 1614 1841 basilicam
1658 1787 2096 1850 Ambrosianam,

529 1877 583 1932 in
625 1894 728 1950 qua
761 1879 968 1948 positus
991 1889 1092 1946 est,
1123 1881 1196 1934 ita
1223 1879 1295 1933 ibi
1322 1880 1624 1934 daemonum
1654 1880 1808 1932 turba
1831 1878 2100 1933 clamabat

535 1985 594 2023 se
633 1971 701 2024 ab
751 1968 843 2024 illo
888 1971 1150 2040 torqueri,
1193 1980 1254 2024 ut
1303 1970 1534 2039 ejulatus
1572 1986 1758 2026 eorum
1821 1971 1948 2024 ferri
1995 1985 2101 2022 non

530 2067 769 2125 possent.
805 2077 823 2110 ι
851 2057 944 2112 His
972 2069 1152 2113 autem
1185 2059 1348 2113 semel
1376 2060 1582 2128 positis,
1614 2061 1860 2127 sequitur
1893 2059 2102 2111 sacrili-

531 2151 694 2208 cium.
715 2165 835 2204 cum
853 2152 1340 2219 advesperasceret,
1357 2149 1639 2206 Mediolani
1657 2153 1984 2220 temporibus
2000 2151 2104 2204 illis

533 2242 862 2296 celebratum
907 2242 1073 2295 fuisse
1117 2243 1227 2312 ipsa
1259 2231 1597 2297 'Parasceves
1644 2242 1751 2305 die,
1797 2242 2103 2309 Christique

532 2347 728 2400 corpus
773 2335 912 2386 intra
953 2334 1211 2388 solemnia
1254 2346 1310 2388 et
1352 2333 1654 2389 confectum
1690 2334 1877 2402 fuisse,
1928 2344 1982 2390 et
2007 2350 2102 2403 po-

533 2423 658 2487 pulu
680 2425 883 2478 datum.
904 2425 1129 2490 Horum,
1155 2441 1272 2494 quae
1297 2440 1359 2479 ex
1394 2437 1573 2480 nostra
1596 2427 1952 2497 explicatione
1974 2443 2103 2481 cun-

537 2520 688 2586 sequi
710 2518 844 2580 dixi,
870 2519 1022 2572 testis
1036 2527 1120 2572 est
1151 2519 1468 2574 Ambrosius
1489 2522 1621 2590 ipse.
1653 2520 1938 2590 Postquam
1958 2522 2101 2576 enim

540 2609 611 2661 ita
646 2610 861 2677 scripsit
895 2627 911 2664 :
951 2628 971 2661 ι
1019 2610 1179 2666 Certe
1213 2611 1355 2666 illius
1397 2612 1558 2666 tridui
1593 2621 1838 2666 nostrum
1871 2613 1974 2668 hoc
2004 2629 2103 2681 po-

537 2699 726 2754 stridie
755 2701 1081 2757 laboriosius
1121 2712 1226 2767 est,
1253 2721 1272 2754 ι
1306 2703 1387 2757 sic
1413 2705 1796 2773 prosequitur:
1831 2722 1850 2755 ι
1893 2705 1955 2757 Et
1984 2704 2104 2758 ideo

536 2792 627 2859 qui
668 2806 790 2844 cum
842 2793 1030 2848 avibus
1073 2793 1322 2859 lusimus,
1378 2809 1498 2847 cum
1554 2795 1696 2865 gallo
1741 2795 2100 2860 cautavimus,

530 2884 642 2952 jam
690 2880 902 2936 Domini
947 2899 1206 2939 canamus
1259 2886 1538 2954 mysteria,
1583 2895 1638 2938 et
1666 2887 1733 2938 ad
1761 2899 1958 2954 corpus
1979 2883 2104 2938 Jesu

537 2977 862 3028 conveniant
894 2974 1091 3043 aquilae
1121 2983 1465 3042 peccatorum
1499 2974 1775 3029 ablutione
1803 2985 2102 3038 renovatae;

532 3065 645 3132 jam
696 3067 839 3118 enim
897 3076 1073 3122 cretus
1106 3067 1194 3122 ille
1230 3083 1456 3138 magnus
1483 3081 1667 3122 verum
1713 3066 1869 3122 nobis
1915 3065 2105 3120 Jonam

2198 613 2520 682 vespertinis
2554 612 2703 668 horis
2741 611 2931 666 diebus
2949 610 3136 678 jejuuii
3163 609 3426 664 celebrarl
3459 612 3610 664 solita
3644 628 3660 666 :
3693 612 3763 666 de

2195 723 2301 778 qua
2339 707 2392 760 in
2443 719 2599 760 conc.
2646 705 2772 759 Vas.
2810 717 2930 772 cap.
2966 705 3022 767 5,
3061 717 3111 758 c.
3141 701 3244 768 29,
3278 701 3558 756 Matiscon.
3606 716 3659 756 c.
3701 701 3760 766 9,

2195 807 2374 855 actum
2404 797 2724 866 reperimus.
2756 815 2776 848 ι
2806 795 2883 849 Ad
2913 795 3046 861 haec,
3078 794 3361 862 antiquum
3394 792 3543 846 illum
3584 793 3763 846 sacri-

2197 890 2305 945 ticii
2332 902 2557 958 vespere
2590 887 2850 942 olferendi
2900 900 3106 940 morem
3152 884 3280 938 olim
3318 886 3460 955 apud
3496 882 3761 937 Mediola-

2197 994 2390 1035 nenses
2415 976 2604 1049 jejunii
2633 978 2822 1032 diebus
2855 976 3154 1031 obtinuisse
3182 975 3412 1040 probant
3440 983 3496 1029 et
3520 988 3610 1039 ea,
3640 988 3763 1043 qua:

2197 1069 2354 1139 paulo
2379 1078 2504 1123 ante
2531 1069 2780 1140 leguntur
2804 1081 2952 1122 num.
2981 1065 3170 1122 eodem
3195 1086 3207 1120 :
3237 1081 3257 1116 ι
3292 1064 3556 1119 lndictum
3587 1063 3766 1131 estje-

2192 1160 2426 1226 junium,
2453 1173 2583 1213 cave
2605 1175 2671 1213 ne
2697 1158 2958 1229 negligas.
2981 1157 3092 1212 Etsi
3121 1167 3172 1210 te
3195 1153 3365 1209 fames
3385 1155 3762 1224 quotidianum

2196 1248 2340 1318 cogit
2370 1247 2436 1301 ad
2470 1250 2785 1316 prandium,
2820 1256 2911 1302 aut
2945 1246 3364 1316 intemperantia
3399 1244 3637 1299 declinat
3681 1243 3766 1311 je-

2191 1341 2424 1410 junium,
2471 1349 2646 1394 tamen
2692 1341 2898 1396 caelesti
2946 1339 3113 1409 magis
3149 1349 3200 1393 te
3245 1346 3460 1393 servato
3491 1337 3764 1391 convivio.

2200 1432 2314 1486 Non
2342 1431 2512 1501 epulae
2543 1441 2744 1501 parata:
2768 1439 3150 1500 extorqueant,
3187 1439 3244 1483 ut
3291 1427 3525 1484 ccelestis
3559 1428 3634 1482 sis
3671 1441 3766 1478 va-

2197 1539 2331 1580 cuus
2369 1522 2720 1579 sacramenti.
2765 1521 2929 1576 Ditl‘er
2979 1521 3408 1591 aliquantulum.
3448 1535 3554 1574 non
3603 1519 3768 1588 longe

2199 1615 2322 1668 ﬁnis
2359 1625 2441 1668 est
2473 1613 2580 1668 diei
2618 1632 2631 1668 :
2671 1614 2779 1667 imo
2818 1611 3060 1680 plerique
3092 1622 3217 1665 sunt
3244 1610 3508 1679 ejusmodi
3541 1609 3678 1672 dies,
3707 1619 3767 1663 ut

2201 1703 2384 1758 statim
2431 1703 2748 1757 meridianis
2778 1700 2930 1755 horis
2959 1699 3351 1754 adveniendum
3383 1701 3455 1754 sit
3492 1701 3546 1755 in
3588 1700 3763 1755 eccle-

2202 1797 2361 1860 siam,
2411 1794 2643 1851 canendi
2685 1794 2892 1864 hymni,
2944 1791 3270 1847 celebranda
3326 1792 3553 1846 oblatio.
3613 1791 3768 1844 Tunc

2204 1884 2388 1954 utique
2431 1893 2656 1954 paratus
2691 1884 2918 1948 assiste,
2964 1891 3023 1936 ut
3057 1882 3292 1950 accipias
3325 1881 3419 1934 tibi
3453 1881 3766 1935 munimen-

2203 1985 2339 2042 tum,
2373 1988 2431 2031 ut
2460 1991 2654 2046 corpus
2687 1977 2814 2031 edas
2850 1975 3062 2030 Domini
3101 1976 3248 2029 Jesu.
3291 1991 3310 2024 ›
3349 1971 3483 2026 Nam
3511 1972 3654 2039 quod
3693 1974 3773 2026 ait

2202 2067 2551 2130 Ambrosius,
2588 2067 2872 2136 plerosque
2909 2081 3032 2121 esse
3062 2063 3328 2135 ejusmodi
3364 2063 3499 2125 dies,
3553 2061 3604 2114 in
3638 2061 3766 2130 qni-

2203 2159 2304 2211 l-us
2335 2170 2452 2211 mos
2483 2163 2628 2210 esset
2663 2158 2844 2210 statim
2885 2156 3201 2210 meridianis
3237 2153 3385 2208 horis
3416 2150 3676 2206 advenire
3713 2149 3771 2202 in

2203 2248 2512 2311 ecclesiam,
2562 2245 2887 2301 oblationem
2943 2245 3255 2309 celebrare,
3306 2259 3502 2312 corpus
3552 2241 3770 2297 Domini

2203 2339 2328 2394 Jesu
2363 2341 2543 2402 edere,
2576 2337 2626 2390 id
2657 2323 2760 2390 non
2789 2336 3016 2392 obscure
3046 2338 3248 2392 indicat
3275 2337 3411 2391 alios
3433 2336 3600 2390 fuisse
3628 2335 3770 2400 dies,

2205 2433 2258 2484 in
2301 2431 2497 2500 quibus
2535 2430 2649 2483 haec
2693 2428 2762 2482 ob
2797 2427 3056 2481 indictum
3083 2425 3346 2496 jejunium
3377 2434 3775 2497 peragerentur

2206 2539 2312 2576 non
2350 2521 2667 2577 meridianis
2700 2517 3054 2587 temporibus,
3085 2520 3178 2570 sed
3211 2519 3555 2588 vespertinis.
3590 2516 3775 2583 Quare

2208 2622 2388 2668 monet
2439 2611 2692 2682 pupulum
2746 2609 2831 2662 vir
2880 2606 3280 2673 sanctissimus,
3337 2615 3397 2660 ut
3453 2617 3580 2661 tunc
3629 2607 3777 2662 fame

2205 2716 2512 2775 contempta
2546 2714 2725 2758 servet
2765 2717 2824 2758 se
2853 2700 3063 2757 caelesti
3095 2700 3386 2766 convivio,
3414 2713 3592 2767 neque
3626 2700 3776 2754 vinci

2206 2813 2264 2852 se
2293 2798 2438 2852 sinat
2465 2797 2637 2866 epulis
2665 2794 2942 2864 apparatis
2977 2813 2988 2848 :
3021 2793 3114 2848 sed
3146 2791 3346 2862 potius,
3378 2805 3446 2844 ne
3471 2805 3677 2844 vacuus
3705 2791 3781 2843 sit

2207 2888 2444 2942 caelestis
2468 2886 2814 2951 sacramenti,
2847 2888 3007 2941 linem
3032 2885 3136 2940 diei
3165 2883 3306 2938 haud
3337 2881 3493 2950 longe
3521 2880 3778 2936 dissitum

2208 2987 2503 3046 exspectet.
2543 2979 2651 3031 Nec
2680 2978 2746 3031 ab
2775 2992 2832 3032 re
2878 2977 2984 3030 erit
3014 2985 3070 3030 et
3097 2976 3260 3029 alium
3287 2973 3460 3028 locum
3486 2971 3610 3028 libri
3638 2972 3777 3026 sexti

2208 3069 2536 3138 expendere.
2563 3066 2795 3120 Basilius
2817 3064 3129 3118 animalium
3153 3066 3394 3118 diversas
3413 3062 3780 3133 proprietates

541 3157 772 3211 reddidit
806 3175 820 3210 :
872 3167 926 3210 et
951 3158 1281 3228 gratulemur
1315 3159 1458 3229 quod
1511 3159 1686 3214 factus
1725 3168 1809 3215 est
1838 3159 1994 3214 nobis
2015 3174 2108 3215 ve-
2133 3177 2176 3237 ο
2209 3174 2330 3213 cum
2361 3167 2689 3220 recenseret,
2714 3155 2925 3209 dixerat
2953 3152 3163 3206 asinum
3197 3153 3405 3220 pigrum
3429 3167 3549 3205 esse
3573 3171 3588 3206 :
3614 3167 3777 3221 quem

542 3263 699 3314 spere
734 3249 850 3302 dies
887 3253 1140 3316 quintus;
1185 3250 1278 3302 llat
1315 3252 1470 3303 nubis
1499 3265 1657 3304 mane
1692 3251 1808 3306 dies
1837 3261 2044 3306 sextus.
2082 3269 2101 3302 ι

547 3338 613 3391 Et
647 3340 860 3407 quidem
895 3355 963 3394 ex
1003 3339 1131 3403 illis,
1175 3356 1193 3390 ι
1227 3340 1338 3408 jam
1377 3339 1586 3392 Domini
1618 3355 1876 3393 canamus
1908 3349 2107 3409 myste-

554 3435 652 3498 ria,
690 3442 743 3486 et
779 3433 843 3487 ad
876 3447 1073 3502 corpus
1117 3429 1244 3488 Jesu
1284 3431 1611 3487 conveniant
1641 3433 1833 3500 aquilae
1863 3442 2112 3503 peccato-

546 3542 667 3578 rum
725 3527 996 3580 ahlntione
1049 3535 1338 3591 renovatte,
1380 3545 1397 3576 ι
1442 3523 1602 3594 plane
1629 3532 1842 3580 constat
1885 3534 1939 3578 ct
1968 3524 2111 3579 cele-

548 3616 760 3668 bratum
787 3615 953 3668 luisse
979 3615 1301 3668 sacriﬁcium
1337 3623 1454 3680 post
1481 3615 1796 3670 concionem
1814 3614 2106 3678 Ambrosii,

544 3715 598 3756 et
628 3705 947 3758 convenisse
991 3709 1242 3773 populum
1271 3704 1570 3773 aquilarum
1597 3706 1648 3757 in
1680 3719 1880 3757 morem
1911 3705 1975 3756 ad
1997 3719 2109 3756 cor-

544 3811 644 3864 pus
687 3793 812 3850 Jesu
845 3797 1232 3866 recipiendum.
1281 3795 1372 3849 llla
1430 3811 1582 3859 vero,
1629 3811 1648 3844 ι
1687 3803 1741 3849 et
1780 3795 2112 3865 gratulemur

544 3893 687 3957 quod
717 3887 891 3944 factus
916 3900 1000 3945 est
1031 3891 1186 3945 nobis
1211 3902 1436 3959 vespere
1475 3888 1843 3959 diesquintus,
1873 3904 1892 3938 ι
1929 3894 2115 3956 aperte

545 3981 836 4034 ostendunt
858 3981 1128 4034 Ambrosii
1154 3982 1470 4039 concionem
1506 3981 1621 4050 ipsa
1646 3981 1973 4036 Parasceves
2004 3980 2112 4042 dic,

547 4089 670 4127 cum
698 4074 1190 4143 advesperasceret,
1241 4074 1306 4126 ad
1357 4073 1609 4143 populum
1650 4072 1889 4126 habitam
1925 4072 2112 4126 fuisse.

546 4164 679 4218 Cum
712 4165 873 4226 enim,
899 4175 958 4219 ut
991 4167 1244 4230 diximus,
1294 4163 1606 4219 concionari
1637 4164 1861 4231 coeperit
1887 4165 2117 4216 Ambro-

549 4257 662 4312 sius
684 4256 815 4308 feria
846 4257 1077 4311 secunda
1117 4256 1335 4324 majoris
1377 4255 1750 4319 hebdomadis,
1779 4257 2116 4324 perspicuum

552 4356 631 4398 cst
667 4345 805 4399 diem
841 4347 1088 4414 quintum
1115 4349 1167 4400 in
1195 4348 1520 4403 Parasceves
1541 4347 1680 4401 diem
1714 4345 1990 4400 cecidisse.
2009 4347 2119 4401 Nec

556 4437 813 4507 cuiquam
861 4436 1018 4491 valde
1043 4439 1238 4492 mirum
1269 4441 1440 4494 videri
1471 4440 1648 4498 debet.
1682 4452 1836 4494 sacra
1873 4438 1988 4505 ipso
2013 4437 2117 4491 Pa-

2209 3248 2386 3304 locum
2437 3248 2711 3302 rhetorum
2771 3257 2918 3298 more
2970 3253 3245 3296 exornans
3298 3239 3652 3300 Ambrosius,
3704 3238 3780 3290 ita

2210 3340 2427 3407 scripsit
2462 3340 2554 3392 lib.
2608 3353 2694 3400 vt,
2735 3351 2853 3405 cap.
2886 3337 2920 3390 3
2965 3353 2979 3389 :
3019 3351 3037 3384 ι
3085 3331 3243 3400 Piger
3280 3329 3486 3390 asinus,
3527 3338 3582 3381 et
3611 3342 3785 3396 expo-

2212 3429 2348 3482 situs
2381 3427 2448 3480 ad
2487 3427 2756 3495 praedam,
2787 3438 3056 3491 sensuque
3085 3421 3311 3483 tardior,
3341 3419 3470 3489 quid
3501 3418 3650 3472 aliud
3684 3419 3784 3472 do-

2211 3526 2318 3583 cet,
2375 3515 2480 3569 nisi
2519 3529 2619 3569 nes
2661 3513 2966 3567 vivaciores
2999 3526 3118 3567 esse
3159 3512 3356 3566 debere
3381 3551 3394 3574 ,
3427 3525 3527 3565 nec
3574 3510 3782 3564 desidia

2212 3605 2454 3675 corporis
2485 3603 2761 3673 animique
2799 3604 3126 3671 pigrescere,
3161 3601 3451 3672 confugere
3486 3601 3553 3655 ad
3593 3602 3788 3665 ﬁdem,

2213 3711 2332 3767 qua:
2363 3711 2529 3751 onera
2561 3696 2743 3765 gravia
2771 3695 3003 3749 allevare
3029 3693 3413 3750 consueverit?
3439 3712 3458 3746 ι
3489 3691 3596 3748 Sed
3627 3692 3785 3758 illud,

2219 3808 2236 3840 ‹
2268 3797 2323 3840 ct
2349 3786 2631 3855 expositus
2660 3786 2726 3841 ad
2758 3786 3015 3855 praedam,
3048 3805 3066 3837 ›
3102 3786 3231 3840 mihi
3272 3800 3376 3839 non
3415 3785 3630 3838 videtur
3657 3785 3788 3838 huic

2218 3881 2336 3934 loco
2365 3879 2690 3943 convenire;
2729 3890 2937 3946 contra,
2970 3883 3013 3935 si
3056 3882 3221 3952 legas,
3252 3883 3326 3935 uti
3361 3882 3412 3934 in
3440 3881 3624 3935 codice
3661 3881 3786 3935 Vat.

2218 3969 2431 4039 legitur,
2485 3988 2504 4020 ε
2542 3979 2597 4024 et
2627 3969 2905 4038 expositus
2952 3973 3017 4022 ad
3047 3973 3309 4039 pondera,
3355 3991 3373 4022 ι
3419 3973 3577 4040 plana
3624 3983 3789 4024 erunt

2217 4063 2418 4114 onmia.
2455 4059 2569 4115 Hoc
2601 4061 2746 4118 enim
2795 4061 2926 4115 dicit
2967 4063 3289 4115 Ambrosius
3319 4079 3336 4114 :
3384 4062 3442 4114 Si
3479 4062 3788 4114 considere-

2218 4166 2340 4206 mus
2370 4151 2581 4207 asinum
2608 4151 2822 4222 pigrum
2859 4164 2980 4205 esse
3001 4189 3016 4215 ,
3044 4157 3099 4204 et
3135 4163 3298 4204 sensu
3330 4148 3656 4212 tardiorem;
3691 4147 3790 4201 ab-

2218 4245 2287 4298 sit
2319 4252 2378 4297 ut
2424 4258 2546 4298 eum
2584 4243 2637 4297 in
2675 4257 2740 4298 eo
2771 4243 2970 4297 imitari
3009 4240 3260 4307 velimus,
3294 4241 3387 4296 sed
3419 4239 3598 4310 potius
3624 4239 3784 4293 debe-

2220 4351 2340 4388 mus
2375 4334 2679 4389 vivaciores
2727 4348 2846 4388 esse
2879 4344 2932 4388 et
2977 4333 3291 4387 alacriores.
3329 4331 3536 4386 Rursus
3574 4329 3622 4384 si
3665 4343 3794 4382 con-

2222 4424 2524 4478 sideremus
2573 4437 2695 4476 eum
2732 4423 2797 4476 ad
2837 4422 3074 4491 pondera
3127 4420 3431 4488 expositum
3467 4430 3618 4479 esse,
3662 4415 3793 4470 hinc

554 4541 806 4584 raseeves
857 4528 942 4583 die
981 4538 1033 4583 et
1079 4529 1350 4584 celebrata
1399 4545 1542 4594 esse,
1589 4540 1644 4585 et
1687 4531 1963 4598 populum,
1998 4545 2115 4582 cum
2150 4511 2194 4566 Ῑ)
2222 4517 2515 4572 cllocem“?
2541 4515 2833 4584 confusere
2863 4515 2930 4568 ad
2961 4514 3142 4576 ﬁdem:
3169 4527 3288 4582 (ἱππ
3314 4525 3482 4566 onera
3504 4508 3690 4580 Βηνίδ
3719 4509 3794 4564 ³1-

555 4623 1058 4690 advesperasceret,
1084 4635 1284 4690 corpus
1307 4619 1503 4676 Christi
1539 4622 1832 4689 accepisse,
1864 4635 1986 4674 cum
2010 4619 2121 4673 haec

555 4712 660 4766 illis
701 4711 884 4783 iejunii
924 4715 1150 4781 majoris
1197 4713 1386 4770 diebus
1427 4714 1555 4768 olim
1597 4711 1882 4768 Mediolani
1920 4714 1972 4767 in
2022 4727 2121 4764 usu

557 4802 725 4856 fuisse
747 4810 974 4856 constet.

637 4895 708 4947 lie
730 4894 832 4946 hoc
859 4893 1144 4946 audiamus
1174 4891 1516 4946 Ambrosium
1558 4892 1611 4946 in
1640 4889 1905 4960 psalmum
1934 4904 2122 4953 CXVIII,

560 5002 688 5038 nunt
734 4984 804 5038 48
839 5001 854 5037 :
889 5002 908 5034 ι
947 4986 1217 5041 Admonet
1274 4984 1460 5044 etiam.
1523 4985 1727 5053 inquit,
1800 4981 2122 5035 sacriﬁcium

559 5078 968 5143 vespertinum,
1008 5085 1066 5129 ut
1116 5081 1398 5145 nunqham
1441 5074 1720 5129 Chrismm
1765 5071 2121 5127 obliviscaris.

559 5164 676 5217 μου
710 5173 861 5232 potes
899 5162 1167 5228 oblivisci,
1201 5180 1322 5218 cum
1355 5165 1555 5220 lectum
1585 5163 1833 5216 ascendis
1867 5161 1984 5228 ejus
2023 5161 2126 5224 Do-

564 5254 719 5317 mini,
753 5255 837 5307 cui
875 5254 926 5306 in
956 5268 1153 5310 occasu
1193 5254 1299 5308 diei
1338 5269 1554 5324 precem
1593 5253 1828 5316 luderis,
1876 5251 1964 5318 qui
1999 5265 2124 5304 esu-

567 5348 792 5400 rientem
824 5354 876 5399 te
901 5346 982 5398 sui
1009 5347 1250 5415 corporis
1278 5346 1448 5416 epulis
1472 5346 1789 5414 expleverit.
1823 5365 1842 5396 ι
1875 5343 1973 5410 Qui
2001 5341 2128 5398 Am-

565 5437 730 5493 brosii
757 5436 907 5491 locus
950 5436 1319 5491 eruditissima
1354 5436 1444 5491 illa
1486 5446 1612 5490 nota
1649 5435 1950 5490 illustratus
1991 5433 2124 5501 legi-

567 5537 658 5580 tur
691 5544 703 5579 :
737 5545 755 5578 l
792 5528 870 5581 Ad
905 5528 1021 5582 haec
1053 5527 1286 5581 indidem
1318 5543 1531 5598 quoque
1570 5526 1870 5594 intelligere
1901 5534 1982 5578 est
2017 5538 2129 5576 mo-

568 5621 646 5672 ris
687 5619 851 5671 fuisse
888 5619 940 5672 in
982 5619 1222 5673 Ecclesia
1262 5617 1452 5672 Latina
1486 5620 1648 5674 etiam
1703 5619 1891 5688 jejunii
1943 5618 2130 5670 diebus

572 5710 896 5764 sacriﬁcium
924 5710 1140 5774 offerre,
1157 5720 1211 5763 et
1233 5709 1626 5766 Eucharistiam
1651 5711 1919 5780 accipere,
1944 5719 2129 5762 contra

574 5814 738 5870 quam
767 5801 822 5856 in
855 5799 1116 5860 Orientali
1145 5801 1447 5857 obtinebat.
1489 5800 1835 5858 Postmodum
1868 5812 2125 5854 memora-

2224 4609 2405 4662 levare
2442 4606 2745 4661 consuevit.
2788 4603 3126 4659 Sententiam
3171 4602 3331 4672 hujus
3376 4601 3479 4655 loci
3511 4602 3790 4657 consecuti

2220 4710 2347 4758 aunt
2385 4699 2602 4770 quidem
2649 4699 2904 4755 editionis
2945 4695 3202 4751 Romanae
3249 4704 3540 4761 auctores,
3573 4696 3665 4761 qui
3714 4694 3790 4747 ita

2222 4793 2486 4846 edendum
2535 4800 2815 4854 curarunt,
2867 4807 2884 4840 ι
2935 4799 2990 4844 et
3019 4791 3085 4844 ad
3118 4803 3254 4842 onus
3301 4787 3582 4858 expositus
3632 4802 3645 4837 :
3693 4787 3790 4837 sed

2227 4882 2734 4952 prmterquamquod
2763 4881 3012 4934 videntur
3031 4883 3104 4934 ita
3130 4881 3436 4934 correxisse
3459 4892 3526 4933 ex
3553 4875 3792 4946 ingenio,

2225 4974 2280 5027 in
2321 4990 2387 5028 eo
2437 4973 2904 5042 reprehendendos
2942 4987 3037 5027 eos
3087 4979 3239 5040 puto,
3293 4970 3439 5039 quod
3484 4967 3712 5024 nimium
3759 4981 3792 5020 a

2229 5067 2438 5136 vulgata
2469 5066 2738 5134 scriptura
2772 5065 3120 5119 recesserint.
3162 5063 3236 5118 De
3269 5063 3358 5116 his
3397 5062 3548 5116 satis.
3579 5056 3696 5112 Jam
3727 5060 3795 5114 de

2230 5156 2462 5211 Psalmis
2486 5171 2792 5213 sermonem
2825 5156 3194 5211 instituamus.

2733 5247 2760 5318 §
2801 5245 2886 5303 Vl.
2928 5245 3003 5301 De
3035 5245 3283 5301 Psalmis.

2301 5339 2391 5394 30.
2432 5338 2757 5393 Prmclarum
2783 5354 2949 5404 sane,
2974 5348 3028 5393 et
3051 5339 3103 5392 in
3130 5337 3320 5406 primis
3351 5335 3572 5402 elegans
3615 5347 3797 5402 prom-

2230 5427 2398 5481 mium
2433 5427 2621 5483 Basilii
2648 5428 2701 5482 in
2731 5427 3013 5482 Psalmos-z
3043 5427 3186 5496 quod
3217 5425 3310 5495 qui
3349 5423 3568 5489 legerit,
3603 5425 3795 5476 miram

2234 5517 2378 5571 illaut
2408 5519 2462 5571 in
2486 5517 2686 5573 Basilio
2711 5517 2924 5570 dicendi
2970 5525 3143 5569 artem
3177 5512 3481 5576 mirabitur,
3507 5525 3636 5579 qua,
3665 5526 3800 5577 quu-

2232 5624 2442 5678 cunque
2471 5626 2530 5665 se
2560 5609 2899 5671 intendisset,
2933 5607 3250 5662 excellebat.
3281 5605 3599 5659 Ambrosius
3630 5600 3793 5654 multa

2235 5716 2265 5754 e
2309 5700 2508 5756 Basilio
2548 5700 2777 5754 mutuari
2813 5699 3037 5766 solitus,
3090 5699 3219 5752 hinc
3271 5709 3487 5767 quoque
3537 5691 3797 5747 nonnulla

2237 5793 2523 5862 excerpsit.
2557 5792 2689 5848 Cum
2726 5802 2904 5847 autem
2934 5805 3040 5845 non
3072 5789 3246 5845 desint
3275 5787 3469 5857 quibus
3500 5781 3794 5854 jucundum
