4040 6446
1362 395 1424 450 D.
1464 391 1607 448 JUL.
1647 390 1972 448 GARNERII
2011 388 2400 444 PIUEFATIO.

3320 401 3482 444 CXCIII

235 510 308 564 sit
337 518 391 564 et
413 516 625 581 gratum
650 523 995 580 cognoscere,
1026 509 1152 577 quid
1178 509 1316 565 alius
1347 511 1583 578 scriptor
1607 511 1674 564 ab
1701 510 1804 565 alio
1832 517 1878 572 Α
1907 506 2067 562 veluti
2097 507 2150 560 in
2198 503 2468 560 communi
2500 503 2809 557 animarum
2845 503 3203 558 curandarum
3237 501 3473 568 olliciua,

236 601 565 670 sumpserit,
597 615 808 670 quoque
847 602 1007 654 modo
1034 600 1174 654 alius
1207 600 1370 654 alium
1420 611 1514 655 aut
1547 601 1807 670 interpre-

237 702 406 756 tatus,
437 702 531 746 aut
549 702 696 747 certe
719 692 958 746 imitatus
983 695 1071 756 sit,
1100 692 1280 746 omnia
1304 707 1423 759 quae
1448 701 1807 746 occurrerunt

236 783 514 837 Ambrosii
559 782 672 836 loca
711 783 798 836 hic
841 782 1115 837 ascribere
1155 797 1260 836 non
1299 782 1522 852 pigebit.
1557 782 1708 848 Quod
1748 793 1807 837 ut

238 873 418 940 magis
461 871 816 942 intelligatur,
869 871 1139 927 Ambrosii
1188 873 1421 941 primum
1470 872 1568 943 (τι),
1616 873 1809 928 deinde

240 963 429 1020 Basilii
488 965 650 1018 verba
713 963 1013 1032 subjiciam.
1087 981 1108 1015 ι
1172 964 1388 1019 Etenim
1451 965 1576 1020 licet
1632 966 1809 1021 onmis

241 1056 529 1126 Scriptura
561 1056 740 1110 divina
776 1056 867 1110 Dei
897 1057 1126 1125 gratiam
1157 1058 1348 1125 spiret,
1383 1068 1562 1112 etc....
1600 1057 1657 1110 ln
1691 1057 1811 1112 aliis

238 1148 408 1218 igitur
437 1148 648 1217 singula
680 1149 964 1202 advertere
990 1147 1138 1202 licet.
1168 1147 1405 1203 Historia
1437 1147 1680 1213 instruit,
1721 1148 1808 1202 lex

238 1244 423 1308 docet,
456 1240 736 1310 prophetia
775 1242 1084 1307 annuntiat,
1111 1240 1380 1310 correptio
1407 1241 1660 1309 castigat,
1696 1256 1811 1294 mo-

237 1333 430 1388 ralitas
459 1333 648 1387 suadet
693 1348 708 1385 :
757 1332 813 1386 in
859 1332 998 1388 libro
1033 1332 1369 1387 Psalmorum
1421 1332 1698 1402 profectus
1728 1345 1811 1388 est

238 1425 511 1488 omnium,
541 1431 596 1478 et
616 1422 881 1478 medicina
904 1425 1145 1492 quaedam
1172 1422 1362 1477 salutis
1393 1423 1662 1478 humanae.
1689 1425 1812 1492 Qui-

239 1531 458 1587 cunque
482 1515 698 1585 legerit,
723 1516 886 1571 habet
909 1532 1014 1585 quo
1045 1519 1276 1584 propriae
1298 1518 1518 1572 vulnera
1546 1516 1812 1587 passionis

240 1606 464 1678 speciali
495 1607 666 1676 possit
706 1621 898 1661 curare
930 1607 1189 1662 remedio.
1236 1609 1556 1677 Quicunque
1586 1621 1811 1662 cernere

238 1698 494 1763 voluerit,
523 1705 777 1766 tanquam
810 1697 863 1750 in
888 1699 1160 1751 communi
1188 1700 1486 1753 animarum
1511 1699 1807 1770 gymnasio,

237 1798 294 1844 et
324 1797 561 1858 quodam
593 1790 769 1844 stadio
798 1788 1059 1843 virtutqu
1089 1790 1305 1844 diversa
1332 1805 1533 1860 genera
1565 1787 1811 1843 certami-

1911 616 2009 656 nos
2045 613 2236 654 omnes
2282 605 2545 667 quotquot
2585 612 2772 651 sumus
2819 596 3067 650 homines
3115 596 3182 649 ad
3234 605 3480 649 nostrum

1909 695 2157 748 morbum
2188 692 2490 745 sanandum
2535 687 2796 742 medelam
2838 688 3070 757 seligere
3115 687 3480 755 possimus....

1904 785 2067 838 Aliud
2102 784 2268 854 igitur
2302 782 2577 851 propheta:
2605 781 2817 845 docent,
2855 779 2998 832 aliud
3027 778 3306 842 historici,
3336 779 3484 833 aliud

1910 876 2016 937 lex,
2054 874 2193 927 aliud
2232 873 2443 943 species
2467 871 2582 940 ejus
2615 886 2735 940 qua:
2778 870 2832 924 in
2864 869 3169 926 Proverbiis
3205 871 3484 925 invenitur

1911 964 2327 1021 exhortationis.
2370 964 2439 1018 At
2480 963 2740 1033 quidquid
2775 962 2827 1015 in
2857 962 3070 1016 caeteris
3100 961 3230 1015 utile
3258 971 3363 1023 est,
3395 960 3484 1014 hic

1911 1071 2048 1111 unus
2083 1056 2422 1111 Psalmorum
2458 1055 2596 1109 liber
2621 1052 3091 1121 complectitur....
3142 1052 3482 1109 Psalmorum

1909 1150 2128 1204 oracula
2158 1160 2214 1204 et
2251 1149 2396 1203 domi
2427 1146 2796 1209 modulantur,
2839 1155 2894 1200 et
2929 1145 2981 1199 in
3031 1146 3206 1200 forum
3243 1145 3482 1200 circum-

1913 1243 2184 1298 ferunt....
2221 1239 2472 1295 Psalmus
2507 1239 2785 1296 consociat
2813 1237 3160 1304 dissidentes,
3205 1237 3349 1290 inter
3381 1235 3485 1289 ini-

1912 1333 2081 1386 micos
2112 1332 2340 1400 gratiam
2384 1331 2678 1399 componit.
2721 1329 2852 1397 Quis
2898 1331 3044 1384 enim
3097 1329 3271 1383 adhuc
3323 1341 3484 1390 eum,

1911 1438 2140 1494 quocum
2175 1437 2332 1475 unam
2370 1423 2436 1476 ad
2477 1424 2640 1476 Deum
2672 1439 2856 1478 vocem
2883 1423 3084 1488 emisit,
3129 1421 3248 1476 loco
3281 1420 3484 1474 inimici

1912 1517 2113 1570 habere
2146 1514 2421 1584 possiti...
2450 1513 2700 1568 Psalmus
2726 1513 3108 1584 incipientibus
3136 1513 3346 1566 initium
3377 1521 3484 1574 est,

1913 1606 2301 1660 incrementum
2363 1603 2812 1673 proﬁcientibus,
2861 1601 3118 1672 perfectis
3174 1601 3476 1655 ﬁrmamen-

1914 1705 2115 1748 tum....
2152 1694 2400 1749 Psalmus
2434 1695 2744 1764 angelorum
2775 1709 2910 1762 opus
2937 1701 3041 1755 est,
3083 1690 3320 1747 caelestis
3353 1707 3484 1746 eon-

1911 1786 2174 1850 versatio,
2210 1785 2493 1854 spirituale
2534 1787 2851 1855 thymiama.
2902 1783 2948 1840 0
2983 1784 3197 1853 sapiens
3242 1784 3482 1854 magistri

239 1897 368 1934 num
400 1882 676 1952 reperiens
704 1890 1000 1951 praeparata
1023 1921 1037 1946 ,
1069 1882 1118 1934 id
1156 1881 1257 1934 sibi
1289 1859 1474 1950 eligat,
1507 1881 1590 1934 cui
1625 1895 1682 1934 se
1727 1881 1811 1932 in-
1843 1859 1884 1913 Β
1917 1881 2218 1945 inventum,
2248 1878 2338 1949 qui
2379 1887 2550 1932 artem
2585 1892 2690 1946 qua
2723 1876 2888 1930 simul
2927 1890 3264 1940 caneremus,
3297 1885 3352 1928 et
3385 1875 3488 1928 uti-

238 1971 436 2041 telligit
467 1972 827 2042 aptiorem...
855 1971 1005 2024 Domi
1030 1970 1272 2024 Psalmus
1310 1971 1543 2035 canitur,
1571 1969 1701 2024 foris
1728 1985 1813 2025 re-

235 2074 515 2121 censetur.
563 2065 811 2119 Psalmus
863 2062 1190 2118 dissidentes
1242 2064 1485 2133 copulat,
1534 2064 1811 2118 discordes

238 2158 435 2222 sociat,
468 2154 703 2211 oiIensos
732 2155 1071 2210 reconciliet.
1105 2155 1238 2223 Quis
1275 2157 1420 2211 enim
1452 2171 1555 2210 non
1584 2155 1813 2210 remittit

237 2249 311 2311 ei,
342 2261 466 2302 cum
498 2259 606 2314 quo
635 2260 798 2298 unam
834 2245 901 2299 ad
934 2246 1100 2299 Deum
1137 2261 1319 2300 vocem
1344 2246 1623 2299 emiserit?
1659 2245 1810 2300 Psal-

240 2353 456 2392 mus....
494 2336 768 2394 institutio
819 2336 1217 2406 incipientium,
1265 2336 1628 2407 proiectorum
1678 2351 1810 2392 e0n-

239 2429 496 2496 tirmatio,
538 2429 851 2499 angelorum
897 2429 1276 2495 ministerium,
1313 2429 1502 2482 militia
1549 2429 1805 2492 caelestis,

238 2523 418 2577 hOStia
453 2521 807 2592 spiritalis....
842 2522 1030 2577 Certat
1068 2521 1120 2574 in
1163 2519 1377 2575 Psalmo
1412 2521 1657 2575 doctrina
1689 2537 1808 2575 cum

238 2616 412 2686 gratia
450 2615 634 2670 simul.
678 2615 941 2670 Cantatur
985 2613 1052 2666 ad
1098 2612 1542 2679 delectationem,
1584 2615 1811 2668 discitur

237 2708 305 2762 ad
333 2707 716 2762 eruditionem.
751 2704 885 2759 Nam
914 2704 1230 2759 violentiora
1265 2714 1528 2774 praecepta
1563 2721 1665 2759 non
1697 2720 1812 2774 per-

242 2807 466 2854 manent
501 2819 514 2853 :
548 2799 691 2867 quod
717 2809 896 2854 autem
933 2813 1054 2853 cum
1084 2801 1353 2854 suavitate
1388 2800 1727 2869 perceperis,
1758 2799 1811 2853 id

241 2890 482 2945 infusum
522 2889 688 2944 semel
724 2891 1038 2958 praecordiis
1092 2905 1195 2943 non
1247 2890 1530 2944 consuevit
1575 2890 1809 2945 elabi....

239 2987 499 3038 Aiunt....
531 2999 721 3038 causas
752 2996 966 3052 quoque
999 2983 1426 3038 modulaminum
1488 2995 1542 3039 et
1568 2987 1810 3054 quaedam

241 3077 476 3132 claustra
508 3074 876 3143 rhythmorum
919 3074 972 3127 in
1003 3074 1282 3143 superiore
1307 3087 1460 3144 parte
1502 3091 1622 3130 esse
1663 3076 1810 3130 Psal-

1915 1970 1983 2023 lia
2017 1971 2388 2036 disceremus,
2442 1965 2813 2038 excogitavit!
2856 1965 2995 2020 unde
3040 1976 3096 2019 et
3140 1965 3311 2035 magis
3353 1980 3486 2035 quo-

1915 2061 2198 2116 dammodo
2236 2058 2433 2112 animis
2481 2064 2749 2126 prtecepta
2786 2055 3192 2122 imprimuntur.
3241 2053 3342 2106 Vix
3403 2062 3486 2105 et-

1915 2151 2055 2206 enim
2088 2150 2283 2203 durare
2309 2147 2446 2202 solet
2468 2147 2610 2217 quod
2637 2147 2838 2200 invitus
2861 2144 3116 2200 didiceris
3158 2162 3171 2196 :
3214 2144 3354 2212 quod
3390 2157 3486 2194 au-

1917 2253 2020 2297 tem
2052 2241 2287 2310 jucunde
2322 2239 2669 2307 suaviterque
2700 2246 2979 2305 acceptum
3009 2246 3114 2300 est,
3156 2234 3401 2290 tenacius
3433 2234 3485 2287 in

1914 2337 2108 2389 animis
2144 2332 2346 2387 nostris
2378 2332 2667 2387 insidet....
2708 2327 3028 2382 Psalterium
3084 2342 3212 2381 vero
3249 2341 3280 2379 a
3328 2336 3482 2395 parte

1913 2427 2178 2496 superiori
2221 2425 2370 2478 ducit
2416 2423 2695 2477 concinna:
2733 2436 2844 2476 sua:
2884 2418 3269 2473 modulationis
3317 2419 3484 2484 erigi.

1912 2535 2125 2572 nem....
2167 2518 2432 2571 Cmterum
2471 2515 2683 2569 initium
2735 2514 3075 2568 Psalmorum
3109 2511 3407 2565 videamus.
3459 2528 3479 2560 ι

1910 2610 2046 2677 Quin
2075 2622 2131 2664 et
2153 2609 2484 2679 Augustinus
2509 2608 2642 2676 ipse,
2669 2617 2727 2660 ut
2759 2614 2943 2660 monet
2969 2606 3215 2668 Ducazus,
3244 2605 3295 2657 in
3329 2619 3484 2657 enar-

1915 2703 2121 2755 ratione
2165 2700 2220 2753 iu
2269 2698 2405 2770 psal.
2464 2714 2573 2763 LVI,
2634 2711 2756 2751 cum
2797 2696 2909 2750 haec
2959 2696 3120 2749 verba
3173 2693 3484 2763 prophetica

1914 2793 2304 2860 interpretatur
2368 2809 2380 2844 :
2433 2789 2701 2860 Exsurge,
2765 2787 3068 2856 psalterium
3121 2795 3170 2840 et
3209 2784 3413 2838 cithara
3439 2783 3485 2848 "',

1916 2883 2172 2937 nonnulla
2215 2898 2246 2938 e
2273 2882 2477 2937 Graecis
2507 2880 2692 2935 Basilii
2728 2889 3001 2934 mutuatus
3043 2889 3144 2933 est.
3196 2878 3488 2948 Utriusque

1914 2977 2073 3031 verba
2102 2984 2286 3030 nostro
2315 2989 2463 3028 more
2493 2973 2812 3035 referemus,
2835 2985 3065 3041 quorum
3093 2986 3158 3024 ex
3193 2969 3485 3024 collatione

1912 3082 2241 3137 cognoscere
2271 3066 2491 3133 licebit,
2519 3065 2875 3136 Augustinum
2913 3065 3271 3136 interpretem
3318 3061 3488 3116 fuisse

242 3172 454 3225 terii....
498 3166 604 3220 Sed
647 3164 760 3232 jam
805 3165 1004 3220 Psalmi
1042 3167 1196 3222 istius
1231 3169 1321 3237 qui
1373 3169 1682 3248 propositus
1728 3177 1811 3222 est
1839 3207 1880 3263 ε
1916 3161 2086 3228 magis
2123 3173 2284 3229 quam
2326 3158 2656 3212 imitatorem
2701 3157 2907 3213 Basilii.
2953 3156 3282 3227 Augustinus
3323 3155 3487 3224 igitur

240 3263 418 3326 nobis,
471 3259 844 3329 ingrediamur
900 3260 1144 3314 exordia.
1208 3278 1227 3312 ι
1289 3257 1365 3328 (ι)
1404 3259 1560 3313 Πᾶσα
1621 3259 1811 3330 Γραςρὴ

239 3353 596 3416 θεόπνευστος
639 3352 732 3405 καὶ
770 3350 1077 3420 ὠφέλιμος,
1122 3349 1212 3403 διὰ
1242 3347 1399 3404 τοῦτο
1433 3353 1814 3423 συγγραῳεῖσα

239 3446 390 3518 παρὰ
421 3445 518 3498 τοῦ
551 3444 888 3514 Πνεύματος,
931 3443 1027 3507 ἵν’,
1061 3443 1247 3514 ὥσπερ
1281 3443 1341 3496 ὲν
1375 3443 1538 3514 κοινῷ
1577 3443 1684 3497 τῶν
1713 3444 1815 3514 ψυ-

240 3539 349 3610 χῶν
383 3537 625 3608 ἰατρείῳ,
667 3535 865 3596 πάντες
899 3535 1172 3608 ἄνθρωποι
1214 3535 1274 3588 τὸ
1322 3535 1456 3604 [αμα
1486 3534 1576 3586 τοῦ
1613 3537 1813 3588 οἰκείου

239 3629 447 3689 πάθους
478 3626 709 3684 ἕκαστος
745 3623 1168 3693 ὲκλεγώμεθα...
1214 3623 1384 3676 Ἀλλα
1419 3624 1517 3694 μὲν
1552 3620 1644 3678 οὖν
1676 3641 1812 3696 προ-

240 3721 405 3788 φῆται
447 3715 784 3778 παιδεύουσι,
819 3716 914 3768 καὶ¹
956 3714 1089 3769 ἄλλα
1127 3716 1405 3786 ἱστορικοὶ,
1447 3717 1541 3771 καὶ
1582 3718 1610 3771 ό
1651 3717 1814 3788 νόμος

239 3811 425 3880 ἕτερα,
463 3810 556 3861 καὶ
600 3807 735 3862 ἄλλα
762 3808 824 3860 τὸ
849 3802 988 3871 εἶδος
1031 3809 1130 3878 τῆς
1156 3809 1526 3881 παροιμιακῆς
1556 3811 1816 3879 παραινέ-

241 3912 399 3958 σεως.
448 3896 512 3948 Ἦ
542 3894 598 3948 δὲ
626 3894 734 3950 τῶν
764 3894 1007 3965 Ψαλμῶν
1040 3895 1219 3964 βίϐλος
1245 3897 1307 3949 τὸ
1339 3897 1404 3949 ἐκ
1428 3897 1644 3952 πάντων
1670 3896 1814 3967 ὠφέ-

239 3989 397 4060 λιμον
425 3989 860 4060 περιείληφε.....
891 3986 972 4041 Τά
996 3990 1101 4041 τῶν
1131 3988 1371 4059 Ψαλμῶν
1395 3989 1548 4058 λόγια
1571 3991 1663 4044 καὶ
1692 3988 1813 4042 κατ’

237 4079 387 4136 οἷκον
421 4079 737 4150 μελῳδοῦσι,
769 4080 865 4132 καὶ
894 4080 988 4132 ὲπὶ
1015 4080 1116 4149 τῆς
1137 4082 1341 4151 ἀγορᾶς
1365 4083 1810 4152 περιφέρουσιν..

237 4173 558 4243 Ψαλμδς....
594 4170 788 4232 ἓνωσις
828 4169 1152 4236 διεστώτων,
1183 4171 1574 4243 ὲχθραινόντων
1603 4173 1816 4226 διαλλα-

239 4265 482 4334 κτήριον.
501 4262 596 4326 Τίς
621 4260 730 4330 γάρ
756 4258 834 4311 ἔτι
859 4260 1048 4332 ἐχθρον
1065 4261 1312 4333 ἡγεῖσθαι
1338 4262 1581 4326 δύναται,
1614 4262 1729 4333 μεθ’
1754 4257 1814 4317 οὗ

242 4356 370 4424 μίαν
403 4353 581 4422 ἀφῆκε
611 4351 748 4423 πρὸς
776 4349 907 4402 Θεὸν
931 4352 1028 4422 τὴν
1057 4353 1392 4424 φωνήν
1425 4353 1814 4425 Είσαγομένοις

241 4445 614 4516 στοιχείωσις,
662 4443 1078 4515 προκοπτόντων
1124 4443 1387 4516 αὔξησις,
1428 4444 1813 4516 τελειουμένων

241 4539 636 4606 στήριγμα.....
672 4533 901 4605 Ψαλμὸς
927 4532 988 4586 τὸ
1014 4533 1124 4586 τῶν
1150 4534 1393 4603 ἀγγέλων
1421 4533 1598 4605 ἔργον,
1629 4537 1690 4589 τὸ
1716 4537 1809 4589 οὐ·
1841 4565 1886 4619 D

241 4625 426 4694 ρὰνιον
459 4625 758 4696 πολίτευμα
778 4666 792 4689 ,
827 4625 888 4678 τὸ
917 4625 1282 4693 πνευματικὸν
1311 4625 1579 4696 θυμίαμα.
1614 4626 1677 4678 Ὦ
1706 4627 1807 4697 τῆς

238 4716 412 4786 σοφῆς
440 4717 683 4780 ἐπινοίας
711 4717 804 4770 τοῦ
837 4717 1173 4782 διδασκάλου,
1201 4718 1336 4787 ὁμοῦ
1381 4736 1438 4771 τε
1478 4717 1624 4788 ᾄδειν
1659 4719 1807 4788 ἡμᾶς

235 4811 306 4864 τὰ
338 4808 587 4878 λυσιτελῆ
623 4810 911 4878 μανθάνειν
941 4809 1330 4882 μηχανωμένου
1350 4830 1362 4843 ο
1395 4810 1514 4864 ὅθεν
1551 4810 1644 4862 καὶ
1676 4811 1808 4879 μᾶλ-

236 4905 331 4957 λόν
357 4917 474 4959 πως
496 4900 815 4955 ἐντυποῦται
836 4906 954 4963 ταῖς
973 4902 1168 4971 ψυχαῖς
1191 4901 1257 4954 τὰ
1277 4901 1596 4972 διδάγματα.
1626 4900 1807 4955 Βίαιον

239 4995 340 5062 μὲν
370 4994 478 5064 γάρ
515 4991 743 5063 μάθημα
769 4994 828 5045 οὗ
861 4995 1069 5062 πέφυκε
1102 4993 1455 5062 παραμένειν,
1483 4992 1548 5045 τὰ
1578 4991 1634 5044 δὲ
1670 4993 1808 5062 μετὰ

233 5085 484 5154 τέρψεως
526 5083 617 5138 καὶ¹
652 5083 871 5153 χάριτος
919 5083 1238 5153 εἰσδυόμενα
1278 5080 1644 5153 μονιμώτερόν
1691 5099 1806 5145 πως

233 5178 356 5236 ταῖς
388 5176 584 5246 ψυχαῖς
616 5178 648 5246 ἡ
659 5173 773 5245 μῶν
803 5174 1121 5238 ὲνιζάνει....
1152 5173 1224 5226 Τὸ
1248 5172 1537 5244 ψαλτήριον
1567 5172 1622 5225 δὲ
1649 5172 1807 5226 τοῦτο

233 5265 346 5319 τῶν
367 5267 681 5336 ἁρμονικῶν
707 5265 924 5338 ῥυθμῶν
949 5266 1151 5320 ἄνωθεν
1184 5265 1292 5337 ἔχει
1315 5264 1412 5327 τὰς
1441 5264 1803 5336 ἁφορμάς.....

239 5359 469 5429 ’Ἱδωμεν
497 5359 555 5410 δὲ
593 5361 778 5413 λοιπὸν
812 5358 904 5412 καὶ
932 5356 1028 5428 τὴν
1057 5359 1230 5429 ἀρχὴν
1256 5355 1363 5409 τῶν
1400 5355 1660 5427 Ψαλμῶν.
1699 5357 1806 5412 Hoc

233 5460 320 5505 est
373 5471 386 5506 ι
441 5468 461 5502 ι
517 5449 708 5504 Omnis
767 5450 1045 5520 Seriptttra
1092 5461 1176 5504 est
1232 5447 1486 5503 divinitus
1545 5449 1803 5519 inspirata

236 5552 404 5609 atque
453 5538 628 5602 utilis,
658 5541 777 5594 ideo
813 5556 841 5594 a
882 5541 1085 5610 Spiritu
1131 5548 1322 5595 sancto
1363 5538 1692 5608 conscripta,
1747 5550 1805 5594 ut

307 5679 328 5709 ⁷
354 5677 497 5730 Psal.
525 5690 636 5737 ινι,
667 5675 711 5728 9.

307 5810 380 5870 (a)
412 5808 661 5860 Ambros.
695 5807 745 5858 in
784 5809 932 5873 praef.
959 5811 1011 5860 in
1042 5807 1171 5871 psal.
1212 5821 1248 5857 ι.

1915 3256 1994 3309 sic
2033 3253 2270 3321 loquitur
2301 3270 2312 3304 :
2348 3269 2366 3302 ι
2405 3250 2726 3304 Psalterium
2759 3259 2844 3304 est
2872 3263 3160 3319 organum,
3188 3247 3330 3318 quod
3375 3247 3490 3316 qui-

1917 3348 2038 3401 dem
2075 3344 2326 3399 manibus
2367 3343 2543 3398 fertur
2576 3342 2951 3413 percutientis,
2998 3351 3054 3396 et
3101 3340 3335 3397 chordas
3378 3340 3490 3394 dis-

1915 3445 2090 3490 tentas
2135 3436 2330 3501 habet;
2375 3435 2471 3489 sed
2521 3433 2667 3487 illum
2700 3433 2875 3488 locum
2929 3434 3071 3487 unde
3119 3448 3308 3488 sonum
3346 3433 3487 3486 acci-

1914 3528 2064 3592 piunt
2106 3527 2355 3589 chordae,
2385 3526 2514 3579 illud
2543 3539 2839 3579 concavum
2875 3525 3078 3594 lignum
3109 3525 3251 3592 quod
3286 3526 3484 3593 pendet

1912 3629 1966 3674 et
2022 3628 2221 3672 tactum
2281 3628 2530 3683 resonat,
2573 3617 2699 3687 quia
2740 3616 2978 3686 concipit
3020 3629 3238 3681 aerem,
3280 3615 3485 3684 psalte-

1915 3713 2055 3767 rium
2088 3711 2142 3766 iu
2174 3711 2458 3782 superiore
2499 3719 2650 3780 parte
2686 3709 2864 3764 habet.
2896 3709 3118 3763 Cithara
3153 3716 3333 3762 autem
3383 3709 3486 3762 hoc

1913 3819 2084 3874 genus
2107 3803 2234 3874 ligni
2264 3817 2563 3858 concavum
2596 3812 2651 3856 et
2679 3813 2942 3855 resonans
2964 3799 3017 3852 in
3050 3797 3306 3854 inferiore
3334 3809 3486 3868 parte

1913 3897 2098 3952 habet.
2133 3894 2319 3965 Itaque
2361 3895 2414 3950 in
2457 3893 2715 3965 psalterio
2763 3891 2979 3946 chordae
3025 3905 3216 3946 sonum
3256 3892 3486 3958 desuper

1914 3987 2185 4055 accipiunt
2222 4001 2237 4040 :
2283 3986 2335 4039 in
2365 3984 2574 4039 cithara
2604 3993 2785 4037 autem
2815 3982 3030 4037 chorda:
3056 3996 3248 4036 sonum
3292 3997 3357 4034 ex
3414 3981 3487 4032 in-

1913 4076 2114 4131 feriore
2137 4085 2291 4146 parte
2333 4076 2623 4146 accipiunt.
2663 4095 2682 4128 ι
2716 4075 2899 4129 Basilii
2938 4085 3116 4129 autem
3152 4074 3315 4128 verba
3370 4073 3485 4128 ha'c

1914 4176 2039 4223 Sunt
2064 4182 2094 4221 e
2119 4166 2384 4236 prommio
2408 4166 2465 4220 in
2491 4166 2627 4234 psal.
2666 4179 2682 4220 1
2711 4183 2724 4219 :
2753 4165 2936 4217 Πάντα
2964 4162 3156 4233 ὥσπερ
3181 4164 3238 4216 ἐν
3267 4163 3485 4234 μεγάλῳ

1913 4258 2019 4311 τινὶ
2058 4258 2152 4310 καὶ
2190 4257 2355 4328 κοινῷ
2397 4256 2625 4328 ταμείῳ,
2658 4257 2725 4325 τῇ
2769 4253 2936 4324 βίϐλῳ
2977 4254 3085 4307 τῶν
3112 4253 3354 4325 Ψαλμῶν
3397 4272 3485 4306 τε-

1914 4350 2294 4422 θησαύρισται,
2324 4350 2426 4420 ἦν,
2455 4346 2665 4402 πολλῶν
2703 4347 2872 4401 όντων
2902 4348 3147 4419 ὀργάνων
3185 4347 3482 4417 μουσικῶν,

1915 4441 2050 4514 πρὸς
2074 4443 2131 4495 τὸ
2171 4441 2459 4511 λεγόμενον
2500 4438 2800 4512 ψαλτήριον
2835 4441 3076 4511 ἥρμοσεν
3112 4441 3142 4494 ὁ
3174 4441 3480 4510 προφήτης,

1913 4535 2010 4606 τὴν
2072 4535 2296 4599 ἄνωθεν,
2347 4533 2469 4603 ἐμοὶ
2527 4533 2723 4599 δοκεῖν,
2778 4533 3077 4605 ἐνηχοῦσαν
3128 4532 3276 4602 αὐτῷ
3322 4534 3483 4603 χάριν

1915 4627 2065 4699 παρὰ
2124 4625 2216 4679 τοῦ
2266 4624 2582 4697 Πνεύματος
2640 4624 3073 4694 ἐνδεικνύμενος,
3137 4623 3268 4678 διότι
3325 4621 3480 4676 τοῦτο

1918 4721 2074 4791 μόνον
2113 4717 2219 4771 τῶν
2271 4718 2543 4790 μουσικῶν
2563 4717 2807 4788 ὀργάνων
2843 4716 2941 4789 τὴν
2971 4717 3146 4770 αἰτίαν
3173 4715 3281 4768 τῶν
3318 4715 3482 4788 φθόγ-

1913 4828 2024 4878 γων
2054 4813 2117 4863 ἐκ
2141 4809 2247 4864 τῶν
2277 4810 2479 4865 ἄνωθεν
2511 4808 2645 4878 ἔχει.
2677 4810 2756 4880 Τῇ
2791 4809 2990 4880 κιθάρᾳ
3033 4809 3129 4879 μὲν
3155 4806 3262 4878 γὰρ
3291 4807 3385 4860 καὶ
3414 4809 3478 4876 τῇ

1914 4902 2051 4974 λύρᾳ
2081 4903 2322 4957 κάτωθεν
2363 4904 2391 4954 ό
2436 4900 2634 4970 χαλκὸς
2678 4903 2877 4972 ὑπηχεί
2928 4901 3063 4972 πρὸς
3096 4899 3155 4952 τὸ
3185 4900 3478 4970 πλῆκτρον·

1913 4995 1972 5047 τὸ
2002 4995 2294 5065 ψαλτήριον
2316 4992 2372 5046 δὲ
2407 4991 2564 5046 τοῦτο
2611 4993 2716 5046 τῶν
2767 4992 3074 5065 ἁρμονικῶν
3099 4991 3318 5065 ῥυθμῶν
3342 4993 3480 5047 ἄνω-

1915 5085 2004 5140 θεν
2053 5086 2164 5154 ἔχει
2193 5083 2290 5148 τάς
2323 5082 2592 5155 ἀφορμάς.
2647 5103 2663 5133 ι
2709 5084 2896 5136 Omnia
2927 5082 2982 5137 in
3031 5081 3362 5137 Psalmorum
3411 5083 3478 5136 Ii-

1912 5180 2010 5233 bro
2063 5178 2208 5233 velut
2262 5179 2315 5234 in
2371 5194 2560 5249 magno
2590 5178 2821 5249 quodam
2864 5187 2919 5232 et
2966 5173 3239 5231 communi
3287 5190 3466 5245 prorn-

1911 5270 2124 5339 ptuario
2147 5272 2528 5326 reconduntur.
2561 5269 2730 5336 Quem
2754 5269 2972 5331 librum,
3009 5267 3220 5324 tametsi
3260 5268 3474 5322 diversa

1912 5370 2036 5415 sunt
2067 5361 2422 5416 instrumenta
2451 5361 2653 5416 musica
2674 5405 2689 5428 ,
2718 5364 2782 5416 ad
2813 5361 3152 5430 psalterium,
3187 5361 3327 5431 quod
3378 5373 3477 5413 vo.

1911 5461 2074 5514 cant,
2116 5452 2381 5521 Propheta
2422 5455 2645 5522 aptavit.
2681 5454 2887 5523 Quippe
2914 5454 3141 5525 gratiam
3166 5493 3182 5519 ,
3234 5461 3293 5506 ut
3339 5451 3475 5506 mihi

1909 5543 2146 5610 videtur,
2176 5545 2228 5598 in
2269 5559 2333 5600 co
2373 5545 2604 5616 desuper
2646 5560 2676 5598 a
2725 5555 2910 5601 sancto
2963 5543 3164 5615 Spiritu
3213 5553 3474 5599 resonare

1979 5789 2237 5870 tollitis“.
2275 5803 2323 5855 in
2354 5803 2501 5870 prmi.
2530 5804 2581 5854 in
2610 5806 2726 5870 psal
2774 5818 2814 5853 t.
