4040 6454
529 413 681 457 CXC"

1850 384 2381 443 PROLEGOMENA.

530 512 799 576 ostendit,
821 516 1110 581 propterea
1133 508 1275 581 quod
1315 507 1420 562 hoc
1452 506 1626 562 solum
1656 518 1723 559 ex
1754 504 1979 559 musicis
2009 504 2095 557 in-
2126 508 2170 564 Α
2200 502 2319 555 dem
2373 512 2508 568 opus
2552 506 2635 554 est
2687 498 2911 567 aequale,
2956 496 3148 550 horum
3190 502 3477 549 etmerces
3497 488 3709 546 eadem.
3745 506 3764 538 ι

528 602 847 662 strumentis
872 601 1001 657 editi
1030 601 1145 656 soni
1179 613 1401 655 causam
1444 598 1509 652 ab
1537 597 1729 651 altiore
1762 595 1879 650 loco
1914 595 2095 649 habet.

529 697 663 751 Nam
695 695 919 750 cithara:
952 708 1016 749 ac
1064 693 1196 763 lyrze
1246 707 1322 747 aes
1365 690 1606 746 inferiori
1655 698 1808 759 parte
1854 688 2097 743 sonitum

529 786 645 841 edit
692 784 759 840 ad
805 782 1465 854 plectrum:psalterium
1514 796 1644 836 vero
1675 796 1705 835 a
1751 790 1905 850 parte
1937 794 2102 849 supe-

530 878 665 933 riori
742 876 890 932 ducit
954 889 1064 931 sua
1126 876 1408 931 concinnae
1483 871 1871 928 modulationis
1936 870 2104 939 origi-

530 980 677 1022 netu.

602 1036 844 1115 iidimus
863 1057 1205 1114 Ambrosium
1232 1055 1698 1127 Augustinumque
1736 1054 1839 1108 duo
1871 1052 1959 1107 illa
1993 1067 2107 1106 ma-

538 1166 643 1223 gna
676 1150 928 1205 Ecclesia:
948 1148 1151 1203 lumina
1182 1146 1426 1203 nonnihil
1449 1161 1478 1201 e
1512 1144 1695 1199 Basilii
1722 1144 1874 1199 libris
1900 1144 1953 1197 in
1980 1157 2107 1197 suos

539 1241 931 1297 transtulisse:
987 1252 1131 1294 nunc
1178 1237 1487 1293 notabimus
1542 1237 1834 1292 Eusebium
1868 1244 1925 1290 et
1950 1233 2103 1289 Basi-

531 1334 661 1388 lium
691 1334 836 1387 idem
862 1330 1063 1395 dicere,
1111 1345 1241 1385 casu
1288 1346 1357 1384 an
1399 1344 1575 1390 secus.
1632 1328 1836 1385 nescio.
1885 1326 2106 1382 Eusebii

532 1423 698 1493 igitur
726 1423 885 1475 verba
905 1421 1018 1475 haec
1049 1427 1175 1474 sunt
1197 1434 1228 1474 e
1254 1419 1515 1489 prommio
1538 1419 1593 1471 in
1613 1416 1853 1471 Psalmos
1873 1433 1891 1470 :
1916 1416 2106 1470 Νάϐλα

530 1514 589 1567 δὲ
618 1514 745 1584 παρ’
784 1511 1055 1582 Ἑϐραίοις
1079 1510 1294 1579 λέγεται
1320 1510 1381 1562 τὸ
1420 1509 1738 1580 ψαλτήριον,
1772 1509 1800 1560 ὃ
1840 1508 1898 1560 δὲ
1947 1507 2106 1577 μόνον

529 1603 637 1660 τῶν
674 1603 944 1674 μουσικῶν
964 1601 1211 1673 ὀργάνων
1243 1600 1558 1670 ὀρθότατον,
1586 1600 1681 1652 καὶ
1712 1598 1786 1668 μὴ
1818 1596 2108 1668 συνεργοῦ-

534 1713 697 1767 μενον
722 1697 801 1759 είς
826 1691 958 1767 ἦχον
999 1696 1063 1747 ὲκ
1110 1692 1216 1745 τῶν
1248 1692 1546 1745 κατωτάτω
1579 1690 1794 1761 μερῶν,
1826 1688 1938 1743 ἀλλ’
1970 1689 2109 1743 ἄνω-

532 1788 622 1841 θεν
642 1787 785 1858 ἔχειν
814 1786 907 1839 τὸν
934 1782 1246 1855 ὑπηχοῦντα
1287 1783 1508 1853 χαλκόν.
1568 1782 1635 1835 Et
1689 1780 1960 1850 aliquanto
1990 1791 2107 1849 post

532 1852 764 1952 Pag-"7.
793 1878 971 1934 πάντα
1013 1852 1200 1947 ὧάπερ
1231 1852 1295 1928 svi
1315 1874 1533 1947 μεγάλῳ
1561 1874 1667 1927 τινί
1703 1875 1797 1926 καὶ
1820 1873 1983 1944 κοινῷ
2008 1890 2105 1927 τα-
2137 1852 2180 1907 Β

536 1973 674 2045 μείῳ
728 1973 796 2044 τῇ
832 1970 1020 2042 ,βίϐλῳ
1052 1968 1161 2023 τῶν
1220 1966 1464 2036 Ψαλμῶν
1510 1964 1951 2035 τεθησαύρισται,
1996 1974 2102 2019 etc.

539 2083 558 2116 ι
588 2063 758 2119 Nabla
798 2064 936 2134 apud
982 2061 1239 2117 Hebraeos
1290 2067 1517 2112 vocatur
1556 2057 1875 2126 psalterium
1904 2095 1918 2120 ,
1963 2057 2107 2125 quod

533 2172 601 2212 ex
628 2154 847 2212 musicis
875 2151 1251 2208 instrumentis
1275 2150 1447 2205 solum
1480 2149 1842 2203 rectissimum
1872 2155 1983 2210 est;
2016 2161 2110 2200 ne-

535 2262 639 2319 que
671 2248 739 2302 ab
770 2246 968 2302 inlimis
999 2244 1249 2314 partibus
1273 2242 1339 2297 ad
1368 2240 1560 2296 sonum
1589 2241 1903 2304 adhibetur,
1938 2237 2030 2292 scd
2077 2252 2108 2291 a

536 2338 791 2411 supernis
847 2336 1064 2393 sonanti
1108 2349 1215 2389 mre
1267 2333 1557 2387 instruitur
1588 2369 1603 2383 .
1636 2368 1651 2383 .
1685 2330 1741 2383 In
1775 2329 2108 2384 Psalmorum

534 2432 675 2488 libro
713 2431 894 2486 omnia
938 2444 1036 2485 ceu
1074 2428 1127 2481 in
1170 2440 1369 2493 magno
1400 2439 1462 2478 ac
1492 2422 1703 2493 publico
1734 2422 1991 2491 penuario
2022 2437 2111 2477 re-

535 2524 753 2580 condita
768 2531 944 2578 sunt.»
963 2521 1147 2576 Potuit
1176 2534 1307 2585 ergo
1345 2518 1459 2573 ﬂeri
1487 2526 1544 2572 ut
1568 2514 1801 2572 Basilius
1827 2525 1898 2570 ου
1924 2514 2111 2570 oculos

536 2614 789 2669 habuerit
815 2608 1103 2667 Eusebium
1127 2625 1284 2680 quem
1327 2609 1633 2663 imitaretur
1658 2626 1673 2663 :
1710 2608 1802 2662 sed
1831 2608 1875 2662 si
1906 2608 1979 2661 ita
2004 2615 2107 2670 est,

544 2718 776 2774 magnus
809 2702 898 2757 ille
930 2700 1182 2762 Basilius,
1210 2708 1270 2754 ut
1297 2698 1537 2769 peritum
1558 2706 1829 2752 oratorem
1862 2697 2109 2761 decebat,

541 2795 653 2847 vim
691 2794 906 2863 quidem
938 2807 1000 2845 ac
1046 2790 1257 2859 pondus
1301 2788 1618 2842 Eusebiana:
1662 2787 1944 2841 sententia
1972 2787 2111 2840 reti-

542 2884 682 2949 nuit,
723 2892 779 2937 at
803 2898 923 2939 eam
970 2880 1106 2936 mira
1134 2880 1365 2949 quadam
1393 2879 1603 2935 dicendi
1637 2887 1752 2933 arte
1782 2878 1909 2934 fecit
1935 2893 2106 2932 suam.

608 2978 698 3034 3i.
716 2976 907 3047 Liquet
935 2990 1002 3030 ex
1023 2972 1566 3036 dictis,Atnbrosium
1590 2972 1844 3027 nonnulla
1872 2986 1903 3026 e
1930 2970 2111 3026 Basilii

474 3088 477 3091 ’
542 3068 808 3142 prooemio
834 3069 935 3123 sibi
956 3067 1269 3137 sumpsisse.
1299 3065 1452 3120 Nunc
1468 3066 1746 3120 ostendam
1774 3065 2018 3119 eumdem
2046 3073 2110 3116 ex

2200 590 2354 658 Quod
2390 590 2436 643 si
2464 589 2733 661 quispiam
2775 589 2877 643 hac
2903 587 3143 643 locorum
3166 589 3512 643 contentione
3538 589 3779 645 deiecta-

2201 692 2289 736 tur
2330 680 2512 753 (quam
2550 682 2873 751 voluptatem
2931 693 3110 749 neque
3139 679 3311 749 frugis
3347 690 3645 750 expertem,
3680 698 3780 735 ne-

2201 790 2307 844 que
2344 773 2662 829 illiberalem
2706 773 2985 841 arbitror),
3034 774 3212 827 fontes
3243 774 3388 841 ipsos
3418 774 3594 839 adeat,
3649 789 3780 828 sua-

2202 867 2322 921 deo.
2350 864 2520 935 Spero
2547 866 2804 921 studiosis
2825 881 2933 919 non
2969 861 3319 930 iniucundum
3350 863 3487 930 fore,
3518 871 3561 917 si
3588 880 3781 920 rursus

2202 962 2305 1014 hoc
2329 958 2449 1014 loco
2480 960 2546 1012 de
2569 957 2749 1011 Basilii
2778 958 3044 1026 prooemio
3082 957 3134 1010 in
3174 955 3418 1011 Psalmos
3440 955 3651 1019 loquar.
3669 956 3781 1010 Νοε-

2205 1058 2315 1103 tum
2348 1060 2451 1113 est,
2489 1064 2608 1119 quas
2652 1050 2793 1117 apud
2828 1048 3097 1103 'Basilium
3128 1046 3314 1103 Grzece
3359 1046 3630 1116 leguntur,
3673 1046 3781 1115 lcgi

2206 1142 2390 1199 Latine
2421 1143 2563 1212 apud
2599 1141 2975 1207 Augustinum.
3012 1139 3192 1206 Quarti
3223 1154 3351 1209 ergo
3375 1147 3552 1208 potest
3591 1148 3774 1193 utrum

2204 1232 2534 1303 Augustinus
2559 1232 2670 1301 ipse
2690 1230 2875 1285 Graeca
2892 1230 3075 1284 Basilii
3104 1230 3454 1294 converterit,
3506 1244 3573 1282 an
3597 1227 3783 1283 Ruﬁni

2208 1322 2581 1391 interpretatio
2620 1322 2798 1389 inepte
2824 1334 2854 1373 a
2888 1319 3122 1375 librariis
3187 1328 3312 1374 ante
3334 1319 3617 1387 Augustini
3643 1332 3783 1386 opus

2207 1416 2383 1469 locata
2425 1415 2514 1469 sit.
2567 1414 2941 1483 SuSpicionem
2980 1412 3214 1482 augebit,
3250 1413 3393 1482 quod
3423 1412 3778 1483 Augustinus,

2205 1522 2326 1561 cum
2358 1505 2623 1576 psalmum
2670 1505 3176 1575 quinquagesimum
3216 1515 3425 1560 sextum
3454 1506 3783 1575 interpreta-

2206 1607 2381 1663 retur,
2436 1596 2679 1651 nonnihil
2709 1612 2776 1652 ex
2806 1597 2909 1651 hoc
2943 1596 3124 1650 Basilii
3150 1598 3416 1665 prooemio
3447 1597 3782 1667 expressisse

2206 1690 2353 1744 credi
2399 1689 2596 1742 merito
2626 1688 2815 1755 possit.
2874 1686 2941 1741 Et
2988 1700 3118 1740 vero
3151 1689 3242 1755 qui
3279 1697 3568 1755 utrumque
3601 1686 3780 1742 locum

2208 1780 2393 1836 Basilii
2420 1790 2475 1836 et
2501 1779 2787 1851 Augustini
2820 1779 2963 1834 inter
2990 1792 3049 1832 se
3074 1781 3469 1847 comparaverit
3491 1778 3593 1851 (α),
3621 1778 3783 1834 facile

2211 1874 2600 1928 intellecturum
2639 1881 2770 1941 puto
2798 1871 2991 1925 Latina
3041 1885 3072 1927 e
3101 1868 3304 1925 Graecis
3335 1883 3592 1924 conversa
3634 1885 3782 1934 esse,

2209 1967 2300 2019 sed
2325 1966 2481 2035 paulo
2505 1966 2745 2031 liberius,
2775 1966 2877 2021 hoc
2904 1972 3012 2030 est,
3057 1963 3402 2032 antiquorum
3428 1975 3599 2015 more.
3639 1962 3784 2031 Ergo

2210 2056 2254 2109 si
2292 2056 2624 2123 Augustinus
2654 2056 2856 2125 aliquid
2886 2070 2916 2110 e
2944 2053 3129 2110 Basilii
3151 2053 3415 2124 prommio
3446 2053 3501 2106 in
3536 2050 3783 2105 Psalmoa

2210 2148 2311 2201 sibi
2341 2146 2587 2215 sumpsit,
2623 2161 2728 2200 non
2754 2147 2825 2203 ita
2858 2146 3051 2200 mirum
3090 2138 3256 2201 videri
3288 2145 3466 2209 debet,
3498 2143 3543 2198 si
3572 2143 3787 2197 dicatur

2210 2244 2311 2296 hoc
2336 2241 2476 2295 idem
2502 2250 2557 2294 et
2593 2238 2781 2293 Latine
2830 2240 3149 2304 reddidisse,
3182 2250 3238 2293 et
3262 2250 3387 2294 ante
3418 2253 3571 2293 suam
3616 2237 3789 2306 ipsius

2212 2332 2709 2401 interpretationem
2762 2330 3236 2385 collocasse-Sed
3287 2331 3563 2399 provisum
3609 2340 3694 2384 est
3752 2344 3783 2381 a

2210 2425 2471 2490 librariis,
2505 2438 2572 2478 ne
2604 2423 2724 2492 quis
2752 2422 2996 2490 specioso
3042 2421 3147 2476 hoc
3173 2431 3491 2490 argumento
3531 2422 3585 2475 in
3622 2437 3779 2476 erro-

2211 2530 2325 2570 rem
2358 2516 2725 2572 induceretur.
2781 2513 2915 2567 Nam
2952 2514 3249 2568 etiamnum
3276 2512 3329 2566 in
3356 2513 3635 2567 veteribus
3663 2516 3789 2582 qui-

2211 2607 2437 2663 busdam
2495 2607 2650 2660 libris
2706 2614 2921 2661 exstant
2962 2606 3170 2660 Latina:
3208 2606 3457 2674 quaedam
3492 2604 3674 2658 Ruﬁni
3709 2606 3793 2658 in-

2216 2697 2654 2767 terpretationes,
2698 2696 2838 2749 inter
2878 2709 3013 2763 quas
3040 2706 3094 2748 et
3145 2695 3198 2748 id
3250 2694 3433 2748 Basilii
3465 2695 3790 2763 prooemium

2215 2790 2485 2843 invenitur
2516 2806 2527 2840 :
2567 2802 2686 2855 quae
2708 2788 2888 2841 omnia
2924 2788 2976 2839 in
3012 2786 3251 2840 secundo
3278 2795 3424 2838 tome
3454 2786 3663 2838 edenda
3689 2800 3788 2839 cu-

2214 2880 2471 2945 rabimus,
2522 2895 2645 2935 cum
2674 2880 2744 2935 ob
2780 2878 3094 2946 interpretis
3153 2875 3334 2930 Rulini
3383 2875 3788 2943 antiquitatem,

2216 2984 2326 3028 tum
2346 2974 2581 3027 maxime
2603 2973 2673 3029 ob
2702 2972 2942 3027 auctoris
2968 2971 3153 3025 Basilii
3180 2969 3522 3039 dignitatem.

2282 3064 2371 3118 '52.
2389 3063 2611 3117 Difﬁcile
2642 3063 2784 3117 dictu
2812 3070 3112 3132 estquanta
3138 3061 3208 3116 si’t
3236 3060 3539 3115 adhibenda
3564 3057 3793 3130 diligen-

540 3164 730 3219 eodem
768 3160 919 3217 fonte
968 3161 1023 3216 in
1064 3162 1183 3230 ipsa
1233 3158 1424 3230 psalmi
1464 3158 1810 3213 enarratione
1864 3155 2111 3210 nonnihil
2138 3191 2182 3249 Ω
2217 3158 2287 3212 tia
2314 3157 2387 3221 ei,
2418 3157 2508 3226 qui
2541 3156 2654 3209 vult
2681 3166 2833 3211 ccrto
2864 3165 3087 3225 tutoque
3134 3156 3263 3227 περὶ
3292 3154 3502 3218 νοθείας
3535 3163 3630 3207 aut
3659 3170 3792 3224 γνη-

541 3267 759 3323 quoque
791 3260 1095 3306 mutuatum
1128 3264 1268 3305 esse.
1324 3249 1453 3315 Sed,
1486 3248 1869 3303 nelectoribus
1898 3247 2113 3300 taedium

542 3346 774 3413 pariam,
814 3358 876 3397 ea
906 3344 1024 3397 loca
1055 3342 1167 3396 sola
1197 3343 1249 3394 in
1280 3341 1511 3393 medium
1539 3339 1830 3407 proferam,
1865 3351 1984 3404 quae
2009 3351 2113 3389 non

544 3442 655 3486 tam
690 3430 936 3485 imitatus
969 3443 1090 3485 esse
1114 3469 1131 3494 ,
1183 3443 1346 3498 quam
1398 3428 1465 3481 ad
1500 3426 1723 3481 verbum
1784 3425 2117 3494 expressisse

541 3523 817 3595 putandus
848 3531 950 3578 est.
983 3520 1260 3577 Ambrosii
1311 3520 1473 3589 igitur
1508 3518 1674 3575 verba
1711 3526 1839 3572 sunt
1862 3532 1929 3572 ex
1951 3531 2113 3571 enar-

546 3615 834 3669 rationein
856 3612 989 3677 psai.
1021 3627 1061 3672 ι,
1112 3627 1264 3664 num.
1312 3613 1377 3665 ιι
1411 3630 1425 3663 :
1463 3628 1481 3660 ι
1514 3609 1931 3665 Consideremus
1975 3623 2118 3663 nunc

545 3720 651 3776 qua
681 3704 912 3767 ratione,
943 3700 1140 3757 Beatus
1163 3702 1265 3768 vir,
1295 3700 1511 3754 dixerit.
1558 3698 1807 3764 Nunquid
1831 3714 1860 3750 a
1891 3713 2116 3753 consor-

546 3797 625 3850 tio
650 3793 999 3851 beatitudinis
1034 3792 1272 3848 exclusit
1326 3790 1617 3851 mulieres,
1651 3787 1778 3857 quia
1815 3788 1991 3840 virum
2029 3801 2118 3840 so-

548 3887 661 3942 lum
721 3887 942 3941 beatum
999 3884 1384 3956 nuncupavit?
1426 3881 1622 3937 Absit!
1682 3879 1909 3935 Accedit
1964 3876 2114 3940 illud,

547 3984 806 4054 quoniam
839 3995 1069 4049 quorum
1130 3986 1322 4032 natura
1358 3977 1568 4038 eadem,
1635 3987 1819 4027 eormn
1849 3972 2121 4043 operatio-

549 4089 643 4130 nes
672 4075 855 4143 utique
888 4087 995 4126 non
1042 4080 1269 4141 possunt
1319 4084 1440 4123 esse
1466 4068 1753 4132 discreta;
1808 4073 1863 4119 et
1888 4079 2117 4133 quorum

548 4179 685 4233 opus
712 4162 937 4232 aaquale,
958 4176 1143 4217 eorum
1174 4161 1362 4229 utique
1402 4157 1627 4227 aequalis
1662 4165 1717 4212 et
1764 4167 1990 4209 merces.
2017 4193 2030 4206 .
2060 4192 2075 4205 .
2102 4193 2117 4209 .

551 4255 708 4311 Paria
742 4255 904 4324 igitur
937 4253 1115 4307 studia
1140 4252 1426 4315 virtutum,
1463 4250 1585 4319 quia
1629 4264 1726 4319 par
1760 4245 2120 4318 praerogativa

549 4359 633 4402 est
661 4355 943 4401 creatura.
966 4363 984 4397 ι
1016 4342 1200 4398 Basilii
1230 4356 1359 4396 vero
1390 4342 1505 4395 haec
1531 4350 1659 4395 sunt
1680 4339 1863 4394 itidem
1881 4354 1947 4393 ex
1965 4353 2121 4393 enar-

551 4433 842 4489 rationein
893 4431 1028 4502 paul.
1073 4445 1133 4486 t:
1175 4428 1276 4483 Διὰ
1306 4428 1381 4493 τί,
1424 4430 1615 4501 φησιν,
1657 4430 1686 4482 ὁ
1715 4429 1999 4499 προφήτης
2028 4428 2120 4481 τὸν

2217 3249 2461 3319 σιότητος
2488 3250 2668 3316 operis
2693 3248 2922 3316 alicuius
2972 3249 3235 3317 judicium
3276 3248 3439 3304 ferre.
3480 3247 3676 3302 Mirum
3708 3258 3794 3303 est

2214 3340 2379 3404 enim,
2411 3355 2533 3393 cum
2571 3354 2756 3393 verum
2792 3349 2847 3393 et
2878 3339 3072 3393 falsum
3103 3341 3245 3393 inter
3271 3356 3329 3394 se
3368 3341 3685 3410 longissime
3712 3343 3795 3393 di-

2215 3446 2368 3485 versa
2400 3431 2528 3497 sint,
2562 3432 2757 3498 saepius
2789 3438 2966 3483 tamen
3000 3430 3227 3485 alterum
3260 3430 3483 3483 alterius
3512 3432 3582 3482 ita
3617 3430 3796 3485 simile

2215 3539 2356 3589 esse,
2391 3535 2448 3579 ut
2473 3525 2524 3579 in
2558 3524 2622 3579 iis
2658 3521 3053 3585 discernendis,
3122 3522 3225 3576 nisi
3288 3520 3443 3575 valde
3474 3535 3793 3587 caveamus,

2216 3632 2460 3673 errorem
2490 3618 2667 3671 vitare
2700 3615 2790 3669 vix
2835 3615 3122 3685 possimus.
3165 3613 3330 3683 Cujus
3360 3613 3437 3667 rei
3483 3612 3617 3667 libet
3669 3628 3797 3682 pro-

2217 3708 2359 3764 ferre
2392 3708 2697 3777 exemplum
2735 3724 2922 3775 unum,
2955 3722 3019 3761 ex
3060 3723 3170 3777 quo
3202 3708 3269 3761 de
3310 3706 3496 3761 multis
3524 3706 3796 3761 similibus

2220 3798 2377 3853 facile
2407 3800 2477 3854 sit
2508 3799 2876 3867 conjecturam
2937 3799 3134 3853 facere.
3189 3798 3379 3853 Exstat
3430 3801 3570 3852 inter
3609 3796 3797 3854 Basilii

2220 3903 2383 3957 opera
2436 3890 2708 3944 enarratio
2746 3890 2991 3957 quasdam
3048 3891 3103 3943 in
3136 3891 3405 3960 psalmum
3458 3892 3797 3946 tricesimum

2220 3980 2533 4048 septimum.
2573 3978 2639 4034 de
2686 3993 2796 4049 qua
2831 3992 2938 4033 non
2966 3993 3070 4032 una
3106 3988 3193 4035 est
3222 3980 3464 4034 omnium
3499 3984 3796 4046 sententia,

2219 4073 2339 4128 aliis
2370 4072 2513 4127 aliud
2566 4071 2945 4129 sentientibus.
2988 4070 3347 4127 Combeﬁsius
3378 4071 3452 4128 ita
3480 4075 3547 4129 de
3580 4088 3642 4129 ea
3700 4076 3799 4129 du-

2220 4166 2374 4230 bitat,
2428 4175 2487 4218 ut
2523 4175 2702 4219 tamen
2738 4166 2871 4218 nolit
2895 4164 3189 4234 quidquam
3243 4166 3620 4233 pronuntiare,
3651 4178 3799 4218 rem-

2222 4271 2326 4325 que
2359 4256 2573 4310 lectoris
2612 4256 2817 4324 judicio
2862 4258 3162 4327 permittat.
3209 4257 3547 4327 Argumenta
3596 4256 3800 4323 quibus

2223 4346 2483 4400 adductus
2512 4345 2866 4403 Combelisius
2888 4364 3008 4401 eam
3057 4349 3456 4402 enarrationem
3488 4358 3797 4415 suspectam

2226 4439 2434 4503 habuit,
2465 4439 2580 4494 htec
2605 4450 2763 4503 sunt,
2814 4454 2930 4493 eam
2974 4440 3161 4495 deesse
3204 4440 3257 4492 in
3291 4438 3561 4505 aliquibus
3588 4440 3797 4495 codici-

549 4524 719 4593 ἄνδρα
764 4524 922 4596 μόνον
956 4522 1313 4594 ἐκλεξάμενος
1374 4520 1666 4593 μακαρίζει
1693 4538 1708 4587 ;
1748 4516 1893 4592 Ἀρα
1922 4520 1995 4591 μὴ
2029 4520 2114 4574 τοῦ

2226 4527 2349 4588 bus,
2386 4528 2554 4583 videri
2608 4537 2865 4597 praetcrea
2907 4528 3117 4582 caeteris
3158 4526 3571 4594 languidiorem,
3621 4544 3687 4585 ac
3741 4531 3798 4585 in

552 4614 900 4687 μακαρισμοῦ
939 4613 1037 4678 τὰς
1080 4616 1342 4682 γυναῖκας
1380 4612 1703 4679 ὰπέκλεισε;
1755 4613 1847 4683 Μὴ
1895 4612 2115 4679 γένοιτο.

548 4707 663 4761 Μία
707 4705 817 4775 γὰρ
865 4704 1032 4775 ἀρετὴ
1089 4705 1281 4775 ἀνδρὸς
1311 4704 1405 4759 καὶ
1438 4705 1712 4774 γυναικὸς,
1755 4704 1942 4775 ἐπειδὴ
1974 4706 2121 4776 καὶὴ

551 4799 729 4862 κτίσις
790 4797 1120 4869 ἀμφοτέροις
1176 4797 1453 4869 ὁμότιμοςο
1489 4798 1628 4853 ὥστε
1672 4798 1765 4852 καὶ
1810 4800 1839 4851 ὁ
1885 4799 2124 4868 μισθδςό

552 4890 713 4953 αὐτὸς
740 4889 1068 4961 ἀμφοτέροις
1088 4927 1104 4944 .
1134 4928 1150 4943 .
1180 4928 1195 4943 .
1231 4929 1245 4944 .
1270 4884 1373 4940 Ὧν
1413 4888 1471 4941 δὲ
1500 4891 1533 4959 ἡ
1564 4888 1724 4958 φύσις
1768 4889 1885 4960 μία,
1918 4890 2121 4943 τούτων

553 4982 648 5037 καὶ
672 4982 939 5052 ὶνέργειαι
966 4982 1022 5035 αί
1052 4981 1231 5036 αὐταί·
1278 4975 1353 5036 ὧν
1378 4980 1435 5034 δὲ
1456 4980 1515 5033 τὸ
1545 4981 1703 5051 ἔργον
1752 4981 1888 5047 ἴσον,
1917 4980 2120 5035 τούτων

555 5070 650 5125 καὶ
692 5072 722 5123 ὁ
752 5071 942 5143 μισθὸς
992 5074 1022 5126 ὁ
1050 5073 1228 5138 αὑτός.
1271 5092 1289 5125 t
1326 5071 1439 5129 Cur
1466 5072 1753 5141 propheta,
1798 5072 1991 5141 inquit,
2026 5072 2122 5125 hu-

554 5162 758 5219 minem
806 5164 977 5219 solum
1031 5165 1215 5235 eligit,
1268 5180 1333 5220 ac
1371 5165 1631 5233 pradicat
1690 5164 1949 5217 beatum?
1989 5163 2124 5217 Num

556 5256 815 5312 mulieres
844 5269 875 5309 a
904 5256 1241 5313 beatitudine
1270 5256 1551 5313 exclusit?
1598 5253 1757 5311 Absit
1787 5255 1801 5308 ι
1840 5254 2127 5310 Enimvero

556 5347 659 5402 viri
715 5356 771 5402 et
808 5345 1049 5401 mulieris
1115 5364 1221 5403 una
1278 5356 1363 5404 est
1418 5348 1640 5403 virtus:
1693 5347 2123 5415 quandoquidem

559 5436 844 5509 utriusque
871 5437 1075 5494 creatio
1102 5439 1304 5495 honore
1328 5453 1425 5509 par
1452 5448 1566 5503 est,
1593 5452 1655 5493 ac
1678 5436 1903 5509 proinde
1925 5438 2125 5491 utrius-

558 5544 669 5599 que
700 5544 914 5601 quoque
944 5543 1157 5585 merces
1183 5539 1267 5587 est
1293 5529 1536 5588 eadem"
1570 5572 1587 5591 .
1622 5570 1637 5586 .
1661 5529 1903 5597 Quorum
1940 5538 2121 5584 autem

560 5630 754 5677 natura
792 5637 920 5689 una,
946 5624 1137 5680 horum
1160 5632 1214 5679 et
1238 5628 1478 5683 actiones
1507 5624 1706 5681 eadem
1733 5640 1748 5678 :
1782 5637 2009 5695 quorum
2039 5621 2128 5680 iti-

636 5818 712 5888 (ι)
740 5819 882 5891 ιοιο
908 5836 1057 5880 num.
1091 5820 1181 5881 30.

2230 4618 2344 4687 ipsa
2370 4617 2486 4673 fieri
2534 4617 2864 4673 mentionem
2924 4617 3113 4684 psalmi
3170 4618 3331 4682 sexti,
3369 4618 3545 4691 cujus,
3601 4620 3799 4690 inquit,

2229 4708 2537 4778 explanatio
2562 4721 2823 4777 nusquam
2855 4709 2993 4776 apud
3021 4706 3274 4765 Basilium
3314 4720 3611 4778 comparet.
3638 4711 3803 4766 Certe

2230 4802 2405 4870 primo
2436 4807 2657 4870 aspectu
2680 4800 2891 4854 videtur
2923 4798 3099 4854 inesse
3129 4801 3211 4855 vis
3240 4803 3471 4855 maxima
3501 4802 3553 4855 in
3590 4802 3675 4856 his
3704 4815 3794 4853 ar-

2229 4894 2496 4966 gumentis
2523 4889 2827 4947 Combeiisii
2858 4911 2872 4945 :
2922 4896 3015 4948 sed
3058 4904 3236 4946 tamen
3274 4908 3336 4946 ea
3366 4893 3651 4949 confutare
3689 4910 3798 4947 non

2228 4988 2299 5041 ita
2330 4986 2555 5041 multum
2579 4984 2793 5039 diliicile
2832 4984 3013 5039 fuerit.
3046 4983 3204 5047 Nam,
3253 4984 3459 5053 inquiet
3489 4986 3630 5055 quis,
3678 5000 3800 5039 cer-

2231 5089 2344 5132 tum
2378 5087 2457 5133 est
2494 5075 2795 5132 orationem
2846 5078 2898 5131 in
2942 5078 3209 5147 psalmum
3254 5078 3589 5133 tricesimum
3638 5080 3802 5148 septi-

2235 5184 2377 5223 mum
2411 5169 2465 5222 in
2496 5182 2623 5221 vere
2655 5165 2945 5223 Basilianis
2994 5171 3353 5235 reponendam
3390 5182 3531 5223 esse.
3570 5165 3699 5221 Nam
3733 5184 3801 5223 ea

2234 5256 2287 5309 in
2319 5272 2375 5311 re
2417 5256 2641 5327 produci
2674 5273 2779 5311 non
2812 5266 2990 5326 potest
3038 5260 3190 5315 tostis
3234 5258 3547 5327 locupletior
3570 5299 3587 5323 ,
3634 5274 3799 5328 quam

2232 5348 2569 5412 Ambrosius,
2619 5364 2780 5418 quem
2828 5360 3027 5404 norunt
3052 5365 3241 5406 omnes
3285 5348 3467 5403 Basilii
3504 5358 3597 5402 aut
3630 5349 3803 5402 inter-

2230 5446 2435 5509 pretem
2473 5438 2639 5496 fuisse
2672 5456 2775 5494 non
2805 5454 2949 5507 raro,
2973 5452 3063 5495 aut
3110 5452 3259 5497 certe
3286 5441 3402 5512 ejus
3426 5441 3799 5496 fidelissimum

2232 5529 2618 5587 azmulatorem.
2660 5531 2801 5601 Ergo
2826 5530 2869 5585 si
2901 5534 3219 5589 Ambrosius
3248 5534 3384 5589 hanc
3404 5534 3706 5590 orationem
3745 5534 3798 5584 in

2237 5638 2335 5681 suo
2364 5624 2547 5682 codice
2578 5624 2789 5693 habuit,
2815 5640 2881 5681 ex
2906 5642 3075 5697 eaque
3109 5628 3365 5684 nonnulla
3398 5636 3491 5682 aut
3510 5624 3800 5690 convertit,
