  <div class='ocr_page' id='page_1' title='image "/cluster/home/n/w/nwhite01/storage/ocr_20150623/29/ien.35556001660547/207.png"; bbox 0 0 4040 6444; ppageno 0'>
   <div class='ocr_carea' id='block_1_1' title="bbox 1352 362 2390 417">
    <p class='ocr_par' dir='ltr' id='par_1_1' title="bbox 1352 362 2390 417">
     <span class='ocr_line' id='line_1_1' title="bbox 1352 362 2390 417; baseline 0.007 -9"><span class='ocrx_word' id='word_1_1' title='bbox 1352 362 1415 410; x_wconf 83' lang='grc' dir='ltr'><strong>Ι).</strong></span> <span class='ocrx_word' id='word_1_2' title='bbox 1453 362 1598 413; x_wconf 57' lang='grc' dir='ltr'><strong>θυι..</strong></span> <span class='ocrx_word' id='word_1_3' title='bbox 1634 362 1961 413; x_wconf 71' lang='lat' dir='ltr'><strong>CARNERII</strong></span> <span class='ocrx_word' id='word_1_4' title='bbox 2001 363 2390 417; x_wconf 71' lang='lat' dir='ltr'><strong>l’R.-EFAT|0.</strong></span> 
     </span>
    </p>
   </div>
   <div class='ocr_carea' id='block_1_2' title="bbox 3381 378 3519 421">
    <p class='ocr_par' dir='ltr' id='par_1_2' title="bbox 3381 378 3519 421">
     <span class='ocr_line' id='line_1_2' title="bbox 3381 378 3519 421; baseline -0.022 0"><span class='ocrx_word' id='word_1_5' title='bbox 3381 381 3446 421; x_wconf 70' lang='lat' dir='ltr'><strong>CX</strong></span> <span class='ocrx_word' id='word_1_6' title='bbox 3455 378 3519 420; x_wconf 79' lang='lat' dir='ltr'><strong>CV</strong></span> 
     </span>
    </p>
   </div>
   <div class='ocr_carea' id='block_1_3' title="bbox 254 469 3524 544">
    <p class='ocr_par' dir='ltr' id='par_1_3' title="bbox 254 469 3524 544">
     <span class='ocr_line' id='line_1_3' title="bbox 254 469 3524 544; baseline 0.001 -22"><span class='ocrx_word' id='word_1_7' title='bbox 254 477 353 522; x_wconf 84' lang='lat' dir='ltr'><strong>aut</strong></span> <span class='ocrx_word' id='word_1_8' title='bbox 377 469 621 525; x_wconf 88' lang='lat' dir='ltr'><strong>imitatus</strong></span> <span class='ocrx_word' id='word_1_9' title='bbox 639 478 747 531; x_wconf 88' lang='lat' dir='ltr'><strong>est,</strong></span> <span class='ocrx_word' id='word_1_10' title='bbox 769 469 903 521; x_wconf 95' lang='lat' dir='ltr'><strong>nihil</strong></span> <span class='ocrx_word' id='word_1_11' title='bbox 928 470 1199 537; x_wconf 88' lang='lat' dir='ltr'><strong>supererit</strong></span> <span class='ocrx_word' id='word_1_12' title='bbox 1225 469 1395 536; x_wconf 81' lang='lat' dir='ltr'><strong>dubii,</strong></span> <span class='ocrx_word' id='word_1_13' title='bbox 1420 473 1546 539; x_wconf 88' lang='lat' dir='ltr'><strong>quin</strong></span> <span class='ocrx_word' id='word_1_14' title='bbox 1575 488 1673 540; x_wconf 92' lang='lat' dir='ltr'><strong>pro</strong></span> <span class='ocrx_word' id='word_1_15' title='bbox 1696 474 1843 528; x_wconf 83' lang='lat' dir='ltr'><strong>Basi-</strong></span> <span class='ocrx_word' id='word_1_16' title='bbox 1873 481 1919 535; x_wconf 81' lang='grc' dir='ltr'><strong>Α</strong></span> <span class='ocrx_word' id='word_1_17' title='bbox 1950 490 2062 528; x_wconf 89' lang='lat' dir='ltr'><strong>rem</strong></span> <span class='ocrx_word' id='word_1_18' title='bbox 2080 475 2330 541; x_wconf 85' lang='lat' dir='ltr'><strong>appellet,</strong></span> <span class='ocrx_word' id='word_1_19' title='bbox 2362 491 2465 529; x_wconf 91' lang='lat' dir='ltr'><strong>non</strong></span> <span class='ocrx_word' id='word_1_20' title='bbox 2490 476 2630 544; x_wconf 87' lang='lat' dir='ltr'><strong>quod</strong></span> <span class='ocrx_word' id='word_1_21' title='bbox 2677 490 2862 529; x_wconf 85' lang='lat' dir='ltr'><strong>revera</strong></span> <span class='ocrx_word' id='word_1_22' title='bbox 2889 476 2975 529; x_wconf 83' lang='lat' dir='ltr'><strong>lex</strong></span> <span class='ocrx_word' id='word_1_23' title='bbox 3018 476 3095 527; x_wconf 91' lang='lat' dir='ltr'><strong>ira</strong></span> <span class='ocrx_word' id='word_1_24' title='bbox 3128 484 3180 528; x_wconf 91' lang='lat' dir='ltr'><strong>et</strong></span> <span class='ocrx_word' id='word_1_25' title='bbox 3199 474 3378 527; x_wconf 85' lang='lat' dir='ltr'><strong>furore</strong></span> <span class='ocrx_word' id='word_1_26' title='bbox 3403 497 3524 527; x_wconf 77' lang='lat' dir='ltr'><strong>rm-</strong></span> 
     </span>
    </p>
   </div>
   <div class='ocr_carea' id='block_1_4' title="bbox 254 557 1848 625">
    <p class='ocr_par' dir='ltr' id='par_1_4' title="bbox 254 557 1848 625">
     <span class='ocr_line' id='line_1_4' title="bbox 254 557 1848 625; baseline 0.004 -17"><span class='ocrx_word' id='word_1_27' title='bbox 254 557 403 613; x_wconf 88' lang='lat' dir='ltr'><strong>liano</strong></span> <span class='ocrx_word' id='word_1_28' title='bbox 422 560 530 613; x_wconf 87' lang='lat' dir='ltr'><strong>fetu</strong></span> <span class='ocrx_word' id='word_1_29' title='bbox 546 559 861 625; x_wconf 87' lang='lat' dir='ltr'><strong>accipienda</strong></span> <span class='ocrx_word' id='word_1_30' title='bbox 878 560 967 612; x_wconf 91' lang='lat' dir='ltr'><strong>sit.</strong></span> <span class='ocrx_word' id='word_1_31' title='bbox 990 560 1121 613; x_wconf 78' lang='lat' dir='ltr'><strong>Rem</strong></span> <span class='ocrx_word' id='word_1_32' title='bbox 1146 568 1323 610; x_wconf 90' lang='lat' dir='ltr'><strong>autem</strong></span> <span class='ocrx_word' id='word_1_33' title='bbox 1345 560 1414 612; x_wconf 90' lang='lat' dir='ltr'><strong>ita</strong></span> <span class='ocrx_word' id='word_1_34' title='bbox 1434 574 1577 623; x_wconf 91' lang='lat' dir='ltr'><strong>esse,</strong></span> <span class='ocrx_word' id='word_1_35' title='bbox 1596 562 1638 613; x_wconf 88' lang='lat' dir='ltr'><strong>si</strong></span> <span class='ocrx_word' id='word_1_36' title='bbox 1655 562 1848 616; x_wconf 88' lang='lat' dir='ltr'><strong>utrius-</strong></span> 
     </span>
    </p>
   </div>
   <div class='ocr_carea' id='block_1_5' title="bbox 254 648 1842 719">
    <p class='ocr_par' dir='ltr' id='par_1_5' title="bbox 254 648 1842 719">
     <span class='ocr_line' id='line_1_5' title="bbox 254 648 1842 719; baseline 0.001 -13"><span class='ocrx_word' id='word_1_37' title='bbox 254 667 364 719; x_wconf 87' lang='lat' dir='ltr'><strong>que</strong></span> <span class='ocrx_word' id='word_1_38' title='bbox 392 651 553 704; x_wconf 87' lang='lat' dir='ltr'><strong>verba</strong></span> <span class='ocrx_word' id='word_1_39' title='bbox 592 648 775 704; x_wconf 83' lang='lat' dir='ltr'><strong>Basilii</strong></span> <span class='ocrx_word' id='word_1_40' title='bbox 808 660 860 705; x_wconf 85' lang='lat' dir='ltr'><strong>et</strong></span> <span class='ocrx_word' id='word_1_41' title='bbox 895 648 1169 703; x_wconf 82' lang='lat' dir='ltr'><strong>Ambrosii</strong></span> <span class='ocrx_word' id='word_1_42' title='bbox 1208 649 1350 704; x_wconf 89' lang='lat' dir='ltr'><strong>inter</strong></span> <span class='ocrx_word' id='word_1_43' title='bbox 1386 665 1445 705; x_wconf 88' lang='lat' dir='ltr'><strong>se</strong></span> <span class='ocrx_word' id='word_1_44' title='bbox 1475 650 1842 716; x_wconf 85' lang='lat' dir='ltr'><strong>conferantur,</strong></span> 
     </span>
    </p>
   </div>
   <div class='ocr_carea' id='block_1_6' title="bbox 254 741 1844 811">
    <p class='ocr_par' dir='ltr' id='par_1_6' title="bbox 254 741 1844 811">
     <span class='ocr_line' id='line_1_6' title="bbox 254 741 1844 811; baseline 0.003 -16"><span class='ocrx_word' id='word_1_45' title='bbox 254 741 441 811; x_wconf 83' lang='lat' dir='ltr'><strong>negari</strong></span> <span class='ocrx_word' id='word_1_46' title='bbox 463 754 567 792; x_wconf 91' lang='lat' dir='ltr'><strong>non</strong></span> <span class='ocrx_word' id='word_1_47' title='bbox 592 749 783 807; x_wconf 89' lang='lat' dir='ltr'><strong>potest.</strong></span> <span class='ocrx_word' id='word_1_48' title='bbox 802 741 1073 796; x_wconf 81' lang='lat' dir='ltr'><strong>Ambrosii</strong></span> <span class='ocrx_word' id='word_1_49' title='bbox 1097 741 1240 794; x_wconf 88' lang='lat' dir='ltr'><strong>enim</strong></span> <span class='ocrx_word' id='word_1_50' title='bbox 1261 741 1373 797; x_wconf 68' lang='lat' dir='ltr'><strong>haec</strong></span> <span class='ocrx_word' id='word_1_51' title='bbox 1392 750 1597 798; x_wconf 78' lang='lat' dir='ltr'><strong>suntex</strong></span> <span class='ocrx_word' id='word_1_52' title='bbox 1621 760 1844 800; x_wconf 90' lang='lat' dir='ltr'><strong>enarra-</strong></span> 
     </span>
    </p>
   </div>
   <div class='ocr_carea' id='block_1_7' title="bbox 254 830 1838 902">
    <p class='ocr_par' dir='ltr' id='par_1_7' title="bbox 254 830 1838 902">
     <span class='ocr_line' id='line_1_7' title="bbox 254 830 1838 902; baseline 0.004 -17"><span class='ocrx_word' id='word_1_53' title='bbox 254 835 404 885; x_wconf 92' lang='lat' dir='ltr'><strong>tione</strong></span> <span class='ocrx_word' id='word_1_54' title='bbox 427 830 477 883; x_wconf 92' lang='lat' dir='ltr'><strong>in</strong></span> <span class='ocrx_word' id='word_1_55' title='bbox 503 831 645 886; x_wconf 87' lang='lat' dir='ltr'><strong>hunc</strong></span> <span class='ocrx_word' id='word_1_56' title='bbox 664 833 727 887; x_wconf 86' lang='lat' dir='ltr'><strong>de</strong></span> <span class='ocrx_word' id='word_1_57' title='bbox 754 848 862 902; x_wconf 92' lang='lat' dir='ltr'><strong>quo</strong></span> <span class='ocrx_word' id='word_1_58' title='bbox 878 834 1055 901; x_wconf 85' lang='lat' dir='ltr'><strong>agitur</strong></span> <span class='ocrx_word' id='word_1_59' title='bbox 1080 831 1369 902; x_wconf 81' lang='lat' dir='ltr'><strong>psalmum,</strong></span> <span class='ocrx_word' id='word_1_60' title='bbox 1398 849 1547 887; x_wconf 92' lang='lat' dir='ltr'><strong>num.</strong></span> <span class='ocrx_word' id='word_1_61' title='bbox 1572 834 1636 887; x_wconf 82' lang='lat' dir='ltr'><strong>l9</strong></span> <span class='ocrx_word' id='word_1_62' title='bbox 1658 837 1794 890; x_wconf 74' lang='lat' dir='ltr'><strong>et20</strong></span> <span class='ocrx_word' id='word_1_63' title='bbox 1825 855 1838 890; x_wconf 90' lang='lat'>:</span> 
     </span>
    </p>
   </div>
   <div class='ocr_carea' id='block_1_8' title="bbox 261 922 1843 995">
    <p class='ocr_par' dir='ltr' id='par_1_8' title="bbox 261 922 1843 995">
     <span class='ocr_line' id='line_1_8' title="bbox 261 922 1843 995; baseline 0.007 -21"><span class='ocrx_word' id='word_1_64' title='bbox 261 943 279 973; x_wconf 79' lang='grc' dir='ltr'><strong>ι</strong></span> <span class='ocrx_word' id='word_1_65' title='bbox 312 922 428 975; x_wconf 79' lang='lat' dir='ltr'><strong>Non</strong></span> <span class='ocrx_word' id='word_1_66' title='bbox 459 924 602 978; x_wconf 90' lang='lat' dir='ltr'><strong>enim</strong></span> <span class='ocrx_word' id='word_1_67' title='bbox 626 926 763 981; x_wconf 90' lang='lat' dir='ltr'><strong>Deus</strong></span> <span class='ocrx_word' id='word_1_68' title='bbox 787 924 1024 995; x_wconf 89' lang='lat' dir='ltr'><strong>passioni</strong></span> <span class='ocrx_word' id='word_1_69' title='bbox 1048 934 1216 991; x_wconf 84' lang='lat' dir='ltr'><strong>patet,</strong></span> <span class='ocrx_word' id='word_1_70' title='bbox 1237 936 1293 979; x_wconf 94' lang='lat' dir='ltr'><strong>ut</strong></span> <span class='ocrx_word' id='word_1_71' title='bbox 1322 928 1607 992; x_wconf 74' lang='lat' dir='ltr'><strong>irascatur,</strong></span> <span class='ocrx_word' id='word_1_72' title='bbox 1631 943 1749 984; x_wconf 87' lang='lat' dir='ltr'><strong>cum</strong></span> <span class='ocrx_word' id='word_1_73' title='bbox 1772 931 1843 985; x_wconf 92' lang='lat' dir='ltr'><strong>sit</strong></span> 
     </span>
    </p>
   </div>
   <div class='ocr_carea' id='block_1_9' title="bbox 255 1015 1839 1085">
    <p class='ocr_par' dir='ltr' id='par_1_9' title="bbox 255 1015 1839 1085">
     <span class='ocr_line' id='line_1_9' title="bbox 255 1015 1839 1085; baseline 0.004 -14"><span class='ocrx_word' id='word_1_74' title='bbox 255 1016 626 1085; x_wconf 82' lang='lat' dir='ltr'><strong>impassibilis.</strong></span> <span class='ocrx_word' id='word_1_75' title='bbox 656 1056 671 1071; x_wconf 90' lang='lat'><strong>.</strong></span> <span class='ocrx_word' id='word_1_76' title='bbox 694 1057 707 1071; x_wconf 96' lang='lat'><strong>.</strong></span> <span class='ocrx_word' id='word_1_77' title='bbox 739 1054 755 1071; x_wconf 92' lang='lat'><strong>.</strong></span> <span class='ocrx_word' id='word_1_78' title='bbox 783 1015 1022 1083; x_wconf 82' lang='lat' dir='ltr'><strong>Denique</strong></span> <span class='ocrx_word' id='word_1_79' title='bbox 1050 1032 1177 1073; x_wconf 89' lang='lat' dir='ltr'><strong>usus</strong></span> <span class='ocrx_word' id='word_1_80' title='bbox 1210 1018 1393 1081; x_wconf 81' lang='lat' dir='ltr'><strong>habet,</strong></span> <span class='ocrx_word' id='word_1_81' title='bbox 1426 1027 1483 1070; x_wconf 90' lang='lat' dir='ltr'><strong>ut</strong></span> <span class='ocrx_word' id='word_1_82' title='bbox 1509 1020 1751 1077; x_wconf 83' lang='lat' dir='ltr'><strong>dicamus</strong></span> <span class='ocrx_word' id='word_1_83' title='bbox 1775 1024 1839 1077; x_wconf 90' lang='lat' dir='ltr'><strong>de</strong></span> 
     </span>
    </p>
   </div>
   <div class='ocr_carea' id='block_1_10' title="bbox 254 1108 1836 1184">
    <p class='ocr_par' dir='ltr' id='par_1_10' title="bbox 254 1108 1836 1184">
     <span class='ocr_line' id='line_1_10' title="bbox 254 1108 1836 1184; baseline 0.005 -23"><span class='ocrx_word' id='word_1_84' title='bbox 254 1123 529 1178; x_wconf 88' lang='lat' dir='ltr'><strong>quoquam</strong></span> <span class='ocrx_word' id='word_1_85' title='bbox 557 1112 763 1179; x_wconf 92' lang='lat' dir='ltr'><strong>punito,</strong></span> <span class='ocrx_word' id='word_1_86' title='bbox 788 1108 911 1177; x_wconf 87' lang='lat' dir='ltr'><strong>quia</strong></span> <span class='ocrx_word' id='word_1_87' title='bbox 945 1108 1077 1163; x_wconf 88' lang='lat' dir='ltr'><strong>iram</strong></span> <span class='ocrx_word' id='word_1_88' title='bbox 1110 1110 1300 1165; x_wconf 89' lang='lat' dir='ltr'><strong>incidit</strong></span> <span class='ocrx_word' id='word_1_89' title='bbox 1336 1110 1509 1179; x_wconf 78' lang='lat' dir='ltr'><strong>legum</strong></span> <span class='ocrx_word' id='word_1_90' title='bbox 1541 1127 1553 1164; x_wconf 92' lang='lat'>:</span> <span class='ocrx_word' id='word_1_91' title='bbox 1580 1128 1685 1168; x_wconf 91' lang='lat' dir='ltr'><strong>non</strong></span> <span class='ocrx_word' id='word_1_92' title='bbox 1711 1116 1836 1184; x_wconf 90' lang='lat' dir='ltr'><strong>quia</strong></span> 
     </span>
    </p>
   </div>
   <div class='ocr_carea' id='block_1_11' title="bbox 253 1199 1833 1271">
    <p class='ocr_par' dir='ltr' id='par_1_11' title="bbox 253 1199 1833 1271">
     <span class='ocr_line' id='line_1_11' title="bbox 253 1199 1833 1271; baseline 0.006 -20"><span class='ocrx_word' id='word_1_93' title='bbox 253 1199 430 1270; x_wconf 82' lang='lat' dir='ltr'><strong>legum</strong></span> <span class='ocrx_word' id='word_1_94' title='bbox 484 1204 643 1264; x_wconf 84' lang='lat' dir='ltr'><strong>iram,</strong></span> <span class='ocrx_word' id='word_1_95' title='bbox 686 1202 778 1253; x_wconf 87' lang='lat' dir='ltr'><strong>sed</strong></span> <span class='ocrx_word' id='word_1_96' title='bbox 832 1201 956 1269; x_wconf 87' lang='lat' dir='ltr'><strong>quia</strong></span> <span class='ocrx_word' id='word_1_97' title='bbox 1009 1200 1183 1271; x_wconf 86' lang='lat' dir='ltr'><strong>legum</strong></span> <span class='ocrx_word' id='word_1_98' title='bbox 1241 1203 1585 1259; x_wconf 89' lang='lat' dir='ltr'><strong>severitatem</strong></span> <span class='ocrx_word' id='word_1_99' title='bbox 1626 1205 1833 1261; x_wconf 88' lang='lat' dir='ltr'><strong>incidit.</strong></span> 
     </span>
    </p>
   </div>
   <div class='ocr_carea' id='block_1_12' title="bbox 256 1292 1835 1364">
    <p class='ocr_par' dir='ltr' id='par_1_12' title="bbox 256 1292 1835 1364">
     <span class='ocr_line' id='line_1_12' title="bbox 256 1292 1835 1364; baseline 0.002 -17"><span class='ocrx_word' id='word_1_100' title='bbox 256 1292 349 1348; x_wconf 86' lang='lat' dir='ltr'><strong>Sic</strong></span> <span class='ocrx_word' id='word_1_101' title='bbox 372 1305 426 1349; x_wconf 91' lang='lat' dir='ltr'><strong>et</strong></span> <span class='ocrx_word' id='word_1_102' title='bbox 467 1292 596 1345; x_wconf 83' lang='lat' dir='ltr'><strong>alibi</strong></span> <span class='ocrx_word' id='word_1_103' title='bbox 626 1292 691 1345; x_wconf 88' lang='lat' dir='ltr'><strong>de</strong></span> <span class='ocrx_word' id='word_1_104' title='bbox 718 1292 900 1347; x_wconf 91' lang='lat' dir='ltr'><strong>decem</strong></span> <span class='ocrx_word' id='word_1_105' title='bbox 939 1292 1111 1363; x_wconf 83' lang='lat' dir='ltr'><strong>plagis</strong></span> <span class='ocrx_word' id='word_1_106' title='bbox 1140 1292 1516 1364; x_wconf 67' lang='lat' dir='ltr'><strong>)Egyptiorum</strong></span> <span class='ocrx_word' id='word_1_107' title='bbox 1545 1296 1654 1349; x_wconf 89' lang='lat' dir='ltr'><strong>ait:</strong></span> <span class='ocrx_word' id='word_1_108' title='bbox 1689 1297 1835 1351; x_wconf 79' lang='lat' dir='ltr'><strong>Misit</strong></span> 
     </span>
    </p>
   </div>
   <div class='ocr_carea' id='block_1_13' title="bbox 253 1381 1834 1450">
    <p class='ocr_par' dir='ltr' id='par_1_13' title="bbox 253 1381 1834 1450">
     <span class='ocr_line' id='line_1_13' title="bbox 253 1381 1834 1450; baseline 0.003 -13"><span class='ocrx_word' id='word_1_109' title='bbox 253 1386 308 1437; x_wconf 85' lang='lat' dir='ltr'><strong>in</strong></span> <span class='ocrx_word' id='word_1_110' title='bbox 335 1400 421 1437; x_wconf 81' lang='lat' dir='ltr'><strong>eos</strong></span> <span class='ocrx_word' id='word_1_111' title='bbox 447 1384 585 1435; x_wconf 71' lang='lat' dir='ltr'><strong>iram</strong></span> <span class='ocrx_word' id='word_1_112' title='bbox 623 1398 715 1449; x_wconf 88' lang='lat' dir='ltr'><strong>per</strong></span> <span class='ocrx_word' id='word_1_113' title='bbox 741 1381 953 1450; x_wconf 78' lang='lat' dir='ltr'><strong>angelos</strong></span> <span class='ocrx_word' id='word_1_114' title='bbox 1008 1386 1173 1437; x_wconf 84' lang='lat' dir='ltr'><strong>malos</strong></span> <span class='ocrx_word' id='word_1_115' title='bbox 1220 1382 1263 1439; x_wconf 86' lang='grc'><strong>⁸.</strong></span> <span class='ocrx_word' id='word_1_116' title='bbox 1297 1422 1311 1437; x_wconf 91' lang='grc'><strong>.</strong></span> <span class='ocrx_word' id='word_1_117' title='bbox 1350 1422 1365 1438; x_wconf 94' lang='grc'><strong>.</strong></span> <span class='ocrx_word' id='word_1_118' title='bbox 1398 1424 1412 1437; x_wconf 94' lang='grc'><strong>.</strong></span> <span class='ocrx_word' id='word_1_119' title='bbox 1448 1403 1467 1436; x_wconf 77' lang='grc' dir='ltr'><strong>ι</strong></span> <span class='ocrx_word' id='word_1_120' title='bbox 1511 1383 1611 1450; x_wconf 86' lang='lat' dir='ltr'><strong>Qui</strong></span> <span class='ocrx_word' id='word_1_121' title='bbox 1652 1388 1834 1441; x_wconf 89' lang='lat' dir='ltr'><strong>sanari</strong></span> 
     </span>
    </p>
   </div>
   <div class='ocr_carea' id='block_1_14' title="bbox 251 1474 1833 1546">
    <p class='ocr_par' dir='ltr' id='par_1_14' title="bbox 251 1474 1833 1546">
     <span class='ocr_line' id='line_1_14' title="bbox 251 1474 1833 1546; baseline 0.002 -17"><span class='ocrx_word' id='word_1_122' title='bbox 251 1476 388 1539; x_wconf 85' lang='lat' dir='ltr'><strong>vult,</strong></span> <span class='ocrx_word' id='word_1_123' title='bbox 415 1475 566 1545; x_wconf 93' lang='lat' dir='ltr'><strong>argui</strong></span> <span class='ocrx_word' id='word_1_124' title='bbox 622 1490 729 1529; x_wconf 91' lang='lat' dir='ltr'><strong>non</strong></span> <span class='ocrx_word' id='word_1_125' title='bbox 767 1474 1088 1531; x_wconf 81' lang='lat' dir='ltr'><strong>reformidat</strong></span> <span class='ocrx_word' id='word_1_126' title='bbox 1118 1497 1132 1531; x_wconf 91' lang='lat'>:</span> <span class='ocrx_word' id='word_1_127' title='bbox 1189 1477 1283 1531; x_wconf 89' lang='lat' dir='ltr'><strong>sed</strong></span> <span class='ocrx_word' id='word_1_128' title='bbox 1324 1491 1428 1531; x_wconf 89' lang='lat' dir='ltr'><strong>non</strong></span> <span class='ocrx_word' id='word_1_129' title='bbox 1461 1476 1745 1546; x_wconf 85' lang='lat' dir='ltr'><strong>vultargui</strong></span> <span class='ocrx_word' id='word_1_130' title='bbox 1781 1478 1833 1533; x_wconf 88' lang='lat' dir='ltr'><strong>in</strong></span> 
     </span>
    </p>
   </div>
   <div class='ocr_carea' id='block_1_15' title="bbox 255 1565 1833 1627">
    <p class='ocr_par' dir='ltr' id='par_1_15' title="bbox 255 1565 1833 1627">
     <span class='ocr_line' id='line_1_15' title="bbox 255 1565 1833 1627; baseline 0 -6"><span class='ocrx_word' id='word_1_131' title='bbox 255 1570 459 1627; x_wconf 83' lang='lat' dir='ltr'><strong>furore,</strong></span> <span class='ocrx_word' id='word_1_132' title='bbox 519 1565 613 1622; x_wconf 90' lang='lat' dir='ltr'><strong>sed</strong></span> <span class='ocrx_word' id='word_1_133' title='bbox 644 1566 696 1620; x_wconf 92' lang='lat' dir='ltr'><strong>in</strong></span> <span class='ocrx_word' id='word_1_134' title='bbox 731 1567 899 1622; x_wconf 89' lang='lat' dir='ltr'><strong>verbo</strong></span> <span class='ocrx_word' id='word_1_135' title='bbox 937 1568 1053 1621; x_wconf 89' lang='lat' dir='ltr'><strong>Dei.</strong></span> <span class='ocrx_word' id='word_1_136' title='bbox 1085 1606 1099 1622; x_wconf 93' lang='lat'><strong>.</strong></span> <span class='ocrx_word' id='word_1_137' title='bbox 1128 1605 1143 1619; x_wconf 92' lang='lat'><strong>.</strong></span> <span class='ocrx_word' id='word_1_138' title='bbox 1174 1607 1187 1621; x_wconf 96' lang='lat'><strong>.</strong></span> <span class='ocrx_word' id='word_1_139' title='bbox 1250 1565 1365 1621; x_wconf 87' lang='lat' dir='ltr'><strong>Non</strong></span> <span class='ocrx_word' id='word_1_140' title='bbox 1397 1566 1509 1621; x_wconf 88' lang='lat' dir='ltr'><strong>vult</strong></span> <span class='ocrx_word' id='word_1_141' title='bbox 1542 1568 1742 1622; x_wconf 89' lang='lat' dir='ltr'><strong>erudiri</strong></span> <span class='ocrx_word' id='word_1_142' title='bbox 1782 1569 1833 1621; x_wconf 94' lang='lat' dir='ltr'><strong>in</strong></span> 
     </span>
    </p>
   </div>
   <div class='ocr_carea' id='block_1_16' title="bbox 254 1660 1833 1729">
    <p class='ocr_par' dir='ltr' id='par_1_16' title="bbox 254 1660 1833 1729">
     <span class='ocr_line' id='line_1_16' title="bbox 254 1660 1833 1729; baseline 0.003 -16"><span class='ocrx_word' id='word_1_143' title='bbox 254 1661 358 1722; x_wconf 90' lang='lat' dir='ltr'><strong>ira,</strong></span> <span class='ocrx_word' id='word_1_144' title='bbox 386 1662 480 1715; x_wconf 92' lang='lat' dir='ltr'><strong>sed</strong></span> <span class='ocrx_word' id='word_1_145' title='bbox 507 1660 559 1713; x_wconf 92' lang='lat' dir='ltr'><strong>in</strong></span> <span class='ocrx_word' id='word_1_146' title='bbox 593 1662 869 1725; x_wconf 87' lang='lat' dir='ltr'><strong>doctrina;</strong></span> <span class='ocrx_word' id='word_1_147' title='bbox 907 1671 963 1715; x_wconf 90' lang='lat' dir='ltr'><strong>ut</strong></span> <span class='ocrx_word' id='word_1_148' title='bbox 994 1660 1039 1715; x_wconf 90' lang='lat' dir='ltr'><strong>si</strong></span> <span class='ocrx_word' id='word_1_149' title='bbox 1076 1660 1344 1715; x_wconf 85' lang='lat' dir='ltr'><strong>medicum</strong></span> <span class='ocrx_word' id='word_1_150' title='bbox 1382 1675 1561 1729; x_wconf 87' lang='lat' dir='ltr'><strong>roges,</strong></span> <span class='ocrx_word' id='word_1_151' title='bbox 1588 1674 1655 1715; x_wconf 88' lang='lat' dir='ltr'><strong>ne</strong></span> <span class='ocrx_word' id='word_1_152' title='bbox 1688 1670 1833 1717; x_wconf 88' lang='lat' dir='ltr'><strong>secet</strong></span> 
     </span>
    </p>
   </div>
   <div class='ocr_carea' id='block_1_17' title="bbox 252 1752 1833 1820">
    <p class='ocr_par' dir='ltr' id='par_1_17' title="bbox 252 1752 1833 1820">
     <span class='ocr_line' id='line_1_17' title="bbox 252 1752 1833 1820; baseline 0.001 -16"><span class='ocrx_word' id='word_1_153' title='bbox 252 1752 448 1807; x_wconf 92' lang='lat' dir='ltr'><strong>vulnus</strong></span> <span class='ocrx_word' id='word_1_154' title='bbox 499 1763 670 1811; x_wconf 88' lang='lat' dir='ltr'><strong>tuum.</strong></span> <span class='ocrx_word' id='word_1_155' title='bbox 700 1752 793 1804; x_wconf 91' lang='lat' dir='ltr'><strong>sed</strong></span> <span class='ocrx_word' id='word_1_156' title='bbox 828 1752 1275 1806; x_wconf 85' lang='lat' dir='ltr'><strong>medicamentum</strong></span> <span class='ocrx_word' id='word_1_157' title='bbox 1312 1761 1566 1820; x_wconf 87' lang='lat' dir='ltr'><strong>apponat.</strong></span> <span class='ocrx_word' id='word_1_158' title='bbox 1603 1791 1617 1805; x_wconf 94' lang='lat'><strong>.</strong></span> <span class='ocrx_word' id='word_1_159' title='bbox 1656 1793 1670 1808; x_wconf 94' lang='lat'><strong>.</strong></span> <span class='ocrx_word' id='word_1_160' title='bbox 1704 1793 1718 1807; x_wconf 93' lang='lat'><strong>.</strong></span> <span class='ocrx_word' id='word_1_161' title='bbox 1766 1752 1833 1806; x_wconf 86' lang='lat' dir='ltr'><strong>Et</strong></span> 
     </span>
    </p>
   </div>
   <div class='ocr_carea' id='block_1_18' title="bbox 1959 562 3527 633">
    <p class='ocr_par' dir='ltr' id='par_1_18' title="bbox 1959 562 3527 633">
     <span class='ocr_line' id='line_1_18' title="bbox 1959 562 3527 633; baseline 0 -18"><span class='ocrx_word' id='word_1_162' title='bbox 1959 563 2139 632; x_wconf 88' lang='lat' dir='ltr'><strong>ripiat,</strong></span> <span class='ocrx_word' id='word_1_163' title='bbox 2202 564 2298 615; x_wconf 88' lang='lat' dir='ltr'><strong>sed</strong></span> <span class='ocrx_word' id='word_1_164' title='bbox 2361 568 2504 630; x_wconf 87' lang='lat' dir='ltr'><strong>quod</strong></span> <span class='ocrx_word' id='word_1_165' title='bbox 2575 564 2663 633; x_wconf 93' lang='lat' dir='ltr'><strong>qui</strong></span> <span class='ocrx_word' id='word_1_166' title='bbox 2723 566 2987 631; x_wconf 89' lang='lat' dir='ltr'><strong>punitur,</strong></span> <span class='ocrx_word' id='word_1_167' title='bbox 3026 564 3161 631; x_wconf 81' lang='lat' dir='ltr'><strong>legis</strong></span> <span class='ocrx_word' id='word_1_168' title='bbox 3207 562 3527 630; x_wconf 89' lang='lat' dir='ltr'><strong>supplicium</strong></span> 
     </span>
    </p>
   </div>
   <div class='ocr_carea' id='block_1_19' title="bbox 1956 654 3531 728">
    <p class='ocr_par' dir='ltr' id='par_1_19' title="bbox 1956 654 3531 728">
     <span class='ocr_line' id='line_1_19' title="bbox 1956 654 3531 728; baseline -0.002 -19"><span class='ocrx_word' id='word_1_169' title='bbox 1956 657 2090 709; x_wconf 91' lang='lat' dir='ltr'><strong>iram</strong></span> <span class='ocrx_word' id='word_1_170' title='bbox 2115 670 2235 709; x_wconf 91' lang='lat' dir='ltr'><strong>esse</strong></span> <span class='ocrx_word' id='word_1_171' title='bbox 2265 663 2433 723; x_wconf 90' lang='lat' dir='ltr'><strong>putet.</strong></span> <span class='ocrx_word' id='word_1_172' title='bbox 2472 694 2487 709; x_wconf 93' lang='lat'><strong>.</strong></span> <span class='ocrx_word' id='word_1_173' title='bbox 2523 695 2536 710; x_wconf 96' lang='lat'><strong>.</strong></span> <span class='ocrx_word' id='word_1_174' title='bbox 2569 697 2584 711; x_wconf 94' lang='lat'><strong>.</strong></span> <span class='ocrx_word' id='word_1_175' title='bbox 2637 655 2737 711; x_wconf 85' lang='lat' dir='ltr'><strong>Ubi</strong></span> <span class='ocrx_word' id='word_1_176' title='bbox 2770 655 2953 709; x_wconf 88' lang='lat' dir='ltr'><strong>itidem</strong></span> <span class='ocrx_word' id='word_1_177' title='bbox 2989 670 3168 728; x_wconf 80' lang='lat' dir='ltr'><strong>sermo</strong></span> <span class='ocrx_word' id='word_1_178' title='bbox 3192 655 3421 707; x_wconf 91' lang='lat' dir='ltr'><strong>habetur</strong></span> <span class='ocrx_word' id='word_1_179' title='bbox 3465 654 3531 706; x_wconf 85' lang='lat' dir='ltr'><strong>de</strong></span> 
     </span>
    </p>
   </div>
   <div class='ocr_carea' id='block_1_20' title="bbox 1953 743 3533 816">
    <p class='ocr_par' dir='ltr' id='par_1_20' title="bbox 1953 743 3533 816">
     <span class='ocr_line' id='line_1_20' title="bbox 1953 743 3533 816; baseline -0.003 -16"><span class='ocrx_word' id='word_1_180' title='bbox 1953 748 2139 801; x_wconf 84' lang='lat' dir='ltr'><strong>decem</strong></span> <span class='ocrx_word' id='word_1_181' title='bbox 2164 745 2339 815; x_wconf 75' lang='lat' dir='ltr'><strong>plagis</strong></span> <span class='ocrx_word' id='word_1_182' title='bbox 2362 754 2552 799; x_wconf 88' lang='lat' dir='ltr'><strong>contra</strong></span> <span class='ocrx_word' id='word_1_183' title='bbox 2581 746 2865 816; x_wconf 60' lang='lat' dir='ltr'><strong>Egyptios</strong></span> <span class='ocrx_word' id='word_1_184' title='bbox 2895 744 3171 809; x_wconf 86' lang='lat' dir='ltr'><strong>immissis,</strong></span> <span class='ocrx_word' id='word_1_185' title='bbox 3210 743 3413 797; x_wconf 89' lang='lat' dir='ltr'><strong>dictum</strong></span> <span class='ocrx_word' id='word_1_186' title='bbox 3448 750 3533 795; x_wconf 87' lang='lat' dir='ltr'><strong>est</strong></span> 
     </span>
    </p>
   </div>
   <div class='ocr_carea' id='block_1_21' title="bbox 1951 831 3531 901">
    <p class='ocr_par' dir='ltr' id='par_1_21' title="bbox 1951 831 3531 901">
     <span class='ocr_line' id='line_1_21' title="bbox 1951 831 3531 901; baseline -0.006 -11"><span class='ocrx_word' id='word_1_187' title='bbox 1951 837 2243 892; x_wconf 88' lang='lat' dir='ltr'><strong>similiter:</strong></span> <span class='ocrx_word' id='word_1_188' title='bbox 2285 836 2430 888; x_wconf 81' lang='lat' dir='ltr'><strong>Misit</strong></span> <span class='ocrx_word' id='word_1_189' title='bbox 2462 835 2517 889; x_wconf 87' lang='lat' dir='ltr'><strong>in</strong></span> <span class='ocrx_word' id='word_1_190' title='bbox 2562 852 2647 888; x_wconf 81' lang='lat' dir='ltr'><strong>eos</strong></span> <span class='ocrx_word' id='word_1_191' title='bbox 2696 838 2831 888; x_wconf 88' lang='lat' dir='ltr'><strong>iram</strong></span> <span class='ocrx_word' id='word_1_192' title='bbox 2866 845 2912 889; x_wconf 87' lang='lat' dir='ltr'><strong>et</strong></span> <span class='ocrx_word' id='word_1_193' title='bbox 2960 832 3212 901; x_wconf 78' lang='lat' dir='ltr'><strong>furerent,</strong></span> <span class='ocrx_word' id='word_1_194' title='bbox 3240 831 3531 886; x_wconf 84' lang='lat' dir='ltr'><strong>immissio-</strong></span> 
     </span>
    </p>
   </div>
   <div class='ocr_carea' id='block_1_22' title="bbox 1951 921 3524 999">
    <p class='ocr_par' dir='ltr' id='par_1_22' title="bbox 1951 921 3524 999">
     <span class='ocr_line' id='line_1_22' title="bbox 1951 921 3524 999; baseline -0.003 -19"><span class='ocrx_word' id='word_1_195' title='bbox 1951 945 2062 982; x_wconf 86' lang='lat' dir='ltr'><strong>nem</strong></span> <span class='ocrx_word' id='word_1_196' title='bbox 2083 947 2173 997; x_wconf 80' lang='lat' dir='ltr'><strong>per</strong></span> <span class='ocrx_word' id='word_1_197' title='bbox 2192 927 2405 999; x_wconf 79' lang='lat' dir='ltr'><strong>angelos</strong></span> <span class='ocrx_word' id='word_1_198' title='bbox 2431 929 2596 980; x_wconf 86' lang='lat' dir='ltr'><strong>malos</strong></span> <span class='ocrx_word' id='word_1_199' title='bbox 2619 927 2753 983; x_wconf 84' lang='grc'><strong>¹²....</strong></span> <span class='ocrx_word' id='word_1_200' title='bbox 2778 928 3122 996; x_wconf 87' lang='lat' dir='ltr'><strong>Quapropter</strong></span> <span class='ocrx_word' id='word_1_201' title='bbox 3150 925 3361 979; x_wconf 91' lang='lat' dir='ltr'><strong>dicebat</strong></span> <span class='ocrx_word' id='word_1_202' title='bbox 3389 921 3524 977; x_wconf 86' lang='lat' dir='ltr'><strong>Job:</strong></span> 
     </span>
    </p>
   </div>
   <div class='ocr_carea' id='block_1_23' title="bbox 1949 1019 3531 1089">
    <p class='ocr_par' dir='ltr' id='par_1_23' title="bbox 1949 1019 3531 1089">
     <span class='ocr_line' id='line_1_23' title="bbox 1949 1019 3531 1089; baseline -0.003 -14"><span class='ocrx_word' id='word_1_203' title='bbox 1949 1019 2172 1089; x_wconf 72' lang='lat' dir='ltr'><strong>Sagittae</strong></span> <span class='ocrx_word' id='word_1_204' title='bbox 2202 1024 2338 1078; x_wconf 81' lang='lat' dir='ltr'><strong>enim</strong></span> <span class='ocrx_word' id='word_1_205' title='bbox 2372 1020 2579 1074; x_wconf 84' lang='lat' dir='ltr'><strong>Domini</strong></span> <span class='ocrx_word' id='word_1_206' title='bbox 2616 1021 2670 1072; x_wconf 88' lang='lat' dir='ltr'><strong>in</strong></span> <span class='ocrx_word' id='word_1_207' title='bbox 2697 1036 2910 1086; x_wconf 84' lang='lat' dir='ltr'><strong>corpore</strong></span> <span class='ocrx_word' id='word_1_208' title='bbox 2942 1036 3055 1073; x_wconf 90' lang='lat' dir='ltr'><strong>meo</strong></span> <span class='ocrx_word' id='word_1_209' title='bbox 3103 1026 3223 1070; x_wconf 82' lang='lat' dir='ltr'><strong>sunt</strong></span> <span class='ocrx_word' id='word_1_210' title='bbox 3250 1056 3264 1081; x_wconf 92' lang='lat'><strong>,</strong></span> <span class='ocrx_word' id='word_1_211' title='bbox 3304 1032 3531 1086; x_wconf 85' lang='lat' dir='ltr'><strong>quarum</strong></span> 
     </span>
    </p>
   </div>
   <div class='ocr_carea' id='block_1_24' title="bbox 1946 1108 3530 1182">
    <p class='ocr_par' dir='ltr' id='par_1_24' title="bbox 1946 1108 3530 1182">
     <span class='ocr_line' id='line_1_24' title="bbox 1946 1108 3530 1182; baseline -0.002 -18"><span class='ocrx_word' id='word_1_212' title='bbox 1946 1113 2026 1164; x_wconf 83' lang='lat' dir='ltr'><strong>ira</strong></span> <span class='ocrx_word' id='word_1_213' title='bbox 2042 1129 2214 1166; x_wconf 85' lang='lat' dir='ltr'><strong>meum</strong></span> <span class='ocrx_word' id='word_1_214' title='bbox 2229 1116 2383 1169; x_wconf 84' lang='lat' dir='ltr'><strong>ebibit</strong></span> <span class='ocrx_word' id='word_1_215' title='bbox 2407 1112 2717 1182; x_wconf 83' lang='lat' dir='ltr'><strong>sanguinem</strong></span> <span class='ocrx_word' id='word_1_216' title='bbox 2739 1110 2807 1163; x_wconf 76' lang='lat'><strong>”.</strong></span> <span class='ocrx_word' id='word_1_217' title='bbox 2826 1109 2991 1163; x_wconf 80' lang='lat' dir='ltr'><strong>David</strong></span> <span class='ocrx_word' id='word_1_218' title='bbox 3010 1121 3188 1165; x_wconf 91' lang='lat' dir='ltr'><strong>autem</strong></span> <span class='ocrx_word' id='word_1_219' title='bbox 3207 1122 3311 1161; x_wconf 92' lang='lat' dir='ltr'><strong>non</strong></span> <span class='ocrx_word' id='word_1_220' title='bbox 3332 1108 3384 1161; x_wconf 94' lang='lat' dir='ltr'><strong>in</strong></span> <span class='ocrx_word' id='word_1_221' title='bbox 3409 1124 3530 1162; x_wconf 87' lang='lat' dir='ltr'><strong>cor-</strong></span> 
     </span>
    </p>
   </div>
   <div class='ocr_carea' id='block_1_25' title="bbox 1945 1200 3532 1277">
    <p class='ocr_par' dir='ltr' id='par_1_25' title="bbox 1945 1200 3532 1277">
     <span class='ocr_line' id='line_1_25' title="bbox 1945 1200 3532 1277; baseline -0.004 -18"><span class='ocrx_word' id='word_1_222' title='bbox 1945 1220 2075 1275; x_wconf 90' lang='lat' dir='ltr'><strong>pore</strong></span> <span class='ocrx_word' id='word_1_223' title='bbox 2110 1205 2256 1259; x_wconf 84' lang='lat' dir='ltr'><strong>velut</strong></span> <span class='ocrx_word' id='word_1_224' title='bbox 2279 1206 2379 1261; x_wconf 84' lang='lat' dir='ltr'><strong>Job</strong></span> <span class='ocrx_word' id='word_1_225' title='bbox 2398 1204 2706 1277; x_wconf 89' lang='lat' dir='ltr'><strong>perculsus,</strong></span> <span class='ocrx_word' id='word_1_226' title='bbox 2731 1203 2825 1257; x_wconf 92' lang='lat' dir='ltr'><strong>sed</strong></span> <span class='ocrx_word' id='word_1_227' title='bbox 2861 1202 2912 1256; x_wconf 91' lang='lat' dir='ltr'><strong>in</strong></span> <span class='ocrx_word' id='word_1_228' title='bbox 2947 1202 3059 1270; x_wconf 92' lang='lat' dir='ltr'><strong>ipsa</strong></span> <span class='ocrx_word' id='word_1_229' title='bbox 3103 1202 3283 1257; x_wconf 91' lang='lat' dir='ltr'><strong>anima</strong></span> <span class='ocrx_word' id='word_1_230' title='bbox 3311 1200 3532 1253; x_wconf 85' lang='lat' dir='ltr'><strong>vulnere</strong></span> 
     </span>
    </p>
   </div>
   <div class='ocr_carea' id='block_1_26' title="bbox 1943 1290 3533 1364">
    <p class='ocr_par' dir='ltr' id='par_1_26' title="bbox 1943 1290 3533 1364">
     <span class='ocr_line' id='line_1_26' title="bbox 1943 1290 3533 1364; baseline -0.006 -13"><span class='ocrx_word' id='word_1_231' title='bbox 1943 1298 2127 1354; x_wconf 88' lang='lat' dir='ltr'><strong>lethali</strong></span> <span class='ocrx_word' id='word_1_232' title='bbox 2158 1296 2462 1364; x_wconf 82' lang='lat' dir='ltr'><strong>confossus,</strong></span> <span class='ocrx_word' id='word_1_233' title='bbox 2499 1313 2603 1352; x_wconf 93' lang='lat' dir='ltr'><strong>non</strong></span> <span class='ocrx_word' id='word_1_234' title='bbox 2647 1295 2724 1349; x_wconf 91' lang='lat' dir='ltr'><strong>ait</strong></span> <span class='ocrx_word' id='word_1_235' title='bbox 2776 1294 3228 1364; x_wconf 88' lang='lat' dir='ltr'><strong>quemadmodum</strong></span> <span class='ocrx_word' id='word_1_236' title='bbox 3266 1291 3388 1357; x_wconf 82' lang='lat' dir='ltr'><strong>Job,</strong></span> <span class='ocrx_word' id='word_1_237' title='bbox 3427 1290 3533 1345; x_wconf 89' lang='lat' dir='ltr'><strong>Sa-</strong></span> 
     </span>
    </p>
   </div>
   <div class='ocr_carea' id='block_1_27' title="bbox 1942 1380 3533 1458">
    <p class='ocr_par' dir='ltr' id='par_1_27' title="bbox 1942 1380 3533 1458">
     <span class='ocr_line' id='line_1_27' title="bbox 1942 1380 3533 1458; baseline -0.006 -18"><span class='ocrx_word' id='word_1_238' title='bbox 1942 1390 2084 1458; x_wconf 77' lang='lat' dir='ltr'><strong>gitta:</strong></span> <span class='ocrx_word' id='word_1_239' title='bbox 2136 1389 2273 1443; x_wconf 87' lang='lat' dir='ltr'><strong>enim</strong></span> <span class='ocrx_word' id='word_1_240' title='bbox 2305 1386 2511 1441; x_wconf 87' lang='lat' dir='ltr'><strong>Domini</strong></span> <span class='ocrx_word' id='word_1_241' title='bbox 2556 1390 2610 1442; x_wconf 86' lang='lat' dir='ltr'><strong>in</strong></span> <span class='ocrx_word' id='word_1_242' title='bbox 2644 1400 2862 1455; x_wconf 81' lang='lat' dir='ltr'><strong>corpore</strong></span> <span class='ocrx_word' id='word_1_243' title='bbox 2906 1400 3021 1435; x_wconf 89' lang='lat' dir='ltr'><strong>meo</strong></span> <span class='ocrx_word' id='word_1_244' title='bbox 3065 1390 3208 1449; x_wconf 82' lang='lat' dir='ltr'><strong>sunt,</strong></span> <span class='ocrx_word' id='word_1_245' title='bbox 3241 1382 3360 1445; x_wconf 87' lang='lat' dir='ltr'><strong>sed,</strong></span> <span class='ocrx_word' id='word_1_246' title='bbox 3387 1380 3533 1446; x_wconf 82' lang='lat' dir='ltr'><strong>Quo-</strong></span> 
     </span>
    </p>
   </div>
   <div class='ocr_carea' id='block_1_28' title="bbox 1942 1469 3529 1550">
    <p class='ocr_par' dir='ltr' id='par_1_28' title="bbox 1942 1469 3529 1550">
     <span class='ocr_line' id='line_1_28' title="bbox 1942 1469 3529 1550; baseline -0.008 -17"><span class='ocrx_word' id='word_1_247' title='bbox 1942 1480 2083 1533; x_wconf 85' lang='lat' dir='ltr'><strong>niam</strong></span> <span class='ocrx_word' id='word_1_248' title='bbox 2129 1482 2337 1550; x_wconf 74' lang='lat' dir='ltr'><strong>sagittaz</strong></span> <span class='ocrx_word' id='word_1_249' title='bbox 2368 1489 2472 1533; x_wconf 70' lang='lat' dir='ltr'><strong>tua:</strong></span> <span class='ocrx_word' id='word_1_250' title='bbox 2524 1480 2703 1547; x_wconf 76' lang='lat' dir='ltr'><strong>inﬁxa:</strong></span> <span class='ocrx_word' id='word_1_251' title='bbox 2749 1474 3068 1541; x_wconf 56' lang='lat' dir='ltr'><strong>sunhmihi,</strong></span> <span class='ocrx_word' id='word_1_252' title='bbox 3113 1482 3159 1527; x_wconf 89' lang='lat' dir='ltr'><strong>et</strong></span> <span class='ocrx_word' id='word_1_253' title='bbox 3202 1469 3529 1540; x_wconf 82' lang='lat' dir='ltr'><strong>conﬁrmasti</strong></span> 
     </span>
    </p>
   </div>
   <div class='ocr_carea' id='block_1_29' title="bbox 1944 1572 2723 1639">
    <p class='ocr_par' dir='ltr' id='par_1_29' title="bbox 1944 1572 2723 1639">
     <span class='ocr_line' id='line_1_29' title="bbox 1944 1572 2723 1639; baseline -0.005 -13"><span class='ocrx_word' id='word_1_254' title='bbox 1944 1588 2102 1639; x_wconf 81' lang='lat' dir='ltr'><strong>super</strong></span> <span class='ocrx_word' id='word_1_255' title='bbox 2127 1590 2206 1626; x_wconf 81' lang='lat' dir='ltr'><strong>me</strong></span> <span class='ocrx_word' id='word_1_256' title='bbox 2235 1589 2450 1626; x_wconf 86' lang='lat' dir='ltr'><strong>manum</strong></span> <span class='ocrx_word' id='word_1_257' title='bbox 2486 1581 2632 1624; x_wconf 83' lang='lat' dir='ltr'><strong>tuam</strong></span> <span class='ocrx_word' id='word_1_258' title='bbox 2661 1572 2723 1623; x_wconf 66' lang='grc' dir='ltr'><strong>ιδ.</strong></span> 
     </span>
    </p>
   </div>
   <div class='ocr_carea' id='block_1_30' title="bbox 2013 1656 3513 1733">
    <p class='ocr_par' dir='ltr' id='par_1_30' title="bbox 2013 1656 3513 1733">
     <span class='ocr_line' id='line_1_30' title="bbox 2013 1656 3513 1733; baseline -0.01 -15"><span class='ocrx_word' id='word_1_259' title='bbox 2013 1661 2107 1718; x_wconf 78' lang='lat' dir='ltr'><strong>llis</strong></span> <span class='ocrx_word' id='word_1_260' title='bbox 2133 1662 2405 1733; x_wconf 87' lang='lat' dir='ltr'><strong>perlectis.</strong></span> <span class='ocrx_word' id='word_1_261' title='bbox 2442 1676 2471 1714; x_wconf 88' lang='lat' dir='ltr'><strong>a</strong></span> <span class='ocrx_word' id='word_1_262' title='bbox 2510 1674 2638 1730; x_wconf 89' lang='lat' dir='ltr'><strong>quo,</strong></span> <span class='ocrx_word' id='word_1_263' title='bbox 2686 1673 2889 1727; x_wconf 65' lang='lat' dir='ltr'><strong>quieso,</strong></span> <span class='ocrx_word' id='word_1_264' title='bbox 2934 1656 3098 1710; x_wconf 86' lang='lat' dir='ltr'><strong>stabit</strong></span> <span class='ocrx_word' id='word_1_265' title='bbox 3128 1656 3319 1717; x_wconf 91' lang='lat' dir='ltr'><strong>lector,</strong></span> <span class='ocrx_word' id='word_1_266' title='bbox 3351 1666 3513 1721; x_wconf 90' lang='lat' dir='ltr'><strong>quam</strong></span> 
     </span>
    </p>
   </div>
   <div class='ocr_carea' id='block_1_31' title="bbox 1940 1742 3527 1823">
    <p class='ocr_par' dir='ltr' id='par_1_31' title="bbox 1940 1742 3527 1823">
     <span class='ocr_line' id='line_1_31' title="bbox 1940 1742 3527 1823; baseline -0.01 -13"><span class='ocrx_word' id='word_1_267' title='bbox 1940 1756 2267 1812; x_wconf 90' lang='lat' dir='ltr'><strong>sententiam</strong></span> <span class='ocrx_word' id='word_1_268' title='bbox 2304 1756 2681 1823; x_wconf 86' lang='lat' dir='ltr'><strong>amplectetur,</strong></span> <span class='ocrx_word' id='word_1_269' title='bbox 2718 1747 3119 1811; x_wconf 84' lang='lat' dir='ltr'><strong>Combelisiine,</strong></span> <span class='ocrx_word' id='word_1_270' title='bbox 3146 1747 3285 1799; x_wconf 90' lang='lat' dir='ltr'><strong>hanc</strong></span> <span class='ocrx_word' id='word_1_271' title='bbox 3320 1742 3527 1800; x_wconf 88' lang='lat' dir='ltr'><strong>oratio-</strong></span> 
     </span>
    </p>
   </div>
   <div class='ocr_carea' id='block_1_32' title="bbox 254 1837 3524 1919">
    <p class='ocr_par' dir='ltr' id='par_1_32' title="bbox 254 1837 3524 1919">
     <span class='ocr_line' id='line_1_32' title="bbox 254 1837 3524 1919; baseline -0.006 -10"><span class='ocrx_word' id='word_1_272' title='bbox 254 1844 497 1898; x_wconf 65' lang='grc' dir='ltr'>θάάίιιίιτ</span> <span class='ocrx_word' id='word_1_273' title='bbox 537 1842 800 1906; x_wconf 60' lang='lat' dir='ltr'><strong>Quoniam</strong></span> <span class='ocrx_word' id='word_1_274' title='bbox 863 1844 1069 1911; x_wconf 66' lang='lat' dir='ltr'><strong>sagitta:</strong></span> <span class='ocrx_word' id='word_1_275' title='bbox 1134 1852 1239 1896; x_wconf 75' lang='grc' dir='ltr'><strong>ιυιε</strong></span> <span class='ocrx_word' id='word_1_276' title='bbox 1301 1844 1481 1911; x_wconf 62' lang='lat' dir='ltr'><strong>inﬁxa!</strong></span> <span class='ocrx_word' id='word_1_277' title='bbox 1532 1855 1651 1898; x_wconf 65' lang='lat' dir='ltr'><strong>sunt</strong></span> <span class='ocrx_word' id='word_1_278' title='bbox 1683 1848 1831 1899; x_wconf 61' lang='lat' dir='ltr'><strong>mihi.</strong></span> <span class='ocrx_word' id='word_1_279' title='bbox 1868 1851 1911 1905; x_wconf 91' lang='lat' dir='ltr'><strong>B</strong></span> <span class='ocrx_word' id='word_1_280' title='bbox 1936 1864 2059 1903; x_wconf 92' lang='lat' dir='ltr'><strong>nem</strong></span> <span class='ocrx_word' id='word_1_281' title='bbox 2084 1865 2181 1918; x_wconf 87' lang='lat' dir='ltr'><strong>pro</strong></span> <span class='ocrx_word' id='word_1_282' title='bbox 2206 1858 2451 1919; x_wconf 90' lang='lat' dir='ltr'><strong>suspecta</strong></span> <span class='ocrx_word' id='word_1_283' title='bbox 2477 1844 2749 1906; x_wconf 89' lang='lat' dir='ltr'><strong>habentis,</strong></span> <span class='ocrx_word' id='word_1_284' title='bbox 2785 1858 2853 1895; x_wconf 91' lang='lat' dir='ltr'><strong>an</strong></span> <span class='ocrx_word' id='word_1_285' title='bbox 2888 1840 3026 1910; x_wconf 81' lang='lat' dir='ltr'><strong>ejus,</strong></span> <span class='ocrx_word' id='word_1_286' title='bbox 3061 1839 3151 1909; x_wconf 89' lang='lat' dir='ltr'><strong>qui</strong></span> <span class='ocrx_word' id='word_1_287' title='bbox 3188 1854 3306 1891; x_wconf 90' lang='lat' dir='ltr'><strong>eam</strong></span> <span class='ocrx_word' id='word_1_288' title='bbox 3335 1837 3524 1891; x_wconf 87' lang='lat' dir='ltr'><strong>Basilii</strong></span> 
     </span>
    </p>
   </div>
   <div class='ocr_carea' id='block_1_33' title="bbox 253 1934 1837 2006">
    <p class='ocr_par' dir='ltr' id='par_1_33' title="bbox 253 1934 1837 2006">
     <span class='ocr_line' id='line_1_33' title="bbox 253 1934 1837 2006; baseline -0.001 -14"><span class='ocrx_word' id='word_1_289' title='bbox 253 1936 455 1992; x_wconf 82' lang='lat' dir='ltr'><strong>Eadem</strong></span> <span class='ocrx_word' id='word_1_290' title='bbox 494 1935 706 1990; x_wconf 90' lang='lat' dir='ltr'><strong>videtur</strong></span> <span class='ocrx_word' id='word_1_291' title='bbox 745 1936 945 1999; x_wconf 89' lang='lat' dir='ltr'><strong>dicere,</strong></span> <span class='ocrx_word' id='word_1_292' title='bbox 981 1951 1101 2006; x_wconf 75' lang='lat' dir='ltr'><strong>qua:</strong></span> <span class='ocrx_word' id='word_1_293' title='bbox 1152 1944 1373 1990; x_wconf 90' lang='lat' dir='ltr'><strong>sanctus</strong></span> <span class='ocrx_word' id='word_1_294' title='bbox 1424 1934 1561 2003; x_wconf 72' lang='lat' dir='ltr'><strong>Job;</strong></span> <span class='ocrx_word' id='word_1_295' title='bbox 1612 1940 1705 1993; x_wconf 87' lang='lat' dir='ltr'><strong>sed</strong></span> <span class='ocrx_word' id='word_1_296' title='bbox 1754 1939 1837 1991; x_wconf 91' lang='lat' dir='ltr'><strong>di-</strong></span> 
     </span>
    </p>
   </div>
   <div class='ocr_carea' id='block_1_34' title="bbox 254 2025 1836 2097">
    <p class='ocr_par' dir='ltr' id='par_1_34' title="bbox 254 2025 1836 2097">
     <span class='ocr_line' id='line_1_34' title="bbox 254 2025 1836 2097; baseline 0.003 -18"><span class='ocrx_word' id='word_1_297' title='bbox 254 2041 410 2081; x_wconf 82' lang='lat' dir='ltr'><strong>versa</strong></span> <span class='ocrx_word' id='word_1_298' title='bbox 446 2034 592 2080; x_wconf 92' lang='lat' dir='ltr'><strong>sunt.</strong></span> <span class='ocrx_word' id='word_1_299' title='bbox 627 2025 761 2080; x_wconf 89' lang='lat' dir='ltr'><strong>Nam</strong></span> <span class='ocrx_word' id='word_1_300' title='bbox 794 2036 849 2081; x_wconf 87' lang='lat' dir='ltr'><strong>et</strong></span> <span class='ocrx_word' id='word_1_301' title='bbox 878 2025 967 2083; x_wconf 92' lang='lat' dir='ltr'><strong>ille</strong></span> <span class='ocrx_word' id='word_1_302' title='bbox 1028 2027 1106 2081; x_wconf 88' lang='lat' dir='ltr'><strong>ait</strong></span> <span class='ocrx_word' id='word_1_303' title='bbox 1138 2045 1151 2082; x_wconf 93' lang='lat'>:</span> <span class='ocrx_word' id='word_1_304' title='bbox 1196 2025 1418 2097; x_wconf 77' lang='lat' dir='ltr'><strong>Sagitta:</strong></span> <span class='ocrx_word' id='word_1_305' title='bbox 1446 2029 1583 2081; x_wconf 87' lang='lat' dir='ltr'><strong>enim</strong></span> <span class='ocrx_word' id='word_1_306' title='bbox 1618 2028 1836 2084; x_wconf 86' lang='lat' dir='ltr'><strong>Domini</strong></span> 
     </span>
    </p>
   </div>
   <div class='ocr_carea' id='block_1_35' title="bbox 252 2118 1838 2191">
    <p class='ocr_par' dir='ltr' id='par_1_35' title="bbox 252 2118 1838 2191">
     <span class='ocr_line' id='line_1_35' title="bbox 252 2118 1838 2191; baseline 0.001 -19"><span class='ocrx_word' id='word_1_307' title='bbox 252 2119 311 2172; x_wconf 83' lang='lat' dir='ltr'><strong>in</strong></span> <span class='ocrx_word' id='word_1_308' title='bbox 346 2134 564 2188; x_wconf 85' lang='lat' dir='ltr'><strong>corpore</strong></span> <span class='ocrx_word' id='word_1_309' title='bbox 587 2135 699 2173; x_wconf 89' lang='lat' dir='ltr'><strong>meo</strong></span> <span class='ocrx_word' id='word_1_310' title='bbox 737 2128 879 2186; x_wconf 83' lang='lat' dir='ltr'><strong>sunt,</strong></span> <span class='ocrx_word' id='word_1_311' title='bbox 934 2136 1159 2191; x_wconf 86' lang='lat' dir='ltr'><strong>quarum</strong></span> <span class='ocrx_word' id='word_1_312' title='bbox 1190 2120 1341 2189; x_wconf 76' lang='lat' dir='ltr'><strong>{uror</strong></span> <span class='ocrx_word' id='word_1_313' title='bbox 1362 2118 1488 2173; x_wconf 86' lang='lat' dir='ltr'><strong>bibit</strong></span> <span class='ocrx_word' id='word_1_314' title='bbox 1527 2122 1838 2191; x_wconf 83' lang='lat' dir='ltr'><strong>sanguinem</strong></span> 
     </span>
    </p>
   </div>
   <div class='ocr_carea' id='block_1_36' title="bbox 256 2210 1835 2282">
    <p class='ocr_par' dir='ltr' id='par_1_36' title="bbox 256 2210 1835 2282">
     <span class='ocr_line' id='line_1_36' title="bbox 256 2210 1835 2282; baseline -0.001 -17"><span class='ocrx_word' id='word_1_315' title='bbox 256 2230 429 2267; x_wconf 85' lang='lat' dir='ltr'><strong>meum</strong></span> <span class='ocrx_word' id='word_1_316' title='bbox 452 2213 493 2267; x_wconf 86' lang='lat'><strong>’.</strong></span> <span class='ocrx_word' id='word_1_317' title='bbox 534 2252 548 2265; x_wconf 96' lang='lat'><strong>.</strong></span> <span class='ocrx_word' id='word_1_318' title='bbox 578 2254 593 2267; x_wconf 95' lang='lat'><strong>.</strong></span> <span class='ocrx_word' id='word_1_319' title='bbox 629 2250 643 2267; x_wconf 92' lang='lat'><strong>.</strong></span> <span class='ocrx_word' id='word_1_320' title='bbox 682 2210 775 2268; x_wconf 85' lang='lat' dir='ltr'><strong>Ille</strong></span> <span class='ocrx_word' id='word_1_321' title='bbox 818 2212 884 2266; x_wconf 92' lang='lat' dir='ltr'><strong>de</strong></span> <span class='ocrx_word' id='word_1_322' title='bbox 924 2212 1144 2265; x_wconf 80' lang='lat' dir='ltr'><strong>vulnere</strong></span> <span class='ocrx_word' id='word_1_323' title='bbox 1187 2212 1269 2266; x_wconf 93' lang='lat' dir='ltr'><strong>sui</strong></span> <span class='ocrx_word' id='word_1_324' title='bbox 1298 2214 1543 2282; x_wconf 89' lang='lat' dir='ltr'><strong>corporis</strong></span> <span class='ocrx_word' id='word_1_325' title='bbox 1570 2214 1835 2281; x_wconf 86' lang='lat' dir='ltr'><strong>queritur,</strong></span> 
     </span>
    </p>
   </div>
   <div class='ocr_carea' id='block_1_37' title="bbox 254 2302 1838 2375">
    <p class='ocr_par' dir='ltr' id='par_1_37' title="bbox 254 2302 1838 2375">
     <span class='ocr_line' id='line_1_37' title="bbox 254 2302 1838 2375; baseline 0.001 -18"><span class='ocrx_word' id='word_1_326' title='bbox 254 2305 346 2359; x_wconf 87' lang='lat' dir='ltr'><strong>hic</strong></span> <span class='ocrx_word' id='word_1_327' title='bbox 386 2306 633 2375; x_wconf 88' lang='lat' dir='ltr'><strong>deplorat</strong></span> <span class='ocrx_word' id='word_1_328' title='bbox 655 2305 850 2359; x_wconf 65' lang='lat' dir='ltr'><strong>animm</strong></span> <span class='ocrx_word' id='word_1_329' title='bbox 885 2317 995 2357; x_wconf 67' lang='lat' dir='ltr'><strong>sua:</strong></span> <span class='ocrx_word' id='word_1_330' title='bbox 1024 2304 1274 2369; x_wconf 88' lang='lat' dir='ltr'><strong>vulnera.</strong></span> <span class='ocrx_word' id='word_1_331' title='bbox 1304 2341 1319 2356; x_wconf 92' lang='lat'><strong>.</strong></span> <span class='ocrx_word' id='word_1_332' title='bbox 1351 2343 1364 2355; x_wconf 93' lang='lat'><strong>.</strong></span> <span class='ocrx_word' id='word_1_333' title='bbox 1395 2341 1410 2357; x_wconf 93' lang='lat'><strong>.</strong></span> <span class='ocrx_word' id='word_1_334' title='bbox 1464 2302 1559 2357; x_wconf 89' lang='lat' dir='ltr'><strong>llle</strong></span> <span class='ocrx_word' id='word_1_335' title='bbox 1586 2304 1717 2359; x_wconf 90' lang='lat' dir='ltr'><strong>dicit</strong></span> <span class='ocrx_word' id='word_1_336' title='bbox 1753 2320 1838 2359; x_wconf 87' lang='lat' dir='ltr'><strong>sa-</strong></span> 
     </span>
    </p>
   </div>
   <div class='ocr_carea' id='block_1_38' title="bbox 254 2395 1840 2467">
    <p class='ocr_par' dir='ltr' id='par_1_38' title="bbox 254 2395 1840 2467">
     <span class='ocr_line' id='line_1_38' title="bbox 254 2395 1840 2467; baseline 0.001 -19"><span class='ocrx_word' id='word_1_337' title='bbox 254 2397 417 2465; x_wconf 86' lang='lat' dir='ltr'><strong>gittas</strong></span> <span class='ocrx_word' id='word_1_338' title='bbox 477 2396 691 2451; x_wconf 90' lang='lat' dir='ltr'><strong>Domini</strong></span> <span class='ocrx_word' id='word_1_339' title='bbox 739 2396 790 2449; x_wconf 91' lang='lat' dir='ltr'><strong>in</strong></span> <span class='ocrx_word' id='word_1_340' title='bbox 838 2409 935 2449; x_wconf 87' lang='lat' dir='ltr'><strong>suo</strong></span> <span class='ocrx_word' id='word_1_341' title='bbox 974 2409 1095 2451; x_wconf 92' lang='lat' dir='ltr'><strong>esse</strong></span> <span class='ocrx_word' id='word_1_342' title='bbox 1144 2410 1393 2466; x_wconf 91' lang='lat' dir='ltr'><strong>corpore,</strong></span> <span class='ocrx_word' id='word_1_343' title='bbox 1450 2395 1555 2451; x_wconf 91' lang='lat' dir='ltr'><strong>iste</strong></span> <span class='ocrx_word' id='word_1_344' title='bbox 1599 2396 1840 2467; x_wconf 85' lang='lat' dir='ltr'><strong>deplorat</strong></span> 
     </span>
    </p>
   </div>
   <div class='ocr_carea' id='block_1_39' title="bbox 255 2484 1841 2555">
    <p class='ocr_par' dir='ltr' id='par_1_39' title="bbox 255 2484 1841 2555">
     <span class='ocr_line' id='line_1_39' title="bbox 255 2484 1841 2555; baseline 0.001 -17"><span class='ocrx_word' id='word_1_345' title='bbox 255 2486 475 2539; x_wconf 77' lang='lat' dir='ltr'><strong>inﬁxas.</strong></span> <span class='ocrx_word' id='word_1_346' title='bbox 512 2504 532 2537; x_wconf 76' lang='grc' dir='ltr'><strong>ι</strong></span> <span class='ocrx_word' id='word_1_347' title='bbox 569 2485 657 2539; x_wconf 90' lang='lat' dir='ltr'><strong>llla</strong></span> <span class='ocrx_word' id='word_1_348' title='bbox 690 2499 819 2539; x_wconf 89' lang='lat' dir='ltr'><strong>vero</strong></span> <span class='ocrx_word' id='word_1_349' title='bbox 849 2484 1098 2555; x_wconf 88' lang='lat' dir='ltr'><strong>leguntur</strong></span> <span class='ocrx_word' id='word_1_350' title='bbox 1144 2486 1284 2555; x_wconf 87' lang='lat' dir='ltr'><strong>apud</strong></span> <span class='ocrx_word' id='word_1_351' title='bbox 1316 2484 1574 2539; x_wconf 89' lang='lat' dir='ltr'><strong>Basilium</strong></span> <span class='ocrx_word' id='word_1_352' title='bbox 1606 2486 1660 2540; x_wconf 91' lang='lat' dir='ltr'><strong>in</strong></span> <span class='ocrx_word' id='word_1_353' title='bbox 1695 2502 1841 2541; x_wconf 83' lang='lat' dir='ltr'><strong>eum-</strong></span> 
     </span>
    </p>
   </div>
   <div class='ocr_carea' id='block_1_40' title="bbox 253 2573 1840 2644">
    <p class='ocr_par' dir='ltr' id='par_1_40' title="bbox 253 2573 1840 2644">
     <span class='ocr_line' id='line_1_40' title="bbox 253 2573 1840 2644; baseline -0.001 -15"><span class='ocrx_word' id='word_1_354' title='bbox 253 2576 373 2629; x_wconf 83' lang='lat' dir='ltr'><strong>dem</strong></span> <span class='ocrx_word' id='word_1_355' title='bbox 404 2573 669 2644; x_wconf 88' lang='lat' dir='ltr'><strong>psalmum</strong></span> <span class='ocrx_word' id='word_1_356' title='bbox 702 2593 715 2628; x_wconf 86' lang='lat'><strong>:</strong></span> <span class='ocrx_word' id='word_1_357' title='bbox 753 2574 940 2642; x_wconf 84' lang='grc' dir='ltr'><strong>Λὲγων</strong></span> <span class='ocrx_word' id='word_1_358' title='bbox 961 2574 1037 2627; x_wconf 86' lang='grc' dir='ltr'><strong>δέ·</strong></span> <span class='ocrx_word' id='word_1_359' title='bbox 1075 2576 1269 2643; x_wconf 82' lang='grc' dir='ltr'>Κύριε,</span> <span class='ocrx_word' id='word_1_360' title='bbox 1296 2574 1380 2642; x_wconf 80' lang='grc' dir='ltr'>μὴ</span> <span class='ocrx_word' id='word_1_361' title='bbox 1413 2573 1493 2638; x_wconf 82' lang='grc' dir='ltr'>τῷ</span> <span class='ocrx_word' id='word_1_362' title='bbox 1530 2573 1692 2643; x_wconf 82' lang='grc' dir='ltr'>θυμῷ</span> <span class='ocrx_word' id='word_1_363' title='bbox 1724 2592 1840 2629; x_wconf 86' lang='grc' dir='ltr'><strong>σου</strong></span> 
     </span>
    </p>
   </div>
   <div class='ocr_carea' id='block_1_41' title="bbox 252 2664 1842 2734">
    <p class='ocr_par' dir='ltr' id='par_1_41' title="bbox 252 2664 1842 2734">
     <span class='ocr_line' id='line_1_41' title="bbox 252 2664 1842 2734; baseline -0.001 -17"><span class='ocrx_word' id='word_1_364' title='bbox 252 2665 511 2733; x_wconf 71' lang='grc' dir='ltr'><strong>ἐλέγξῃς</strong></span> <span class='ocrx_word' id='word_1_365' title='bbox 528 2681 624 2734; x_wconf 82' lang='grc' dir='ltr'>με,</span> <span class='ocrx_word' id='word_1_366' title='bbox 658 2665 717 2717; x_wconf 88' lang='grc' dir='ltr'>οὺ</span> <span class='ocrx_word' id='word_1_367' title='bbox 760 2664 851 2717; x_wconf 80' lang='grc' dir='ltr'><strong>τὸν</strong></span> <span class='ocrx_word' id='word_1_368' title='bbox 900 2664 1121 2734; x_wconf 78' lang='grc' dir='ltr'>ἔλεγχον</span> <span class='ocrx_word' id='word_1_369' title='bbox 1166 2666 1534 2733; x_wconf 86' lang='grc' dir='ltr'>παραιτεῖται,</span> <span class='ocrx_word' id='word_1_370' title='bbox 1580 2664 1715 2717; x_wconf 78' lang='grc' dir='ltr'>ἀλλὰ</span> <span class='ocrx_word' id='word_1_371' title='bbox 1752 2666 1842 2717; x_wconf 73' lang='grc' dir='ltr'><strong>τὸν</strong></span> 
     </span>
    </p>
   </div>
   <div class='ocr_carea' id='block_1_42' title="bbox 259 2754 1843 2827">
    <p class='ocr_par' dir='ltr' id='par_1_42' title="bbox 259 2754 1843 2827">
     <span class='ocr_line' id='line_1_42' title="bbox 259 2754 1843 2827; baseline 0.001 -18"><span class='ocrx_word' id='word_1_372' title='bbox 259 2758 394 2827; x_wconf 74' lang='grc' dir='ltr'>μετὰ</span> <span class='ocrx_word' id='word_1_373' title='bbox 424 2755 619 2827; x_wconf 78' lang='grc' dir='ltr'>θυμοῦ.</span> <span class='ocrx_word' id='word_1_374' title='bbox 646 2756 753 2810; x_wconf 70' lang='grc' dir='ltr'><strong>Καὶ</strong></span> <span class='ocrx_word' id='word_1_375' title='bbox 775 2758 835 2809; x_wconf 87' lang='grc' dir='ltr'>τό</span> <span class='ocrx_word' id='word_1_376' title='bbox 858 2768 873 2783; x_wconf 82' lang='grc'><strong>’</strong></span> <span class='ocrx_word' id='word_1_377' title='bbox 894 2757 1060 2824; x_wconf 82' lang='grc' dir='ltr'><strong>Μηδὲ</strong></span> <span class='ocrx_word' id='word_1_378' title='bbox 1087 2755 1160 2824; x_wconf 76' lang='grc' dir='ltr'>τῇ</span> <span class='ocrx_word' id='word_1_379' title='bbox 1188 2754 1335 2825; x_wconf 76' lang='grc' dir='ltr'><strong>ὀργῇ</strong></span> <span class='ocrx_word' id='word_1_380' title='bbox 1364 2771 1480 2809; x_wconf 89' lang='grc' dir='ltr'><strong>σου</strong></span> <span class='ocrx_word' id='word_1_381' title='bbox 1511 2754 1843 2823; x_wconf 81' lang='grc' dir='ltr'><strong>παιδεύσῃς</strong></span> 
     </span>
    </p>
   </div>
   <div class='ocr_carea' id='block_1_43' title="bbox 251 2848 1844 2919">
    <p class='ocr_par' dir='ltr' id='par_1_43' title="bbox 251 2848 1844 2919">
     <span class='ocr_line' id='line_1_43' title="bbox 251 2848 1844 2919; baseline -0.001 -18"><span class='ocrx_word' id='word_1_382' title='bbox 251 2866 346 2917; x_wconf 75' lang='grc' dir='ltr'>με,</span> <span class='ocrx_word' id='word_1_383' title='bbox 373 2850 433 2901; x_wconf 71' lang='grc' dir='ltr'>οὖ</span> <span class='ocrx_word' id='word_1_384' title='bbox 462 2850 653 2919; x_wconf 75' lang='grc' dir='ltr'>φεύγει</span> <span class='ocrx_word' id='word_1_385' title='bbox 681 2851 741 2903; x_wconf 79' lang='grc' dir='ltr'><strong>τὸ</strong></span> <span class='ocrx_word' id='word_1_386' title='bbox 767 2849 1147 2919; x_wconf 74' lang='grc' dir='ltr'><strong>παιδευθῆναι,</strong></span> <span class='ocrx_word' id='word_1_387' title='bbox 1165 2848 1288 2919; x_wconf 83' lang='grc' dir='ltr'>δίχα</span> <span class='ocrx_word' id='word_1_388' title='bbox 1314 2848 1371 2901; x_wconf 84' lang='grc' dir='ltr'><strong>δὲ</strong></span> <span class='ocrx_word' id='word_1_389' title='bbox 1408 2848 1578 2919; x_wconf 81' lang='grc' dir='ltr'><strong>ὀργῆς</strong></span> <span class='ocrx_word' id='word_1_390' title='bbox 1602 2848 1699 2919; x_wconf 83' lang='grc' dir='ltr'><strong>τῆς</strong></span> <span class='ocrx_word' id='word_1_391' title='bbox 1725 2866 1844 2901; x_wconf 86' lang='grc' dir='ltr'>παι-</span> 
     </span>
    </p>
   </div>
   <div class='ocr_carea' id='block_1_44' title="bbox 256 2940 1838 3013">
    <p class='ocr_par' dir='ltr' id='par_1_44' title="bbox 256 2940 1838 3013">
     <span class='ocr_line' id='line_1_44' title="bbox 256 2940 1838 3013; baseline 0.001 -21"><span class='ocrx_word' id='word_1_392' title='bbox 256 2940 415 3002; x_wconf 73' lang='grc' dir='ltr'>δείας·</span> <span class='ocrx_word' id='word_1_393' title='bbox 436 2945 619 3010; x_wconf 82' lang='grc' dir='ltr'>τυχεῖν</span> <span class='ocrx_word' id='word_1_394' title='bbox 652 2941 810 3004; x_wconf 78' lang='grc' dir='ltr'>ἀξιοῖ,</span> <span class='ocrx_word' id='word_1_395' title='bbox 851 2941 926 3005; x_wconf 76' lang='grc' dir='ltr'>ὡς</span> <span class='ocrx_word' id='word_1_396' title='bbox 965 2944 1012 2994; x_wconf 87' lang='grc' dir='ltr'><strong>εί</strong></span> <span class='ocrx_word' id='word_1_397' title='bbox 1038 2942 1130 2995; x_wconf 74' lang='grc' dir='ltr'><strong>καὶ</strong></span> <span class='ocrx_word' id='word_1_398' title='bbox 1170 2940 1337 3013; x_wconf 81' lang='grc' dir='ltr'>ίατρῷ</span> <span class='ocrx_word' id='word_1_399' title='bbox 1372 2959 1457 3004; x_wconf 84' lang='grc' dir='ltr'>τις</span> <span class='ocrx_word' id='word_1_400' title='bbox 1487 2979 1501 2993; x_wconf 93' lang='grc'><strong>.</strong></span> <span class='ocrx_word' id='word_1_401' title='bbox 1535 2979 1550 2995; x_wconf 92' lang='grc'><strong>.</strong></span> <span class='ocrx_word' id='word_1_402' title='bbox 1582 2982 1597 2997; x_wconf 91' lang='grc'><strong>.</strong></span> <span class='ocrx_word' id='word_1_403' title='bbox 1626 2980 1640 2995; x_wconf 94' lang='grc'>.</span> <span class='ocrx_word' id='word_1_404' title='bbox 1672 2942 1838 3010; x_wconf 76' lang='grc' dir='ltr'>λέγοι·</span> 
     </span>
    </p>
   </div>
   <div class='ocr_carea' id='block_1_45' title="bbox 253 3030 1843 3102">
    <p class='ocr_par' dir='ltr' id='par_1_45' title="bbox 253 3030 1843 3102">
     <span class='ocr_line' id='line_1_45' title="bbox 253 3030 1843 3102; baseline -0.002 -17"><span class='ocrx_word' id='word_1_405' title='bbox 253 3030 348 3102; x_wconf 71' lang='grc' dir='ltr'><strong>Μὴ</strong></span> <span class='ocrx_word' id='word_1_406' title='bbox 373 3030 459 3083; x_wconf 74' lang='grc' dir='ltr'><strong>διὰ</strong></span> <span class='ocrx_word' id='word_1_407' title='bbox 490 3030 660 3101; x_wconf 78' lang='grc' dir='ltr'>πυρός</span> <span class='ocrx_word' id='word_1_408' title='bbox 690 3048 757 3102; x_wconf 82' lang='grc' dir='ltr'><strong>με</strong></span> <span class='ocrx_word' id='word_1_409' title='bbox 790 3030 1154 3102; x_wconf 79' lang='grc' dir='ltr'>θεραπεύσῃς,</span> <span class='ocrx_word' id='word_1_410' title='bbox 1207 3030 1341 3101; x_wconf 83' lang='grc' dir='ltr'>μηδὲ</span> <span class='ocrx_word' id='word_1_411' title='bbox 1380 3030 1467 3083; x_wconf 81' lang='grc' dir='ltr'><strong>διὰ</strong></span> <span class='ocrx_word' id='word_1_412' title='bbox 1499 3030 1715 3101; x_wconf 81' lang='grc' dir='ltr'>σιδήρου</span> <span class='ocrx_word' id='word_1_413' title='bbox 1747 3030 1843 3083; x_wconf 72' lang='grc' dir='ltr'>καὶ</span> 
     </span>
    </p>
   </div>
   <div class='ocr_carea' id='block_1_46' title="bbox 253 3119 1839 3194">
    <p class='ocr_par' dir='ltr' id='par_1_46' title="bbox 253 3119 1839 3194">
     <span class='ocr_line' id='line_1_46' title="bbox 253 3119 1839 3194; baseline -0.001 -18"><span class='ocrx_word' id='word_1_414' title='bbox 253 3122 462 3193; x_wconf 71' lang='grc' dir='ltr'>τομῶν,</span> <span class='ocrx_word' id='word_1_415' title='bbox 493 3121 582 3175; x_wconf 79' lang='grc' dir='ltr'><strong>διὰ</strong></span> <span class='ocrx_word' id='word_1_416' title='bbox 614 3122 669 3175; x_wconf 81' lang='grc' dir='ltr'><strong>δὲ</strong></span> <span class='ocrx_word' id='word_1_417' title='bbox 695 3122 872 3193; x_wconf 68' lang='grc' dir='ltr'>ἠπίων</span> <span class='ocrx_word' id='word_1_418' title='bbox 895 3123 987 3175; x_wconf 77' lang='grc' dir='ltr'>καὶ</span> <span class='ocrx_word' id='word_1_419' title='bbox 1008 3120 1324 3194; x_wconf 85' lang='grc' dir='ltr'>πραοτέρων</span> <span class='ocrx_word' id='word_1_420' title='bbox 1358 3119 1687 3191; x_wconf 81' lang='grc' dir='ltr'>φαρμάκων.</span> <span class='ocrx_word' id='word_1_421' title='bbox 1724 3158 1739 3173; x_wconf 93' lang='grc'><strong>.</strong></span> <span class='ocrx_word' id='word_1_422' title='bbox 1775 3162 1790 3176; x_wconf 93' lang='grc'><strong>.</strong></span> <span class='ocrx_word' id='word_1_423' title='bbox 1825 3159 1839 3174; x_wconf 93' lang='grc'><strong>.</strong></span> 
     </span>
    </p>
   </div>
   <div class='ocr_carea' id='block_1_47' title="bbox 254 3212 1622 3285">
    <p class='ocr_par' dir='ltr' id='par_1_47' title="bbox 254 3212 1622 3285">
     <span class='ocr_line' id='line_1_47' title="bbox 254 3212 1622 3285; baseline 0.001 -18"><span class='ocrx_word' id='word_1_424' title='bbox 254 3215 467 3279; x_wconf 72' lang='grc' dir='ltr'>Παντὸς</span> <span class='ocrx_word' id='word_1_425' title='bbox 512 3214 621 3285; x_wconf 81' lang='grc' dir='ltr'><strong>γὰρ</strong></span> <span class='ocrx_word' id='word_1_426' title='bbox 664 3214 869 3277; x_wconf 82' lang='grc' dir='ltr'>πάθους</span> <span class='ocrx_word' id='word_1_427' title='bbox 895 3213 1173 3285; x_wconf 82' lang='grc' dir='ltr'>ἀλλότριον</span> <span class='ocrx_word' id='word_1_428' title='bbox 1204 3212 1266 3266; x_wconf 86' lang='grc' dir='ltr'><strong>τὸ</strong></span> <span class='ocrx_word' id='word_1_429' title='bbox 1296 3212 1437 3267; x_wconf 85' lang='grc' dir='ltr'>θεῖον</span> <span class='ocrx_word' id='word_1_430' title='bbox 1469 3252 1481 3266; x_wconf 93' lang='grc'><strong>.</strong></span> <span class='ocrx_word' id='word_1_431' title='bbox 1513 3252 1526 3265; x_wconf 95' lang='grc'><strong>.</strong></span> <span class='ocrx_word' id='word_1_432' title='bbox 1558 3251 1572 3265; x_wconf 92' lang='grc'><strong>.</strong></span> <span class='ocrx_word' id='word_1_433' title='bbox 1606 3252 1622 3268; x_wconf 93' lang='grc'><strong>.</strong></span> 
     </span>
    </p>
   </div>
   <div class='ocr_carea' id='block_1_48' title="bbox 254 3304 1842 3377">
    <p class='ocr_par' dir='ltr' id='par_1_48' title="bbox 254 3304 1842 3377">
     <span class='ocr_line' id='line_1_48' title="bbox 254 3304 1842 3377; baseline -0.001 -19"><span class='ocrx_word' id='word_1_434' title='bbox 254 3322 339 3367; x_wconf 83' lang='grc' dir='ltr'>τις</span> <span class='ocrx_word' id='word_1_435' title='bbox 371 3308 465 3358; x_wconf 70' lang='grc' dir='ltr'>καὶ</span> <span class='ocrx_word' id='word_1_436' title='bbox 486 3308 586 3368; x_wconf 75' lang='grc' dir='ltr'>τὰς</span> <span class='ocrx_word' id='word_1_437' title='bbox 614 3309 677 3360; x_wconf 84' lang='grc' dir='ltr'><strong>ὲκ</strong></span> <span class='ocrx_word' id='word_1_438' title='bbox 707 3306 801 3360; x_wconf 77' lang='grc' dir='ltr'>τοῦ</span> <span class='ocrx_word' id='word_1_439' title='bbox 828 3306 1099 3377; x_wconf 71' lang='grc' dir='ltr'>νόμου.τῷ</span> <span class='ocrx_word' id='word_1_440' title='bbox 1122 3306 1432 3377; x_wconf 78' lang='grc' dir='ltr'>ἀνδροφόνῳ</span> <span class='ocrx_word' id='word_1_441' title='bbox 1455 3304 1842 3376; x_wconf 78' lang='grc' dir='ltr'>ἐπηρτημένας</span> 
     </span>
    </p>
   </div>
   <div class='ocr_carea' id='block_1_49' title="bbox 254 3396 1843 3470">
    <p class='ocr_par' dir='ltr' id='par_1_49' title="bbox 254 3396 1843 3470">
     <span class='ocr_line' id='line_1_49' title="bbox 254 3396 1843 3470; baseline -0.001 -19"><span class='ocrx_word' id='word_1_442' title='bbox 254 3397 508 3460; x_wconf 71' lang='grc' dir='ltr'><strong>κολάσεις</strong></span> <span class='ocrx_word' id='word_1_443' title='bbox 540 3398 706 3469; x_wconf 81' lang='grc' dir='ltr'>ὀργὴν</span> <span class='ocrx_word' id='word_1_444' title='bbox 728 3400 821 3452; x_wconf 75' lang='grc' dir='ltr'><strong>καὶ</strong></span> <span class='ocrx_word' id='word_1_445' title='bbox 860 3400 1031 3469; x_wconf 74' lang='grc' dir='ltr'>θυμὸν</span> <span class='ocrx_word' id='word_1_446' title='bbox 1072 3398 1351 3470; x_wconf 75' lang='grc' dir='ltr'>ὀνομάζοι,</span> <span class='ocrx_word' id='word_1_447' title='bbox 1378 3400 1477 3450; x_wconf 83' lang='grc' dir='ltr'><strong>οὐκ</strong></span> <span class='ocrx_word' id='word_1_448' title='bbox 1509 3397 1722 3467; x_wconf 75' lang='grc' dir='ltr'>ἀληθῶς</span> <span class='ocrx_word' id='word_1_449' title='bbox 1749 3396 1843 3449; x_wconf 82' lang='grc' dir='ltr'>τοῦ</span> 
     </span>
    </p>
   </div>
   <div class='ocr_carea' id='block_1_50' title="bbox 253 3487 1845 3562">
    <p class='ocr_par' dir='ltr' id='par_1_50' title="bbox 253 3487 1845 3562">
     <span class='ocr_line' id='line_1_50' title="bbox 253 3487 1845 3562; baseline -0.003 -18"><span class='ocrx_word' id='word_1_450' title='bbox 253 3491 423 3561; x_wconf 84' lang='grc' dir='ltr'>νόμου</span> <span class='ocrx_word' id='word_1_451' title='bbox 454 3489 793 3561; x_wconf 78' lang='grc' dir='ltr'>θυμουμένου</span> <span class='ocrx_word' id='word_1_452' title='bbox 833 3492 926 3544; x_wconf 74' lang='grc' dir='ltr'>καὶ</span> <span class='ocrx_word' id='word_1_453' title='bbox 950 3490 1325 3562; x_wconf 77' lang='grc' dir='ltr'>ὀργιζομένου.</span> <span class='ocrx_word' id='word_1_454' title='bbox 1386 3488 1481 3543; x_wconf 80' lang='grc' dir='ltr'>τοῦ</span> <span class='ocrx_word' id='word_1_455' title='bbox 1522 3490 1580 3543; x_wconf 80' lang='grc' dir='ltr'><strong>δὲ</strong></span> <span class='ocrx_word' id='word_1_456' title='bbox 1619 3487 1845 3551; x_wconf 77' lang='grc' dir='ltr'>κολαζοο</span> 
     </span>
    </p>
   </div>
   <div class='ocr_carea' id='block_1_51' title="bbox 258 3580 1840 3654">
    <p class='ocr_par' dir='ltr' id='par_1_51' title="bbox 258 3580 1840 3654">
     <span class='ocr_line' id='line_1_51' title="bbox 258 3580 1840 3654; baseline -0.003 -18"><span class='ocrx_word' id='word_1_457' title='bbox 258 3583 425 3654; x_wconf 78' lang='grc' dir='ltr'>μένου</span> <span class='ocrx_word' id='word_1_458' title='bbox 453 3583 621 3653; x_wconf 80' lang='grc' dir='ltr'>ὀργὴν</span> <span class='ocrx_word' id='word_1_459' title='bbox 637 3581 731 3635; x_wconf 76' lang='grc' dir='ltr'>τοῦ</span> <span class='ocrx_word' id='word_1_460' title='bbox 754 3583 920 3654; x_wconf 80' lang='grc' dir='ltr'>νόμου</span> <span class='ocrx_word' id='word_1_461' title='bbox 948 3581 1044 3653; x_wconf 79' lang='grc' dir='ltr'><strong>τὴν</strong></span> <span class='ocrx_word' id='word_1_462' title='bbox 1065 3582 1333 3652; x_wconf 84' lang='grc' dir='ltr'>τιμωρίαν</span> <span class='ocrx_word' id='word_1_463' title='bbox 1358 3580 1737 3650; x_wconf 81' lang='grc' dir='ltr'>ὑπειληφότος.</span> <span class='ocrx_word' id='word_1_464' title='bbox 1760 3620 1774 3634; x_wconf 95' lang='grc'><strong><em>.</em></strong></span> <span class='ocrx_word' id='word_1_465' title='bbox 1797 3617 1809 3631; x_wconf 94' lang='grc'><strong>.</strong></span> <span class='ocrx_word' id='word_1_466' title='bbox 1826 3619 1840 3632; x_wconf 94' lang='grc'>.</span> 
     </span>
    </p>
   </div>
   <div class='ocr_carea' id='block_1_52' title="bbox 254 3672 1844 3747">
    <p class='ocr_par' dir='ltr' id='par_1_52' title="bbox 254 3672 1844 3747">
     <span class='ocr_line' id='line_1_52' title="bbox 254 3672 1844 3747; baseline -0.003 -17"><span class='ocrx_word' id='word_1_467' title='bbox 254 3674 415 3730; x_wconf 78' lang='grc' dir='ltr'><strong>Οὕτω</strong></span> <span class='ocrx_word' id='word_1_468' title='bbox 463 3674 593 3744; x_wconf 77' lang='grc' dir='ltr'>γοῦν</span> <span class='ocrx_word' id='word_1_469' title='bbox 624 3675 837 3747; x_wconf 76' lang='grc' dir='ltr'>εἴρηται</span> <span class='ocrx_word' id='word_1_470' title='bbox 867 3677 925 3728; x_wconf 80' lang='grc' dir='ltr'>ὲν</span> <span class='ocrx_word' id='word_1_471' title='bbox 955 3674 1031 3745; x_wconf 82' lang='grc' dir='ltr'>τῷ</span> <span class='ocrx_word' id='word_1_472' title='bbox 1058 3676 1183 3747; x_wconf 72' lang='grc' dir='ltr'>περὶ</span> <span class='ocrx_word' id='word_1_473' title='bbox 1213 3675 1310 3746; x_wconf 80' lang='grc' dir='ltr'><strong>τῆς</strong></span> <span class='ocrx_word' id='word_1_474' title='bbox 1347 3674 1692 3745; x_wconf 84' lang='grc' dir='ltr'>δεκαπλήγου</span> <span class='ocrx_word' id='word_1_475' title='bbox 1746 3672 1844 3743; x_wconf 83' lang='grc' dir='ltr'><strong>τῆς</strong></span> 
     </span>
    </p>
   </div>
   <div class='ocr_carea' id='block_1_53' title="bbox 255 3764 1842 3839">
    <p class='ocr_par' dir='ltr' id='par_1_53' title="bbox 255 3764 1842 3839">
     <span class='ocr_line' id='line_1_53' title="bbox 255 3764 1842 3839; baseline -0.003 -18"><span class='ocrx_word' id='word_1_476' title='bbox 255 3769 382 3821; x_wconf 77' lang='grc' dir='ltr'>κατ’</span> <span class='ocrx_word' id='word_1_477' title='bbox 411 3769 722 3836; x_wconf 75' lang='grc' dir='ltr'>Αἰγυπτίων</span> <span class='ocrx_word' id='word_1_478' title='bbox 746 3768 1079 3839; x_wconf 76' lang='grc' dir='ltr'><strong>ἐπαχθείσης</strong></span> <span class='ocrx_word' id='word_1_479' title='bbox 1100 3768 1241 3835; x_wconf 78' lang='grc' dir='ltr'><strong>λόγῳ</strong></span> <span class='ocrx_word' id='word_1_480' title='bbox 1262 3767 1340 3819; x_wconf 85' lang='grc' dir='ltr'><strong>τό·</strong></span> <span class='ocrx_word' id='word_1_481' title='bbox 1359 3765 1733 3819; x_wconf 61' lang='grc' dir='ltr'>Ἀπέστειλεν</span> <span class='ocrx_word' id='word_1_482' title='bbox 1751 3764 1842 3818; x_wconf 83' lang='grc' dir='ltr'><strong>ἐπ’</strong></span> 
     </span>
    </p>
   </div>
   <div class='ocr_carea' id='block_1_54' title="bbox 256 3850 1846 3927">
    <p class='ocr_par' dir='ltr' id='par_1_54' title="bbox 256 3850 1846 3927">
     <span class='ocr_line' id='line_1_54' title="bbox 256 3850 1846 3927; baseline -0.005 -17"><span class='ocrx_word' id='word_1_483' title='bbox 256 3857 483 3922; x_wconf 79' lang='grc' dir='ltr'>αὐτοὺς</span> <span class='ocrx_word' id='word_1_484' title='bbox 512 3859 699 3927; x_wconf 72' lang='grc' dir='ltr'>ὀργὴν</span> <span class='ocrx_word' id='word_1_485' title='bbox 728 3857 824 3909; x_wconf 76' lang='grc' dir='ltr'><strong>καὶ</strong></span> <span class='ocrx_word' id='word_1_486' title='bbox 855 3856 1062 3925; x_wconf 79' lang='grc' dir='ltr'>θυμὸν,</span> <span class='ocrx_word' id='word_1_487' title='bbox 1088 3852 1444 3921; x_wconf 76' lang='grc' dir='ltr'>ἀποστολὴν</span> <span class='ocrx_word' id='word_1_488' title='bbox 1471 3851 1545 3904; x_wconf 83' lang='grc' dir='ltr'><strong>δι’</strong></span> <span class='ocrx_word' id='word_1_489' title='bbox 1578 3850 1846 3921; x_wconf 70' lang='grc' dir='ltr'><strong>ἀγγέλων</strong></span> 
     </span>
    </p>
   </div>
   <div class='ocr_carea' id='block_1_55' title="bbox 257 3938 1848 4014">
    <p class='ocr_par' dir='ltr' id='par_1_55' title="bbox 257 3938 1848 4014">
     <span class='ocr_line' id='line_1_55' title="bbox 257 3938 1848 4014; baseline -0.005 -15"><span class='ocrx_word' id='word_1_490' title='bbox 257 3945 556 4014; x_wconf 72' lang='grc' dir='ltr'><strong>πονηρῶν.</strong></span> <span class='ocrx_word' id='word_1_491' title='bbox 576 3984 592 3998; x_wconf 92' lang='grc'><strong>.</strong></span> <span class='ocrx_word' id='word_1_492' title='bbox 615 3986 628 3999; x_wconf 94' lang='grc'><strong>.</strong></span> <span class='ocrx_word' id='word_1_493' title='bbox 652 3987 665 4000; x_wconf 92' lang='grc'>.</span> <span class='ocrx_word' id='word_1_494' title='bbox 686 3945 776 3997; x_wconf 79' lang='grc' dir='ltr'>Διὸ</span> <span class='ocrx_word' id='word_1_495' title='bbox 798 3944 971 4012; x_wconf 70' lang='grc' dir='ltr'>ἔλεγε,</span> <span class='ocrx_word' id='word_1_496' title='bbox 995 3943 1147 4011; x_wconf 71' lang='grc' dir='ltr'><strong>Βέλη</strong></span> <span class='ocrx_word' id='word_1_497' title='bbox 1166 3942 1275 4012; x_wconf 76' lang='grc' dir='ltr'><strong>γὰρ</strong></span> <span class='ocrx_word' id='word_1_498' title='bbox 1300 3941 1523 4009; x_wconf 81' lang='grc' dir='ltr'><strong>Κυρίου</strong></span> <span class='ocrx_word' id='word_1_499' title='bbox 1547 3941 1616 3994; x_wconf 80' lang='grc' dir='ltr'>ἐν</span> <span class='ocrx_word' id='word_1_500' title='bbox 1636 3938 1715 4005; x_wconf 85' lang='grc' dir='ltr'>τῷ</span> <span class='ocrx_word' id='word_1_501' title='bbox 1739 3938 1848 3993; x_wconf 86' lang='grc' dir='ltr'><strong>σώ-</strong></span> 
     </span>
    </p>
   </div>
   <div class='ocr_carea' id='block_1_56' title="bbox 251 4028 1845 4106">
    <p class='ocr_par' dir='ltr' id='par_1_56' title="bbox 251 4028 1845 4106">
     <span class='ocr_line' id='line_1_56' title="bbox 251 4028 1845 4106; baseline -0.006 -16"><span class='ocrx_word' id='word_1_502' title='bbox 251 4037 399 4106; x_wconf 66' lang='grc' dir='ltr'>ματί</span> <span class='ocrx_word' id='word_1_503' title='bbox 422 4053 540 4105; x_wconf 84' lang='grc' dir='ltr'>μου</span> <span class='ocrx_word' id='word_1_504' title='bbox 566 4036 757 4099; x_wconf 80' lang='grc' dir='ltr'><strong>ἐστὶν,</strong></span> <span class='ocrx_word' id='word_1_505' title='bbox 778 4028 865 4088; x_wconf 85' lang='grc' dir='ltr'><strong>ὧν</strong></span> <span class='ocrx_word' id='word_1_506' title='bbox 893 4038 924 4089; x_wconf 87' lang='grc' dir='ltr'><strong><em>ό</em></strong></span> <span class='ocrx_word' id='word_1_507' title='bbox 945 4035 1131 4104; x_wconf 80' lang='grc' dir='ltr'>θυμὸς</span> <span class='ocrx_word' id='word_1_508' title='bbox 1158 4032 1359 4086; x_wconf 81' lang='grc' dir='ltr'>αὐτῶν</span> <span class='ocrx_word' id='word_1_509' title='bbox 1381 4033 1610 4085; x_wconf 77' lang='grc' dir='ltr'><strong>ἐκπίνει</strong></span> <span class='ocrx_word' id='word_1_510' title='bbox 1631 4048 1750 4099; x_wconf 83' lang='grc' dir='ltr'>μου</span> <span class='ocrx_word' id='word_1_511' title='bbox 1779 4028 1845 4082; x_wconf 88' lang='grc' dir='ltr'>τὸ</span> 
     </span>
    </p>
   </div>
   <div class='ocr_carea' id='block_1_57' title="bbox 256 4117 1845 4197">
    <p class='ocr_par' dir='ltr' id='par_1_57' title="bbox 256 4117 1845 4197">
     <span class='ocr_line' id='line_1_57' title="bbox 256 4117 1845 4197; baseline -0.004 -19"><span class='ocrx_word' id='word_1_512' title='bbox 256 4121 423 4197; x_wconf 81' lang='grc' dir='ltr'>αἷμα.</span> <span class='ocrx_word' id='word_1_513' title='bbox 478 4128 537 4179; x_wconf 89' lang='lat' dir='ltr'><strong>&#39;U</strong></span> <span class='ocrx_word' id='word_1_514' title='bbox 568 4126 627 4180; x_wconf 84' lang='grc' dir='ltr'><strong>δὲ</strong></span> <span class='ocrx_word' id='word_1_515' title='bbox 661 4125 821 4179; x_wconf 72' lang='grc' dir='ltr'>Δασιδ</span> <span class='ocrx_word' id='word_1_516' title='bbox 850 4124 911 4179; x_wconf 80' lang='grc' dir='ltr'><strong>οὺ</strong></span> <span class='ocrx_word' id='word_1_517' title='bbox 963 4124 1023 4178; x_wconf 84' lang='grc' dir='ltr'>τὸ</span> <span class='ocrx_word' id='word_1_518' title='bbox 1069 4123 1228 4194; x_wconf 76' lang='grc' dir='ltr'>σῶμα</span> <span class='ocrx_word' id='word_1_519' title='bbox 1262 4122 1488 4192; x_wconf 74' lang='grc' dir='ltr'><strong>πληγεὶς</strong></span> <span class='ocrx_word' id='word_1_520' title='bbox 1529 4118 1729 4191; x_wconf 86' lang='grc' dir='ltr'>ὁμοίως</span> <span class='ocrx_word' id='word_1_521' title='bbox 1767 4117 1845 4189; x_wconf 84' lang='grc' dir='ltr'>τῷ</span> 
     </span>
    </p>
   </div>
   <div class='ocr_carea' id='block_1_58' title="bbox 272 4214 1845 4289">
    <p class='ocr_par' dir='ltr' id='par_1_58' title="bbox 272 4214 1845 4289">
     <span class='ocr_line' id='line_1_58' title="bbox 272 4214 1845 4289; baseline -0.003 -18"><span class='ocrx_word' id='word_1_522' title='bbox 272 4216 431 4284; x_wconf 78' lang='grc' dir='ltr'><strong>Ἰὼϐ,</strong></span> <span class='ocrx_word' id='word_1_523' title='bbox 481 4219 650 4289; x_wconf 79' lang='grc' dir='ltr'>αὐτὴν</span> <span class='ocrx_word' id='word_1_524' title='bbox 702 4219 759 4271; x_wconf 83' lang='grc' dir='ltr'><strong>δὲ</strong></span> <span class='ocrx_word' id='word_1_525' title='bbox 810 4220 908 4288; x_wconf 78' lang='grc' dir='ltr'><strong>τὴν</strong></span> <span class='ocrx_word' id='word_1_526' title='bbox 952 4216 1128 4287; x_wconf 76' lang='grc' dir='ltr'>ψυχὴν</span> <span class='ocrx_word' id='word_1_527' title='bbox 1165 4216 1385 4286; x_wconf 87' lang='grc' dir='ltr'>καιρίαν</span> <span class='ocrx_word' id='word_1_528' title='bbox 1438 4214 1707 4287; x_wconf 77' lang='grc' dir='ltr'>τρωθεὶς,</span> <span class='ocrx_word' id='word_1_529' title='bbox 1748 4214 1845 4282; x_wconf 78' lang='grc' dir='ltr'>οὐχ</span> 
     </span>
    </p>
   </div>
   <div class='ocr_carea' id='block_1_59' title="bbox 258 4306 1846 4380">
    <p class='ocr_par' dir='ltr' id='par_1_59' title="bbox 258 4306 1846 4380">
     <span class='ocr_line' id='line_1_59' title="bbox 258 4306 1846 4380; baseline -0.003 -17"><span class='ocrx_word' id='word_1_530' title='bbox 258 4310 462 4380; x_wconf 75' lang='grc' dir='ltr'>ὁμοίως</span> <span class='ocrx_word' id='word_1_531' title='bbox 482 4310 560 4380; x_wconf 80' lang='grc' dir='ltr'>τῷ</span> <span class='ocrx_word' id='word_1_532' title='bbox 575 4308 692 4362; x_wconf 83' lang='grc' dir='ltr'><strong>Ἰὼϐ</strong></span> <span class='ocrx_word' id='word_1_533' title='bbox 720 4309 942 4377; x_wconf 78' lang='grc' dir='ltr'>φάσκει,</span> <span class='ocrx_word' id='word_1_534' title='bbox 966 4308 1123 4375; x_wconf 71' lang='grc' dir='ltr'><strong>,βέλη</strong></span> <span class='ocrx_word' id='word_1_535' title='bbox 1149 4308 1259 4377; x_wconf 77' lang='grc' dir='ltr'><strong>γὰρ</strong></span> <span class='ocrx_word' id='word_1_536' title='bbox 1286 4308 1508 4376; x_wconf 81' lang='grc' dir='ltr'>Κυρίου</span> <span class='ocrx_word' id='word_1_537' title='bbox 1536 4308 1606 4360; x_wconf 83' lang='grc' dir='ltr'><strong>ἑν</strong></span> <span class='ocrx_word' id='word_1_538' title='bbox 1638 4306 1717 4372; x_wconf 85' lang='grc' dir='ltr'>τῷ</span> <span class='ocrx_word' id='word_1_539' title='bbox 1732 4308 1846 4360; x_wconf 86' lang='grc' dir='ltr'><strong>σώ-</strong></span> 
     </span>
    </p>
   </div>
   <div class='ocr_carea' id='block_1_60' title="bbox 253 4400 1847 4472">
    <p class='ocr_par' dir='ltr' id='par_1_60' title="bbox 253 4400 1847 4472">
     <span class='ocr_line' id='line_1_60' title="bbox 253 4400 1847 4472; baseline -0.001 -17"><span class='ocrx_word' id='word_1_540' title='bbox 253 4403 401 4472; x_wconf 67' lang='grc' dir='ltr'>ματί</span> <span class='ocrx_word' id='word_1_541' title='bbox 427 4419 545 4470; x_wconf 86' lang='grc' dir='ltr'>μου</span> <span class='ocrx_word' id='word_1_542' title='bbox 570 4401 748 4454; x_wconf 75' lang='grc' dir='ltr'><strong>εἰσίν-ο</strong></span> <span class='ocrx_word' id='word_1_543' title='bbox 766 4400 881 4453; x_wconf 84' lang='grc' dir='ltr'><strong>ἀλλ’</strong></span> <span class='ocrx_word' id='word_1_544' title='bbox 906 4401 1032 4453; x_wconf 85' lang='grc' dir='ltr'>Ὅτι</span> <span class='ocrx_word' id='word_1_545' title='bbox 1058 4402 1128 4453; x_wconf 84' lang='grc' dir='ltr'>τὰ</span> <span class='ocrx_word' id='word_1_546' title='bbox 1146 4401 1307 4469; x_wconf 73' lang='grc' dir='ltr'><strong>,βέλη</strong></span> <span class='ocrx_word' id='word_1_547' title='bbox 1325 4416 1439 4455; x_wconf 85' lang='grc' dir='ltr'><strong>σου</strong></span> <span class='ocrx_word' id='word_1_548' title='bbox 1462 4400 1847 4470; x_wconf 73' lang='grc' dir='ltr'><strong>ἐνεπάγησάν</strong></span> 
     </span>
    </p>
   </div>
   <div class='ocr_carea' id='block_1_61' title="bbox 253 4490 1841 4564">
    <p class='ocr_par' dir='ltr' id='par_1_61' title="bbox 253 4490 1841 4564">
     <span class='ocr_line' id='line_1_61' title="bbox 253 4490 1841 4564; baseline 0 -18"><span class='ocrx_word' id='word_1_549' title='bbox 253 4512 378 4564; x_wconf 82' lang='grc' dir='ltr'>μοι,</span> <span class='ocrx_word' id='word_1_550' title='bbox 404 4493 501 4545; x_wconf 77' lang='grc' dir='ltr'><strong>καὶ</strong></span> <span class='ocrx_word' id='word_1_551' title='bbox 526 4491 927 4559; x_wconf 76' lang='grc' dir='ltr'><strong>ἐπεστήριξας</strong></span> <span class='ocrx_word' id='word_1_552' title='bbox 956 4492 1049 4545; x_wconf 79' lang='grc' dir='ltr'><strong>ἐπ’</strong></span> <span class='ocrx_word' id='word_1_553' title='bbox 1082 4491 1187 4561; x_wconf 80' lang='grc' dir='ltr'><strong>ἐμὲ</strong></span> <span class='ocrx_word' id='word_1_554' title='bbox 1216 4492 1330 4559; x_wconf 79' lang='grc' dir='ltr'><strong>τὴν</strong></span> <span class='ocrx_word' id='word_1_555' title='bbox 1358 4490 1527 4560; x_wconf 83' lang='grc' dir='ltr'><strong>χεῖρά</strong></span> <span class='ocrx_word' id='word_1_556' title='bbox 1555 4505 1693 4545; x_wconf 85' lang='grc' dir='ltr'><strong>σου.</strong></span> <span class='ocrx_word' id='word_1_557' title='bbox 1728 4490 1841 4546; x_wconf 83' lang='lat' dir='ltr'><strong>Hoc</strong></span> 
     </span>
    </p>
   </div>
   <div class='ocr_carea' id='block_1_62' title="bbox 259 4582 1837 4651">
    <p class='ocr_par' dir='ltr' id='par_1_62' title="bbox 259 4582 1837 4651">
     <span class='ocr_line' id='line_1_62' title="bbox 259 4582 1837 4651; baseline -0.004 -10"><span class='ocrx_word' id='word_1_558' title='bbox 259 4597 384 4641; x_wconf 89' lang='lat' dir='ltr'><strong>est:</strong></span> <span class='ocrx_word' id='word_1_559' title='bbox 428 4604 447 4636; x_wconf 84' lang='grc' dir='ltr'><strong>ι</strong></span> <span class='ocrx_word' id='word_1_560' title='bbox 491 4584 625 4638; x_wconf 88' lang='lat' dir='ltr'><strong>Cum</strong></span> <span class='ocrx_word' id='word_1_561' title='bbox 666 4598 796 4637; x_wconf 87' lang='lat' dir='ltr'><strong>vero</strong></span> <span class='ocrx_word' id='word_1_562' title='bbox 844 4584 942 4647; x_wconf 90' lang='lat' dir='ltr'><strong>ait,</strong></span> <span class='ocrx_word' id='word_1_563' title='bbox 997 4582 1252 4645; x_wconf 89' lang='lat' dir='ltr'><strong>Domine,</strong></span> <span class='ocrx_word' id='word_1_564' title='bbox 1302 4599 1363 4635; x_wconf 88' lang='lat' dir='ltr'><strong>ne</strong></span> <span class='ocrx_word' id='word_1_565' title='bbox 1424 4584 1480 4635; x_wconf 88' lang='lat' dir='ltr'><strong>in</strong></span> <span class='ocrx_word' id='word_1_566' title='bbox 1527 4583 1705 4651; x_wconf 84' lang='lat' dir='ltr'><strong>furore</strong></span> <span class='ocrx_word' id='word_1_567' title='bbox 1748 4591 1837 4635; x_wconf 87' lang='lat' dir='ltr'><strong>tuo</strong></span> 
     </span>
    </p>
   </div>
   <div class='ocr_carea' id='block_1_63' title="bbox 259 4674 1840 4745">
    <p class='ocr_par' dir='ltr' id='par_1_63' title="bbox 259 4674 1840 4745">
     <span class='ocr_line' id='line_1_63' title="bbox 259 4674 1840 4745; baseline -0.001 -16"><span class='ocrx_word' id='word_1_568' title='bbox 259 4693 454 4745; x_wconf 81' lang='lat' dir='ltr'><strong>arguas</strong></span> <span class='ocrx_word' id='word_1_569' title='bbox 482 4677 645 4740; x_wconf 79' lang='lat' dir='ltr'><strong>me“,</strong></span> <span class='ocrx_word' id='word_1_570' title='bbox 680 4690 786 4729; x_wconf 90' lang='lat' dir='ltr'><strong>non</strong></span> <span class='ocrx_word' id='word_1_571' title='bbox 822 4674 1120 4745; x_wconf 88' lang='lat' dir='ltr'><strong>quamlibet</strong></span> <span class='ocrx_word' id='word_1_572' title='bbox 1158 4674 1632 4743; x_wconf 87' lang='lat' dir='ltr'><strong>reprehensionem</strong></span> <span class='ocrx_word' id='word_1_573' title='bbox 1664 4674 1840 4727; x_wconf 84' lang='lat' dir='ltr'><strong>detre-</strong></span> 
     </span>
    </p>
   </div>
   <div class='ocr_carea' id='block_1_64' title="bbox 260 4764 1838 4838">
    <p class='ocr_par' dir='ltr' id='par_1_64' title="bbox 260 4764 1838 4838">
     <span class='ocr_line' id='line_1_64' title="bbox 260 4764 1838 4838; baseline -0.004 -15"><span class='ocrx_word' id='word_1_574' title='bbox 260 4779 393 4833; x_wconf 87' lang='lat' dir='ltr'><strong>ctat,</strong></span> <span class='ocrx_word' id='word_1_575' title='bbox 418 4770 513 4823; x_wconf 88' lang='lat' dir='ltr'><strong>sed</strong></span> <span class='ocrx_word' id='word_1_576' title='bbox 556 4784 701 4834; x_wconf 90' lang='lat' dir='ltr'><strong>eam,</strong></span> <span class='ocrx_word' id='word_1_577' title='bbox 739 4784 858 4838; x_wconf 68' lang='lat' dir='ltr'><strong>quae</strong></span> <span class='ocrx_word' id='word_1_578' title='bbox 912 4783 1032 4822; x_wconf 91' lang='lat' dir='ltr'><strong>cum</strong></span> <span class='ocrx_word' id='word_1_579' title='bbox 1068 4767 1250 4820; x_wconf 84' lang='lat' dir='ltr'><strong>furore</strong></span> <span class='ocrx_word' id='word_1_580' title='bbox 1298 4766 1584 4835; x_wconf 80' lang='lat' dir='ltr'><strong>conjuncta</strong></span> <span class='ocrx_word' id='word_1_581' title='bbox 1623 4765 1714 4819; x_wconf 91' lang='lat' dir='ltr'><strong>sit.</strong></span> <span class='ocrx_word' id='word_1_582' title='bbox 1773 4764 1838 4817; x_wconf 87' lang='lat' dir='ltr'><strong>Et</strong></span> 
     </span>
    </p>
   </div>
   <div class='ocr_carea' id='block_1_65' title="bbox 259 4854 1840 4929">
    <p class='ocr_par' dir='ltr' id='par_1_65' title="bbox 259 4854 1840 4929">
     <span class='ocr_line' id='line_1_65' title="bbox 259 4854 1840 4929; baseline -0.004 -14"><span class='ocrx_word' id='word_1_583' title='bbox 259 4876 383 4915; x_wconf 85' lang='lat' dir='ltr'><strong>cum</strong></span> <span class='ocrx_word' id='word_1_584' title='bbox 415 4859 567 4923; x_wconf 89' lang='lat' dir='ltr'><strong>dicit,</strong></span> <span class='ocrx_word' id='word_1_585' title='bbox 608 4858 786 4929; x_wconf 83' lang='lat' dir='ltr'><strong>Neque</strong></span> <span class='ocrx_word' id='word_1_586' title='bbox 814 4860 867 4912; x_wconf 85' lang='lat' dir='ltr'><strong>in</strong></span> <span class='ocrx_word' id='word_1_587' title='bbox 918 4859 999 4911; x_wconf 88' lang='lat' dir='ltr'><strong>ira</strong></span> <span class='ocrx_word' id='word_1_588' title='bbox 1049 4867 1139 4910; x_wconf 88' lang='lat' dir='ltr'><strong>tua</strong></span> <span class='ocrx_word' id='word_1_589' title='bbox 1168 4856 1421 4923; x_wconf 82' lang='lat' dir='ltr'><strong>corripias</strong></span> <span class='ocrx_word' id='word_1_590' title='bbox 1450 4872 1529 4909; x_wconf 86' lang='lat' dir='ltr'><strong>me</strong></span> <span class='ocrx_word' id='word_1_591' title='bbox 1570 4854 1635 4918; x_wconf 86' lang='lat'><strong>“,</strong></span> <span class='ocrx_word' id='word_1_592' title='bbox 1664 4870 1840 4909; x_wconf 90' lang='lat' dir='ltr'><strong>corre-</strong></span> 
     </span>
    </p>
   </div>
   <div class='ocr_carea' id='block_1_66' title="bbox 258 4946 1840 5022">
    <p class='ocr_par' dir='ltr' id='par_1_66' title="bbox 258 4946 1840 5022">
     <span class='ocr_line' id='line_1_66' title="bbox 258 4946 1840 5022; baseline -0.004 -17"><span class='ocrx_word' id='word_1_593' title='bbox 258 4953 499 5022; x_wconf 89' lang='lat' dir='ltr'><strong>ptionem</strong></span> <span class='ocrx_word' id='word_1_594' title='bbox 518 4964 853 5020; x_wconf 85' lang='lat' dir='ltr'><strong>nequaquam</strong></span> <span class='ocrx_word' id='word_1_595' title='bbox 878 4947 1031 5017; x_wconf 80' lang='lat' dir='ltr'><strong>fugit,</strong></span> <span class='ocrx_word' id='word_1_596' title='bbox 1056 4949 1148 5001; x_wconf 90' lang='lat' dir='ltr'><strong>sed</strong></span> <span class='ocrx_word' id='word_1_597' title='bbox 1168 4956 1318 5015; x_wconf 82' lang='lat' dir='ltr'><strong>rogat</strong></span> <span class='ocrx_word' id='word_1_598' title='bbox 1342 4956 1399 5000; x_wconf 91' lang='lat' dir='ltr'><strong>ut</strong></span> <span class='ocrx_word' id='word_1_599' title='bbox 1417 4946 1551 5000; x_wconf 90' lang='lat' dir='ltr'><strong>citra</strong></span> <span class='ocrx_word' id='word_1_600' title='bbox 1572 4946 1705 5000; x_wconf 90' lang='lat' dir='ltr'><strong>iram</strong></span> <span class='ocrx_word' id='word_1_601' title='bbox 1725 4961 1840 5000; x_wconf 91' lang='lat' dir='ltr'><strong>cor-</strong></span> 
     </span>
    </p>
   </div>
   <div class='ocr_carea' id='block_1_67' title="bbox 260 5039 1838 5111">
    <p class='ocr_par' dir='ltr' id='par_1_67' title="bbox 260 5039 1838 5111">
     <span class='ocr_line' id='line_1_67' title="bbox 260 5039 1838 5111; baseline -0.003 -14"><span class='ocrx_word' id='word_1_602' title='bbox 260 5043 525 5111; x_wconf 89' lang='lat' dir='ltr'><strong>ripiatur;</strong></span> <span class='ocrx_word' id='word_1_603' title='bbox 560 5055 625 5095; x_wconf 87' lang='lat' dir='ltr'><strong>ac</strong></span> <span class='ocrx_word' id='word_1_604' title='bbox 667 5042 711 5095; x_wconf 94' lang='lat' dir='ltr'><strong>si</strong></span> <span class='ocrx_word' id='word_1_605' title='bbox 772 5040 893 5109; x_wconf 90' lang='lat' dir='ltr'><strong>quis</strong></span> <span class='ocrx_word' id='word_1_606' title='bbox 938 5041 1143 5094; x_wconf 86' lang='lat' dir='ltr'><strong>medico</strong></span> <span class='ocrx_word' id='word_1_607' title='bbox 1195 5055 1292 5108; x_wconf 88' lang='lat' dir='ltr'><strong>per</strong></span> <span class='ocrx_word' id='word_1_608' title='bbox 1348 5039 1710 5101; x_wconf 90' lang='lat' dir='ltr'><strong>adustionem,</strong></span> <span class='ocrx_word' id='word_1_609' title='bbox 1745 5054 1838 5106; x_wconf 87' lang='lat' dir='ltr'><strong>per</strong></span> 
     </span>
    </p>
   </div>
   <div class='ocr_carea' id='block_1_68' title="bbox 258 5128 1835 5201">
    <p class='ocr_par' dir='ltr' id='par_1_68' title="bbox 258 5128 1835 5201">
     <span class='ocr_line' id='line_1_68' title="bbox 258 5128 1835 5201; baseline -0.004 -13"><span class='ocrx_word' id='word_1_610' title='bbox 258 5135 487 5197; x_wconf 81' lang='lat' dir='ltr'><strong>ferrum,</strong></span> <span class='ocrx_word' id='word_1_611' title='bbox 524 5147 619 5201; x_wconf 90' lang='lat' dir='ltr'><strong>per</strong></span> <span class='ocrx_word' id='word_1_612' title='bbox 668 5130 861 5185; x_wconf 86' lang='lat' dir='ltr'><strong>acerba</strong></span> <span class='ocrx_word' id='word_1_613' title='bbox 898 5130 1133 5184; x_wconf 86' lang='lat' dir='ltr'><strong>remedia</strong></span> <span class='ocrx_word' id='word_1_614' title='bbox 1166 5128 1409 5186; x_wconf 83' lang='lat' dir='ltr'><strong>levamen</strong></span> <span class='ocrx_word' id='word_1_615' title='bbox 1441 5130 1508 5183; x_wconf 89' lang='lat' dir='ltr'><strong>ad</strong></span> <span class='ocrx_word' id='word_1_616' title='bbox 1532 5132 1835 5198; x_wconf 88' lang='lat' dir='ltr'><strong>quempiam</strong></span> 
     </span>
    </p>
   </div>
   <div class='ocr_carea' id='block_1_69' title="bbox 256 5221 1833 5291">
    <p class='ocr_par' dir='ltr' id='par_1_69' title="bbox 256 5221 1833 5291">
     <span class='ocr_line' id='line_1_69' title="bbox 256 5221 1833 5291; baseline -0.007 -9"><span class='ocrx_word' id='word_1_617' title='bbox 256 5227 507 5282; x_wconf 87' lang='lat' dir='ltr'><strong>morbum</strong></span> <span class='ocrx_word' id='word_1_618' title='bbox 546 5224 843 5279; x_wconf 88' lang='lat' dir='ltr'><strong>curandum</strong></span> <span class='ocrx_word' id='word_1_619' title='bbox 882 5222 1127 5277; x_wconf 74' lang='lat' dir='ltr'><strong>offerenti</strong></span> <span class='ocrx_word' id='word_1_620' title='bbox 1152 5222 1294 5276; x_wconf 91' lang='lat' dir='ltr'><strong>dicat</strong></span> <span class='ocrx_word' id='word_1_621' title='bbox 1322 5239 1335 5275; x_wconf 89' lang='lat'>:</span> <span class='ocrx_word' id='word_1_622' title='bbox 1372 5221 1448 5277; x_wconf 80' lang='lat' dir='ltr'><strong>Ne</strong></span> <span class='ocrx_word' id='word_1_623' title='bbox 1476 5223 1603 5275; x_wconf 90' lang='lat' dir='ltr'><strong>mihi</strong></span> <span class='ocrx_word' id='word_1_624' title='bbox 1636 5222 1833 5291; x_wconf 80' lang='lat' dir='ltr'><strong>ignem,</strong></span> 
     </span>
    </p>
   </div>
   <div class='ocr_carea' id='block_1_70' title="bbox 255 5310 1830 5380">
    <p class='ocr_par' dir='ltr' id='par_1_70' title="bbox 255 5310 1830 5380">
     <span class='ocr_line' id='line_1_70' title="bbox 255 5310 1830 5380; baseline -0.004 -8"><span class='ocrx_word' id='word_1_625' title='bbox 255 5332 325 5372; x_wconf 89' lang='lat' dir='ltr'><strong>ne</strong></span> <span class='ocrx_word' id='word_1_626' title='bbox 355 5316 587 5380; x_wconf 86' lang='lat' dir='ltr'><strong>ferrum,</strong></span> <span class='ocrx_word' id='word_1_627' title='bbox 622 5330 688 5369; x_wconf 91' lang='lat' dir='ltr'><strong>ne</strong></span> <span class='ocrx_word' id='word_1_628' title='bbox 716 5316 983 5370; x_wconf 87' lang='lat' dir='ltr'><strong>sectiones</strong></span> <span class='ocrx_word' id='word_1_629' title='bbox 1005 5314 1073 5369; x_wconf 86' lang='lat' dir='ltr'><strong>ad</strong></span> <span class='ocrx_word' id='word_1_630' title='bbox 1109 5312 1370 5367; x_wconf 87' lang='lat' dir='ltr'><strong>medelam</strong></span> <span class='ocrx_word' id='word_1_631' title='bbox 1404 5315 1715 5375; x_wconf 87' lang='lat' dir='ltr'><strong>admoveas.</strong></span> <span class='ocrx_word' id='word_1_632' title='bbox 1736 5310 1830 5366; x_wconf 91' lang='lat' dir='ltr'><strong>sed</strong></span> 
     </span>
    </p>
   </div>
   <div class='ocr_carea' id='block_1_71' title="bbox 256 5401 1820 5474">
    <p class='ocr_par' dir='ltr' id='par_1_71' title="bbox 256 5401 1820 5474">
     <span class='ocr_line' id='line_1_71' title="bbox 256 5401 1820 5474; baseline -0.005 -11"><span class='ocrx_word' id='word_1_633' title='bbox 256 5410 432 5463; x_wconf 88' lang='lat' dir='ltr'><strong>dulcia</strong></span> <span class='ocrx_word' id='word_1_634' title='bbox 455 5407 775 5474; x_wconf 86' lang='lat' dir='ltr'><strong>mitioraque</strong></span> <span class='ocrx_word' id='word_1_635' title='bbox 808 5406 1061 5459; x_wconf 88' lang='lat' dir='ltr'><strong>remedia.</strong></span> <span class='ocrx_word' id='word_1_636' title='bbox 1088 5444 1103 5459; x_wconf 94' lang='lat'><strong>.</strong></span> <span class='ocrx_word' id='word_1_637' title='bbox 1135 5437 1152 5456; x_wconf 89' lang='lat'><strong>.</strong></span> <span class='ocrx_word' id='word_1_638' title='bbox 1189 5445 1200 5457; x_wconf 95' lang='lat'><strong>.</strong></span> <span class='ocrx_word' id='word_1_639' title='bbox 1254 5401 1387 5457; x_wconf 83' lang='lat' dir='ltr'><strong>Nam</strong></span> <span class='ocrx_word' id='word_1_640' title='bbox 1417 5405 1484 5459; x_wconf 91' lang='lat' dir='ltr'><strong>ab</strong></span> <span class='ocrx_word' id='word_1_641' title='bbox 1518 5404 1663 5458; x_wconf 90' lang='lat' dir='ltr'><strong>omni</strong></span> <span class='ocrx_word' id='word_1_642' title='bbox 1708 5418 1820 5472; x_wconf 88' lang='lat' dir='ltr'><strong>per-</strong></span> 
     </span>
    </p>
   </div>
   <div class='ocr_carea' id='block_1_72' title="bbox 256 5496 1829 5565">
    <p class='ocr_par' dir='ltr' id='par_1_72' title="bbox 256 5496 1829 5565">
     <span class='ocr_line' id='line_1_72' title="bbox 256 5496 1829 5565; baseline -0.003 -12"><span class='ocrx_word' id='word_1_643' title='bbox 256 5502 564 5555; x_wconf 83' lang='lat' dir='ltr'><strong>turbatione</strong></span> <span class='ocrx_word' id='word_1_644' title='bbox 591 5501 825 5554; x_wconf 88' lang='lat' dir='ltr'><strong>alienum</strong></span> <span class='ocrx_word' id='word_1_645' title='bbox 870 5513 1067 5553; x_wconf 88' lang='lat' dir='ltr'><strong>numen</strong></span> <span class='ocrx_word' id='word_1_646' title='bbox 1108 5506 1213 5553; x_wconf 91' lang='lat' dir='ltr'><strong>est.</strong></span> <span class='ocrx_word' id='word_1_647' title='bbox 1242 5536 1256 5551; x_wconf 95' lang='lat'><strong>.</strong></span> <span class='ocrx_word' id='word_1_648' title='bbox 1285 5536 1299 5551; x_wconf 94' lang='lat'><strong>.</strong></span> <span class='ocrx_word' id='word_1_649' title='bbox 1327 5534 1343 5549; x_wconf 94' lang='lat'><strong>.</strong></span> <span class='ocrx_word' id='word_1_650' title='bbox 1379 5500 1455 5550; x_wconf 85' lang='lat' dir='ltr'><strong>Ac</strong></span> <span class='ocrx_word' id='word_1_651' title='bbox 1483 5496 1527 5551; x_wconf 90' lang='lat' dir='ltr'><strong>si</strong></span> <span class='ocrx_word' id='word_1_652' title='bbox 1556 5496 1677 5565; x_wconf 87' lang='lat' dir='ltr'><strong>quis</strong></span> <span class='ocrx_word' id='word_1_653' title='bbox 1709 5508 1829 5563; x_wconf 71' lang='lat' dir='ltr'><strong>po:-</strong></span> 
     </span>
    </p>
   </div>
   <div class='ocr_carea' id='block_1_73' title="bbox 254 5586 1828 5664">
    <p class='ocr_par' dir='ltr' id='par_1_73' title="bbox 254 5586 1828 5664">
     <span class='ocr_line' id='line_1_73' title="bbox 254 5586 1828 5664; baseline -0.005 -16"><span class='ocrx_word' id='word_1_654' title='bbox 254 5608 354 5648; x_wconf 81' lang='lat' dir='ltr'><strong>nas</strong></span> <span class='ocrx_word' id='word_1_655' title='bbox 390 5608 513 5662; x_wconf 63' lang='lat' dir='ltr'><strong>quae</strong></span> <span class='ocrx_word' id='word_1_656' title='bbox 534 5608 596 5647; x_wconf 80' lang='lat' dir='ltr'><strong>ex</strong></span> <span class='ocrx_word' id='word_1_657' title='bbox 628 5594 742 5664; x_wconf 87' lang='lat' dir='ltr'><strong>lege</strong></span> <span class='ocrx_word' id='word_1_658' title='bbox 772 5591 1081 5662; x_wconf 87' lang='lat' dir='ltr'><strong>impendent</strong></span> <span class='ocrx_word' id='word_1_659' title='bbox 1106 5590 1406 5653; x_wconf 73' lang='lat' dir='ltr'><strong>homicidze,</strong></span> <span class='ocrx_word' id='word_1_660' title='bbox 1440 5589 1574 5643; x_wconf 89' lang='lat' dir='ltr'><strong>iram</strong></span> <span class='ocrx_word' id='word_1_661' title='bbox 1598 5602 1659 5641; x_wconf 92' lang='lat' dir='ltr'><strong>ac</strong></span> <span class='ocrx_word' id='word_1_662' title='bbox 1682 5586 1828 5641; x_wconf 89' lang='lat' dir='ltr'><strong>furo-</strong></span> 
     </span>
    </p>
   </div>
   <div class='ocr_carea' id='block_1_74' title="bbox 329 5703 1867 5775">
    <p class='ocr_par' dir='ltr' id='par_1_74' title="bbox 329 5703 1867 5775">
     <span class='ocr_line' id='line_1_74' title="bbox 329 5703 1867 5775; baseline -0.003 -13"><span class='ocrx_word' id='word_1_663' title='bbox 329 5708 351 5739; x_wconf 89' lang='grc'>⁶</span> <span class='ocrx_word' id='word_1_664' title='bbox 378 5708 515 5762; x_wconf 84' lang='lat' dir='ltr'><strong>Psal.</strong></span> <span class='ocrx_word' id='word_1_665' title='bbox 549 5724 756 5775; x_wconf 75' lang='lat' dir='ltr'><strong>uxvn,</strong></span> <span class='ocrx_word' id='word_1_666' title='bbox 790 5708 879 5765; x_wconf 70' lang='lat'><strong>49.</strong></span> <span class='ocrx_word' id='word_1_667' title='bbox 954 5708 975 5741; x_wconf 84' lang='lat'><strong>&#39;</strong></span> <span class='ocrx_word' id='word_1_668' title='bbox 998 5706 1099 5766; x_wconf 78' lang='lat' dir='ltr'><strong>Job</strong></span> <span class='ocrx_word' id='word_1_669' title='bbox 1137 5723 1209 5775; x_wconf 66' lang='grc' dir='ltr'><strong>τι,</strong></span> <span class='ocrx_word' id='word_1_670' title='bbox 1238 5707 1289 5763; x_wconf 75' lang='grc'><strong>4.</strong></span> <span class='ocrx_word' id='word_1_671' title='bbox 1369 5707 1411 5740; x_wconf 79' lang='grc'><strong>¹⁶</strong></span> <span class='ocrx_word' id='word_1_672' title='bbox 1443 5705 1581 5763; x_wconf 86' lang='lat' dir='ltr'><strong>Psal.</strong></span> <span class='ocrx_word' id='word_1_673' title='bbox 1621 5718 1789 5773; x_wconf 77' lang='lat' dir='ltr'><strong>xxvu,</strong></span> <span class='ocrx_word' id='word_1_674' title='bbox 1811 5703 1867 5760; x_wconf 63' lang='lat'><strong>2.</strong></span> 
     </span>
    </p>
   </div>
   <div class='ocr_carea' id='block_1_75' title="bbox 255 5778 545 5840">
    <p class='ocr_par' dir='ltr' id='par_1_75' title="bbox 255 5778 545 5840">
     <span class='ocr_line' id='line_1_75' title="bbox 255 5778 545 5840; baseline 0.01 -9"><span class='ocrx_word' id='word_1_675' title='bbox 255 5794 466 5840; x_wconf 77' lang='lat' dir='ltr'><strong>xxxv&quot;.</strong></span> <span class='ocrx_word' id='word_1_676' title='bbox 494 5778 545 5834; x_wconf 78' lang='lat'><strong>3.</strong></span> 
     </span>
    </p>
   </div>
   <div class='ocr_carea' id='block_1_76' title="bbox 1937 1929 3528 1999">
    <p class='ocr_par' dir='ltr' id='par_1_76' title="bbox 1937 1929 3528 1999">
     <span class='ocr_line' id='line_1_76' title="bbox 1937 1929 3528 1999; baseline -0.006 -11"><span class='ocrx_word' id='word_1_677' title='bbox 1937 1952 2060 1991; x_wconf 87' lang='lat' dir='ltr'><strong>esse</strong></span> <span class='ocrx_word' id='word_1_678' title='bbox 2086 1936 2421 1991; x_wconf 81' lang='lat' dir='ltr'><strong>conﬁdenter</strong></span> <span class='ocrx_word' id='word_1_679' title='bbox 2464 1932 2793 1991; x_wconf 81' lang='lat' dir='ltr'><strong>allirmabit?</strong></span> <span class='ocrx_word' id='word_1_680' title='bbox 2828 1931 2987 1988; x_wconf 89' lang='lat' dir='ltr'><strong>Certe</strong></span> <span class='ocrx_word' id='word_1_681' title='bbox 3020 1929 3238 1999; x_wconf 87' lang='lat' dir='ltr'><strong>quidem</strong></span> <span class='ocrx_word' id='word_1_682' title='bbox 3292 1940 3390 1994; x_wconf 85' lang='lat' dir='ltr'><strong>ego</strong></span> <span class='ocrx_word' id='word_1_683' title='bbox 3423 1941 3528 1979; x_wconf 91' lang='lat' dir='ltr'><strong>non</strong></span> 
     </span>
    </p>
   </div>
   <div class='ocr_carea' id='block_1_77' title="bbox 1938 2019 3520 2096">
    <p class='ocr_par' dir='ltr' id='par_1_77' title="bbox 1938 2019 3520 2096">
     <span class='ocr_line' id='line_1_77' title="bbox 1938 2019 3520 2096; baseline -0.008 -13"><span class='ocrx_word' id='word_1_684' title='bbox 1938 2028 2128 2083; x_wconf 90' lang='lat' dir='ltr'><strong>dubito</strong></span> <span class='ocrx_word' id='word_1_685' title='bbox 2176 2027 2304 2096; x_wconf 92' lang='lat' dir='ltr'><strong>quin</strong></span> <span class='ocrx_word' id='word_1_686' title='bbox 2352 2029 2589 2095; x_wconf 88' lang='lat' dir='ltr'><strong>prudens</strong></span> <span class='ocrx_word' id='word_1_687' title='bbox 2617 2027 2790 2079; x_wconf 90' lang='lat' dir='ltr'><strong>lector</strong></span> <span class='ocrx_word' id='word_1_688' title='bbox 2824 2034 2985 2093; x_wconf 88' lang='lat' dir='ltr'><strong>atque</strong></span> <span class='ocrx_word' id='word_1_689' title='bbox 3006 2021 3271 2084; x_wconf 90' lang='lat' dir='ltr'><strong>eruditus,</strong></span> <span class='ocrx_word' id='word_1_690' title='bbox 3298 2019 3520 2073; x_wconf 85' lang='lat' dir='ltr'><strong>deserto</strong></span> 
     </span>
    </p>
   </div>
   <div class='ocr_carea' id='block_1_78' title="bbox 1938 2112 3528 2182">
    <p class='ocr_par' dir='ltr' id='par_1_78' title="bbox 1938 2112 3528 2182">
     <span class='ocr_line' id='line_1_78' title="bbox 1938 2112 3528 2182; baseline -0.007 -9"><span class='ocrx_word' id='word_1_691' title='bbox 1938 2117 2282 2181; x_wconf 83' lang='lat' dir='ltr'><strong>Combefisio,</strong></span> <span class='ocrx_word' id='word_1_692' title='bbox 2309 2116 2469 2171; x_wconf 85' lang='lat' dir='ltr'><strong>alteri</strong></span> <span class='ocrx_word' id='word_1_693' title='bbox 2503 2114 2742 2169; x_wconf 88' lang='lat' dir='ltr'><strong>accedat.</strong></span> <span class='ocrx_word' id='word_1_694' title='bbox 2784 2112 2919 2166; x_wconf 84' lang='lat' dir='ltr'><strong>Nam</strong></span> <span class='ocrx_word' id='word_1_695' title='bbox 2957 2122 3273 2182; x_wconf 82' lang='lat' dir='ltr'><strong>argumenta</strong></span> <span class='ocrx_word' id='word_1_696' title='bbox 3318 2124 3436 2178; x_wconf 77' lang='lat' dir='ltr'><strong>qua:</strong></span> <span class='ocrx_word' id='word_1_697' title='bbox 3460 2122 3528 2163; x_wconf 77' lang='lat' dir='ltr'><strong>ex</strong></span> 
     </span>
    </p>
   </div>
   <div class='ocr_carea' id='block_1_79' title="bbox 1941 2199 3528 2273">
    <p class='ocr_par' dir='ltr' id='par_1_79' title="bbox 1941 2199 3528 2273">
     <span class='ocr_line' id='line_1_79' title="bbox 1941 2199 3528 2273; baseline -0.006 -13"><span class='ocrx_word' id='word_1_698' title='bbox 1941 2207 2041 2261; x_wconf 90' lang='lat' dir='ltr'><strong>hac</strong></span> <span class='ocrx_word' id='word_1_699' title='bbox 2064 2207 2303 2262; x_wconf 91' lang='lat' dir='ltr'><strong>locorum</strong></span> <span class='ocrx_word' id='word_1_700' title='bbox 2330 2204 2624 2260; x_wconf 89' lang='lat' dir='ltr'><strong>collatione</strong></span> <span class='ocrx_word' id='word_1_701' title='bbox 2652 2203 2759 2273; x_wconf 90' lang='lat' dir='ltr'><strong>peti</strong></span> <span class='ocrx_word' id='word_1_702' title='bbox 2786 2210 3035 2271; x_wconf 90' lang='lat' dir='ltr'><strong>possunt,</strong></span> <span class='ocrx_word' id='word_1_703' title='bbox 3076 2200 3409 2254; x_wconf 87' lang='lat' dir='ltr'><strong>validissima</strong></span> <span class='ocrx_word' id='word_1_704' title='bbox 3446 2199 3528 2251; x_wconf 87' lang='lat' dir='ltr'><strong>vi-</strong></span> 
     </span>
    </p>
   </div>
   <div class='ocr_carea' id='block_1_80' title="bbox 1940 2287 3529 2366">
    <p class='ocr_par' dir='ltr' id='par_1_80' title="bbox 1940 2287 3529 2366">
     <span class='ocr_line' id='line_1_80' title="bbox 1940 2287 3529 2366; baseline -0.006 -14"><span class='ocrx_word' id='word_1_705' title='bbox 1940 2298 2135 2352; x_wconf 90' lang='lat' dir='ltr'><strong>dentur</strong></span> <span class='ocrx_word' id='word_1_706' title='bbox 2187 2312 2307 2352; x_wconf 88' lang='lat' dir='ltr'><strong>esse</strong></span> <span class='ocrx_word' id='word_1_707' title='bbox 2339 2306 2501 2366; x_wconf 88' lang='lat' dir='ltr'><strong>atque</strong></span> <span class='ocrx_word' id='word_1_708' title='bbox 2546 2295 2904 2365; x_wconf 85' lang='lat' dir='ltr'><strong>gravissima;</strong></span> <span class='ocrx_word' id='word_1_709' title='bbox 2963 2308 3084 2362; x_wconf 63' lang='lat' dir='ltr'><strong>quae</strong></span> <span class='ocrx_word' id='word_1_710' title='bbox 3143 2306 3273 2346; x_wconf 85' lang='lat' dir='ltr'><strong>vero</strong></span> <span class='ocrx_word' id='word_1_711' title='bbox 3322 2287 3529 2361; x_wconf 81' lang='lat' dir='ltr'><strong>profert</strong></span> 
     </span>
    </p>
   </div>
   <div class='ocr_carea' id='block_1_81' title="bbox 1939 2383 3524 2454">
    <p class='ocr_par' dir='ltr' id='par_1_81' title="bbox 1939 2383 3524 2454">
     <span class='ocr_line' id='line_1_81' title="bbox 1939 2383 3524 2454; baseline -0.008 -9"><span class='ocrx_word' id='word_1_712' title='bbox 1939 2390 2315 2454; x_wconf 81' lang='lat' dir='ltr'><strong>Combeflsius,</strong></span> <span class='ocrx_word' id='word_1_713' title='bbox 2362 2390 2545 2444; x_wconf 92' lang='lat' dir='ltr'><strong>minus</strong></span> <span class='ocrx_word' id='word_1_714' title='bbox 2584 2395 2711 2443; x_wconf 90' lang='lat' dir='ltr'><strong>sunt</strong></span> <span class='ocrx_word' id='word_1_715' title='bbox 2741 2387 2930 2441; x_wconf 86' lang='lat' dir='ltr'><strong>idonea</strong></span> <span class='ocrx_word' id='word_1_716' title='bbox 2968 2386 3033 2440; x_wconf 90' lang='lat' dir='ltr'><strong>ad</strong></span> <span class='ocrx_word' id='word_1_717' title='bbox 3062 2383 3524 2454; x_wconf 87' lang='lat' dir='ltr'><strong>persuadendum.</strong></span> 
     </span>
    </p>
   </div>
   <div class='ocr_carea' id='block_1_82' title="bbox 1941 2475 3531 2549">
    <p class='ocr_par' dir='ltr' id='par_1_82' title="bbox 1941 2475 3531 2549">
     <span class='ocr_line' id='line_1_82' title="bbox 1941 2475 3531 2549; baseline -0.009 -12"><span class='ocrx_word' id='word_1_718' title='bbox 1941 2482 2179 2547; x_wconf 85' lang='lat' dir='ltr'><strong>Etenim,</strong></span> <span class='ocrx_word' id='word_1_719' title='bbox 2215 2483 2259 2537; x_wconf 90' lang='lat' dir='ltr'><strong>si</strong></span> <span class='ocrx_word' id='word_1_720' title='bbox 2287 2484 2591 2537; x_wconf 90' lang='lat' dir='ltr'><strong>orationem</strong></span> <span class='ocrx_word' id='word_1_721' title='bbox 2624 2477 2935 2549; x_wconf 89' lang='lat' dir='ltr'><strong>quampiam</strong></span> <span class='ocrx_word' id='word_1_722' title='bbox 2966 2475 3204 2544; x_wconf 89' lang='lat' dir='ltr'><strong>spuriam</strong></span> <span class='ocrx_word' id='word_1_723' title='bbox 3230 2485 3349 2527; x_wconf 84' lang='lat' dir='ltr'><strong>esse</strong></span> <span class='ocrx_word' id='word_1_724' title='bbox 3367 2480 3531 2539; x_wconf 82' lang='lat' dir='ltr'><strong>atque</strong></span> 
     </span>
    </p>
   </div>
   <div class='ocr_carea' id='block_1_83' title="bbox 1940 2565 3531 2645">
    <p class='ocr_par' dir='ltr' id='par_1_83' title="bbox 1940 2565 3531 2645">
     <span class='ocr_line' id='line_1_83' title="bbox 1940 2565 3531 2645; baseline -0.01 -12"><span class='ocrx_word' id='word_1_725' title='bbox 1940 2579 2297 2633; x_wconf 89' lang='lat' dir='ltr'><strong>adulterinam</strong></span> <span class='ocrx_word' id='word_1_726' title='bbox 2325 2592 2390 2629; x_wconf 82' lang='lat' dir='ltr'><strong>ex</strong></span> <span class='ocrx_word' id='word_1_727' title='bbox 2428 2590 2493 2631; x_wconf 92' lang='lat' dir='ltr'><strong>eo</strong></span> <span class='ocrx_word' id='word_1_728' title='bbox 2519 2574 2697 2645; x_wconf 77' lang='lat' dir='ltr'><strong>colligi</strong></span> <span class='ocrx_word' id='word_1_729' title='bbox 2730 2578 2927 2642; x_wconf 85' lang='lat' dir='ltr'><strong>potest,</strong></span> <span class='ocrx_word' id='word_1_730' title='bbox 2968 2568 3113 2637; x_wconf 93' lang='lat' dir='ltr'><strong>quod</strong></span> <span class='ocrx_word' id='word_1_731' title='bbox 3160 2568 3212 2620; x_wconf 88' lang='lat' dir='ltr'><strong>in</strong></span> <span class='ocrx_word' id='word_1_732' title='bbox 3254 2565 3531 2633; x_wconf 88' lang='lat' dir='ltr'><strong>aliquibus</strong></span> 
     </span>
    </p>
   </div>
   <div class='ocr_carea' id='block_1_84' title="bbox 1943 2654 3529 2732">
    <p class='ocr_par' dir='ltr' id='par_1_84' title="bbox 1943 2654 3529 2732">
     <span class='ocr_line' id='line_1_84' title="bbox 1943 2654 3529 2732; baseline -0.011 -10"><span class='ocrx_word' id='word_1_733' title='bbox 1943 2683 2053 2722; x_wconf 90' lang='lat' dir='ltr'><strong>mss</strong></span> <span class='ocrx_word' id='word_1_734' title='bbox 2098 2667 2261 2731; x_wconf 90' lang='lat' dir='ltr'><strong>desit,</strong></span> <span class='ocrx_word' id='word_1_735' title='bbox 2290 2676 2467 2720; x_wconf 87' lang='lat' dir='ltr'><strong>actum</strong></span> <span class='ocrx_word' id='word_1_736' title='bbox 2494 2675 2578 2719; x_wconf 88' lang='lat' dir='ltr'><strong>est</strong></span> <span class='ocrx_word' id='word_1_737' title='bbox 2601 2666 2667 2718; x_wconf 91' lang='lat' dir='ltr'><strong>de</strong></span> <span class='ocrx_word' id='word_1_738' title='bbox 2691 2662 2936 2732; x_wconf 84' lang='lat' dir='ltr'><strong>plurimis</strong></span> <span class='ocrx_word' id='word_1_739' title='bbox 2966 2670 3280 2716; x_wconf 89' lang='lat' dir='ltr'><strong>sanctorum</strong></span> <span class='ocrx_word' id='word_1_740' title='bbox 3304 2654 3529 2709; x_wconf 84' lang='lat' dir='ltr'><strong>Patrum</strong></span> 
     </span>
    </p>
   </div>
   <div class='ocr_carea' id='block_1_85' title="bbox 1942 2744 3529 2828">
    <p class='ocr_par' dir='ltr' id='par_1_85' title="bbox 1942 2744 3529 2828">
     <span class='ocr_line' id='line_1_85' title="bbox 1942 2744 3529 2828; baseline -0.009 -17"><span class='ocrx_word' id='word_1_741' title='bbox 1942 2758 2234 2828; x_wconf 89' lang='lat' dir='ltr'><strong>opusculis,</strong></span> <span class='ocrx_word' id='word_1_742' title='bbox 2272 2772 2393 2827; x_wconf 70' lang='lat' dir='ltr'><strong>qua:</strong></span> <span class='ocrx_word' id='word_1_743' title='bbox 2431 2756 2680 2825; x_wconf 77' lang='lat' dir='ltr'><strong>quamvis</strong></span> <span class='ocrx_word' id='word_1_744' title='bbox 2724 2754 2953 2824; x_wconf 87' lang='lat' dir='ltr'><strong>genuina</strong></span> <span class='ocrx_word' id='word_1_745' title='bbox 2993 2760 3047 2805; x_wconf 92' lang='lat' dir='ltr'><strong>et</strong></span> <span class='ocrx_word' id='word_1_746' title='bbox 3080 2764 3235 2813; x_wconf 90' lang='lat' dir='ltr'><strong>vera,</strong></span> <span class='ocrx_word' id='word_1_747' title='bbox 3262 2755 3441 2800; x_wconf 91' lang='lat' dir='ltr'><strong>tamen</strong></span> <span class='ocrx_word' id='word_1_748' title='bbox 3475 2744 3529 2797; x_wconf 85' lang='lat' dir='ltr'><strong>in</strong></span> 
     </span>
    </p>
   </div>
   <div class='ocr_carea' id='block_1_86' title="bbox 1942 2838 3529 2922">
    <p class='ocr_par' dir='ltr' id='par_1_86' title="bbox 1942 2838 3529 2922">
     <span class='ocr_line' id='line_1_86' title="bbox 1942 2838 3529 2922; baseline -0.011 -16"><span class='ocrx_word' id='word_1_749' title='bbox 1942 2850 2211 2922; x_wconf 88' lang='lat' dir='ltr'><strong>aliquibus</strong></span> <span class='ocrx_word' id='word_1_750' title='bbox 2247 2851 2516 2904; x_wconf 81' lang='lat' dir='ltr'><strong>duntaxat</strong></span> <span class='ocrx_word' id='word_1_751' title='bbox 2555 2845 2833 2901; x_wconf 90' lang='lat' dir='ltr'><strong>codicibus</strong></span> <span class='ocrx_word' id='word_1_752' title='bbox 2875 2850 3110 2907; x_wconf 78' lang='lat' dir='ltr'><strong>exstant,</strong></span> <span class='ocrx_word' id='word_1_753' title='bbox 3149 2841 3201 2894; x_wconf 92' lang='lat' dir='ltr'><strong>in</strong></span> <span class='ocrx_word' id='word_1_754' title='bbox 3238 2838 3360 2892; x_wconf 91' lang='lat' dir='ltr'><strong>aliis</strong></span> <span class='ocrx_word' id='word_1_755' title='bbox 3399 2851 3529 2890; x_wconf 86' lang='lat' dir='ltr'><strong>vero</strong></span> 
     </span>
    </p>
   </div>
   <div class='ocr_carea' id='block_1_87' title="bbox 1942 2928 3531 3006">
    <p class='ocr_par' dir='ltr' id='par_1_87' title="bbox 1942 2928 3531 3006">
     <span class='ocr_line' id='line_1_87' title="bbox 1942 2928 3531 3006; baseline -0.013 -7"><span class='ocrx_word' id='word_1_756' title='bbox 1942 2944 2341 2999; x_wconf 86' lang='lat' dir='ltr'><strong>desiderantur.</strong></span> <span class='ocrx_word' id='word_1_757' title='bbox 2390 2938 2543 3006; x_wconf 83' lang='lat' dir='ltr'><strong>Quod</strong></span> <span class='ocrx_word' id='word_1_758' title='bbox 2588 2937 2737 2992; x_wconf 85' lang='lat' dir='ltr'><strong>addit</strong></span> <span class='ocrx_word' id='word_1_759' title='bbox 2772 2936 2855 2991; x_wconf 85' lang='lat' dir='ltr'><strong>vir</strong></span> <span class='ocrx_word' id='word_1_760' title='bbox 2884 2934 3075 2989; x_wconf 90' lang='lat' dir='ltr'><strong>doctus</strong></span> <span class='ocrx_word' id='word_1_761' title='bbox 3110 2930 3175 2986; x_wconf 87' lang='lat' dir='ltr'><strong>ad</strong></span> <span class='ocrx_word' id='word_1_762' title='bbox 3202 2928 3531 2984; x_wconf 81' lang='lat' dir='ltr'><strong>confirman-</strong></span> 
     </span>
    </p>
   </div>
   <div class='ocr_carea' id='block_1_88' title="bbox 1943 3019 3529 3103">
    <p class='ocr_par' dir='ltr' id='par_1_88' title="bbox 1943 3019 3529 3103">
     <span class='ocr_line' id='line_1_88' title="bbox 1943 3019 3529 3103; baseline -0.009 -14"><span class='ocrx_word' id='word_1_763' title='bbox 1943 3036 2061 3089; x_wconf 90' lang='lat' dir='ltr'><strong>dam</strong></span> <span class='ocrx_word' id='word_1_764' title='bbox 2114 3051 2265 3090; x_wconf 92' lang='lat' dir='ltr'><strong>suam</strong></span> <span class='ocrx_word' id='word_1_765' title='bbox 2316 3032 2650 3103; x_wconf 89' lang='lat' dir='ltr'><strong>opinionem,</strong></span> <span class='ocrx_word' id='word_1_766' title='bbox 2710 3049 2728 3082; x_wconf 78' lang='grc' dir='ltr'><strong>ι</strong></span> <span class='ocrx_word' id='word_1_767' title='bbox 2786 3027 2981 3100; x_wconf 87' lang='lat' dir='ltr'><strong>stylum</strong></span> <span class='ocrx_word' id='word_1_768' title='bbox 3036 3022 3196 3091; x_wconf 84' lang='lat' dir='ltr'><strong>hujus</strong></span> <span class='ocrx_word' id='word_1_769' title='bbox 3260 3019 3529 3075; x_wconf 80' lang='lat' dir='ltr'><strong>orationis</strong></span> 
     </span>
    </p>
   </div>
   <div class='ocr_carea' id='block_1_89' title="bbox 1945 3111 3528 3195">
    <p class='ocr_par' dir='ltr' id='par_1_89' title="bbox 1945 3111 3528 3195">
     <span class='ocr_line' id='line_1_89' title="bbox 1945 3111 3528 3195; baseline -0.01 -16"><span class='ocrx_word' id='word_1_770' title='bbox 1945 3126 2331 3195; x_wconf 73' lang='lat' dir='ltr'><strong>languiiliorem</strong></span> <span class='ocrx_word' id='word_1_771' title='bbox 2372 3140 2511 3191; x_wconf 90' lang='lat' dir='ltr'><strong>esse,</strong></span> <span class='ocrx_word' id='word_1_772' title='bbox 2570 3143 2589 3176; x_wconf 70' lang='grc' dir='ltr'><strong>ι</strong></span> <span class='ocrx_word' id='word_1_773' title='bbox 2643 3123 2717 3187; x_wconf 91' lang='lat' dir='ltr'><strong>id,</strong></span> <span class='ocrx_word' id='word_1_774' title='bbox 2746 3131 2899 3185; x_wconf 83' lang='lat' dir='ltr'><strong>puto,</strong></span> <span class='ocrx_word' id='word_1_775' title='bbox 2954 3116 3226 3171; x_wconf 89' lang='lat' dir='ltr'><strong>neminem</strong></span> <span class='ocrx_word' id='word_1_776' title='bbox 3271 3111 3528 3173; x_wconf 88' lang='lat' dir='ltr'><strong>movebit,</strong></span> 
     </span>
    </p>
   </div>
   <div class='ocr_carea' id='block_1_90' title="bbox 1681 3204 3532 3287">
    <p class='ocr_par' dir='ltr' id='par_1_90' title="bbox 1681 3204 3532 3287">
     <span class='ocr_line' id='line_1_90' title="bbox 1681 3204 3532 3287; baseline -0.011 -13"><span class='ocrx_word' id='word_1_777' title='bbox 1681 3211 1770 3273; x_wconf 81' lang='grc' dir='ltr'><strong>Ὧς</strong></span> <span class='ocrx_word' id='word_1_778' title='bbox 1798 3211 1851 3265; x_wconf 78' lang='grc' dir='ltr'><strong>ετ</strong></span> <span class='ocrx_word' id='word_1_779' title='bbox 1876 3205 1919 3266; x_wconf 89' lang='lat' dir='ltr'><strong><em>C</em></strong></span> <span class='ocrx_word' id='word_1_780' title='bbox 1949 3233 2071 3273; x_wconf 90' lang='lat' dir='ltr'><strong>cum</strong></span> <span class='ocrx_word' id='word_1_781' title='bbox 2096 3219 2163 3273; x_wconf 90' lang='lat' dir='ltr'><strong>de</strong></span> <span class='ocrx_word' id='word_1_782' title='bbox 2188 3216 2314 3287; x_wconf 82' lang='lat' dir='ltr'><strong>styli</strong></span> <span class='ocrx_word' id='word_1_783' title='bbox 2340 3224 2433 3270; x_wconf 89' lang='lat' dir='ltr'><strong>aut</strong></span> <span class='ocrx_word' id='word_1_784' title='bbox 2464 3213 2814 3269; x_wconf 89' lang='lat' dir='ltr'><strong>similitudine</strong></span> <span class='ocrx_word' id='word_1_785' title='bbox 2839 3218 2934 3265; x_wconf 88' lang='lat' dir='ltr'><strong>aut</strong></span> <span class='ocrx_word' id='word_1_786' title='bbox 2966 3208 3233 3263; x_wconf 87' lang='lat' dir='ltr'><strong>varietate</strong></span> <span class='ocrx_word' id='word_1_787' title='bbox 3268 3204 3341 3260; x_wconf 89' lang='lat' dir='ltr'><strong>ita</strong></span> <span class='ocrx_word' id='word_1_788' title='bbox 3389 3204 3532 3257; x_wconf 83' lang='lat' dir='ltr'><strong>inter</strong></span> 
     </span>
    </p>
   </div>
   <div class='ocr_carea' id='block_1_91' title="bbox 1944 3294 3531 3372">
    <p class='ocr_par' dir='ltr' id='par_1_91' title="bbox 1944 3294 3531 3372">
     <span class='ocr_line' id='line_1_91' title="bbox 1944 3294 3531 3372; baseline -0.014 -7"><span class='ocrx_word' id='word_1_789' title='bbox 1944 3324 2002 3366; x_wconf 90' lang='lat' dir='ltr'><strong>se</strong></span> <span class='ocrx_word' id='word_1_790' title='bbox 2034 3309 2335 3364; x_wconf 89' lang='lat' dir='ltr'><strong>dissideant</strong></span> <span class='ocrx_word' id='word_1_791' title='bbox 2368 3314 2637 3370; x_wconf 89' lang='lat' dir='ltr'><strong>auctores,</strong></span> <span class='ocrx_word' id='word_1_792' title='bbox 2668 3313 2726 3357; x_wconf 88' lang='lat' dir='ltr'><strong>ut</strong></span> <span class='ocrx_word' id='word_1_793' title='bbox 2749 3301 2893 3372; x_wconf 87' lang='lat' dir='ltr'><strong>quod</strong></span> <span class='ocrx_word' id='word_1_794' title='bbox 2933 3299 3074 3353; x_wconf 90' lang='lat' dir='ltr'><strong>alter</strong></span> <span class='ocrx_word' id='word_1_795' title='bbox 3105 3294 3367 3352; x_wconf 88' lang='lat' dir='ltr'><strong>dissimile</strong></span> <span class='ocrx_word' id='word_1_796' title='bbox 3406 3307 3531 3361; x_wconf 87' lang='lat' dir='ltr'><strong>pro-</strong></span> 
     </span>
    </p>
   </div>
   <div class='ocr_carea' id='block_1_92' title="bbox 1945 3384 3532 3463">
    <p class='ocr_par' dir='ltr' id='par_1_92' title="bbox 1945 3384 3532 3463">
     <span class='ocr_line' id='line_1_92' title="bbox 1945 3384 3532 3463; baseline -0.008 -13"><span class='ocrx_word' id='word_1_797' title='bbox 1945 3396 2179 3460; x_wconf 89' lang='lat' dir='ltr'><strong>nuntiat,</strong></span> <span class='ocrx_word' id='word_1_798' title='bbox 2225 3395 2278 3448; x_wconf 91' lang='lat' dir='ltr'><strong>id</strong></span> <span class='ocrx_word' id='word_1_799' title='bbox 2309 3393 2486 3449; x_wconf 92' lang='lat' dir='ltr'><strong>simile</strong></span> <span class='ocrx_word' id='word_1_800' title='bbox 2523 3406 2646 3446; x_wconf 90' lang='lat' dir='ltr'><strong>esse</strong></span> <span class='ocrx_word' id='word_1_801' title='bbox 2702 3390 2843 3463; x_wconf 87' lang='lat' dir='ltr'><strong>alter</strong></span> <span class='ocrx_word' id='word_1_802' title='bbox 2892 3388 3119 3459; x_wconf 85' lang='lat' dir='ltr'><strong>judicet.</strong></span> <span class='ocrx_word' id='word_1_803' title='bbox 3170 3384 3354 3454; x_wconf 77' lang='lat' dir='ltr'><strong>Neque</strong></span> <span class='ocrx_word' id='word_1_804' title='bbox 3399 3395 3532 3437; x_wconf 84' lang='lat' dir='ltr'><strong>sane</strong></span> 
     </span>
    </p>
   </div>
   <div class='ocr_carea' id='block_1_93' title="bbox 1946 3474 3531 3557">
    <p class='ocr_par' dir='ltr' id='par_1_93' title="bbox 1946 3474 3531 3557">
     <span class='ocr_line' id='line_1_93' title="bbox 1946 3474 3531 3557; baseline -0.009 -17"><span class='ocrx_word' id='word_1_805' title='bbox 1946 3486 2113 3542; x_wconf 89' lang='lat' dir='ltr'><strong>multo</strong></span> <span class='ocrx_word' id='word_1_806' title='bbox 2146 3486 2361 3557; x_wconf 77' lang='lat' dir='ltr'><strong>gravius</strong></span> <span class='ocrx_word' id='word_1_807' title='bbox 2390 3496 2472 3541; x_wconf 89' lang='lat' dir='ltr'><strong>est</strong></span> <span class='ocrx_word' id='word_1_808' title='bbox 2494 3484 2634 3555; x_wconf 91' lang='lat' dir='ltr'><strong>quod</strong></span> <span class='ocrx_word' id='word_1_809' title='bbox 2657 3482 2923 3553; x_wconf 89' lang='lat' dir='ltr'><strong>sequitur,</strong></span> <span class='ocrx_word' id='word_1_810' title='bbox 2959 3497 2979 3530; x_wconf 79' lang='lat' dir='ltr'><strong>s</strong></span> <span class='ocrx_word' id='word_1_811' title='bbox 3008 3479 3061 3534; x_wconf 90' lang='lat' dir='ltr'><strong>in</strong></span> <span class='ocrx_word' id='word_1_812' title='bbox 3098 3477 3200 3533; x_wconf 88' lang='lat' dir='ltr'><strong>hac</strong></span> <span class='ocrx_word' id='word_1_813' title='bbox 3226 3474 3531 3533; x_wconf 87' lang='lat' dir='ltr'><strong>enarratio-</strong></span> 
     </span>
    </p>
   </div>
   <div class='ocr_carea' id='block_1_94' title="bbox 1944 3569 3530 3644">
    <p class='ocr_par' dir='ltr' id='par_1_94' title="bbox 1944 3569 3530 3644">
     <span class='ocr_line' id='line_1_94' title="bbox 1944 3569 3530 3644; baseline -0.009 -12"><span class='ocrx_word' id='word_1_814' title='bbox 1944 3592 2015 3632; x_wconf 88' lang='lat' dir='ltr'><strong>ne</strong></span> <span class='ocrx_word' id='word_1_815' title='bbox 2065 3569 2393 3634; x_wconf 81' lang='lat' dir='ltr'><strong>mentionem</strong></span> <span class='ocrx_word' id='word_1_816' title='bbox 2444 3577 2557 3633; x_wconf 82' lang='lat' dir='ltr'><strong>fieri</strong></span> <span class='ocrx_word' id='word_1_817' title='bbox 2616 3576 2755 3632; x_wconf 77' lang='lat' dir='ltr'><strong>sexti</strong></span> <span class='ocrx_word' id='word_1_818' title='bbox 2806 3570 3022 3644; x_wconf 85' lang='lat' dir='ltr'><strong>psalmi,</strong></span> <span class='ocrx_word' id='word_1_819' title='bbox 3062 3588 3081 3623; x_wconf 76' lang='grc' dir='ltr'><strong>ι</strong></span> <span class='ocrx_word' id='word_1_820' title='bbox 3132 3582 3294 3639; x_wconf 90' lang='lat' dir='ltr'><strong>quem</strong></span> <span class='ocrx_word' id='word_1_821' title='bbox 3346 3574 3530 3619; x_wconf 86' lang='lat' dir='ltr'><strong>tamen</strong></span> 
     </span>
    </p>
   </div>
   <div class='ocr_carea' id='block_1_95' title="bbox 1945 3655 3527 3737">
    <p class='ocr_par' dir='ltr' id='par_1_95' title="bbox 1945 3655 3527 3737">
     <span class='ocr_line' id='line_1_95' title="bbox 1945 3655 3527 3737; baseline -0.008 -14"><span class='ocrx_word' id='word_1_822' title='bbox 1945 3679 2159 3725; x_wconf 90' lang='lat' dir='ltr'><strong>constat</strong></span> <span class='ocrx_word' id='word_1_823' title='bbox 2197 3670 2248 3723; x_wconf 94' lang='lat' dir='ltr'><strong>in</strong></span> <span class='ocrx_word' id='word_1_824' title='bbox 2278 3668 2458 3723; x_wconf 87' lang='lat' dir='ltr'><strong>Basilii</strong></span> <span class='ocrx_word' id='word_1_825' title='bbox 2489 3667 2744 3737; x_wconf 88' lang='lat' dir='ltr'><strong>operibus</strong></span> <span class='ocrx_word' id='word_1_826' title='bbox 2776 3681 2883 3719; x_wconf 92' lang='lat' dir='ltr'><strong>non</strong></span> <span class='ocrx_word' id='word_1_827' title='bbox 2920 3660 3175 3717; x_wconf 84' lang='lat' dir='ltr'><strong>inveniri.</strong></span> <span class='ocrx_word' id='word_1_828' title='bbox 3213 3658 3355 3726; x_wconf 86' lang='lat' dir='ltr'><strong>Quot</strong></span> <span class='ocrx_word' id='word_1_829' title='bbox 3384 3655 3527 3710; x_wconf 89' lang='lat' dir='ltr'><strong>enim</strong></span> 
     </span>
    </p>
   </div>
   <div class='ocr_carea' id='block_1_96' title="bbox 1944 3748 3529 3825">
    <p class='ocr_par' dir='ltr' id='par_1_96' title="bbox 1944 3748 3529 3825">
     <span class='ocr_line' id='line_1_96' title="bbox 1944 3748 3529 3825; baseline -0.009 -10"><span class='ocrx_word' id='word_1_830' title='bbox 1944 3770 2187 3815; x_wconf 88' lang='lat' dir='ltr'><strong>veterum</strong></span> <span class='ocrx_word' id='word_1_831' title='bbox 2216 3767 2566 3815; x_wconf 88' lang='lat' dir='ltr'><strong>monumenta</strong></span> <span class='ocrx_word' id='word_1_832' title='bbox 2594 3757 2770 3813; x_wconf 91' lang='lat' dir='ltr'><strong>omnis</strong></span> <span class='ocrx_word' id='word_1_833' title='bbox 2796 3753 3013 3825; x_wconf 87' lang='lat' dir='ltr'><strong>generis</strong></span> <span class='ocrx_word' id='word_1_834' title='bbox 3038 3766 3232 3822; x_wconf 86' lang='lat' dir='ltr'><strong>magno</strong></span> <span class='ocrx_word' id='word_1_835' title='bbox 3267 3749 3343 3805; x_wconf 89' lang='lat' dir='ltr'><strong>rei</strong></span> <span class='ocrx_word' id='word_1_836' title='bbox 3382 3748 3529 3802; x_wconf 84' lang='lat' dir='ltr'><strong>litte-</strong></span> 
     </span>
    </p>
   </div>
   <div class='ocr_carea' id='block_1_97' title="bbox 1946 3838 3528 3921">
    <p class='ocr_par' dir='ltr' id='par_1_97' title="bbox 1946 3838 3528 3921">
     <span class='ocr_line' id='line_1_97' title="bbox 1946 3838 3528 3921; baseline -0.009 -13"><span class='ocrx_word' id='word_1_837' title='bbox 1946 3854 2106 3908; x_wconf 66' lang='lat' dir='ltr'><strong>rariae</strong></span> <span class='ocrx_word' id='word_1_838' title='bbox 2153 3853 2348 3907; x_wconf 87' lang='lat' dir='ltr'><strong>damno</strong></span> <span class='ocrx_word' id='word_1_839' title='bbox 2398 3860 2699 3921; x_wconf 89' lang='lat' dir='ltr'><strong>temporum</strong></span> <span class='ocrx_word' id='word_1_840' title='bbox 2732 3848 2927 3919; x_wconf 83' lang='lat' dir='ltr'><strong>injuria</strong></span> <span class='ocrx_word' id='word_1_841' title='bbox 2967 3846 3197 3918; x_wconf 86' lang='lat' dir='ltr'><strong>periisse</strong></span> <span class='ocrx_word' id='word_1_842' title='bbox 3246 3838 3528 3899; x_wconf 75' lang='lat' dir='ltr'><strong>dolemus?</strong></span> 
     </span>
    </p>
   </div>
   <div class='ocr_carea' id='block_1_98' title="bbox 1947 3933 3529 4016">
    <p class='ocr_par' dir='ltr' id='par_1_98' title="bbox 1947 3933 3529 4016">
     <span class='ocr_line' id='line_1_98' title="bbox 1947 3933 3529 4016; baseline -0.007 -16"><span class='ocrx_word' id='word_1_843' title='bbox 1947 3944 2044 4002; x_wconf 88' lang='lat' dir='ltr'><strong>His</strong></span> <span class='ocrx_word' id='word_1_844' title='bbox 2065 3947 2130 4002; x_wconf 92' lang='lat' dir='ltr'><strong>de</strong></span> <span class='ocrx_word' id='word_1_845' title='bbox 2163 3946 2341 4002; x_wconf 85' lang='lat' dir='ltr'><strong>causis</strong></span> <span class='ocrx_word' id='word_1_846' title='bbox 2369 3945 2485 4015; x_wconf 84' lang='lat' dir='ltr'><strong>ejus</strong></span> <span class='ocrx_word' id='word_1_847' title='bbox 2507 3946 2597 4016; x_wconf 90' lang='lat' dir='ltr'><strong>qui</strong></span> <span class='ocrx_word' id='word_1_848' title='bbox 2626 3958 2746 3999; x_wconf 86' lang='lat' dir='ltr'><strong>eam</strong></span> <span class='ocrx_word' id='word_1_849' title='bbox 2777 3942 3081 3996; x_wconf 85' lang='lat' dir='ltr'><strong>orationem</strong></span> <span class='ocrx_word' id='word_1_850' title='bbox 3120 3937 3380 3999; x_wconf 85' lang='lat' dir='ltr'><strong>defendit,</strong></span> <span class='ocrx_word' id='word_1_851' title='bbox 3410 3933 3529 4005; x_wconf 87' lang='lat' dir='ltr'><strong>opi-</strong></span> 
     </span>
    </p>
   </div>
   <div class='ocr_carea' id='block_1_99' title="bbox 1948 4026 3524 4108">
    <p class='ocr_par' dir='ltr' id='par_1_99' title="bbox 1948 4026 3524 4108">
     <span class='ocr_line' id='line_1_99' title="bbox 1948 4026 3524 4108; baseline -0.008 -16"><span class='ocrx_word' id='word_1_852' title='bbox 1948 4039 2037 4094; x_wconf 93' lang='lat' dir='ltr'><strong>nio</strong></span> <span class='ocrx_word' id='word_1_853' title='bbox 2079 4038 2248 4093; x_wconf 90' lang='lat' dir='ltr'><strong>videri</strong></span> <span class='ocrx_word' id='word_1_854' title='bbox 2286 4038 2482 4108; x_wconf 87' lang='lat' dir='ltr'><strong>poterit</strong></span> <span class='ocrx_word' id='word_1_855' title='bbox 2526 4036 2927 4093; x_wconf 86' lang='lat' dir='ltr'><strong>Combefisiana</strong></span> <span class='ocrx_word' id='word_1_856' title='bbox 2970 4033 3131 4102; x_wconf 91' lang='lat' dir='ltr'><strong>longe</strong></span> <span class='ocrx_word' id='word_1_857' title='bbox 3172 4026 3524 4100; x_wconf 85' lang='lat' dir='ltr'><strong>probabilior,</strong></span> 
     </span>
    </p>
   </div>
   <div class='ocr_carea' id='block_1_100' title="bbox 1946 4117 3525 4198">
    <p class='ocr_par' dir='ltr' id='par_1_100' title="bbox 1946 4117 3525 4198">
     <span class='ocr_line' id='line_1_100' title="bbox 1946 4117 3525 4198; baseline -0.009 -15"><span class='ocrx_word' id='word_1_858' title='bbox 1946 4127 2221 4198; x_wconf 91' lang='lat' dir='ltr'><strong>multoque</strong></span> <span class='ocrx_word' id='word_1_859' title='bbox 2250 4128 2471 4197; x_wconf 85' lang='lat' dir='ltr'><strong>prepior</strong></span> <span class='ocrx_word' id='word_1_860' title='bbox 2497 4141 2648 4181; x_wconf 88' lang='lat' dir='ltr'><strong>vero.</strong></span> <span class='ocrx_word' id='word_1_861' title='bbox 2677 4124 2875 4179; x_wconf 86' lang='lat' dir='ltr'><strong>Notum</strong></span> <span class='ocrx_word' id='word_1_862' title='bbox 2905 4129 2989 4177; x_wconf 91' lang='lat' dir='ltr'><strong>est</strong></span> <span class='ocrx_word' id='word_1_863' title='bbox 3008 4121 3151 4177; x_wconf 89' lang='lat' dir='ltr'><strong>enim</strong></span> <span class='ocrx_word' id='word_1_864' title='bbox 3179 4117 3525 4179; x_wconf 81' lang='lat' dir='ltr'><strong>Ambrosium</strong></span> 
     </span>
    </p>
   </div>
   <div class='ocr_carea' id='block_1_101' title="bbox 1946 4211 3522 4289">
    <p class='ocr_par' dir='ltr' id='par_1_101' title="bbox 1946 4211 3522 4289">
     <span class='ocr_line' id='line_1_101' title="bbox 1946 4211 3522 4289; baseline -0.006 -17"><span class='ocrx_word' id='word_1_865' title='bbox 1946 4233 2269 4289; x_wconf 79' lang='lat' dir='ltr'><strong>quacunque</strong></span> <span class='ocrx_word' id='word_1_866' title='bbox 2300 4218 2587 4273; x_wconf 87' lang='lat' dir='ltr'><strong>occasione</strong></span> <span class='ocrx_word' id='word_1_867' title='bbox 2617 4218 2738 4272; x_wconf 83' lang='lat' dir='ltr'><strong>data</strong></span> <span class='ocrx_word' id='word_1_868' title='bbox 2760 4214 2942 4271; x_wconf 89' lang='lat' dir='ltr'><strong>Basilii</strong></span> <span class='ocrx_word' id='word_1_869' title='bbox 2970 4213 3212 4283; x_wconf 86' lang='lat' dir='ltr'><strong>vestigiis</strong></span> <span class='ocrx_word' id='word_1_870' title='bbox 3234 4211 3522 4273; x_wconf 68' lang='lat' dir='ltr'><strong>inhaerere,</strong></span> 
     </span>
    </p>
   </div>
   <div class='ocr_carea' id='block_1_102' title="bbox 1946 4300 3525 4379">
    <p class='ocr_par' dir='ltr' id='par_1_102' title="bbox 1946 4300 3525 4379">
     <span class='ocr_line' id='line_1_102' title="bbox 1946 4300 3525 4379; baseline -0.006 -14"><span class='ocrx_word' id='word_1_871' title='bbox 1946 4325 2015 4365; x_wconf 81' lang='lat' dir='ltr'><strong>ex</strong></span> <span class='ocrx_word' id='word_1_872' title='bbox 2047 4323 2220 4379; x_wconf 85' lang='lat' dir='ltr'><strong>eoque</strong></span> <span class='ocrx_word' id='word_1_873' title='bbox 2259 4309 2425 4363; x_wconf 88' lang='lat' dir='ltr'><strong>multa</strong></span> <span class='ocrx_word' id='word_1_874' title='bbox 2454 4308 2689 4363; x_wconf 89' lang='lat' dir='ltr'><strong>mutuari</strong></span> <span class='ocrx_word' id='word_1_875' title='bbox 2723 4308 2937 4363; x_wconf 90' lang='lat' dir='ltr'><strong>solitum</strong></span> <span class='ocrx_word' id='word_1_876' title='bbox 2968 4320 3110 4361; x_wconf 90' lang='lat' dir='ltr'><strong>esse.</strong></span> <span class='ocrx_word' id='word_1_877' title='bbox 3150 4305 3325 4370; x_wconf 83' lang='lat' dir='ltr'><strong>Quam</strong></span> <span class='ocrx_word' id='word_1_878' title='bbox 3356 4300 3525 4355; x_wconf 84' lang='lat' dir='ltr'><strong>multa</strong></span> 
     </span>
    </p>
   </div>
   <div class='ocr_carea' id='block_1_103' title="bbox 1948 4395 3523 4470">
    <p class='ocr_par' dir='ltr' id='par_1_103' title="bbox 1948 4395 3523 4470">
     <span class='ocr_line' id='line_1_103' title="bbox 1948 4395 3523 4470; baseline -0.005 -15"><span class='ocrx_word' id='word_1_879' title='bbox 1948 4412 2125 4456; x_wconf 87' lang='lat' dir='ltr'><strong>autem</strong></span> <span class='ocrx_word' id='word_1_880' title='bbox 2178 4416 2246 4456; x_wconf 81' lang='lat' dir='ltr'><strong>ex</strong></span> <span class='ocrx_word' id='word_1_881' title='bbox 2303 4402 2404 4456; x_wconf 80' lang='lat' dir='ltr'><strong>hac</strong></span> <span class='ocrx_word' id='word_1_882' title='bbox 2452 4400 2505 4454; x_wconf 88' lang='lat' dir='ltr'><strong>in</strong></span> <span class='ocrx_word' id='word_1_883' title='bbox 2552 4400 2813 4470; x_wconf 87' lang='lat' dir='ltr'><strong>psalmum</strong></span> <span class='ocrx_word' id='word_1_884' title='bbox 2861 4398 3193 4453; x_wconf 88' lang='lat' dir='ltr'><strong>tricesimum</strong></span> <span class='ocrx_word' id='word_1_885' title='bbox 3235 4395 3523 4462; x_wconf 86' lang='lat' dir='ltr'><strong>septimum</strong></span> 
     </span>
    </p>
   </div>
   <div class='ocr_carea' id='block_1_104' title="bbox 1948 4491 3522 4564">
    <p class='ocr_par' dir='ltr' id='par_1_104' title="bbox 1948 4491 3522 4564">
     <span class='ocr_line' id='line_1_104' title="bbox 1948 4491 3522 4564; baseline -0.006 -17"><span class='ocrx_word' id='word_1_886' title='bbox 1948 4493 2293 4548; x_wconf 89' lang='lat' dir='ltr'><strong>enarratione</strong></span> <span class='ocrx_word' id='word_1_887' title='bbox 2319 4493 2627 4564; x_wconf 88' lang='lat' dir='ltr'><strong>sumpserit,</strong></span> <span class='ocrx_word' id='word_1_888' title='bbox 2660 4491 2936 4563; x_wconf 87' lang='lat' dir='ltr'><strong>aliquanto</strong></span> <span class='ocrx_word' id='word_1_889' title='bbox 2971 4499 3095 4543; x_wconf 87' lang='lat' dir='ltr'><strong>ante</strong></span> <span class='ocrx_word' id='word_1_890' title='bbox 3120 4496 3397 4542; x_wconf 92' lang='lat' dir='ltr'><strong>ostensum</strong></span> <span class='ocrx_word' id='word_1_891' title='bbox 3416 4493 3522 4541; x_wconf 87' lang='lat' dir='ltr'><strong>est.</strong></span> 
     </span>
    </p>
   </div>
   <div class='ocr_carea' id='block_1_105' title="bbox 1942 4581 3522 4653">
    <p class='ocr_par' dir='ltr' id='par_1_105' title="bbox 1942 4581 3522 4653">
     <span class='ocr_line' id='line_1_105' title="bbox 1942 4581 3522 4653; baseline -0.005 -12"><span class='ocrx_word' id='word_1_892' title='bbox 1942 4586 2051 4641; x_wconf 83' lang='lat' dir='ltr'><strong>Cur</strong></span> <span class='ocrx_word' id='word_1_893' title='bbox 2112 4585 2277 4653; x_wconf 82' lang='lat' dir='ltr'><strong>igitur</strong></span> <span class='ocrx_word' id='word_1_894' title='bbox 2319 4585 2432 4639; x_wconf 67' lang='lat' dir='ltr'><strong>haec</strong></span> <span class='ocrx_word' id='word_1_895' title='bbox 2475 4583 2647 4638; x_wconf 87' lang='lat' dir='ltr'><strong>oratio</strong></span> <span class='ocrx_word' id='word_1_896' title='bbox 2674 4582 2871 4636; x_wconf 89' lang='lat' dir='ltr'><strong>Basilio</strong></span> <span class='ocrx_word' id='word_1_897' title='bbox 2922 4596 3026 4635; x_wconf 90' lang='lat' dir='ltr'><strong>non</strong></span> <span class='ocrx_word' id='word_1_898' title='bbox 3063 4581 3415 4644; x_wconf 89' lang='lat' dir='ltr'><strong>tribueretur,</strong></span> <span class='ocrx_word' id='word_1_899' title='bbox 3454 4592 3522 4633; x_wconf 80' lang='lat' dir='ltr'><strong>ex</strong></span> 
     </span>
    </p>
   </div>
   <div class='ocr_carea' id='block_1_106' title="bbox 1942 4670 3524 4748">
    <p class='ocr_par' dir='ltr' id='par_1_106' title="bbox 1942 4670 3524 4748">
     <span class='ocr_line' id='line_1_106' title="bbox 1942 4670 3524 4748; baseline -0.004 -17"><span class='ocrx_word' id='word_1_900' title='bbox 1942 4691 2048 4748; x_wconf 86' lang='lat' dir='ltr'><strong>qua</strong></span> <span class='ocrx_word' id='word_1_901' title='bbox 2078 4675 2423 4731; x_wconf 86' lang='lat' dir='ltr'><strong>Ambrosium</strong></span> <span class='ocrx_word' id='word_1_902' title='bbox 2452 4674 2676 4745; x_wconf 90' lang='lat' dir='ltr'><strong>perinde</strong></span> <span class='ocrx_word' id='word_1_903' title='bbox 2705 4680 2763 4728; x_wconf 87' lang='lat' dir='ltr'><strong>ut</strong></span> <span class='ocrx_word' id='word_1_904' title='bbox 2792 4687 2861 4727; x_wconf 77' lang='lat' dir='ltr'><strong>ex</strong></span> <span class='ocrx_word' id='word_1_905' title='bbox 2890 4671 3115 4742; x_wconf 90' lang='lat' dir='ltr'><strong>reliquis</strong></span> <span class='ocrx_word' id='word_1_906' title='bbox 3144 4670 3323 4725; x_wconf 80' lang='lat' dir='ltr'><strong>Basilii</strong></span> <span class='ocrx_word' id='word_1_907' title='bbox 3344 4670 3524 4741; x_wconf 85' lang='lat' dir='ltr'><strong>operi-</strong></span> 
     </span>
    </p>
   </div>
   <div class='ocr_carea' id='block_1_107' title="bbox 1942 4761 3521 4836">
    <p class='ocr_par' dir='ltr' id='par_1_107' title="bbox 1942 4761 3521 4836">
     <span class='ocr_line' id='line_1_107' title="bbox 1942 4761 3521 4836; baseline -0.004 -13"><span class='ocrx_word' id='word_1_908' title='bbox 1942 4769 2042 4823; x_wconf 83' lang='lat' dir='ltr'><strong>bus</strong></span> <span class='ocrx_word' id='word_1_909' title='bbox 2075 4767 2239 4821; x_wconf 88' lang='lat' dir='ltr'><strong>multa</strong></span> <span class='ocrx_word' id='word_1_910' title='bbox 2272 4766 2609 4836; x_wconf 80' lang='lat' dir='ltr'><strong>excerpsisse</strong></span> <span class='ocrx_word' id='word_1_911' title='bbox 2630 4764 2881 4819; x_wconf 85' lang='lat' dir='ltr'><strong>constat?</strong></span> <span class='ocrx_word' id='word_1_912' title='bbox 2903 4761 3087 4832; x_wconf 85' lang='lat' dir='ltr'><strong>Neque</strong></span> <span class='ocrx_word' id='word_1_913' title='bbox 3115 4778 3216 4815; x_wconf 92' lang='lat' dir='ltr'><strong>non</strong></span> <span class='ocrx_word' id='word_1_914' title='bbox 3248 4777 3367 4816; x_wconf 86' lang='lat' dir='ltr'><strong>eam</strong></span> <span class='ocrx_word' id='word_1_915' title='bbox 3396 4776 3521 4816; x_wconf 87' lang='lat' dir='ltr'><strong>sen-</strong></span> 
     </span>
    </p>
   </div>
   <div class='ocr_carea' id='block_1_108' title="bbox 1942 4853 3520 4929">
    <p class='ocr_par' dir='ltr' id='par_1_108' title="bbox 1942 4853 3520 4929">
     <span class='ocr_line' id='line_1_108' title="bbox 1942 4853 3520 4929; baseline -0.004 -15"><span class='ocrx_word' id='word_1_916' title='bbox 1942 4859 2163 4915; x_wconf 89' lang='lat' dir='ltr'><strong>tentiam</strong></span> <span class='ocrx_word' id='word_1_917' title='bbox 2187 4859 2423 4929; x_wconf 86' lang='lat' dir='ltr'><strong>adjuvat,</strong></span> <span class='ocrx_word' id='word_1_918' title='bbox 2448 4858 2590 4926; x_wconf 89' lang='lat' dir='ltr'><strong>quod</strong></span> <span class='ocrx_word' id='word_1_919' title='bbox 2612 4856 2980 4911; x_wconf 82' lang='lat' dir='ltr'><strong>Ambrosiuse</strong></span> <span class='ocrx_word' id='word_1_920' title='bbox 3004 4853 3182 4908; x_wconf 90' lang='lat' dir='ltr'><strong>Basilii</strong></span> <span class='ocrx_word' id='word_1_921' title='bbox 3208 4853 3260 4907; x_wconf 93' lang='lat' dir='ltr'><strong>in</strong></span> <span class='ocrx_word' id='word_1_922' title='bbox 3284 4853 3520 4923; x_wconf 85' lang='lat' dir='ltr'><strong>primum</strong></span> 
     </span>
    </p>
   </div>
   <div class='ocr_carea' id='block_1_109' title="bbox 1941 4942 3520 5020">
    <p class='ocr_par' dir='ltr' id='par_1_109' title="bbox 1941 4942 3520 5020">
     <span class='ocr_line' id='line_1_109' title="bbox 1941 4942 3520 5020; baseline -0.005 -16"><span class='ocrx_word' id='word_1_923' title='bbox 1941 4950 2204 5020; x_wconf 82' lang='lat' dir='ltr'><strong>psalmum</strong></span> <span class='ocrx_word' id='word_1_924' title='bbox 2229 4949 2451 5019; x_wconf 89' lang='lat' dir='ltr'><strong>prologo</strong></span> <span class='ocrx_word' id='word_1_925' title='bbox 2478 4951 2531 5003; x_wconf 93' lang='lat' dir='ltr'><strong>in</strong></span> <span class='ocrx_word' id='word_1_926' title='bbox 2559 4962 2710 5003; x_wconf 89' lang='lat' dir='ltr'><strong>suam</strong></span> <span class='ocrx_word' id='word_1_927' title='bbox 2742 4960 2849 5001; x_wconf 90' lang='lat' dir='ltr'><strong>non</strong></span> <span class='ocrx_word' id='word_1_928' title='bbox 2886 4959 3055 5013; x_wconf 87' lang='lat' dir='ltr'><strong>pauca</strong></span> <span class='ocrx_word' id='word_1_929' title='bbox 3095 4943 3391 4998; x_wconf 89' lang='lat' dir='ltr'><strong>transtulit.</strong></span> <span class='ocrx_word' id='word_1_930' title='bbox 3440 4942 3520 4996; x_wconf 80' lang='lat' dir='ltr'><strong>Ex</strong></span> 
     </span>
    </p>
   </div>
   <div class='ocr_carea' id='block_1_110' title="bbox 1939 5035 3518 5111">
    <p class='ocr_par' dir='ltr' id='par_1_110' title="bbox 1939 5035 3518 5111">
     <span class='ocr_line' id='line_1_110' title="bbox 1939 5035 3518 5111; baseline -0.004 -19"><span class='ocrx_word' id='word_1_931' title='bbox 1939 5056 2045 5111; x_wconf 92' lang='lat' dir='ltr'><strong>quo</strong></span> <span class='ocrx_word' id='word_1_932' title='bbox 2078 5043 2157 5106; x_wconf 83' lang='lat' dir='ltr'><strong>lit,</strong></span> <span class='ocrx_word' id='word_1_933' title='bbox 2198 5050 2258 5095; x_wconf 91' lang='lat' dir='ltr'><strong>ut</strong></span> <span class='ocrx_word' id='word_1_934' title='bbox 2291 5040 2412 5109; x_wconf 79' lang='lat' dir='ltr'><strong>jure</strong></span> <span class='ocrx_word' id='word_1_935' title='bbox 2453 5040 2599 5095; x_wconf 88' lang='lat' dir='ltr'><strong>credi</strong></span> <span class='ocrx_word' id='word_1_936' title='bbox 2643 5039 2811 5108; x_wconf 88' lang='lat' dir='ltr'><strong>possit</strong></span> <span class='ocrx_word' id='word_1_937' title='bbox 2842 5036 3095 5093; x_wconf 89' lang='lat' dir='ltr'><strong>nonnulla</strong></span> <span class='ocrx_word' id='word_1_938' title='bbox 3137 5051 3206 5090; x_wconf 79' lang='lat' dir='ltr'><strong>ex</strong></span> <span class='ocrx_word' id='word_1_939' title='bbox 3246 5035 3347 5088; x_wconf 90' lang='lat' dir='ltr'><strong>hoc</strong></span> <span class='ocrx_word' id='word_1_940' title='bbox 3379 5048 3518 5102; x_wconf 90' lang='lat' dir='ltr'><strong>quo-</strong></span> 
     </span>
    </p>
   </div>
   <div class='ocr_carea' id='block_1_111' title="bbox 1937 5125 3519 5202">
    <p class='ocr_par' dir='ltr' id='par_1_111' title="bbox 1937 5125 3519 5202">
     <span class='ocr_line' id='line_1_111' title="bbox 1937 5125 3519 5202; baseline -0.004 -15"><span class='ocrx_word' id='word_1_941' title='bbox 1937 5147 2043 5201; x_wconf 91' lang='lat' dir='ltr'><strong>que</strong></span> <span class='ocrx_word' id='word_1_942' title='bbox 2068 5133 2122 5187; x_wconf 93' lang='lat' dir='ltr'><strong>in</strong></span> <span class='ocrx_word' id='word_1_943' title='bbox 2152 5132 2419 5202; x_wconf 88' lang='lat' dir='ltr'><strong>psalmum</strong></span> <span class='ocrx_word' id='word_1_944' title='bbox 2455 5130 2787 5186; x_wconf 86' lang='lat' dir='ltr'><strong>tricesimum</strong></span> <span class='ocrx_word' id='word_1_945' title='bbox 2808 5130 3094 5198; x_wconf 90' lang='lat' dir='ltr'><strong>septimum</strong></span> <span class='ocrx_word' id='word_1_946' title='bbox 3127 5125 3519 5182; x_wconf 85' lang='lat' dir='ltr'><strong>commentario</strong></span> 
     </span>
    </p>
   </div>
   <div class='ocr_carea' id='block_1_112' title="bbox 1938 5216 3513 5293">
    <p class='ocr_par' dir='ltr' id='par_1_112' title="bbox 1938 5216 3513 5293">
     <span class='ocr_line' id='line_1_112' title="bbox 1938 5216 3513 5293; baseline -0.004 -15"><span class='ocrx_word' id='word_1_947' title='bbox 1938 5225 2256 5293; x_wconf 89' lang='lat' dir='ltr'><strong>sumpsisse.</strong></span> <span class='ocrx_word' id='word_1_948' title='bbox 2288 5222 2405 5279; x_wconf 83' lang='lat' dir='ltr'><strong>Jam</strong></span> <span class='ocrx_word' id='word_1_949' title='bbox 2435 5222 2562 5293; x_wconf 91' lang='lat' dir='ltr'><strong>quid</strong></span> <span class='ocrx_word' id='word_1_950' title='bbox 2590 5222 2818 5277; x_wconf 88' lang='lat' dir='ltr'><strong>sentiam</strong></span> <span class='ocrx_word' id='word_1_951' title='bbox 2861 5223 2996 5290; x_wconf 89' lang='lat' dir='ltr'><strong>ipse,</strong></span> <span class='ocrx_word' id='word_1_952' title='bbox 3030 5217 3215 5290; x_wconf 89' lang='lat' dir='ltr'><strong>paucis</strong></span> <span class='ocrx_word' id='word_1_953' title='bbox 3253 5216 3513 5285; x_wconf 82' lang='lat' dir='ltr'><strong>aperiam.</strong></span> 
     </span>
    </p>
   </div>
   <div class='ocr_carea' id='block_1_113' title="bbox 1938 5307 3516 5383">
    <p class='ocr_par' dir='ltr' id='par_1_113' title="bbox 1938 5307 3516 5383">
     <span class='ocr_line' id='line_1_113' title="bbox 1938 5307 3516 5383; baseline -0.004 -16"><span class='ocrx_word' id='word_1_954' title='bbox 1938 5313 2457 5383; x_wconf 84' lang='lat' dir='ltr'><strong>Beprehendendum</strong></span> <span class='ocrx_word' id='word_1_955' title='bbox 2488 5313 2867 5369; x_wconf 80' lang='lat' dir='ltr'><strong>Combeiisium</strong></span> <span class='ocrx_word' id='word_1_956' title='bbox 2893 5322 3043 5382; x_wconf 89' lang='lat' dir='ltr'><strong>puto,</strong></span> <span class='ocrx_word' id='word_1_957' title='bbox 3076 5325 3182 5365; x_wconf 90' lang='lat' dir='ltr'><strong>non</strong></span> <span class='ocrx_word' id='word_1_958' title='bbox 3225 5307 3368 5379; x_wconf 93' lang='lat' dir='ltr'><strong>quod</strong></span> <span class='ocrx_word' id='word_1_959' title='bbox 3395 5321 3516 5362; x_wconf 84' lang='lat' dir='ltr'><strong>eam</strong></span> 
     </span>
    </p>
   </div>
   <div class='ocr_carea' id='block_1_114' title="bbox 1938 5398 3514 5475">
    <p class='ocr_par' dir='ltr' id='par_1_114' title="bbox 1938 5398 3514 5475">
     <span class='ocr_line' id='line_1_114' title="bbox 1938 5398 3514 5475; baseline -0.004 -18"><span class='ocrx_word' id='word_1_960' title='bbox 1938 5406 2239 5460; x_wconf 85' lang='lat' dir='ltr'><strong>orationem</strong></span> <span class='ocrx_word' id='word_1_961' title='bbox 2268 5407 2321 5460; x_wconf 91' lang='lat' dir='ltr'><strong>in</strong></span> <span class='ocrx_word' id='word_1_962' title='bbox 2354 5407 2620 5475; x_wconf 90' lang='lat' dir='ltr'><strong>suspectis</strong></span> <span class='ocrx_word' id='word_1_963' title='bbox 2644 5405 2921 5467; x_wconf 86' lang='lat' dir='ltr'><strong>habuerit,</strong></span> <span class='ocrx_word' id='word_1_964' title='bbox 2949 5402 3044 5458; x_wconf 83' lang='lat' dir='ltr'><strong>sed</strong></span> <span class='ocrx_word' id='word_1_965' title='bbox 3076 5401 3217 5471; x_wconf 93' lang='lat' dir='ltr'><strong>quod</strong></span> <span class='ocrx_word' id='word_1_966' title='bbox 3251 5398 3381 5455; x_wconf 86' lang='lat' dir='ltr'><strong>nihil</strong></span> <span class='ocrx_word' id='word_1_967' title='bbox 3414 5413 3514 5453; x_wconf 79' lang='lat' dir='ltr'><strong>su-</strong></span> 
     </span>
    </p>
   </div>
   <div class='ocr_carea' id='block_1_115' title="bbox 1938 5492 3517 5566">
    <p class='ocr_par' dir='ltr' id='par_1_115' title="bbox 1938 5492 3517 5566">
     <span class='ocr_line' id='line_1_115' title="bbox 1938 5492 3517 5566; baseline -0.004 -16"><span class='ocrx_word' id='word_1_968' title='bbox 1938 5510 2032 5550; x_wconf 86' lang='lat' dir='ltr'><strong>sus</strong></span> <span class='ocrx_word' id='word_1_969' title='bbox 2062 5497 2134 5551; x_wconf 93' lang='lat' dir='ltr'><strong>sit</strong></span> <span class='ocrx_word' id='word_1_970' title='bbox 2160 5498 2530 5566; x_wconf 85' lang='lat' dir='ltr'><strong>pronuntiare.</strong></span> <span class='ocrx_word' id='word_1_971' title='bbox 2557 5497 2696 5564; x_wconf 86' lang='lat' dir='ltr'><strong>Quin</strong></span> <span class='ocrx_word' id='word_1_972' title='bbox 2728 5496 2874 5551; x_wconf 90' lang='lat' dir='ltr'><strong>enim</strong></span> <span class='ocrx_word' id='word_1_973' title='bbox 2904 5496 3047 5548; x_wconf 89' lang='lat' dir='ltr'><strong>inter</strong></span> <span class='ocrx_word' id='word_1_974' title='bbox 3068 5507 3226 5562; x_wconf 86' lang='lat' dir='ltr'><strong>opera</strong></span> <span class='ocrx_word' id='word_1_975' title='bbox 3256 5492 3386 5545; x_wconf 85' lang='lat' dir='ltr'><strong>falsa</strong></span> <span class='ocrx_word' id='word_1_976' title='bbox 3416 5504 3517 5544; x_wconf 88' lang='lat' dir='ltr'><strong>nu-</strong></span> 
     </span>
    </p>
   </div>
   <div class='ocr_carea' id='block_1_116' title="bbox 1941 5581 3514 5658">
    <p class='ocr_par' dir='ltr' id='par_1_116' title="bbox 1941 5581 3514 5658">
     <span class='ocr_line' id='line_1_116' title="bbox 1941 5581 3514 5658; baseline -0.006 -14"><span class='ocrx_word' id='word_1_977' title='bbox 1941 5593 2197 5646; x_wconf 89' lang='lat' dir='ltr'><strong>meranda</strong></span> <span class='ocrx_word' id='word_1_978' title='bbox 2229 5592 2318 5658; x_wconf 89' lang='lat' dir='ltr'><strong>sit,</strong></span> <span class='ocrx_word' id='word_1_979' title='bbox 2349 5591 2569 5645; x_wconf 89' lang='lat' dir='ltr'><strong>dubium</strong></span> <span class='ocrx_word' id='word_1_980' title='bbox 2608 5604 2715 5643; x_wconf 89' lang='lat' dir='ltr'><strong>non</strong></span> <span class='ocrx_word' id='word_1_981' title='bbox 2744 5596 2846 5653; x_wconf 86' lang='lat' dir='ltr'><strong>est,</strong></span> <span class='ocrx_word' id='word_1_982' title='bbox 2868 5602 3013 5652; x_wconf 86' lang='lat' dir='ltr'><strong>cum,</strong></span> <span class='ocrx_word' id='word_1_983' title='bbox 3037 5594 3094 5640; x_wconf 93' lang='lat' dir='ltr'><strong>ut</strong></span> <span class='ocrx_word' id='word_1_984' title='bbox 3124 5598 3270 5639; x_wconf 91' lang='lat' dir='ltr'><strong>num.</strong></span> <span class='ocrx_word' id='word_1_985' title='bbox 3293 5581 3364 5637; x_wconf 76' lang='lat'><strong>36</strong></span> <span class='ocrx_word' id='word_1_986' title='bbox 3388 5594 3514 5651; x_wconf 84' lang='lat' dir='ltr'><strong>pro-</strong></span> 
     </span>
    </p>
   </div>
   <div class='ocr_carea' id='block_1_117' title="bbox 1950 5690 3514 5769">
    <p class='ocr_par' dir='ltr' id='par_1_117' title="bbox 1950 5690 3514 5769">
     <span class='ocr_line' id='line_1_117' title="bbox 1950 5690 3514 5769; baseline -0.006 -9"><span class='ocrx_word' id='word_1_987' title='bbox 1950 5698 1990 5737; x_wconf 71' lang='lat'>“</span> <span class='ocrx_word' id='word_1_988' title='bbox 2020 5704 2148 5761; x_wconf 84' lang='lat' dir='ltr'><strong>ibid.</strong></span> <span class='ocrx_word' id='word_1_989' title='bbox 2229 5707 2269 5738; x_wconf 80' lang='grc'>¹²</span> <span class='ocrx_word' id='word_1_990' title='bbox 2299 5698 2679 5769; x_wconf 59' lang='grc' dir='ltr'>Ρειιινιιινιι,</span> <span class='ocrx_word' id='word_1_991' title='bbox 2704 5701 2811 5758; x_wconf 71' lang='grc'><strong>49.’</strong></span> <span class='ocrx_word' id='word_1_992' title='bbox 2856 5701 2916 5733; x_wconf 74' lang='grc' dir='ltr'><strong>οί³</strong></span> <span class='ocrx_word' id='word_1_993' title='bbox 2939 5700 3037 5761; x_wconf 78' lang='lat' dir='ltr'><strong>Job</strong></span> <span class='ocrx_word' id='word_1_994' title='bbox 3064 5716 3137 5762; x_wconf 87' lang='lat' dir='ltr'><strong>vt,</strong></span> <span class='ocrx_word' id='word_1_995' title='bbox 3164 5697 3220 5753; x_wconf 71' lang='grc'><strong>4.</strong></span> <span class='ocrx_word' id='word_1_996' title='bbox 3298 5695 3347 5730; x_wconf 70' lang='grc' dir='ltr'>ιδ</span> <span class='ocrx_word' id='word_1_997' title='bbox 3366 5690 3514 5752; x_wconf 81' lang='lat' dir='ltr'><strong>Psal.</strong></span> 
     </span>
    </p>
   </div>
  </div>
