4040 6468
518 413 670 454 CXCVI

1861 387 1882 438 Ι
1906 381 2362 440 liOLEGOMENA

513 513 745 574 habitur,
802 508 1008 561 Eusebii
1051 507 1188 559 fctus
1229 507 1318 569 sit,
1362 519 1464 557 non
1514 503 1715 557 Basilii.
1763 503 2082 556 Ambrosius
2109 506 2154 560 Α
2182 497 2390 548 censeri
2419 510 2523 547 non
2553 492 2700 554 sinit,
2727 490 2978 543 Basilium
3011 488 3062 539 in
3093 488 3269 552 priora
3291 483 3527 552 ejusdem
3559 485 3753 550 psalmi

509 600 673 669 igitur
700 600 823 652 hinc
851 598 972 650 inde
1005 611 1033 648 e
1063 595 1263 649 Graecis
1291 596 1524 649 fontibus
1561 593 1816 662 quidquid
1850 593 2070 653 libebat,

505 692 796 745 corradere
827 697 1096 751 assuetus,
1136 705 1196 744 ea
1239 703 1354 756 qua:
1400 689 1682 743 retulimus
1723 699 1828 736 non
1859 700 1890 740 e
1919 683 2071 737 Basi-

508 780 602 848 lio,
633 782 722 835 sed
751 796 816 834 ex
841 779 1053 836 Eusebii
1077 781 1477 836 Commentario
1507 787 1780 833 mutuatus
1808 788 1910 833 est.
1945 777 2071 837 Aut,

507 876 650 943 quod
685 871 821 926 forte
850 871 1031 926 verius
1059 883 1158 934 est,
1196 874 1306 941 jam
1346 874 1413 927 ab
1441 872 1530 926 illo
1561 881 1799 939 tempore
1830 870 1941 923 hazc
1969 863 2073 918 Eu-

508 963 642 1018 sebii
681 963 855 1017 oratio
900 962 1041 1017 inter
1067 961 1366 1016 Basilianas
1407 961 1749 1015 iuAmbrosii
1777 957 1958 1014 codice
1988 970 2076 1009 re-

509 1053 838 1123 periebatur.
878 1051 1080 1109 Vereor
1126 1069 1193 1108 ne
1239 1055 1292 1108 in
1325 1053 1406 1107 his
1433 1050 1554 1122 plus
1578 1052 1723 1122 justo
1763 1052 2074 1102 immoratus

508 1156 626 1198 esse
650 1143 852 1198 videar.
887 1143 992 1198 Sed
1031 1143 1147 1199 hzec
1185 1143 1520 1208 observasse,
1557 1143 1601 1197 si
1634 1149 1911 1210 propterea
1950 1137 2072 1192 dili-

509 1235 682 1302 gentia
747 1235 918 1304 major
978 1251 1008 1289 a
1069 1235 1425 1304 scriptoribus
1478 1237 1530 1290 in
1589 1232 1793 1286 criticis
1839 1229 1951 1286 suis
2011 1230 2076 1283 de

508 1322 724 1378 Patrum
748 1327 1000 1395 operibus
1027 1324 1246 1394 judiciis
1276 1326 1614 1388 adhibeatur,
1653 1336 1736 1378 tne
1761 1337 1867 1377 non
1899 1321 2072 1392 pceni-

513 1415 668 1469 lebit.

576 1505 664 1559 33.
689 1507 862 1572 Quam
895 1509 1117 1562 arduum
1152 1504 1219 1557 sit
1265 1503 1330 1558 dc
1357 1514 1638 1558 auctorum
1675 1501 1892 1573 scriptis
1933 1511 2076 1556 recte

500 1595 764 1665 judicare,
801 1606 942 1664 patet
975 1605 1029 1650 et
1051 1611 1113 1650 ex
1143 1596 1319 1659 dictis,
1351 1605 1405 1649 et
1440 1610 1524 1650 res
1551 1596 1666 1664 ipsa
1708 1595 1925 1649 clamat.
1969 1593 2074 1646 Sed

505 1703 614 1756 quo
647 1684 926 1743 difficultas
952 1686 1120 1753 major
1142 1696 1245 1747 est,
1275 1701 1338 1741 eo
1367 1695 1493 1756 puto
1521 1689 1595 1742 rei
1618 1697 1724 1740 tam
1758 1684 2076 1739 necessaria:

506 1778 824 1832 obstinatius
867 1777 1286 1833 incumbendum
1329 1793 1467 1832 esse.
1497 1776 1831 1846 Quapropter
1868 1791 1968 1830 nec
1995 1775 2073 1828 la-

2182 584 2340 638 verba
2391 583 2702 636 concionem
2745 579 2812 631 ad
2838 575 3086 647 populum
3121 575 3390 629 habuisse.
3437 573 3511 626 Ex
3541 584 3648 638 quo
3695 572 3757 625 fit

2180 679 2237 725 ut
2290 671 2519 740 quisque
2575 669 2710 722 hanc
2767 669 2993 737 primam
3057 663 3107 716 in
3161 663 3423 732 psalmum
3483 659 3754 716 deciinnm

2180 771 2430 834 quartum
2454 759 2884 831 explanationem
2907 757 2976 813 ad
3004 754 3264 810 Basiliam
3304 769 3555 824 magnum
3586 752 3760 822 perti-

2183 867 2311 909 nere
2335 852 2494 910 facile
2519 852 2620 908 sibi
2647 852 2989 921 persuadeat.
3021 847 3193 904 Aliter
3221 854 3420 911 tamen,
3445 863 3565 901 cum
3591 846 3759 901 Euse-

2181 945 2252 1000 bii
2282 945 2335 999 in
2368 947 2512 1001 hunc
2541 944 2804 1015 psalmum
2835 941 3258 999 lucubrationem
3289 938 3560 1008 lcgerem,‘
3585 954 3645 994 ea
3690 937 3759 991 de

2180 1037 2422 1093 oratione
2445 1035 2701 1104 iudicavi.
2739 1033 2984 1104 Scriptor
3015 1035 3180 1094 enim,
3236 1030 3482 1101 quisquis
3510 1041 3614 1096 est,
3650 1045 3759 1085 non

2183 1139 2291 1182 tam
2343 1126 2583 1194 Davidis,
2647 1140 2806 1197 quam
2864 1123 3082 1180 Eusebii
3134 1123 3296 1178 verba
3345 1119 3632 1188 explanat;
3681 1131 3758 1184 et,

2181 1218 2322 1290 quod
2351 1220 2520 1289 magis
2551 1219 2840 1275 falsitatem
2869 1217 3100 1284 redolet,
3133 1215 3299 1271 multa
3325 1227 3391 1267 ex
3426 1210 3656 1265 Eusebio
3691 1213 3762 1266 ad

2181 1310 2406 1364 verbum
2463 1313 2648 1366 sumit.
2702 1307 2846 1362 Sane
2890 1308 3088 1378 quibus
3122 1311 3402 1375 perspecta
3442 1307 3526 1356 est
3574 1298 3760 1356 Basilii

2182 1401 2400 1454 ubertas
2446 1400 2499 1453 in
2541 1397 2768 1453 dicendo
2817 1407 2868 1452 et
2917 1399 3091 1465 copia,
3123 1395 3180 1459 ii,
3207 1403 3358 1462 puto,
3395 1404 3668 1457 nunquam
3706 1391 3760 1443 iu

2184 1489 2563 1560 plagiariorum
2601 1501 2828 1541 numero
2859 1483 3271 1540 disertissimum
3298 1481 3442 1534 hunc
3474 1476 3643 1529 virmn
3675 1490 3765 1528 re-

2184 1591 2400 1651 ponent.
2423 1579 2541 1636 Jam
2567 1587 2776 1648 tempus
2799 1587 2883 1633 est
2918 1585 2976 1629 ut
3015 1569 3425 1643 pseudo-Basilii
3449 1567 3588 1620 furta
3633 1580 3764 1632 pro—

2183 1674 2392 1727 damus.
2455 1670 2667 1726 Eusebii
2704 1669 2868 1740 igitur
2895 1666 3058 1720 verba
3085 1677 3213 1719 sunt
3242 1666 3354 1716 haec
3395 1681 3405 1715 :
3445 1659 3640 1726 Κύριε,
3672 1659 3767 1718 τίς

2184 1762 2534 1834 παροικήσει
2557 1762 2627 1815 ἐν
2652 1761 2730 1826 τῷ
2759 1757 3107 1827 σκηνώματι
3135 1772 3274 1815 σου,
3321 1752 3419 1806 καὶ
3461 1752 3553 1814 τίς
3578 1765 3765 1801 κατα-

504 1869 622 1925 1›οι·ἰ
677 1884 982 1940 parcemus,
1040 1884 1138 1924 nec
1192 1870 1439 1937 tempori,
1493 1877 1550 1921 ut
1599 1883 1785 1923 verum
1837 1884 1865 1922 a
1912 1866 2070 1930 falso,

2187 1854 2483 1923 murmurat
2543 1855 2613 1907 ἐν
2668 1853 2746 1918 τῷ
2799 1853 2921 1920 ὄρει
2974 1849 3055 1914 τῷ
3105 1850 3250 1919 ἁγίῳ
3283 1860 3440 1907 σοι·;
3493 1841 3626 1894 Ἀπὸ
3652 1840 3766 1892 τῶν

504 1971 711 2016 certum
764 1963 831 2015 ab
884 1962 1088 2014 incerto
1133 1974 1496 2015 secernamus.
1545 1959 1656 2015 Nec
1691 1959 1830 2015 male
1871 1968 2079 2028 tempus

508 2050 800 2105 collocasse
829 2051 983 2105 nobis
1011 2050 1334 2116 videbimur,
1359 2053 1404 2107 si
1437 2053 1674 2122 quinque
1710 2061 1804 2105 aut
1829 2066 1925 2106 sex
1961 2052 2077 2107 die-

505 2157 625 2195 rum
676 2140 857 2197 labore
903 2142 986 2196 vel
1029 2143 1187 2198 unius
1223 2143 1576 2198 oratiuncula;
1629 2152 1719 2197 aut
1747 2142 1948 2209 νοθεία,
1989 2156 2082 2198 aut

505 2233 796 2304 γνησιότης
820 2243 932 2287 tuto
965 2233 1205 2304 dignosci
1225 2234 1412 2302 possit.
1446 2234 1679 2300 Etenim,
1715 2250 1839 2290 cum
1874 2237 2082 2290 contin-

505 2331 596 2394 gat
633 2337 738 2378 non
769 2338 913 2388 raro,
949 2333 1008 2376 ut
1049 2323 1100 2376 in
1130 2323 1469 2380 brevioribus
1511 2335 1821 2381 sanctorum
1855 2325 2078 2379 Patrqu

505 2415 720 2485 scriptis
767 2414 968 2484 aliquid
1016 2414 1142 2470 insit
1197 2417 1340 2484 quod
1383 2427 1475 2471 aut
1517 2417 1582 2470 ad
1625 2417 1838 2484 dogma,
1892 2425 1984 2467 aut
2014 2413 2081 2466 ad

508 2503 872 2568 traditionem,
932 2513 1024 2559 aut
1065 2505 1130 2559 ad
1163 2505 1441 2559 historiam
1471 2503 1890 2557 ecclesiasticam
1919 2502 2083 2574 perti-

508 2603 652 2657 neat,
687 2596 873 2663 quanti
901 2595 1114 2649 intersit
1141 2595 1401 2661 ejusmodi
1432 2595 1808 2664 opusculorum
1833 2606 2083 2652 auctores

505 2699 854 2756 cognoscere,
888 2699 1045 2740 nemo
1081 2698 1187 2739 non
1213 2686 1376 2739 videt.
1409 2683 1534 2748 Sed,
1559 2686 1812 2754 quoniam
1844 2701 2081 2756 praesen-

509 2777 584 2829 tio
613 2792 718 2830 non
760 2776 966 2844 defore,
1015 2777 1109 2848 qui
1147 2778 1278 2832 mihi
1324 2777 1659 2833 adversaturi
1693 2777 1825 2842 sint,
1863 2790 2082 2831 monere

506 2868 638 2921 mihi
669 2868 929 2937 optimum
967 2870 1139 2923 visum
1167 2879 1247 2924 est
1288 2884 1394 2938 quo
1422 2870 1522 2924 sint
1555 2869 1737 2923 animo
1765 2867 2079 2938 scripturus.

505 2958 771 3015 Profiteor
797 2960 963 3030 igitur
1005 2974 1090 3015 me
1120 2962 1455 3015 eruditorum
1504 2961 2086 3029 celeberrimorumqne

506 3053 786 3108 hominum
840 3052 1122 3124 opiniones
1170 3053 1452 3122 permagni
1495 3053 1697 3116 facere,
1746 3065 1938 3120 meque
1990 3066 2086 3106 eas

508 3161 613 3201 non
637 3145 739 3200 nisi
757 3145 980 3200 invitum
1003 3157 1340 3215 Oppugnare;
1365 3151 1546 3211 atque,
1570 3142 1658 3195 ubi
1687 3143 1916 3209 primum
1949 3157 2084 3196 nova

2180 1945 2623 2017 προσεχεστέρων
2681 1941 2986 2013 προϐαίνων
3036 1940 3322 2011 διαγράφει
3388 1936 3478 1990 τὸν
3537 1934 3765 1988 τέλειον.

2181 2035 2442 2107 Παροικία
2474 2035 2531 2088 δέ
2557 2035 2670 2087 ἐστι
2700 2031 2945 2102 διαγωγὴ
2971 2031 3322 2102 πρόσκαιρος,
3351 2029 3436 2080 ἐπ’
3458 2027 3632 2080 ἐλπίδι
3655 2028 3762 2096 τῆς

2181 2127 2500 2196 κρείττονος.
2545 2125 2634 2177 Διό
2663 2141 2794 2194 φησι
2835 2124 2928 2174 καὶ
2964 2120 3155 2173 Δαϐίδ·
3189 2119 3481 2186 Πάροικός
3509 2121 3624 2186 εἰμι
3667 2115 3770 2168 καὶ

2180 2217 2610 2286 παρεπίδημος,
2639 2214 2833 2280 καθὼς
2872 2212 3092 2276 πάντες
3114 2213 3167 2263 ol
3191 2207 3439 2278 πατέρες
3457 2227 3596 2278 μευ.
3629 2207 3773 2274 Πάρι

2180 2328 2328 2374 οικος
2373 2311 2481 2382 γὰρ
2529 2307 2798 2382 Ἀϐραὰμ,
2840 2307 2973 2378 μηδὲ
3020 2304 3171 2375 βῆμα
3208 2301 3539 2373 κεκτημένος
3585 2295 3767 2355 ποδὸς,

2183 2400 2337 2471 μόλις
2363 2401 2419 2453 δὲ
2459 2402 2627 2470 τάφον
2655 2399 2974 2470 πριάμενος,
3015 2396 3044 2448 ὃ
3075 2395 3130 2447 δὲ
3161 2393 3427 2465 σύμϐολον
3460 2388 3553 2440 τοῦ
3591 2385 3776 2451 ζῶντα

2191 2495 2290 2564 μὲν
2322 2497 2380 2547 ἐν
2405 2495 2568 2565 σαρκὶ
2603 2494 2860 2566 πάροικον
2891 2487 3028 2542 εἶναι
3059 2488 3374 2560 προσήκειν,
3419 2477 3777 2552 μεταϐαίνον-

2182 2605 2248 2640 τα
2291 2586 2347 2640 δὲ
2386 2585 2612 2658 ταύτης,
2637 2587 2747 2648 τοῖς
2774 2582 2993 2643 οἰκείοις
3020 2581 3202 2639 τόποις
3231 2572 3626 2629 ἀναπαύεσθαι.
3659 2572 3777 2623 Καὶ

2187 2680 2453 2750 μακάριόν
2493 2695 2676 2748 φησιν,
2716 2678 2776 2728 ὲν
2813 2672 3129 2741 ἀλλοφύλοις
3170 2666 3555 2737 παροικοῦντα,
3589 2663 3665 2736 μὴ
3697 2663 3776 2724 ὡς

2181 2772 2399 2833 οἰκείοις
2435 2767 2859 2839 προστετηκέναι
2905 2766 3016 2826 τοῖς
3067 2763 3123 2814 ὲν
3164 2763 3228 2831 τῇ
3273 2763 3366 2831 γῇ.
3413 2760 3685 2830 Σκήνωμα
3719 2756 3778 2808 δὲ

2182 2861 2336 2926 Θεοῦ,
2371 2863 2404 2931 ἡ
2447 2861 2575 2930 παρ’
2599 2858 2759 2912 αὐτοῦ
2785 2857 3042 2926 δεδομένη
3079 2854 3217 2926 σὰρξ
3249 2857 3314 2925 τῇ
3354 2854 3445 2907 τοῦ
3480 2849 3776 2922 ἀνθρώπου

2182 2955 2326 3025 ψυχῇ
2359 2952 2494 3024 πρὸς
2519 2951 2809 3022 ἐνοίκησιν.
2845 2950 2940 3014 Τίς
2972 2945 3065 3003 οὖν
3094 2948 3169 3012 ὼς
3205 2941 3779 3022 apameae/pws-

2185 3065 2292 3113 νος,
2326 3045 2603 3117 ἔγκαρπον
2637 3044 2798 3098 αὐτὸν
2837 3042 3148 3114 παραδώσει
3177 3039 3254 3110 τῷ
3288 3037 3566 3094 δεδωκότι,
3600 3034 3678 3093 ὡς
3711 3030 3779 3083 ἂν

2187 3138 2407 3206 γένηται
2456 3138 2550 3190 καὶ
2575 3137 2837 3207 σκήνωμα
2865 3134 2958 3186 τοῦ
2987 3132 3120 3185 Θεοῦ
3161 3134 3269 3192 τοῖς
3305 3128 3477 3196 ἁγίοις
3503 3122 3781 3176 ἐνοικοῦν-

507 3239 597 3295 in
621 3237 899 3303 affulserit,
923 3238 989 3292 ad
1012 3235 1319 3292 mutandam
1341 3234 1656 3291 sententiam
1686 3233 2083 3302 paratissimum

2187 3202 2275 3289 τος
2292 3202 2316 3290 ;’
2337 3223 2469 3279 Εἶτα
2497 3227 2631 3296 πρὸς
2666 3202 2732 3278 ’τὸ
2765 3202 2954 3294 ’μεῖζον
3010 3222 3336 3292 προκόπτει;
3361 3217 3469 3271 Καὶ
3497 3215 3588 3281 τίς
3605 3231 3781 3269 κατα-

507 3331 645 3386 l‘ore.
675 3325 797 3383 Uno
828 3328 1017 3392 verbo,
1051 3344 1137 3383 me
1172 3329 1302 3382 mihi
1330 3343 1436 3384 non
1466 3327 1536 3382 ita
1563 3326 1794 3395 placere,
1830 3333 1888 3376 ut
1911 3338 2084 3378 meam

507 3423 735 3478 aliorum
762 3421 1044 3478 sententiae
1074 3420 1394 3489 praeferam;
1435 3420 1530 3474 sed
1567 3419 1638 3473 ita
1670 3420 1936 3474 duntaxat
1963 3431 2087 3486 pro-

508 3517 637 3570 bare
676 3526 1008 3583 quaecunque
1055 3511 1254 3577 sentio,
1303 3524 1638 3579 quaecunque
1664 3510 1806 3574 dico,
1859 3511 1984 3563 dum
2021 3522 2087 3561 ne

511 3599 821 3656 hominibus
873 3597 1204 3653 doctioribus
1241 3605 1295 3651 et
1329 3597 1381 3649 in
1411 3596 1512 3650 hoc
1555 3596 1855 3649 studiormn
1887 3609 2086 3662 genere

509 3690 979 3747 cxercitatloribus
1028 3685 1376 3760 improbanda
1418 3688 1721 3741 videantur.
1774 3684 1906 3739 Rem
1949 3699 2088 3738 nunc

511 3781 901 3850 agrcdiamur.
925 3779 1180 3835 Omnium
1207 3780 1510 3834 orationum
1531 3794 1646 3847 quae
1673 3779 1888 3834 nomine
1905 3776 2086 3834 Basilii

510 3873 984 3938 circumferuntur,
1013 3882 1105 3927 aut
1133 3873 1247 3926 fere
1270 3875 1512 3928 omnium
1541 3876 1597 3928 lit
1621 3872 1824 3927 mentio
1853 3887 1960 3927 non
2000 3886 2090 3927 so-

510 3964 620 4018 lum
654 3964 793 4034 apud
817 3964 1140 4034 Symeonem
1170 3964 1488 4029 magistrum
1523 3975 1587 4016 ac
1613 3961 1966 4032 logothetam,
1996 3961 2092 4017 sed

511 4055 711 4127 passim
741 4056 901 4112 etiam
930 4054 1132 4110 eaedem
1168 4053 1220 4108 in
1247 4059 1438 4106 catena
1477 4049 1678 4105 Nicetae
1724 4050 2091 4105 lleracliensis

511 4155 568 4204 et
593 4146 713 4204 aliis
742 4146 1012 4202 similibus
1036 4146 1288 4200 citantur.
1327 4142 1432 4197 Sed
1463 4151 1608 4196 tanta
1644 4155 1749 4195 non
1786 4151 1870 4195 est
1897 4149 2090 4194 aucto-

514 4239 647 4295 ritas
669 4251 841 4308 neque
869 4235 1176 4307 Symeom's,
1200 4247 1376 4303 neque
1403 4231 1623 4296 Nicetaa,
1651 4245 1827 4300 neque
1855 4229 2088 4284 aliorum

513 4329 832 4399 quorumvis
881 4327 973 4399 qui
1009 4315 1234 4381 caterias
1271 4323 1513 4388 edidere,
1567 4330 1627 4377 ut
1661 4322 1732 4378 ob
1759 4335 1880 4377 eam
1903 4334 2090 4374 omnes

515 4417 634 4474 illas
668 4429 874 4487 septem
909 4428 966 4473 et
993 4417 1181 4472 decem
1224 4414 1280 4469 in
1316 4413 1553 4485 psalmos
1584 4411 1860 4467 orationes
1906 4409 2089 4465 Basilii

516 4522 638 4565 esse
665 4507 845 4562 statim
878 4505 1168 4563 fateamur.
1197 4504 1394 4559 Putant
1440 4501 1637 4558 eruditi
1669 4501 1771 4556 viri
1803 4501 1894 4572 qui
1930 4515 1992 4554 ea
2022 4501 2088 4556 de

517 4612 577 4654 re
603 4598 966 4668 disputarunt,
1001 4594 1379 4660 Combetisius,
1400 4593 1795 4659 Tillemontius,
1825 4591 2086 4660 Dupinus,

519 4691 742 4746 alteram
789 4685 1005 4758 quidem
1055 4684 1108 4739 in
1161 4684 1425 4754 psalmum
1476 4684 1788 4738 vicesimum
1838 4693 2088 4738 octavum

518 4780 915 4836 enarrationem
942 4775 1298 4832 adulterinam
1323 4788 1443 4830 esse
1467 4813 1483 4840 ,
1513 4774 1918 4828 enarrationem
1955 4788 2082 4826 vero

518 4871 572 4926 in
607 4871 870 4941 psalmum
897 4868 1231 4924 tricesimum
1269 4865 1553 4935 septimmn
1601 4864 1655 4918 in
1684 4863 1862 4920 dubiis
1901 4865 2088 4934 reponi

518 4971 802 5032 oportere;
868 4961 964 5015 sed
1018 4960 1146 5028 quin
1202 4959 1420 5029 reliqua:
1471 4955 1776 5025 quindecim
1843 4955 2088 5025 genuinae

521 5056 631 5111 sint
673 5065 729 5110 et
760 5068 923 5118 verte,
971 5065 1308 5121 nequaquam
1341 5048 1608 5104 dubitant.
1647 5046 1756 5103 Nos
1805 5056 1981 5101 autem
2024 5047 2092 5100 de

525 5147 644 5202 aliis
671 5145 987 5215 quibusdam
1016 5141 1251 5197 dubitari
1278 5155 1436 5211 posse
1467 5140 1818 5205 arbitramur,
1843 5146 1899 5192 et
1937 5136 2003 5191 de
2029 5136 2093 5191 iis

523 5241 765 5309 quidem,
800 5253 920 5308 quae
955 5237 1155 5292 nullum
1195 5233 1514 5290 dubitationi
1564 5232 1740 5287 locum
1781 5230 2092 5300 relinquere

522 5328 862 5384 videbantur.
897 5324 1169 5396 Ejusmodi
1200 5331 1283 5378 est
1318 5324 1493 5394 prima
1533 5322 1712 5377 oratio
1749 5322 1802 5375 in
1829 5319 2092 5390 psalmum

523 5421 792 5476 decimum
821 5429 1094 5489 quartum.
1125 5418 1348 5473 Constat
1370 5416 1514 5472 enim
1555 5413 1638 5469 vel
1659 5428 1726 5469 ex
1754 5415 1944 5484 primis
1969 5427 2092 5466 ver-

523 5515 608 5569 bis
632 5513 883 5570 secunda:
906 5511 958 5566 in
987 5512 1132 5566 hunc
1153 5509 1416 5579 psalmum
1447 5507 1729 5570 orationis,
1759 5521 1922 5576 quam
1946 5506 2094 5561 testi-

527 5607 761 5662 monium
790 5603 1032 5675 Gregorii
1060 5602 1284 5673 Nysseni
1311 5601 1388 5668 (α)
1435 5601 1573 5654 inter
1601 5597 1761 5652 dubia
1791 5613 1957 5667 opera
1999 5612 2090 5653 re-

602 5747 642 5778 ⁸⁸
673 5746 810 5800 Psal.
849 5762 958 5811 xlv,
989 5747 1041 5800 l.
1119 5745 1163 5776 ¹⁶
1192 5743 1332 5802 Psal.
1370 5758 1598 5808 χιιι-ιιι,
1635 5742 1725 5798 l5.

601 5843 674 5906 ta)
716 5834 870 5896 Tom.
899 5840 962 5905 ll,
992 5856 1045 5907 p.
1071 5839 1197 5895 225.

2185 3318 2491 3386 σκηνώσει
2515 3317 2585 3369 ἐν
2612 3318 2731 3385 ὄρει
2758 3317 2904 3386 ἁγίῳ
2929 3333 3044 3369 σου
3067 3331 3084 3376 ;
3117 3314 3229 3367 Οὐκ
3252 3314 3311 3365 ὲν
3335 3313 3399 3382 τῇ
3421 3309 3586 3380 γηῖνῃ
3612 3305 3780 3368 Σιὼν,

2185 3409 2372 3483 ὥσπερ
2420 3409 2691 3473 Ἰουδαίοις
2721 3410 2884 3474 δοκεῖ,
2914 3407 3050 3461 ἀλλὰ
3086 3407 3212 3477 περὶ
3243 3401 3310 3478 ἧς
3355 3406 3384 3456 ὁ
3418 3399 3631 3461 Παῦλός
3671 3416 3780 3468 φη-

2190 3523 2273 3558 σιν
2297 3523 2309 3536 ’
2348 3505 2850 3573 Προσεληλύθατε
2883 3503 3001 3570 ὄρει
3033 3500 3181 3555 Θεοῦ
3211 3500 3444 3564 ᾄῖνντος,
3489 3498 3784 3563 Ἰερουσα-

2186 3596 2310 3664 λὴμ
2336 3597 2690 3661 ἐπουρανίῳ.
2735 3592 3026 3664 Παρελθὼν
3071 3589 3161 3644 οὖν
3188 3609 3269 3653 τις
3305 3591 3403 3660 τὴν
3437 3590 3616 3658 σάρκα
3648 3586 3783 3640 ταύ-

2185 3703 2306 3756 την,
2343 3689 2434 3739 καὶ
2471 3685 2750 3757 νεκρὼσας
2779 3684 2944 3738 αὑτοῦ
2990 3683 3058 3736 τὰ
3101 3683 3238 3752 μέλη
3276 3681 3345 3733 τὰ
3388 3680 3481 3731 ἐπὶ
3515 3678 3617 3747 τῆς
3649 3679 3779 3747 γῆς.

2185 3779 2276 3832 τὸν
2305 3778 2577 3848 ἁγιασμὸν
2606 3775 2976 3849 κατορθώσας,
3006 3777 3064 3827 ἐν
3098 3777 3163 3843 τῇ
3198 3771 3328 3843 ἁγίᾳ
3360 3769 3782 3840 κατασκηνώσει

2193 3869 2367 3936 πόλει,
2391 3866 2460 3942 ἦς
2494 3868 2776 3940 ἐπιθυμῶν
2807 3870 2835 3922 ὁ
2865 3866 3029 3920 Δαυῒδ
3066 3865 3216 3933 ἔλεγε
3237 3880 3250 3894 ’
3282 3862 3675 3930 Διελεύσομαι
3709 3860 3781 3913 ἐν

2190 3962 2354 4028 τόπῳ
2408 3958 2648 4028 σκηνῆς
2704 3956 3081 4028 θαυμαστῆς,
3138 3955 3250 4021 ἕως
3297 3953 3402 4008 τοῦ
3452 3952 3623 4006 οἶκον
3672 3950 3784 4004 τοῦ

2193 4053 2341 4107 Θεοῦ
2367 4067 2382 4082 ο
2414 4052 2528 4113 καὶ,
2571 4051 2666 4115 Ὠς
2687 4047 2964 4117 ἀγαπητὰ
2997 4047 3068 4100 τὰ
3095 4042 3462 4113 σκηνώματά
3488 4057 3627 4106 σου,
3662 4042 3784 4096 Κύ-

2183 4160 2277 4212 ριε
2324 4142 2443 4195 τῶν
2469 4141 2802 4208 δυνάμεων.
2841 4138 2913 4190 Τὸ
2938 4137 2996 4189 δὲ
3023 4136 3215 4189 τούτου
3257 4135 3480 4188 σπάνιον
3523 4134 3784 4204 ἐμφαίνει

2188 4233 2268 4297 τὸ,
2301 4234 2415 4297 Τίς,
2453 4231 2529 4294 ὡς
2558 4230 2638 4294 τὸ,
2677 4230 2773 4295 Τίς
2801 4228 2953 4297 ἔγνω
2981 4226 3086 4280 τὸν
3112 4225 3262 4279 νοῦν
3288 4224 3548 4291 Kvplov;
3575 4227 3670 4275 καὶ
3696 4221 3782 4288 τὸ,

2195 4324 2291 4390 Τίς
2311 4322 2633 4392 ἀναγγελεῖ
2652 4321 2794 4390 ὑμῖν
2813 4320 2922 4375 τὸν
2943 4320 3130 4374 τόπον
3152 4315 3259 4371 τὸν
3277 4313 3552 4378 αὶώνιον;
3575 4314 3669 4367 καὶ
3697 4314 3782 4377 τὺ,

2197 4418 2290 4484 Τίς
2323 4417 2439 4484 ἄρα
2468 4417 2754 4486 φρόνιμος
2783 4413 2882 4468 καὶ
2919 4411 3135 4477 πιστὸς
3163 4410 3479 4477 οἰκονόμος
3497 4407 3782 4477 ;-Μήποτει

2192 4509 2249 4561 δὲ
2279 4508 2485 4562 καὶτὸν
2505 4507 2636 4561 Θεὸν
2668 4508 2968 4580 ἐρωτήσας,
2997 4503 3153 4574 ἔτυχε
3179 4501 3520 4572 ἀποκρίσεως
3539 4539 3553 4552 .
3577 4537 3592 4552 .
3615 4537 3630 4551 .
3651 4536 3666 4550 .
3701 4495 3782 4549 Ub

2192 4597 2300 4669 γὰρ
2337 4599 2435 4668 μία
2474 4597 2673 4668 πρᾶξις
2718 4595 2913 4648 τελειοῖ
2953 4593 3043 4646 τὸν
3086 4592 3390 4654 σπουδαῖον,
3441 4588 3577 4643 ἀλλὰ
3615 4589 3783 4639 παντὶ

2191 4687 2270 4759 τῷ
2329 4687 2430 4759 βίῳ
2483 4690 2600 4751 ταῖς
2659 4689 2780 4740 κατ’
2809 4683 3008 4756 ἀρετὴν
3048 4683 3347 4754 ἐνεργείαις
3399 4679 3781 4750 συμπαρατειᾷ-

2194 4778 2401 4832 νεσθαι.
2440 4796 2458 4829 ι
2489 4777 2730 4840 Domine,
2753 4776 2868 4844 quis
2894 4774 3147 4826 habitabit
3178 4775 3232 4826 in
3274 4768 3611 4824 tabernaculo
3650 4773 3786 4824 tuo?

2193 4880 2281 4922 aut
2323 4870 2437 4937 quia
2483 4870 2758 4938 requiescet
2798 4865 2853 4919 in
2895 4876 3067 4918 monte
3105 4875 3282 4917 sancto
3322 4876 3412 4916 tuo
3439 4862 3522 4916 "i
3565 4861 3609 4916 A
3645 4864 3783 4915 vici-

2198 4961 2441 5015 nioribus
2469 4960 2785 5029 procedens,
2811 4955 3112 5024 perfectum
3142 4956 3314 5010 virum
3358 4953 3634 5009 describit.
3667 4954 3782 5008 Ha-

2202 5049 2393 5105 bitatio
2418 5059 2599 5104 autem
2639 5059 2720 5102 est
2757 5056 3106 5115 temporanea
3138 5043 3516 5108 commoratio,
3537 5056 3659 5097 cum
3685 5055 3784 5109 spe

2201 5141 2441 5197 melioris
2474 5141 2779 5211 conjuncta.
2813 5137 3172 5205 Quamobrem
3215 5135 3290 5189 ait
3323 5133 3490 5189 David
3519 5152 3533 5188 :
3565 5132 3783 5184 Adrena

2199 5248 2314 5285 sum
2345 5242 2394 5287 et
2426 5232 2748 5302 peregrinus,
2781 5231 2918 5284 sicut
2939 5245 3113 5284 omnes
3139 5239 3312 5298 patres
3337 5227 3436 5280 mei
3469 5226 3532 5277 ¹⁶.
3558 5224 3782 5288 Advena

2200 5339 2416 5394 quoque
2446 5334 2561 5379 erat
2583 5324 2881 5387 Abraham,
2915 5331 3099 5390 utpote
3119 5320 3210 5390 qui
3244 5333 3314 5374 ne
3344 5315 3627 5385 vestigium
3659 5312 3784 5381 qui-

2202 5417 2322 5471 dem
2357 5416 2506 5485 pedis
2557 5416 2880 5484 possideret,
2916 5415 3114 5482 vixque
3149 5410 3438 5480 sepultura:
3475 5407 3651 5461 locum
3687 5416 3785 5457 co-

2201 5511 2414 5563 cmerit.
2451 5507 2602 5574 Quod
2630 5521 2763 5562 sane
2788 5505 3085 5578 symbolice
3118 5502 3387 5574 significat
3415 5498 3690 5554 hominem
3727 5496 3783 5548 in

2202 5615 2365 5658 carne
2412 5601 2704 5666 viventem,
2759 5613 2860 5657 ceu
2919 5598 3180 5655 advenam
3245 5593 3481 5663 reputari
3543 5588 3785 5654 debere;
