4040 6480
1381 384 1443 438 D.
1484 381 1629 439 ιω..
1668 378 1996 436 GARNERII
2035 375 2425 433 ΡΒιΕΡΑΤΙΟ.

3326 393 3503 434 CXCVII

255 523 489 580 cumque
529 506 600 561 ab
644 504 760 575 ipsa
794 517 957 559 carne
998 498 1484 569 transmigraverit,
1531 509 1656 553 tunc
1709 511 1863 566 pro-i

1967 494 2103 565 ,ὑτὴν
2138 494 2630 564 φιλοπονήσαντας,
2663 492 2937 565 ἔγκαρπον
2989 491 3276 546 ἀποδοῦναι
3313 494 3389 563 τῷ
3424 494 3512 549 δε¹⁵

258 604 393 673 priis
428 603 482 655 in
524 599 742 655 sedibus
789 596 1091 666 quiescere.
1140 592 1218 647 Ac
1258 593 1474 646 beatum
1523 589 1653 644 dicit
1686 604 1830 655 eum,

261 694 351 765 qui
414 706 537 745 cum
602 688 739 756 apttd
796 685 1125 754 alienigenas
1192 682 1538 743 habitaverit,
1609 681 1835 734 terrenis

261 782 418 851 quasi
485 779 718 850 propriis
782 777 884 832 sibi
955 778 1116 830 rebus
1179 789 1283 828 non
1350 774 1594 827 addictus
1653 771 1833 826 fuerit.

264 873 698 929 Tabernaculum
764 879 945 923 autem
1010 868 1102 922 Dei
1167 875 1255 923 est
1319 881 1467 929 caro,
1529 865 1721 918 anima:
1771 864 1838 918 ab

267 969 387 1037 ipso
445 966 512 1021 ad
577 964 932 1019 habitandum
990 974 1269 1015 concessa.
1338 958 1471 1025 Quis
1539 958 1717 1027 itaque
1773 971 1839 1012 ea

267 1068 327 1111 ut
365 1057 540 1111 aliena
589 1071 738 1120 usus,
793 1052 1105 1124 frugiferam
1157 1053 1400 1106 eamdem
1455 1050 1696 1119 largitori
1757 1063 1842 1103 re-

267 1149 477 1211 stimet,
533 1156 593 1201 ut
644 1146 737 1201 fiat
771 1144 1174 1199 tabernaculum
1222 1143 1351 1206 Dei,
1416 1142 1505 1210 qui
1553 1142 1604 1195 in
1637 1140 1841 1196 sanctis

270 1238 515 1294 habitat?
574 1237 773 1292 Deinde
824 1252 954 1292 vero
1006 1237 1073 1291 ad
1123 1236 1498 1305 praestantiora
1551 1234 1837 1303 procedit:

268 1330 377 1384 Aut
432 1331 547 1399 quis
586 1329 866 1396 requiescet
903 1328 956 1380 in
1011 1337 1182 1381 monte
1228 1342 1413 1380 sancto
1454 1337 1542 1379 tuo
1583 1326 1665 1379 "2
1725 1323 1841 1378 Non

268 1424 325 1479 in
358 1421 602 1478 terrestri
636 1421 791 1483 Sion,
830 1428 888 1472 ut
919 1417 1086 1473 Judaei
1139 1417 1487 1478 arbitrantur,
1534 1418 1627 1472 sed
1679 1417 1731 1471 in
1781 1430 1844 1471 ea

269 1517 337 1570 de
396 1529 501 1583 qua
555 1512 751 1567 Paulus
802 1510 880 1563 ait
931 1527 944 1563 :
990 1508 1293 1563 Accessistis
1349 1507 1417 1561 ad
1464 1516 1687 1562 montem
1750 1505 1846 1561 Dei

269 1606 506 1665 viventis.
548 1603 845 1659 Jerusalem
884 1602 1139 1656 caelestem
1162 1601 1223 1655 ⁸⁸.
1267 1599 1522 1670 Quisquis
1556 1601 1719 1669 igitur
1756 1615 1849 1654 ea-

1934 584 2148 637 δωκότι.
2192 582 2316 637 Ἐὰν
2342 584 2399 635 δὲ
2490 582 2625 638 Θεοῦ
2648 583 2772 648 ἀξία
2798 588 2831 656 ἡ
2863 584 3020 657 σὰρξ,
3053 586 3260 653 γίνεται
3296 586 3374 660 τῷ
3396 587 3509 641 ὄντι

1937 675 2072 728 Θεοῦ
2104 676 2387 746 σκήνωμα,
2420 676 2561 729 κατά
2601 676 2701 748 τὴν
2728 676 2995 749 ἐνοίκησιν
3044 678 3208 731 αὐτοῦ
3255 682 3334 743 είς
3383 682 3510 744 τοὺς

1940 763 2385 835 ἁγίουςηηεῖτα
2430 769 2678 839 προκοπὴ
2724 767 2818 821 καὶ
2864 770 3082 838 πρόοδος
3124 772 3157 840 ἡ
3204 771 3296 826 ἐπὶ
3335 772 3396 825 τὸ
3425 789 3512 826 τε-

1939 858 2225 929 λειότερον.
2267 858 2375 911 Και
2426 860 2518 924 τίς
2582 860 3034 929 κατασκηνώσει
3076 863 3145 917 ἐν
3191 862 3309 929 ὄρει
3367 865 3515 933 ἁγίῳ

1940 966 2094 1014 σου;
2140 950 2389 1013 Ἰουδαῖος
2422 951 2519 1021 μὲν
2548 953 2576 1003 ὁ
2605 953 2789 1022 γήϊνος
2809 953 2934 1006 ὅταν
2966 953 3088 1025 ὄρος
3121 954 3344 1027 ἀκούσῃ.
3376 956 3514 1028 πρὸς

1940 1043 2037 1115 τὴν
2064 1041 2213 1095 ’Σιὼν
2247 1041 2536 1114 ἀποτρέχει
2555 1083 2569 1097 .
2587 1081 2602 1096 .
2626 1084 2638 1097 .
2656 1083 2669 1096 .
2707 1044 2831 1115 ὄρος
2864 1046 3036 1098 ἐκεῖνο
3083 1047 3181 1117 τὴν
3207 1050 3515 1121 ὑπερουρά-

1942 1150 2054 1186 νιον
2092 1132 2274 1203 χώραν
2293 1173 2308 1197 ,
2332 1134 2433 1205 τὴν
2458 1137 2738 1207 ,περιφανῆ
2784 1138 2876 1190 καὶ
2921 1136 3178 1209 λαμπράν
3198 1156 3211 1170 ·
3238 1144 3363 1213 περὶ
3400 1134 3460 1194 οὗ
3490 1144 3517 1197 ὁ

1954 1223 2276 1288 Ἀπόστολος
2315 1223 2482 1293 λέγει,
2520 1225 2610 1279 ὅτι
2652 1231 3143 1297 Προσευιηλύθατε
3184 1231 3335 1285 Σιὼν
3374 1234 3519 1303 ὄρει,

1945 1316 2042 1369 καὶ
2072 1318 2245 1370 πόλει
2273 1316 2420 1371 Θεοῦ
2448 1316 2660 1385 ζῶντος
2678 1360 2693 1383 ,
2741 1320 3128 1390 Ἰερουσαλὴμ
3161 1322 3289 1375 ἑποτ
3314 1325 3520 1391 κανέῳ,

1946 1408 2002 1459 ἐν
2093 1409 2398 1479 πανήγυρις
2422 1409 2688 1478 ἀγγέλων,
2716 1412 2811 1463 καὶ
2848 1411 3139 1482 Ἐκκλησία
3164 1416 3522 1485 πρωτοτόκων

1947 1498 2457 1569 ἀπογεγραμμένων
2477 1502 2533 1552 έν
2556 1500 2823 1572 οὐρανοῖς.
2862 1501 3028 1555 Ἐπὰν
3056 1499 3148 1557 οὖν
3176 1520 3259 1567 τις
3280 1504 3522 1579 παρέλθῃ

1948 1588 2045 1660 τὴν
2081 1590 2258 1661 σάρκα
2286 1590 2489 1661 ταύτην
2511 1592 2898 1663 ἀπροσπαθῶς,
2925 1594 3000 1656 ὡς
3032 1594 3314 1667 ἀλλοτρίαν
3338 1615 3525 1669 παροι-

270 1697 392 1751 dem
426 1712 589 1751 carne
616 1696 773 1764 quasi
819 1694 871 1747 in
915 1703 1229 1747 transcursu
1258 1708 1388 1747 usus
1412 1730 1428 1757 ,
1463 1691 1578 1759 ejus
1608 1692 1848 1745 membra

1967 1679 2081 1745 ιῶν,
2112 1681 2206 1735 καὶ
2231 1681 2328 1752 οὐχ
2355 1682 2430 1745 ὡς
2462 1682 2595 1746 ἰδίας
2632 1683 3019 1756 ἐξηρτημένος,
3046 1680 3198 1752 οὗτος
3223 1687 3310 1741 διὰ
3345 1688 3409 1742 τὸ
3438 1706 3524 1742 νε-

272 1805 439 1857 super
470 1797 669 1841 terram
721 1783 1151 1850 mortiﬁcaverit,
1204 1794 1492 1854 postquam
1541 1782 1847 1838 sanctiﬁca-

1967 1771 2161 1843 ιρῶσαι
2185 1772 2351 1826 αὑτοῦ
2374 1772 2441 1826 τὰ
2461 1774 2600 1845 μέλη
2631 1775 2700 1829 τὰ
2727 1776 2820 1828 ἐπὶ
2845 1778 2944 1848 τῆς
2968 1777 3073 1848 γῆς
3089 1818 3104 1843 ,
3132 1778 3224 1832 τὸν
3258 1781 3525 1851 ἀγιασμδν

275 1881 477 1933 tionem
525 1878 667 1931 illam
716 1878 1208 1941 consummaverit,
1246 1873 1514 1929 habitabit
1560 1873 1615 1927 in
1661 1880 1847 1926 sancta

1967 1862 2333 1934 ιατορθὼσας,
2357 1865 2505 1931 ἄξιός
2551 1868 2667 1919 ἐστι
2699 1868 2803 1939 τῆς
2834 1870 2891 1922 ἐν
2932 1869 3010 1940 τῷ
3039 1870 3179 1941 ἁγίῳ
3211 1872 3324 1942 ὄρει
3357 1890 3526 1925 κατα-

273 1971 364 2026 illa
412 1971 652 2033 civitate,
708 1968 863 2039 cujus
913 1966 1183 2023 desiderio
1215 1975 1394 2021 motus
1416 1964 1583 2019 David
1632 1964 1847 2019 aiebat:

1967 1952 2308 2023 ςκηνὼσεως·
2353 1951 2421 2028 ἦς
2467 1955 2746 2029 ἐπιθυμῶν
2794 1961 2823 2012 ὁ
2854 1960 3157 2033 Ψαλμῳδὸς
3199 1962 3411 2032 ἔλεγεν,
3445 1964 3528 2018 ὅτι

276 2059 536 2115 Transibo
563 2061 618 2113 in
656 2060 825 2113 locum
859 2057 1183 2113 tabernaculi
1220 2056 1550 2111 admirabilis
1588 2072 1748 2126 usque
1781 2057 1850 2109 ad

1967 2049 2338 2119 ὶάελεύσσμαι
2370 2049 2440 2103 ὲν
2466 2050 2624 2116 τόπῳ
2646 2050 2886 2121 σκηνῆς
2918 2055 3269 2126 θαυμαστῆς
3290 2074 3303 2088 ⁸
3327 2058 3421 2112 καὶ
3444 2060 3527 2123 τὸ,

273 2153 490 2206 domum
519 2150 609 2204 Dei
624 2150 685 2214 ¹⁹,
716 2161 790 2215 et,
825 2149 996 2215 Quam
1025 2148 1218 2201 dilecta
1246 2144 1589 2200 tabernacula
1614 2156 1725 2209 tua,
1747 2144 1855 2201 Do-

1967 2142 2057 2207 Ὡς
2082 2142 2357 2211 ἀγαπητὰ
2381 2142 2454 2197 τὰ
2479 2140 2839 2213 σκηνώματὰ
2859 2159 2994 2209 σου,
3020 2145 3197 2215 Κύριε
3213 2147 3331 2203 ἑῶν
3348 2148 3532 2203 δυνά-

1879 1840 1921 1894 Β

278 2245 423 2297 mine
446 2245 698 2297 virtutum
718 2244 788 2295 ³ο.
813 2241 945 2296 Illud
972 2249 1177 2305 autem,
1196 2237 1347 2303 Quis,
1370 2237 1555 2293 talium
1576 2236 1853 2293 hominum

280 2334 564 2390 raritatem
623 2332 965 2397 suliindicat,
1010 2329 1309 2401 cuiusmodi
1350 2338 1436 2386 est
1482 2329 1613 2385 illud
1663 2348 1677 2384 :
1726 2327 1855 2394 Quis

278 2428 420 2480 norit
441 2444 648 2481 sensum
670 2426 933 2481 Domini“
955 2425 969 2477 l
1002 2433 1057 2478 et
1074 2423 1225 2489 illud,
1249 2422 1380 2489 Quis
1411 2423 1746 2477 annuntiabit
1765 2439 1856 2476 vo-

280 2516 360 2569 bis
393 2516 566 2569 locum
595 2526 846 2570 (sternunt
859 2514 945 2569 “2
975 2525 1136 2584 atque
1157 2515 1287 2569 illud
1319 2530 1335 2568 ε
1367 2511 1500 2579 Quis
1529 2522 1605 2569 est
1631 2513 1857 2582 prudens

280 2624 343 2660 ac
386 2607 562 2678 ﬁdelis
597 2606 992 2661 temnamus”?
1045 2605 1297 2675 Nunquid
1345 2613 1631 2675 postquam
1690 2606 1855 2660 Deum

284 2694 659 2765 interrogavit,
685 2695 1089 2764 responsionem
1127 2694 1395 2749 obtinuit?
1426 2734 1443 2751 .
1477 2732 1494 2749 .
1523 2736 1536 2747 .
1567 2694 1683 2750 Non
1716 2697 1858 2751 extim

283 2785 448 2840 unica
483 2800 572 2840 res
592 2796 740 2855 gesta
768 2795 1049 2841 strenuum
1078 2787 1352 2841 hominem
1382 2787 1447 2840 ad
1477 2785 1861 2855 perfectionem

283 2878 469 2947 ducit;
517 2878 613 2935 sed
661 2893 758 2948 per
791 2887 960 2934 totam
989 2878 1156 2934 vitam
1202 2879 1422 2935 virtutis
1453 2879 1709 2949 operibus
1742 2882 1863 2935 insi-

282 2969 557 3023 stendum.
602 2988 622 3023 ι
662 2968 950 3026 Videamus
1001 2986 1147 3025 nunc
1180 2971 1449 3040 quomodo
1488 2969 1864 3040 pseudo-Basi-

286 3060 392 3115 iius
410 3058 604 3131 frigida
622 3062 855 3130 quadam
882 3061 1184 3130 periphrasi
1213 3075 1333 3113 mox
1352 3060 1654 3115 Eusebiana
1674 3062 1866 3131 ampli-

1947 2248 2108 2301 μεων
2126 2272 2138 2285 .
2162 2272 2174 2284 .
2198 2273 2212 2286 .
2230 2273 2243 2287 .
2275 2233 2508 2297 Σπάνιος
2537 2233 2595 2286 δὲ
2624 2234 2719 2286 καὶ
2750 2236 3073 2307 ὀπαροικῶν
3102 2238 3159 2292 ἐν
3187 2236 3265 2309 τῷ
3292 2238 3527 2311 σώματι.

1956 2326 2049 2379 καὶ
2092 2328 2121 2379 ὁ
2150 2326 2508 2397 κατασκηνῶν
2539 2327 2599 2379 έν
2633 2327 2713 2397 τῷ
2741 2327 2878 2398 ὄρει.
2901 2329 2998 2383 Διά
3026 2329 3184 2383 τοῦτο
3214 2330 3289 2395 ὡς
3308 2333 3531 2404 ἀπορῶν

1956 2420 1985 2471 ὁ
2015 2418 2173 2486 λόγος
2202 2418 2334 2489 φησί
2353 2435 2368 2451 ο
2407 2419 2503 2486 Τις
2536 2419 2927 2489 παροικήσειξ
2960 2423 3075 2486 καὶ,
3107 2423 3201 2489 Τις
3228 2440 3534 2494 κατασκηυ

1957 2509 2174 2573 νώσει;
2198 2507 2276 2571 ὡς
2303 2508 2385 2574 τὸ,
2425 2509 2520 2576 Τίς
2550 2508 2703 2579 ἔγνω
2728 2510 2881 2565 νοῦν
2906 2512 3169 2581 Κυρίου;
3203 2515 3295 2569 καὶ
3318 2516 3397 2581 τὸ,
3437 2518 3533 2584 Τίς

1959 2600 2280 2669 ἀναγγελεῖ
2299 2600 2442 2669 ὑμῖν
2460 2599 2549 2654 ὅτι
2577 2601 2697 2671 πῦρ
2722 2604 2948 2657 καίεται
2968 2620 2986 2668 ;
3010 2604 3204 2672 καὶτὸ,
3234 2608 3329 2674 Τίς
3353 2609 3537 2679 ἀνατ-

1960 2690 2125 2759 τελεῖ
2158 2690 2301 2760 ὑμῖν
2330 2689 2438 2744 τὸν
2472 2692 2659 2746 τόπον
2692 2692 2797 2747 τὸν
2847 2696 3129 2761 αὶώνιον;
3172 2698 3267 2753 καὶ
3322 2699 3405 2768 τὸ,
3440 2701 3535 2767 Τις

1961 2778 2075 2848 ἄρα
2111 2781 2145 2832 ό
2178 2779 2395 2846 πιστὸς
2438 2781 2539 2835 καὶ
2589 2782 2875 2853 φρόνιμος
2921 2787 3269 2857 οίκονόμος;
3303 2789 3455 2860 Τάχα
3479 2791 3537 2844 δὲ

1963 2871 2056 2923 καὶ
2086 2872 2500 2943 ὲρωτηματικόν
2526 2876 2640 2928 ἐστι
2671 2877 2751 2945 τὸ,
2785 2878 2900 2943 Τίς,
2935 2878 3009 2941 ὡς
3042 2880 3326 2952 ἀπόκρισιν
3349 2883 3537 2953 ἐπιζη-

1962 2960 2181 3025 τοῦντος
2210 3002 2224 3016 .
2244 3001 2259 3016 .
2282 3003 2296 3017 .
2316 3003 2331 3017 .
2381 2964 2455 3018 Οὐ
2486 2965 2599 3037 γὰρ
2642 2968 2739 3036 μία
2780 2969 2979 3039 πρᾶξις
3011 2971 3206 3025 τελειοῖ
3241 2974 3333 3028 τὸν
3378 2992 3539 3029 σπου-

1963 3053 2131 3117 δαῖον,
2162 3054 2298 3107 ἀλλὰ
2330 3058 2490 3109 παντὶ
2520 3058 2762 3128 προσῆκε
2805 3059 2884 3131 τῷ
2926 3061 3025 3132 βίῳ
3054 3064 3153 3127 τὰς
3180 3067 3300 3119 κατ’
3339 3067 3539 3139 ἀρετὰς

289 3151 438 3219 licet,
464 3167 589 3207 mox
633 3151 821 3207 eadem
857 3153 923 3206 ad
971 3154 1194 3207 verbum
1242 3154 1532 3222 exprimat.
1580 3151 1749 3223 igitur
1790 3154 1863 3209 sic

1968 3145 2238 3216 ἐνεργείας
2262 3150 2813 3221 συμπαρατείνεσθαι.
2842 3170 2861 3203 ι
2888 3153 3190 3225 Scriptura,
3214 3172 3334 3210 cum
3365 3161 3539 3214 virum

288 3242 568 3312 loquitur:
619 3245 721 3299 Τὸν
755 3244 957 3297 τέλειον
990 3245 1120 3315 ἡμῖν
1159 3247 1187 3296 ὁ
1213 3244 1370 3311 λόγος
1399 3245 1713 3317 ὑπογράψαι
1754 3245 1874 3316 βου-

287 3332 535 3407 λόμενος,
557 3334 654 3407 τὴν
674 3336 781 3388 τῶν
807 3335 1168 3406 μακαρισμῶν
1192 3336 1568 3406 ἐπιτυγχάνειν
1594 3337 1873 3407 μέλλοντα,

289 3426 442 3490 τάξει
475 3428 583 3480 ’τινὶ⁵
608 3426 700 3479 καὶ
729 3425 831 3496 ὁδῷ
852 3426 959 3479 τῶν
982 3428 1109 3497 περὶ
1137 3428 1299 3480 αὑτὸν
1324 3427 1710 3499 Θεωρουμένων
1744 3447 1878 3502 χρη-

294 3518 547 3587 σάμενος,
588 3517 696 3570 ἀπὸ
735 3516 844 3571 τῶν
883 3517 1461 3589 προσεχεστέρωνμκαὶ
1509 3518 1741 3588 πρώτων
1777 3522 1877 3592 τὴν

292 3610 469 3681 ἀρχὴν
506 3608 800 3678 πεποίηται
831 3626 845 3641 ·
883 3611 1091 3677 Κύριε,
1140 3610 1233 3676 τίς
1284 3609 1639 3679 παροικήσει
1688 3611 1758 3664 ἐν
1797 3611 1877 3677 τῷ

294 3700 645 3769 σκηνώματι
672 3713 789 3753 σου
807 3716 826 3764 ;
879 3701 946 3753 Ἥ
979 3701 1240 3771 παροικία
1284 3702 1401 3755 ἐστὶ
1432 3701 1674 3776 διαγωγὴ
1705 3705 1875 3774 πρόσ-

295 3808 505 3861 καιρος,
553 3793 653 3862 οὐχ
701 3791 991 3863 ἱδρυμένην
1038 3792 1211 3863 ζωὴν,
1247 3793 1380 3845 ἀλλά
1423 3794 1753 3865 παροδικὴν,
1788 3794 1877 3846 ἐπ’

295 3881 475 3936 ἐλπίδι
513 3882 613 3952 τῆς
651 3882 743 3934 ἐπὶ
767 3883 835 3936 τὰ
872 3881 1155 3954 κρείττονα
1189 3882 1601 3953 μεταστάσεως,
1647 3883 1877 3953 ὑποφαί-

296 3990 483 4029 νουσα.
502 4013 516 4027 .
540 3972 664 4027 ,Διὸ
701 3974 797 4027 καὶ
824 3976 852 4027 ὁ
882 3974 1043 4027 Δαυῒδ
1075 3976 1203 4045 περὶ
1245 3974 1436 4028 ἑαυτοῦ
1467 3991 1631 4046 φησι·
1666 3975 1877 4045 Πάροι-

295 4083 404 4131 xor;
439 4064 555 4134 ἐγώ
580 4067 696 4134 ειμι
734 4065 895 4133 παρὰ
929 4065 1029 4119 σοὶ
1070 4067 1167 4119 καὶ
1204 4066 1611 4135 παρεπίδημος
1635 4107 1649 4129 ,
1689 4067 1879 4133 καθὼς

296 4154 524 4219 πάντες
571 4157 624 4208 οὶ
670 4154 919 4223 πατέρες
968 4172 1109 4224 μου.
1146 4154 1412 4225 Πάροικος
1458 4154 1565 4224 γὰρ
1610 4154 1877 4225 Ἀϐραὰμ,

297 4246 419 4300 οὐδὲ
454 4246 606 4316 βῆμα
628 4245 786 4305 ποδὸς
821 4245 955 4309 ἰδίας
984 4246 1086 4316 γῆς
1128 4244 1461 4315 κεκτημένος
1480 4285 1493 4306 ,
1532 4244 1646 4296 ἀλλ’
1671 4245 1759 4297 ὅτε
1788 4235 1882 4297 τα-

298 4338 406 4408 φῆς
464 4335 618 4406 αὑτῷ
668 4335 908 4405 ἐδέησεν,
968 4336 1231 4406 ἀργυρίου
1289 4338 1627 4407 κτησάμενος
1678 4334 1880 4406 ταύτην

1978 3236 2272 3306 perfectum
2299 3240 2456 3294 nobls
2483 3242 2791 3297 describere
2823 3243 2967 3310 vult,
2993 3261 3114 3301 eum
3146 3248 3422 3314 videlicet,
3448 3252 3541 3321 qui

1976 3329 2201 3399 adeptus
2239 3330 2311 3385 sit
2350 3330 2737 3389 beatitudinem
2760 3374 2775 3400 ,
2821 3337 3013 3393 ordine
3051 3340 3285 3416 quodam
3327 3341 3428 3398 hac
3456 3345 3541 3399 via

1978 3421 2030 3475 in
2056 3420 2143 3487 iis,
2192 3436 2313 3493 quae
2361 3424 2505 3478 circa
2552 3425 2725 3494 ipsum
2757 3428 3198 3497 considerantur,
3232 3448 3351 3499 usa,
3379 3436 3447 3490 ab
3476 3435 3543 3491 iis

1977 3530 2098 3584 quae
2124 3515 2296 3585 magis
2322 3517 2480 3571 obvia
2511 3527 2635 3571 sunt
2665 3528 2721 3573 et
2746 3520 2917 3586 prima
2937 3560 2953 3587 ,
2978 3522 3188 3578 initium
3219 3526 3389 3581 duxit.
3431 3527 3544 3581 Do-

1978 3606 2135 3670 mine,
2160 3608 2273 3675 quis
2294 3608 2714 3675 peregrinabitur
2738 3612 2793 3663 in
2824 3614 3157 3666 tabernaculo
3181 3625 3268 3669 tuo
3285 3616 3331 3647 “
3347 3617 3370 3671 ἲ
3385 3617 3543 3675 Pere-

1978 3698 2211 3767 grinatio
2237 3708 2321 3754 est
2340 3703 2697 3756 commoratio
2729 3705 3075 3774 temporaria,
3096 3723 3215 3777 qua:
3246 3712 3407 3765 vitam
3438 3728 3543 3768 non

1978 3789 2248 3855 stabilem,
2308 3794 2404 3845 sed
2455 3794 2826 3849 transitoriam
2868 3798 2938 3852 ob
2988 3813 3135 3866 spem
3200 3803 3266 3855 ad
3322 3804 3545 3860 meliora

1978 3880 2280 3951 emigrandi
2313 3880 2631 3937 indicat.....
2662 3883 2787 3940 Ideo
2816 3894 2871 3940 et
2906 3887 3073 3942 David
3106 3889 3171 3945 de
3200 3906 3259 3946 se
3291 3892 3405 3961 ipso
3433 3894 3544 3949 ait:

1983 3971 2165 4025 lncola
2196 3989 2289 4040 ego
2322 3989 2436 4026 sum
2486 3975 2624 4036 apud
2656 3985 2702 4029 te
2737 3985 2784 4030 et
2810 3980 3108 4049 peregrinus
3129 4020 3143 4043 ,
3196 3984 3329 4036 sicut
3368 4001 3546 4041 omnes

1980 4071 2152 4130 patres
2198 4064 2384 4120 mei".
2431 4064 2607 4119 lncola
2652 4068 2795 4120 enim
2842 4067 2943 4121 fuit
2993 4070 3299 4135 Abraham,
3347 4074 3439 4142 qui
3477 4090 3545 4130 ne

1981 4170 2193 4222 passum
2239 4155 2455 4224 quidem
2495 4159 2646 4225 pedis
2691 4168 2847 4215 terrae
2883 4165 3109 4233 promite
3137 4168 3415 4235 possedit;
3451 4171 3547 4223 sed

1983 4243 2070 4296 ubi
2102 4257 2237 4310 opus
2259 4244 2308 4297 ei
2340 4246 2589 4315 sepulcro
2609 4247 2729 4312 fuit,
2759 4250 2810 4303 id
2833 4262 3055 4322 argento
3082 4263 3349 4310 mercatus
3384 4256 3548 4314 fuisse

1983 4333 2382 4399 perhibetur“.
2435 4334 2686 4391 Ostendit
2733 4340 2941 4395 scilicet
2978 4343 3253 4413 Scriptura
3287 4347 3341 4400 in
3385 4363 3548 4407 carne

301 4427 582 4498 φαίνεταιο
623 4428 928 4491 δεικνύντος
952 4427 1045 4481 τοῦ
1079 4427 1260 4495 λόγου,
1292 4428 1371 4479 ὅτι
1395 4428 1569 4491 ζῶντα
1598 4428 1695 4497 μὲν
1726 4430 1782 4479 ὲν
1812 4431 1863 4497 τῇ

1984 4424 2273 4489 virentem,
2301 4427 2530 4480 incolam
2575 4442 2695 4483 esse
2747 4441 3029 4498 oportere,
3065 4434 3381 4505 migrantem
3418 4453 3548 4497 vero

302 4520 471 4591 σαρκὶ
490 4520 749 4591 πάροικον
774 4515 913 4574 εἶναι
941 4521 1240 4595 προσήκεις,
1271 4518 1659 4590 μεταϐαίνοντα
1686 4521 1744 4573 δὲ
1774 4521 1863 4572 ἀπὶ

1984 4530 2051 4569 ex
2078 4517 2178 4570 hac
2198 4518 2327 4579 vita,
2369 4519 2422 4572 in
2450 4518 2581 4574 locis
2605 4522 2842 4590 propriis
2866 4525 3227 4592 requiescere.
3255 4527 3548 4599 Propterea

298 4606 403 4675 τῆς
429 4604 579 4677 ζωῆς
615 4607 818 4678 ταύτης
866 4610 976 4669 τοῖς
1025 4608 1245 4670 οἰκείοις
1281 4607 1730 4662 έναναπαύεσθαι.
1779 4609 1877 4662 Διά

298 4696 459 4751 τοῦτο
482 4700 540 4750 ὲν
565 4697 663 4768 μὲν
683 4701 747 4769 τῇ
773 4698 883 4769 ζωῇ
912 4698 1084 4771 ταύτῃ
1106 4702 1358 4769 παροικεῖ
1377 4702 1485 4761 τοῖς
1508 4698 1875 4767 ἀλλοφύλλοις,

302 4791 363 4842 ἐν
400 4789 458 4841 δὲ
486 4792 552 4859 τῇ
578 4791 722 4858 ταφῇ
744 4788 945 4841 οἰκείαν
973 4787 1148 4858 ἑαυτῷ
1180 4788 1278 4860 τὴν
1308 4787 1597 4859 δεξομένην
1630 4788 1791 4841 αὐτοῦ
1820 4789 1879 4842 τὸ

304 4881 464 4953 σῶμα
501 4882 603 4949 γῆν
652 4880 1162 4951 ἐπραγματεύσατο.
1216 4880 1500 4949 Μακάριόν
1542 4878 1598 4931 δὲ
1639 4880 1717 4949 τῷ
1744 4880 1877 4943 ὄντι,

304 4970 382 5041 μὴ
433 4969 510 5032 ὡς
559 4970 778 5031 οἰκείοις
827 4968 1253 5040 προστετηκέναι
1297 4971 1405 5040 τοῖς
1449 4968 1507 5019 ἐν
1539 4969 1605 5037 τῇ
1636 4970 1703 5037 γῇ

302 5059 530 5121 σπάνιος
556 5057 611 5110 δέ
642 5058 927 5122 ὁτοιοῦτος
949 5098 964 5120 ,
1010 5060 1039 5111 ό
1070 5058 1144 5129 μὴ
1177 5058 1252 5121 ὡς
1277 5058 1424 5120 ἰδίοις
1465 5059 1747 5128 προσέχων
1770 5060 1880 5121 τοῖς

300 5152 571 5223 παροῦσιν
596 5189 609 5203 .
628 5190 643 5203 .
665 5190 681 5204 .
702 5189 719 5204 .
764 5150 863 5215 Τίς
889 5146 1005 5207 οὖν
1031 5148 1385 5217 παροικήσει
1413 5150 1481 5203 ἐν
1522 5149 1603 5214 τῷ
1633 5150 1881 5217 σκηνώ-

294 5244 443 5314 ματι
471 5256 619 5306 σονς
651 5242 923 5312 Σκήνωμα
960 5241 1055 5294 τοῦ
1086 5241 1217 5294 Θεοῦ
1248 5242 1281 5311 ἡ
1321 5242 1448 5310 παρ’
1479 5239 1641 5292 αὑτοῦ
1668 5240 1884 5311 δεδομέ-

299 5352 367 5404 νη
396 5333 535 5406 σάρξ
564 5335 629 5405 τῇ
658 5333 753 5385 τοῦ
784 5331 1071 5403 ἀνθρώπου
1107 5332 1252 5403 ψυχῇ
1282 5334 1359 5395 είς
1388 5331 1655 5401 ἐνοίκησιν
1683 5332 1881 5403 ὀνομά-

301 5426 457 5489 ζεται
484 5466 497 5478 .
525 5465 539 5478 .
562 5467 575 5479 .
598 5466 613 5479 .
645 5426 787 5479 οὕτω
836 5426 928 5480 καὶ
966 5428 1097 5497 ἡμῖν
1155 5424 1294 5477 κατά
1354 5421 1673 5494 συγγραφὴν
1714 5423 1748 5492 ἡ
1786 5423 1883 5491 τῆς

304 5518 508 5590 σαρκὸς
564 5517 849 5588 ἐπιμέλεια
890 5517 1283 5589 παραδέδοται,
1318 5516 1459 5568 ὥστε
1501 5514 1883 5584 προσηκόντως

378 5721 421 5753 ¹⁷
449 5720 590 5775 Psal.
623 5736 734 5779 xiv.
765 5721 817 5774 1.
894 5721 938 5752 ¹⁸
961 5720 1121 5774 Hebr.
1155 5738 1249 5783 χιι.
1279 5723 1368 5775 ἳῖ.
1448 5722 1489 5754 ’⁸
1510 5722 1647 5776 Psal.
1678 5738 1785 5785 xu,
1810 5723 1861 5776 5.

301 5789 354 5824 ⁸³
382 5788 516 5846 Luc.
558 5806 659 5852 ιιι,
695 5791 783 5844 42.
858 5790 905 5821 ³⁸
930 5790 1072 5844 Psal.
1107 5809 1213 5854 xiv,
1245 5795 1296 5844 Δ.

624 5886 893 5943 Parnoe.
927 5886 1039 5944 Gn.
1073 5887 1306 5951 XXiK.

1937 5724 1982 5753 "
2003 5723 2142 5778 Psal.
2172 5739 2397 5785 Lxxxm,
2424 5726 2477 5777 2.

1374 5794 1418 5823 ’⁸
1446 5793 1580 5847 Psal.
1622 5795 1966 5860 xxxvnt,15.
2045 5798 2088 5827 ἰ
2118 5794 2251 5848 Gen.
2286 5810 2439 5857 unt,
2472 5794 2554 5847 16.

1984 4607 2036 4661 in
2078 4606 2181 4661 hac
2225 4609 2330 4661 vita
2369 4609 2542 4665 incola
2582 4620 2667 4666 est
2710 4628 2833 4666 cum
2875 4614 3191 4687 alienigenis
3237 4637 3250 4673 :
3285 4620 3337 4673 in
3373 4623 3549 4692 sepul-

1986 4707 2107 4752 tura
2155 4713 2285 4754 νει-ο
2318 4702 2587 4770 propriam
2624 4713 2820 4756 terram
2867 4719 3069 4776 corpus
3109 4722 3262 4762 suum
3298 4724 3554 4780 exceptu-

1986 4806 2101 4846 ram
2129 4791 2229 4846 sibi
2266 4792 2383 4860 ipse
2426 4795 2780 4863 comparavit.
2810 4794 2979 4851 Porro
3006 4798 3217 4852 beatum
3251 4799 3408 4868 plane
3439 4803 3556 4859 fue-

1987 4881 2091 4945 rit,
2118 4882 2281 4935 rebus
2311 4882 2540 4936 terrenis
2570 4897 2674 4936 non
2707 4894 2765 4936 ut
2795 4885 3030 4953 propriis
3058 4886 3328 4943 addictum
3360 4906 3551 4947 esse...

1986 4970 2164 5026 Rarus
2196 4981 2374 5026 autem
2414 4973 2459 5027 is
2491 4983 2593 5037 est,
2643 4976 2731 5043 qui
2776 4979 3128 5044 prtescntibus
3182 4996 3287 5033 non
3337 4994 3393 5036 nt
3426 5000 3555 5050 pro-

1987 5062 2121 5132 priis
2148 5063 2474 5121 studeat.....
2506 5064 2637 5129 Quis
2663 5066 2825 5135 igitur
2856 5071 3267 5137 peregrinabitur
3293 5074 3348 5126 in
3379 5077 3553 5128 taber-

1989 5156 2178 5209 naculo
2208 5166 2296 5209 tuo
2315 5156 2341 5209 2’
2364 5156 2791 5211 Tabernaculum
2823 5159 2937 5226 Dei,
2966 5175 3094 5214 caro
3123 5162 3353 5226 dicitur,
3390 5180 3551 5233 quam

1992 5245 2107 5313 ipse
2150 5248 2341 5301 anima:
2398 5248 2630 5301 hominis
2676 5250 2822 5302 dedit
2870 5266 2966 5319 pro
3018 5252 3435 5309 habitatione....
3484 5258 3554 5308 ita

1990 5346 2049 5389 ct
2084 5336 2237 5392 nobis
2271 5353 2337 5390 ex
2385 5340 2687 5407 syngrapha
2737 5341 3021 5395 commissa
3072 5350 3152 5396 est
3187 5344 3369 5399 carnis
3403 5360 3553 5412 cura,

1993 5435 2050 5480 ut
2083 5442 2201 5480 eam
2234 5428 2488 5481 decenter
2535 5430 2874 5495 excolentes,
2934 5433 3173 5501 largitori
3224 5435 3555 5490 fructiferam

1993 5519 2307 5571 reddamus.
2341 5518 2489 5584 Quod
2522 5522 2564 5575 si
2604 5521 2707 5575 Deo
2735 5524 2890 5592 digna
2927 5534 3010 5577 est
3049 5539 3205 5586 caro,
3243 5540 3425 5580 revera
3460 5526 3557 5581 Dei

2555 5728 2594 5756 ¹¹
2626 5726 2781 5780 lCnr.
2812 5744 2869 5791 It,
2903 5729 2981 5781 36.
3057 5732 3101 5761 "
3130 5732 3230 5785 lsa.
3256 5744 3447 5792 χχχιιι,
3470 5728 3554 5785 14.

3228 5911 3283 5951 m
