4040 6486
524 416 717 458 CXCVIII

1873 408 2401 464 PROLEGOMENA.

519 519 920 575 tabernaculum
949 519 1193 585 efﬁcitur,
1224 523 1288 575 ad
1310 538 1441 577 eum
1478 531 1717 586 modum,
1742 541 1847 594 quo
1874 528 2079 581 habitat
2106 535 2152 590 Α
2183 529 2503 596 falsitatem;
2533 532 2792 587 addemus
2819 543 2996 588 tamen
3024 543 3078 587 et
3105 534 3231 599 alia,
3258 534 3451 604 quibus
3480 534 3580 590 hoc
3610 536 3753 590 idem

519 612 570 664 in
596 612 909 665 sanctis.....
931 610 1134 665 Deinde
1156 612 1427 679 profectus
1449 614 1664 681 quidam
1688 614 1743 668 fit
1761 626 1815 668 et
1837 632 2085 686 progres-

517 702 598 753 sio
623 702 687 753 ad
710 702 960 769 quiddam
982 700 1290 769 perfectius.
1314 702 1381 755 Et
1401 705 1518 773 quis
1544 705 1819 771 requiescet
1840 707 1894 759 in
1916 718 2084 760 monte

518 802 698 844 sancto
725 802 810 844 tuo
830 792 912 843 ﬂ?
940 790 1152 847 Judaaus
1180 795 1392 862 quidem
1417 806 1671 849 terrester
1701 813 1818 850 cum
1850 808 2081 851 montem

514 884 683 947 audit,
722 886 786 936 ad
835 884 962 937 Siou
1014 889 1357 939 recurrit.....
1407 887 1556 941 Mons
1596 888 1681 941 ille
1717 891 1889 942 Ioequ
1923 890 2083 943 coele-

514 976 1047 1047 stem,.5plendidum
1081 988 1135 1031 et
1165 979 1511 1045 conspicuum
1561 979 1823 1048 signiﬁcat
1847 1020 1861 1043 ,
1892 980 1956 1034 de
1977 996 2082 1049 quo

512 1067 798 1132 Apostolus
832 1068 907 1120 ait
936 1085 949 1119 :
984 1069 1289 1122 Accessistis
1326 1070 1393 1121 ad
1422 1068 1549 1124 Sion
1584 1083 1828 1132 montem,
1873 1083 1919 1125 et
1953 1074 2079 1126 civi-

512 1167 668 1209 tatem
698 1157 790 1210 Dei
818 1159 1053 1223 viventis,
1081 1158 1374 1212 Jerusalem
1401 1160 1701 1213 scelestam"
1731 1178 1740 1207 τ
1784 1161 1835 1214 in
1871 1177 1973 1230 qua
2001 1171 2083 1215 est

512 1250 796 1305 celebritas
849 1251 1197 1319 angelorum,
1260 1251 1495 1307 Ecclesia
1548 1255 1928 1322 primitivorum
1988 1256 2078 1326 qui

512 1343 796 1408 conscripti
818 1353 936 1396 sunt
976 1345 1028 1395 in
1051 1346 1190 1398 caelis
1214 1346 1280 1399 ".
1313 1344 1601 1416 Postquam
1631 1348 1793 1417 igitur
1813 1349 2076 1418 quispiam

509 1432 611 1485 hac
653 1448 816 1486 carne
845 1434 999 1502 quasi
1042 1434 1093 1488 in
1126 1445 1434 1491 transcursu
1467 1439 1603 1492 citra
1651 1439 1899 1493 allectum
1950 1456 2078 1494 usus

509 1532 615 1585 est,
644 1538 760 1575 eam
791 1533 849 1577 ut
880 1524 1107 1579 alienam
1141 1527 1398 1593 incolens,
1427 1545 1525 1584 nec
1551 1531 1598 1583 ei
1640 1538 1694 1583 ut
1720 1532 1950 1600 propria:
1975 1533 2071 1585 de-

506 1614 672 1676 ditus,
703 1615 745 1667 is
796 1627 1075 1684 propterea
1129 1618 1270 1686 quod
1321 1634 1417 1674 sua
1469 1620 1729 1683 membra,
1781 1636 1899 1687 quae
1951 1630 2077 1675 sunt

507 1721 669 1775 supra
700 1716 922 1769 terram,
974 1708 1341 1774 mortiﬁcavit,
1388 1711 1737 1779 exercuitque
1784 1713 2076 1765 sanctimo-

504 1798 675 1861 niam,
701 1799 896 1865 dignus
934 1809 1016 1853 est
1051 1802 1141 1868 qui
1187 1803 1237 1855 in
1288 1813 1467 1856 monte
1505 1812 1691 1857 sancto
1750 1805 2072 1868 requiescat,

506 1891 661 1958 cujus
694 1891 895 1959 requiei
937 1893 1162 1960 cupidus
1208 1892 1494 1946 Psalmista
1532 1893 1740 1947 dicebat
1773 1909 1787 1942 :
1822 1892 2075 1946 Transibo

502 1985 559 2037 in
588 1985 756 2035 locum
782 1983 1102 2037 tabernaculi
1130 1985 1455 2037 admirabilis
1472 1984 1549 2037 ’°:
1577 1994 1647 2047 et,
1689 1984 1859 2049 Quam
1888 1985 2075 2038 dilecta

502 2076 839 2128 tabernacula
884 2084 996 2140 tua,
1036 2075 1253 2129 Domine
1292 2076 1639 2128 uirtutum"!
1680 2077 1853 2130 llarus
1893 2086 2073 2129 autem

502 2180 585 2223 est
618 2178 672 2223 et
702 2170 792 2239 qui
823 2170 873 2222 in
906 2184 1133 2237 corpore
1167 2181 1417 2239 tanquam
1452 2170 1624 2223 incola
1652 2169 1877 2234 habitat,
1904 2177 1959 2222 et
1981 2168 2073 2237 qui

502 2262 555 2315 in
595 2273 778 2315 monte
810 2261 1122 2329 requiescit.
1158 2260 1449 2329 Propterea
1481 2260 1759 2331 Scriptura
1779 2301 1795 2325 ,
1829 2272 1888 2315 ut
1916 2261 2073 2315 dubi-

504 2365 644 2420 tans,
674 2355 747 2406 ait
790 2372 803 2408 :
848 2353 979 2419 Quis
1012 2354 1465 2423 peregrinabitur?
1502 2362 1557 2407 et
1583 2354 1715 2419 Quis
1754 2354 2075 2423 requiescet?

498 2445 961 2513 Quemadmodum
1004 2445 1132 2499 illud
1182 2462 1195 2497 :
1248 2444 1377 2511 Quis
1421 2446 1656 2514 cognovit
1698 2456 1918 2499 mentem
1965 2444 2072 2498 Do-

498 2535 731 2589 mini"?
781 2535 910 2591 Item
971 2536 1147 2590 illud:
1191 2535 1318 2602 Quis
1361 2536 1693 2591 annuntiabit
1739 2537 1880 2590 vobis
1930 2537 2071 2607 quod

497 2628 634 2697 ignis
656 2628 799 2682 ardet
814 2627 899 2680 “‘l
926 2636 979 2681 et
1014 2627 1140 2681 illud
1167 2647 1179 2681 :
1212 2627 1344 2693 Quis
1376 2627 1712 2681 annuntiabit
1733 2628 1877 2682 vobis
1899 2629 2070 2681 locum

498 2719 951 2783 aternum"?et,
994 2717 1153 2784 Quis,
1188 2728 1376 2787 putas,
1423 2719 1593 2788 ﬁdelis
1631 2730 1703 2773 est
1739 2731 1787 2773 et
1840 2722 2068 2789 prudens

497 2805 934 2876 dispensator"?
960 2805 1213 2862 Fortasse
1241 2817 1419 2862 autem
1450 2818 1503 2862 et
1523 2807 1675 2873 illud,
1716 2808 1867 2874 Quis,
1902 2810 2069 2863 inter-

498 2896 739 2966 regative
806 2894 1001 2949 dicitur
1051 2896 1203 2965 quasi
1262 2897 1571 2965 exquireret
1633 2912 2063 2966 responsum.....

496 2986 614 3043 Non
648 2988 793 3043 enim
823 2987 963 3041 satio
994 3002 1094 3040 una
1125 2987 1299 3041 virum
1325 2987 1548 3057 probum
1574 2986 1753 3052 elﬁcit,
1784 2989 1875 3043 sed
1904 3003 2066 3057 opera

495 3079 715 3134 virtutis
767 3076 979 3132 extendi
1027 3084 1239 3147 oportet
1284 3078 1351 3132 ad
1403 3080 1567 3133 vitam
1610 3094 1849 3134 onmem.
1889 3099 1908 3132 s
1944 3079 2069 3134 Hth

496 3174 597 3227 etsi
630 3171 889 3241 longiora,
930 3169 1240 3224 exscribere
1282 3170 1453 3223 visum
1481 3179 1585 3236 est,
1617 3186 1723 3241 quo
1762 3171 1902 3224 furta
1946 3186 2067 3240 qua:

495 3266 727 3334 scriptor
772 3271 956 3317 noster
994 3262 1149 3331 longa
1188 3261 1472 3316 verborum
1519 3262 1839 3317 circuitione
1885 3264 2066 3317 occul-

497 3368 611 3410 tare
666 3355 931 3419 voluerat,
1006 3352 1215 3409 facilius
1272 3354 1578 3423 clariusque
1643 3354 2062 3409 innotescerent.

491 3446 612 3503 Jam
660 3447 817 3500 velim
869 3457 1211 3515 comparetur
1257 3445 1431 3527 prima
1473 3446 1585 3499 haec
1622 3447 1798 3500 oratio
1834 3447 1885 3499 in
1920 3446 2065 3516 psal-

498 3552 641 3592 mum
675 3538 940 3593 decimum
987 3547 1240 3604 quartum
1290 3552 1414 3592 cum
1457 3540 1690 3592 secunda
1729 3539 1974 3593 oratione
2013 3540 2063 3593 in

495 3631 762 3699 psalmum
804 3629 1073 3683 eumdem.
1117 3629 1190 3682 Ea
1220 3638 1304 3684 est
1329 3629 1591 3684 orationis
1623 3631 1873 3684 secundae
1904 3631 2063 3684 uber-

496 3732 599 3787 tas,
628 3722 881 3785 varietas,
923 3721 1096 3788 c0pia,
1140 3736 1302 3790 quam
1339 3721 1648 3789 paucissimi
1680 3730 1923 3775 oratores
1958 3737 2062 3774 non

496 3816 619 3869 dico
646 3829 922 3883 superare,
974 3815 1065 3869 sed
1118 3814 1312 3867 imitari
1356 3814 1583 3883 possint.
1622 3813 1935 3868 Versiculus
1984 3813 2063 3866 vel

497 3908 687 3962 unicus
712 3906 1098 3976 amplissimam
1139 3905 1494 3960 concionandi
1546 3906 1825 3959 materiam
1868 3906 2064 3959 Basilio

497 3998 950 4054 subministravit.
989 3997 1102 4053 Hoc
1158 3998 1297 4053 idem
1344 4001 1690 4052 observatum
1750 3997 1871 4051 volo
1916 4007 1971 4051 et
2010 3998 2061 4050 in

497 4090 841 4145 enarratione
899 4090 950 4143 in
1013 4090 1244 4160 primum
1296 4088 1585 4158 psahnum,
1642 4091 1693 4143 in
1742 4104 1846 4158 qua
1892 4088 2061 4159 prima

498 4182 688 4254 psalmi
717 4181 879 4237 verba
906 4182 978 4237 ita
1006 4190 1161 4237 ornat
1203 4181 1603 4251 amplitieatque
1637 4181 1894 4245 Basilius,
1933 4190 1992 4234 ut
2018 4180 2062 4234 si

499 4272 828 4343 explicasset
853 4272 1022 4341 plura,
1046 4271 1320 4327 coneionis
1342 4271 1517 4340 jnstos
1543 4271 1742 4325 limites
1769 4270 2061 4340 transgredi

493 4374 713 4420 coactus
753 4372 914 4420 esset.
950 4362 1156 4418 Possim
1204 4371 1259 4418 et
1284 4362 1449 4416 multa
1483 4361 1585 4416 alia
1635 4361 1878 4430 exempla
1914 4361 2063 4414 miri-

487 4458 610 4513 ﬁca:
636 4457 778 4511 illius
820 4456 1116 4516 ubertatis,
1157 4469 1319 4525 quam
1357 4456 1406 4509 ei
1445 4461 1634 4509 natura
1670 4453 1734 4506 ad
1777 4451 2059 4507 dicendum

2187 624 2355 692 magis
2388 623 2715 678 ostendatur.
2744 625 2911 690 Quale
2942 635 3023 678 est
3052 627 3195 692 quod
3238 635 3426 681 auctor
3455 628 3526 681 ita
3566 630 3756 681 scribit

2186 730 2334 769 num.
2395 717 2419 768 1
2464 732 2476 769 :
2539 715 2662 768 Ἐὰν
2699 716 2753 769 δὲ
2856 715 2993 769 Θεοῦ
3023 716 3147 782 ἀξία
3178 715 3384 789 [diog],
3430 720 3638 787 γίνεται
3677 719 3757 789 τῷ

2184 804 2293 855 ὄντι
2322 805 2453 858 Θεοῦ
2506 808 2764 875 σκήνωμα
2786 847 2801 869 ,
2855 807 2995 860 κατὰ
3030 810 3127 878 τὴν
3158 808 3427 881 ἐνοίκησιν
3465 809 3627 862 αὐτοῦ
3656 827 3755 881 την

2184 898 2263 957 εἰς
2304 898 2427 960 τοὺς
2458 897 2665 964 ἁγίους.
2710 898 2839 950 Nam
2871 899 3052 950 mirari
3088 900 3232 952 subit
3277 902 3621 969 scriptorem,
3661 904 3752 965 qni

2183 987 2511 1042 Ensebianus
2541 1004 2661 1043 esse
2690 991 2961 1055 studeret,
3001 992 3322 1044 sententiam
3378 1000 3557 1045 tamen
3589 992 3757 1045 Eusc-

2183 1079 2393 1131 bianam
2431 1081 2657 1135 barbaro
2700 1081 2949 1149 loquendi
2976 1097 3174 1150 genere
3206 1083 3553 1148 expressisse.
3590 1082 3754 1134 Dixeo

2182 1180 2265 1222 rat
2297 1170 2623 1224 Eusebianus
2649 1174 2871 1235 usitate,
2903 1172 2977 1237 ὡς
3004 1172 3067 1226 ἂν
3103 1172 3324 1242 γένηται
3354 1190 3449 1227 και
3489 1174 3753 1244 σκήνωμα

2180 1260 2272 1313 τοῦ
2305 1260 2438 1314 Θεοῦ
2467 1266 2577 1327 τοῖς
2600 1264 2774 1331 ἁγίοις
2810 1265 3159 1327 ἐνοικοῦντος,
3197 1284 3214 1314 ι
3248 1265 3315 1319 Ut
3346 1265 3438 1317 fiat
3468 1276 3521 1318 et
3546 1266 3636 1319 Dei
3668 1277 3752 1317 ta-

2179 1353 2553 1415 bernaculum,
2609 1354 2661 1406 in
2692 1356 2897 1408 sanctis
2938 1356 3229 1409 habitantis
3267 1372 3279 1407 :
3326 1375 3343 1406 ι
3388 1356 3476 1408 ille
3506 1370 3635 1409 vero
3671 1357 3754 1410 in-

2180 1444 2392 1508 usitate,
2422 1445 2562 1498 κατὰ
2582 1445 2681 1516 τὴν
2704 1446 2974 1516 ἐνοίκησιν
2994 1445 3156 1499 αὑτοῦ
3180 1445 3279 1518 τὴν
3302 1447 3380 1509 εἰς
3401 1447 3523 1509 τοὺς
3542 1443 3752 1512 ἁγίους.

2178 1538 2241 1590 ail
2272 1537 2513 1600 verbum,
2563 1556 2582 1588 ι
2613 1540 2907 1591 secumlum
2956 1537 3341 1591 habitationem
3393 1537 3560 1603 ipsius
3583 1575 3599 1599 ,
3633 1550 3753 1606 qua:

2176 1638 2258 1681 est
2285 1630 2337 1681 in
2363 1638 2599 1682 sanctos.
2635 1647 2652 1677 ι
2689 1628 2827 1693 Quid
2869 1638 2951 1681 est
2984 1630 3116 1691 hoe,
3151 1629 3251 1682 nisi
3284 1626 3669 1698 βαρϐαρίζειν,
3699 1639 3753 1680 et

2178 1721 2230 1773 in
2261 1720 2464 1775 Grtecis
2493 1719 2796 1773 balbutire?
2829 1719 3076 1786 Ejusdem
3119 1722 3329 1788 generis
3362 1729 3447 1772 est
3487 1729 3540 1771 et
3575 1720 3701 1772 illud
3733 1737 3745 1770 :

2182 1814 2345 1884 Ὄρος
2390 1814 2564 1864 ἐκεῖνο
2604 1811 2701 1881 τὴν
2741 1812 3059 1882 ἐπουράνιον
3105 1810 3288 1882 χώραν
3334 1812 3432 1882 τὴν
3477 1812 3751 1883 περιφανῆ

2178 1904 2268 1956 καὶ
2300 1903 2576 1974 λαμπρὰν,
2608 1904 2735 1973 περὶ
2766 1898 2832 1975 ἦς
2861 1906 2888 1956 ὁ
2941 1903 3261 1967 Ἀπὸστολος
3286 1903 3465 1972 λέγει,
3504 1913 3610 1957 etc.
3639 1919 3652 1953 :
3683 1904 3751 1955 ad

2178 1980 2429 2057 verbum,
2469 2012 2489 2045 s
2529 2009 2683 2048 mons
2710 1995 2797 2048 ille
2827 1996 2998 2048 locum
3046 1995 3353 2061 caelestem,
3387 1994 3749 2064 splendidum,

2178 2088 2242 2141 de
2269 2100 2374 2155 quo
2412 2086 2696 2155 Apostolus
2723 2088 2831 2153 ait,
2868 2106 2886 2138 ι
2920 2099 3024 2143 etc.
3057 2088 3317 2157 Scriptori
3356 2088 3573 2150 excidit,
3607 2089 3751 2156 quod

2177 2178 2241 2230 ad
2272 2176 2649 2230 absolvendam
2692 2177 2968 2245 periddum
2998 2178 3194 2231 addere
3218 2178 3496 2234 debuerat.
3527 2176 3635 2230 Nec
3662 2178 3751 2228 ah-

2175 2267 2347 2322 simile
2390 2267 2518 2321 illud
2555 2283 2572 2321 :
2612 2268 2758 2320 Ἐκεῖ
2788 2270 2933 2339 ἡμᾶς
2984 2268 3134 2337 καὶὴ
3190 2266 3325 2338 πρὸς
3368 2269 3493 2329 τοὺς
3523 2265 3751 2336 πλησίον

2172 2360 2249 2429 τῷ
2269 2358 2411 2428 λόγῳ
2432 2359 2645 2428 ἐκείνης
2675 2360 2772 2429 τῆς
2806 2362 2863 2412 ὲν
2887 2358 2963 2429 τῷ
2984 2357 3586 2429 δρει,κατασκηνώσεως
3606 2398 3623 2423 ,
3653 2359 3751 2411 καὶ

2172 2449 2205 2519 ἡ
2235 2449 2299 2500 ὲκ
2325 2446 2419 2500 τοῦ
2453 2449 2687 2518 μαμωνᾶ
2722 2449 2820 2518 τῆς
2858 2448 3067 2513 ἀδικίας
3114 2449 3371 2519 γινομένη
3411 2447 3560 2516 φιλία
3589 2463 3752 2501 κατα-

2174 2540 2379 2609 σκηνοῖ,
2431 2556 2449 2591 ι
2508 2537 2619 2593 lllic
2680 2539 2834 2593 nobis
2879 2551 2933 2595 et
2976 2538 3203 2609 proximi
3248 2554 3414 2602 amor,
3460 2538 3551 2605 qui
3580 2552 3746 2591 causa

2172 2632 2313 2686 ilius
2370 2632 2575 2699 requiei
2642 2632 2694 2685 in
2764 2640 2947 2685 monte
3024 2629 3263 2683 fruenda:
3331 2630 3637 2695 exhibetur,
3695 2641 3751 2685 et

2170 2738 2324 2778 amor
2372 2722 2465 2792 qui
2521 2738 2585 2776 ex
2620 2736 2924 2775 mammona
2977 2721 3276 2790 iniquitatis
3334 2721 3593 2784 nascitur,
3650 2720 3750 2773 ba-

2169 2815 2483 2869 bitationem
2543 2815 2761 2883 praebet.
2801 2832 2820 2864 ι
2848 2812 3007 2868 Certe
3044 2828 3151 2881 quo
3200 2813 3368 2882 magis
3400 2814 3512 2867 haec
3564 2812 3745 2866 consi-

2169 2907 2320 2973 dero,
2359 2918 2423 2958 eo
2492 2905 2661 2972 magis
2704 2905 2832 2957 mihi
2875 2904 3192 2973 persuadeo,
3236 2903 3492 2956 Basiliam
3541 2902 3748 2956 rectius

2168 3002 2223 3049 et
2256 2994 2559 3048 locuturum
2584 2992 2770 3057 fuisse,
2790 3002 2843 3046 et
2863 2994 3239 3062 cogitaturum.
3277 2990 3413 3046 Nam
3452 2993 3750 3059 ilignea-

2171 3089 2358 3156 σκηνοῖ
2385 3086 2552 3155 ἡμᾶς.
2596 3099 2693 3153 pro
2739 3099 2803 3138 eo
2848 3086 2989 3157 quod
3022 3096 3127 3150 est,
3180 3084 3391 3138 t-faciet
3440 3093 3497 3138 ut
3536 3084 3748 3139 habite-

2168 3190 2309 3238 mus,
2338 3193 2357 3225 ι
2412 3176 2649 3229 invenire
2683 3189 2785 3228 non
2825 3185 2908 3229 est
2952 3191 3123 3245 neque
3156 3175 3292 3244 apud
3334 3174 3613 3239 Basilium,
3649 3188 3747 3228 ne.

2166 3277 2272 3332 que
2299 3262 2530 3316 fortasse
2555 3264 2693 3330 apud
2737 3262 2871 3316 alios
2902 3263 3126 3317 idoneos
3170 3263 3482 3331 scriptores.
3516 3261 3749 3317 Senten-

2167 3354 2295 3406 tiam
2328 3353 2616 3405 verborum
2653 3351 2763 3419 jam
2801 3353 2843 3406 si
2877 3354 3264 3423 expendamus,
3289 3370 3349 3407 ea
3374 3369 3479 3407 non
3503 3364 3630 3423 puto
3662 3368 3749 3407 rc-

2164 3445 2326 3515 periri
2373 3446 2663 3513 quidquam
2708 3460 2865 3512 posse
2918 3454 3009 3498 aut
3061 3446 3291 3515 ineptius
3335 3446 3434 3516 (a),
3476 3454 3570 3500 aut
3602 3446 3745 3515 quod

2164 3554 2195 3592 a
2221 3552 2352 3591 sana
2378 3548 2558 3591 mente
2581 3538 2750 3607 magis
2775 3538 3083 3593 abhorreat.
3106 3536 3238 3591 Nam
3261 3538 3309 3592 si
3334 3538 3563 3606 proximi
3588 3552 3745 3591 amor

2162 3628 2376 3683 deducit
2401 3644 2498 3683 nos
2528 3630 2594 3683 ad
2620 3632 2892 3683 cmlestem
2920 3634 3236 3697 beatamque
3271 3630 3533 3698 requiem,
3590 3643 3745 3682 amor

2162 3723 2254 3792 qui
2278 3738 2344 3775 ex
2378 3736 2679 3775 mammona
2714 3722 3015 3791 iniquitatis
3058 3722 3319 3786 nascitur,
3366 3722 3431 3775 ab
3459 3735 3521 3775 ea
3550 3721 3741 3790 utique

2165 3830 2261 3869 nos
2289 3815 2528 3869 abducit.
2570 3816 2719 3881 Quod
2750 3817 2801 3867 in
2850 3816 2957 3869 line
3002 3816 3260 3869 orationis
3295 3815 3507 3883 legitur,
3541 3813 3611 3867 Τὸ
3638 3814 3743 3882 dp—

2164 3907 2369 3975 γύριον
2389 3905 2575 3959 αὐτοῦ
2609 3908 2720 3959 οὐκ
2749 3905 2972 3960 ἔδωκεν
3001 3906 3101 3960 ἐπὶ
3128 3907 3298 3971 τόκῳ,
3335 3906 3438 3970 Qui
3464 3906 3742 3975 pecuniam

2162 4015 2313 4051 suam
2341 4014 2442 4051 non
2480 3998 2622 4049 dedit
2656 3997 2725 4049 ad
2766 4013 2981 4050 usurum
3006 3998 3071 4061 ³⁸,
3108 4009 3199 4049 aut
3229 3997 3458 4067 (variant
3499 3995 3641 4047 enim
3673 3992 3740 4046 li-

2165 4090 2288 4157 bri),
2321 4088 2402 4153 Τῷ
2429 4088 2695 4142 αἰτοῦντί
2729 4104 2802 4141 σε
2830 4087 2957 4153 δὸς,
3000 4088 3097 4141 καὶ
3146 4088 3263 4142 ἀπὸ
3304 4086 3409 4141 τοῦ
3456 4085 3742 4149 θέλοντος

2163 4176 2560 4233 δανείσασθαι
2600 4176 2686 4247 μὴ
2735 4176 3147 4245 ἀποστραφῇς.
3205 4177 3307 4242 Qui
3345 4177 3467 4244 petit
3503 4192 3536 4228 a
3566 4186 3634 4237 te,
3670 4177 3743 4228 da

2164 4271 2245 4333 ei;
2280 4279 2327 4322 et
2353 4269 2539 4323 volenti
2576 4271 2806 4321 mutuari
2841 4286 2872 4322 a
2900 4280 2969 4335 te,
2997 4284 3058 4323 ne
3088 4267 3338 4322 avertaris
3364 4267 3510 4337 ",jid
3541 4265 3624 4319 vel
3652 4280 3742 4319 so-

2165 4359 2274 4413 lum
2304 4358 2585 4413 coneionis
2611 4358 2767 4426 hujus
2791 4358 3077 4412 falsitatem
3107 4356 3326 4426 detegit.
3356 4355 3579 4429 Etenim.
3598 4355 3641 4409 si
3673 4354 3744 4409 Ie-

2164 4451 2326 4521 geris,
2360 4449 2419 4502 τὸ
2452 4450 2713 4522 ἀργύριον
2748 4449 2938 4517 αὑτοῦ,
2973 4460 3103 4517 etc.,
3132 4448 3362 4503 Basilius
3390 4448 3502 4517 ipse
3539 4446 3741 4501 oratio-

492 4548 684 4618 largita
716 4557 868 4614 erat,
896 4548 982 4602 hic
1030 4560 1327 4617 congerere
1367 4562 1381 4598 :
1420 4544 1511 4600 sed
1555 4558 1676 4599 cum
1720 4543 1893 4599 doctis
1937 4552 2060 4597 nota
2095 4557 2139 4611 ι)
2170 4545 2252 4599 nis
2281 4545 2530 4599 secunda:
2554 4544 2709 4598 initio
2741 4542 2899 4597 docet
2922 4559 2981 4599 se
3010 4544 3151 4597 hunc
3178 4540 3378 4596 Psahni
3412 4537 3739 4593 versiculum

498 4639 631 4704 sint,
657 4655 719 4695 ea
748 4638 949 4694 referre
986 4654 1208 4695 necesse
1235 4654 1337 4692 non
1368 4647 1470 4693 est.
1496 4636 1596 4705 Qui
1633 4636 1795 4706 igitur
1825 4636 1940 4690 fieri
1969 4650 2063 4702 po-

499 4730 621 4794 tuit,
650 4742 708 4784 ut
731 4746 972 4785 summus
1007 4740 1192 4785 orator
1218 4730 1445 4784 Basilius
1468 4725 1586 4783 suat"
1612 4729 1780 4799 ipsius
1802 4726 2064 4783 facundia:

494 4822 643 4890 quasi
669 4821 885 4888 oblitus,
920 4839 1027 4877 non
1062 4822 1359 4878 sententias
1385 4820 1557 4876 solum
1577 4863 1592 4887 ,
1621 4819 1714 4874 sed
1745 4822 1859 4889 ipsa
1897 4820 2061 4874 etiam

493 4915 661 4969 verba
699 4914 766 4968 ab
795 4913 1028 4970 Eusebio
1057 4924 1332 4969 mutuatus
1359 4913 1460 4969 sit?
1484 4911 1553 4967 Et
1580 4912 1725 4981 quod
1752 4911 1920 4983 magis
1956 4911 2060 4965 mi-

494 5007 704 5071 rabere,
751 5007 803 5060 id
856 5005 1071 5061 ieclsset
1100 5006 1329 5061 Basilius
1357 5022 1461 5059 non
1504 5020 1626 5060 cum
1672 5019 1835 5058 unum
1870 5002 2061 5074 psalmi

495 5095 723 5163 alicujus
755 5096 1079 5150 versiculum
1113 5096 1214 5150 sibi
1249 5095 1622 5165 explicandum
1672 5094 2060 5163 proposuisset,

494 5186 588 5241 sed
616 5187 810 5241 multos
848 5204 862 5240 :
898 5188 1040 5255 quod
1083 5198 1137 5241 et
1179 5186 1525 5256 indigentiam
1561 5200 1826 5238 summam
1854 5186 1903 5239 iu
1932 5185 2066 5239 scri-

495 5289 650 5345 ptore
687 5278 881 5347 arguit,
921 5293 1018 5332 nec
1050 5276 1155 5331 ullo
1188 5278 1345 5330 modo
1375 5292 1495 5330 cum
1524 5275 1791 5330 Basiliana
1820 5275 2065 5329 facundia

497 5378 674 5436 potest
700 5369 994 5425 conciliari.
1040 5371 1103 5423 Et
1135 5371 1178 5423 si
1228 5378 1406 5422 autem
1440 5366 1682 5422 suﬂieere
1732 5367 2062 5421 arbitramur

495 5473 614 5527 qua:
662 5461 918 5527 diximus,
972 5463 1037 5516 ad
1081 5461 1555 5516 demonstrandum
1607 5461 1765 5529 hujus
1798 5462 2059 5516 oratioais

1150 5639 1193 5669 ’⁸
1228 5638 1387 5691 Hebr.
1426 5654 1523 5699 χιι,
1550 5637 1640 5691 2‘2.
1718 5640 1760 5669 ’θ
1792 5639 1918 5693 ibid.
1946 5640 2037 5692 23.

573 5642 618 5675 "’
644 5640 809 5695 Psal..
862 5656 972 5702 xrv,
1000 5640 1071 5709 ιι.
1150 5640 1193 5669 ’⁸
1228 5640 1387 5691 Hebr.
1426 5654 1523 5699 xu,
1550 5640 1640 5691 29..
1718 5640 1760 5669 ’θ
1792 5640 1847 5691 ih

575 5715 671 5767 lsa.
703 5725 893 5770 xxxm,
939 5710 1025 5762 14.
1104 5710 1148 5739 ³⁸
1187 5709 1313 5762 ibid.
1392 5708 1435 5738 ³⁵
1471 5708 1598 5761 Luc.
1634 5724 1726 5770 xu,
1758 5709 1847 5761 42.

499 5714 542 5744 ³³
575 5715 671 5767 lsa.
703 5725 893 5775 xxxm,
939 5710 1025 5762 14.

2117 5640 2160 5671 ¹⁶
2195 5641 2336 5696 Psal.
2371 5658 2477 5705 xu,
2508 5644 2559 5696 5.

1926 5712 1969 5739 “
2000 5709 2139 5763 Psal.
2176 5727 2286 5773 xtv,
2326 5713 2378 5765 5.

2173 4636 2225 4690 in
2253 4636 2514 4690 concione
2541 4635 2724 4704 priore
2752 4634 2822 4689 ob
2853 4635 3113 4700 temporis
3139 4632 3418 4703 angustias
3447 4630 3738 4686 omisisse:

2170 4730 2215 4783 si
2240 4743 2367 4783 vero
2389 4727 2603 4798 legeris,
2629 4725 2706 4798 τῷ
2726 4725 2964 4781 αἰτοῦντί
2984 4742 3065 4791 σε,
3092 4734 3221 4791 etc.,
3256 4726 3357 4778 hoc
3380 4731 3594 4778 constat
3614 4736 3741 4777 cum

2168 4819 2596 4891 praecedentibus
2648 4819 2794 4873 nullo
2852 4820 3010 4873 modo
3080 4819 3374 4873 cohaerere.
3443 4813 3742 4884 Postquam

2167 4912 2310 4965 enim
2338 4908 2552 4965 dixerat
2594 4911 2757 4965 multa
2800 4912 3029 4980 scriptor
3061 4910 3113 4963 in
3148 4909 3292 4963 hunc
3330 4921 3546 4963 versum
3585 4925 3599 4962 :
3636 4904 3743 4971 Qui

2158 5002 2309 5070 jurat
2341 5003 2581 5069 proximo
2622 5018 2737 5065 suo,
2779 5010 2829 5056 et
2867 5019 2969 5056 non
3008 5001 3196 5069 decipit
3213 4999 3278 5063 ³⁸,
3324 4996 3452 5068 quid
3478 4997 3743 5052 attinebat

2164 5093 2345 5147 subito
2376 5104 2430 5146 et
2476 5104 2676 5162 praeter
2703 5094 2940 5149 omnium
2974 5094 3428 5164 exspectationem
3470 5091 3557 5145 illa
3603 5089 3743 5143 Mat-

2168 5188 2312 5250 tbaai,
2341 5185 2577 5241 αἰτοῦντί
2600 5204 2681 5253 σε,
2713 5197 2845 5253 etc.,
2876 5187 3186 5257 explicare?
3211 5185 3473 5240 Praeterea
3520 5182 3566 5237 si
3590 5182 3743 5237 Basi-

2167 5280 2238 5334 lio
2265 5295 2359 5347 per
2384 5288 2591 5347 tempus
2636 5294 2740 5332 non
2784 5279 2934 5333 licuit
2964 5279 3121 5334 verba
3173 5276 3388 5331 Davidis
3424 5273 3739 5343 explanare,

2169 5371 2440 5441 quomodo
2460 5372 2508 5425 ei
2538 5370 2769 5426 facultas
2815 5370 2912 5424 fuit
2940 5368 3175 5424 Matthtei
3208 5369 3370 5424 verba
3397 5364 3742 5435 exponendi?

2172 5464 2424 5518 Arbitror
2464 5462 2799 5519 Parisienses
2848 5462 3211 5532 typographos
3257 5461 3373 5515 haec
3398 5458 3739 5513 incommoda

2639 5644 2679 5675 ³¹
2720 5642 2857 5697 Psal.
2887 5654 3111 5698 Luxus.
3143 5643 3193 5692 Ξ.
3273 5643 3316 5671 ³⁸
3348 5640 3366 5693 l
3397 5638 3521 5693 Cor.
3561 5652 3623 5703 tt,
3649 5632 3741 5695 19.

2457 5715 2496 5743 ³⁷
2528 5713 2718 5767 Matth.
2755 5730 2805 5776 ν,
2838 5714 2926 5767 42.
3006 5713 3049 5744 ³⁸
3072 5713 3206 5764 Psal.
3238 5725 3346 5775 XIV,
3380 5709 3431 5761 4.

568 5829 642 5903 (a)
669 5829 790 5883 llmc
838 5826 1145 5883 retractavit
1195 5828 1252 5884 D.
1287 5826 1580 5883 Garnerius
1640 5826 1693 5881 iu
1745 5826 2061 5883 Prtefatione
2093 5830 2217 5885 lomi
2248 5829 2288 5886 ll
2316 5828 2452 5902 [Ill],
2489 5830 2516 5901 §
2552 5829 2691 5887 XlV.
2734 5831 2892 5888 Eutr.
