4040 6442
1411 397 1471 449 D.
1512 394 1655 447 JUL.
1697 396 2020 447 CARNEBH
2058 398 2444 450 PIUEFATIO.

3332 419 3485 459 ειειι

274 516 637 582 pcrsensisse;
663 513 732 564 ob
760 513 917 579 idque
942 528 1046 566 non
1077 512 1331 573 edidisse,
1355 510 1591 562 αἰτοῦντί
1615 525 1839 573 os,ctc.,
1874 517 1915 568 Α
1946 526 2048 576 qua
2075 511 2270 577 alioqui
2305 512 2554 564 dictionis
2591 512 2867 567 Basilianzn
2901 515 3145 581 vestigia,
3186 525 3242 567 ut
3268 518 3319 567 in
3354 522 3497 582 ejus-

274 604 383 667 sed,
425 604 486 657 τὸ
535 598 795 671 ἀργύριον
835 600 1024 662 αὑτοῦ,
1083 606 1188 650 etc.
1228 594 1331 649 Sed
1381 597 1745 663 imprudentes
1788 599 1841 647 in

272 697 443 761 majus
470 692 865 745 incommodum
900 690 1228 743 inciderunt.
1276 685 1437 749 Nam,
1482 687 1841 751 pratermissu

271 786 438 841 fuisse
464 783 514 834 in
545 781 712 851 prima
742 784 988 837 oratione
1010 780 1167 834 verba
1200 780 1308 843 illa,
1328 779 1388 831 τὸ
1411 777 1691 849 ἀργύριον,
1711 791 1841 841 elc.,

270 883 453 931 monet
488 873 935 947 locupletissimus
974 874 1130 927 testis
1176 873 1422 925 Basilius.
1471 870 1650 924 Basilii
1684 871 1844 941 igitur

270 982 375 1022 non
410 975 495 1024 est
539 970 653 1025 [nec
680 964 879 1029 oratio,
909 966 1002 1019 sed
1049 966 1270 1018 alterius
1302 962 1556 1029 cujusvis,
1584 960 1675 1030 qui
1702 963 1841 1032 quod

268 1058 581 1115 concionem
627 1056 770 1110 illius
821 1071 1082 1125 nusquam
1126 1068 1438 1122 comparere
1472 1055 1693 1116 videret,
1741 1055 1842 1107 hoc

268 1152 526 1208 damnum
559 1164 657 1204 suo
695 1148 864 1218 ipsius
904 1148 1088 1202 labore
1130 1155 1185 1199 et
1220 1161 1383 1215 opera
1432 1155 1705 1215 utcunque
1751 1162 1838 1201 re-

268 1248 473 1299 sarcire
502 1241 689 1294 voluit.

337 1340 425 1393 δι.
464 1336 605 1388 Duas
646 1334 903 1389 habemus
942 1332 992 1385 in
1038 1332 1303 1402 psalmum
1336 1330 1649 1384 vicesimum
1683 1340 1831 1386 octa-

267 1445 391 1483 vum
428 1427 724 1489 orationes,
757 1440 982 1495 quarmu
1016 1425 1234 1493 quidem
1265 1423 1537 1495 posterior
1563 1422 1685 1492 jure
1711 1422 1837 1489 reji-

268 1522 406 1572 citur
452 1520 520 1571 ab
550 1518 833 1581 onmibus;
867 1516 1035 1571 altera
1072 1533 1219 1581 vero,
1252 1516 1465 1571 nemine
1488 1516 1837 1576 reclamante,

268 1611 464 1665 Basilio
496 1612 768 1666 tribuitur.
794 1610 932 1665 Sunt
981 1618 1157 1660 tamen
1207 1625 1326 1675 quze
1364 1610 1664 1662 molestiam
1693 1622 1833 1674 quo-

267 1719 371 1773 que
405 1704 701 1759 exhibeant
728 1703 780 1756 in
817 1703 989 1769 prima
1025 1700 1109 1751 illa
1139 1700 1406 1759 oratione,
1444 1700 1489 1750 si
1524 1714 1627 1751 non
1657 1697 1834 1761 alteri,

269 1796 398 1850 mihi
434 1804 580 1850 certe
612 1795 921 1847 maximam.
956 1790 1089 1843 Nam
1134 1789 1263 1842 illud
1294 1789 1447 1857 quasi
1482 1798 1686 1842 certum
1726 1789 1835 1842 cri—

269 1888 400 1942 lices
429 1885 752 1952 principium
791 1883 1088 1946 posuimus,
1118 1881 1372 1935 Basiliam
1401 1898 1521 1936 cum
1564 1898 1669 1937 non
1704 1881 1838 1936 luis-

266 1994 346 2041 se,
378 1978 471 2045 qui
519 1976 717 2045 scripta
759 1974 974 2029 Eusebii
1022 1977 1087 2029 ad
1130 1976 1350 2030 verbum
1404 1976 1739 2044 compilaret.
1774 1975 1839 2026 Et

267 2080 447 2124 tamen
481 2068 532 2121 in
565 2068 665 2122 hac
687 2068 929 2121 oratione
960 2078 1255 2122 occurrunt
1290 2067 1567 2129 nonnulla,
1602 2081 1722 2135 qua
1754 2074 1838 2119 to-

269 2161 431 2216 tidem
458 2158 686 2232 syllabis
722 2158 774 2213 in
810 2159 1040 2215 Eusebio
1066 2161 1335 2229 leguntur.
1363 2156 1604 2211 Primum
1636 2159 1839 2213 exscri-

265 2254 388 2307 bam
429 2268 550 2323 qua:
585 2250 925 2319 reperiuntur
959 2254 1095 2319 apud
1126 2252 1407 2312 Basilium,
1456 2250 1674 2314 deinde,
1718 2265 1838 2317 qua:

267 2345 319 2396 in
350 2344 605 2398 Eusebio.
654 2342 746 2397 Sic
797 2343 958 2410 igitur
986 2342 1213 2409 legimus
1256 2342 1309 2394 in
1358 2342 1541 2394 Basilii
1594 2341 1840 2394 oratione

267 2449 414 2486 num.
439 2433 475 2487 δ
516 2454 529 2488 :
569 2435 700 2486 Ὅτε
748 2431 965 2502 αἰθρίας
998 2431 1164 2501 οὔσης
1192 2432 1285 2485 ἐπὶ
1320 2431 1419 2502 τὴν
1463 2431 1709 2502 κορυφὴν
1745 2430 1839 2483 τοῦ

266 2526 567 2597 Καρμήλου
595 2525 794 2597 ἤκουσε
827 2525 1008 2596 φωνῆς
1042 2525 1247 2579 ὑδάτων
1272 2522 1482 2579 πολλῶν
1513 2566 1525 2578 .
1546 2563 1559 2577 .
1584 2565 1598 2580 .
1644 2524 1703 2577 '0
1730 2524 1841 2593 γὰρ

268 2619 448 2673 πάντα
475 2617 673 2689 ίσχύων
706 2619 765 2671 ἐν
784 2617 860 2689 τῷ
882 2616 1265 2688 ὲνδυναμοῦντι
1292 2616 1455 2671 αὐτὸν
1482 2615 1724 2688 Χριστῷ,
1753 2610 1840 2669 οὗ-

264 2728 357 2774 τος
389 2710 579 2763 ἀκούει
602 2711 711 2762 τῶν
745 2709 972 2762 ἐντολῶν
993 2709 1089 2762 τοῦ
1115 2710 1344 2780 Κυρίου,
1376 2710 1470 2761 καὶ
1497 2710 1659 2760 ποιεῖ.
1685 2707 1839 2777 Φωνὴ

264 2798 358 2856 οὖν
383 2800 611 2871 Κυρίου,
638 2802 738 2853 οὐκ
770 2803 827 2854 ὲν
850 2804 915 2870 τῇ
938 2801 1153 2852 ἀσθενεῖ
1180 2802 1273 2853 καὶ
1299 2799 1632 2869 ὲκλελυμένῃ
1670 2800 1838 2868 ψυχῇ,

265 2895 385 2952 ἀλλ’
408 2898 470 2949 ὲν
503 2899 569 2966 τῇ
612 2897 843 2959 εὐτόνως
886 2894 980 2947 καὶ
1016 2894 1251 2965 ισχυρῶς
1289 2892 1732 2964 κατεργαζομένη
1779 2892 1842 2946 τὸ

267 2990 493 3059 ἀγαθόν.
519 3009 538 3041 t
565 2989 812 3056 Quando,
833 2997 1129 3056 occupante
1150 2985 1381 3040 Carmeli
1407 2985 1662 3039 verticem
1681 2983 1839 3048 sudo,

268 3097 533 3152 aquarum
565 3081 850 3134 multarum
892 3093 1079 3133 vocem
1115 3077 1321 3130 audivit
1347 3115 1396 3131 ..
1419 3114 1434 3130 .
1464 3116 1479 3130 .
1507 3113 1525 3131 .
1556 3076 1655 3142 Qui
1695 3076 1838 3130 enim

268 3174 451 3229 omnia
492 3181 669 3243 potest
716 3171 767 3225 in
797 3186 862 3225 eo
896 3171 986 3241 qui
1023 3170 1196 3240 ipsum
1232 3168 1569 3232 corroborat,
1595 3166 1835 3232 Christo,
1866 3194 1909 3251 ρ

271 3266 319 3317 is
348 3264 501 3317 audit
544 3264 753 3318 Domini
794 3263 1064 3328 mandata,
1099 3270 1151 3316 et
1189 3261 1337 3317 facit.
1380 3260 1493 3316 Vox
1534 3262 1695 3331 igitur
1740 3262 1843 3315 Do-

270 3354 402 3407 mini
438 3369 543 3407 nun
599 3354 653 3407 in
685 3354 843 3407 debili
876 3363 930 3406 et
980 3353 1238 3407 dissoluta
1292 3353 1492 3414 anima,
1548 3354 1640 3406 sed
1674 3353 1726 3405 in
1756 3367 1842 3415 ea,

268 3460 388 3513 qua:
435 3452 655 3496 strenue
702 3458 767 3495 ac
794 3443 1019 3495 viriliter
1054 3442 1252 3494 bonum
1307 3440 1537 3509 perlicit.
1566 3458 1583 3490 ι
1642 3440 1843 3493 Eadem

270 3535 427 3603 plane
457 3534 757 3602 reperimus
802 3534 855 3587 in
889 3532 1139 3587 Eusebio.
1181 3532 1308 3599 Ejus
1351 3531 1529 3599 itaque
1563 3531 1676 3584 haec
1720 3539 1847 3585 sant

271 3629 431 3684 verba
460 3644 475 3681 :
507 3627 627 3681 Ὅτι
651 3625 863 3699 αἰθρίας
888 3624 1052 3696 οὖσης
1085 3623 1177 3679 ἐπὶ
1196 3624 1296 3693 τὴν
1321 3623 1564 3695 κορυφὴν
1585 3622 1679 3675 τοῦ
1702 3623 1847 3692 Καρ-

273 3720 468 3790 μήλου,
505 3720 698 3789 ἦκουεν
722 3721 903 3790 φωνὴν
938 3719 1144 3772 ὑδάτων
1170 3715 1380 3769 πολλῶν
1411 3755 1425 3769 .
1443 3756 1458 3771 .
1478 3757 1492 3771 .
1518 3718 1547 3769 δ
1570 3715 1677 3787 γὰρ
1705 3714 1841 3768 πάν-

267 3830 336 3864 τα
370 3812 571 3881 ἰσχύων
595 3812 652 3865 iv
688 3811 767 3879 τῷ
801 3809 1185 3879 ἐνδυναμοῦντί
1218 3808 1380 3861 αὑτὸν
1402 3807 1641 3877 Χριστῷ,
1688 3801 1844 3867 οὗτος

270 3904 459 3957 ἀκούει
493 3904 599 3956 τῶν
640 3900 867 3956 ἐντολῶν
899 3900 1126 3972 Κυρίου,
1174 3901 1269 3953 καὶ
1319 3901 1487 3967 ποιεῖ,
1524 3898 1710 3968 Φωνὴν
1750 3893 1842 3949 οὖν

268 3996 477 4067 Κυρίου
510 3995 611 4048 οὐκ
653 3996 711 4048 ὲν
738 3997 806 4065 τῇ
839 3993 1055 4047 ἀσθενεῖ
1091 3992 1185 4046 καὶ
1228 3991 1495 4064 λελυμένῃ
1525 3989 1690 4060 ψυχῇ,
1728 3988 1843 4042 ἀλλ’

269 4090 327 4140 tv
380 4091 449 4159 τῇ
497 4087 698 4158 εὐτόνῳ
744 4085 978 4158 ισχυρῶς
1018 4081 1467 4157 κατεργαζομένη
1511 4083 1571 4135 τὸ
1618 4080 1839 4149 ἀγαθόν.

276 4196 297 4229 ο
319 4178 459 4245 Quia
510 4196 632 4233 cum
681 4182 734 4233 in
767 4179 968 4234 vertice
1000 4177 1231 4233 Carmeli
1285 4193 1380 4231 aer
1410 4190 1638 4230 serenus
1674 4183 1839 4239 esset,

270 4269 529 4324 audiebat
576 4284 763 4324 vocem
795 4284 1053 4336 aquarum
1092 4267 1451 4330 multarum”
1478 4304 1523 4321 ..
1545 4306 1560 4321 .
1593 4265 1725 4320 Nam
1751 4267 1843 4334 qui

268 4360 454 4415 omnia
485 4369 661 4429 potest
687 4361 741 4415 in
765 4358 1003 4423 Christo,
1032 4359 1126 4430 qui
1153 4374 1213 4413 se
1237 4359 1593 4422 contortat“,
1630 4359 1674 4412 is
1708 4375 1845 4426 prae-

269 4462 428 4522 cepta
465 4450 674 4507 Domini
701 4452 874 4516 audit,
902 4461 1038 4507 etea
1070 4452 1404 4521 exsequitur.
1441 4452 1551 4506 Vox
1576 4466 1707 4521 ergo
1742 4452 1843 4507 Do-

272 4545 402 4600 mini
435 4558 541 4599 non
593 4545 647 4599 in
681 4545 844 4599 debili
902 4558 965 4598 ac
991 4545 1165 4599 soluta
1197 4542 1397 4610 anima,
1420 4544 1511 4598 sed
1542 4546 1593 4598 in
1623 4544 1840 4599 robusta
1875 4559 1917 4613 ι)

270 4652 392 4707 qua:
422 4636 634 4693 naviter
674 4638 871 4691 bonum
910 4646 1183 4705 operatur.
1211 4655 1230 4688 ι
1264 4635 1393 4691 Haec
1432 4654 1554 4692 cum
1584 4637 1837 4707 legerem,

272 4740 439 4795 prape
465 4725 665 4781 factum
689 4735 793 4790 est,
830 4735 889 4781 ut
915 4727 1055 4781 hanc
1077 4727 1377 4781 orationem
1419 4742 1450 4780 e
1495 4742 1717 4783 numero
1739 4726 1841 4781 Ba-

270 4818 587 4873 ailianarum
628 4819 941 4884 deleverim,
982 4820 1083 4874 hoc
1122 4820 1420 4887 przesertim
1473 4821 1631 4875 nixus
1678 4835 1840 4889 argu-

273 4921 480 4973 mento,
507 4910 649 4980 quod
682 4911 736 4964 in
768 4912 834 4965 iis
855 4913 1217 4975 orationibus,
1255 4926 1375 4981 quae
1408 4921 1559 4965 certo
1587 4927 1838 4981 magnum

273 5000 421 5056 illum
446 5000 705 5055 Basilium
746 4999 945 5054 habent
974 5010 1277 5065 auctorem,
1312 5000 1445 5054 nihil
1479 5000 1584 5054 tale
1618 5016 1839 5070 repere-

274 5108 410 5145 ram.
452 5092 620 5147 Erant
651 5102 709 5147 et
754 5091 880 5154 alia,
909 5092 1103 5161 quibus
1146 5107 1251 5146 non
1296 5092 1505 5147 modice
1548 5094 1843 5162 augebatur

271 5184 536 5252 suspicio.
566 5184 640 5238 Ea
667 5184 811 5239 enim
846 5198 965 5253 quae
987 5183 1244 5237 dicuntur
1273 5184 1339 5238 de
1379 5184 1537 5239 bonis
1566 5186 1840 5254 operibus,

277 5292 399 5344 qua-
432 5274 547 5329 ﬁeri
581 5275 777 5330 debent
799 5290 981 5329 coram
1004 5272 1334 5336 hominibus,
1363 5276 1535 5344 deque
1560 5276 1839 5343 primitiis,

273 5380 395 5434 qua
420 5365 608 5420 danda
636 5374 762 5420 sunt
796 5381 860 5420 ex
896 5365 1121 5434 justitite
1152 5362 1433 5430 fructibus,
1474 5372 1528 5417 et
1557 5366 1623 5419 de
1646 5368 1843 5419 adora-

275 5457 442 5518 tione,
482 5470 644 5525 quam
703 5455 817 5509 ﬁeri
875 5465 1085 5525 oportet
1136 5457 1277 5509 intra
1326 5456 1629 5521 ecclesiam,
1672 5457 1842 5511 videri

274 5556 523 5615 poterant
552 5562 616 5600 ex
655 5546 887 5601 Eusebio
914 5555 1123 5615 sumpta
1151 5546 1336 5601 fuisse.
1369 5552 1643 5610 Attamen,
1676 5563 1732 5601 re
1759 5549 1843 5603 di-

274 5639 527 5707 ligentius
548 5640 914 5703 considerata,
944 5641 1132 5693 melius
1151 5640 1385 5707 judicavi
1412 5640 1477 5695 de
1498 5640 1762 5703 oratione,
1790 5640 1842 5693 in

344 5824 388 5860 ⁸⁵
421 5825 561 5883 Psal.
598 5840 787 5891 xavtn,
813 5826 865 5878 3.

1947 603 2087 653 modi
2133 605 2315 665 rebus,
2363 606 2491 656 satis
2543 605 2825 672 perSpicua
2858 615 3098 661 exstant.
3135 606 3285 661 Hanc
3340 610 3501 676 igitur

1943 691 2240 743 orationem
2272 705 2302 743 e
2345 705 2570 743 numero
2607 691 2996 746 Basilianarum
3044 705 3365 761 expunctam
3410 711 3507 747 no-

1946 781 2057 836 lim.
2095 778 2200 835 Sed
2243 796 2364 834 cum
2402 779 2457 834 in
2480 781 2665 834 eadem
2716 782 2982 837 sententia
3028 799 3242 852 semper
3293 798 3508 851 perma-

1945 889 2126 936 neam,
2165 870 2458 926 verisimile
2505 886 2611 925 non
2650 873 2840 933 videri.
2875 878 3079 927 tantum
3120 889 3183 928 ac
3231 874 3394 928 talem
3433 875 3513 926 vi-

1946 980 2062 1017 rum
2088 959 2343 1019 Basilium
2376 977 2441 1015 ex
2474 961 2706 1015 Eusebio
2750 963 3049 1032 fragmenta
3088 964 3215 1016 satis
3246 966 3400 1034 longa
3443 964 3511 1018 ad

1945 1056 2165 1110 verbum
2204 1054 2520 1124 sumpsisse,
2570 1051 2808 1107 arbitror
2849 1050 3039 1109 fecisse
3074 1053 3325 1108 librarios
3364 1073 3511 1111 moro

1944 1160 2061 1207 suo,
2108 1155 2164 1199 ut
2199 1147 2487 1215 aliquando
2534 1148 2774 1201 diversas
2814 1145 3146 1203 diVersorum
3184 1148 3508 1217 scriptarum

1942 1238 2413 1306 interpretationes
2444 1240 2582 1292 inter
2608 1254 2664 1292 se
2687 1239 3013 1308 conjungere
3046 1256 3149 1293 non
3172 1253 3508 1298 vererentur.

1942 1332 2076 1385 Puto
2118 1330 2280 1400 igitur
2308 1330 2457 1391 illud,
2495 1330 2618 1383 Ὅτι
2665 1330 2882 1401 αἰθρίας
2907 1331 3072 1401 οὔσης
3108 1334 3200 1385 ἐπὶ
3225 1336 3320 1407 τὴν
3351 1352 3515 1406 κορυ-

1940 1423 2044 1492 φὴν
2070 1421 2165 1475 τοῦ
2214 1422 2537 1494 Καρμήλου.
2583 1424 2780 1495 ηκουεν
2828 1423 3011 1494 φωνὴν
3044 1424 3249 1480 ὑδάτων
3281 1426 3510 1495 πολλῶν,

1941 1528 1971 1565 e
1997 1513 2195 1569 Basilio
2233 1516 2284 1568 in
2326 1514 2615 1571 Eusebium
2659 1534 2688 1570 ιι
2731 1517 2965 1573 librariis
3008 1520 3321 1575 translatum
3366 1540 3508 1579 esse.

1944 1604 2178 1670 Etenim,
2218 1607 2261 1658 si
2293 1608 2552 1661 Eusebius
2582 1609 2694 1675 ipse
2722 1610 2791 1662 ita
2823 1614 3148 1680 scripsisset,
3180 1614 3511 1670 mentioirem

1942 1692 2158 1750 fecisset
2217 1694 2334 1764 cjus
2392 1697 2482 1765 qui
2535 1698 2647 1751 haec
2694 1698 2995 1761 audiverat,
3049 1701 3176 1756 Elia:
3225 1702 3510 1771 videlicet;

1940 1788 2081 1854 quod
2110 1802 2231 1842 cum
2258 1803 2363 1844 non
2391 1787 2604 1853 fecerit,
2660 1804 2763 1842 non
2815 1790 2929 1859 ipse
2965 1793 3233 1859 putandus
3283 1807 3366 1849 est
3400 1798 3514 1850 tunc

1941 1876 2248 1944 scripsisse,
2291 1880 2386 1933 sed
2426 1879 2656 1933 librarii.
2701 1879 2764 1933 Et
2804 1882 2869 1934 de
2907 1880 3011 1935 illis
3043 1882 3248 1944 verbis,
3290 1883 3350 1937 '0
3400 1885 3512 1955 γὰρ

1940 1964 2115 2018 πάντα
2147 1969 2364 2037 ἰσχύων,
2393 1981 2523 2035 elc.,
2562 1972 2700 2026 idem
2727 1986 2939 2041 quoque
2968 1975 3164 2029 sentio.
3209 1973 3315 2031 Sed
3357 1987 3513 2032 ante-

1939 2072 2100 2125 quam
2156 2073 2329 2112 meam
2361 2074 2592 2117 mentem
2635 2064 2895 2132 aperiam,
2930 2081 3148 2122 monere
3188 2069 3361 2139 juvat,
3410 2072 3511 2129 ali-

1938 2165 2075 2217 quos
2105 2151 2429 2220 psalmorum
2458 2158 2749 2213 versiculos
2781 2171 2873 2212 aut
2896 2158 2963 2212 ab
2985 2158 3215 2215 Eusebio
3248 2164 3509 2234 explana-

1939 2249 2023 2295 tos
2056 2255 2158 2295 non
2206 2239 2392 2313 fuisse,
2422 2252 2517 2297 aut
2551 2248 2728 2313 potius
2783 2265 2970 2304 eorum
3010 2251 3445 2323 explanationem
3478 2273 3509 2310 a

1942 2332 2331 2399 negligentibus
2384 2336 2715 2405 quibusdam
2760 2337 2993 2399 librariis
3035 2343 3204 2400 fuisse
3226 2346 3507 2403 omissam.

1939 2420 2099 2476 Certe
2128 2425 2340 2491 quidem
2376 2438 2433 2481 ut
2471 2430 2524 2483 in
2558 2429 2681 2487 aliis
2711 2434 3031 2503 quibusdam
3062 2421 3308 2506 psalmis,
3346 2446 3423 2496 ita
3455 2444 3509 2495 in

1942 2511 2043 2566 hoc
2076 2513 2571 2582 interpretationem
2603 2526 2960 2591 quorumdam
2983 2528 3370 2586 versiculorum
3407 2531 3507 2587 de-

1939 2620 2059 2661 esse
2084 2616 2315 2663 constat.
2354 2609 2483 2676 Ejus
2513 2618 2730 2682 generis
2762 2628 2843 2672 est
2887 2619 3037 2685 illud,
3085 2640 3103 2673 ‹
3134 2621 3393 2681 Dominus
3422 2627 3508 2683 di-

1940 2698 2139 2754 luvium
2175 2702 2474 2759 inhabitare
2516 2705 2664 2770 facit,
2697 2718 2752 2761 et
2784 2712 2988 2765 sedebit
3034 2714 3292 2770 Dominus
3325 2733 3417 2773 rex
3452 2721 3509 2773 in

1940 2803 2200 2849 aeternum
2224 2796 2288 2850 δ’.
2322 2817 2340 2850 ι
2371 2799 2633 2869 Suspicor
2658 2800 2821 2871 igitur
2864 2802 3113 2860 librarios
3150 2806 3383 2876 aliquos,
3416 2813 3510 2878 qui

1941 2884 2183 2940 viderent
2220 2888 2409 2941 horum
2440 2892 2747 2959 verborum,
2799 2913 2817 2946 ε
2845 2894 2957 2950 Vox
2998 2898 3208 2953 Domini
3252 2900 3305 2955 in
3344 2902 3511 2957 virtu-

1940 2984 1993 3030 te
2020 2975 2087 3040 “,
2118 2996 2138 3029 ›
2188 2978 2599 3045 explicationem
2640 2985 2690 3037 in
2734 2985 2963 3042 Eusebio
3004 3005 3107 3044 non
3143 2992 3373 3061 amplius
3410 3009 3511 3049 ex-

1942 3081 2109 3135 stare,
2157 3086 2187 3125 e
2226 3071 2405 3126 Basilii
2454 3076 2700 3129 oratione
2743 3079 3072 3145 supplevisse
3132 3084 3239 3146 illa,
3302 3087 3359 3139 '0
3400 3087 3513 3161 γὰρ

1940 3164 2117 3217 πάντα
2157 3166 2354 3237 ἰσχύων
2398 3168 2455 3221 ὲν
2477 3167 2555 3239 τῷ
2586 3170 2988 3242 ἐνδυναμοῦντί,
3024 3165 3149 3241 elc.,
3193 3196 3211 3229 ι
3235 3176 3335 3243 Qui
3365 3182 3511 3235 enim

1945 3256 2123 3308 omnia
2168 3266 2340 3325 potest
2370 3258 2420 3311 in
2452 3274 2516 3313 eo
2549 3261 2677 3329 qui,
2704 3281 2723 3312 ι
2776 3272 2880 3316 etc.
2929 3261 3048 3317 Jam
3107 3266 3173 3319 ad
3217 3270 3508 3325 secundam

1944 3346 2245 3399 orationem
2292 3349 2345 3400 in
2379 3350 2625 3404 eumdem
2651 3353 2910 3420 psalmum
2935 3360 3076 3422 quod
3113 3357 3321 3421 attinet,
3349 3361 3415 3413 de
3446 3375 3505 3413 es

1946 3436 2090 3489 nulla
2130 3447 2235 3501 est,
2270 3440 2411 3507 quod
2440 3442 2628 3505 sciam,
2672 3445 3044 3499 controversia
3084 3447 3223 3503 inter
3247 3452 3510 3509 eruditos.

1944 3526 2079 3582 Nam
2108 3545 2217 3586 uno
2246 3532 2486 3586 omnium
2508 3547 2769 3590 consensu
2802 3536 2853 3589 in
2882 3540 3083 3607 spuriis
3110 3542 3351 3609 ponitur,
3382 3562 3511 3600 nec-

1944 3620 2069 3674 dum
2099 3622 2263 3677 ullum
2289 3624 2369 3679 sui
2399 3634 2686 3693 patronum
2710 3636 2865 3682 nacta
2900 3640 3002 3683 est.
3030 3631 3098 3685 Et
3129 3648 3256 3687 vero
3282 3636 3400 3704 ejus
3425 3654 3514 3691 νο-

1945 3712 2064 3767 Osi:
2094 3715 2167 3768 ita
2219 3718 2509 3783 conspicua
2554 3731 2656 3785 est,
2689 3731 2747 3774 ut
2778 3738 2958 3787 nemo,
3003 3724 3104 3780 nisi
3145 3726 3303 3794 plane
3333 3728 3512 3785 obesa:

1946 3804 2111 3869 naris,
2153 3819 2257 3858 non
2284 3807 2464 3859 statim
2503 3824 2620 3863 eam
2654 3815 2963 3882 perspiciat.
2999 3813 3117 3869 Jam
3158 3816 3356 3874 litteris
3386 3835 3513 3889 pro-

1946 3896 2112 3950 ditum
2144 3906 2229 3952 est
2270 3900 2409 3953 hanc
2449 3903 2754 3958 orationem
2806 3906 2859 3959 in
2894 3907 3079 3962 multis
3109 3911 3386 3967 codicibus
3416 3914 3513 3967 de-

1944 3990 2169 4044 siderari
2206 4008 2219 4044 :
2251 3994 2300 4045 in
2345 3993 2458 4061 ipsa
2491 3990 2661 4063 repeti
2693 3998 2902 4064 eadem,
2943 4015 3064 4069 quae
3096 4002 3149 4055 in
3185 4003 3364 4071 priore
3398 4003 3517 4059 lue-

1946 4091 2069 4135 rant
2090 4082 2358 4151 explicata
2392 4103 2409 4140 :
2437 4099 2555 4142 eam
2584 4087 2816 4159 denique
2859 4104 2889 4143 a
2932 4091 3219 4150 Basilianis
3248 4096 3515 4165 elegantia

1946 4171 2169 4225 multum
2198 4171 2425 4239 distare,
2469 4185 2524 4231 et
2550 4179 2729 4246 c0pia.
2779 4178 3024 4237 Hominis
3070 4183 3299 4254 alicujus
3327 4187 3420 4257 qui
3450 4201 3511 4241 se

1944 4276 2218 4330 exercere,
2250 4279 2414 4334 seque
2458 4268 2525 4322 ad
2564 4267 2745 4323 Basilii
2789 4270 3148 4330 imitationem
3192 4290 3516 4347 comparare

1946 4353 2219 4420 voluisset,
2249 4370 2385 4427 opus
2415 4372 2535 4413 esse
2576 4359 2658 4413 vel
2703 4375 2849 4416 caeco
2901 4374 3145 4433 apparet.
3191 4364 3319 4423 Huic
3349 4368 3515 4440 igitur

1946 4443 2148 4500 dixisse
2172 4448 2302 4503 satis
2326 4448 2664 4516 habebimus,
2688 4453 2779 4523 qui
2803 4454 2853 4507 in
2876 4454 3040 4510 rebus
3064 4458 3361 4527 perspicuis
3385 4470 3517 4517 tem-

1948 4551 2076 4603 pore
2102 4539 2426 4595 abutendum
2450 4552 2505 4597 et
2532 4544 2866 4612 argumentis
2890 4560 2996 4601 non
3022 4559 3291 4616 putemus.

2017 4629 2106 4684 55.
2133 4629 2335 4685 Ρταηετ
2360 4648 2508 4703 spem
2538 4636 2833 4699 acciderat,
2866 4648 2923 4693 ut
2952 4639 3004 4693 in
3044 4640 3215 4710 prima
3245 4642 3428 4698 Basilii
3458 4646 3512 4699 in

1948 4723 2211 4792 psalmum
2247 4725 2559 4779 vicesimum
2594 4738 2842 4783 octavum
2880 4731 3131 4785 oratione
3165 4746 3515 4791 occurrerent

1951 4812 2224 4875 nonnulla.
2260 4828 2378 4882 qua:
2406 4816 2627 4871 totidem
2657 4817 2838 4874 verbis
2876 4818 2930 4873 in
2961 4818 3196 4875 Eusebio
3231 4823 3513 4891 reperiun-

1950 4913 2054 4957 tur.
2090 4902 2195 4958 Sed
2230 4903 2424 4973 legenti
2455 4905 2585 4961 mihi
2632 4907 2873 4975 ejusdem
2910 4909 2963 4963 in
3003 4909 3267 4981 psalmum
3302 4914 3514 4971 tricesi-

1950 5010 2093 5048 mum
2121 4997 2415 5051 secundum
2459 5000 2881 5063 enarrationem,
2910 5000 3108 5071 aliquid
3152 5005 3326 5076 magis
3357 5007 3478 5061 inex
3500 5036 3513 5049 ο

1948 5096 2246 5155 spectatum
2290 5090 2535 5157 contigit.
2578 5088 2710 5144 Nam
2742 5106 2861 5145 cum
2891 5106 3058 5159 pauca
3097 5106 3277 5149 essent
3321 5096 3376 5150 in
3420 5112 3517 5153 ex-

1948 5178 2255 5246 planatione
2284 5179 2474 5248 psalmi
2521 5181 2763 5236 vicesimi
2808 5186 3005 5251 octavi,
3034 5196 3138 5239 tam
3177 5186 3344 5241 multa
3391 5203 3517 5245 sunt

1950 5270 2003 5323 in
2034 5284 2097 5325 ea
2128 5286 2245 5338 qua:
2267 5281 2442 5325 exstat
2474 5274 2526 5327 in
2546 5276 2805 5342 psalmum
2838 5277 3173 5331 tricesimum
3194 5284 3511 5346 secundum,

1950 5371 2006 5415 ut
2035 5365 2103 5417 ab
2144 5363 2209 5417 iis
2245 5364 2614 5419 cxscribendis
2668 5364 2779 5421 fere
2810 5367 3111 5423 deterrear.
3144 5368 3280 5439 Quia
3332 5382 3514 5427 tamen

1950 5452 2167 5508 Eusebii
2221 5455 2275 5507 in
2309 5455 2538 5524 psalmos
2564 5456 2995 5512 Commentarius
3033 5462 3205 5514 rarior
3231 5471 3332 5527 est,
3376 5463 3519 5516 illius

1952 5544 2115 5598 verba
2139 5546 2443 5614 subjiciam,
2484 5564 2604 5619 qua:
2634 5565 2759 5604 curn
2792 5550 2974 5604 Basilii
3006 5554 3247 5607 oratione
3269 5568 3369 5608 suo
3398 5552 3518 5609 loco

1953 5636 2161 5692 edenda
2190 5654 2219 5692 a
2247 5642 2475 5695 curiosis
2514 5653 2764 5710 poterunt
2806 5646 3126 5713 comparari.
3160 5646 3376 5703 Eusebii
3411 5645 3513 5717 ἰδία

941 5826 983 5855 ³ο
1022 5822 1248 5893 Philipp.
1282 5840 1353 5889 tv,
1390 5826 1469 5878 l3.
1547 5826 1588 5854 δ’
1625 5823 1764 5879 Psal.
1800 5840 1989 5890 xxvnt,
2026 5826 2109 5880 10.
2188 5828 2230 5859 δ’
2267 5827 2421 5887 ibid..
2455 5828 2512 5881 ι.
