4040 6442
512 405 573 443 cc
1876 388 2406 443 PHOLEGOMENA.

516 522 599 564 tur
617 511 772 565 verba
803 518 925 563 sunt
961 510 1068 561 hrec
1106 525 1117 560 :
1163 506 1244 570 Τῴ
1266 509 1422 575 λόγω
1454 510 1555 561 τοῦ
1580 512 1797 577 Κυρίου
1829 514 1879 563 οι
1914 514 2085 579 οὐρα-

2196 526 2255 583 τῃ
2287 511 2564 569 συστάσει,

514 603 605 655 vol
630 599 1097 667 ἐστερεώθησαν,
1122 598 1217 650 καὶ
1249 596 1326 661 τῷ
1348 600 1637 667 πνεύματι
1658 599 1762 652 τοῦ
1790 602 2082 669 στόματος

514 692 701 747 αὐτοῦ
731 692 897 747 πᾶσα
931 692 966 756 ἠ
991 691 1241 759 δύναμις
1267 691 1483 745 αὐτῶν.
1525 691 1614 761 Τῷ
1647 688 1738 745 οὖν
1768 692 1941 763 Πατρὶ
1981 692 2083 744 πᾶ-

518 805 584 841 σα
616 788 890 858 ἡδύναμις
931 788 964 857 ἡ
997 786 1384 857 ὑπερουράνιος
1418 786 1719 856 ὲστερεώθη
1747 802 1759 814 ⁸
1792 790 2083 846 τουτέστιν,

514 882 574 933 τὸ
604 881 817 932 εὔτονον
852 881 945 931 καὶ
987 877 1200 945 βέϐαιον
1230 878 1323 929 καὶ
1361 878 1555 944 πάγιον
1598 880 1654 931 ἐν
1680 878 1955 948 ἁγιασμῷ,
1995 877 2085 929 καὶ

518 974 663 1041 πάσῃ
731 971 1014 1042 πρεπούσῃ
1060 972 1176 1031 ταῖς
1229 970 1398 1039 ἱεραῖς
1444 968 1733 1041 δυνάμεσιν
1780 971 1970 1041 ἀρετῇ,
2024 970 2085 1020 ἐκ

515 1065 612 1133 τῆς
652 1063 743 1116 τοῦ
768 1062 1080 1130 Πνεύματος
1104 1061 1422 1129 ἐπικουρίας
1465 1062 1693 1131 ἔχουσιν.
1734 1060 1948 1116 Ἐνοὰδε
1992 1061 2087 1131 μὲν

516 1153 607 1209 οὖν
643 1156 853 1223 πνεῦμα
881 1154 1145 1222 στόματος
1177 1152 1338 1204 αὐτοῦ
1382 1154 1813 1220 ἀναγέγραπται.
1851 1155 2087 1221 Εὐρήσο-

521 1268 616 1319 μεν
638 1250 692 1301 δὲ
719 1245 948 1315 ἀλλαχοῦ
981 1245 1073 1297 καὶ
1099 1244 1256 1311 λόγον
1285 1247 1547 1313 στόματος
1578 1243 1742 1296 αὑτοῦ
1766 1244 2050 1315 εἰρημένον
2072 1259 2082 1270 ·

516 1346 601 1395 ἵνα
625 1340 786 1409 νοηθῇ
812 1343 839 1391 ὁ
869 1338 1057 1410 Σωτὴρ
1091 1340 1183 1390 καὶ
1214 1340 1272 1390 τὸ
1299 1340 1451 1404 Ξιγιον
1475 1336 1639 1390 αυτοῦ
1672 1337 1915 1407 Πνεῦμα.
1956 1338 2086 1404 Ἀμ-

516 1435 718 1503 φότερα
750 1433 804 1483 δὲ
834 1433 1166 1502 συνήργησεν
1193 1434 1248 1481 ἐν
1282 1433 1345 1499 τῇ
1373 1430 1545 1482 κτίσει
1570 1431 1676 1483 τῶν
1706 1428 1948 1501 οὐρανῶν
1991 1430 2087 1481 καὶ

514 1527 619 1579 τῶν
654 1530 709 1578 ἐν
736 1527 917 1589 αὐτοῖς
958 1526 1256 1595 δυνάμεων.
1288 1524 1384 1578 Διὰ
1411 1526 1567 1580 τοῦτο
1594 1526 1806 1595 εἴρηται
1824 1539 1839 1555 ·
1880 1523 1962 1589 Τῷ
1988 1526 2089 1578 λό-

514 1638 594 1685 τῳ
648 1620 867 1686 Kvplcv
926 1620 979 1671 οι
1036 1618 1278 1685 οὐρανοὶ
1328 1618 1798 1685 ἐστερεώθησαν,
1852 1617 1947 1669 καὶ
2009 1617 2089 1681 τῷ

521 1713 809 1779 πνεύματι
858 1710 963 1765 τοῦ
1004 1713 1301 1779 στόματος
1342 1709 1526 1761 αὑτοῦ
1568 1706 1737 1762 πᾶσα
1770 1712 1807 1776 ἡ
1839 1708 2088 1777 δύναμις

511 1803 727 1858 αὐτῶν.
759 1805 925 1857 Οὐδὲν
950 1806 1057 1874 γὰρ
1078 1805 1358 1869 ἁγιάζεται
1387 1803 1474 1870 (εί)
1498 1801 1571 1871 μὴ
1594 1804 1659 1871 τῇ
1696 1802 1963 1871 παρουσία
1992 1800 2086 1853 τοῦ

2600 515 2692 561 καὶ
2716 509 2792 578 τῷ
2819 509 2981 561 οἱονεὶ
3012 512 3290 578 φυράματι
3321 509 3415 578 τῆς
3446 505 3631 569 οὐςίας
3656 514 3755 563 αὐ.-

2185 604 2312 665 τῶν,
2347 598 2883 671 συγκαταϐληθεῖσαν
2923 601 3077 670 ἔσχον
3110 601 3207 668 τὴν
3244 602 3521 673 ἁγιότητα.
3548 598 3638 651 Διὸ
3659 604 3755 654 καὶ

2185 694 2567 764 δυσμετάθετοί
2597 694 2702 745 εἱσι
2737 693 2871 763 πρὸς
2906 694 3121 757 κακίαν,
3154 691 3333 754 εὐθὺς,
3366 694 3549 747 οίοινεὶ
3602 690 3752 761 βαφῇ

2186 804 2310 848 τινι,
2334 786 2414 856 τῷ
2451 783 2707 854 ἁγιασμῷ
2737 783 3136 853 στομωοέντες,
3193 784 3286 836 καὶ
3323 781 3383 834 τὸ
3426 787 3648 857 μόνιμον
3674 785 3755 845 είς

2192 878 2389 947 ἀρετὴν
2450 881 2516 948 τῇ
2560 877 2736 946 δωρεᾷ
2786 874 2881 927 τοῦ
2942 874 3097 941 ἁγίου
3157 874 3467 945 Πνεύματος
3518 878 3751 946 ἔχοντες.

2196 987 2213 1019 ι
2258 967 2372 1021 Non
2395 968 2536 1020 enim
2571 967 2802 1020 infantes
2834 968 2999 1020 creati
3025 975 3148 1017 sunt
3179 966 3374 1036 angeli,
3404 964 3596 1019 deinde
3624 981 3756 1036 pau-

2191 1058 2337 1111 latim
2369 1057 2630 1111 exercitio
2666 1056 2883 1124 perfecti
2916 1095 2930 1119 ,
2967 1055 3045 1107 sic
3090 1053 3263 1108 effecti
3305 1053 3591 1122 suntdigni
3615 1094 3630 1118 ,
3660 1055 3755 1124 qui

2192 1150 2453 1220 Spiritum
2489 1149 2789 1216 reciperent
2818 1166 2829 1200 :
2863 1147 2954 1202 sed
2987 1149 3037 1200 iu
3068 1146 3239 1215 prima
3262 1147 3669 1209 constitutione,
3700 1155 3758 1201 et

2190 1244 2339 1311 quasi
2371 1259 2470 1295 una
2527 1255 2647 1294 eum
2704 1241 3017 1293 substantia:
3074 1252 3182 1291 sua
3233 1238 3458 1293 mistura
3521 1235 3755 1292 infusam

2194 1333 2428 1387 habuere
2488 1330 2851 1385 sanctitatem.
2903 1330 3238 1398 Quapropter
3292 1328 3454 1383 etiam
3505 1341 3646 1398 a‘gre
3686 1328 3756 1380 ad

2193 1423 2452 1475 malitiam
2491 1428 2804 1473 convertere
2839 1430 2897 1471 se
2938 1427 3180 1485 possunt,
3238 1416 3434 1485 quippe
3467 1420 3557 1485 qui
3611 1416 3759 1471 illico

2191 1512 2544 1567 sanctimonia
2604 1509 2771 1563 veluti
2825 1510 3055 1563 tinctura
3121 1509 3352 1578 quadam
3420 1509 3757 1564 corroborati

2190 1606 2318 1667 sint,
2372 1603 2783 1669 ﬁrmitatemque
2837 1601 2888 1655 iu
2931 1601 3129 1655 virtute
3180 1611 3341 1670 atque
3397 1604 3757 1655 censtautiam

2192 1697 2333 1750 dono
2357 1694 2592 1765 Spiritus
2636 1692 2808 1747 sancti
2847 1692 3168 1760 acceperint.
3213 1708 3231 1741 ι
3270 1690 3403 1742 Nam
3437 1690 3481 1742 si
3511 1703 3574 1744 ex
3611 1690 3757 1744 ntilla

2197 1788 2299 1842 alia
2330 1804 2411 1850 re,
2460 1795 2604 1839 certe
2636 1800 2700 1838 ex
2751 1800 2884 1839 voce
2917 1781 3034 1838 εἶτα
3073 1784 3228 1854 plane
3280 1790 3548 1836 constaret
3576 1786 3759 1837 omnia

514 1896 849 1965 Πνεύματος.
901 1896 1166 1961 Ἀγγέλων
1200 1893 1329 1960 γοῦν
1368 1895 1455 1945 τὸν
1477 1895 1573 1963 μὲν
1603 1896 1681 1956 εἰς
1706 1895 1765 1947 τὸ
1790 1891 1928 1946 εἶναι
1957 1895 2090 1966 πάρ-

2197 1881 2311 1934 lnec
2340 1879 2407 1932 ab
2436 1878 2620 1930 eadem
2654 1890 2812 1929 manu
2841 1874 3077 1945 profecta
3108 1875 3301 1942 fuisse,
3331 1889 3501 1944 eaque
3534 1874 3760 1943 conjun-

517 1989 635 2040 οδον
675 1992 702 2041 ὁ
734 1986 1062 2057 δημιουργὸς
1106 1986 1278 2053 Λόγος
1317 1988 1344 2039 ὁ
1378 1986 1604 2057 ποιητὴς
1636 1986 1743 2038 τῶν
1776 1986 1911 2038 ὅλων
1953 2005 2089 2059 παρ-

515 2082 687 2149 είχετο
712 2097 723 2108 ·
769 2080 858 2132 τὸν
910 2078 1179 2148 ἁγιασμδν
1204 2079 1258 2130 δὲ
1290 2081 1472 2140 αὐτοῖς
1497 2078 1559 2129 τὸ
1593 2075 1813 2144 Πνεῦμα
1852 2077 1911 2130 τὸ
1938 2079 2089 2145 ἅγιον

514 2164 843 2242 συνέφερεν·
897 2172 957 2223 ob
1012 2170 1119 2240 γὰρ
1178 2170 1358 2238 νήπιοι
1405 2166 1716 2231 κτισθέντες
1765 2170 1812 2221 οἱ
1844 2170 2085 2237 ἄγγελοι.

520 2282 537 2312 ι
584 2262 750 2316 Verbo
778 2262 995 2315 Domini
1037 2261 1150 2313 coeli
1199 2258 1400 2327 ﬁrmati
1445 2270 1600 2322 sunt,
1658 2270 1708 2313 et
1750 2261 1942 2328 spiritu
1984 2263 2088 2315 oris

514 2356 628 2422 ejus
655 2354 822 2405 omnis
848 2352 1012 2403 virtus
1041 2366 1223 2402 eorum
1254 2349 1400 2403 "-“.
1450 2350 1493 2403 A
1526 2348 1686 2403 Patre
1720 2350 1882 2417 igitur
1913 2350 2089 2404 omnis

516 2446 690 2497 virtus
731 2441 968 2497 cmlcstis
1005 2439 1213 2494 ilrmata
1243 2448 1345 2499 est.
1396 2440 1449 2492 id
1476 2447 1578 2503 est,
1617 2439 1861 2502 firmitas,
1909 2438 2090 2492 solidi-

520 2546 621 2597 tas,
657 2535 1029 2602 stabiliusque
1072 2533 1122 2585 in
1172 2530 1600 2585 sanctificatione
1645 2544 1706 2583 ac
1738 2529 1883 2584 omni
1918 2531 2090 2584 sacris

516 2626 877 2694 potestatibus
924 2623 1263 2678 convenienti
1295 2623 1496 2677 virtute
1528 2636 1594 2677 ex
1624 2620 1858 2691 Spiritus
1886 2622 2087 2677 auxilio

515 2720 641 2772 data
676 2727 777 2773 est.
822 2716 917 2772 Hic
947 2731 1109 2787 porro
1156 2715 1379 2786 spiritus
1405 2715 1515 2769 oris
1544 2715 1661 2784 ejus
1694 2714 1951 2783 scriptum
1986 2726 2087 2768 est.

515 2810 655 2863 Alibi
700 2824 912 2879 quoque
948 2810 1185 2876 reperire
1210 2818 1295 2863 est
1326 2807 1555 2861 Verbum
1598 2808 1710 2859 oris
1738 2806 1874 2874 ejus,
1923 2816 1977 2857 ut
2008 2806 2092 2859 his

520 2901 849 2970 intelligatur
872 2899 1119 2954 Salvator
1143 2907 1194 2952 et
1230 2907 1448 2953 sanctus
1489 2896 1606 2963 ejus
1641 2894 1897 2964 Spiritus.
1935 2894 2093 2950 Uter-

516 3008 623 3063 que
652 3007 813 3063 porro
850 2990 903 3044 in
935 2989 1208 3044 creatione
1245 2988 1504 3044 calorum
1544 2998 1599 3042 et
1634 2998 1959 3058 potestatum
2002 3002 2093 3042 eo-

519 3098 637 3137 rum
686 3090 1006 3149 cooperatus
1053 3090 1155 3135 est.
1210 3080 1332 3133 Ideo
1379 3079 1580 3133 dictum
1628 3086 1753 3134 est:
1792 3077 1959 3133 Verbo
1990 3077 2095 3131 Do-

518 3174 645 3229 mini
681 3173 795 3225 cwti
851 3172 1049 3239 ﬁrmati
1080 3180 1240 3233 sunt,
1282 3179 1331 3223 et
1384 3170 1571 3236 spiritu
1613 3170 1719 3223 oris
1766 3169 1879 3239 ejus
1924 3170 2093 3223 omnis

2189 1969 2359 2041 geuda
2389 1981 2528 2021 esse.
2568 1965 2633 2018 Et
2659 1966 2903 2032 quidem,
2933 1964 2976 2017 si
3020 1963 3437 2035 conjungantur,
3472 1979 3627 2020 nemo
3652 1980 3759 2018 non

2188 2062 2333 2116 videt
2378 2060 2493 2129 ipsa
2537 2058 2760 2113 mirifice
2806 2058 2944 2111 inter
2987 2070 3045 2111 se
3088 2058 3381 2113 cohaerere.
3419 2058 3549 2125 Quis
3581 2068 3760 2111 autem

2189 2151 2345 2206 facile
2368 2151 2659 2206 crediderit
2684 2152 2954 2206 hominem
2978 2147 3477 2217 eloquentissimum
3502 2149 3760 2203 Basilium

2191 2253 2301 2297 tam
2352 2242 2518 2297 multa
2549 2245 2615 2297 ad
2646 2243 2864 2296 verbum
2897 2242 2963 2296 ab
3012 2240 3241 2296 Eusebio
3284 2240 3621 2309 sumpsisse?
3661 2238 3763 2295 Cui

2190 2334 2480 2391 verisimile
2509 2334 2599 2390 fiet
2622 2347 2887 2387 summum
2933 2332 3074 2386 hunc
3105 2331 3279 2385 virum
3311 2329 3610 2385 Eusebiana
3649 2345 3765 2385 me-

2193 2427 2416 2479 moriter
2451 2426 2701 2478 didicisse
2723 2462 2736 2485 ,
2800 2438 2920 2476 cum
2972 2423 3046 2484 ei,
3080 2430 3264 2491 utpote
3301 2421 3357 2476 in
3404 2431 3520 2477 arte
3553 2422 3762 2476 dicendi

2188 2515 2645 2571 exercitatissimo
2669 2552 2684 2579 ,
2739 2515 2896 2585 longe
2933 2512 3142 2568 facilius
3182 2512 3371 2571 fuisset
3410 2529 3475 2569 ex
3525 2526 3765 2582 tempore

2193 2608 2534 2665 familiariter
2586 2609 2802 2673 dicere,
2851 2622 3015 2678 quam
3066 2609 3238 2663 aliena
3285 2609 3597 2662 memoriter
3638 2619 3767 2673 pro-

2197 2702 2486 2757 nuntiare?
2513 2702 2644 2768 Quis
2677 2702 2843 2766 enim,
2874 2714 3076 2771 qua-so,
3104 2716 3167 2755 ea
3202 2716 3321 2767 quae
3353 2700 3489 2767 apud
3517 2706 3767 2751 auctores

2195 2794 2480 2847 mediocris
2527 2793 2687 2846 sortis
2718 2793 2937 2862 legerit,
2982 2791 3290 2843 memoriter
3332 2789 3521 2853 discet,
3551 2789 3595 2841 si
3628 2788 3761 2856 ipse.

2192 2898 2312 2938 cum
2347 2884 2417 2935 sit
2455 2883 2845 2937 disertissimus
2871 2920 2887 2946 ,
2923 2882 3091 2950 possit
3126 2896 3193 2935 ex
3222 2892 3464 2949 tempore
3495 2881 3719 2935 meliora
3746 2921 3762 2940 .

2194 2974 2559 3044 elegantiora,
2607 2975 2963 3043 uberioraque
3021 2974 3085 3029 de
3139 2988 3238 3028 suo
3277 2972 3564 3044 proferre?
3605 2974 3759 3040 Quod

2196 3078 2344 3123 certe
2368 3081 2526 3122 nemo
2564 3076 2842 3121 oratorum
2889 3080 3127 3136 unquam
3164 3066 3323 3129 fecit,
3355 3081 3452 3120 nec
3485 3066 3680 3129 faciet,
3712 3065 3767 3119 id

2199 3170 2475 3214 oratorum
2527 3160 2789 3227 optimum
2838 3159 3091 3213 Basilium
3126 3157 3317 3213 fecisse
3346 3157 3467 3225 quis
3507 3157 3609 3209 sibi
3638 3171 3768 3225 per-

520 3268 683 3320 uirlus
721 3279 918 3320 eorum.
973 3261 1111 3315 Nihil
1159 3261 1302 3313 enim
1359 3260 1475 3313 sine
1512 3260 1745 3326 Spiritus
1808 3260 2087 3327 praesentia

2196 3250 2480 3305 suadebit?
2513 3250 2654 3301 Sane
2696 3249 2999 3301 Eusebiaua
3026 3248 3134 3313 illa,
3173 3247 3369 3314 πάγιον
3393 3248 3452 3299 ὲν
3476 3247 3765 3320 ἁγιασμῷ,

520 3356 918 3411 sanetiiicatur.
964 3351 1183 3420 Angelis
1219 3349 1380 3418 igitur
1415 3349 1697 3403 transitum
1731 3347 1795 3400 ad
1826 3349 2089 3401 exsisten-

522 3448 651 3501 tiam
690 3456 903 3499 creator
948 3443 1182 3497 Verbum
1241 3440 1488 3511 prtebuit,
1538 3441 1915 3495 universorum
1978 3440 2093 3508 opi-

520 3538 609 3596 fex
668 3554 683 3590 :
731 3533 1213 3589 sanctificationem
1259 3547 1384 3586 vero
1440 3532 1627 3585 eodem
1684 3542 1921 3599 tempore
1973 3531 2093 3601 Spi-

523 3630 660 3684 ritus
733 3636 954 3683 sanctus
1004 3622 1196 3678 indidit
1228 3638 1243 3687 ;
1275 3636 1379 3675 non
1444 3621 1586 3674 enim
1644 3620 1873 3674 infantes
1926 3622 2093 3675 creati

523 3718 695 3789 angeli
722 3726 866 3771 sunt.
881 3736 898 3768 ι
919 3715 1178 3785 Reperias
1201 3716 1387 3767 eadem
1407 3713 1544 3782 apud
1563 3710 1819 3765 Basilium
1839 3726 1937 3766 suo
1957 3711 2092 3765 loco.

525 3812 792 3881 Quantam
820 3820 999 3863 autem
1034 3809 1085 3861 in
1113 3806 1422 3878 ἀμηχανίαν
1447 3821 1530 3860 me
1556 3806 1848 3877 conjecerit
1868 3791 1957 3859 res
1986 3817 2092 3859 tam

527 3903 829 3972 inopinata,
861 3900 1043 3956 dicere
1081 3914 1188 3952 non
1218 3913 1376 3967 queo.
1404 3896 1641 3951 Necdum
1682 3897 1838 3951 video
1864 3898 1951 3965 qui
1980 3896 2093 3950 fieri

525 3994 791 4064 potuerit,
839 4001 897 4045 ut
926 3990 1153 4043 Basilius
1194 3988 1284 4057 qui
1327 3998 1382 4041 et
1428 3988 1615 4055 longos
1647 3998 1703 4041 et
1742 3990 1987 4057 egregios
2020 3988 2096 4041 De

528 4085 733 4155 Spiritu
768 4092 947 4138 sancto
982 4080 1147 4135 libros
1179 4078 1534 4146 conscripsit,
1573 4078 1638 4130 ad
1676 4078 1887 4131 Eusebii
1929 4078 2095 4132 libros

528 4188 807 4231 recurrere
837 4186 1058 4229 necesse
1084 4168 1355 4233 habuerit,
1385 4167 1619 4238 Spiritus
1656 4168 1824 4222 sancti
1857 4168 2090 4241 dignita-

530 4276 637 4323 tem
654 4266 994 4338 gloriamque
1026 4262 1520 4320 commendaturus.
1549 4260 1712 4324 Nihil,
1741 4259 1952 4331 Opinor,
1982 4275 2097 4313 ma-

528 4363 609 4431 gis
641 4375 671 4415 a
706 4374 855 4421 vero.
889 4367 983 4411 aut
1020 4373 1051 4411 a
1088 4355 1224 4420 fide,
1250 4356 1357 4410 imo
1383 4354 1514 4408 nihil
1547 4354 1718 4425 magis
1756 4369 1783 4406 a
1820 4354 2095 4409 verisimili

528 4440 801 4505 abhorret.
836 4446 1058 4513 Quidvis
1107 4446 1271 4514 igitur
1310 4445 1493 4497 malim
1523 4482 1539 4507 ,
1567 4457 1727 4511 quam
1754 4443 1863 4498 tale
1892 4444 2095 4514 aliquid

528 4540 595 4593 de
632 4546 783 4590 tanto
818 4536 934 4589 viro
981 4534 1314 4587 existimare.
1357 4532 1460 4586 Sed
1494 4544 1782 4601 antequam
1824 4550 1934 4587 rem
1979 4535 2099 4589 dili-

528 4630 741 4700 gentius
762 4626 1145 4697 expendamus,
1170 4629 1396 4678 monebo
1425 4624 1590 4677 videri
1621 4624 1750 4679 mihi
1782 4626 1833 4678 in
1864 4626 2094 4681 Eusebio

530 4720 811 4787 legendum
839 4731 980 4781 esse,
1006 4714 1085 4780 τῷ
1114 4710 1227 4769 οὖν
1259 4715 1557 4783 Πνεύματι
1587 4712 1775 4779 πᾶσα,
1826 4727 1931 4771 etc.
1955 4758 1970 4782 ,
1999 4717 2093 4772 ubi

528 4811 743 4881 legitur,
773 4807 851 4878 τῷ
882 4804 973 4861 οὖν
994 4807 1167 4878 Πατρι
1210 4806 1357 4858 πᾶσα
1379 4846 1393 4868 ,
1429 4813 1536 4859 etc.
1559 4844 1573 4867 ,
1603 4817 1713 4858 tum
1747 4806 1887 4875 quod
1926 4807 1998 4860 ita
2037 4807 2089 4861 in

528 4898 713 4954 Basilii
744 4898 1007 4953 cencione
1043 4898 1263 4966 legitur,
1301 4907 1413 4950 tum
1460 4895 1603 4963 quod
1635 4895 1794 4948 aliter
1835 4894 2096 4949 orationis

528 4989 816 5045 ἀκολουθία
844 4997 1096 5043 constare
1147 4989 1232 5041 vix
1279 4994 1473 5057 potest.
1507 4987 1651 5041 Sane
1701 4987 1950 5054 exiguum
1986 5002 2092 5040 non

528 5096 611 5139 est
634 5085 990 5154 fragmentum
1015 5070 1166 5144 illud,
1191 5081 1332 5149 quod
1376 5096 1441 5135 ex
1468 5079 1681 5133 Eusebii
1709 5080 2093 5133 commentario

530 5178 582 5231 in
623 5174 807 5229 Basilii
851 5173 1156 5227 orationem
1191 5172 1508 5225 translatum
1557 5185 1676 5225 esse
1723 5170 1990 5229 diximus;
2040 5180 2095 5223 et

529 5275 709 5318 tamen
742 5262 974 5318 dubitari
998 5263 1081 5315 vix
1115 5270 1327 5329 potest,
1361 5262 1491 5329 quin
1520 5261 1570 5313 id
1608 5276 1637 5313 a
1678 5259 1911 5313 librariis
1943 5269 2095 5313 trun-

530 5365 707 5409 catum
736 5357 824 5409 sit.
856 5353 990 5407 Puto
1018 5354 1181 5423 igitur
1210 5367 1327 5421 post
1348 5367 1532 5405 vocem
1557 5352 1777 5420 ἄγγελοι
1808 5352 2095 5421 supplenda

530 5462 653 5501 esse
716 5446 825 5507 illa,
875 5460 994 5514 quin
1036 5445 1087 5498 in
1111 5446 1380 5515 {oratione
1420 5444 1602 5497 Basilii
1639 5446 1887 5514 leguntur
1920 5463 1935 5500 :
1966 5440 2097 5496 Εἶτα

528 5538 900 5599 τελειωθέντες
936 5540 1001 5607 τῇ
1040 5537 1159 5589 κατ’
1184 5537 1361 5602 ὀλίγον
1396 5536 1611 5607 μελέτῃ,
1634 5535 1806 5596 οὓτως
1840 5534 1976 5597 ἄξιοι
1997 5535 2097 5601 τῆς

530 5631 620 5684 τοῦ
648 5629 962 5697 Πνεύματος
997 5628 1264 5697 ὑποδοχῆς
1288 5630 1569 5697 γεγόνασιν
1590 5646 1601 5659 ·
1631 5628 1745 5679 ἀλλ’
1778 5629 1832 5679 ἐν
1865 5629 1928 5695 τῇ
1952 5626 2099 5695 πρώ-

624 5827 667 5856 ”
696 5827 737 5855 “
769 5826 905 5879 Psal.
948 5841 1118 5887 xxxu,
1147 5825 1197 5880 6.

2194 3338 2287 3389 καὶ
2320 3337 2467 3407 πάσῃ
2499 3337 2782 3409 πρεπούσῃ
2805 3338 2923 3399 ταῖς
2956 3338 3127 3409 ἱεραῖς
3152 3337 3443 3410 δυνάμεσιν
3468 3339 3636 3412 ἀρετῇ
3658 3382 3673 3406 ,
3704 3344 3769 3395 ἐκ

2192 3428 2289 3496 τῆς
2344 3426 2437 3479 τοῦ
2471 3426 2784 3497 Πνεύματος
2829 3428 3145 3499 ἐπικουρίας
3196 3429 3438 3501 ἔχουσιν,
3487 3435 3626 3502 apud
3682 3449 3769 3488 me

2196 3522 2322 3574 dum
2380 3530 2604 3589 reputo,
2642 3520 2921 3590 probabile
2970 3522 3100 3575 mihi
3139 3538 3242 3577 non
3274 3524 3486 3579 videtur
3508 3524 3767 3579 Basilium

2198 3615 2509 3668 memoriam
2559 3629 2710 3668 suam
2757 3613 3036 3680 ejusmodi
3065 3613 3429 3682 suppellectile
3489 3628 3766 3669 onerasse.

2196 3704 2321 3767 Sed,
2348 3706 2446 3757 etsi
2484 3718 2714 3757 onerare
2763 3703 3059 3756 induxisset
3093 3703 3365 3767 animum,
3390 3718 3497 3758 non
3544 3719 3769 3774 parvum

2202 3795 2500 3865 periculum
2546 3804 2699 3860 erat,
2727 3809 2796 3848 ne
2829 3795 2969 3849 inter
3003 3793 3336 3849 recitandum
3379 3794 3449 3849 ob
3482 3796 3771 3850 verborum

2200 3885 2395 3940 malam
2416 3888 2873 3941 constructionem
2891 3886 3289 3956 novitatemque
3307 3886 3615 3941 titubasset.
3636 3886 3771 3941 Nam

2200 3979 2273 4030 ita
2308 3978 2568 4033 indiserte
2596 3978 2743 4047 loqui
2777 3992 2880 4030 non
2914 3986 3295 4032 consueverat.
3325 3976 3509 4048 Neque
3537 3993 3665 4034 vero
3694 3980 3771 4041 ei,

2198 4084 2320 4122 cum
2346 4070 2413 4123 de
2452 4069 2693 4136 Spiritus
2738 4071 2908 4125 sancti
2954 4069 3204 4140 praesidio
3226 4078 3321 4125 aut
3345 4070 3411 4125 de
3457 4071 3771 4128 coelestibus

2198 4162 2558 4228 potestatibus
2611 4176 2913 4216 sermonem
2969 4164 3226 4242 haberet,
3275 4163 3570 4221 familiares
3616 4178 3772 4221 erant

2198 4266 2358 4306 voces
2402 4251 2545 4323 ἱερός
2572 4261 2628 4305 et
2662 4253 2970 4325 ἐπικουρία.
2996 4255 3106 4309 lmo
3128 4256 3446 4312 vocabulum
3478 4257 3771 4325 ἐπικουρία

2199 4358 2434 4413 unquam
2450 4346 2517 4397 ab
2540 4357 2603 4398 eo
2619 4344 2916 4399 adhibitum
2950 4347 3115 4402 fuisse
3151 4364 3256 4401 non
3295 4346 3537 4401 memini.
3569 4346 3773 4401 Occur-

2201 4448 2326 4490 runt
2353 4446 2405 4489 et
2432 4435 2535 4489 alia
2559 4436 2613 4489 in
2644 4436 2746 4491 hoc
2774 4436 3095 4508 fragmento,
3132 4437 3446 4507 quantulum
3477 4437 3528 4515 id
3561 4452 3772 4504 cunque

2203 4540 2307 4597 est,
2325 4546 2444 4599 quae
2469 4530 2755 4585 familiaria
2776 4547 2881 4585 non
2900 4540 3059 4585 erant
3078 4530 3296 4585 Basilio.
3312 4528 3419 4583 Cur
3437 4527 3597 4597 igitur
3613 4528 3772 4585 Pater

2204 4623 2575 4691 gravissimus,
2606 4624 2821 4692 proprio
2842 4622 3022 4675 habitu
3055 4630 3283 4682 mutato,
3303 4620 3650 4689 peregrinum
3682 4620 3768 4673 in-

2198 4715 2356 4769 duit?
2376 4714 2707 4783 Sperabatne
2724 4714 2949 4784 gratiam
2966 4730 3157 4769 novam
3172 4729 3237 4768 ex
3259 4715 3544 4768 verborum
3572 4715 3773 4769 novita-

2206 4816 2280 4872 te,
2302 4817 2391 4859 aut
2411 4820 2476 4860 ex
2510 4820 2697 4859 eorum
2718 4804 2933 4858 insolita
2963 4806 3367 4859 constructione
3396 4806 3629 4861 orationi
3662 4821 3771 4862 sua:

2205 4897 2587 4951 accessuram?
2611 4897 2741 4963 Quis
2770 4898 2869 4950 hoc
2893 4896 3107 4951 credat?
3141 4896 3249 4966 Ego
3272 4896 3486 4967 quidem
3516 4896 3562 4952 si
3586 4899 3773 4953 crede—

2204 5004 2339 5053 rem,
2364 4988 2489 5041 illud
2509 4989 2573 5042 de
2600 5002 2704 5056 quo
2733 4988 3097 5056 disceptamus
3124 4986 3481 5055 fragmentum
3498 5002 3566 5042 ex
3599 4988 3770 5043 Euse—

2206 5080 2383 5134 bianis
2404 5078 2639 5132 fontibus
2665 5093 2692 5131 a
2716 5076 2915 5131 Basilio
2949 5079 3199 5133 haustum
3222 5092 3343 5131 esse
3361 5118 3377 5143 ,
3403 5078 3513 5146 jam
3548 5078 3772 5147 insignis

2204 5170 2291 5225 ille
2316 5170 2390 5223 De
2418 5169 2621 5236 Spiritu
2659 5180 2839 5223 sancto
2872 5169 3027 5232 liber,
3068 5171 3176 5239 jam
3196 5170 3438 5238 pmlari
3463 5169 3537 5223 illi
3574 5170 3627 5221 in
3653 5168 3767 5221 Eu-

2204 5262 2430 5315 nomium
2451 5260 2573 5315 libri
2601 5261 2729 5314 mihi
2755 5262 2807 5313 in
2828 5261 3187 5330 suspicionem
3206 5266 3473 5317 venirent.
3497 5263 3606 5315 Non
3626 5263 3769 5313 euim

2204 5352 2484 5420 probabile
2518 5353 2647 5406 mihi
2675 5353 2970 5417 videretur,
2995 5354 3289 5419 hominem,
3316 5355 3403 5408 cui
3431 5368 3563 5422 opus
3585 5351 3772 5405 fuisset

2204 5443 2423 5498 Eusebii
2490 5442 2878 5497 commentario
2936 5445 3004 5496 ad
3064 5460 3233 5513 pauca
3300 5446 3465 5500 verba
3541 5442 3772 5500 alienius

2203 5534 2397 5603 psalmi
2450 5532 2816 5602 explananda,
2855 5542 2963 5586 tam
2992 5538 3205 5605 egregia
3250 5550 3412 5603 opera
3446 5548 3771 5603 componere

2206 5626 2467 5694 patuisse.
2501 5626 2607 5680 Sed
2654 5626 2809 5694 longe
2856 5629 3029 5681 satius
3072 5629 3209 5682 duco
3253 5628 3608 5696 fragmentum
3645 5626 3772 5679 illud
