4040 6450
1433 397 1490 449 ῐ).
1535 396 1677 449 JLTI..
1721 390 2051 447 GARNERII
2088 391 2461 447 PREFATIO
3420 406 3499 442 cc.

258 539 521 597 tanquam
568 523 911 592 peregrinum
948 524 1171 590 rejicerc
1198 561 1211 582 ,
1254 536 1413 587 quam
1461 522 1526 570 de
1554 514 1839 570 tclcberri—
1869 520 1911 571 Λ
1945 529 2105 577 opera
2157 512 2333 565 omnia
2389 526 2507 579 qua?
2558 510 2626 563 ah
2663 508 2790 577 ipsis
2846 507 3156 561 auctoribus
3199 506 3501 572 conscripta

255 622 358 674 mis
398 618 503 671 illis
557 628 693 683 quos
726 615 836 668 dixi
885 615 1036 665 libris
1094 610 1175 663 vel
1219 612 1500 663 minimum
1560 607 1825 659 dubitare.

253 711 482 776 Quando
526 718 705 761 autem
753 705 918 761 semel
965 703 1085 757 libri
1138 702 1209 757 De
1244 702 1444 773 Spiritu
1477 710 1653 751 sancto
1681 714 1830 752 nien-

256 813 456 863 tionem
480 804 603 870 feci,
641 805 872 860 monebo
912 802 1159 855 eumdem
1191 802 1336 855 illum
1387 810 1601 850 versmn
1638 794 1826 861 psalmi

254 897 517 951 tricesitni
546 898 783 960 secundi,
817 892 900 958 Τῷ
925 894 1086 963 λόγῳ
1106 894 1210 947 τοῦ
1239 890 1461 956 Κυρίου
1493 890 1547 941 οι
1588 885 1829 954 οὐρανοὶ

255 989 734 1059 ἐστερεώθησαν,
764 998 899 1049 etc.,
931 989 1056 1043 lotis
1084 987 1291 1041 duabus
1333 982 1542 1051 paginis
1574 995 1603 1031 a
1636 977 1831 1034 Basilio

255 1082 517 1151 explicari
570 1085 673 1137 hoc
717 1081 768 1132 in
803 1079 899 1133 lib.
935 1095 1054 1149 cap.
1089 1078 1175 1134 16.
1209 1075 1379 1128 Velim
1406 1083 1585 1127 autem
1628 1069 1832 1139 legatur

259 1181 373 1234 haec
416 1180 598 1235 Basilii
640 1178 1019 1248 interpretatio
1056 1177 1119 1229 ad
1159 1186 1371 1228 onmem
1408 1169 1695 1226 tollendam
1734 1171 1831 1224 du-

261 1272 606 1326 bitationem.
648 1267 781 1324 Nam
826 1277 933 1323 tam
964 1268 1201 1331 erudite,
1254 1276 1360 1316 tam
1392 1264 1689 1332 eleganter,
1719 1272 1829 1315 tam

255 1366 475 1433 copiose
508 1362 651 1417 hunc
676 1374 891 1417 versum
918 1367 1133 1423 tractat,
1160 1366 1219 1409 nt
1250 1357 1550 1426 intelligere
1587 1352 1740 1407 facile
1763 1355 1832 1408 sit

258 1472 404 1517 eum,
437 1469 561 1507 cum
602 1455 864 1523 psalmum
903 1450 1234 1504 tricesimum
1265 1452 1553 1503 secundum
1580 1446 1833 1511 interpre-

260 1555 490 1611 taretur,
528 1545 745 1600 Eusebii
774 1542 973 1597 auxilio
1004 1541 1071 1593 ad
1106 1538 1342 1606 ejusdem
1371 1540 1469 1594 loci
1500 1536 1833 1606 eiplanatio-

261 1649 385 1689 nem
426 1653 530 1692 non
560 1636 875 1706 indiguisse.
906 1631 1029 1685 Ha-c
1049 1638 1131 1684 est
1155 1631 1315 1701 igitur
1344 1639 1523 1684 nostra
1548 1629 1831 1693 sententia,

261 1725 522 1782 Basiliam
570 1744 639 1782 ne
697 1727 970 1795 cogitasse
1012 1722 1225 1790 quidem
1265 1723 1333 1778 de
1367 1719 1603 1775 Eusebio
1631 1720 1834 1788 compi-

266 1817 445 1872 lando.
499 1819 642 1872 Fieri
689 1815 928 1884 potuisse
967 1813 1191 1876 damus,
1243 1820 1301 1866 ut
1363 1819 1548 1865 orator
1600 1812 1835 1879 optimus

1941 617 2088 668 sunt,
2130 602 2441 671 suspicione
2470 602 2612 654 omni
2646 597 2929 660 vacabunt,
2970 597 3037 649 ob
3077 612 3166 649 cas
3192 610 3327 665 quas
3360 603 3501 646 attu-

1942 695 2098 747 limus
2127 695 2382 748 rationes.
2414 690 2491 743 Atl
2544 692 2687 757 quod
2733 702 2901 759 genus
2938 684 3125 739 referri
3163 701 3372 753 quoque
3414 682 3504 736 de-

1942 787 2069 840 bent
2099 786 2434 857 panegyrici,
2456 784 2730 838 orationes
2764 784 2831 836 de
2864 779 3137 851 mysteriis
3167 786 3215 832 el
3252 779 3316 831 de
3349 778 3505 833 rebus

1938 874 2348 939 difﬁcilioribus,
2379 885 2433 930 et
2457 872 2659 942 quaevis
2692 871 2809 925 alia:
2831 912 2845 937 ,
2898 884 3017 940 quae
3053 867 3308 936 majorem
3352 870 3503 922 indu-

1946 966 2137 1019 striam
2182 963 2611 1033 elegantiamque
2647 975 2757 1030 prte
2783 975 2841 1015 se
2873 960 3084 1022 ferunt,
3128 974 3287 1027 quam
3334 968 3391 1011 ut
3438 975 3503 1012 ex

1941 1068 2180 1128 tempore
2223 1058 2585 1126 pronuntiata:
2610 1054 2777 1109 fuisse
2801 1052 2904 1106 dici
2934 1055 3162 1122 possint.
3206 1050 3399 1105 Fateor
3424 1052 3504 1104 vi-

1940 1150 2054 1203 deri
2098 1148 2357 1219 quosdam
2394 1146 2587 1203 Patres
2614 1187 2629 1212 ,
2666 1160 2785 1215 qua:
2828 1159 3013 1198 eorum
3052 1153 3170 1200 erat
3218 1144 3465 1198 facundia
3489 1182 3502 1205 ,

1940 1241 2233 1308 aliquando
2270 1241 2337 1294 ad
2380 1239 2634 1309 populum
2679 1254 2743 1293 ex
2778 1246 3019 1305 tempore
3064 1250 3363 1291 sermonem
3413 1236 3507 1288 ha-

1943 1334 2155 1397 buisse,
2190 1330 2531 1402 praesertim,
2578 1345 2703 1385 cunt
2739 1329 2911 1384 solum
2958 1327 3058 1382 sibi
3102 1327 3507 1395 proposuissent

1942 1423 2151 1491 plebem
2183 1425 2249 1478 ad
2300 1424 2552 1477 virtutem
2596 1421 3022 1490 amplectendam
3069 1420 3367 1474 cohortari.
3401 1420 3507 1473 Sed

1940 1524 1993 1567 et
2030 1511 2127 1565 has
2156 1514 2298 1580 ipsas
2322 1511 2599 1565 orationes
2624 1507 2690 1562 ab
2714 1508 2860 1561 omni
2885 1506 3248 1577 corruptionis
3272 1504 3508 1574 periculo

1941 1604 2221 1659 vindicare
2252 1601 2465 1656 diliieile
2498 1616 2603 1656 non
2633 1606 2732 1654 est.
2766 1598 2916 1664 Quod
2948 1607 3006 1650 ut
3027 1599 3215 1653 melius
3243 1594 3508 1665 intelliga-

1944 1706 2048 1762 tur,
2092 1712 2244 1761 rem,
2303 1702 2362 1747 ut
2404 1693 2602 1747 factam
2657 1706 2781 1748 esse
2845 1688 3192 1751 arbitramur,
3246 1690 3506 1743 dicemus.

1942 1788 2200 1850 Aderant,
2230 1801 2350 1839 cum
2375 1781 2566 1837 Patres
2595 1781 3075 1841 concionarentur,
3102 1776 3258 1845 periti
3291 1777 3505 1845 quidam

267 1864 445 1872 --η-ν-
500 1864 521 1871 -
546 1864 642 1872 .---
690 1864 925 1884 pm-"
976 1864 1153 1869 nm"
1178 1864 1191 1876 .
1251 1864 1271 1866 γ
1374 1864 1381 1865 κ
1610 1864 1648 1879 κ.
3437 1865 3448 1877 ,

267 1911 501 1964 Basilius
524 1910 821 1963 sententias
842 1908 1049 1977 aliquas
1084 1908 1150 1961 ab
1179 1903 1411 1959 Eusebio
1434 1913 1706 1958 mutuatus
1733 1905 1835 1967 sit,
1868 1878 1910 1930 Β
1941 1880 2161 1977 "flama
2198 1878 2290 1977 (ιξιί
2323 1873 2656 1973 loquentium
2689 1876 2853 1977 verba
2877 1871 3205 1977 exciperent.
3237 1864 3345 1922 Nec
3365 1882 3509 1922 enim

264 2015 402 2071 quas
444 2010 556 2053 toto
609 2000 819 2054 dicendi
869 2015 1067 2069 genere
1115 1999 1401 2051 immutato
1440 2010 1567 2048 suas
1610 1992 1833 2057 fecerit;

263 2091 355 2144 sed
384 2091 496 2159 ipsa
528 2089 739 2144 Eusebii
767 2091 949 2158 verba,
981 2103 1153 2159 eaque
1174 2088 1360 2155 multa,
1381 2088 1448 2142 ab
1478 2087 1593 2155 ipso
1624 2094 1834 2154 sumpta

263 2196 385 2234 esse
418 2195 795 2252 pernegamus.
828 2183 946 2238 Uno
971 2181 1157 2245 verbo,
1188 2180 1448 2250 quidquid
1480 2177 1835 2233 Eusebianum

267 2275 319 2326 in
352 2272 639 2328 Basilianis
684 2275 973 2343 reperitur,
1012 2288 1173 2326 omne
1210 2272 1260 2323 id
1303 2286 1331 2322 a
1366 2269 1601 2321 librariis
1632 2276 1838 2321 temere

264 2366 502 2417 additum
550 2364 714 2417 fuisse
740 2363 1087 2415 arbitramur.
1108 2359 1472 2423 lncommoda,
1503 2370 1623 2427 quae
1651 2370 1719 2411 ex
1740 2358 1841 2411 hac

264 2458 519 2524 opinione
546 2455 700 2523 sequi
731 2453 1002 2517 videntur,
1027 2451 1310 2521 praesentia
1333 2452 1583 2521 quidem;
1616 2450 1707 2503 sed
1732 2464 1837 2503 non

266 2555 553 2616 prepterea
580 2560 612 2599 a
644 2544 911 2600 sententia
956 2546 1257 2599 deterreor.
1295 2542 1408 2598 Non
1448 2542 1589 2597 enim
1619 2542 1842 2595 deerunt

266 2642 357 2706 qui
382 2645 805 2705 conquerantur,
839 2637 881 2690 si
907 2636 979 2689 ita
1011 2644 1113 2700 est,
1150 2636 1281 2689 nihil
1316 2634 1435 2698 tuti,
1472 2633 1601 2687 nihil
1629 2632 1840 2687 indubi-

270 2732 386 2794 tati,
422 2730 553 2781 nihil
584 2729 723 2781 firmi
752 2730 802 2781 in
830 2728 1048 2781 Patrum
1081 2729 1296 2796 scriptis
1320 2727 1548 2795 amplius
1578 2726 1836 2788 futurum,

268 2838 387 2875 cum
438 2834 655 2888 semper
685 2819 908 2872 timendi
952 2818 1055 2872 erit
1086 2817 1235 2871 locus
1265 2857 1278 2879 ,
1314 2831 1379 2869 ne
1410 2832 1471 2867 ea
1504 2826 1701 2868 temere
1728 2815 1840 2870 suis

271 2911 655 2966 additamentis
692 2904 1030 2980 corruperint
1080 2908 1307 2963 librarii.
1351 2905 1453 2961 Sed
1492 2906 1687 2960 malum
1720 2916 1838 2960 tan-

269 3013 381 3058 tum
427 3018 532 3056 non
575 3016 691 3056 esse
715 3009 844 3069 puto
868 3040 884 3065 ,
916 3010 1173 3069 quantum
1222 3000 1395 3069 primo
1431 3000 1625 3051 intuitu
1672 3000 1838 3052 videri

269 3101 471 3164 potest.
506 3088 746 3144 Primum
775 3089 919 3143 enim
950 3088 1017 3142 ab
1056 3089 1307 3158 operibus
1338 3102 1455 3155 quae
1481 3096 1535 3139 et
1565 3086 1838 3151 meditata,

270 3195 324 3239 et
347 3199 510 3238 manu
548 3182 713 3251 ipsius
744 3180 982 3235 auctoris
1022 3177 1323 3247 conscripta
1360 3184 1503 3241 sunt,
1540 3176 1839 3245 corruptio-

273 3275 356 3327 nis
380 3273 617 3340 suspicio
641 3271 817 3325 omnis
840 3279 1155 3323 amoveatur
1180 3282 1401 3321 necesse
1425 3275 1527 3320 est.
1556 3265 1839 3333 Postquam

271 3367 417 3420 cnim
451 3364 641 3419 Patres
675 3366 937 3433 ejusmodi
971 3379 1133 3432 opera
1165 3369 1599 3431 composuerant,
1638 3370 1746 3413 tum
1778 3362 1843 3414 ab

272 3458 351 3510 eis
410 3454 763 3509 tradebantur
796 3470 902 3507 non
944 3452 1271 3523 quibuslibet
1318 3449 1585 3514 librariis,
1627 3449 1721 3503 sed
1746 3450 1842 3502 do-

276 3548 515 3603 mesticis
536 3590 549 3613 ,
586 3548 761 3617 iisque
792 3545 1174 3615 diligentibus.
1209 3542 1300 3612 qui
1328 3556 1389 3595 ea
1415 3552 1665 3596 accurate
1697 3548 1843 3594 tran-

275 3642 595 3695 scriberent.
627 3638 737 3694 Nec
765 3640 909 3694 enim
950 3636 1105 3691 aliter
1134 3635 1219 3690 edi
1249 3635 1301 3689 in
1330 3622 1504 3689 lucem
1547 3632 1845 3703 potuissent

274 3731 495 3786 Patrum
543 3734 741 3797 scripta
769 3774 784 3798 ,
824 3731 925 3785 nisi
959 3730 1055 3798 ipsi
1096 3727 1423 3796 exemplaria
1460 3726 1714 3780 nonnulla
1751 3741 1845 3780 ex-

276 3821 558 3875 scribenda
601 3831 899 3877 curassent.
960 3819 1191 3874 Librarii
1227 3825 1407 3870 autem
1461 3816 1558 3879 illi,
1614 3830 1842 3883 quorum

278 3925 472 3963 munus
515 3918 635 3963 erat
682 3910 846 3964 libros
891 3910 1228 3965 dominorum
1264 3921 1484 3960 suorum
1524 3906 1843 3971 describere,

278 4001 396 4054 sine
429 3999 593 4053 dubio
615 4014 830 4053 omnem
866 4014 1082 4069 Operam
1109 4009 1163 4052 et
1191 4012 1376 4052 curam
1418 3997 1471 4051 in
1504 4010 1601 4051 suo
1627 4011 1846 4051 munere

284 4091 532 4144 obeundo
554 4090 839 4159 ponebant.
871 4089 1053 4160 quue
1084 4088 1273 4157 magis,
1306 4087 1447 4155 quod
1479 4086 1680 4141 heriles
1704 4086 1843 4141 oculi

286 4185 618 4255 negligentes
660 4198 752 4239 eos
788 4199 908 4238 csse
956 4197 1058 4236 non
1107 4164 1367 4236 sinerent.
1404 4180 1585 4249 Neque
1625 4196 1750 4235 vero
1782 4181 1845 4235 ti-

286 4276 538 4328 mendum
563 4284 682 4329 erat
712 4290 779 4329 ne
805 4274 1007 4329 librarii
1033 4272 1157 4336 alii,
1194 4272 1282 4341 qui
1327 4271 1429 4324 sibi
1477 4272 1675 4325 tictnm
1699 4281 1844 4325 tran-

280 4367 583 4421 scribendis
606 4368 759 4422 libris
788 4365 1175 4436 quaeritabant,
1209 4362 1469 4432 ejusmodi
1499 4363 1697 4431 scripta
1730 4378 1845 4417 cor-

282 4466 618 4527 rumperent.
642 4455 774 4510 Nam
806 4472 993 4512 eorum
1031 4456 1272 4510 fraudem
1297 4453 1602 4521 dolumque,
1630 4469 1845 4522 compa-

1939 1967 2101 2020 alium
2131 1968 2344 2020 modum
2389 1980 2498 2035 quo
2527 1962 2792 2031 ejusmodi
2827 1962 3099 2015 orationes
3126 1956 3192 2013 ad
3222 1966 3510 2012 nostrans-

1940 2058 2076 2112 tnilti
2120 2058 2428 2125 potuerint,
2458 2057 2632 2111 video.
2675 2052 2741 2108 Et
2780 2066 2910 2107 vero
2950 2052 3226 2118 probabile
3267 2065 3371 2105 non
3402 2056 3506 2113 est,

1938 2152 2124 2205 Patres
2159 2162 2223 2204 ea
2270 2163 2389 2216 quae
2424 2162 2491 2201 ex
2546 2158 2789 2213 tempore
2834 2142 3278 2215 pronuntiarant,
3323 2150 3505 2209 postea

1938 2239 2156 2292 domum
2212 2236 2490 2306 ingressos
2547 2234 2862 2301 scripsisse;
2897 2247 3020 2289 cum
3052 2246 3239 2286 eorum
3284 2245 3403 2299 qua:
3432 2231 3511 2283 sic

1940 2328 2189 2396 imparati
2214 2329 2490 2391 dixerant,
2512 2339 2579 2381 ne
2604 2324 2914 2378 meminisse
2940 2322 3155 2393 quidem
3187 2321 3505 2390 potuissent.

1943 2422 2110 2489 Igitur
2137 2420 2377 2473 notarios
2409 2418 2476 2473 ad
2507 2417 2784 2472 orationes
2817 2429 2935 2485 qua:
2976 2429 3041 2468 ex
3074 2421 3312 2481 tempore
3341 2411 3507 2465 habe-

1942 2512 2135 2565 bantur
2162 2508 2549 2564 exscribendas
2577 2508 2850 2562 adhibitos
2883 2521 3040 2572 esse,
3073 2506 3165 2575 qui
3205 2519 3315 2560 rem
3343 2511 3512 2558 atten-

1944 2606 2051 2661 tius
2078 2603 2524 2665 consideraverit,
2556 2612 2873 2667 negaturum
2904 2609 3030 2669 puto
3060 2601 3351 2655 neminem.
3387 2595 3507 2652 lant

1941 2711 2067 2750 vero
2114 2694 2450 2749 notariorum
2495 2690 2707 2745 illorum
2746 2696 2894 2743 tanta
2924 2700 3041 2744 erat
3068 2688 3315 2742 celeritas
3355 2687 3511 2739 indu-

1942 2792 2208 2855 striaque,
2242 2795 2301 2840 ut
2331 2786 2625 2839 timendum
2660 2797 2765 2838 non
2798 2790 2961 2847 esset,
2990 2795 3057 2836 ne
3078 2780 3207 2849 quid
3229 2777 3510 2833 scribendo

1942 2879 2268 2931 omitterent.
2302 2875 2455 2940 Nam,
2493 2884 2551 2930 ut
2587 2875 2746 2930 docet
2774 2872 3031 2929 Martialis
3057 2873 3149 2929 lib.
3194 2887 3305 2935 xiv,
3335 2870 3506 2938 epigr.

1940 2974 2068 3042 268,
2097 2975 2161 3029 de
2199 2972 2425 3026 notariis
2454 2971 2682 3040 loquens
2706 3009 2721 3034 ,
2928 2960 2931 2963 ’

2082 3068 2310 3118 Currant
2342 3065 2493 3118 verba
2523 3063 2663 3128 licet,
2696 3078 2880 3117 manus
2912 3069 2989 3114 est
3016 3058 3236 3113 velocior
3261 3056 3406 3120 illis;

2156 3135 2405 3188 Nondum
2432 3136 2609 3204 lingua
2638 3150 2815 3196 suum,
2846 3132 3034 3183 dextra
3060 3129 3252 3198 peregit
3282 3144 3431 3197 Opus.

1868 3213 1909 3269 Ο
1952 3251 2025 3302 Ex
2058 3248 2253 3316 quibus
2284 3247 2512 3302 eﬂicitur
2540 3247 2623 3301 vel
2646 3245 3038 3314 extemporales
3071 3245 3190 3298 illas
3218 3242 3509 3304 orationes,

1948 3342 1991 3394 si
2021 3355 2215 3409 paucas
2247 3340 2505 3408 quasdam
2549 3342 2603 3392 in
2636 3338 2872 3392 Psalmos
2896 3336 3283 3406 exceperimus,
3316 3337 3509 3402 depra-

1956 3433 2160 3487 vationi
2193 3448 2297 3487 non
2326 3434 2398 3487 ita
2432 3432 2656 3486 multum
2685 3431 2943 3485 obnoxias
2984 3430 3168 3485 fuisse.
3201 3428 3308 3483 Cur
3333 3439 3509 3482 autem

1946 3523 2322 3578 enarrationes
2384 3521 2629 3593 quaedam
2688 3522 2741 3574 in
2788 3519 3031 3575 Psalmos
3087 3520 3297 3574 facilius
3350 3533 3511 3586 quam

1946 3616 2162 3683 reliquae
2210 3616 2497 3670 conciones
2546 3623 2809 3682 corruptae
2851 3614 2993 3675 sint,
3055 3624 3196 3663 nunc
3239 3609 3515 3663 declarare

1945 3722 2124 3776 operae
2174 3708 2406 3775 pretium
2470 3717 2573 3760 est.
2638 3706 2775 3759 Puto
2804 3703 3110 3771 hujusmodi
3167 3703 3220 3755 in
3274 3699 3512 3755 Psalmos

1949 3799 2225 3854 orationes
2250 3798 2473 3853 minoris
2490 3797 2735 3853 venditas
2757 3795 2938 3861 fuisse,
2967 3796 3036 3851 ob
3062 3795 3222 3863 idque
3245 3792 3513 3863 praecipue

1954 3890 2309 3959 ncgligentius
2359 3906 2389 3944 a
2426 3888 2661 3944 librariis
2689 3888 3008 3956 exscriptas.
3038 3885 3173 3940 Cum
3209 3885 3351 3940 enim
3394 3899 3511 3936 me»

1952 3987 2111 4039 nibus
2148 3985 2387 4039 omnium
2424 3992 2726 4037 tererentur
2758 3979 3019 4035 innumeri
3047 3981 3101 4034 in
3128 3978 3369 4033 Psalmos
3398 3976 3513 4031 sive

1954 4075 2358 4140 commentarii,
2401 4075 2514 4128 sive
2551 4086 2828 4128 sermones
2853 4112 2868 4137 ,
2913 4069 3104 4140 quibus
3138 4070 3323 4125 eadem
3374 4081 3513 4134 saepe

1948 4164 2219 4221 cantilena
2260 4164 2590 4230 cauebatur;
2630 4163 2753 4217 hinc
2784 4161 2983 4216 factum
3021 4169 3102 4216 est
3142 4170 3201 4213 ut
3244 4166 3511 4226 emptores

1950 4258 2041 4326 qui
2067 4256 2180 4327 jam
2209 4254 2517 4323 hujusmodi
2548 4255 2815 4308 mercibus
2842 4251 3206 4313 abundabant,
3233 4249 3298 4302 ad
3332 4262 3512 4301 emen~

1949 4349 2074 4402 dum
2112 4347 2286 4401 forent
2324 4346 2621 4415 segniores.
2652 4343 2920 4398 Praeterea
2957 4354 3082 4395 cum
3107 4337 3350 4403 librarii,
3380 4340 3467 4407 qui
3495 4381 3508 4403 ,

1950 4440 1994 4492 si
2049 4436 2177 4505 quid
2223 4436 2275 4489 in
2312 4436 2375 4491 iis
2410 4435 2742 4489 orationibus
2775 4435 3021 4497 deesset,
3054 4432 3104 4485 id
3148 4445 3207 4485 se
3253 4432 3512 4483 resarcire

282 4548 415 4602 ratis
448 4547 589 4601 inter
630 4561 690 4600 se
724 4546 1119 4614 exemplaribus
1143 4587 1156 4611 ,
1199 4555 1500 4615 promptum
1532 4552 1652 4599 erat
1695 4546 1840 4599 dete-

1953 4528 2096 4583 nullo
2126 4528 2341 4597 negotio
2378 4542 2532 4596 posse
2574 4525 2937 4585 confidebant,
2977 4538 3082 4578 non
3129 4522 3201 4576 ita
3232 4522 3513 4591 diligenter

284 4654 429 4708 gere.
468 4637 674 4704 Quibus
712 4636 878 4692 semel
919 4636 1145 4689 detectis
1168 4677 1183 4701 ,
1214 4650 1403 4699 nemo,
1438 4636 1651 4705 opinor,
1690 4637 1848 4692 homo

284 4731 617 4798 conscriptos
646 4730 715 4785 ab
740 4730 819 4784 eis
858 4729 1023 4783 libros
1060 4728 1302 4782 emisset.
1334 4726 1597 4780 Prasterea
1626 4727 1849 4798 diligent-

289 4833 370 4875 ter
427 4822 782 4877 servabantur
833 4820 944 4889 ipsa
984 4817 1356 4886 autographa,
1405 4814 1719 4883 quibuscum
1757 4817 1849 4870 de-

290 4912 490 4981 scripta
526 4924 849 4980 componere
895 4920 949 4964 et
1003 4908 1249 4963 conferre
1298 4906 1469 4960 cuivis
1504 4904 1719 4958 licebat.
1759 4904 1850 4958 Sic

294 5001 555 5072 quidquid
595 5009 683 5055 est
710 5002 928 5068 majoris
967 5000 1224 5053 momenti
1258 4998 1308 5051 in
1341 4997 1563 5051 Patrum
1603 4996 1847 5064 scriptis,

288 5092 543 5164 quidquid
575 5093 857 5161 insignius,
898 5092 1154 5162 quidquid
1178 5090 1380 5155 utilius,
1404 5089 1455 5142 id
1488 5088 1538 5141 in
1569 5097 1682 5141 tuto
1709 5102 1849 5151 esse,

289 5203 353 5238 ex
398 5188 464 5241 iis
492 5200 610 5254 qua:
647 5185 903 5248 diximus,
938 5193 1104 5254 patet.
1131 5183 1325 5249 Quales
1350 5189 1473 5235 sunt
1502 5186 1761 5234 tractatus
1786 5180 1851 5233 de

292 5276 411 5340 fide,
446 5276 511 5330 de
545 5276 809 5345 dogmatis
833 5316 847 5339 ,
889 5276 953 5328 de
995 5276 1158 5329 rebus
1202 5272 1631 5328 difficilioribus:
1668 5272 1853 5341 quales

294 5368 434 5431 libri,
475 5368 567 5437 qui
592 5380 683 5421 aut
729 5369 792 5421 ad
834 5367 1147 5431 historiam,
1180 5376 1271 5421 aut
1307 5368 1370 5420 ad
1394 5366 1731 5434 disciplinam
1760 5380 1851 5419 cc-

293 5455 675 5520 clesiasticam,
708 5466 799 5509 aut
831 5456 895 5508 ad
928 5456 1350 5509 controversiain
1405 5454 1713 5524 pertinent;
1745 5455 1855 5521 epi-

296 5546 446 5600 stolae
483 5547 733 5614 denique.
778 5546 894 5600 Non
929 5546 1072 5600 enim
1106 5546 1337 5599 dubitari
1366 5554 1540 5614 potest
1573 5544 1699 5613 quin
1741 5542 1854 5610 ejus

295 5640 506 5709 generis
534 5654 695 5709 opera
730 5641 906 5693 omnia
936 5655 998 5695 ex
1022 5638 1149 5707 ipsis
1181 5638 1523 5708 autographis
1558 5653 1585 5689 a
1617 5636 1853 5691 librariis

296 5741 347 5782 ct
371 5731 683 5785 domesticis
708 5741 763 5783 et
803 5730 1147 5801 diligentibus
1180 5730 1447 5795 exscripta
1490 5729 1633 5794 sint,
1670 5728 1853 5795 sicque

297 5820 361 5874 ad
414 5836 510 5875 nos
584 5835 752 5888 uSque
803 5821 1027 5877 fideliter
1070 5821 1428 5889 pervenerint.
1486 5818 1601 5875 Uno
1651 5819 1849 5883 verba,

1954 4637 2174 4676 munere
2212 4636 2309 4675 suo
2342 4621 2722 4688 fungebantur.
2766 4618 2829 4671 Et
2874 4630 3001 4671 vero
3042 4630 3162 4669 eum
3196 4630 3301 4685 prae
3336 4616 3511 4667 mani-

1950 4717 2050 4769 bus
2083 4714 2347 4768 haberent
2378 4714 2570 4765 multos
2597 4714 2648 4763 in
2688 4708 2927 4763 Psalmos
2954 4705 3366 4761 commentarios
3396 4719 3512 4758 ser-

1952 4819 2290 4874 monesque,
2329 4820 2393 4858 ex
2430 4804 2493 4857 iis
2536 4804 2585 4857 id
2629 4803 2771 4872 quod
2796 4802 2849 4855 in
2902 4800 3180 4855 scribendo
3216 4797 3513 4870 praetermi-

1952 4906 2158 4961 serant,
2220 4895 2376 4949 facile
2444 4894 2782 4963 supplebant.
2834 4892 3088 4958 Accedit,
3139 4892 3282 4959 quod
3329 4889 3515 4943 Patres

1953 5002 2336 5057 nonnunquam
2382 4986 2678 5041 familiares
2710 4984 2829 5038 illos
2857 4986 2908 5038 in
2954 4982 3195 5038 Psalmos
3237 4997 3512 5037 sermones

1954 5079 2212 5133 haberent
2242 5090 2333 5131 aut
2378 5078 2528 5143 ruri,
2557 5087 2649 5130 aut
2680 5077 2732 5132 in
2770 5078 3121 5131 conventibus
3168 5076 3344 5129 minus
3376 5076 3515 5129 cele-

1954 5174 2160 5234 bribus,
2190 5187 2297 5240 quo
2336 5172 2414 5225 ire
2452 5170 2653 5226 nollent
2680 5170 2876 5225 librarii
2915 5168 3316 5239 diligentiores,
3352 5182 3514 5236 expe-

1956 5265 2145 5318 rientia
2177 5263 2375 5326 edocti,
2412 5279 2516 5319 non
2554 5272 2755 5317 tantum
2794 5279 2851 5318 se
2888 5263 3018 5317 lucri
3055 5277 3118 5314 ex
3162 5276 3257 5314 suo
3285 5261 3475 5314 itinere
3498 5303 3510 5327 ,

1956 5364 2215 5425 quantum
2254 5366 2633 5425 speraverant,
2685 5357 2895 5410 fecisse.
2936 5353 3088 5408 Unde
3142 5367 3359 5406 necesse
3395 5363 3515 5406 erat

1956 5450 2227 5504 orationes
2259 5449 2378 5504 illas
2410 5449 2861 5520 indiligentiorum
2891 5462 3048 5501 manu
3075 5447 3335 5509 exscriLi;
3362 5444 3512 5498 ideo-

1959 5559 2063 5612 que
2105 5544 2299 5597 iniruni
2346 5544 2511 5598 videri
2542 5559 2644 5596 non
2682 5543 2869 5606 debet,
2910 5542 2955 5597 si
2992 5540 3215 5595 maculis
3248 5539 3515 5608 aliquibus

1956 5646 2397 5707 conSpergantur.
2447 5634 2754 5689 Notandun;
2804 5644 3101 5703 praeterea,
3162 5631 3345 5686 Patres
3408 5643 3514 5683 neu

1957 5744 2165 5797 seraper
2194 5743 2382 5782 omnes
2425 5727 2713 5797 cujuslibet
2756 5724 2944 5793 pSalmi
2974 5724 3262 5777 versiculos
3296 5722 3396 5778 sibi
3433 5722 3516 5773 in-

1961 5814 2331 5885 terpretandos
2366 5816 2710 5883 proposuisse
2732 5856 2746 5881 ,
2782 5814 2877 5869 sed
2912 5814 3116 5879 aliquos
3156 5821 3248 5867 aut
3298 5812 3516 5867 omnino
