4040 6476
525 436 633 488 οωι

1894 424 2395 483 ΡηοιεροΜΕΜ
2407 466 2419 477 .

524 540 798 607 omisisse,
831 554 924 597 aut
946 547 1163 601 brevius
1191 544 1512 615 explanasse
1541 564 1553 598 :
1578 548 1721 610 quod
1761 560 1883 600 cum
1913 553 2076 600 anim-

2190 539 2362 608 εἷπεν,
2407 543 2489 594 ὅτι
2533 542 2600 594 Ἠ
2643 539 2893 609 γλῶσσὰ
2920 557 3037 608 μου
3076 537 3342 607 κάλαμος
3383 535 3762 606 γραμματέως

520 631 859 690 adverterent
888 635 1113 699 librarii,
1142 637 1244 691 rati
1278 637 1413 699 fore,
1440 646 1499 691 ut
1531 653 1665 692 suus
1695 637 1848 690 labor
1873 653 1938 691 ex
1969 643 2084 692 lon-

519 723 762 792 gitudine
798 729 1063 783 orationis
1099 729 1487 793 aestimaretur,
1536 739 1630 781 aut
1675 728 1820 796 quod
1864 728 2078 792 deerat,

530 822 801 892 supplere.
826 830 918 875 aut
946 822 1089 889 quod
1138 820 1354 875 brevius
1405 819 1726 888 explicatum
1770 818 1984 885 fuerat,
2021 833 2087 871 ex

530 916 759 971 aliorum
785 916 1134 983 interpretum
1163 914 1381 983 scriptis
1403 928 1598 983 augere
1622 928 1726 966 non
1754 912 2086 966 dubitarunt.

599 1007 691 1061 56.
726 1007 911 1060 Exstat
937 1007 1077 1060 inter
1114 1006 1297 1061 Basilii
1342 1020 1506 1074 opera
1539 1005 1815 1059 enarratio
1842 1004 2085 1078 quaedam

529 1100 586 1161 in
617 1096 785 1167 psalm
804 1114 891 1152 um
926 1099 1246 1151 tricesimum
1271 1099 1563 1163 septimum,
1592 1112 1754 1167 quam
1791 1097 1841 1149 in
1867 1096 2085 1153 dubium

530 1188 601 1246 ab
622 1190 847 1244 eruditis
872 1190 1113 1245 revocari
1150 1190 1452 1243 monuimus
1494 1204 1644 1240 num.
1668 1187 1757 1240 '52.
1790 1186 2086 1241 Tillemon-

532 1282 636 1338 tius
666 1282 739 1336 ita
768 1284 833 1337 de
856 1298 915 1338 ea
942 1282 1153 1335 dubitat
1178 1293 1232 1333 ut
1256 1282 1321 1334 ad
1349 1296 1466 1335 eant
1499 1278 1885 1334 defendendam
1916 1276 2088 1346 magis

528 1372 866 1442 propendere
901 1372 1166 1427 videatur.
1213 1370 1319 1425 Sed
1368 1385 1487 1424 eam
1514 1368 1748 1442 spuriam
1776 1382 1898 1422 esse
1928 1378 2088 1436 atque

527 1460 882 1515 adulterinum
910 1471 1137 1516 constat.
1164 1460 1232 1515 Et
1260 1470 1406 1516 certe
1448 1460 1692 1529 repetitio
1717 1472 1908 1521 vocum
1949 1472 2086 1527 qua—

537 1551 780 1606 rumdam
808 1568 929 1625 quae
952 1553 1091 1622 apud
1125 1551 1384 1610 Basilium
1410 1562 1504 1605 aut
1535 1550 1804 1605 inusitata:
1824 1558 1968 1614 sunt,
1995 1555 2088 1601 aut

528 1637 783 1718 insolitae,
824 1640 910 1695 vel
968 1641 1079 1695 sola
1127 1639 1371 1711 opusculi
1425 1637 1582 1706 hujus
1637 1637 1923 1693 falsitatem
1981 1652 2084 1691 non

523 1727 757 1784 obscure
785 1730 1009 1785 indicat.
1042 1729 1171 1797 Ejus
1204 1729 1417 1797 generis
1443 1739 1567 1783 sunt
1603 1744 1783 1795 voces,
1826 1728 2083 1797 ἔφασκεν,

525 1819 677 1888 γοῦν,
712 1820 1055 1891 συναρπαγή.
1087 1818 1198 1873 lmo
1231 1828 1355 1873 sunt
1396 1828 1452 1873 et
1498 1818 1602 1873 alia
1647 1819 1906 1872 vocabula
1951 1819 2023 1872 ita
2056 1835 2083 1872 a

2196 632 2554 702 ὀξυπράςρου.
2597 629 2820 699 Ὧραῖος
2854 630 3063 683 κάλλει
3090 628 3248 696 παρὰ
3286 627 3427 693 τοὺς
3446 626 3615 693 υἱοὺς
3643 625 3765 681 τῶν

2194 721 2535 791 ἀνθρώπω.
2589 723 2665 774 Οὐ
2696 722 2803 792 γὰρ
2853 722 2917 773 ὲκ
2950 720 3047 791 τῆς
3098 720 3233 790 πρὸς
3274 720 3396 781 τοὺς
3443 716 3763 787 ἀνθρώπους

2198 816 2535 886 συγκρίσεως
2563 814 2662 884 τὴν
2698 813 2967 885 ὑπεροχὴν
3014 810 3107 865 τοῦ
3158 810 3387 873 κάλλους
3429 810 3603 879 Ἔχει.
3649 809 3761 861 Καὶ

2195 908 2400 980 προῖὼν
2425 907 2483 961 δέ
2508 923 2673 977 φησι·
2694 908 2794 959 Διὰ
2808 906 2978 959 τοῦτο
3000 905 3203 972 ἐχρισέ
3222 918 3294 956 σε
3310 905 3342 955 ό
3366 901 3530 967 Θεὸς,
3553 903 3586 954 ὀ
3615 901 3759 966 Θεός

2196 1018 2312 1055 σου
2343 1000 2552 1054 ἔλαιον
2583 997 3015 1067 ἀγαλλιάσεως.
3052 997 3126 1048 Οὐ
3145 996 3253 1065 γὰρ
3268 993 3447 1048 εἷπεν·
3477 994 3667 1065 ἑχρισά
3697 1009 3759 1045 crs

2194 1090 2304 1158 ἐγὼ
2328 1094 2356 1144 6
2384 1090 2534 1155 Θεὸς,
2560 1089 2694 1155 ἀλλ’,
2727 1087 2969 1158 Ἔκρισέ
2994 1101 3067 1141 σε
3091 1103 3106 1119 ⁸
3129 1085 3267 1139 ὥστε
3305 1089 3369 1139 ὲκ
3398 1085 3586 1138 τούτου
3614 1098 3759 1154 trap-

2197 1181 2446 1234 ιστασθαι
2477 1182 2660 1252 ἕτερον
2703 1175 2842 1233 εἶναι
2895 1179 2955 1233 τὸ
3004 1177 3383 1249 διαλεγόμενον
3443 1178 3754 1248 πρόσωπον.

2195 1274 2353 1325 Ποῖον
2384 1267 2475 1325 οὖν
2509 1272 2623 1323 ἐστι
2656 1269 2832 1334 τοῦτο,
2863 1269 2895 1340 ἢ
2942 1270 2969 1321 6
2994 1270 3277 1339 προφήτης
3316 1268 3345 1319 6
3372 1268 3628 1337 χωρήσας
3656 1264 3755 1336 τὴν

2192 1363 2286 1417 τοῦ
2339 1364 2495 1432 ἁγίου
2546 1361 2862 1431 Πνεύματος
2911 1362 2989 1423 εἰς
3044 1360 3203 1412 αὐτὸν
3258 1357 3556 1430 γενομένην
3605 1357 3757 1429 ἐνέρ-

2196 1476 2351 1526 γειαν
2376 1474 2389 1523 ;
2418 1455 2529 1510 Hoc
2556 1466 2640 1509 est
2664 1474 2677 1509 :
2707 1473 2725 1506 ι
2762 1453 2987 1521 Quidam
3016 1453 3262 1507 arbitrati
3283 1461 3407 1506 sunt
3430 1466 3496 1506 ex
3522 1464 3751 1520 persona

2194 1546 2372 1601 Patris
2401 1545 2665 1615 psalmum
2693 1544 2808 1599 sive
2824 1542 3092 1598 canticum
3112 1542 3447 1610 pronuntiari
3464 1542 3529 1595 de
3550 1538 3751 1606 Verbo,

2197 1639 2341 1710 quod
2366 1637 2422 1691 in
2456 1636 2716 1705 principio
2742 1644 2856 1692 erat
2886 1635 3029 1704 apud
3065 1632 3317 1700 Deum“,
3344 1632 3594 1703 quodque
3639 1633 3755 1701 ipse

2193 1746 2289 1785 ceu
2320 1744 2387 1784 ex
2414 1730 2598 1793 corde,
2626 1727 2740 1783 sive
2766 1741 2832 1780 ex
2879 1726 3010 1795 ipsis
3050 1725 3350 1781 visceribus
3380 1726 3667 1796 produxit:
3698 1735 3753 1778 et

2197 1836 2262 1875 ex
2286 1820 2427 1876 bono
2456 1819 2621 1874 corde
2660 1820 2857 1872 bonum
2886 1818 3113 1872 verbum
3140 1814 3362 1887 prodiit.
3421 1814 3549 1868 Mihi
3590 1828 3755 1883 porro

523 1908 707 1966 Basilii
731 1914 888 1982 genio
919 1910 1289 1974 abhorrentia,
1325 1920 1382 1963 ut
1413 1920 1673 1979 praestare
1701 1911 1873 1964 ausim
1895 1911 1941 1965 si
1979 1926 2084 1965 non
2119 1904 2159 1957 Β
2189 1912 2306 1967 haec
2336 1911 2399 1964 ad
2423 1909 2791 1979 propheticam
2822 1923 3109 1979 personam
3151 1906 3435 1961 referenda
3454 1905 3703 1959 videntur
3731 1922 3748 1959 :

527 2002 733 2066 omnia,
774 2010 921 2056 certe
958 2015 1144 2055 eorum
1171 2000 1350 2068 aliqua
1376 1999 1426 2052 in
1460 1998 1602 2054 illius
1632 2000 1783 2056 libris
1818 2015 2085 2071 nusquam

524 2095 771 2162 reperiri.
816 2093 1003 2159 Qualia
1033 2100 1174 2158 sunt,
1204 2090 1530 2161 συγκατιὼν,
1561 2092 1847 2157 ἀντιϐολεῖ,
1877 2096 1906 2147 6
1947 2094 2088 2165 ἱερὸς

522 2183 839 2249 ἀπόστολος,
868 2184 966 2254 τῆς
995 2182 1171 2254 ψυχῆς
1197 2182 1567 2253 αἰσθητήριον,
1614 2184 2083 2254 ἀναπεμπάζεται.

523 2272 630 2327 Sed
661 2273 786 2342 quid
818 2271 967 2343 plura
994 2272 1017 2325 ?
1046 2254 1172 2326 Haec
1212 2273 1276 2324 de
1323 2286 1426 2341 qua
1458 2270 1667 2341 agimus
1689 2272 1961 2328 enarratio
1984 2272 2089 2325 Eu-

520 2363 659 2418 sebii
686 2362 1035 2417 Ctesariensis
1086 2361 1227 2415 fetus
1274 2372 1378 2430 est,
1412 2379 1516 2416 non
1571 2362 1776 2418 Basilii.
1815 2363 1947 2417 Nam
1979 2379 2085 2432 quo

524 2454 679 2527 plura
723 2453 1072 2522 reperiuntur
1090 2453 1151 2508 in
1184 2453 1555 2509 lucubratione
1605 2470 1665 2509 ea
1692 2470 1810 2525 quas
1837 2455 1974 2509 male
2004 2456 2085 2508 in-

522 2558 608 2602 ter
653 2545 836 2601 Basilii
887 2561 1050 2615 opera
1101 2547 1360 2602 collocata
1392 2556 1514 2611 est,
1564 2562 1722 2616 quam
1763 2548 1815 2601 in
1855 2548 2084 2617 vulgatis

522 2632 744 2689 Eusebii
794 2632 1219 2698 commentariis,
1273 2650 1340 2687 ex
1381 2649 1446 2689 eo
1496 2650 1599 2689 non
1647 2635 1875 2690 elIicitur
1917 2646 2081 2692 totam

520 2741 640 2781 eam
668 2726 901 2781 Eusebio
932 2726 1092 2779 tribui
1136 2741 1242 2780 non
1272 2737 1519 2796 oportere
1548 2743 1561 2779 :
1592 2728 1684 2783 sed
1720 2730 1963 2797 sequitur
1996 2746 2085 2786 so-

520 2819 629 2873 lum
661 2817 838 2890 aliqua
869 2817 919 2871 in
944 2816 1159 2871 Eusebii
1191 2819 1597 2873 commentariis
1626 2820 1829 2874 omissa
1891 2819 2077 2875 fuisse.

521 2910 594 2964 Ita
645 2920 825 2965 autem
879 2926 1000 2965 csse
1057 2912 1238 2966 multis
1294 2915 1629 2981 argumentis
1682 2917 1900 2985 probari
1958 2932 2078 2970 cum

520 3002 711 3072 possit,
764 3002 869 3057 duo
903 3003 1076 3060 solum
1130 3004 1484 3071 proferemus.
1532 3006 1772 3061 Primum
1803 3018 1904 3073 est,
1938 3010 2079 3077 quod

522 3096 663 3148 hanc
709 3093 1136 3148 lucubrationem
1169 3109 1287 3163 qua:
1316 3096 1367 3148 in
1408 3095 1590 3151 Basilii
1632 3099 1957 3153 editionibus
2009 3100 2080 3154 le-

518 3184 684 3255 gitur,
717 3184 783 3239 ab
822 3184 1010 3238 eadem
1051 3183 1211 3253 plane
1247 3200 1409 3238 manu
1439 3186 1735 3254 profectam
1770 3204 1889 3244 esse
1914 3199 2076 3244 totam

516 3274 743 3343 quilibet
770 3274 928 3343 paulo
966 3276 1214 3344 sagacior
1242 3273 1398 3331 facile
1432 3277 1716 3349 intelligat,
1764 3294 1885 3334 cum
1932 3281 2070 3335 idem

519 3373 713 3435 stytus,
746 3368 887 3423 idem
911 3368 1205 3440 ingenium,
1236 3375 1422 3428 eadem
1454 3376 1794 3431 citandorum
1822 3378 2080 3447 interpre-

518 3465 629 3513 tum
680 3458 817 3515 ratio
864 3460 917 3514 in
950 3469 1063 3516 toto
1092 3478 1343 3519 sermone
1372 3467 1729 3536 perspiciatur
1763 3485 1777 3521 :
1817 3469 2075 3535 alterum,

513 3546 657 3621 quod
686 3547 893 3616 aliquot
923 3554 1313 3609 versiculorum
1346 3557 1840 3627 interpretationem
1876 3561 1929 3615 in
1960 3563 2078 3614 vul-

510 3638 649 3706 gatis
673 3637 891 3696 Eusebii
919 3642 1074 3700 libris
1105 3646 1292 3701 deesse
1322 3658 1547 3704 constet.
1579 3650 1717 3703 Puto
1752 3653 1915 3719 igitur
1944 3667 2077 3706 cau-

509 3743 625 3782 sam
653 3744 751 3784 cur
777 3732 970 3800 psalmi
1006 3735 1268 3791 tricesimi
1294 3738 1508 3806 septimi
1530 3739 1839 3808 explanatio
1863 3741 2075 3796 brevior

512 3820 585 3873 sit
612 3822 752 3891 apud
785 3822 1077 3881 Eusebium
1105 3843 1269 3897 quam
1293 3831 1434 3900 apud
1462 3830 1741 3897 Basilium,
1777 3835 1937 3889 aliam
1965 3850 2073 3889 non

508 3933 646 3977 esse.
683 3920 793 3972 nisi
829 3922 974 3989 quod
1008 3922 1210 3975 librarii
1245 3932 1342 3977 aut
1376 3929 1518 3980 nacti
1540 3927 1654 3982 siut
1680 3930 1929 3988 codicem
1959 3947 2085 3991 mn-

508 4004 682 4067 tilum,
720 4014 813 4057 aut
833 4008 1179 4074 poperceriut
1209 4010 1403 4065 labori.

581 4085 670 4139 37.
704 4085 956 4153 Quasdam
988 4086 1171 4142 Basilii
1203 4092 1257 4143 tu
1284 4088 1525 4145 Psalmos
1544 4096 1833 4162 orationes,
1868 4099 1920 4152 in
1949 4101 2070 4169 qni-

512 4176 614 4229 bus
643 4177 939 4246 fragmenta
967 4178 1180 4233 Eusebii
1214 4179 1280 4234 ad
1309 4180 1530 4239 verbum
1555 4186 1877 4254 transcripta
1911 4203 2069 4255 repe-

511 4266 802 4329 riebamus,
825 4283 929 4320 nou
952 4285 1139 4337 parum
1166 4272 1339 4336 nobis,
1376 4284 1435 4325 ut
1471 4290 1567 4329 suo
1595 4276 1713 4331 loco
1746 4280 2066 4347 notavimus,

508 4357 805 4414 exhibuere
831 4357 1053 4426 negotii.
1080 4358 1146 4411 Et
1176 4361 1289 4415 haec
1323 4377 1535 4431 quoque
1574 4366 1630 4418 in
1661 4368 1917 4433 psalmum
1940 4386 2071 4437 qua-

509 4449 859 4516 dragesimum
914 4458 1159 4518 quartum
1211 4456 1504 4518 enarratio,
1552 4460 1692 4523 quod
1720 4460 1844 4513 buic
1893 4461 2065 4514 eidem

509 4538 849 4591 incommodo
882 4539 1116 4593 obnoxia
1147 4540 1239 4606 sit,
1266 4558 1371 4596 non
1395 4547 1569 4599 minus
1603 4564 1699 4603 nos
1726 4549 1862 4605 male
1884 4551 2065 4616 habet,

506 4642 668 4696 quam
726 4629 955 4697 priores.
1002 4631 1177 4686 Verba
1224 4632 1441 4689 Eusebii
1475 4636 1809 4702 subjicimus.
1852 4650 1909 4695 ut
1943 4658 2062 4697 cum

503 4719 808 4784 Basilianis,
837 4736 956 4792 qua
985 4737 1082 4777 suo
1112 4726 1297 4780 ordine
1324 4726 1636 4782 excudenda
1666 4741 1807 4794 sunt,
1862 4735 2067 4801 possint

503 4810 761 4865 conferri.
797 4811 921 4867 llaec
977 4814 1143 4885 igitur
1171 4814 1421 4882 leguntur
1452 4818 1591 4886 apud
1642 4816 1927 4875 Eusebium
1959 4838 2063 4877 non

503 4902 659 4973 longe
697 4906 764 4959 ab
792 4906 945 4961 initio
981 4926 993 4961 :
1036 4906 1193 4969 Τινὲς
1230 4906 1487 4978 ᾠήθησαν
1534 4911 1609 4973 ὡς
1658 4912 1723 4964 ἐκ
1773 4912 2062 4984 προσώπου

499 4994 593 5048 τοῦ
620 4997 831 5067 Πατρὸς
862 4998 1117 5063 λέγεσθαι
1138 5000 1227 5052 τὸν
1261 4999 1470 5069 ψαλμὸν
1501 5004 1618 5073 ἦτοι
1645 5005 1742 5075 τὴν
1771 5004 1912 5077 ᾠδὴν
1937 5008 2065 5079 περὶ

497 5087 592 5141 τοῦ
624 5089 693 5142 ἐν
723 5089 880 5158 ἀρχῇ
909 5090 1082 5156 ὄντος
1126 5092 1275 5161 πρὸς
1324 5095 1505 5149 αὐτὸν
1542 5098 1755 5164 Λόγου,
1783 5098 1842 5150 ὃν
1870 5101 1933 5151 ὲκ
1965 5101 2064 5170 τῆς

496 5181 658 5233 οἱονεὶ
680 5182 905 5250 καρδίας
933 5183 963 5253 ἢ
992 5182 1167 5235 αὐτῶν
1201 5187 1305 5237 τῶν
1343 5187 1683 5258 σπλάγχνων,
1732 5191 1884 5261 φησὶ,
1939 5210 2068 5262 προ-

500 5276 730 5342 ήγαγεν,
758 5275 851 5327 καὶ
875 5276 981 5327 ἀπὸ
1004 5274 1214 5344 ἀγαθῆς
1232 5278 1458 5349 καρδίας
1478 5280 1676 5345 ἀγαθὸς
1695 5281 1848 5348 λόγος
1872 5283 2065 5353 προῆλ-

496 5364 607 5418 θεν.
649 5366 800 5435 Ἐμοὶ
823 5365 879 5417 δὲ
909 5365 1055 5419 δοκεῖ
1074 5364 1246 5419 ταῦτα
1274 5369 1363 5419 ἐπὶ
1394 5366 1452 5419 τὸ
1496 5371 1827 5439 προφητικὸν
1864 5372 2064 5439 ἀναφέ-

499 5454 683 5522 ρεσθαι
716 5456 1023 5525 πρόσωπον.
1062 5458 1141 5509 Τὰ
1168 5459 1275 5526 γὰρ
1320 5460 1515 5529 ἐφεξῆς
1542 5459 1633 5511 τοῦ
1665 5462 1828 5530 pip-0'3
1881 5464 2061 5516 οὐκέτι

492 5545 692 5613 ὁμοίως
724 5547 1029 5616 ἑξομαλίςει
1061 5552 1188 5619 ἡμῖν
1216 5549 1314 5619 τὴν
1344 5552 1469 5619 περὶ
1500 5551 1592 5604 τοῦ
1629 5552 1839 5621 Πατρὸς
1868 5554 2063 5622 ἐξήγη-

496 5656 600 5711 σιν,
627 5638 762 5691 Οΰτε
792 5638 899 5707 γὰρ
928 5638 992 5693 ἂν
1017 5641 1141 5710 περὶ
1178 5642 1274 5709 τῆς
1322 5641 1511 5692 ἑαυτοῦ
1543 5640 1792 5711 γλώσσης
1827 5645 1854 5695 6
1876 5643 2063 5713 Πατὴρ

563 5824 780 5882 ".loan.
819 5830 939 5889 1,1.
1020 5830 1060 5856 ³⁵
1098 5826 1233 5880 ῐἺ-ιιὶ.
1272 5844 1409 5889 κιιγ,
1452 5827 1503 5893 ’2,
1540 5829 1589 5880 5.
1672 5830 1705 5855 λ’
1743 5831 1866 5883 ibid.
1900 5830 1952 5885 8.

2188 2016 2307 2072 qum
2356 2001 2501 2055 enim
2550 2009 2669 2069 post
2719 2001 2920 2054 dictum
2978 1998 3281 2067 bujusmodi
3327 1997 3748 2065 subsequuntur,

2188 2109 2291 2148 non
2324 2092 2395 2146 ita
2428 2091 2643 2160 planam
2688 2091 2944 2146 exhibent
2992 2090 3146 2145 nobis
3181 2090 3246 2144 de
3284 2089 3443 2143 Patre
3478 2090 3750 2144 narratio-

2189 2199 2333 2238 nem.
2389 2180 2575 2252 Neque
2619 2183 2763 2236 enim
2808 2183 2874 2236 de
2919 2180 3098 2251 lingua
3148 2197 3245 2235 sua
3296 2180 3456 2235 Pater
3498 2182 3747 2236 dixerit:

2189 2276 2393 2345 Lingua
2423 2293 2538 2329 mea
2570 2276 2802 2328 calamus
2833 2275 3017 2329 scriba:
3046 2276 3287 2328 velociter
3309 2275 3597 2329 scribentis.
3617 2275 3752 2342 Spe-

2186 2370 2359 2423 ciosus
2391 2368 2561 2436 forma
2610 2384 2719 2435 pra:
2760 2367 2888 2434 ﬁliis
2918 2366 3185 2421 hominum
3210 2366 3274 2421 “.
3323 2365 3597 2436 Siquidem
3626 2366 3747 2435 pul-

2186 2461 2508 2517 claritudinis
2534 2461 2900 2530 priestantiam
2939 2475 3007 2513 ex
3039 2460 3437 2527 comparatione
3468 2473 3592 2511 cum
3645 2459 3745 2511 bo-

2191 2549 2427 2602 minibus
2460 2564 2565 2601 non
2626 2557 2921 2601 mutuatur.
2964 2548 3019 2599 In
3074 2547 3421 2615 sequentibus
3466 2561 3597 2600 vero
3647 2548 3745 2613 ait,

2186 2636 2471 2708 Propterea
2521 2640 2666 2691 unxit
2702 2649 2751 2690 te
2782 2637 2942 2701 Deus,
2990 2635 3124 2690 Deus
3147 2645 3267 2688 tuus
3294 2636 3402 2689 oleo
3429 2634 3629 2689 ltrtitt'ae
3658 2635 3701 2669 δ’
3727 2654 3743 2702 ;

2184 2746 2359 2799 neque
2392 2730 2532 2784 enim
2562 2730 2659 2792 ait,
2710 2728 2843 2783 Unxi
2878 2738 2929 2783 te
2966 2742 3064 2798 ego
3087 2726 3245 2792 Deus,
3284 2727 3399 2790 sed,
3444 2725 3611 2781 Unxit
3656 2736 3748 2781 te:

2186 2825 2257 2876 ita
2320 2833 2379 2876 ut
2426 2823 2549 2876 hinc
2584 2821 2842 2890 liquidum
2882 2823 2949 2874 sit
2980 2821 3136 2874 aliam
3178 2835 3460 2889 personam
3488 2833 3606 2872 esse
3629 2834 3751 2886 qua:

2184 2914 2442 2982 loquitur.
2485 2914 2747 2979 Quarnam
2802 2912 2965 2980 igitur
3013 2911 3125 2973 illa,
3176 2910 3279 2962 nisi
3335 2908 3614 2976 prOpbeta,
3654 2911 3744 2975 qui

2184 3005 2423 3073 illapsam
2454 3004 2684 3072 Spiritus
2704 3003 2877 3057 sancti
2904 3002 3007 3055 vim
3035 3002 3087 3054 in
3124 3015 3181 3054 se
3210 3000 3455 3068 recepit?
3490 3018 3509 3050 ι
3557 2999 3743 3056 Basilii

2183 3095 2238 3147 in
2273 3096 2411 3146 hunc
2434 3094 2691 3161 psalmum
2720 3094 3018 3147 orationem
3062 3090 3107 3145 si
3140 3093 3257 3161 quis
3290 3090 3466 3159 legere
3496 3091 3733 3159 voluerit,

2189 3185 2241 3238 in
2276 3199 2337 3238 ea
2401 3185 2502 3238 boe
2554 3184 2767 3238 Eusebii
2819 3185 3181 3253 fragmentum
3248 3185 3471 3255 syllabis
3522 3186 3743 3237 totidem

2185 3274 2437 3343 reperiet.
2463 3275 2582 3328 Dixi
2616 3274 2831 3343 sa‘pius,
2860 3290 2961 3330 nec
2990 3277 3169 3329 dicere
3195 3276 3458 3341 desinam,
3490 3290 3579 3329 me
3612 3277 3742 3330 mihi

2184 3368 2512 3437 persuadere
2540 3384 2647 3421 non
2676 3383 2834 3436 posse
2860 3369 3128 3423 hominem
3156 3368 3569 3423 disertissimum
3601 3382 3746 3422 eum-

2183 3462 2413 3531 demque
2461 3462 2887 3529 copiosissimum
2946 3461 3202 3517 Basilium
3268 3460 3485 3530 graeculi
3545 3462 3741 3518 malam

2180 3560 2351 3606 artem
2376 3551 2638 3604 imitatum
2668 3565 2809 3605 esse.
2848 3550 2984 3617 Quid
3024 3552 3166 3606 enim
3198 3552 3461 3607 attinebat
3487 3551 3739 3608 Basilium

2181 3645 2403 3698 induere
2418 3659 2475 3698 se
2494 3643 2681 3713 pennis
2708 3642 2914 3708 alienis,
2937 3644 3028 3713 qui
3054 3645 3165 3698 suis
3186 3644 3354 3714 magis
3371 3659 3531 3713 quam
3553 3646 3740 3700 ascitis

2180 3732 2534 3787 decorabatur
2549 3733 2572 3783 ?
2587 3732 2831 3786 Potuisse
2848 3732 3099 3786 Basilium
3119 3734 3185 3788 ab
3201 3734 3425 3788 Eusebio
3443 3734 3741 3789 sententias

2178 3822 2435 3892 quasdam
2492 3823 2762 3885 mutuari,
2818 3838 2950 3892 quas
2988 3823 3221 3891 politiori
3273 3823 3487 3880 dicendi
3542 3839 3739 3895 genere

2178 3928 2302 3968 suas
2326 3912 2559 3979 fecisset,
2590 3928 2696 3967 non
2732 3913 2885 3968 ierim
2918 3915 3154 3971 inﬁcias:
3174 3918 3265 3971 sed
3298 3929 3420 3968 eum
3447 3914 3515 3970 ab
3547 3917 3734 3973 eodem

2179 4002 2388 4074 longam
2424 4006 2710 4059 verborum
2745 4007 2939 4061 seriem
2971 4009 3283 4076 sumpsisse,
3320 4015 3378 4059 ut
3409 4009 3624 4063 credam
3648 4008 3735 4061 vis

2177 4096 2436 4160 adducar;
2463 4096 2760 4166 praesertim
2780 4111 2899 4151 cum
2920 4098 3036 4151 sine
3055 4097 3219 4151 multo
3239 4096 3420 4153 labore
3438 4099 3736 4167 elegantio-

2177 4202 2235 4239 ra
2274 4188 2521 4242 dixisset.
2579 4185 2853 4241 Librarios
2882 4188 3046 4257 igitur
3068 4201 3130 4240 ea
3162 4188 3214 4241 in
3247 4203 3303 4243 re
3322 4189 3456 4242 male
3472 4187 3735 4245 olliciosos

2176 4277 2289 4330 haec
2310 4277 2590 4330 Basilianis
2617 4279 2938 4331 annexuisse
2966 4278 3219 4333 arbitror.
3236 4278 3406 4349 Legas
3440 4279 3599 4335 velim
3630 4299 3732 4336 nu-

2177 4382 2381 4421 merum
2410 4367 2495 4431 35,
2519 4367 2570 4421 in
2592 4382 2699 4437 quo
2723 4382 2839 4422 eam
2866 4368 2916 4422 in
2949 4372 3268 4424 sententiam
3293 4369 3456 4424 multa
3476 4386 3573 4441 pro
3593 4374 3731 4429 virili

2174 4458 2581 4527 disputavimus.

2245 4545 2334 4600 58.
2360 4548 2631 4603 Orationis
2664 4549 2781 4617 ejus
2811 4563 2914 4617 qua
2951 4548 3189 4617 psalmus
3237 4552 3563 4609 centesimus
3587 4554 3734 4609 deci-

2175 4654 2294 4693 mus
2331 4650 2557 4707 quartus
2592 4640 2642 4692 in
2699 4639 2985 4693 Basilianis
3018 4640 3343 4698 editionibus
3388 4646 3729 4715 explanatur,

2173 4728 2522 4799 reperiuntur
2570 4729 2784 4797 quidem
2842 4729 3136 4800 fragmenta
3172 4734 3223 4787 in
3267 4734 3592 4791 Corderiana
3641 4750 3730 4788 ca-

2168 4830 2312 4888 tena,
2340 4822 2434 4877 sed
2460 4821 2675 4876 nomine
2695 4821 3046 4886 diversorum,
3074 4839 3179 4877 non
3212 4823 3417 4877 Basilii.
3441 4826 3558 4879 Alia
3584 4823 3727 4877 enim

2170 4913 2486 4968 tribuuntur
2544 4914 2789 4987 Didymo,
2841 4916 2945 4967 alia
3003 4914 3410 4982 Cbrysostomo,
3445 4914 3729 4969 Theodoro

2169 5002 2294 5067 alia,
2331 5004 2433 5057 alia
2457 5006 2755 5076 Anonymo.
2790 5004 2893 5057 Sed
2929 5003 3077 5057 locus
3106 5002 3194 5057 ille
3226 5004 3315 5073 qui
3350 5019 3411 5057 ea
3444 5004 3495 5054 in
3535 5011 3725 5058 catena

2168 5094 2379 5148 cuidam
2405 5095 2557 5149 alteri
2588 5096 2865 5155 tribuitur,
2896 5109 2998 5147 non
3018 5094 3069 5147 in
3105 5111 3211 5150 uno
3232 5096 3449 5155 Basilio,
3473 5095 3565 5147 sed
3596 5107 3650 5150 et
3672 5100 3722 5149 in

2166 5184 2395 5240 Eusebio
2426 5200 2637 5255 quoque
2669 5162 2952 5253 reperitbr.
2984 5186 3096 5243 Utri
3134 5196 3310 5239 autem
3342 5182 3723 5251 adjudicandus

2166 5279 2258 5341 sit,
2319 5295 2382 5331 ex
2413 5278 2554 5347 stylo
2590 5275 2744 5331 facile
2775 5281 3019 5348 cognosci
3072 5286 3265 5347 potest.
3298 5274 3427 5331 Nam
3458 5279 3728 5346 fragmen-

2176 5380 2286 5421 lnm
2324 5368 2451 5420 illud
2485 5368 2768 5422 dictionem
2802 5370 3155 5424 Ensebianam
3207 5381 3371 5435 usque
3405 5373 3537 5423 adeo
3572 5369 3724 5421 redo-

2166 5459 2259 5523 let,
2304 5468 2381 5519 ut,
2432 5460 2519 5525 qui
2565 5463 2882 5531 decipiatur,
2936 5472 3114 5527 putem
3140 5458 3254 5515 fore
3285 5464 3572 5517 neminem.
3609 5461 3721 5526 Qua

2168 5557 2231 5603 de
2262 5564 2317 5602 re
2346 5561 2400 5604 ut
2427 5568 2519 5621 per
2542 5570 2598 5608 se
2631 5558 2859 5623 quisque
2902 5556 3070 5623 possit
3098 5554 3360 5622 judicare,
3397 5554 3556 5607 verba
3606 5555 3717 5623 ipsa

2168 5644 2451 5700 ascribam.
2499 5650 2631 5703 St-nt
2662 5658 2838 5702 autem
2875 5648 2986 5704 hanc
3015 5667 3029 5704 :
3068 5652 3123 5703 Ὀ
3151 5650 3349 5719 κόσμος
3375 5642 3525 5709 οὗτος
3561 5648 3719 5710 αὐτὸς
