4040 6448
1403 394 1463 449 D.
1505 392 1651 448 JUL.
1690 381 2013 445 GABNERII
2055 373 2442 433 PRx-EFATlO.

3392 383 3518 423 CCIII

264 526 320 572 τὲ
373 518 489 569 ἐστι
526 514 739 584 θνητὸς,
796 513 888 565 καὶ
946 512 1144 580 χωρίον
1192 508 1642 577 ἀποθνησκόντων
1676 504 1834 559 ἐστίν.

1952 498 2115 552 David
2152 515 2163 549 :
2204 515 2220 545 ι
2255 505 2496 563 ereptam
2520 505 2640 545 esse
2669 490 2905 543 animam
2937 501 3085 542 suam
3111 500 3140 538 a
3166 492 3359 549 morte,
3388 501 3515 537 oru—

278 604 499 675 Ἐπειδὴ
533 604 641 673 γὰρ
690 601 937 663 σύνθετός
974 600 1088 651 ἐστι
1135 599 1241 650 τῶν
1274 600 1567 668 ὁρωμένων
1597 599 1629 666 ἡ
1655 596 1839 649 σύστα-

268 712 372 759 σες,
400 696 462 748 τὸ
494 695 549 747 δὲ
576 693 823 746 σύνθετον
866 690 1011 744 ἅπαν
1035 687 1339 743 διαλύεσθαι
1385 689 1645 756 πέφυκεν,
1680 690 1735 741 ὲν
1763 685 1840 755 τῷ

266 789 460 857 κόσμῳ
502 786 673 849 ὄντες,
721 784 887 854 μέρος
934 784 1086 844 ὄντες
1129 778 1221 832 τοῦ
1272 779 1499 849 κόσμου,
1531 776 1839 847 ἀναγκαίως

263 878 368 946 τῆς
418 875 513 929 τοῦ
564 874 762 937 παντὸς
796 875 1011 942 φύσεως
1045 868 1408 938 ἀπολαύομεν.
1458 870 1605 922 Ἐκεῖ
1654 868 1708 921 δὲ
1741 868 1840 920 οὐκ

262 968 413 1019 ἔστιν
454 966 764 1029 ἀλλοίωσις,
806 964 927 1017 οὔτε
974 963 1241 1032 σώματος,
1299 961 1421 1014 οὔτε
1464 961 1641 1031 ψυχῆς
1704 958 1837 1011 Οὐδὲ

262 1059 372 1127 γάρ
398 1058 515 1109 ἐστι
546 1055 807 1125 λογισμοῦ
852 1054 1199 1125 παρατροπὴ,
1229 1053 1349 1106 οὐδὲ
1387 1052 1672 1124 μετάθεσις
1700 1049 1839 1118 γνώ-

268 1165 399 1217 μης,
431 1147 690 1217 οὐδεμιᾶς
716 1145 1087 1217 περιστάσεως
1113 1146 1175 1197 τὸ
1203 1146 1462 1209 εὐσταθὲς
1512 1143 1605 1196 καὶ
1643 1143 1840 1214 ἀτάραυ

260 1255 357 1309 χον
388 1237 496 1290 τῶν
523 1237 795 1309 λογισμῶν
823 1237 1248 1308 ἀφαιρουμένης.
1283 1238 1448 1308 Χώρα
1476 1235 1619 1289 ἐστὶν
1654 1234 1836 1305 ἐκείνη

260 1326 371 1381 τῶν
399 1327 478 1381 ἔτι
511 1328 745 1393 ζώντων,
782 1329 839 1379 ἐν
936 1327 1168 1397 μάλιστα
1194 1329 1574 1399 εὐαρεστήσειν
1611 1326 1688 1396 τῷ
1720 1326 1839 1397 Θεῷ

263 1422 293 1474 ὁ
323 1422 613 1491 προφήτης
641 1417 1161 1485 κατεπαγγέλλεται,
1185 1418 1260 1481 ώς
1284 1417 1373 1470 ὑπ’
1389 1417 1603 1479 οὐδενὸς
1630 1415 1837 1486 μέλλων

260 1513 371 1565 τῶν
404 1512 602 1576 ἔξωθεν
649 1509 1035 1562 διακόπτεσθαι
1073 1509 1306 1576 ζώντων.
1360 1508 1570 1578 Ἐκείνη
1600 1506 1752 1579 χώρα
1780 1509 1838 1559 ἐν

259 1598 293 1679 ᾖ
326 1606 427 1659 οὐκ
448 1604 527 1655 ἔνι
556 1600 672 1669 νὺξ,
702 1604 802 1656 οὒκ
828 1604 905 1656 ἔνι
938 1602 1104 1665 ὕπνος
1122 1603 1181 1655 τὸ
1206 1600 1295 1653 τοῦ
1325 1601 1553 1654 θανάτου
1590 1600 1835 1670 μίμημα,

257 1695 360 1747 οὐκ
387 1692 466 1745 ἔνι
499 1691 719 1763 βρῶσις,
749 1694 847 1746 οὐκ
873 1693 951 1747 ἔνι
978 1694 1131 1754 πόσις
1151 1690 1216 1743 τὰ
1248 1694 1346 1762 τῆς
1369 1690 1649 1753 ἀσθενείας
1680 1689 1837 1759 ἡμῶν

260 1785 663 1855 ὑπερείσματα,
690 1785 749 1838 οὑ
795 1785 903 1838 τῶν
930 1783 1124 1850 ἔξωθέν
1157 1800 1208 1835 τι
1239 1784 1665 1855 περιστατικῶνο
1702 1781 1837 1833 ἀλλὰ

259 1874 415 1946 χώρα
464 1874 716 1939 ζώντων,
770 1878 870 1929 οὐκ
912 1874 1364 1942 ἀποθνησκόντων
1393 1873 1478 1925 διὰ
1524 1873 1623 1942 τῆς
1662 1874 1833 1943 ἁμαρ-

256 1964 400 2030 τίας,
440 1964 575 2017 ἀλλά
603 1964 816 2029 ζώντων
840 1966 936 2034 τὴν
967 1962 1217 2033 ἀληθινὴν
1248 1963 1391 2033 ζωὴν
1414 1962 1509 2033 τὴν
1537 1964 1593 2014 ὲν
1616 1963 1832 2033 Χριστῴ

272 2055 474 2127 Ἰησοῦ.
504 2076 522 2108 ι
559 2056 655 2112 llic
688 2058 916 2110 mundus
944 2070 1067 2108 vere
1110 2064 1164 2107 et
1194 2055 1305 2123 ipse
1334 2054 1597 2118 mortalis,
1637 2064 1691 2107 ct
1722 2070 1833 2107 mo-

258 2153 513 2206 rientium
546 2152 692 2206 locus
713 2159 813 2205 est.
859 2150 992 2215 Quia
1016 2150 1157 2203 enim
1185 2165 1363 2204 rerum
1397 2150 1684 2204 visibilium
1708 2166 1833 2204 con-

260 2244 474 2297 stitutio
501 2243 793 2309 composita
822 2251 926 2306 est,
959 2257 1119 2296 omne
1150 2257 1276 2297 vero
1303 2245 1666 2313 compositum
1722 2243 1833 2297 sol-

265 2337 447 2397 vitur;
481 2350 603 2388 cum
656 2335 709 2386 in
749 2333 951 2387 mundo
983 2343 1036 2387 et
1067 2348 1194 2404 pars
1247 2335 1428 2388 mundi
1483 2336 1675 2397 simus,
1740 2349 1831 2387 ne-

262 2425 511 2479 cessario
556 2433 762 2479 natum
796 2427 1030 2479 universi
1061 2436 1339 2480 consortes
1385 2442 1606 2491 sumus;
1640 2435 1693 2478 at
1725 2426 1832 2480 illic

262 2532 370 2569 non
426 2526 509 2570 est
558 2516 860 2571 immutatio
898 2517 977 2569 vel
1013 2517 1258 2585 corporis
1289 2517 1371 2571 vel
1404 2518 1617 2571 animm.
1647 2516 1833 2587 Neque

258 2606 404 2659 cnim
455 2614 539 2661 est
585 2608 930 2676 c03itationis
978 2608 1271 2673 aberratio,
1321 2624 1495 2678 neque
1549 2609 1833 2664 sententia:

267 2698 516 2759 variatio.
556 2714 675 2752 cum
710 2699 849 2752 nulla
878 2699 1157 2754 calamitas
1188 2709 1431 2765 pacatum
1461 2701 1833 2768 tranquillum-

266 2799 371 2852 que
411 2784 798 2852 cogitationum
848 2788 1092 2839 ordinem
1141 2786 1370 2839 auferat.
1410 2788 1505 2841 llla
1564 2789 1689 2841 item
1749 2800 1832 2842 est

261 2874 411 2942 regio
462 2875 780 2939 viventium,
827 2876 915 2930 ubi
950 2891 1008 2931 se
1059 2877 1294 2931 maxime
1349 2877 1456 2930 Deo
1511 2878 1831 2948 placiturum

263 2963 535 3035 Propheta
574 2966 933 3036 praenuntiat;
981 2978 1038 3022 ut
1088 2968 1235 3037 quia
1287 2970 1435 3024 nullo
1473 2981 1733 3025 extraneo
1766 2988 1831 3028 ex

264 3071 495 3112 numero
526 3058 822 3115 viventium
857 3060 1252 3117 abscindendus
1287 3064 1376 3118 sit.
1427 3062 1515 3116 Illa
1551 3064 1698 3134 regio
1728 3076 1831 3129 est,

263 3151 315 3202 in
349 3164 453 3220 qua
495 3166 670 3219 neque
706 3168 835 3216 nox,
877 3168 1053 3222 neque
1096 3169 1341 3217 somnus,
1393 3157 1582 3209 mortis
1634 3157 1830 3223 imago,

1943 590 2021 644 los
2053 604 2227 643 suosa
2261 585 2536 654 lacrymis,
2567 583 2728 651 pedes
2758 581 2989 648 denique
3019 593 3190 632 suosa
3221 577 3371 645 lapsu
3410 574 3510 640 δες»

1941 698 2060 750 qua:
2093 679 2299 746 singula
2329 676 2564 730 breviter
2592 673 2805 742 quidem
2837 681 2893 725 ιιι
2922 671 3155 738 reliquos
3173 669 3361 736 psalmi
3390 683 3517 721 ver-

1948 774 2170 836 siculos,
2216 770 2313 824 sed
2364 778 2487 837 apte
2546 765 2838 833 explicarat
2893 762 3147 815 Basilius.
3186 761 3319 827 Quid
3352 761 3517 829 igitur

1938 877 2073 931 opus
2101 862 2201 913 fuit
2243 859 2410 911 multa
2439 853 2655 911 ellutire
2683 856 2749 907 ad
2781 851 3159 919 explicandum
3192 863 3406 903 versum
3461 848 3517 900 il-

1941 956 2071 1019 lum,
2110 952 2336 1004 l’lucebo
2376 950 2602 1003 Domino
2645 948 2699 1000 in
2728 946 2933 1015 regione
2980 944 3214 995 vivorum
3247 942 3312 1006 δ’,
3349 956 3509 1009 quem

1939 1058 2127 1114 utpote
2151 1042 2577 1096 valetudinarius
2600 1050 2651 1093 et
2680 1037 2882 1109 alioqui
2921 1034 3243 1104 defatigatus
3268 1033 3511 1088 consulto

1938 1137 2240 1193 omiserat?
2291 1135 2424 1190 Nam
2488 1132 2906 1204 przetermissam
2955 1143 3073 1183 esse
3124 1128 3190 1181 de
3250 1125 3512 1180 industria

1940 1231 2373 1302 evplanationem
2398 1231 2691 1283 verborum
2735 1224 2969 1287 illorum,
3000 1218 3231 1273 Placebo
3262 1217 3507 1277 Domino.

1940 1337 2072 1387 ete,
2106 1323 2249 1378 hami
2286 1320 2447 1375 dubio
2494 1318 2696 1372 indicio
2732 1324 2817 1371 est
2843 1314 2972 1368 illud
2995 1354 3009 1378 ,
3044 1311 3181 1382 quod
3213 1324 3301 1374 ea,
3336 1320 3395 1362 ut
3422 1325 3510 1363 so—

1942 1417 2096 1480 leret,
2127 1416 2269 1469 inter
2298 1411 2725 1467 concionandum
2759 1422 2864 1461 non
2895 1406 3157 1461 recitarit.
3186 1401 3387 1469 Quarta
3418 1402 3512 1455 de-

1942 1513 2104 1581 nique
2133 1509 2454 1578 suspicionis
2483 1519 2644 1561 causa
2671 1512 2777 1569 est,
2803 1501 2947 1571 quod
2970 1497 3266 1553 verisimile
3290 1513 3393 1551 non
3418 1494 3514 1549 fiat

1942 1604 2213 1657 hominem
2272 1600 2390 1671 puri
2446 1598 2711 1654 sermonis
2746 1592 3200 1651 studiosissimum
3235 1588 3514 1643 vocabulis

1942 1693 2250 1764 impropriis
2310 1704 2365 1746 et
2418 1695 2485 1745 ab
2542 1706 2638 1744 usu
2687 1686 2940 1758 loquendi
3009 1684 3259 1754 politiore
3313 1682 3515 1735 abhor-

1945 1787 2184 1841 rentibus
2214 1799 2371 1838 usum
2396 1798 2539 1838 esse.
2567 1783 2700 1849 Quis
2722 1780 2865 1836 enim
2919 1778 3076 1832 facile
3115 1776 3299 1830 credat
3346 1786 3509 1826 voca-

1869 1858 1909 1915 B
1943 1882 2146 1942 Indum,
2174 1877 2441 1948 ἀποϐολή,
2472 1892 2501 1930 a
2529 1874 2730 1929 Basilio
2758 1872 3058 1927 adhibitum
3103 1884 3223 1923 esse
3255 1869 3321 1920 ad
3344 1864 3536 1934 signi-~

1945 1972 2212 2027 ficandum
2249 1969 2492 2025 dentium
2518 1979 2719 2027 ortum,
2758 1980 2879 2020 cum
2921 1973 3097 2018 tamen
3130 1976 3224 2029 per
3246 1975 3307 2013 se
3340 1956 3533 2028 signi-

1942 2065 2065 2119 licet
2094 2063 2270 2132 potius
2302 2074 2488 2114 eorum
2529 2059 2708 2126 lapsus
2735 2066 2896 2123 atque
2931 2054 3197 2122 iacturam
3218 2051 3241 2104 ?
3263 2051 3539 2104 Arbitror-

1940 2155 2197 2209 Basilium
2222 2154 2325 2206 hoc
2350 2153 2401 2204 in
2430 2151 2545 2204 loco
2562 2147 2797 2221 προϐολή
2816 2162 2917 2199 non
2936 2144 3171 2213 ἀποϐολή
3186 2142 3509 2209 scripturum

1942 2248 2127 2301 fuisse.
2184 2246 2320 2311 Quid
2377 2243 2519 2313 quod
2574 2242 2796 2296 verbum
2850 2240 2927 2290 ἒνι
2968 2238 3168 2305 ειερίιιε
3221 2235 3272 2288 in
3323 2233 3508 2287 eadem

1938 2339 2161 2409 periodo
2196 2336 2485 2404 repetitum
2524 2334 2772 2405 legimus,
2807 2330 2951 2402 quod
2991 2341 3166 2384 tamen
3202 2326 3421 2381 difﬁcile
3444 2325 3513 2379 sit

1943 2434 1994 2485 in
2024 2430 2206 2482 Basilii
2242 2428 2497 2496 Operibus
2528 2444 2633 2480 non
2673 2426 3038 2479 controversis
3086 2422 3253 2478 semel
3297 2429 3390 2473 aut
3429 2420 3514 2473 bis

1942 2520 2219 2591 reperire?
2251 2518 2483 2572 Tantine
2515 2518 2749 2572 faciebat
2784 2516 3074 2569 Eusebium
3132 2512 3363 2567 Basilius
3387 2550 3402 2574 ,
3456 2520 3515 2563 ιιι

1942 2626 2063 2664 cum
2101 2618 2284 2681 posset
2321 2608 2435 2678 ipse
2466 2608 2533 2663 de
2581 2622 2679 2660 suo
2715 2608 2934 2660 meliora
2967 2604 3229 2674 proferre,
3262 2602 3513 2656 maluerit

1944 2712 2120 2755 tamen
2154 2700 2473 2755 Eusebianis
2494 2698 2606 2753 uti?
2636 2697 2750 2751 Non
2774 2697 2959 2751 dubito
2987 2694 3148 2765 igitur
3181 2693 3307 2759 quin
3338 2700 3508 2746 totum

1942 2793 2091 2857 illud,
2126 2794 2152 2844 6
2179 2794 2381 2860 κόσμος
2409 2786 2561 2852 οὗτος
2590 2792 2751 2851 αὐτός
2784 2789 2841 2841 τέ
2878 2790 2994 2839 ἐστι
3030 2785 3243 2857 θνητός,
3272 2797 3405 2850 etc.,
3444 2784 3511 2838 ad

1941 2883 2100 2936 tinent
2131 2897 2320 2951 usque,
2354 2882 2594 2935 additum
2621 2880 2692 2933 sit
2723 2894 2753 2931 a
2784 2877 3021 2932 librariis
3051 2877 3147 2946 (ὁ),
3181 2876 3272 2946 qui
3310 2886 3367 2929 ut
3390 2892 3513 2929 ora-

1942 2975 2144 3029 tionem
2186 2972 2370 3026 Basilii
2425 2972 2597 3042 pluris
2642 2971 2955 3034 venderent,
2982 2984 3103 3024 eam
3146 2968 3509 3036 ampliandam

1942 3077 2063 3117 esse
2090 3070 2437 3116 censuerunt.
2472 3058 2763 3114 Timebant
2796 3060 2939 3112 enim
2970 3073 3059 3124 ne,
3108 3059 3152 3112 si
3197 3056 3510 3126 imperfecta

1942 3156 2213 3208 videretur
2236 3162 2288 3207 et
2311 3168 2519 3215 manca,
2554 3151 2777 3206 minoris
2804 3150 3167 3205 aestimaretur
3196 3149 3265 3202 ab
3296 3159 3507 3217 empto-

264 3217 439 3308 neque
469 3217 644 3305 cibus,
674 3257 847 3311 neque
872 3217 1053 3311 potus,
1086 3244 1414 3300 infirmitatis
1456 3254 1652 3299 nostrae
1680 3217 1832 3300 falcis
1864 3217 1905 3272 ε
1942 3243 2112 3296 ribus.
2141 3242 2288 3296 Sane
2318 3258 2422 3297 non
2448 3257 2668 3311 parvam
2697 3241 2921 3310 gratiam
2941 3237 3179 3294 librariis
3206 3236 3507 3291 habendam

260 3340 469 3394 menta,
501 3346 600 3386 nec
630 3333 901 3405 quidpiam
958 3350 1143 3389 eorum
1176 3351 1296 3404 qua:
1328 3338 1667 3393 extrinsecus
1718 3355 1833 3394 mo-

268 3422 486 3477 lestiam
517 3437 741 3492 creant;
779 3427 868 3481 sed
907 3427 1052 3496 regio
1086 3428 1401 3493 viventium,
1436 3446 1534 3483 nec
1588 3445 1682 3497 per
1708 3446 1825 3498 pec-

261 3523 445 3566 catum
478 3516 845 3579 morientium,
873 3527 1069 3570 atvera
1090 3518 1196 3571 vita
1222 3519 1510 3572 viventium
1542 3520 1592 3572 in
1624 3520 1835 3573 Christo

260 3600 409 3658 Jesu.
453 3623 472 3654 ι
514 3604 670 3657 Plura
714 3606 930 3673 quidem
978 3610 1325 3675 reperiuntur
1359 3611 1410 3662 in
1456 3609 1691 3673 Basilio;
1738 3612 1834 3665 sed

263 3696 394 3763 quin
418 3696 753 3751 restituenda
782 3697 890 3751 sint
928 3698 1039 3752 bmc
1069 3699 1183 3769 ipsa
1214 3700 1419 3755 auctori
1454 3716 1550 3756 suo
1579 3701 1835 3768 Eusebio,

266 3789 550 3842 dubitandi
593 3789 743 3845 locus
774 3805 895 3847 esse
933 3793 1016 3845 vix
1053 3801 1245 3863 potest.
1281 3793 1414 3848 Nam
1444 3797 1632 3851 deesse
1670 3798 1834 3851 multa

265 3880 317 3933 in
363 3882 758 3937 commentario
798 3898 863 3938 eo
911 3899 1070 3953 quem
1115 3886 1167 3938 in
1223 3886 1359 3938 hunc
1400 3888 1662 3954 psalmum
1704 3904 1834 3942 con-

264 3970 485 4040 scripsit
527 3972 809 4037 Eusebius,
855 3975 937 4024 vel
982 3989 1047 4027 ex
1090 3976 1200 4027 sola
1254 3977 1625 4029 commentarii
1660 3980 1836 4032 brevi-

271 4072 384 4115 tate
431 4075 592 4134 patet.
644 4064 763 4119 Jam
808 4066 935 4134 qttid
962 4068 1027 4118 de
1076 4067 1179 4121 hoc
1228 4067 1529 4137 fragmento
1582 4070 1833 4134 sentiam,

264 4160 453 4226 paucis
515 4159 821 4211 dicendum.
902 4159 1154 4213 Arbitror
1228 4164 1455 4216 ascitum
1531 4164 1583 4218 id
1667 4180 1833 4231 esse,

264 4259 319 4301 et
352 4248 455 4301 huc
488 4262 551 4301 ex
580 4248 899 4305 Eusebianis
934 4251 1115 4320 iniqua
1136 4267 1293 4305 manu
1316 4267 1675 4323 exportatum.
1702 4257 1835 4313 Cum

268 4347 448 4394 autem
478 4340 577 4395 hoc
606 4343 912 4411 auspicandi
944 4344 1077 4397 mihi
1107 4344 1217 4398 sint
1249 4360 1426 4399 causa:
1460 4348 1643 4402 multa:
1663 4389 1678 4413 ,
1728 4360 1838 4404 tres

270 4440 478 4485 tantum
505 4442 595 4485 aut
624 4442 859 4503 quatuor
882 4434 1172 4502 proferam.
1218 4437 1395 4494 Prima
1436 4448 1540 4497 est,
1568 4443 1710 4506 quod
1735 4439 1837 4493 Ba-

267 4523 419 4572 r-ilins
461 4524 652 4577 itinere
682 4532 736 4577 et
779 4525 965 4579 labore
992 4524 1339 4594 defatigatus,
1375 4529 1651 4595 brevitati,
1680 4539 1737 4581 ιιι
1769 4546 1834 4584 cx

268 4608 380 4675 ipsa
406 4607 592 4674 psalmi
618 4611 997 4676 explanatiOne
1020 4624 1250 4677 constat,
1280 4618 1519 4671 studeret
1541 4633 1696 4687 quam
1726 4636 1836 4673 ina-

267 4698 445 4765 xime;
478 4714 575 4754 nec
604 4702 829 4769 proinde
870 4706 1062 4757 mirum
1092 4706 1258 4761 videri
1292 4708 1504 4775 debeat,
1534 4711 1578 4765 si
1606 4710 1837 4768 Basilius

269 4798 323 4839 ut
353 4790 489 4843 alias
530 4791 643 4860 (α),
681 4800 736 4846 ct
774 4794 861 4847 hic
907 4810 1119 4863 quoque
1161 4799 1423 4866 psalmum
1472 4816 1575 4854 non
1616 4801 1836 4859 omnino

268 4882 602 4947 exposuerit.
633 4884 837 4947 Altera,
863 4886 1005 4955 quod
1041 4898 1328 4957 postquam
1365 4890 1598 4959 scriptor
1620 4907 1832 4947 omnem

268 4969 547 5023 hominum
578 4972 739 5025 vitam
774 4975 945 5029 tribus
988 4989 1250 5029 annorum
1294 4979 1715 5035 hebdomadibus
1740 4982 1834 5034 de-

270 5060 463 5125 ﬁnivit,
504 5062 872 5128 nihilominus,
929 5082 1111 5121 secum
1152 5066 1264 5134 ipse
1313 5085 1419 5122 non
1467 5071 1833 5137 consentiens,

272 5154 457 5204 eodem
491 5153 544 5205 in
584 5153 702 5207 loco
732 5155 972 5224 quinque
1005 5168 1303 5225 recenseat,
1336 5171 1543 5231 tempus
1572 5162 1836 5217 detentio-

270 5242 370 5304 nis,
388 5246 843 5300 acconnnodatam
863 5248 928 5300 ad
944 5249 1253 5319 disciplinas
1273 5253 1588 5307 ediscendas
1601 5263 1836 5319 aetatem,

269 5348 437 5386 annos
473 5336 755 5404 epltcbios,
785 5349 981 5395 statum
1006 5344 1237 5407 virilem,
1258 5356 1609 5399 senectutem.
1634 5346 1834 5411 Tertia,

270 5426 410 5493 quod
444 5433 652 5480 tantum
702 5432 852 5485 abest
886 5441 944 5487 ut
976 5432 1091 5486 haec
1141 5435 1280 5489 inter
1308 5450 1365 5488 se
1400 5438 1703 5490 colunreant
1732 5475 1747 5499 ,
1782 5446 1839 5491 ιιι

272 5516 451 5585 potius
500 5518 805 5576 redundare
840 5533 1026 5592 aperte
1072 5526 1374 5580 videantur.
1422 5524 1544 5579 Tria
1580 5527 1720 5581 enim
1763 5526 1836 5581 ait

888 5711 929 5741 "
963 5710 1088 5765 ibid.
1120 5710 1171 5762 9.

340 5828 413 5897 (α)
443 5826 568 5883 Vide
602 5827 847 5883 bomilias
877 5828 927 5881 in
962 5825 1104 5884 ΓιηΙ.
1134 5846 1144 5883 I
1171 5842 1214 5883 rt
1246 5845 1352 5885 ιιι.

339 5710 383 5741 ⁸⁸
409 5711 550 5765 Psal.
575 5725 721 5775 εχιτ,
755 5710 808 5764 8.

1941 3349 2063 3389 esse
2097 3342 2249 3403 puto,
2280 3333 2370 3401 qui
2402 3332 2674 3386 orationes
2690 3333 2825 3386 alias
2845 3332 2897 3384 in
2928 3330 3061 3385 alios
3090 3329 3345 3398 psalmos,
3377 3343 3510 3397 quo-

1942 3445 2058 3481 rum
2099 3441 2312 3495 quoque
2362 3440 2466 3481 non
2516 3423 2711 3493 singuli
2740 3438 2929 3477 versus
2959 3422 3317 3490 explicantur,
3350 3421 3506 3474 nobis

1939 3520 2167 3573 intactas
2192 3518 2527 3589 reliquerint.

2014 3610 2103 3667 '59.
2139 3610 2279 3665 Inter
2302 3611 2537 3681 psalmos
2564 3624 2699 3681 quos
2742 3616 2835 3661 aut
2879 3606 3189 3678 explanavit
3234 3606 3465 3664 Basilius
3491 3649 3505 3673 ,

1940 3716 2031 3759 aut
2058 3704 2379 3773 explanasse
2408 3714 2643 3773 putatur,
2681 3704 2870 3758 ultimo
2898 3703 3017 3759 loco
3052 3704 3316 3772 reperitur
3340 3717 3507 3755 enar-

1940 3797 2079 3849 ratio
2112 3795 2353 3862 quaadatn
2412 3794 2464 3844 in
2514 3793 2776 3860 psalmum
2829 3794 3183 3847 centesimum
3235 3792 3503 3845 decimum

1942 3888 2210 3953 qninttnn.
2248 3883 2353 3937 Sed
2386 3882 2689 3954 fragmenta
2719 3884 2898 3937 omnia
2934 3899 3052 3951 qua:
3093 3898 3156 3937 ex
3196 3882 3298 3937 hac
3333 3884 3502 3938 inter-

1939 3977 2235 4044 pretatione
2272 3976 2323 4029 in
2356 3975 2599 4030 Corderii
2648 3987 2837 4032 catena
2881 3978 3135 4042 citantur,
3167 3992 3320 4046 atque
3351 3992 3412 4031 ac
3453 3978 3505 4029 in

1940 4067 2206 4135 superiori
2236 4067 2464 4136 psalmo,
2491 4068 2722 4123 diversis
2748 4069 3125 4138 scriptoribus,
3167 4085 3271 4121 non
3304 4067 3507 4123 Basilio

1940 4160 2276 4213 tribuuntur.
2312 4160 2398 4222 Et,
2450 4169 2508 4212 ut
2548 4175 2732 4212 verum
2782 4160 2973 4223 fatear,
3029 4159 3252 4212 inclinat
3291 4159 3507 4213 animus

1941 4260 2000 4303 ut
2039 4251 2178 4304 hanc
2208 4250 2611 4303 enarrationem
2658 4251 2707 4301 in
2740 4251 2940 4317 spuriis
2982 4259 3145 4321 atque
3189 4253 3510 4307 adulterinis

1938 4354 2155 4408 ponam.
2194 4338 2349 4404 Nam,
2401 4350 2458 4393 ut
2509 4340 2725 4393 interim
2757 4342 2823 4393 de
2854 4342 3068 4396 catteris
3110 4352 3340 4407 taceam,
3379 4344 3509 4411 quid

1939 4430 2040 4482 sibi
2084 4429 2197 4481 vult
2229 4430 2394 4484 illud:
2435 4431 2572 4482 Ἀλλ’
2604 4429 2710 4482 εἴθε
2756 4433 2922 4502 κάμοὶ
2975 4435 3181 4502 γένοιτο
3222 4434 3509 4489 πιστεῦσαι.

1941 4519 2127 4583 ἀξίως.
2160 4522 2246 4574 ἵνα
2261 4522 2475 4591 λαλήσω
2511 4521 2603 4573 νῦν
2640 4526 2705 4595 τῇ
2751 4524 3150 4595 Ἐκκλησίατοῦ
3170 4525 3303 4578 Θεοῦ
3326 4529 3393 4598 τῇ
3424 4544 3511 4597 με·

1941 4612 2081 4684 γάλῃ
2116 4612 2286 4684 ταύτῃ
2314 4611 2471 4663 πέντε
2506 4612 2697 4681 λόγους
2731 4616 2788 4667 ὲν
2828 4616 2903 4685 τῷ
2934 4617 3015 4666 νοΐ
3045 4632 3169 4686 μου,
3200 4643 3216 4667 ι
3256 4618 3358 4669 Sed
3403 4618 3509 4670 uti-

1945 4721 2069 4759 nam
2109 4717 2162 4759 et
2194 4705 2325 4757 mihi
2362 4707 2643 4777 contingat
2677 4710 2836 4779 digne
2864 4709 3110 4774 credere,
3148 4720 3204 4763 ut
3233 4724 3373 4763 nunc
3396 4725 3513 4762 ma-

1944 4810 2062 4865 gum
2092 4794 2217 4847 huic
2246 4792 2338 4849 Dei
2368 4794 2629 4851 Ecclesiae
2657 4800 2821 4852 verba
2862 4800 3103 4869 quinque
3139 4802 3189 4852 in
3210 4815 3367 4854 sensu
3392 4815 3513 4855 meo

1942 4887 2137 4941 dicam.
2164 4904 2183 4935 ι
2202 4886 2362 4941 Certe
2381 4904 2483 4941 non
2505 4890 2776 4942 immerito
2804 4891 3044 4944 additum
3064 4900 3146 4943 est.
3172 4906 3200 4941 a
3228 4892 3511 4959 scriptore,

1946 4981 2037 5031 καὶ
2066 4978 2252 5047 μηδεὶς
2276 4981 2725 5050 καταχλευαζέτω
2740 4984 3020 5050 τὸνλόγον,
3054 5002 3071 5033 ι
3098 4980 3207 5038 Nec
3229 4987 3511 5051 quisquam

1946 5073 2088 5125 hunc
2118 5072 2339 5126 irrideat
2375 5089 2699 5128 sermonem.
2752 5094 2770 5125 ι
2803 5074 2938 5139 Quid
2964 5074 3107 5129 enim
3154 5085 3280 5127 tunc
3309 5074 3512 5129 factum

1945 5165 2035 5225 sit,
2072 5165 2255 5217 nescio
2286 5165 2528 5234 quidem,
2555 5166 2649 5219 sed
2678 5165 2844 5234 probe
2885 5167 2999 5219 scio
3035 5167 3310 5220 hominum
3344 5181 3514 5234 genus

1943 5268 2087 5307 nunc
2118 5253 2192 5307 ita
2218 5266 2591 5323 comparatum
2626 5270 2771 5320 esse,
2804 5266 2899 5320 ιιι,
2935 5259 2978 5310 si
3034 5257 3156 5325 quis
3200 5257 3361 5311 hodie
3408 5258 3511 5309 hoc

1944 5347 2083 5399 idem
2117 5349 2255 5401 inter
2280 5350 2711 5402 concionandum
2754 5350 2981 5413 diceret,
3015 5352 3157 5405 risus
3200 5366 3303 5403 non
3329 5350 3516 5417 paucis

1941 5439 2356 5505 exprimeretur.
2396 5442 2552 5496 Dicas
2584 5451 2885 5506 auctorem,
2930 5442 3240 5510 quicunque
3274 5442 3360 5495 ille
3388 5440 3513 5505 fuit,

1944 5530 2177 5584 vaticino
2198 5534 2428 5599 quodam
2457 5533 2637 5585 furore
2660 5535 3365 5597 concitatumexclamasse,
3400 5532 3513 5585 ἀλλ’

1996 5827 2068 5899 (b)
2093 5828 2231 5899 Lege
2262 5828 2403 5883 hom.
2436 5831 2489 5883 in
2515 5831 2772 5898 psalmum
2806 5833 2989 5898 t,ctin
3018 5848 3070 5901 p.
3104 5847 3138 5888 ll
3171 5848 3251 5902 ps.
3285 5847 3389 5885 xw.
