4040 6466
522 413 639 451 (των

1874 395 2406 454 PROLEGOMENA.

521 515 635 569 εἴθε
662 517 850 585 κάμοί,
882 527 983 571 ειε.
1018 518 1119 571 Sed
1160 534 1324 587 quam
1353 521 1588 575 alienum
1625 520 1698 575 sit
1728 521 1996 590 turgidum
2027 519 2088 573 il-
2116 521 2161 575 Α
2187 527 2270 573 est
2294 516 2549 571 Basilium
2590 518 2699 571 duo
2728 518 2842 572 haec
2881 518 3176 587 fragmenta
3214 518 3281 573 ab
3308 519 3537 575 Eusebio
3583 529 3759 577 muta-

525 606 614 661 lud
640 608 891 676 loquendi
924 624 1093 678 genus
1122 625 1151 663 a
1180 612 1362 665 Basilii
1383 612 1647 675 moribus,
1674 626 1852 676 nemo,
1885 611 1975 679 qui
2006 612 2085 664 vel

523 697 847 765 primoribus
875 697 1036 754 labris
1077 701 1373 755 naturalem
1411 702 1552 756 illam
1586 701 1866 756 Basilianaz
1898 701 2085 755 facun-

528 788 628 840 diae
649 787 1097 857 pulchritudinem
1133 795 1452 861 gustaverit,
1488 795 1718 863 ignorat.
1752 792 1863 848 Nec
1890 796 2085 848 desunt

527 880 631 932 alia
663 880 713 933 in
742 882 842 936 hac
879 885 1143 949 oratione,
1171 900 1288 954 qua:
1312 887 1549 952 phrasint
1578 884 1760 939 Basilii
1806 895 1863 940 et
1887 885 2085 956 stylum

526 971 701 1023 minus
736 974 970 1043 sapiant.
1006 973 1315 1044 Cujusmodi
1354 985 1477 1030 sunt
1507 977 1632 1032 illa:
1668 977 1732 1029 Ti
1759 978 2087 1045 ἀναγκαστι-

525 1059 853 1133 subrepam...
886 1066 1004 1118 οὐδὲ
1036 1066 1413 1139 ζυγομαχῆσαι
1440 1069 1501 1122 τὸ
1522 1069 1574 1120 τί
1610 1071 1746 1125 ἐστι.
1773 1068 1950 1123 Videri
1970 1071 2089 1138 qui-

525 1156 644 1209 dem
673 1165 898 1223 possunt
935 1159 1047 1210 haec
1089 1158 1287 1211 leviora
1326 1177 1338 1211 :
1386 1160 1476 1212 sed
1509 1159 1697 1225 multo,
1721 1160 1935 1227 opinor,
1967 1174 2090 1228 gra-

524 1248 641 1300 vius
671 1257 753 1300 est
776 1248 901 1301 illud
937 1266 950 1302 :
989 1249 1265 1311 Τουτέστι,
1294 1249 1459 1318 διψῶν
1477 1250 1567 1302 ἐπὶ
1592 1250 1688 1320 τὴν
1717 1248 1803 1301 διὰ
1825 1247 1920 1302 τοῦ
1947 1265 2088 1319 μαρ-

524 1339 709 1409 τυρίου
738 1339 1013 1393 τελείωσιν
1043 1340 1291 1411 ἔρχομαι,
1328 1360 1344 1391 ‹
1391 1343 1491 1394 hoc
1518 1351 1620 1405 est,
1645 1341 1832 1395 sitiens
1859 1343 1923 1394 ad
1950 1356 2090 1393 mar-

527 1433 650 1500 tyrii
673 1435 1194 1487 consummationem
1223 1434 1512 1487 contendo.
1544 1452 1562 1485 ι
1586 1433 1717 1488 Cum
1746 1433 1889 1487 enim
1911 1432 2091 1486 multis

530 1526 660 1580 locis
693 1526 903 1580 locutus
949 1526 1019 1580 sit
1050 1525 1276 1581 Basilius
1310 1526 1376 1581 de
1418 1526 1617 1581 Christi
1656 1526 1867 1581 Domini
1898 1534 2089 1591 morte,

530 1632 651 1669 eutn
682 1625 859 1670 tamen
912 1631 1144 1685 unquam
1181 1630 1314 1669 voce
1352 1618 1597 1690 martyrii
1647 1631 1798 1669 usum
1831 1629 1951 1669 esse
1982 1630 2088 1668 non

530 1706 781 1761 arbitror.
808 1704 991 1775 Neque
1016 1720 1143 1760 vero
1183 1705 1650 1768 dissimulandum,
1675 1705 1822 1758 illum
1841 1705 2091 1773 loquendi

530 1799 770 1860 modum,
800 1797 857 1849 ἐν
895 1794 971 1865 τῷ
1000 1796 1226 1849 κατόπιν
1258 1794 1476 1865 ψαλμῷ,
1511 1796 1599 1863 qui
1645 1796 1696 1850 in
1726 1796 1829 1849 hac
1850 1795 2092 1849 oratione

2195 619 2306 662 tum
2334 624 2497 663 esse:
2534 611 2626 663 sed
2662 624 2767 663 non
2824 610 2898 663 ita
2950 609 3263 664 incredibile
3311 620 3394 665 est
3438 613 3608 682 ipsum
3655 614 3757 668 alia

2193 702 2439 770 quaedam
2477 702 2588 755 loca
2612 700 2915 755 Eusebiana
2949 702 3062 756 suis
3091 703 3439 758 annexuisse.
3478 702 3581 758 Sed
3608 704 3651 757 si
3682 706 3758 760 ita

2193 805 2292 859 est,
2333 794 2457 848 inde
2499 793 2804 848 necessario
2844 794 3109 862 sequitur,
3170 805 3225 849 ut
3272 795 3576 850 Eusebiana
3608 796 3760 852 Basi-

2195 889 2355 943 lianis
2380 902 2485 943 non
2520 901 2791 955 nunquam
2827 886 3157 940 attexuerint
3206 886 3434 941 librarii.
3478 888 3676 942 Verum
3714 889 3761 943 si

2194 980 2360 1037 semel
2389 982 2592 1034 librarii
2635 981 3109 1049 deprehendantur
3141 980 3194 1035 in
3228 982 3412 1052 culpa,
3440 998 3624 1053 qumro
3652 984 3760 1051 iam

2195 1088 2292 1127 cur
2317 1074 2559 1127 omnium
2598 1073 2672 1126 rei
2701 1070 2821 1139 jure
2857 1086 2886 1125 a
2924 1072 3076 1126 nobis
3121 1072 3226 1127 dici
3256 1088 3360 1127 non
3391 1074 3620 1142 possint.
3649 1074 3762 1129 llac

2194 1178 2295 1234 ego
2327 1164 2534 1218 ratione
2557 1164 2821 1217 adductus
2848 1163 3100 1231 superius
3134 1162 3269 1227 dixi,
3290 1164 3491 1219 habere
3539 1180 3624 1219 me
3663 1181 3762 1235 pro

2196 1255 2565 1310 additamento
2596 1255 2938 1309 librariorum
2972 1256 3230 1324 quidquid
3267 1271 3331 1310 ex
3366 1256 3580 1311 Eusebii
3612 1272 3762 1311 com-

2198 1345 2478 1400 mentariis
2508 1346 2558 1398 in
2582 1343 2762 1399 Basilii
2796 1347 3067 1399 orationes
3098 1348 3165 1400 ad
3192 1346 3411 1401 verbum
3441 1348 3759 1402 translatum

2197 1446 2300 1493 est.
2336 1435 2463 1503 Sed,
2492 1445 2550 1489 ut
2572 1436 2803 1507 quisque
2837 1436 3025 1491 melius
3055 1452 3120 1492 ea
3148 1438 3212 1493 de
3245 1452 3303 1493 re
3328 1438 3553 1508 judicet,
3599 1440 3759 1494 velim

2198 1529 2340 1598 legat
2373 1530 2585 1583 assidue
2638 1528 2871 1599 genuina
2920 1543 3082 1597 opera
3112 1527 3329 1594 Basilii;
3361 1529 3501 1599 legat
3531 1545 3763 1599 praeser-

2199 1626 2291 1678 tim
2342 1623 2630 1691 prmclaras
2662 1622 2778 1677 illas
2816 1623 3113 1689 orationes,
3140 1624 3195 1677 in
3248 1624 3443 1692 quibus
3484 1622 3759 1693 quodlibet

2198 1724 2571 1785 argumentum
2599 1722 2702 1767 tam
2728 1712 2943 1783 copiose
2973 1722 3189 1783 tamque
3219 1712 3373 1768 facile
3392 1722 3604 1781 tractat,
3637 1727 3759 1772 eum

2200 1815 2257 1860 ut
2293 1815 2501 1875 tempus
2536 1804 2794 1859 defecisse
2815 1803 3081 1867 videatur,
3100 1818 3205 1858 non
3232 1802 3480 1872 loquendi
3511 1803 3760 1857 materia.

531 1889 805 1943 adhibitus
838 1901 941 1954 εει,
971 1888 1168 1942 Basilio
1186 1903 1445 1957 perquam
1465 1888 1783 1941 familiarem
1813 1903 1966 1955 esse;
1997 1892 2093 1943 sed
2121 1874 2169 1933 Β
2196 1895 2365 1965 Legat
2389 1895 2440 1948 in
2469 1893 2660 1963 primis
2693 1890 2990 1946 orationem
3021 1906 3164 1955 eam,
3202 1906 3321 1960 quae
3354 1891 3497 1945 inter
3520 1891 3765 1947 diversas

529 1980 655 2033 inde
682 1996 786 2034 non
822 1983 1087 2050 sequitur,
1139 1990 1195 2033 ut
1236 1979 1465 2040 Basilius
1498 1980 1655 2048 hujus
1698 1980 2096 2048 explanationis

529 2088 728 2141 parens
756 2073 856 2137 sit;
898 2075 989 2127 sed
1034 2074 1172 2126 alter
1219 2073 1420 2142 quivis,
1463 2074 1554 2142 qui
1587 2088 1710 2126 eum
1758 2073 1953 2127 imitari
1981 2084 2095 2128 stu-

529 2164 725 2217 duerit.
756 2164 1019 2217 Czeterutn
1053 2179 1173 2217 cum
1216 2177 1486 2232 quoquam
1522 2165 1848 2233 pertinacius
1877 2174 2097 2220 conten-

531 2258 657 2310 dere
682 2254 823 2309 nolo.
876 2254 1052 2320 Quare
1099 2255 1142 2308 si
1178 2255 1299 2323 quis
1351 2256 1489 2308 hanc
1534 2257 1834 2310 orationem
1895 2254 2096 2311 Basilio

536 2346 770 2399 tribuere
800 2344 1058 2406 voluerit,
1097 2359 1192 2412 per
1224 2358 1308 2396 me
1341 2343 1488 2397 licet.
1525 2342 1699 2398 Unum
1727 2344 1779 2398 id
1813 2344 1973 2397 etiam
2015 2354 2092 2398 at-

531 2450 637 2505 que
666 2437 831 2490 etiam
856 2452 1005 2505 rogo,
1037 2447 1093 2490 ut
1130 2436 1259 2489 mihi
1304 2450 1537 2504 quoque,
1580 2435 1710 2505 quid
1749 2437 1977 2490 sentiam
2014 2437 2097 2490 di—

524 2516 660 2581 cere
689 2525 867 2580 liceat.
903 2525 969 2578 Et
992 2526 1246 2592 quoniam
1280 2524 1458 2593 magni
1494 2524 1723 2578 interest
1762 2539 1925 2579 nosse
1966 2525 2097 2594 quid

532 2615 877 2670 tribuendum
910 2614 979 2668 sit
1026 2614 1232 2669 sanctis
1270 2614 1538 2676 Patribus,
1576 2625 1671 2667 aut
1717 2629 1821 2667 non
1857 2614 2099 2668 tribuen-

534 2708 657 2759 dum
680 2745 695 2769 ,
725 2705 1031 2759 summatim
1078 2705 1435 2773 perstringam
1460 2718 1580 2773 qua:
1608 2704 1741 2758 dixi.
1773 2701 1944 2757 Velim
1991 2703 2095 2770 igi-

536 2805 625 2849 tur
650 2810 715 2849 ex
744 2810 841 2849 suo
886 2794 1120 2864 quisque
1148 2796 1330 2849 animo
1364 2796 1601 2849 animum
1644 2794 1834 2850 Basilii
1867 2804 2093 2863 spectet.

533 2887 728 2953 Nemo,
752 2888 964 2957 opinor,
987 2888 1199 2941 futurus
1220 2896 1322 2951 est,
1353 2889 1443 2957 qui
1474 2887 1704 2942 libenter
1733 2887 1864 2943 velit
1892 2887 2099 2956 plagia-

532 2981 647 3035 rius
690 2981 909 3045 audire,
942 2981 1177 3034 maxime
1222 2982 1266 3034 si
1303 2980 1376 3034 ita
1413 2981 1483 3035 sit
1525 2978 1824 3044 facundus,
1856 2990 1915 3033 ut
1953 2980 2098 3033 nullo

540 3074 751 3143 negotio
781 3074 831 3126 id
864 3072 1145 3127 dedecoris
1182 3072 1355 3127 vitare
1380 3073 1571 3141 possit.
1601 3070 1770 3137 Quam
1804 3082 1982 3125 autem
2013 3069 2095 3124 fa-

533 3165 635 3219 cile
651 3165 814 3218 fuerit
833 3165 1031 3219 homini
1052 3164 1425 3234 c0piosissimo
1445 3164 1643 3219 Basilio
1660 3163 1888 3232 alicujus
1908 3164 2095 3232 psalmi
2124 3205 2167 3264 ο

534 3253 830 3309 versiculos
858 3255 976 3309 sine
1003 3268 1104 3321 ope
1132 3254 1303 3308 aliena
1341 3255 1635 3324 explicare,
1682 3257 1805 3311 inde
1830 3268 1980 3312 certo
2008 3271 2099 3310 co-

538 3346 815 3413 gnoscitur
835 3347 976 3415 quod
1007 3347 1088 3400 vel
1122 3347 1309 3403 unicus
1330 3348 1517 3417 psalmi
1551 3348 1743 3404 decimi
1767 3351 1946 3419 quarti
1981 3365 2100 3404 ver-

539 3438 743 3492 siculus
781 3440 1136 3493 concionandi
1177 3440 1564 3508 amplissimam
1607 3443 1888 3496 materiam
1937 3444 1985 3497 ei
2014 3444 2099 3496 de-

540 3529 701 3584 derit.
726 3526 839 3583 Mos
861 3538 945 3583 est
982 3530 1364 3584 indisertorum
1394 3530 1627 3586 disertos
1654 3531 1979 3600 compilare;
2006 3532 2098 3585 sed

541 3622 732 3675 diserti
786 3622 1076 3677 indisertos
1108 3622 1299 3689 opibus
1343 3622 1578 3688 spoliare
1632 3637 1736 3675 non
1787 3632 2003 3676 norunt.
2036 3623 2101 3676 Et

542 3713 760 3781 quidem
791 3725 970 3767 nostra
1000 3722 1159 3768 artate
1203 3713 1447 3767 videmus
1492 3712 1727 3780 optimos
1752 3713 2100 3767 cuncionato-

544 3819 633 3858 res
665 3806 730 3859 ab
757 3803 1060 3856 infacundis
1111 3805 1429 3871 quibusdam
1481 3805 1721 3872 quotidie
1779 3804 2098 3873 compilari;

542 3899 637 3947 sed
672 3894 903 3946 nondum
934 3892 1175 3959 contigit,
1206 3894 1343 3961 quod
1373 3893 1564 3958 sciam,
1592 3902 1649 3945 ut
1675 3892 1860 3960 Optimi
1888 3892 2101 3946 concio-

544 3998 761 4040 uatores
814 3986 1157 4053 compilarint
1219 3984 1555 4039 infacundos.
1620 3983 1810 4037 Fateor
1856 3984 1973 4037 fieri
2004 4000 2099 4052 po-

546 4078 732 4140 tuisse,
759 4091 816 4131 ut
844 4076 1097 4144 Basilius,
1142 4078 1466 4145 optimorum
1501 4088 1774 4131 oratorum
1816 4077 2063 4146 exemplo
2083 4118 2098 4143 ,

544 4179 637 4223 aut
662 4169 948 4224 Eusebium
990 4180 1082 4223 aut
1122 4170 1286 4223 alium
1327 4170 1572 4238 quemvis
1616 4170 1934 4237 scriptorem
1963 4171 2103 4223 anti-

543 4262 785 4330 quiorem
836 4261 1077 4315 imitatus
1122 4262 1213 4325 sit,
1260 4261 1326 4314 ab
1358 4261 1542 4329 eisque
1567 4261 1773 4326 aliquas
1808 4262 2103 4314 sententias

545 4352 808 4417 hauserit,
838 4366 973 4421 quas
1003 4353 1213 4405 ornarit
1246 4366 1343 4404 suo
1379 4352 1564 4404 modo:
1595 4352 1685 4405 sed
1714 4349 1965 4403 Basiliam
1994 4359 2101 4403 tam

546 4444 710 4497 multa
754 4445 820 4497 ad
863 4442 1082 4497 verbum
1131 4443 1195 4496 ab
1238 4442 1471 4497 Eusebio
1515 4444 1806 4511 sumpsisse
1830 4456 2103 4510 nunquam

2196 1986 2405 2041 decima
2442 1990 2635 2052 quarta
2664 1991 2770 2049 est,
2805 1997 2965 2051 quam
2997 1982 3043 2036 si
3083 1995 3187 2035 non
3216 1982 3537 2050 imparatus,
3569 1990 3625 2036 at
3656 1999 3762 2037 non

2196 2075 2271 2129 ita
2304 2074 2531 2128 multum
2558 2078 2776 2141 paratus
2802 2073 2868 2125 ad
2895 2072 3147 2140 populum
3183 2072 3369 2125 habuit
3394 2090 3408 2127 ε
3434 2086 3552 2140 qua:
3582 2080 3762 2127 tamen

2196 2165 2501 2229 Libanium,
2540 2164 2632 2233 qui
2662 2173 2718 2219 et
2762 2163 2878 2233 ipse
2905 2172 3025 2217 erat
3061 2163 3271 2218 dicendi
3319 2165 3551 2234 Optimus
3591 2166 3766 2232 magi-

2196 2268 2332 2323 ster,
2359 2265 2567 2310 tantum
2595 2256 2653 2309 in
2679 2255 3089 2309 admirationem
3115 2254 3311 2322 rapuit,
3350 2264 3408 2307 ut
3438 2269 3557 2310 eam
3595 2269 3623 2307 a
3659 2253 3764 2309 Ba-

2197 2347 2317 2403 silio
2340 2348 2581 2401 muneris
2611 2347 2798 2402 eximii
2839 2346 2961 2402 loco
2982 2346 3310 2416 poposcerit.
3363 2344 3530 2415 Legat
3560 2346 3765 2400 oratio-

2196 2453 2318 2495 nem
2350 2438 2659 2494 vicesimam
2709 2439 2947 2502 tertiam,
2994 2437 3079 2492 cui
3132 2437 3291 2492 ﬁnem
3338 2438 3611 2506 imponere
3639 2452 3763 2492 cum

2198 2529 2481 2599 cogitaret,
2523 2529 2699 2583 subito
2729 2539 2784 2583 et
2820 2538 3016 2599 praeter
3046 2528 3505 2598 exspectationem
3530 2528 3597 2583 de
3628 2543 3766 2597 quo-

2199 2625 2318 2674 dam
2344 2620 2595 2675 incendio
2622 2620 2947 2683 admonitus,
2991 2629 3100 2673 tam
3135 2620 3377 2689 apposite
3403 2628 3623 2689 tamque
3648 2619 3763 2674 elc-

2198 2721 2387 2781 ganter
2412 2726 2473 2765 ea
2500 2712 2565 2766 de
2587 2711 2898 2766 calamitate
2928 2711 3141 2766 locutus
3180 2720 3284 2779 est,
3315 2720 3375 2765 ut
3404 2711 3539 2765 alter
3583 2710 3766 2780 quivis

2199 2801 2280 2855 vel
2318 2802 2698 2871 paratissimus
2724 2802 2947 2855 meliora
2992 2802 3173 2856 dicere
3208 2816 3315 2855 non
3351 2802 3629 2871 potuisset.
3669 2800 3763 2860 Et.

2198 2895 2342 2964 quod
2388 2894 2560 2963 magis
2594 2895 2661 2949 ad
2710 2908 2824 2947 rem
2881 2893 3134 2962 pertinet,
3189 2891 3330 2961 legat
3372 2893 3671 2946 orationem
3711 2892 3764 2943 in

2198 2982 2461 3053 psalmum
2506 2984 2770 3036 decimum
2798 2992 3075 3049 quartum,
3120 2982 3575 3049 elegantissimam
3616 2979 3762 3033 illam

2199 3074 2413 3141 quidem
2438 3081 2492 3127 et
2522 3074 2682 3127 rebus
2704 3086 2767 3126 ac
2794 3071 2973 3125 verbis
3015 3069 3454 3135 refertissimam;
3487 3077 3543 3123 et
3580 3078 3762 3122 tamen

2199 3162 2317 3231 ejus
2346 3162 2535 3231 psalmi
2571 3161 2677 3214 duo
2718 3170 2809 3213 aut
2838 3160 2940 3212 tria
2988 3160 3148 3214 verba
3197 3168 3397 3213 tantam
3424 3158 3635 3213 dicendi
3668 3172 3761 3211 co-

2202 3256 2345 3326 piam
2386 3252 2583 3308 Basilio
2633 3250 3129 3306 subministravere.
3187 3250 3312 3305 Haec
3348 3249 3441 3319 qui
3494 3248 3655 3320 paulo
3681 3257 3767 3303 at-

2205 3346 2405 3401 tentius
2452 3342 2902 3407 consideraverit,
2954 3340 3148 3396 melius
3171 3377 3187 3404 ,
3233 3340 3448 3408 opinor,
3473 3340 3540 3394 de
3566 3337 3767 3393 Basilio

2202 3433 2557 3499 existimabit,
2591 3447 2754 3498 quam
2785 3440 2843 3485 ut
2871 3439 3022 3500 putet
3052 3441 3257 3486 tantum
3284 3447 3347 3487 ac
3375 3431 3533 3487 talem
3566 3431 3765 3492 virum,

2205 3524 2307 3578 nisi
2360 3521 2647 3576 Eusebium
2680 3520 3039 3590 compilasset,
3081 3534 3279 3588 paucos
3322 3521 3581 3587 quosdam
3627 3518 3770 3587 psal-

2206 3630 2416 3671 morum
2444 3612 2737 3668 versiculos
2766 3611 3054 3680 explauare
3076 3624 3180 3664 non
3205 3610 3460 3680 potuisse.

2206 3729 2233 3801 ᾗ
2267 3727 2375 3783 Vll.
2410 3727 2593 3781 Pauca
2623 3725 2884 3794 quaedam,
2911 3739 3026 3791 qua:
3059 3723 3229 3777 notari
3256 3723 3436 3778 debent
3465 3723 3521 3776 in
3550 3721 3768 3776 psalmis

2766 3810 2803 3857 ι,
2833 3808 2905 3846 vn
2940 3804 2985 3847 et
3016 3807 3206 3847 xxvttt.

2278 3891 2367 3945 40.
2400 3891 2699 3955 Antequam
2746 3886 2812 3938 ad
2846 3883 2949 3935 alia
2986 3893 3344 3945 transeamus,
3383 3879 3525 3935 haud
3574 3878 3766 3933 inutile

2209 3997 2329 4037 esse
2378 3980 2741 4051 judicavimus
2796 3974 3051 4029 nonnulla
3104 3973 3191 4027 hic
3245 3974 3522 4026 adnotare.
3570 3968 3762 4031 Nemo,

2208 4074 2351 4145 quod
2396 4072 2587 4134 sciam,
2629 4067 2855 4132 dubitat,
2904 4080 3001 4119 nec
3047 4063 3275 4117 dubitari
3311 4074 3468 4132 posse
3497 4058 3766 4123 arbitror,

2210 4166 2338 4235 quin
2377 4163 2550 4217 oratio
2593 4173 2656 4213 ea
2684 4172 2803 4227 qua:
2835 4158 2974 4209 inter
3008 4152 3191 4207 Basilii
3224 4167 3387 4221 opera
3418 4153 3684 4222 reperitur
3715 4152 3765 4204 in

2212 4256 2475 4326 psalmum
2512 4252 2765 4321 primum,
2803 4245 2980 4299 Basilii
3012 4258 3138 4297 vere
3176 4244 3265 4299 sit.
3299 4242 3366 4295 Et
3396 4253 3571 4296 tamen
3602 4242 3765 4295 verba

2210 4344 2525 4411 ιιιίινπάντα
2550 4341 2735 4409 ὥσπερ
2768 4341 2824 4391 ὲν
2862 4335 3079 4407 μεγάλῳ
3109 4336 3215 4388 τινὶ
3248 4335 3339 4387 καὶ
3370 4332 3534 4403 κοινῷ
3560 4332 3767 4404 ταμείῳ

2207 4440 2274 4508 τῇ
2306 4435 2469 4506 βίϐλῳ
2490 4433 2596 4485 τῶν
2623 4428 2866 4500 Ψαλμῶν
2902 4425 3341 4499 τεθησαύρισται,
3368 4441 3486 4495 quae
3510 4427 3562 4479 in
3585 4427 3766 4480 Basilii

550 4533 679 4585 mihi
714 4532 1073 4601 persuadebo.
1101 4534 1230 4598 Quis
1267 4534 1411 4587 enim
1444 4531 1600 4586 facile
1628 4532 1922 4586 crediderit
1949 4530 2104 4586 Basi—
2138 4560 2183 4615 Β
2211 4526 2475 4597 prooemio
2541 4521 2822 4615 leguntur,
2871 4518 3011 4571 edita
3070 4532 3282 4615 quoque
3337 4518 3391 4615 in
3450 4515 3663 4615 Eusebii
3712 4518 3766 4567 in

549 4625 700 4687 lium,
734 4626 1003 4677 hominem
1036 4625 1287 4678 videlicet
1335 4625 1424 4692 qui
1464 4633 1569 4676 tam
1596 4623 1832 4693 copiose,
1866 4632 1973 4678 tam
2009 4625 2105 4678 do-

546 4724 652 4777 cte,
675 4720 782 4765 tam
809 4712 1089 4780 eleganter
1115 4714 1179 4766 de
1210 4711 1414 4781 Spiritu
1446 4722 1633 4766 sancto
1664 4713 1717 4767 in
1742 4715 1868 4768 totis
1897 4712 2105 4767 duobus

548 4805 702 4857 libris
734 4803 988 4858 disseruit
1013 4804 1106 4873 (a),
1140 4806 1311 4871 ipsum
1347 4814 1528 4857 tamen
1551 4842 1565 4867 ,
1603 4818 1723 4857 cum
1769 4804 2101 4859 divinitatem

548 4897 785 4963 Spiritus
816 4896 985 4949 sancti
1028 4896 1129 4949 sibi
1185 4895 1558 4949 declarandam
1620 4905 1975 4962 proponeret,
2037 4898 2103 4951 ad

547 4986 764 5041 Eusebii
818 4988 1233 5041 commentarios
1267 4986 1594 5057 confugisse,
1645 5001 1709 5039 ex
1770 4986 1952 5054 eisque
1983 5002 2104 5054 per-

543 5080 715 5134 multa
742 5080 810 5133 ad
841 5079 1060 5131 verbum
1091 5080 1455 5149 surripuisse;
1486 5078 1645 5143 idque
1683 5080 1735 5132 in
1770 5093 1826 5132 re
1848 5093 2103 5150 perquam

546 5168 713 5232 facili,
750 5169 852 5223 hoc
880 5178 985 5233 est,
1022 5170 1073 5222 in
1107 5170 1424 5237 explicando
1457 5170 1890 5223 versiculosexto
1914 5169 2106 5238 psalmi

546 5260 768 5313 secundi
799 5270 850 5313 et
884 5260 1164 5315 tricesimi.
1189 5260 1255 5313 Et
1277 5262 1387 5316 haec
1406 5276 1619 5331 quoque
1638 5261 1821 5325 verba,
1852 5262 1881 5313 ὁ
1906 5260 2107 5330 κόσμος

549 5341 724 5413 οὗτος.
761 5362 891 5414 etc.,
919 5367 1037 5419 qua:
1066 5352 1317 5420 ieguntur
1361 5354 1409 5405 in
1441 5354 1882 5423 interpretatione
1911 5354 2105 5421 psalmi

553 5440 833 5493 centesimi
867 5442 1054 5494 decimi
1081 5444 1280 5510 quarti,
1314 5452 1419 5496 tant
1448 5454 1629 5511 aperte
1654 5442 1991 5496 librariorum
2016 5442 2108 5494 ad-

549 5531 906 5585 ditamentum
937 5533 1104 5594 olent,
1142 5542 1198 5587 ut
1229 5549 1291 5588 ea
1318 5536 1369 5587 in
1404 5548 1460 5587 re
1509 5534 1773 5589 neminem
1807 5532 1916 5586 falli
1950 5546 2105 5602 posse

551 5620 900 5678 arbitremur.
928 5624 996 5676 At
1022 5624 1159 5677 dicct
1186 5626 1376 5692 aliquis
1406 5644 1416 5677 :
1456 5624 1721 5681 Credibile
1760 5624 1973 5693 quidem
2001 5636 2101 5679 non

622 5823 695 5892 (te)
718 5824 854 5895 Lege
886 5842 1026 5879 num.
1060 5826 1143 5877 55.

2212 4618 2456 4671 Psalmos
2500 4613 2722 4682 prologo
2771 4611 3092 4664 invenimus.
3142 4608 3495 4663 Fluxerintne
3544 4608 3662 4663 hate
3700 4623 3767 4662 ex

2211 4706 2526 4765 Eusebianis
2574 4705 2626 4759 in
2666 4702 2955 4766 Basiliana,
2990 4716 3057 4755 an
3104 4715 3134 4753 e
3174 4700 3458 4755 Basilianis
3498 4701 3549 4754 in
3595 4700 3767 4756 Euse-

2214 4800 2395 4861 biana,
2428 4795 2594 4865 quaeri
2632 4800 2827 4862 potest.
2861 4790 2987 4855 Sed,
3019 4798 3276 4859 quantum
3329 4788 3637 4857 conjectura
3669 4804 3770 4843 au-

2208 4906 2407 4962 guror,
2462 4903 2493 4943 e
2548 4885 2730 4939 Basilii
2798 4884 3042 4937 oratione
3100 4882 3151 4935 in
3208 4878 3425 4935 Eusebii
3484 4879 3766 4951 prologum

2214 4984 2495 5039 transiere.
2531 4980 2741 5034 Etenim
2794 4978 2955 5031 verba
3010 4975 3099 5029 illa
3146 4976 3197 5029 in
3250 4973 3479 5028 Eusebio
3522 4990 3766 5029 connexa

2214 5090 2333 5129 esse
2387 5089 2489 5127 nun
2528 5072 2793 5133 videntur,
2830 5082 3002 5136 neque
3034 5082 3153 5120 cum
3192 5064 3637 5135 pracedentibus,
3672 5082 3768 5118 ne-

2213 5180 2316 5237 que
2345 5180 2463 5219 cum
2494 5159 2979 5229 subsequentibus;
3014 5166 3219 5223 contra,
3254 5156 3367 5211 huic
3397 5156 3510 5226 ipsa
3541 5155 3767 5210 mirifice

2214 5255 2354 5325 apud
2390 5251 2645 5305 Basilium
2674 5263 2795 5304 cum
2830 5257 2935 5302 tota
2984 5246 3181 5314 reliqua
3219 5245 3464 5301 oratione
3494 5244 3767 5300 cobarere

2206 5345 2549 5417 perspicuum
2580 5352 2683 5395 est.
2711 5339 2862 5408 Quod
2902 5340 3091 5392 attinet
3117 5337 3182 5392 ad
3210 5337 3506 5391 orationem
3539 5337 3592 5390 in
3621 5336 3766 5421 psal-

2209 5454 2350 5491 mum
2388 5437 2698 5501 septimum,
2744 5448 2864 5501 qua:
2911 5432 2961 5485 in
2996 5429 3178 5483 Basilii
3220 5427 3542 5484 editiuuibus
3586 5427 3765 5493 sequi-

2214 5543 2324 5594 tur,
2373 5544 2515 5598 zegrc
2548 5528 2700 5582 nobis
2735 5525 2855 5587 fuit,
2884 5523 3023 5591 quod
3054 5522 3107 5574 in
3138 5535 3201 5575 ea
3236 5520 3434 5573 nullum
3469 5518 3767 5589 deprehen-

2218 5620 2455 5677 derimus
2502 5618 2785 5689 vestigium
2834 5614 3098 5678 homiliae,
3150 5612 3202 5667 id
3236 5620 3318 5667 est
3363 5609 3479 5681 ejus
3510 5610 3770 5666 orationis
