4040 6440
1351 384 1411 443 D.
1450 382 1593 437 JUL.
1630 386 1956 442 GARNERII
1996 390 2378 447 PREFA'I'IO.

3395 428 3489 468 CCV

267 498 388 555 qua
412 487 482 543 ad
516 466 766 558 populum
797 492 1040 558 habetur,
1072 508 1194 549 cum
1237 504 1414 550 tamen
1456 496 1654 566 alioqui
1698 499 1830 554 satis
1858 502 1904 560 Α
1932 498 1959 569 §
1996 499 2125 555 VIII.
2164 501 2652 572 Quidsentiendum
2678 507 2741 559 sit
2777 509 2840 560 de
2876 509 3131 564 Theodori
3162 514 3487 575 Heracleam:

267 587 477 634 constet
504 594 691 636 omnes
722 581 904 639 Basilii
943 586 995 639 in
1042 587 1280 641 Psatmos
1312 590 1589 643 orationes
1620 591 1686 643 ad
1738 606 1831 658 po-

267 670 449 736 pulum
487 671 696 727 babitas
724 688 862 730 esse.
890 675 1020 746 Ejus
1047 678 1123 731 rei
1160 679 1421 733 rationem
1456 682 1679 735 reddere
1706 696 1828 736 cum

267 772 373 811 non
422 763 713 829 possimus,
765 781 883 819 eam
939 768 1146 823 discere
1176 784 1207 822 a
1252 773 1619 841 sagacioribus
1676 774 1827 844 cupi-

268 864 409 905 mus.
457 851 620 920 Illud,
674 858 821 927 mp3:
874 860 965 913 τὸν
1018 861 1311 927 κτίσαντα,
1343 864 1486 933 quod
1538 864 1731 935 legitur
1776 867 1828 921 in

267 942 477 1008 psalmo
508 962 711 1013 xxvm,
742 966 888 1004 num.
911 951 945 1005 2
965 991 980 1017 ,
1014 952 1169 1009 aliter
1198 956 1265 1010 ab
1295 955 1413 1010 aliis
1450 957 1830 1026 interpretibus

266 1046 581 1104 expressum
612 1049 732 1097 est:
763 1058 865 1113 qua
894 1044 960 1099 de
1000 1060 1056 1099 re
1091 1061 1258 1113 pauca
1286 1048 1465 1104 dicere
1498 1049 1644 1104 libet.
1674 1048 1826 1116 Quod

266 1126 345 1178 ait
377 1128 461 1180 vir
498 1132 890 1189 eruditissimus
940 1136 1163 1193 Duczeus
1200 1139 1252 1194 in
1282 1141 1393 1195 suis
1421 1144 1485 1194 ad
1514 1143 1654 1197 hunc
1681 1143 1827 1212 psal-

266 1231 413 1269 mum
446 1220 607 1284 notis,
636 1224 773 1275 duas
804 1225 901 1280 has
925 1227 1166 1295 Apostoli
1196 1242 1354 1284 voces
1370 1230 1415 1261 '°
1442 1232 1512 1285 ita
1541 1231 1829 1288 vertendas

263 1320 412 1371 esse,
437 1312 695 1377 prtem-ito
716 1312 978 1381 Creatore,
1005 1317 1059 1371 in
1089 1333 1153 1373 eo
1174 1331 1390 1377 secutus
1423 1332 1509 1376 est
1542 1320 1823 1389 Hilarium,

264 1398 358 1464 qui
413 1399 565 1455 initio
615 1401 735 1457 libri
784 1421 857 1459 xu
912 1406 989 1461 De
1038 1407 1181 1463 Trin.
1232 1411 1392 1464 verba
1441 1413 1679 1481 Apostoli
1719 1430 1826 1470 non

264 1488 423 1543 aliter
451 1493 700 1549 reddidit.
733 1495 840 1552 Nec
869 1498 936 1553 ob
964 1498 1014 1553 id
1047 1500 1215 1554 solum
1246 1504 1458 1571 probari
1489 1505 1646 1559 debet
1688 1505 1826 1576 ejus-

265 1582 411 1635 modi
464 1585 873 1654 iuterpretatio,
924 1592 1065 1659 quod
1122 1593 1520 1650 sanctissimum
1570 1597 1823 1652 doctissi-

264 1687 520 1743 mumque
575 1677 746 1731 virum
802 1679 1060 1737 Ililarium
1120 1694 1391 1740 auctorem
1445 1687 1678 1753 habeat,
1729 1691 1822 1744 sed

262 1763 407 1826 quod
451 1774 684 1819 mentem
737 1767 978 1837 Apostoli
1029 1773 1228 1840 optime
1282 1775 1569 1841 exprimat.
1600 1776 1819 1843 Contra,

2527 579 2918 633 commentaria.

1999 684 2092 738 sl.
2122 683 2300 739 Edidit
2337 685 2653 754 jamdudum
2680 690 3071 750 eruditissimus
3097 697 3178 751 vir
3212 696 3491 758 Balthasar

1931 774 2221 830 Corderius
2246 778 2491 847 egregios
2518 787 2628 833 tres
2655 786 2847 847 tomos,
2878 782 2929 836 iu
2957 786 3151 853 quibus
3179 790 3487 848 continetur

1929 864 2277 936 Paraphrasis
2308 868 2361 920 in
2392 866 2656 936 Psalmos,
2683 869 3112 930 Commentarius
3143 879 3193 932 in
3223 880 3365 935 idem
3397 896 3487 936 ar-

1928 964 2258 1023 gumentum,
2287 955 2510 1021 Catena,
2536 972 2695 1025 quam
2728 972 2938 1025 vocant,
2965 977 2996 1017 e
3034 965 3216 1022 multis
3259 974 3487 1041 scripto-

1929 1047 2078 1100 ribus
2105 1047 2497 1101 consarcinata.
2526 1047 2643 1102 Non
2686 1060 2767 1105 est
2800 1052 3014 1121 quidem
3042 1058 3182 1124 quod
3224 1059 3379 1116 valde
3404 1062 3485 1116 la-

1927 1134 2269 1205 borem,quis
2290 1146 2383 1192 aut
2407 1141 2776 1207 paraphrasim
2792 1152 2883 1197 aut
2906 1154 3150 1200 catenam
3172 1149 3483 1219 scripserit;

1927 1226 2018 1280 sed
2053 1226 2119 1281 de
2146 1229 2413 1296 scriptore
2456 1233 2848 1298 commentarii,
2890 1235 2933 1290 si
2980 1237 3269 1305 pessimam
3308 1246 3484 1312 suspi-

1926 1316 2132 1372 cionem
2160 1332 2190 1371 a
2222 1316 2418 1373 Basilio
2447 1334 2698 1376 amovere
2740 1322 2920 1391 velim,
2953 1325 3178 1382 multum
3225 1330 3485 1388 sollicitus

1925 1422 2045 1465 esse
2097 1409 2284 1465 debeo.
2333 1408 2457 1466 Scio
2504 1413 2644 1467 hunc
2696 1417 3140 1472 commentarium
3201 1419 3486 1478 Theodoro

1926 1498 2257 1556 lleracleotte
2287 1502 2355 1557 ab
2381 1516 2447 1557 eo
2486 1518 2647 1574 quem
2691 1520 2817 1559 mox
2860 1507 2968 1560 dixi
3015 1507 3132 1562 viro
3173 1509 3486 1568 doctissimo

1923 1590 2202 1648 Balthasar
2233 1592 2491 1649 Corderio
2520 1594 2844 1662 tribui;nec
2877 1611 3011 1667 nego
3049 1600 3337 1657 adductum
3360 1618 3483 1658 eum

1927 1684 2089 1740 fuisse
2131 1686 2183 1740 in
2222 1685 2362 1740 hanc
2389 1686 2697 1757 Opinionem
2728 1697 3046 1755 argumento
3074 1694 3395 1761 gravissimo
3427 1704 3483 1750 et

1924 1778 1991 1830 ad
2020 1776 2444 1846 persuadendum
2492 1781 3085 1837 accommodatissima:
3119 1785 3213 1839 sed
3251 1785 3351 1856 ipsi
3397 1796 3483 1842 ts-

262 1847 354 1910 qui
400 1857 492 1903 aut
534 1866 656 1908 cum
692 1854 914 1912 Erasmo
952 1839 1196 1926 verterit,
1237 1839 1396 1930 supra
1424 1879 1541 1917 eum
1569 1865 1659 1934 qui
1702 1839 1823 1919 con;
1854 1839 1896 1894 Β
1926 1839 2050 1921 men
2091 1866 2161 1921 ob
2205 1880 2297 1921 eas
2324 1881 2460 1936 quas
2491 1869 2674 1923 statim
2709 1867 2977 1937 proferam
3008 1885 3200 1928 causas
3230 1839 3479 1930 assentiri

260 1937 423 2005 didit,
455 1953 547 1995 aut
587 1959 712 1999 cum
747 1948 865 2004 aliis
895 1949 1236 2019 quibusdam,
1279 1965 1469 2021 praeter
1501 1954 1822 2023 Creatorem,

261 2045 425 2097 quam
494 2032 805 2104 longissime
870 2056 901 2093 a
972 2040 1123 2096 Pauli
1183 2046 1458 2113 proposito
1531 2046 1821 2106 aberrabit.

263 2119 478 2186 Quale,
527 2136 584 2178 ut
636 2127 774 2181 idem
820 2128 1042 2186 Ducazus
1092 2145 1291 2202 monet,
1341 2135 1483 2190 haud
1534 2136 1824 2195 immerens

265 2213 625 2281 reprehensus
654 2226 735 2272 est
773 2218 1027 2274 Erasmus
1064 2240 1094 2275 a
1126 2220 1329 2279 Theod.
1355 2224 1516 2291 Beza,
1555 2228 1698 2296 quod
1750 2228 1822 2283 ita

264 2301 654 2373 interpretatus
690 2319 868 2376 esset,
920 2321 977 2365 ut
1008 2314 1251 2384 Apostoli
1304 2318 1570 2373 sententia
1624 2320 1677 2373 in
1721 2319 1826 2374 fal-

261 2408 382 2448 sum
428 2410 646 2451 sensum
715 2400 1141 2471 detorqueretur.
1188 2404 1322 2462 Nam
1374 2423 1439 2464 ex
1495 2410 1676 2481 inepta
1733 2412 1823 2467 illa

261 2483 475 2539 Erasini
530 2487 975 2558 interpretatione
1030 2496 1272 2566 sequitur
1338 2500 1531 2568 impios
1582 2500 1704 2557 illos
1758 2504 1825 2559 de

260 2577 454 2645 quibus
501 2589 679 2635 sermo
706 2592 789 2638 est
834 2585 935 2639 hoc
979 2588 1115 2653 loco,
1158 2588 1359 2643 cultum
1400 2591 1628 2661 aliquem
1674 2608 1825 2649 crea-

261 2669 396 2721 turis
426 2670 586 2723 simul
615 2683 670 2725 et
703 2674 807 2727 Deo
835 2677 1167 2744 exhibuisse,
1201 2695 1323 2736 cum
1352 2681 1454 2738 hoc
1484 2683 1598 2739 solo
1631 2684 1824 2739 discri-

261 2760 428 2824 mine,
477 2764 619 2830 quod
655 2762 765 2821 Deo
824 2768 1124 2835 minorem,
1175 2774 1440 2828 creaturis
1493 2775 1826 2833 reddiderint

260 2853 522 2922 majorem
554 2872 569 2909 :
602 2870 707 2926 quo
740 2859 873 2915 nihil
919 2870 1095 2932 potest
1139 2864 1244 2919 dici
1276 2879 1307 2920 a
1342 2862 1634 2934 Scripturte
1663 2881 1823 2923 sensu

260 2954 354 2999 aut
386 2947 670 3012 remotius,
706 2962 798 3006 aut
830 2955 999 3023 magis
1031 2955 1284 3011 alienum.
1312 2956 1534 3013 Constat
1575 2959 1721 3013 enim
1758 2973 1825 3014 ex

258 3036 501 3105 Apostoli
542 3039 739 3106 verbis,
782 3042 1021 3097 debitum
1068 3046 1178 3100 Deo
1228 3049 1486 3102 honorem
1536 3063 1565 3102 a
1606 3049 1825 3119 perﬁdis

259 3126 368 3180 illis
422 3137 591 3183 totum
646 3131 712 3186 ad
761 3133 900 3189 idola
955 3136 1270 3192 translatum
1323 3151 1461 3194 esse.
1516 3140 1659 3212 Ergo
1703 3141 1894 3223 jurec

259 3219 466 3288 Optimo
494 3222 824 3293 vituperatus
863 3234 948 3281 est
977 3226 1255 3295 Erasmus,
1301 3231 1391 3299 qui
1433 3230 1712 3303 Vulgatam
1747 3233 1823 3288 le-

258 3309 515 3378 ctionem,
546 3311 615 3365 Et
650 3316 933 3371 servierunt
962 3328 1219 3374 creatura:
1263 3322 1436 3389 potius
1480 3338 1634 3392 quam
1667 3321 1825 3379 Creo-

261 3400 390 3466 tori,
436 3401 580 3456 haud
612 3402 685 3457 ita
721 3405 939 3474 malam,
984 3409 1213 3476 pessima
1264 3412 1624 3470 commutatit.
1672 3411 1825 3469 Ilaud

262 3489 446 3559 plane,
486 3490 589 3546 nisi
626 3493 778 3549 valde
810 3494 985 3562 l'allor,
1028 3512 1058 3551 a
1089 3496 1240 3552 Pauli
1303 3502 1566 3555 sententia
1600 3504 1822 3559 multum

262 3580 543 3646 abluserit,
591 3584 682 3652 qui
731 3586 871 3639 dicet
918 3589 1348 3658 praepositionem
1394 3590 1547 3663 παρὰ
1578 3593 1679 3648 hoc
1707 3595 1825 3650 loco

262 3674 379 3726 vice
405 3674 797 3742 praepositionis
820 3677 941 3729 ἀντι
969 3679 1196 3747 positam
1228 3680 1416 3746 fuisse,
1446 3684 1659 3753 vimque
1682 3683 1827 3739 illius

263 3764 485 3830 habere,
514 3765 592 3819 sic
622 3777 678 3819 ut
706 3769 1057 3837 apostolicum
1085 3770 1234 3835 illud,
1266 3774 1376 3825 Καὶ
1404 3773 1732 3845 ἐλάτρευσαν
1757 3778 1824 3849 τῇ

263 3855 439 3908 κτίσει
473 3855 622 3928 παρὰ
649 3859 739 3912 τὸν
766 3859 1045 3924 κτίσαντα,
1073 3861 1202 3915 satis
1229 3863 1504 3918 cetnmode
1533 3866 1605 3919 ita
1637 3864 1826 3922 Latine

266 3948 412 4001 reddi
443 3948 651 4016 possit:
687 3947 755 4002 Et
786 3951 1058 4005 coluerunt
1092 3968 1153 4006 ea
1180 3968 1296 4022 qua:
1340 3955 1551 4009 condita
1582 3966 1701 4010 sunt
1730 3974 1826 4026 pro

264 4055 323 4093 eo
362 4041 450 4109 qui
486 4038 742 4104 condidit,
790 4049 902 4107 aut,
950 4041 1062 4097 loco
1098 4043 1213 4112 ejus
1256 4044 1343 4113 qui
1376 4044 1635 4099 condidit.
1681 4044 1827 4101 Peri-

267 4130 460 4186 tissimi
508 4132 612 4185 duo
663 4130 1059 4200 Scripturarum
1115 4134 1435 4205 interpretes
1478 4134 1741 4193 Eusebius
1773 4145 1829 4192 et

265 4220 497 4276 Basilius
532 4222 643 4275 haec
676 4222 864 4290 psalmi
908 4222 1145 4276 vicesimi
1180 4226 1352 4279 octavi
1386 4227 1567 4291 verba,
1597 4227 1826 4284 Adorate

268 4314 552 4369 Dominum
581 4314 635 4367 in
664 4314 801 4366 atrio
817 4325 999 4368 saneto
1024 4316 1137 4385 ejus
1156 4315 1240 4379 ⁵⁶⁶,
1278 4317 1351 4369 ita
1388 4317 1824 4386 interpretantur,

268 4412 326 4458 ut
354 4403 537 4457 dicant
559 4403 922 4458 adoratiouem
963 4404 1073 4459 ﬁeri
1107 4420 1211 4460 non
1248 4406 1443 4463 debere
1466 4417 1620 4464 extra
1652 4410 1828 4466 eccle-

1926 1969 2031 2010 non
2076 1969 2237 2024 queo.
2261 1955 2332 2010 At
2360 1963 2578 2025 praestat
2606 1956 2780 2012 virum
2815 1960 3236 2017 eruditissimum
3268 1964 3479 2021 audire.

1930 2064 1951 2099 ι
1978 2045 2234 2101 Catenam
2288 2046 2488 2114 itaque,
2537 2047 2741 2117 inquit,
2786 2064 2855 2105 ex
2910 2052 3151 2122 utrisque
3195 2053 3481 2124 pleniorem

1924 2138 2207 2203 contexui;
2251 2153 2411 2207 quam
2463 2152 2529 2193 ne
2559 2139 2724 2194 solam
2772 2141 2989 2208 darem,
3032 2143 3482 2201 Commentarium

1923 2226 2168 2283 Gnaeum
2205 2244 2550 2300 anonymum,
2594 2231 2651 2285 in
2684 2231 2870 2287 charta
2906 2234 3139 2303 quidem,
3166 2238 3259 2291 sed
3289 2252 3486 2308 peran-

1927 2318 2096 2389 tiqua,
2139 2319 2414 2390 eleganter
2452 2323 2840 2391 conserlptum,
2879 2339 2947 2379 ex
2994 2325 3242 2383 Caesarea
3289 2328 3485 2385 addere

1924 2411 2157 2481 placuit,
2205 2414 2467 2469 hactenus
2514 2414 2728 2483 quidem
2762 2416 3129 2487 incognitum;
3174 2420 3277 2475 nisi
3319 2421 3481 2489 quod,

1925 2502 2048 2557 dum
2103 2512 2230 2559 ante
2282 2517 2521 2559 mensem
2577 2504 2805 2559 Romam
2857 2509 3117 2575 veniens,
3170 2507 3483 2565 Vaticanam

1924 2592 2211 2661 pontiﬁcis,
2255 2609 2319 2648 ac
2370 2594 2713 2660 Quirinalem
2738 2596 3149 2653 eminentissimi
3200 2598 3480 2655 Francisci

1925 2682 2212 2738 cardinalis
2240 2682 2518 2741 Barberini
2548 2685 2934 2741 Bibliothecam
2963 2688 3249 2757 perlustro,
3281 2699 3335 2745 et
3361 2704 3484 2745 cum

1925 2775 2300 2843 tuauuscriptis
2359 2776 2699 2845 pervetustis,
2746 2791 2867 2847 qua:
2914 2779 2965 2833 in
3005 2793 3332 2849 pergameno
3380 2781 3482 2836 de-

1925 2865 2124 2933 scripto
2179 2866 2373 2920 ibidem
2424 2877 2725 2933 servantur,
2758 2867 2997 2936 confero,
3029 2870 3321 2939 repererim
3364 2885 3486 2926 esse

1926 2952 2189 3010 Theodori
2228 2954 2591 3023 Heracleotae;
2626 2959 2778 3028 cujus
2822 2962 3037 3016 nomine
3082 2964 3154 3016 ita
3199 2971 3353 3017 erant
3396 2963 3480 3018 in-

1924 3047 2121 3116 scripta
2170 3066 2184 3103 :
2234 3048 2585 3102 ΘΕΟΔΩΡΟΥ
2636 3050 3033 3106 ΕΠΙΣΚΟΠΟΥ
3091 3054 3486 3108 ΗΡΑΚΛΕΙΔΣ

1924 3133 2203 3187 ΘΡΑΚΗΣ
2238 3133 2590 3191 ΕΡΜΗΝΕΙΑ
2627 3138 2735 3191 ΕΙΣ
2772 3139 2949 3192 ΤΟΥΣ
2983 3141 3341 3198 ΨΔΛΜΟΥΣ.
3370 3142 3485 3197 lloc

1925 3225 2041 3294 ipso
2070 3226 2120 3280 in
2146 3226 2263 3282 loco
2286 3228 2549 3283 edendum
2571 3230 2781 3284 curavit
2806 3230 3091 3289 Corderius
3119 3234 3483 3289 testimonium

1924 3316 2055 3370 illud
2080 3314 2388 3388 Hieronymi
2412 3332 2441 3373 e
2463 3318 2602 3375 libro
2626 3320 2702 3375 De
2724 3324 3063 3393 scriptoribus
3084 3325 3447 3381 ecclesiasticis
3461 3341 3485 3381 :

1930 3426 1948 3461 ι
1973 3394 2283 3464 Theodorus
2297 3409 2562 3467 Heraclea
2579 3413 2928 3469 Thraciarum
2949 3416 3253 3485 episcopus,
3269 3416 3485 3488 elegan—

1927 3508 1994 3563 tis
2014 3509 2293 3578 apertique
2310 3508 2595 3574 sermonis,
2627 3519 2681 3563 et
2697 3510 2867 3581 magis
2893 3510 3159 3566 historica:
3182 3509 3486 3580 intelligen-

1928 3600 2030 3661 tiae,
2060 3598 2336 3653 ediditsub
2355 3597 2671 3655 Constantio
2700 3601 2941 3671 principe
2964 3600 3399 3657 Commentarios
3427 3602 3484 3654 iis

1926 3687 2229 3742 Matthwum
2246 3688 2568 3743 etloauuem
2587 3700 2637 3743 et
2653 3691 2706 3742 in
2723 3690 3093 3760 Apostoiumot
3112 3689 3442 3747 Psalterium.
3458 3711 3478 3744 ι

1924 3776 2003 3832 Ex
2034 3779 2230 3847 quibus
2259 3780 2365 3833 duo
2395 3778 2648 3849 colligere
2676 3780 2821 3845 licet,
2861 3780 3113 3850 primum,
3152 3792 3483 3837 conmenta-

1927 3870 2064 3923 rium
2096 3869 2241 3922 illum
2272 3868 2554 3924 Theodoro
2578 3868 2833 3925 tributum
2856 3885 2977 3927 esse
3004 3885 3068 3927 ex
3101 3870 3206 3927 llde
3236 3871 3481 3927 codicum

1926 3960 2304 4016 Yaticanorum
2352 3970 2404 4017 et
2450 3960 2951 4020 Barberiniauorum
2993 3982 3008 4017 :
3051 3964 3299 4030 alterum,
3341 3966 3486 4022 hunc

1928 4053 2173 4108 eumdem
2201 4055 2644 4108 commentarium
2678 4054 2877 4110 editum
2913 4070 2943 4110 a
2973 4053 3254 4112 Theodoro
3292 4056 3482 4125 fuisse,

1925 4143 2225 4215 imperante
2236 4144 2573 4203 Constantio.
2592 4146 2717 4215 Sed,
2736 4148 2780 4203 si
2793 4146 2866 4202 ita
2890 4158 2992 4213 est,
3008 4146 3204 4204 frustra
3226 4153 3484 4205 hactenus

1925 4234 2318 4303 laboravimus;
2357 4238 2510 4294 nobis
2554 4239 2639 4294 vel
2683 4239 2867 4296 invitis
2900 4238 3132 4295 Basilius
3181 4239 3322 4295 inter
3368 4240 3485 4309 pla-

1928 4328 2128 4397 giarios
2172 4329 2561 4385 numerabitur.
2605 4330 2791 4400 Neque
2821 4344 2948 4385 vero
2993 4345 3091 4400 pro
3129 4330 3484 4401 qualicunque

1930 4421 2191 4491 plagiario
2229 4421 2549 4486 habebitur;
2591 4420 2685 4477 sed
2717 4419 3039 4492 praecipuum
3088 4424 3372 4489 quemdam
3407 4421 3487 4477 lo-

265 4498 401 4550 siam
432 4513 445 4548 :
478 4493 531 4548 id
568 4496 708 4564 quod
739 4493 854 4548 viro
873 4496 1239 4552 eruditissimo
1260 4499 1337 4571 (α)
1368 4501 1541 4555 visum
1561 4508 1641 4556 est
1669 4501 1823 4572 langa
1858 4495 1902 4550 Ι)
1930 4527 2049 4566 eum
2078 4511 2217 4567 inter
2247 4527 2341 4567 eos
2373 4511 2599 4567 obtinet.
2625 4511 2833 4568 Etenim
2864 4519 2970 4565 tam
3000 4510 3161 4565 multa
3190 4519 3336 4578 sunt,
3368 4524 3488 4580 qua:

264 4586 646 4655 explanatione
674 4596 833 4657 atque
877 4589 1089 4643 curiosa
1138 4590 1399 4661 indigere.
1429 4590 1557 4657 Sed,
1594 4604 1654 4648 ut
1691 4594 1826 4649 mihi

266 4675 484 4746 quidem
521 4674 758 4741 videtur,
802 4691 936 4746 opus
968 4692 1075 4732 non
1120 4688 1238 4733 erat
1283 4687 1386 4734 tam
1423 4682 1603 4738 multis
1649 4684 1827 4739 verbis

264 4769 330 4821 ad
362 4767 683 4821 sententiam
721 4766 937 4822 Eusebii
964 4778 1015 4823 et
1043 4767 1221 4823 Basilii
1253 4775 1644 4841 exponendam.
1671 4774 1823 4841 Nam,

266 4855 371 4909 uisi
401 4854 554 4910 valde
585 4855 763 4922 fallor,
792 4857 926 4911 satis
960 4856 1148 4914 luisset
1176 4860 1379 4925 dicere,
1420 4862 1705 4918 ecclesiam
1738 4866 1823 4922 bis

265 4945 322 5000 is
352 4944 484 5000 locis
528 4948 849 5002 sumendam
885 4964 989 5003 non
1036 4964 1156 5004 esse
1191 4966 1289 5020 pro
1321 4952 1434 5022 ipso
1469 4955 1688 5025 templo,
1729 4958 1821 5012 sed

266 5055 362 5109 pro
394 5038 662 5094 catholica
693 5041 1091 5097 communione.
1135 5042 1249 5100 Hoc
1293 5044 1458 5116 igitur
1486 5047 1642 5103 docet
1683 5059 1828 5103 uter-

268 5145 373 5200 que
413 5132 679 5201 interpres
724 5130 985 5198 Graecus,
1035 5149 1223 5191 omnes
1271 5140 1511 5205 omnino,
1560 5141 1651 5209 qui
1702 5157 1829 5197 vere

267 5222 436 5276 Deum
466 5224 693 5277 adorare
728 5223 933 5288 volunt,
982 5225 1187 5297 ingredi
1212 5238 1461 5298 oportere
1503 5231 1556 5286 in
1606 5233 1828 5288 catholi-

268 5328 385 5368 eam
421 5314 771 5371 societatem:
800 5328 956 5373 extra
978 5332 1137 5387 quam
1170 5334 1326 5376 nemo
1354 5322 1519 5377 Deum
1569 5339 1693 5379 vere
1740 5328 1827 5380 ad-

264 5419 424 5460 orare
451 5415 649 5476 potest.

339 5606 383 5637 ⁸⁸
427 5604 580 5658 ιῖυιιι.
614 5621 662 5668 l,
704 5604 793 5660 25.
905 5605 971 5638 ’θ’
1014 5606 1154 5661 Psal.
1180 5624 1409 5678 _xxvnt,
1450 5610 1501 5663 ‘2.

340 5768 413 5837 (a)
456 5768 585 5825 Coll.
618 5768 784 5826 (ἴε-ατ.
818 5770 927 5827 ΡΙ).
965 5773 1015 5828 in
1046 5773 1224 5843 Prii-ﬂ,
1260 5793 1310 5847 p.
1340 5777 1425 5831 34.

1929 4604 2147 4659 totidem
2200 4606 2381 4660 verbis
2437 4604 2760 4677 syllabisque
2807 4601 2966 4658 simul
3013 4610 3069 4657 et
3107 4603 3165 4657 in
3215 4601 3485 4659 Theodori

1927 4698 2316 4752 commentario
2344 4698 2613 4768 leguntur,
2641 4706 2695 4751 et
2723 4698 2775 4751 in
2805 4694 2990 4751 Basilii
3022 4695 3374 4762 orationibus,
3404 4705 3484 4760 ut,

1926 4788 1971 4841 si
2006 4786 2270 4843 Theodori
2315 4803 2449 4858 opus
2476 4804 2598 4847 esse
2637 4789 2800 4844 semel
2844 4788 3126 4850 fateamur,
3157 4785 3269 4855 jam
3315 4785 3485 4840 latro-

1928 4879 2052 4933 cinii
2107 4881 2472 4949 suspicionem
2522 4896 2552 4933 a
2604 4879 2802 4937 Basilio
2868 4894 3143 4936 removere
3193 4893 3300 4934 non
3356 4891 3485 4949 pos-

1932 4972 2122 5026 simus.

2003 5061 2093 5116 42.
2134 5061 2241 5118 Nec
2281 5062 2435 5132 longe
2467 5065 2750 5134 quaerenda
2785 5063 3028 5134 exempla
3069 5073 3213 5129 sunt,
3242 5077 3364 5118 cum
3420 5077 3489 5117 ne

1937 5155 2299 5223 qumrentibus
2338 5156 2553 5224 quidem
2599 5172 2719 5212 sese
2748 5157 2944 5227 passim
2976 5154 3224 5212 offerant.
3273 5154 3489 5209 Exscri-

1931 5243 2057 5299 bere
2091 5247 2307 5313 quidem
2337 5248 2516 5301 etiinia
2548 5247 2664 5301 hac
2692 5247 2806 5303 loca
2838 5247 3049 5316 longum
3078 5254 3243 5311 esset,
3274 5255 3329 5301 et
3356 5246 3489 5300 alio-

1932 5332 2058 5399 quin
2096 5332 2317 5399 iuutile;
2349 5336 2443 5390 sed
2480 5334 2720 5391 fortassis
2742 5351 2773 5391 e
2805 5351 2863 5391 re
2892 5335 3050 5390 fuerit
3081 5336 3258 5407 aliqua
3289 5336 3342 5390 in
3376 5350 3487 5389 mc-

1934 5423 2075 5476 dium
2125 5422 2383 5493 proferre,
2413 5437 2471 5483 ut
2518 5442 2585 5483 ex
2633 5428 2716 5484 his
2743 5429 2807 5483 de
2839 5428 2958 5484 aliis
2993 5428 3261 5485 similibus
3303 5425 3488 5498 conje-
