4040 6458
490 429 609 470 CCVI

1856 400 2381 456 FROLECOMENA.

489 541 640 586 ctura
675 528 787 582 ﬁeri
836 526 1027 596 possit.
1060 524 1184 579 llaec
1220 524 1399 590 itaque
1429 523 1674 590 leguntur
1706 521 1754 571 in
1783 533 2057 571 continen-

2179 515 2492 585 ἐπαχθείσης
2554 517 2858 586 ἰατρείας...
2890 517 2962 568 Ού
2999 517 3211 570 πάντων
3259 517 3314 570 δὲ
3345 514 3476 582 Θεὸς
3515 521 3542 573 ό
3579 521 3736 588 Θεὸς.

491 619 628 676 tario
672 619 731 672 in
772 618 998 684 primum
1044 615 1348 683 psalmum:
1381 613 1495 663 Οὐκ
1548 609 1836 662 ἀπέκλεισε
1874 606 1928 658 δὲ
1971 604 2064 656 τοῦ

493 707 950 782 μακαρισμώτὰς
962 709 1245 774 γυναῖκας,
1260 703 1372 757 ἀλλ’
1398 705 1462 754 ἐκ
1481 701 1574 754 τοῦ
1603 697 2064 770 ἡγεμονικωτέρου

489 803 552 856 τὸ
586 802 706 856 ὅπλον
742 799 1058 864 ἐνεδείξατο.
1088 797 1233 859 Maii;
1267 795 1370 866 γὰρ
1406 793 1620 862 φύσεως
1669 791 1762 842 καὶ
1810 790 1945 859 ἀνὴρ
1977 787 2067 840 καὶ

491 892 649 962 γυνή.
677 890 791 944 Οὐκ
833 885 951 942 εἷπε
991 889 1081 941 δέ’
1113 888 1174 950 ὃς
1198 887 1256 939 ού
1287 885 1595 957 πορεύεται.
1639 883 1695 934 Ὀ
1734 882 1829 951 μὲν
1858 880 1964 952 γὰρ
2011 881 2068 931 ὲν

490 978 569 1049 τῷ
603 977 703 1050 βίῳ
743 977 1043 1048 τυγχάνων,
1073 975 1223 1029 οὔπω
1278 973 1632 1044 μακαριστὸς,
1663 970 1750 1024 διὰ
1791 970 1851 1022 τὸ
1876 969 2069 1038 ἄδηλον

490 1070 592 1142 τῆς
645 1068 953 1131 ἐκϐάσεως·
992 1068 1019 1119 ὁ
1059 1067 1115 1120 δὲ
1160 1067 1536 1135 ἀναντιρῤήτῳ
1583 1063 1726 1116 τέλει
1779 1061 1877 1132 τὴν
1926 1059 2070 1129 ζωὴν

494 1160 879 1223 κατακλείσας,
911 1153 1064 1221 οὗτος
1114 1158 1213 1227 ἤδη
1262 1155 1521 1226 ἀσῳαλῶς
1571 1152 1936 1223 μακαρίζεται
1969 1153 2066 1220 (α).

497 1271 517 1306 s
546 1252 793 1307 Mulieres
843 1262 1019 1306 tamen
1055 1266 1083 1304 a
1123 1250 1450 1303 beatitudine
1502 1263 1605 1300 non
1662 1245 1929 1302 exrlusit,
1977 1244 2067 1296 sed

492 1359 560 1399 ex
609 1343 979 1413 principaliori
1020 1352 1190 1396 totum
1225 1338 1565 1394 declaravit:
1598 1336 1862 1405 siquidem
1913 1335 2071 1386 unius

494 1444 719 1490 natura:
745 1442 871 1487 sunt
910 1433 991 1486 vir
1029 1441 1084 1486 et
1120 1433 1332 1486 mulier.
1384 1430 1499 1484 Non
1551 1428 1688 1482 dixit
1719 1439 1921 1490 autem,
1969 1425 2068 1492 Qui

493 1541 600 1581 non
647 1526 781 1579 abit.
829 1523 930 1592 Qui
979 1524 1123 1578 enim
1155 1522 1367 1577 exsistit
1413 1521 1465 1575 in
1514 1521 1616 1574 hac
1659 1519 1792 1582 vita,
1840 1517 2069 1572 necdum

493 1619 682 1672 beatus
712 1614 815 1670 dici
843 1615 1024 1680 debet,
1055 1623 1278 1683 propter
1308 1611 1746 1666 incertitudincm
1797 1619 2022 1663 eventus
2051 1625 2064 1660 :

492 1716 548 1762 at
576 1707 666 1777 qui
711 1705 1067 1775 irrel‘ragabili
1134 1704 1239 1758 line
1292 1703 1454 1756 vitam
1499 1700 1784 1762 conclusit,
1837 1701 1922 1753 hic
1959 1698 2070 1765 jam

494 1810 612 1855 tuto
638 1802 827 1856 beatus
859 1798 1208 1869 praedicatur.
1237 1816 1256 1849 ι
1293 1797 1489 1851 Eadem
1523 1796 1760 1864 reperias
1791 1802 1846 1847 et
1886 1793 1936 1846 in
1969 1791 2071 1844 Ba-

493 1892 600 1947 silii
648 1892 892 1946 oratione
916 1892 972 1943 in
1002 1890 1228 1957 primum
1252 1887 1530 1955 psalmum.
1557 1883 1988 1939 Commentarios
2012 1884 2069 1937 in

491 1980 750 2051 psalmum
763 1981 1015 2034 decinmm
1029 1989 1271 2047 quartum
1290 1976 1506 2031 ex'hibet
1522 1988 1731 2044 quoque
1750 1989 1852 2027 non
1874 1988 2064 2042 pauca,

497 2087 618 2142 qua:
643 2072 865 2126 totidem
885 2070 1108 2140 syllabis
1136 2069 1372 2138 reperire
1401 2067 1472 2122 sit
1504 2068 1555 2120 in
1579 2066 1822 2120 oratione
1838 2080 1923 2129 ea,
1950 2080 2069 2133 quae

494 2164 636 2219 inter
662 2157 805 2217 Basil
829 2178 959 2216 anas
983 2162 1127 2217 edita
1155 2170 1237 2216 est
1277 2161 1330 2213 in
1377 2161 1610 2213 eumdem
1655 2157 1932 2226 psalmum.
1963 2157 2070 2211 Sed

494 2268 617 2308 cum
666 2252 908 2320 opusculi
970 2253 1130 2319 huius
1173 2253 1462 2320 γνησιότης
1514 2249 1683 2316 possit
1741 2248 1793 2300 in
1854 2246 2069 2299 dubium

495 2346 759 2410 revocari,
791 2360 856 2399 ex
884 2359 949 2399 eo
982 2345 1278 2412 quidquam
1323 2341 1742 2394 exscribendum
1795 2354 1898 2392 non
1947 2353 2071 2393 cen-

498 2437 726 2493 suimus.
796 2437 1052 2505 Sequitur
1121 2436 1173 2488 itt
1249 2432 1430 2486 Basilii
1498 2431 1736 2486 editione
1797 2432 2070 2484 enarratio

492 2529 664 2600 prima
688 2530 742 2582 in
764 2529 1023 2598 psalmum
1055 2526 1352 2580 uicesimum
1381 2534 1640 2586 octavum,
1669 2536 1831 2591 quam
1866 2523 1909 2575 si
1944 2536 2065 2574 cum

490 2622 882 2678 commentario
958 2617 1395 2689 comparaveris,
1455 2616 1652 2668 eadem
1715 2612 1769 2664 in
1841 2621 2069 2678 utroque

490 2712 752 2782 opusculo
797 2711 1181 2780 reprehendes.
1229 2707 1319 2759 Sic
1355 2705 1497 2757 cnim
1543 2703 1772 2770 legimus
1821 2701 1875 2752 in
1923 2714 2071 2753 eom-

497 2805 760 2861 tnentario
782 2818 899 2872 pag.
925 2801 1025 2854 491
1057 2817 1072 2854 :
1117 2800 1202 2855 Ὦς
1253 2797 1350 2867 μὲν
1379 2796 1514 2866 πρὸς
1551 2794 1610 2846 τὸ
1643 2790 1917 2862 αἰσθητὸν,
1948 2789 2070 2842 ἐπεὶ

491 2899 551 2954 αι
583 2897 803 2969 νεφέλαι
832 2895 1056 2966 πλήρεις
1085 2891 1368 2962 γενόμεναι
1410 2889 1620 2950 ὓδατος,
1666 2885 1837 2952 ψόφον
1869 2886 2066 2938 ἀποτεο

495 2989 666 3054 λοῦσι,
697 2990 790 3042 καὶ
817 2990 851 3059 ἠ
890 2987 1125 3039 θάλαττα
1155 2982 1421 3052 πνεύματι
1457 2977 1826 3049 ταραττομένη
1848 3015 1862 3037 ,
1898 2975 2068 3044 βίαιον

495 3078 627 3153 ἦχον
659 3080 963 3150 ἐκπέμπει,
1003 3074 1306 3134 δεικνύντος
1357 3071 1447 3122 τοῦ
1485 3070 1666 3136 λόγου,
1715 3070 1794 3119 ὅτι
1844 3069 1994 3118 πᾶσα
2033 3069 2066 3133 ἡ

498 3173 674 3237 κτίσις
712 3169 993 3244 μονονουχὶ
1024 3169 1142 3237 βοᾷ,
1168 3167 1256 3217 τὸν
1291 3162 1489 3232 ἑαυτῆς
1518 3157 1848 3230 δημιουργὸν
1872 3171 2069 3223 καταγ-

498 3266 781 3336 γέλλουσα.
807 3262 921 3315 Κᾶν
950 3259 1145 3332 βροντὴ
1171 3258 1226 3310 δὲ
1247 3259 1313 3310 ἐκ
1337 3256 1532 3323 νέφους
1561 3254 1793 3324 ἐκραγῇ,
1823 3249 1921 3302 οὐκ
1948 3247 2075 3302 ἄλλο

498 3374 553 3412 τ’
590 3356 694 3429 Χρὴ
724 3353 985 3426 νομίζειν,
1029 3351 1060 3423 ἦ
1095 3352 1177 3404 δτι
1209 3353 1238 3402 ὁ
1273 3348 1403 3409 θεὸς
1434 3346 1533 3415 τῆς
1560 3345 1718 3414 δόξης
1762 3343 2072 3414 ἐϐρόντησε,

501 3449 595 3504 καὶ
623 3448 709 3501 ὅτι
741 3449 770 3501 ὁ
798 3445 1001 3516 Κύριος
1028 3443 1126 3513 τὴν
1167 3439 1340 3509 ὑγρὰν
1366 3437 1552 3489 οὐσίαν
1597 3435 1808 3504 συνέχει
1844 3434 1910 3485 δι’
1949 3435 2076 3486 ἑαυ-

496 3539 616 3606 τοῦ,
644 3549 700 3595 et
727 3546 924 3593 caetera
962 3549 1070 3589 non
1103 3546 1302 3602 pauca,
1332 3543 1453 3598 qua:
1493 3527 1756 3597 quisque,
1797 3525 1839 3580 si
1887 3525 2032 3580 lubet
2061 3565 2076 3591 ,

503 3634 681 3703 legere
733 3637 935 3698 potest.
992 3625 1190 3679 Eadem
1263 3632 1443 3676 autem
1508 3629 1720 3673 exstant
1785 3620 1837 3670 in
1895 3616 2076 3671 Basilii

502 3723 767 3784 oratione,
808 3733 913 3774 non
948 3717 1164 3789 quidem
1217 3715 1578 3776 continenter,
1617 3714 1709 3764 sed
1748 3711 2077 3778 interpositis

501 3812 795 3871 nonnullis.
828 3809 938 3864 Nec
975 3803 1261 3862 dissimilia
1293 3816 1506 3872 quoque
1547 3801 1814 3855 habentur
1854 3800 1905 3853 in
1935 3799 2078 3855 hunc

502 3904 693 3978 psalmi
756 3917 972 3958 versum
1016 3918 1029 3953 :
1080 3894 1191 3950 Vox
1256 3894 1465 3948 Domini
1528 3893 1878 3946 intercidentis
1928 3893 2079 3960 ﬂamo

501 4012 645 4052 mam
684 3995 818 4063 ignis
843 3994 912 4046 ".
970 3991 1075 4044 Sed
1105 3987 1192 4041 ubi
1228 3985 1455 4053 legimus
1482 3984 1680 4036 usitate
1717 3992 1770 4034 et
1806 3981 2080 4050 eleganter

506 4092 563 4145 in
598 4087 816 4152 Basilio,
845 4085 933 4137 ἵνα
1091 4081 1152 4132 τὸ
1184 4079 1281 4150 μὲν
1307 4076 1472 4146 δριμὺ
1511 4077 1605 4129 καὶ
1642 4074 1956 4128 κολαστικὸν
1984 4072 2079 4126 τοῦ

505 4181 674 4254 πυρὸς
700 4181 815 4242 τοῖς
852 4175 1023 4243 ἀξίοις
1067 4173 1163 4243 τῆς
1204 4168 1451 4230 καύσεως
1500 4164 1912 4238 προσαπτομένη,
1949 4175 2078 4228 etc.,

511 4294 529 4326 s
577 4271 868 4341 Ut...ignis
892 4268 1106 4337 quidem
1141 4265 1405 4333 asperitas
1439 4275 1502 4314 ac
1531 4258 1814 4327 torquendi
1838 4259 2079 4326 proprie-

507 4377 592 4421 tas
624 4365 689 4418 iis
741 4362 834 4430 qtti
881 4357 1166 4412 adustione
1210 4353 1353 4422 digni
1408 4360 1534 4404 sunt
1585 4360 1853 4412 servetur,
1895 4367 1913 4400 i
1947 4358 2078 4410 etc.,

509 4459 760 4514 inusitate
803 4461 859 4506 et
886 4452 1120 4505 barbare
1151 4447 1354 4502 editum
1395 4445 1448 4498 in
1487 4439 1892 4497 Commentario
1931 4439 2083 4494 inve-

509 4554 707 4614 nimus,
742 4547 832 4601 ἶνα
857 4544 919 4597 τὸ
955 4544 1052 4614 μὲν
1077 4541 1242 4613 δριμὺ
1287 4538 1383 4592 καὶ
1427 4533 1719 4588 καυστικὺν
1759 4535 1869 4594 τοῖς
1911 4529 2082 4596 ἀξίοις

507 4641 756 4704 καύσεως
787 4632 1224 4709 προσαποδείσοι,
1277 4647 1296 4680 ι
1335 4630 1410 4681 ita
1454 4635 1514 4681 ut
1561 4625 1830 4679 acerbitas
1861 4625 2077 4692 quidem

507 4747 565 4790 et
606 4731 794 4788 urendi
835 4730 917 4783 vis
951 4728 1163 4781 ustione
1189 4725 1367 4793 dignis
1398 4724 1704 4791 deputetur.
1742 4739 1761 4772 ι
1791 4720 1897 4774 Sed
1925 4719 2079 4775 facile

506 4823 833 4882 crediderim
856 4821 1105 4875 mendum
1127 4832 1245 4872 esse
1261 4815 1628 4878 librariorum,
1673 4813 1787 4883 qui,
1803 4829 1901 4880 pro
1920 4831 2080 4886 προσ-

507 4917 784 4990 απομένῃ.
814 4909 1234 4985 προσαποδείσοι
1272 4909 1568 4961 oscitanter
1600 4907 1883 4974 scripsere.
1913 4905 2077 4960 Com-

509 5007 758 5066 meutarii
790 5014 998 5066 auctor,
1031 4997 1280 5070 quisquis
1321 4997 1410 5050 ille
1442 4996 1561 5063 fuit,
1603 4994 1732 5050 fecit
1767 5011 1917 5051 more
1959 5012 2080 5060 suo,

509 5115 590 5167 ut,
612 5115 732 5155 cum
754 5097 1016 5168 psalmum
1039 5094 1356 5148 vicesimum
1384 5101 1581 5142 nonum
1603 5088 2079 5157 interpretaretur,

509 5188 694 5246 Basilii
736 5187 792 5239 in
822 5183 1061 5237 eumdem
1094 5184 1359 5245 psalmum
1390 5177 1697 5232 orationem
1751 5178 2078 5245 compilarit.

510 5284 667 5338 Libet
701 5276 952 5332 nonnulla
983 5274 1279 5328 ascribere.
1318 5271 1390 5324 Ita
1419 5270 1584 5340 igitur
1624 5269 1816 5334 legitur
1847 5284 1859 5318 :
1886 5270 2081 5323 Μακα-

510 5390 624 5444 ριος
653 5372 708 5424 δὲ
733 5373 762 5424 ὁ
808 5369 905 5440 τὴν
931 5371 988 5422 ὲν
1025 5367 1102 5436 τῷ
1154 5365 1307 5436 βάθει
1334 5363 1496 5416 αὑτοῦ
1536 5361 1747 5432 πληγὴν
1780 5364 2081 5434 γνωρίζων,

508 5471 581 5529 ὡς
629 5463 889 5518 δύνασθαι
931 5460 1170 5532 προσιὼν
1196 5459 1274 5529 τῷ
1304 5456 1469 5528 ἱατρῷ
1496 5457 1691 5526 λέγειν.
1757 5458 1959 5510 Ἰασαί
1986 5474 2080 5526 με,

509 5563 709 5628 Κύριε.
754 5556 1018 5611 Ἐνταῦθα
1061 5553 1241 5625 μέντοι
1273 5551 1594 5623 εὐχαριστία
1627 5551 1774 5602 ἐστὶν
1809 5551 1947 5622 ὑπὲρ
1991 5551 2087 5619 τῆς

584 5676 627 5706 ¹¹
670 5670 812 5726 Psal.
847 5684 1038 5732 xxvnt,
1072 5669 1124 5721 7.
1207 5663 1400 5718 "‘Jer.
1429 5679 1560 5728 xvrt,
1593 5664 1677 5717 Η.

518 5741 583 5778 ν’
603 5741 744 5800 Psal.
777 5756 921 5805 xuv,
945 5740 999 5792 2.

527 5820 659 5928 ’(α)
702 5851 789 5911 Uti
821 5853 966 5910 soleo
997 5851 1229 5922 vulgatis
1255 5851 1802 5919 interpretationibus.

1758 5665 1801 5692 ”
1830 5661 1965 5716 Psal.
2005 5675 2172 5720 xxx”,
2206 5662 2257 5714 τὶ.

2171 608 2304 660 ἀλλὰ
2354 607 2461 660 τῶν
2512 608 2896 662 οίκειωθέντων
2950 609 3098 678 αὐτῷ
3141 613 3207 665 δι’
3244 613 3510 686 ἀρετῆς...
3559 617 3739 680 οὐδὲν,

2172 701 2324 768 φησὶ,
2372 701 2559 769 γέγονε
2611 702 2772 771 μέσον
2809 703 2908 772 τῆς
2938 705 3075 773 ἐμῆς
3111 706 3310 775 φωνῆς,
3364 707 3457 759 καὶ
3499 709 3598 777 τῆς
3636 710 3742 777 σῆς

2172 789 2411 859 χάριτος,
2472 791 2581 843 ἀλλ’
2625 791 2760 861 ὁμοῦ
2807 793 3103 863 ἀνέκραξα,
3163 795 3254 848 καὶ
3302 797 3606 868 προσῆλθεν
3656 800 3742 853 ία-

2172 898 2276 945 σις.
2320 901 2337 932 ι
2367 881 2565 938 Beatus
2588 895 2764 938 autem
2798 885 2904 948 ille,
2933 887 3020 954 qui
3059 888 3111 939 in
3142 885 3306 942 fundo
3330 905 3476 942 suam
3518 892 3736 958 plagam

2173 977 2434 1042 agnoscit,
2491 986 2550 1028 ut
2578 976 2744 1044 possit
2778 978 2844 1031 ad
2878 979 3140 1032 medicum
3184 983 3467 1045 accedens,
3493 984 3675 1038 dicere
3719 1002 3734 1038 :

2175 1062 2320 1116 Sana
2343 1080 2444 1126 me,
2475 1063 2696 1117 Domine
2724 1065 2815 1122 η’.
2850 1065 2945 1121 Hic
2976 1068 3154 1136 itaque
3173 1071 3373 1138 gratias
3394 1073 3611 1141 agitpro
3641 1090 3740 1129 cu-

2175 1155 2383 1208 ratione
2409 1171 2570 1223 quam
2607 1155 2790 1210 fuerat
2827 1170 3220 1214 consecutus...
3257 1161 3395 1215 Deus
3420 1173 3599 1217 autem
3630 1182 3738 1220 non

2172 1246 2410 1298 omnium
2451 1245 2611 1309 Deus.
2645 1249 2739 1300 sed
2770 1262 2952 1300 eorum
2983 1250 3072 1317 qui
3109 1250 3178 1305 ob
3214 1251 3464 1306 virtutem
3497 1253 3595 1322 ipsi
3659 1257 3742 1308 fa-

2175 1334 2414 1388 miliares
2442 1345 2588 1389 sunt.
2619 1333 2780 1398 Nihil,
2807 1335 3002 1403 inquit,
3034 1338 3334 1394 intercessit
3366 1340 3506 1393 inter
3548 1354 3737 1395 vocem

2175 1435 2443 1489 meam,et
2465 1426 2692 1495 gratiam
2729 1437 2906 1492 tuam;
2942 1428 3034 1482 sed
3081 1430 3237 1483 simul
3270 1441 3326 1484 ut
3365 1433 3614 1494 clamavi,
3643 1449 3741 1486 cu-

2175 1516 2311 1570 ratio
2345 1518 2581 1572 advenit.
2617 1537 2636 1571 »
2663 1517 2790 1573 Haec
2817 1521 2910 1587 qui
2938 1519 3163 1574 voluerit
3195 1523 3440 1578 conferre
3469 1540 3590 1578 cum
3631 1525 3739 1579 Ba-

2174 1608 2403 1671 silianis,
2432 1618 2661 1680 utraque
2695 1612 2837 1666 haud
2858 1611 3140 1666 dissimilia
3173 1615 3418 1682 reperiet.
3450 1614 3609 1670 Plura
3645 1619 3739 1686 qui

2174 1701 2342 1767 cupit,
2382 1700 2523 1768 legat
2555 1703 2991 1771 explanationem
3023 1702 3210 1758 hormn
3239 1717 3511 1771 versuum,
3545 1726 3563 1758 ι
3589 1707 3743 1762 Psal-

2175 1791 2270 1846 lite
2295 1793 2542 1858 Domino,
2583 1812 2603 1846 »
2629 1803 2702 1862 et,
2740 1815 2757 1847 ι
2795 1794 3141 1851 Conﬁtemini
3174 1797 3446 1851 memoria:
3477 1803 3743 1854 sanctita-

2179 1884 2246 1939 tis
2277 1885 2433 1952 ejus:
2476 1903 2494 1934 ι
2532 1885 2724 1954 quibus
2778 1886 2832 1940 in
2863 1884 3015 1951 locis,
3064 1896 3121 1941 ut
3173 1902 3312 1958 smpe
3356 1888 3509 1951 alias,
3557 1892 3744 1961 inepte

2176 1973 2491 2042 plagiarium
2525 1975 2634 2043 agit
2659 1983 2849 2029 auctor
2877 1976 3271 2030 commentarii.
3309 1974 3452 2029 Idem
3501 1978 3744 2032 sentien-

2177 2065 2300 2117 dum
2334 2066 2400 2119 de
2444 2066 2788 2121 enarratione
2819 2067 2873 2120 in
2911 2066 3172 2134 psalmum
3203 2067 3525 2120 tricesimum
3555 2083 3745 2121 secuit-

2176 2153 2320 2217 dum,
2350 2155 2402 2208 in
2426 2169 2527 2223 qua
2559 2165 2665 2208 tam
2701 2156 2864 2208 multa
2896 2165 3038 2219 sunt,
3075 2172 3193 2224 qua:
3227 2171 3257 2211 e
3300 2156 3483 2210 Basilii
3515 2158 3568 2209 in
3591 2174 3745 2211 eum-

2177 2246 2291 2298 dem
2318 2248 2577 2314 psalmum
2600 2250 2844 2303 oratione
2881 2249 2944 2302 ad
2971 2251 3194 2304 verbum
3226 2262 3434 2319 sumpta
3461 2265 3579 2305 esse
3607 2265 3747 2304 con-

2179 2346 2301 2401 stat,
2347 2353 2408 2391 ea
2441 2348 2496 2391 ut
2519 2339 2697 2392 malim
2719 2340 2978 2403 indicare,
3001 2355 3161 2408 quam
3186 2345 3510 2396 exscribere.
3541 2342 3749 2411 Legam=

2179 2438 2264 2482 tur
2322 2430 2483 2499 igitur
2527 2447 2648 2500 quae
2695 2432 2745 2484 in
2803 2434 3190 2486 commentario
3238 2432 3501 2487 habentur
3550 2434 3602 2486 in
3647 2434 3747 2488 bra

2177 2533 2384 2582 versus,
2417 2517 2749 2589 Conﬁtemini
2790 2523 3012 2576 Domino
3036 2522 3087 2576 in
3111 2522 3313 2575 cithara
3331 2524 3376 2553 ⁸⁸
3415 2540 3430 2589 ;
3463 2534 3517 2576 et
3542 2543 3554 2575 :
3579 2527 3746 2577 Mise—

2177 2611 2407 2660 ricordia
2436 2610 2644 2662 Domini
2665 2616 2815 2678 plena
2849 2623 2921 2665 est
2954 2614 3193 2678 terra”;
3217 2625 3268 2667 et
3297 2633 3308 2666 :
3341 2612 3505 2667 Verbo
3529 2613 3748 2668 Domini

2177 2700 2290 2751 εοείὶ
2327 2699 2525 2764 ﬁrmati
2576 2709 2719 2767 sunt,
2751 2710 2799 2753 et
2849 2704 3040 2770 spiritu
3080 2703 3186 2754 oris
3237 2703 3349 2760 eius
3381 2705 3547 2755 omnis
3580 2705 3750 2758 virtus

2175 2811 2355 2849 eorum
2379 2795 2425 2826 ⁸³
2453 2811 2464 2846 :
2500 2810 2617 2864 qua:
2651 2796 2764 2848 loca
2797 2794 2839 2847 si
2878 2810 2997 2848 cum
3032 2795 3311 2848 Basilianis
3341 2804 3745 2863 comparentur,

2177 2886 2310 2941 nihil
2360 2898 2588 2955 utraque
2625 2886 2766 2940 inter
2806 2901 2866 2940 se
2896 2885 3110 2942 diﬂerre
3151 2888 3265 2942 suis
3306 2888 3534 2956 quisque
3570 2885 3748 2941 oculis

2175 2987 2384 3031 cernet.
2416 2976 2677 3032 Nolumus
2709 2987 2886 3032 tamen
2927 2980 3106 3033 omnia
3140 2993 3471 3047 quaecunque
3502 2977 3554 3030 in
3591 2990 3746 3031 com-

2178 3068 2441 3120 mentario
2499 3077 2716 3120 exstant
2769 3069 2822 3121 in
2867 3068 3027 3132 illud,
3084 3068 3253 3124 Verbo
3317 3069 3555 3136 Domini,
3611 3080 3748 3136 etc.,

2181 3153 2340 3207 tribui
2372 3154 2590 3222 Basilio,
2616 3171 2737 3210 cum
2767 3169 2951 3209 eorum
2999 3169 3202 3227 partem
3235 3161 3523 3214 maximam
3557 3174 3626 3215 ex
3649 3159 3750 3214 Eu-

2181 3247 2328 3302 sebio
2359 3259 2624 3318 sumptam
2655 3262 2778 3302 esse
2803 3247 3082 3302 credamus
3107 3250 3200 3317 (b).

2255 3341 2343 3395 65.
2373 3341 2524 3408 Quod
2551 3340 2596 3394 si
2620 3355 2738 3408 quae
2771 3339 3140 3402 indicavimus,
3182 3355 3515 3408 nequaquam
3538 3343 3754 3401 sutﬂce-

2183 3448 2240 3487 re
2266 3433 2572 3499 videantur,
2618 3431 2722 3502 legi
2757 3433 2975 3499 insuper
3013 3439 3188 3499 potest
3225 3431 3488 3499 expositio
3517 3433 3749 3489 aliorum

2180 3539 2454 3592 versuum,
2503 3524 2732 3594 exempli
2782 3539 2941 3578 causa
2985 3523 3127 3577 illius
3172 3540 3187 3575 :
3237 3522 3568 3594 Congregans
3615 3527 3752 3579 sicut

2182 3626 2352 3668 utrem
2389 3632 2554 3685 aquas
2603 3616 2766 3669 maris
2797 3616 2903 3682 ”';
2937 3617 3066 3669 item
3119 3615 3263 3669 illius
3295 3632 3309 3669 :
3342 3614 3605 3681 Quoniam
3644 3616 3755 3685 ipse

2182 3706 2315 3757 dixit
2357 3717 2403 3758 et
2437 3709 2581 3774 [acta
2629 3717 2748 3760 sunt
2786 3707 2854 3759 “.
2889 3705 3132 3773 Denique
3170 3717 3428 3775 praestare
3459 3710 3652 3774 audeo,
3707 3708 3754 3764 si

2186 3803 2292 3850 tota
2320 3797 2510 3864 psalmi
2556 3797 2862 3864 explanatio
2900 3797 3125 3863 legatur,
3160 3800 3344 3852 eadem
3377 3803 3574 3868 passim
3609 3811 3663 3856 et
3701 3803 3753 3856 in

2187 3887 2558 3942 commentarii
2583 3896 2805 3942 auctore
2835 3897 2890 3942 et
2923 3889 2973 3940 in
3014 3887 3208 3942 Basilio
3244 3904 3514 3956 repertum
3535 3894 3619 3948 iri.
3643 3893 3752 3947 Pa-

2184 3978 2318 4032 riter
2360 3977 2404 4033 si
2456 3977 2510 4032 in
2543 3980 2930 4034 commentario
2963 3979 3170 4049 legatur
3199 3979 3436 4048 psalmus
3463 3985 3759 4053 quadrage-

2184 4074 2353 4126 simus
2407 4081 2652 4142 quartus,
2692 4073 2803 4141 ipse
2837 4086 3048 4141 quoque
3098 4073 3148 4126 id
3194 4073 3335 4140 quod
3380 4087 3407 4122 a
3463 4071 3660 4125 Basilio
3703 4076 3755 4128 in

2184 4165 2431 4216 eumdem
2477 4161 2738 4231 psalmum
2771 4163 2971 4216 dictum
3017 4171 3120 4225 est,
3149 4161 3441 4216 exhibebit.
3481 4161 3646 4228 Cujus
3681 4166 3756 4216 rei

2187 4254 2548 4309 testimonium
2575 4270 2736 4310 unum
2756 4257 2861 4324 peti
2894 4262 3069 4322 potest
3109 4269 3176 4309 ex
3204 4254 3287 4309 his
3317 4255 3506 4325 psalmi
3541 4257 3755 4310 verbis:

2186 4347 2389 4418 Lingua
2437 4366 2552 4403 mea
2605 4348 2840 4400 calamus
2876 4346 3061 4401 scriba:
3106 4347 3344 4402 velociter
3376 4343 3653 4398 'cribentis
3672 4345 3758 4404 ⁵⁸⁸.

2187 4442 2317 4496 Nam
2345 4441 2594 4497 versiculi
2623 4440 2779 4510 hujus
2812 4441 3119 4511 explicatio,
3145 4455 3305 4510 quam
3335 4440 3387 4492 in
3426 4447 3763 4493 commenta-

2115 4534 2159 4588 D
2191 4536 2268 4588 rio
2300 4535 2544 4604 legimus,
2567 4533 2612 4587 si
2645 4549 2747 4588 non
2778 4543 2908 4598 tota,
2944 4546 2993 4588 at
3028 4533 3143 4601 ejus
3175 4547 3299 4600 pars
3335 4546 3526 4602 magna
3555 4547 3620 4586 ex
3655 4530 3760 4585 Ba-

2188 4628 2290 4682 silii
2313 4629 2557 4682 oratione
2579 4638 2788 4696 sumpta
2812 4635 2912 4683 est.
2944 4625 3146 4680 Deinde
3180 4639 3294 4677 rem
3324 4626 3570 4678 eamdem
3609 4626 3761 4679 miri-

2189 4721 2286 4775 tice
2313 4724 2600 4775 contirmat
2638 4719 2763 4771 illud
2800 4717 3168 4771 commentarii
3203 4732 3326 4783 pag.
3366 4715 3469 4768 834
3502 4734 3514 4767 :
3552 4717 3759 4786 Τροπι-

2190 4814 2298 4878 κῶς
2329 4811 2609 4883 ἡγούμεθα
2636 4812 2809 4866 ταῦτα
2832 4810 3078 4881 λελέχθαι
3109 4809 3196 4862 διὰ
3219 4810 3316 4880 τὴν
3355 4809 3631 4879 σάρκωσιν
3667 4805 3760 4860 τοῦ

2189 4902 2321 4955 Θεοῦ
2353 4902 2545 4969 Λόγου,
2588 4903 2646 4959 ὃς
2684 4904 2799 4954 ἐστι
2830 4900 3135 4970 τομώτερος
3175 4898 3315 4968 ὑπὲρ
3355 4899 3534 4950 πᾶσαν
3563 4897 3762 4966 μάχαι-

2192 5010 2308 5062 ραν.
2340 4994 2479 5046 Διότι
2505 4997 2533 5046 ὁ
2567 4994 2737 5064 μηρὸς
2766 4990 3031 5060 σύμϐολόν
3071 4991 3184 5041 ἐστι
3222 4989 3317 5058 τῆς
3347 4988 3491 5041 κατὰ
3547 4986 3763 5054 γένεσιν

2190 5089 2486 5160 ἐνεργείας.
2535 5086 2750 5156 Ἐπειδῆ
2802 5086 2856 5137 δὲ
2896 5085 3077 5156 μέλλει
3107 5080 3471 5138 συνάπτεσθαι
3496 5082 3562 5150 τῇ
3600 5079 3763 5133 ἀσθε-

2185 5185 2301 5254 νείᾳ
2329 5184 2428 5252 τῆς
2465 5183 2663 5251 σαρκὸς
2713 5184 2741 5233 ὁ
2786 5179 3037 5250 Χριστὸς,
3081 5176 3258 5238 καλῶς
3308 5176 3625 5246 πρόσκειται
3676 5175 3760 5234 τὸ,

2187 5275 2429 5330 Avi-ate.
2465 5274 2743 5342 Μεγίστης
2779 5274 2884 5342 γὰρ
2914 5271 3212 5340 δυνάμεως,
3230 5267 3291 5320 τὸ
3311 5266 3604 5336 δυνηθῆναι
3629 5264 3762 5318 Θεὸν

2189 5371 2244 5420 ὲν
2273 5365 2558 5438 ἀνθρώπου
2582 5363 2739 5434 φύσει
2765 5362 3034 5433 γενέσθαι.
3067 5381 3083 5412 ι
3121 5359 3371 5430 Figuratc
3391 5360 3762 5411 existimamus

2190 5460 2301 5514 lure
2348 5460 2490 5513 dicta
2540 5474 2661 5511 esse
2696 5467 2914 5525 propter
2969 5455 3396 5508 incarnationem
3437 5449 3600 5503 Verbi
3646 5448 3760 5508 Dei.

2189 5551 2328 5618 (ιιιυά
2353 5550 2498 5603 omni
2534 5548 2715 5617 gladio
2739 5546 2948 5599 acutius
2977 5555 3078 5598 est.
3118 5541 3381 5607 Quoniam
3416 5539 3590 5592 femur
3618 5551 3764 5607 sym-

2339 5656 2654 5710 ⁸¹⁸ί1›ἰι1.5.
2733 5653 3003 5710 "ibid.6.
3081 5651 3295 5708 "‘ibid.
3329 5651 3379 5704 7.
3459 5647 3666 5704 "ibid.
3704 5643 3761 5707 9.

2257 5843 2326 5910 (tv)
2361 5842 2484 5910 ch.
2519 5854 2664 5893 num.
2696 5837 2782 5890 35.
