4040 6438
1350 392 1410 448 D.
1455 392 1601 449 ιω..
1642 391 1969 448 GARNEBII
2004 390 2390 449 PBEFATIO.

3337 410 3475 453 οονιι

247 514 429 570 bolum
468 512 920 599 estpperationis
959 510 1302 582 generatis-ar.
1331 512 1466 568 Cum
1498 528 1626 569 vero
1652 514 1801 568 Chri-
1841 520 1882 577 Α
1918 528 2041 569 raro
2074 516 2155 568 bis
2178 524 2270 567 aut
2300 523 2381 568 ter
2415 514 2466 567 in
2501 514 2684 567 eadem
2724 514 3089 569 commentarii
3123 516 3316 584 pagina
3346 516 3478 587 legi-

245 610 369 659 stus‘
415 604 715 659 inlirmitati
764 602 943 657 carnis
996 602 1329 672 copulandas
1380 614 1543 670 esset,
1592 605 1813 676 pulchre

246 697 481 761 additur,
529 694 915 750 Potentissinte.
945 694 1191 751 Maxima
1217 696 1359 751 enim
1399 698 1650 767 potentiae
1670 707 1811 762 erat,

245 801 406 855 posse
451 788 614 841 Deum
662 787 807 840 nasci
858 787 908 839 in
954 796 1144 840 natura
1188 787 1440 842 hominis.
1480 808 1500 840 ι
1538 788 1811 859 Siquidem

245 876 482 932 Basilius
514 876 790 945 explicans
829 875 980 944 illud,
1008 877 1287 947 Accingere
1320 876 1499 946 gladio
1536 890 1626 932 luo
1662 895 1814 947 super

249 968 422 1036 femur
463 976 631 1030 tuum,
660 968 1010 1036 potentissime
1043 967 1154 1034 “",
1171 968 1350 1023 verbis
1390 968 1574 1023 iisdem
1623 970 1811 1037 utitur,

249 1061 330 1115 sic
366 1070 571 1122 tamen,
612 1069 671 1113 ut
714 1056 883 1111 fusior
925 1057 997 1112 sit
1035 1057 1177 1112 illius
1222 1057 1611 1127 interpretatio.
1670 1062 1812 1117 ldem

248 1151 475 1206 omnino
508 1150 840 1205 sentiendum
874 1148 941 1204 de
970 1149 1090 1203 aliis
1132 1149 1448 1218 quibusdam
1479 1153 1667 1217 psalmi
1695 1169 1816 1209 ver-

250 1240 461 1307 siculis,
492 1256 719 1311 quorum
755 1239 1170 1309 explicationem
1203 1240 1283 1293 bis
1309 1241 1506 1294 editam
1547 1244 1811 1310 videmus,

250 1333 420 1389 semel
468 1334 523 1387 in
556 1334 968 1396 commentario,
1001 1332 1195 1385 iterum
1245 1331 1297 1386 in
1341 1330 1518 1387 Basilii
1552 1335 1812 1391 oratione.

250 1426 382 1494 Ejus
410 1424 627 1497 generis
658 1423 908 1478 versiculi
950 1431 1070 1476 sunt
1098 1438 1111 1476 :
1157 1420 1376 1493 Myrrha
1409 1435 1456 1476 et
1484 1435 1628 1494 gutta
1647 1436 1694 1479 et
1726 1442 1815 1479 ca-

250 1518 333 1572 sia
355 1534 387 1570 a
420 1515 853 1571 tmtimentisluis
877 1532 909 1567 a
940 1513 1182 1569 domibus
1203 1515 1439 1569 eburneis
1455 1516 1502 1549 "
1523 1534 1538 1582 ;
1562 1528 1617 1572 et
1649 1540 1661 1574 :
1691 1518 1818 1573 0m-

252 1610 334 1662 uis
355 1607 525 1678 gloria
549 1606 675 1674 ﬁlia:
695 1605 829 1675 regis
862 1606 925 1659 ab
950 1606 1089 1658 intus
1111 1606 1201 1669 ⁸⁸⁶;
1221 1613 1273 1657 et
1302 1622 1316 1658 :
1351 1606 1688 1661 Adducenlur
1711 1610 1815 1677 regi

252 1700 480 1769 uirgines
534 1708 648 1768 post
694 1714 808 1752 eam
857 1697 926 1752 ⁸⁸.
976 1697 1042 1751 Et
1084 1712 1212 1751 vero
1255 1699 1499 1768 quisquis
1532 1711 1818 1769 utrumque

250 1804 391 1857 opus
427 1789 705 1852 evolverit,
742 1789 909 1843 multa
946 1789 1010 1843 ad
1043 1789 1262 1843 verbum
1296 1800 1387 1843 aut
1424 1805 1453 1844 e
1486 1789 1664 1845 Basilii
1696 1807 1819 1846 ora-

1916 618 2021 669 tur,
2054 605 2135 659 vel
2158 606 2268 660 sola
2302 608 2437 660 satis
2475 604 2712 660 ostendit
2736 620 2859 659 eum
2894 605 3361 669 commentarium,
3384 609 3478 675 qui

1913 697 2130 752 nomine
2175 694 2439 750 Theodori
2496 694 2826 749 lleracleoue
2881 693 3301 760 circumfertur,
3361 696 3479 767 ejus

1911 788 2071 841 unius
2112 786 2277 841 fetum
2332 802 2435 840 non
2490 800 2631 848 esse,
2697 784 2791 839 sed
2844 786 3169 851 multorum;
3210 784 3279 839 ob
3316 785 3479 855 idque

1912 893 2017 933 non
2047 886 2371 938 erraturum,
2398 877 2487 946 qui
2518 876 2619 931 hoc
2645 876 2828 946 operis
2860 876 2912 929 in
2950 886 3261 931 catenarum
3290 890 3479 930 nume-

1913 984 1974 1025 ro
2016 976 2257 1038 reponet.
2306 966 2371 1021 Et
2399 981 2529 1021 vero
2569 966 2614 1020 si
2647 980 2734 1021 res
2780 966 3089 1036 diligentius
3119 969 3478 1035 expendatur,

1913 1060 2013 1116 hac
2037 1075 2191 1126 voce,
2238 1077 2256 1112 ι
2279 1059 2437 1121 alius,
2472 1076 2491 1110 ι
2524 1058 2679 1113 modo
2695 1058 2965 1128 designari
2994 1057 3301 1127 Origenem,
3320 1058 3478 1114 modo

1913 1152 2203 1207 Eusebium
2249 1150 2656 1211 Cazsariensem.
2712 1150 2869 1203 modo
2909 1150 3283 1215 Athanasium,
3321 1151 3479 1206 modo

1917 1243 2222 1313 Didymum,
2292 1242 2453 1296 modo
2510 1239 2926 1308 Apollinarium,
2985 1240 3141 1295 modo
3197 1238 3475 1308 Basiliam,

1916 1335 2073 1386 modo
2105 1331 2571 1401 Chrysostumum,
2600 1330 2762 1383 modo
2791 1328 3187 1383 Theodoretum
3220 1338 3312 1382 aut
3340 1329 3478 1385 alios

1915 1423 2151 1492 quosvis,
2186 1423 2367 1491 negari
2422 1437 2526 1476 non
2562 1420 2783 1491 poterit.
2822 1420 2927 1474 Sed
2966 1419 3210 1488 exempla
3250 1434 3417 1488 pauca
3446 1436 3479 1476 e

1918 1514 2097 1569 multis
2141 1512 2405 1580 subjicere
2452 1520 2690 1582 prmstat,
2723 1510 2918 1579 quibus
2952 1527 3038 1565 res
3085 1513 3157 1567 ita
3197 1511 3480 1567 manifesta

1918 1604 2031 1668 list,
2062 1604 2318 1659 utnullus
2352 1603 2668 1658 dubitationi
2697 1602 2843 1659 locus
2882 1602 3235 1670 relinquatur.

1986 1694 2077 1749 44.
2134 1693 2349 1747 Initium
2383 1694 2451 1747 ab
2504 1694 2738 1749 Eusebio
2782 1692 2976 1747 ducere
3001 1693 3172 1746 visum
3202 1702 3305 1757 est,
3336 1693 3483 1760 quod

1918 1783 2229 1841 Corderiani
2290 1785 2662 1838 commentarii
2714 1798 2839 1852 pars
2884 1798 2988 1837 non
3034 1784 3254 1837 minima
3300 1798 3366 1839 ex
3412 1800 3481 1839 eo

253 1881 404 1937 tione
432 1881 483 1934 in
518 1884 991 1945 commentarium,
1023 1892 1116 1937 aut
1151 1898 1180 1937 θ
1209 1883 1596 1938 commentario
1627 1884 1677 1937 in
1714 1884 1815 1938 Ba-
1849 1892 1891 1947 Β
1920 1886 2129 1947 sumpta
2169 1889 2288 1929 esse
2314 1875 2576 1929 videatur.
2595 1875 2809 1929 Eusebii
2839 1874 2999 1941 igitur
3028 1877 3189 1929 verba
3218 1886 3340 1931 sunt
3366 1878 3481 1931 haec

251 1972 359 2026 silii
408 1972 707 2028 orationem
774 1972 1028 2026 translata
1073 1987 1194 2027 esse
1249 1972 1404 2027 facile
1453 1989 1518 2028 ex
1577 1974 1812 2029 locorum

250 2064 541 2120 collatione
560 2074 870 2133 cognoscet.
890 2063 1065 2119 Pauca
1093 2066 1304 2134 quidem
1331 2076 1455 2121 sunt
1485 2068 1537 2118 iu
1558 2067 1813 2133 psalmum

250 2157 636 2226 sexagesimum
681 2156 931 2224 primum,
985 2172 1103 2226 quae
1144 2156 1512 2211 commentarii
1568 2157 1814 2225 scriptori

250 2262 376 2301 cum
415 2245 617 2300 Basilio
655 2249 959 2301 communia
986 2249 1093 2302 sint
1117 2264 1130 2311 ;
1158 2248 1249 2301 sed
1292 2258 1471 2301 tamen
1503 2250 1815 2314 quantulum

254 2337 305 2385 id
358 2350 568 2404 cunque
606 2347 711 2401 est,
771 2352 881 2391 rem
929 2352 988 2391 se
1042 2338 1111 2390 ita
1166 2338 1403 2403 habere,
1458 2349 1516 2392 ut
1563 2339 1815 2403 diximus,

252 2428 509 2482 ostendit.
546 2427 760 2482 Lectam
788 2429 951 2499 igitur
977 2430 1096 2482 volo
1118 2430 1170 2481 in
1204 2438 1430 2496 utroque
1458 2444 1617 2497 opere
1651 2444 1816 2497 expo-

252 2520 502 2572 sitionem
553 2520 708 2588 hujus
747 2521 1013 2584 versiculi,
1040 2518 1161 2572 Non
1196 2522 1435 2573 movebar
1453 2519 1677 2589 amplius
1698 2521 1767 2553 ⁸⁸⁸
1799 2539 1813 2576 :

254 2626 417 2676 quam
466 2612 554 2677 qui
587 2610 791 2678 legerit,
829 2611 948 2666 falsi
1004 2626 1337 2681 nequaquam
1390 2628 1486 2667 nos
1522 2614 1814 2669 accusabit.

251 2699 410 2764 Quod
439 2698 484 2753 si
517 2700 748 2769 cuipiam
781 2700 882 2755 hoc
921 2700 1163 2755 sufficere
1215 2717 1318 2753 non
1352 2701 1579 2762 videtur,
1642 2702 1820 2755 rideat

252 2790 687 2858 explanationem
718 2794 1000 2845 verborum
1040 2792 1276 2853 illorum,
1305 2788 1409 2844 Ore
1436 2807 1529 2842 suo
1554 2792 1817 2844 benedice-

256 2883 381 2932 bant
415 2880 483 2930 ⁸⁷.
521 2880 757 2947 Denique
780 2882 1145 2934 commentarii
1186 2890 1371 2933 auctor
1408 2890 1460 2933 et
1495 2880 1718 2935 Basilius
1749 2882 1818 2934 ita

256 2972 685 3038 interpretantur
717 2972 881 3025 verba
924 2970 1009 3024 illa
1050 2971 1239 3039 psalmi
1290 2973 1562 3025 centesimi
1593 2974 1768 3041 quarti
1802 2991 1815 3027 :

258 3060 399 3115 Deus
440 3072 614 3115 noster
654 3062 922 3114 miseretur
946 3062 1039 3124 ’νς
1089 3070 1143 3115 et
1176 3079 1189 3114 :
1234 3061 1543 3115 Custodiens
1580 3063 1819 3131 parvulos

257 3151 516 3206 Dominus
546 3152 612 3215 ⁸⁸,
649 3161 705 3205 ut
749 3152 1033 3220 aliquando
1076 3152 1236 3207 unius
1280 3153 1650 3221 interpretatio
1698 3169 1817 3208 cum

1916 1986 1980 2025 ex
2017 1970 2362 2024 enarratione
2396 1969 2449 2022 in
2477 1968 2730 2036 psalmum
2752 1967 2975 2035 primunt
3004 1982 3021 2019 :
3062 1967 3214 2020 Ἐπεὶ
3240 1966 3482 2035 φυσικῶς

1915 2061 2223 2132 ὀρεγόμεθα
2255 2062 2455 2123 πάντες
2491 2060 2584 2111 τοῦ
2613 2059 2871 2129 μακάριοι
2899 2054 3055 2122 εἶναι,
3095 2058 3244 2121 τέλος
3274 2058 3480 2126 ἀγαθοῦ

1914 2154 1975 2206 τὸ
2035 2152 2300 2222 μακάριον
2357 2149 2679 2221 ὁριζόμενοι,
2759 2148 3184 2219 πεπλανημένως
3247 2165 3311 2216 γε
3374 2148 3480 2218 μὴν

1917 2244 2098 2297 πολλοὶ
2125 2243 2282 2297 τοῦτο
2314 2242 2660 2311 μεταδιώκειν
2688 2243 2744 2294 ὲν
2767 2241 3031 2311 σωμάτων
3058 2241 3269 2310 ἡδοναῖς
3296 2239 3484 2311 ἡγοῦν-

1916 2355 2071 2391 ται...
2103 2337 2367 2397 εἰκότωςὸ
2389 2335 2543 2404 λόγος
2572 2336 2629 2386 ὲν
2656 2333 2864 2397 τούτοις
2894 2333 3013 2386 ὅθεν
3039 2333 3206 2402 ἐχρῆν
3230 2332 3326 2403 τὴν
3347 2350 3482 2385 κατ-

1912 2428 2082 2501 αρχὴν
2114 2429 2403 2497 ἐποιήσατο
2445 2431 2548 2495 τῆς
2587 2428 2725 2479 κατὰ
2749 2427 2879 2480 Θεὸν
2908 2425 3195 2495 ὑμνῳδίας.
3228 2425 3318 2478 τὸν
3351 2426 3484 2497 ἁλη-

1916 2522 2023 2585 θῶς
2061 2521 2323 2591 μακάριον
2340 2519 2433 2572 καὶ
2452 2518 2639 2581 τέλους
2662 2517 2862 2588 ἀγαθοῦ
2889 2518 2978 2570 τὸν
3017 2516 3166 2588 παρά
3184 2516 3302 2587 Θεῷ
3326 2517 3485 2587 ἠξιω-

1922 2614 2081 2684 μένον
2110 2611 2459 2684 ὐπογράφων.
2492 2629 2512 2662 r
2550 2612 2990 2681 Quandoquidem
3014 2612 3097 2665 vel
3135 2612 3249 2680 ipso
3279 2621 3485 2665 natura

1918 2706 2174 2759 instinctu
2204 2719 2394 2758 omnes
2415 2703 2801 2757 beatitudinem
2821 2704 3143 2772 appetimus,
3178 2702 3301 2756 boni
3324 2702 3482 2756 linem

1918 2805 2218 2851 statuentes
2244 2796 2578 2859 felicitatem,
2611 2810 2902 2864 erroreque
2938 2795 3131 2849 mentis
3158 2796 3299 2849 ducti
3330 2810 3482 2848 com-

1918 2890 2099 2958 plures
2128 2888 2270 2940 illam
2318 2889 2372 2940 in
2416 2888 2786 2955 voluptatibus
2824 2888 3098 2953 corporeis
3141 2887 3481 2954 qnmrendam

1919 2988 2170 3049 putant...
2204 2979 2329 3033 hinc
2359 2977 2481 3046 jure
2524 2979 2844 3048 hymnorum
2873 2978 2939 3031 ad
2967 2976 3133 3030 Deum
3161 2978 3489 3031 laudandum

1921 3072 2196 3126 exordium
2229 3072 2447 3124 ductum
2480 3080 2582 3134 est,
2623 3070 3054 3137 describiturque
3085 3071 3329 3139 quisnam
3355 3085 3485 3124 vere

1923 3166 2108 3218 beatus
2137 3166 2228 3228 sit,
2262 3176 2424 3234 atque
2454 3164 2647 3219 bonum
2684 3163 2839 3216 linem
2873 3178 2900 3215 a
2930 3164 3037 3217 Deo
3065 3172 3478 3229 consequatur»

256 3246 485 3301 alterius
542 3246 983 3315 interpretatione
1055 3245 1184 3313 ipsis
1251 3246 1432 3299 verbis
1490 3245 1816 3315 syllabisque
1846 3228 1887 3284 (ἶ
1923 3254 2012 3307 Sic
2050 3264 2226 3307 autem
2258 3228 2632 3307 commentarii
2666 3261 2855 3303 auctor
2891 3250 3123 3317 loquitur
3163 3228 3486 3321 εΜακαριό-

255 3337 563 3393 conveniat.
601 3336 903 3407 Intelligere
938 3337 1065 3390 licet
1114 3351 1235 3391 cum
1267 3350 1329 3389 ex
1374 3336 1440 3389 iis
1471 3350 1591 3405 qua:
1618 3338 1821 3390 exscri-

253 3429 484 3498 psimus,
518 3437 631 3482 tum
686 3428 921 3482 maxime
953 3442 1017 3481 ex
1070 3427 1136 3482 iis
1188 3443 1307 3497 qua:
1344 3427 1568 3497 quisque
1610 3428 1662 3482 in
1693 3428 1821 3496 ipsis

257 3520 413 3575 libris
446 3520 625 3588 legere
655 3528 851 3587 potest,
893 3528 984 3572 aut
1011 3516 1270 3573 Basilium
1300 3517 1464 3574 fuisse
1485 3517 1816 3588 plagiarium,

257 3626 366 3665 non
389 3625 554 3663 unum
586 3609 816 3678 aliquem
835 3623 865 3661 e
894 3608 1096 3671 multis,
1124 3609 1215 3661 sed
1247 3622 1499 3676 perquam
1520 3608 1779 3675 insignem
1801 3646 1817 3670 ,

261 3714 355 3755 aut
398 3701 587 3756 isthmc
637 3700 979 3754 librariorum
1037 3714 1201 3767 opera
1252 3699 1306 3753 in
1338 3698 1519 3752 Basilii
1552 3699 1820 3754 orationes

261 3794 571 3863 irrepsisse,
630 3801 721 3845 aut
773 3793 1061 3847 maximam
1107 3803 1311 3862 partem
1352 3775 1654 3845 orationum
1704 3805 1822 3859 qua:

260 3884 443 3939 Basilii
477 3881 693 3937 nomine
733 3881 1202 3945 circumferuntur,
1248 3883 1313 3935 ad
1358 3896 1479 3934 eum
1521 3897 1626 3934 non
1657 3880 1822 3950 perti—

260 3989 414 4040 nere.
460 3983 554 4028 aut
606 3972 832 4043 denique
879 3970 1215 4027 Theodorum
1254 3971 1620 4027 Heracleotem
1675 3987 1820 4027 com-

260 4067 516 4123 mentarii
564 4074 836 4119 auctorem
894 4078 1000 4118 non
1052 4078 1197 4117 esse.
1248 4063 1353 4119 Sed
1393 4064 1644 4117 Basilium
1687 4064 1823 4119 inter

258 4162 503 4228 insignes
538 4157 826 4227 plagiarios
874 4158 1161 4221 recenseri,
1194 4157 1314 4226 quis
1358 4158 1536 4210 animo
1571 4172 1724 4225 sequo
1748 4155 1822 4210 le-

260 4252 380 4305 rat?
408 4251 485 4305 Ex
518 4251 622 4303 alia
656 4258 825 4319 parte,
857 4251 940 4302 cui
986 4250 1275 4303 verisimile
1306 4248 1391 4304 fiet
1437 4257 1543 4301 tam
1585 4246 1751 4299 multa
1790 4261 1820 4299 a

262 4339 504 4394 librariis
550 4338 720 4393 fuisse
756 4338 953 4391 inserta
997 4337 1183 4391 Basilii
1216 4336 1584 4392 orationibus?
1611 4334 1719 4390 Nec
1741 4336 1820 4389 vi-

257 4434 364 4487 deo
394 4445 632 4501 quoque,
659 4428 931 4498 quomodo
971 4429 1237 4482 orationes
1277 4427 1471 4481 Basilio
1500 4438 1574 4481 tot
1606 4427 1822 4482 saeculo-

264 4541 385 4580 rum
442 4524 614 4593 spatio
660 4523 933 4592 ascriptae,
985 4520 1037 4575 in
1086 4522 1279 4590 quibus
1332 4521 1525 4589 alioqui
1577 4520 1823 4574 dictionis

259 4614 548 4670 Basilianaz
583 4614 779 4669 indicia
812 4629 915 4668 non
957 4616 1183 4667 obscura
1218 4621 1449 4677 exstant,
1486 4627 1582 4680 pro
1627 4611 1823 4682 spur-iis

262 4707 455 4763 haberi
506 4704 744 4775 possint?
786 4704 1068 4773 Reliquum
1123 4704 1287 4773 igitur
1338 4712 1421 4758 est
1469 4714 1526 4756 ut
1577 4714 1823 4771 putemus

259 4802 406 4853 hunc
465 4797 908 4852 commentarium
960 4794 1226 4848 Theodori
1298 4793 1623 4848 lleracleotre
1690 4808 1825 4861 opus

263 4903 371 4943 non
411 4902 554 4950 esse,
582 4885 675 4941 sed
698 4885 977 4951 scriptoris
1011 4882 1257 4949 alicujus,
1296 4883 1387 4953 qui
1412 4898 1532 4935 eum
1570 4898 1600 4936 e
1628 4881 1823 4935 Basilio

263 4976 534 5049 permulta
583 4975 894 5045 sumpserit,
933 4974 1127 5029 Basilio
1149 4974 1384 5028 simulet
1420 4972 1699 5026 Theodoro
1729 4986 1823 5037 po.-

263 5070 461 5124 sterior
497 5068 585 5123 sit.
618 5065 723 5121 Sed
749 5065 925 5118 adhuc
952 5067 1118 5133 qumri
1163 5072 1338 5132 potest
1371 5074 1547 5115 utrum
1593 5061 1821 5127 scriptor

263 5157 353 5211 ille
382 5158 648 5227 posterior
670 5154 912 5225 quisquis
935 5162 1037 5216 est,
1074 5154 1136 5204 de
1164 5168 1260 5206 suo
1289 5150 1646 5219 composuerit
1678 5164 1821 5203 com-

263 5248 615 5313 mentarium,
652 5263 720 5299 an
745 5242 920 5315 potius
946 5242 1189 5296 eumdem
1213 5257 1243 5293 e
1271 5240 1556 5294 multorum
1575 5241 1823 5312 operibus

268 5338 628 5395 concinnarit.
659 5337 740 5390 Ad
767 5349 924 5405 quam
956 5334 1303 5399 «laxationem
1330 5332 1635 5388 solvendam
1655 5350 1826 5403 neque

271 5432 485 5500 longqu
520 5436 751 5491 tempus,
782 5439 951 5490 neque
970 5421 1192 5477 multum
1219 5425 1454 5479 laborem
1487 5438 1577 5481 aut
1592 5430 1824 5483 Studium

272 5518 471 5587 requiri
503 5515 846 5571 arbitramur.
876 5512 1007 5569 Nam
1040 5529 1140 5568 vox
1178 5517 1283 5583 illa,
1309 5537 1325 5569 ι
1350 5518 1508 5587 alius,
1540 5536 1693 5590 aqua:
1727 5538 1827 5575 non

338 5729 572 5785 “"Psal.
612 5734 763 5787 XLIV.
806 5730 857 5785 ἱ.
933 5734 977 5765 "
1000 5735 1121 5790 ibid.
1158 5738 1207 5792 9.
1281 5738 1345 5767 ⁸⁵⁸
1375 5736 1496 5790 ibid.
1533 5738 1613 5791 Η.
1692 5737 1733 5767 5‘
1768 5736 1889 5789 ibid.
1927 5738 2003 5789 lii.

272 5802 314 5833 ’³
343 5805 464 5859 nni.
492 5803 542 5858 6.
621 5804 685 5836 ³⁸·
721 5806 859 5863 Puri.
897 5821 930 5871 ι,
959 5803 1009 5857 5.

1921 3361 2075 3414 τητος
2118 3345 2216 3413 μὲν
2256 3343 2411 3411 φύσει
2455 3342 2692 3404 ἅπαντες
2732 3340 3053 3410 ὀρεγόμεθα,
3100 3341 3251 3404 τέλος
3281 3341 3482 3410 ἀγαθοῦ

1919 3436 1978 3487 τὸ
2011 3434 2277 3503 μακάριον
2317 3430 2642 3503 ὁριζόμενοι,
2695 3432 2829 3485 Ἀλλ’
2874 3431 3060 3503 ἐπειδή
3106 3448 3249 3495 τινες
3284 3435 3341 3484 ὲν
3375 3448 3483 3484 σω-

1923 3527 2169 3597 ματικοῖς
2196 3524 2419 3593 ἀγαθοῖς
2445 3525 2602 3578 τοῦτο
2640 3520 2777 3578 εἶναι
2809 3525 3088 3594 νομίζουσι
3122 3523 3484 3595 πλανώμενοι,

1920 3617 2141 3680 εἰκότως
2182 3617 2304 3670 ὃθεν
2335 3617 2521 3687 ὲχρῆν,
2569 3619 2667 3688 τὴν
2715 3616 2977 3687 ἁρμονίαν
3007 3616 3037 3668 ὁ
3073 3614 3228 3683 λόγος
3263 3615 3487 3685 ἐποίησε

1919 3712 2016 3779 τῆς
2052 3707 2193 3762 κατὰ
2224 3708 2354 3761 Θεὸν
2390 3708 2681 3779 ὑμνῳδίας,
2725 3708 2815 3759 τὸν
2854 3707 3068 3775 ἀληθῶς
3099 3706 3365 3778 μακάρων
3390 3705 3489 3760 καὶ

1920 3800 2070 3864 τέλος
2087 3799 2289 3868 ἀγαθοῦ
2316 3799 2465 3868 παρά
2488 3797 2603 3867 Θεῷ
2619 3797 2918 3868 ἠξιωμένον
2940 3798 3290 3867 ὑπογράφων.
3319 3817 3336 3849 t
3361 3796 3489 3850 Bea-

1924 3891 2203 3945 titudinem
2238 3889 2454 3958 quidem
2489 3899 2677 3943 natura
2723 3903 2913 3943 omnes
2951 3891 3283 3959 appetitnus,
3324 3888 3486 3943 liuent

1922 3980 2045 4035 boui
2091 3980 2476 4034 beatitudinem
2526 3988 2843 4033 statuentes.
2876 3975 3068 4031 Verum
3108 3992 3227 4030 cum
3258 3990 3489 4031 errones

1922 4070 2162 4124 nonnulli
2191 4073 2241 4123 in
2280 4069 2555 4138 corporeis
2591 4068 2743 4122 bonis
2778 4069 2917 4122 hanc
2942 4070 3102 4121 sitam
3134 4067 3489 4131 arbitrentur,

1923 4162 2131 4225 merito,
2166 4161 2305 4215 unde
2335 4158 2912 4223 conveniebat,divin;e
2948 4159 3118 4212 laudis
3150 4157 3489 4211 harmoniam

1924 4254 2012 4308 hic
2038 4267 2217 4308 sermo
2248 4251 2607 4315 concinnavit,
2641 4252 2765 4304 dum
2802 4263 2927 4304 vere
2974 4250 3187 4302 beatum
3220 4256 3276 4301 et
3314 4248 3408 4315 qui
3454 4262 3488 4300 α

1922 4343 2032 4399 Deo
2064 4343 2219 4397 finem
2273 4342 2397 4396 boni
2446 4344 2671 4410 adeptus
2727 4348 2830 4403 est,
2884 4338 3158 4393 describit.
3189 4356 3208 4389 ι
3242 4338 3485 4403 Accedit,

1922 4438 2066 4505 quod
2088 4435 2321 4503 scriptor
2353 4442 2596 4501 uterque,
2626 4432 2886 4485 Eusebius
2912 4439 2964 4483 et
2996 4429 3372 4482 commentarii
3397 4442 3488 4481 au-

1923 4537 2060 4592 ctor,
2119 4525 2548 4594 explanationem
2606 4522 2890 4575 verborum
2942 4520 3208 4574 illorum:
3266 4517 3337 4572 Et
3386 4522 3485 4573 erit

1921 4629 2165 4688 tauquam
2190 4617 2382 4683 lignum
2423 4613 2558 4681 quod
2582 4613 2871 4681 plumatum
2906 4622 2978 4665 est
3001 4610 3091 4675 ⁵⁸⁸,
3130 4619 3262 4676 etc.,
3310 4611 3490 4665 verbis

1923 4710 2110 4765 iisdem
2138 4718 2191 4758 ct
2222 4705 2443 4775 syllabis
2466 4703 2723 4756 ordiatur.
2754 4702 2964 4755 Etenim
2999 4702 3051 4754 in
3085 4701 3297 4756 Eusebii
3326 4716 3491 4771 opere

1925 4804 2002 4853 sic
2026 4799 2224 4851 editum
2258 4795 2597 4849 invenimus:
2649 4794 2775 4849 '0...
2810 4792 2888 4863 τῷ
2927 4792 3061 4865 θείῳ
3096 4792 3369 4864 σχολάζων
3401 4794 3490 4847 νό-

1929 4904 2034 4957 μῳ,
2067 4885 2295 4947 καὶτοῖς
2334 4882 2393 4947 ἐξ
2424 4882 2588 4937 αὐτοῦ
2631 4884 2864 4951 λογικοῖς
2902 4885 3134 4954 νάμασιν
3176 4884 3491 4957 ἀρδόμενος,

1927 4975 2132 5046 σφόδρα
2168 4975 2379 5038 οἰκείως
2399 4975 2548 5047 φυτῷ
2576 4975 2703 5047 παρ’
2731 4975 2918 5031 ὕδασιν
2946 4975 3295 5048 ὲρριζωμένῳ
3318 4992 3493 5047 παρα-

1926 5067 2202 5141 ϐέϐληται.
2234 5087 2252 5119 t
2300 5068 2679 5135 Qui...divina:
2709 5070 2807 5140 legi
2846 5081 3020 5134 vacat,
3055 5082 3108 5125 et
3128 5069 3497 5137 spiritualibus

1929 5162 2057 5217 rivis
2096 5175 2160 5215 ex
2195 5174 2257 5213 ea
2289 5158 2575 5216 ﬂuentibus
2624 5161 2897 5228 irrigatur,
2939 5161 3224 5214 admodum
3252 5163 3498 5229 apposite

1930 5253 2106 5322 ligno,
2150 5251 2300 5321 cujus
2350 5254 2556 5308 radices
2592 5252 2836 5322 proxime
2878 5266 3043 5320 aquas
3088 5250 3276 5319 positae
3335 5263 3498 5313 sunt.

1933 5353 2292 5408 comparatur.
2334 5361 2351 5392 ι
2401 5339 2457 5393 In
2512 5342 2902 5395 connnentario
2940 5355 3068 5395 vero
3105 5360 3117 5395 :
3172 5342 3233 5395 '0
3280 5341 3390 5412 γὰρ
3420 5344 3500 5411 τῳ

1934 5432 2059 5499 θείῳ
2090 5432 2359 5502 σχολάζων
2389 5432 2556 5503 νόμῳ,
2586 5431 2678 5483 καὶ
2712 5435 2822 5495 τοῖς
2854 5429 2913 5495 ἐξ
2950 5431 3112 5485 αὐτοῦ
3143 5432 3371 5502 νάμασιν
3404 5432 3489 5503 ἁρ-

1933 5521 2235 5592 δευόμενος,
2264 5520 2337 5591 τῷ
2362 5525 2489 5593 παρ’
2507 5522 2687 5577 ὕδασιν
2710 5521 2902 5577 ἑστῶτι
2924 5523 3125 5592 δένδρῳ
3148 5523 3495 5576 ἀπείκασται.

2084 5739 2147 5768 ⁸⁷⁸·
2184 5738 2320 5793 l‘sal.
2350 5753 2457 5804 ut,
2486 5737 2536 5790 3.
2618 5739 2655 5764 ³⁷
2706 5735 2829 5789 ίωοι.
3006 5733 3068 5763 ’τ’
3100 5732 3237 5783 Psat.
3269 5746 3407 5790 cur.
3441 5730 3488 5783 3.
