4040 6460
505 430 665 472 CCVIII

1855 402 2384 463 PBOLEGOMENA.

514 553 532 584 ς
579 533 682 602 Qui
743 532 888 587 enim
946 532 1140 587 divinas
1202 531 1304 600 legi
1366 541 1550 597 vacat,
1611 539 1663 585 et
1732 529 1917 587 rivulis
1965 523 2418 600 cjusAquidem,
2468 520 2737 576 indecore
2769 519 3119 586 sanctiﬁcata,
3150 521 3355 586 edidit;
3400 517 3755 589 Symmaehu-z

513 626 790 695 irrigatur,
832 623 1160 678 assimilatus
1188 633 1270 678 est
1304 625 1480 678 arbori
1506 625 1656 693 juxta
1685 640 1851 697 aquas
1877 625 2082 679 consti-

515 724 665 771 tutae.
696 735 717 768 ι
756 714 821 769 Ει
854 716 1104 782 quoniam
1153 728 1259 767 non
1315 713 1538 768 multum
1575 715 1740 770 refert
1787 725 1966 770 utrum
2019 729 2082 769 ea

515 825 636 879 qua!
686 807 1125 870 transcribimus,
1175 805 1482 862 cobmreaut
1526 807 1666 862 inter
1725 823 1816 872 se,
1890 822 2081 872 necne,

518 899 766 968 psalmos
781 897 1022 967 singulos
1044 897 1257 952 animus
1279 913 1382 953 non
1405 907 1487 953 est
1513 900 1703 955 ordine
1731 913 2081 966 percurrere:

515 988 611 1042 sed
640 987 894 1056 quidque,
927 994 983 1040 ut
1009 1000 1284 1053 occurret,
1308 992 1570 1045 adnotare
1588 988 2082 1045 satis-habebimus.

517 1077 642 1133 Otio
669 1077 760 1147 qui
797 1077 1036 1134 abundat
1065 1082 1354 1150 quominus
1393 1095 1504 1136 sua:
1537 1080 1836 1135 curiositati
1865 1081 2085 1136 satisfa-

518 1183 646 1224 cere
668 1170 864 1239 possit,
903 1170 1037 1225 nihil
1079 1178 1240 1224 vetat.
1279 1171 1459 1237 Quare
1505 1172 1571 1224 ad
1615 1171 1876 1240 psalmum
1904 1172 2090 1227 vicesi-

519 1278 669 1318 mum
692 1275 940 1321 octavum
968 1265 1340 1329 transibimus,
1368 1281 1399 1318 e
1431 1280 1538 1335 quo
1569 1267 1821 1321 nonnulla
1858 1269 2089 1339 exempli

519 1353 642 1410 loco
668 1359 1034 1424 proferentur,
1066 1358 1110 1413 si
1141 1367 1320 1412 tamen
1351 1358 1502 1426 prius
1531 1359 1899 1414 monueritnus
1924 1359 2092 1414 Euse-

521 1443 733 1500 biumet
755 1450 1128 1502 commentarii
1153 1450 1496 1518 scriptorem,
1517 1451 1640 1504 dum
1666 1450 1880 1505 initium
1901 1453 2089 1522 psalmi

524 1536 721 1592 decimi
749 1541 928 1609 quarti
957 1543 1381 1608 interpretantur
1402 1583 1417 1606 ,
1451 1557 1559 1599 non
1607 1557 1729 1598 raro
1764 1558 1975 1614 quoque
2003 1559 2093 1599 ea-

525 1628 647 1683 dem
679 1631 866 1684 iisdem
907 1631 1089 1686 verbis
1136 1633 1340 1688 dicere.
1395 1633 1519 1689 llmc
1560 1635 1722 1702 igitur
1758 1635 2009 1705 leguntur
2039 1637 2091 1690 in

526 1717 870 1776 enarratione
894 1719 1113 1776 Eusebii
1137 1723 1192 1776 in
1214 1723 1473 1792 psalmum
1497 1724 1793 1777 vicesimum
1821 1733 2054 1778 octavum
2073 1740 2093 1779 :

540 1806 629 1860 Ἐν
656 1802 738 1873 οἷς
761 1812 788 1863 6
813 1809 969 1878 λόγος
993 1811 1091 1881 τὴν
1113 1813 1472 1883 εὐαγγελικὴν
1505 1813 1662 1883 χάριν
1691 1813 1790 1885 τὴν
1816 1814 1895 1877 εἰς
1920 1814 2097 1870 πάντα

2179 628 2329 678 vero,
2363 614 2418 666 in
2463 615 2649 668 decore
2688 625 2889 667 sancto.
2925 611 3048 666 Vult
3092 611 3234 664 enini
3269 629 3366 667 nos
3398 625 3517 666 cum
3546 609 3754 664 decenti

2179 719 2372 761 ornatu
2404 716 2458 760 et
2489 708 2660 762 amica
2692 705 2801 759 Deo
2848 704 3057 775 iustitia
3089 703 3268 756 facere
3308 704 3702 760 adorationem.
3735 725 3753 756 ι

2183 799 2352 852 Velim
2379 798 2583 868 legatur
2609 799 2662 853 in
2690 797 2818 868 ipsis
2847 797 2996 852 libris
3026 805 3132 852 tota
3160 794 3318 864 hujus
3351 797 3452 852 loci
3481 795 3745 867 explana-

2183 892 2283 959 tio,
2320 902 2540 960 tnmque
2579 906 2684 946 una
2727 905 2846 945 cum
2884 891 3049 945 altera
3085 897 3467 956 comparetur;
3513 904 3620 961 quo
3645 887 3760 944 cla-

2183 985 2296 1039 rius
2340 994 2596 1054 appareat
2642 984 3016 1037 commentarii
3071 989 3347 1036 auctorem
3399 981 3535 1036 nihil
3588 980 3763 1048 magis

2184 1074 2381 1141 lacere,
2396 1090 2561 1144 quam
2579 1074 2868 1129 Eusebium
2892 1073 3066 1141 palam
3091 1072 3403 1142 compilare.
3439 1072 3594 1140 Quod
3616 1074 3759 1129 dixi-

2185 1180 2305 1219 mus
2331 1205 2346 1228 ,
2386 1164 2680 1228 vocabulo.
2731 1180 2752 1214 ι
2782 1163 2982 1225 alius,»
3026 1166 3184 1218 modo
3241 1177 3408 1217 unum
3461 1176 3762 1232 auctorem,

2187 1257 2347 1312 modo
2373 1258 2600 1312 alterum
2630 1254 2943 1324 signiﬁcari.
2986 1253 3103 1321 ejus
3135 1254 3437 1322 exemplum
3482 1254 3537 1308 in
3584 1259 3759 1311 inter-

2186 1348 2487 1419 pretatione
2513 1346 2706 1418 psalmi
2751 1345 2991 1401 vicesimi
3025 1349 3151 1401 noni
3188 1347 3434 1401 habetur.
3486 1344 3618 1401 Nam
3659 1365 3761 1402 vox

2188 1455 2290 1506 ea,
2349 1460 2367 1494 ι
2399 1440 2558 1502 alius,
2587 1455 2606 1490 ι
2664 1449 2724 1493 ut
2771 1451 2837 1493 ex
2891 1435 3106 1491 Eusebii
3149 1436 3552 1492 commentariis
3599 1448 3764 1506 patet,

2191 1533 2476 1589 Eusebium
2528 1532 2702 1601 ipsum
2749 1530 2974 1584 indicat.
3017 1525 3344 1583 Omittemns
3377 1541 3494 1598 quae
3545 1529 3767 1598 utrique

2193 1626 2463 1696 scriptori,
2511 1621 3028 1694 pseudo-Theodoro
3077 1628 3133 1675 et
3161 1619 3417 1682 Eusebio.
3463 1621 3768 1674 communia

2195 1729 2321 1774 sunt
2367 1716 2449 1770 vel
2486 1716 2601 1784 ipso
2645 1711 2796 1766 initio
2827 1711 3187 1767 enarrationis
3218 1710 3273 1764 in
3321 1710 3582 1777 psalmum
3613 1711 3770 1764 trice-

2195 1812 2383 1865 simum
2427 1807 2756 1870 secundum;
2793 1803 2885 1859 sed
2928 1817 3046 1872 qua:
3093 1804 3341 1859 dicuntur
3375 1801 3428 1854 in
3476 1801 3591 1855 haec
3627 1798 3772 1868 ejus-

528 1898 782 1968 χυθεῖσαν
810 1900 878 1953 τὰ
911 1900 1031 1955 καθ’
1051 1903 1178 1973 ὅλης
1210 1905 1308 1972 τῆς
1337 1905 1662 1974 οἰκουμένης
1686 1905 1810 1976 ἔθνη
1835 1922 2101 1977 προευαγ-

2206 1901 2318 1956 dem
2368 1895 2562 1966 psalmi
2598 1894 2761 1949 verba
2812 1911 2826 1947 :
2867 1889 2971 1957 Qui
3003 1893 3157 1959 ﬁnxit
3185 1891 3457 1962 sigillatim
3490 1890 3650 1944 corda
3675 1905 3771 1943 eo-

529 1989 882 2062 γελισάμενος
923 2033 938 2047 .
975 2036 988 2049 .
1023 2035 1036 2049 .
1073 2036 1087 2051 .
1129 1995 1300 2050 ταῦτά
1341 2013 1401 2049 τε
1450 1997 1692 2066 κομίζειν
1729 1999 2098 2071 παρακελεύε-

529 2101 654 2150 ται,
689 2087 789 2140 οὐκ
830 2088 1104 2152 Ἰουδαίοις
1124 2130 1138 2151 ,
1169 2091 1303 2143 ἀλλὰ
1337 2093 1456 2155 ταῖς
1490 2096 1746 2164 πατριαῖς
1774 2095 1879 2148 τῶν
1907 2096 2096 2162 ἐθνῶν,

529 2179 562 2246 ἢ
597 2180 737 2232 κατὰ
771 2182 898 2244 τοὺς
927 2181 1144 2246 λοιποὺς
1169 2184 1528 2255 ἐρμηνευτέις,
1573 2186 1699 2252 ταῖς
1725 2190 2101 2255 συγγενείαις

531 2267 651 2322 τῶν
673 2269 836 2324 λαῶν
869 2309 884 2326 .
923 2310 937 2325 .
978 2313 991 2327 .
1032 2313 1046 2328 .
1082 2273 1173 2327 Διὸ
1203 2277 1297 2329 καὶ
1331 2277 1624 2331 ὠϐέλισται
1651 2278 1800 2350 παρὰ
1825 2281 1949 2343 τοὺς
1985 2279 2100 2332 Ἐδ-

533 2359 872 2429 δομήκοντκ,
903 2363 978 2427 ὡς
1015 2364 1088 2436 μὴ
1129 2367 1382 2436 κείμενον
1420 2370 1552 2438 μήτε
1590 2370 1646 2421 ὲν
1688 2370 1764 2437 τῷ
1811 2368 2098 2440 Ἑϐραῖκῷ,

537 2451 673 2518 μήτε
703 2453 854 2519 παρὰ
889 2457 998 2515 τοῖς
1031 2455 1233 2518 λοιποῖς
1267 2460 1630 2519 ἑρμηνευταῖς
1672 2499 1684 2510 .
1719 2499 1731 2513 .
1766 2499 1780 2512 .
1814 2499 1828 2512 .
1875 2460 2016 2513 ’Λντὶ
2044 2461 2101 2513 δὲ

533 2540 648 2602 τοῦ,
697 2543 767 2595 ἐν
815 2543 977 2611 αὐλῇ
1027 2546 1162 2614 ἁγίᾳ
1231 2550 1437 2612 αὑτοῦ,
1487 2551 1515 2603 6
1563 2551 1660 2621 μὲν
1714 2551 1964 2617 Ἀκύλας,
2035 2552 2104 2606 ἐν

535 2632 885 2705 διαπρεπείᾳ
912 2637 1244 2710 ἡγιασμένη
1267 2681 1281 2703 ,
1327 2641 1613 2706 ἐξέδωκενο
1646 2647 1674 2698 6
1708 2643 1762 2698 δὲ
1792 2644 2102 2716 Σύμμαχος,

535 2724 607 2777 ἐν
658 2725 1007 2795 διαπρεπείςι
1060 2729 1216 2797 ἁγίᾳ.
1259 2731 1514 2785 Βούλεται
1555 2734 1661 2804 γὰρ
1704 2736 1849 2804 ἡμᾶς
1881 2738 1910 2788 6
1951 2734 2108 2804 λόγος

539 2817 676 2885 μετὰ
710 2819 799 2870 τοῦ
831 2821 1128 2888 πρέποντος
1155 2823 1355 2890 κόσμου
1393 2825 1483 2875 καὶ
1513 2824 1609 2892 τῆς
1633 2825 1710 2893 τῷ
1733 2826 1850 2894 Θεῷ
1873 2844 2105 2896 προσφι-

536 2907 662 2970 λοῦς
692 2908 1032 2981 δικαιοσύνης
1077 2911 1174 2982 τὴν
1204 2915 1572 2984 προσκύνησιν
1608 2915 1894 2969 ποιεῖσθαι.
1931 2933 1949 2966 t
1979 2917 2107 2982 Qui-

538 3001 640 3055 bus
676 3017 806 3057 sane
839 3003 1205 3074 evangelieam
1242 3008 1465 3076 gratiam
1500 3006 1551 3058 in
1588 3020 1776 3060 omnes
1819 3006 1979 3061 totius
2018 3021 2107 3061 or-

539 3091 622 3144 bis
667 3095 917 3149 nationes
963 3095 1208 3150 dilTusam
1261 3099 1630 3167 pt'tnnuntians
1667 3137 1681 3152 .
1714 3138 1728 3152 .
1759 3136 1775 3152 .
1806 3138 1820 3153 .
1871 3099 1987 3154 haec
2029 3099 2109 3153 al-

1031 2455 1233 2518 λοιποῖς
1267 2460 1630 2526 ἑρμηειευταῖς
1672 2499 1684 2510 .

2199 2006 2313 2044 rnm
2343 1990 2434 2055 “',
2464 2002 2568 2042 non
2607 1987 2808 2058 pigebit
2847 1987 3134 2040 ascribere.
3166 1984 3468 2039 Eusebius:
3501 1983 3775 2052 Καταμό-

2200 2099 2310 2148 νας
2336 2081 2394 2134 δὲ
2418 2081 2633 2153 εῑρηται
2661 2079 2781 2133 ἀντὶ
2798 2076 2891 2132 τοῦ
2915 2077 3313 2147 ἀφωρισμένως
3339 2077 3488 2146 παρὰ
3521 2076 3587 2128 τὰ
3611 2073 3774 2126 λοιπὰ

2201 2174 2331 2239 ζῶα.
2363 2173 2609 2245 Καρδίας
2636 2173 2693 2226 δὲ
2721 2171 2917 2240 λέγων,
2955 2169 3081 2232 τοὺς
3106 2167 3397 2237 λογισμοὺς
3433 2165 3644 2235 ἐδήλου,
3678 2164 3776 2216 καὶ

2200 2267 2280 2320 ὅτι
2311 2264 2706 2337 ἀφωρισμένως
2750 2263 2978 2324 ἕκαστος
3019 2259 3303 2332 ἄνθρωπος
3334 2256 3523 2328 ὥσπερ
3553 2256 3778 2324 ταμεῖον

2202 2357 2693 2426 ἁποκεκλεισμένον
2741 2354 2855 2424 ἔχει
2893 2353 2991 2425 τὴν
3028 2352 3219 2407 ἑαυτοῦ
3261 2352 3516 2415 διάνοιαν,
3558 2349 3634 2412 ὡς
3665 2363 3778 2418 μη-

2203 2452 2326 2505 δένα
2357 2449 2614 2504 δύνασθαι
2643 2449 2828 2516 ἐτέρου
2861 2445 3303 2513 καταλαμϐάνειν
3333 2439 3646 2511 λογισμούς.
3678 2439 3778 2492 Ούο

2202 2543 2310 2606 Bel;
2353 2540 2483 2610 γοῦν
2512 2535 2650 2593 οἶδεν
2698 2533 2999 2608 ἀνθρώπων
3028 2533 3098 2586 τὰ
3136 2532 3229 2586 τοῦ
3271 2529 3557 2601 ἀνθρώπου
3602 2564 3618 2581 .
3652 2567 3667 2584 .
3707 2569 3720 2582 .
3759 2565 3776 2581 .

2206 2635 2481 2708 Συνῇπται
2523 2633 2582 2686 τὸ
2604 2672 2618 2698 ,
2675 2633 2728 2684 Ὀ
2761 2629 2997 2695 συνιεὶς
3027 2625 3222 2680 πάντα
3256 2623 3330 2678 τὰ
3370 2622 3513 2693 ἔργα
3556 2617 3776 2675 αὐτῶν.

2206 2731 2380 2792 Μόνος
2426 2727 2533 2799 γὰρ
2571 2727 2730 2788 αὐτὸς
2772 2725 3014 2795 συνίησιν
3069 2720 3127 2787 ἐξ
3168 2720 3358 2783 ὁποίας
3406 2715 3779 2789 προαιρέσεως

2205 2824 2275 2876 τὰ
2305 2821 2410 2874 τῶν
2441 2818 2743 2889 ἀνθρώπων
2777 2816 2911 2887 ἔργα
2957 2814 3317 2868 ἐπιτελεῖται·
3373 2809 3596 2879 μηδενὸς
3619 2807 3781 2859 ἄλλου

2205 2911 2500 2981 δυναμένου
2536 2909 2794 2970 συνιέναι,
2835 2907 2962 2975 ποία
2999 2905 3252 2975 προθέσει
3293 2902 3386 2954 καὶ
3437 2899 3598 2970 ὁποίᾳ
3634 2899 3780 2969 ὁρμῇ

2205 3002 2433 3065 ἕκαστος
2465 2999 2572 3053 τῶν
2612 2997 2912 3069 ἀνθρώπων
2945 2996 3172 3067 πράττει
3212 2993 3248 3048 ἆ
3279 2992 3534 3066 πράττει.
3573 3007 3592 3041 ι
3619 2987 3755 3058 Sigil

2209 3094 2356 3149 latim
2389 3095 2587 3151 dictum
2617 3099 2698 3147 est
2726 3090 2880 3160 quasi
2926 3086 3216 3157 separatim
3251 3094 3302 3140 et
3352 3095 3598 3140 seorsum
3631 3094 3660 3133 a
3695 3093 3784 3135 re-

539 3178 683 3236 ferre
711 3182 900 3250 jubet,
939 3201 1041 3238 non
1076 3184 1322 3251 Jndmos,
1360 3190 1455 3242 sed
1509 3190 1741 3244 familias
1771 3191 2010 3257 gentium
2040 3191 2107 3258 ⁵⁸,
2137 3225 2178 3282 C
2211 3187 2371 3258 liquis
2417 3183 2758 3239 animalibus.
2806 3179 2943 3235 Dum
2989 3187 3165 3232 autem
3219 3173 3382 3229 corda
3429 3179 3783 3237 memoraret,

539 3280 632 3325 aut
655 3274 951 3328 secundum
984 3275 1220 3346 reliquos
1267 3277 1611 3347 interpretes,
1658 3281 1988 3347 cognationes
2015 3297 2110 3347 po—

541 3362 786 3431 pulorum
817 3402 832 3418 .
860 3403 876 3419 .
902 3407 917 3421 .
944 3405 959 3420 .
996 3366 1170 3433 Quare
1205 3369 1318 3423 haec
1343 3368 1395 3423 in
1431 3366 1777 3438 Septuaginta
1808 3369 2112 3437 interpreti-

544 3455 645 3508 bus
671 3456 828 3510 obelo
872 3468 1146 3523 notantur,
1181 3462 1320 3527 quod
1353 3475 1526 3536 neque
1562 3461 1614 3516 in
1639 3460 1903 3516 Hebraico
1929 3476 2112 3516 exem-

543 3550 704 3616 plari,
733 3565 834 3605 nec
886 3553 1024 3621 apud
1079 3551 1314 3620 reliquos
1371 3555 1696 3622 interpretes
1742 3562 2108 3622 compareant.

543 3643 686 3699 Loco
729 3653 908 3699 autem
957 3645 1133 3713 illius,
1162 3647 1216 3698 in
1257 3644 1380 3699 aula
1416 3656 1595 3699 sancta
1624 3646 1735 3714 ejus
1769 3646 1859 3710 ⁵⁹·,
1895 3645 2110 3713 Aquila,

543 3739 811 3792 indecore
849 3738 1175 3806 sanctiﬁcata
1198 3779 1214 3804 ,
1246 3738 1605 3810 Symmachus
1650 3753 1797 3801 vero,
1843 3741 1895 3792 in
1934 3739 2115 3793 decore

545 3839 748 3896 sancto,
794 3829 981 3883 edidit.
1019 3827 1145 3882 Vult
1187 3829 1329 3883 enim
1378 3843 1476 3882 nos
1518 3843 1640 3882 cum
1672 3827 1854 3884 debito
1898 3837 2114 3895 ornatu,

547 3935 611 3972 ac
638 3919 746 3973 Deo
772 3920 964 3973 dilecta
987 3919 1202 3987 justitia
1228 3919 1598 3972 adurationem
1629 3934 1909 3987 peragere.
1938 3939 1956 3969 ι
1991 3918 2116 3973 llaec

547 4025 675 4065 vero
714 4012 766 4066 in
799 4013 1184 4067 commentario
1212 4030 1224 4065 :
1269 4011 1353 4063 Ἐν
1384 4005 1462 4073 οἷς
1506 4012 1535 4062 ὁ
1571 4011 1728 4078 λόγος
1759 4010 1856 4080 τὴν
1884 4011 2114 4078 εὐαγγε-

547 4109 707 4181 λικὴν
752 4110 913 4178 χάριν
945 4107 1063 4160 καθ’
1095 4107 1223 4176 ὅλης
1255 4105 1584 4177 χυθήσεσθαι
1631 4105 1980 4177 προθεσπίζει
2017 4105 2115 4175 τῆς

547 4200 888 4271 οἰκουμένης.
937 4200 1280 4270 Παραγγέλει
1324 4199 1431 4272 γὰρ
1460 4199 1527 4253 τι
1561 4199 1815 4269 λεχθέντα
1848 4199 2114 4270 κομίζειν,

550 4293 649 4345 οὐκ
681 4292 970 4356 Ἰουδαίοις,
1001 4291 1134 4346 ἀλλὰ
1158 4294 1275 4355 ταῖς
1296 4294 1547 4362 πατριαῖς
1571 4291 1676 4345 τῶν
1694 4290 1861 4344 ἐθνῶν
1877 4309 1890 4323 ·
1923 4292 1956 4363 ἢ
1979 4291 2117 4345 κατὰ

549 4387 675 4448 τοὺς
713 4386 964 4450 λοιποὺς,
1009 4386 1139 4451 ταῖς
1185 4385 1561 4454 συγγενείαις
1596 4383 1713 4437 τῶν
1740 4383 1922 4438 λαῶν.
1969 4383 2116 4436 Ὧδέ-

548 4476 727 4528 λισται
755 4473 861 4546 γὰρ
897 4474 1046 4545 παρὰ
1084 4478 1196 4537 τοῖς
1235 4474 1634 4546 Ἐὖδομήκοντα
1661 4475 1741 4540 τὸ,
1787 4474 1907 4529 υἱοὶ
1947 4476 2115 4539 Θεοῦ,

551 4568 628 4629 ὼς
655 4567 728 4638 μὴ
755 4567 1071 4636 ἐγκείμενον
1096 4568 1172 4637 τῷ
1203 4565 1494 4637 Ἐδραῖκῷ,
1535 4567 1668 4638 μηδὲ
1708 4567 1857 4638 παρᾶ
1885 4570 1996 4630 τοῖς
2021 4567 2115 4621 ἄλ·
2146 4585 2192 4641 D

553 4659 664 4721 λοις
699 4699 710 4712 .
746 4700 759 4712 .
800 4703 813 4716 .
862 4658 1006 4713 Ἀντὶ
1045 4659 1100 4712 δὲ
1139 4657 1255 4722 τοῦ,
1286 4659 1357 4712 ἐν
1387 4657 1550 4725 αὺλῇ
1573 4659 1729 4727 ἅμα,
1764 4661 1792 4711 ὁ
1829 4660 1928 4728 μὲν
1957 4656 2112 4711 Ἀκύ-

747 4753 816 4805 er
874 4752 1197 4820 εὐπρεπείᾳ
1244 4748 1598 4821 ἡγιασμένη,
1646 4749 1940 4814 ἐξέδωκενο
1992 4749 2115 4819 ops

553 4842 866 4915 Σύμμαχος,
906 4844 975 4897 ἐν
997 4842 1314 4912 εὐπρεπείᾳ
1353 4843 1510 4912 ἁγίᾳ.
1552 4840 1804 4893 Βούλεται
1833 4840 1940 4910 γὰρ
1970 4841 2117 4910 ἡμᾶς

559 4936 702 5005 μετὰ
727 4935 821 4989 τοῦ
861 4935 1161 5005 πρέποντος
1191 4935 1394 5005 κόσμου
1429 4933 1520 4986 καὶ
1558 4931 1657 5002 τῆς
1685 4929 2012 5001 προσφιλοῦς
2038 4927 2116 4998 τῷ

555 5027 673 5099 Θεῷ
712 5026 1050 5097 δικαιοσύνης
1101 5025 1201 5096 τὴν
1257 5023 1622 5095 προσκύνησιν
1666 5019 1952 5074 ποιεῖσθαι.
2009 5037 2028 5069 ι
2059 5017 2115 5070 ln

556 5120 753 5189 quibus
768 5118 1046 5173 oraculum
1067 5117 1294 5188 gratiam
1309 5114 1671 5183 evangelicam
1695 5127 1787 5183 per
1811 5111 2116 5164 universum

556 5212 742 5265 orbem
774 5207 1173 5280 dill'undendam
1208 5207 1468 5277 pra-dicit.
1505 5205 1662 5260 Jubet
1697 5203 1837 5259 enim
1874 5201 1961 5256 illa
1998 5215 2117 5270 qua:

557 5304 826 5359 recensita
864 5309 986 5356 sunt
1013 5299 1226 5362 all'erre,
1252 5314 1357 5353 non
1381 5296 1618 5360 Judteos,
1652 5296 1743 5351 sed
1767 5294 1968 5365 patrias
1991 5307 2116 5360 gen-

560 5398 690 5450 tium
719 5435 735 5460 ,
778 5393 858 5449 vel
894 5393 1182 5448 secundum
1217 5390 1483 5458 reliquos,
1536 5387 1868 5456 coynationes
1898 5380 2117 5453 populo-

558 5502 692 5539 rum.
739 5484 892 5552 Apud
923 5481 1270 5549 Septuaginta
1315 5478 1456 5532 enim
1487 5484 1814 5544 expunctum
1855 5482 1936 5527 est
1965 5471 2112 5533 illud,

556 5577 653 5646 ﬁlii
705 5574 800 5628 Dei
822 5574 892 5637 “,
935 5571 1077 5641 quod
1122 5571 1174 5624 in
1218 5569 1442 5624 Hebraeo
1470 5569 1524 5622 id
1558 5581 1662 5620 non
1709 5566 1990 5626 habeatur,
2020 5575 2117 5615 nec

559 5667 696 5738 apud
738 5667 892 5720 alios.
941 5664 1204 5719 Caeterum
1249 5677 1368 5730 pro,
1416 5662 1471 5714 in
1511 5659 1635 5712 aula
1676 5667 1856 5711 sancta
1881 5696 1894 5719 ,
1925 5653 2114 5722 Aquila

629 5780 676 5814 η
706 5780 842 5837 ltsat.
875 5794 986 5844 im,
1019 5779 1111 5832 9.8.
1247 5779 1312 5809 ³⁵⁸
1343 5777 1479 5833 Psal.
1515 5790 1700 5836 xxviii,
1733 5774 1801 5836 2;

573 5851 655 5906 ll.
737 5853 802 5881 ¹⁸¹“
833 5848 968 5905 Psal.
1006 5863 1176 5909 sun,
1213 5848 1292 5901 15.

553 4751 673 4815 λας,

1842 5786 1956 5828 xcv.
1989 5771 2040 5821 8.

2191 5768 2207 5786 "
2245 5762 2381 5817 νέηαι.
2417 5777 2605 5824 xum,
2641 5765 2688 5814 1.

2215 3279 2570 3348 cogitationes
2599 3273 2919 3346 signiﬁcavit
2944 3314 2957 3334 ,
2994 3269 3117 3341 quia
3163 3267 3392 3339 quilibet
3429 3266 3591 3320 homo
3635 3277 3786 3318 seor-

2212 3383 2332 3422 sum
2387 3376 2620 3420 mentem
2685 3379 2836 3420 suam
2891 3378 2990 3418 ceu
3047 3359 3447 3429 receptaculum
3505 3357 3784 3411 occlusum

2212 3459 2393 3520 habet,
2426 3466 2483 3510 ut
2530 3471 2691 3509 nemo
2738 3455 2958 3508 alterius
3001 3454 3353 3520 cogitationes
3382 3445 3787 3519 deprehendere

2214 3549 2404 3602 valeat.
2476 3545 2664 3599 Nullus
2715 3543 2875 3613 igitur
2927 3542 3203 3596 hominum
3270 3539 3421 3591 novit
3479 3551 3599 3605 qua:
3660 3544 3789 3589 sunt

2213 3639 2445 3695 hominis
2464 3638 2506 3668 "
2541 3675 2556 3691 .
2588 3671 2607 3691 .
2641 3675 2654 3687 .
2689 3673 2704 3689 .
2749 3633 2978 3689 Additur
3021 3632 3154 3696 hoc,
3203 3629 3307 3694 Qui
3337 3626 3580 3696 intelligit
3607 3626 3788 3680 omnia

2213 3747 2367 3798 opera
2400 3745 2581 3785 eorum
2611 3727 2702 3782 ⁶¹⁶.
2735 3725 2852 3796 Ipse
2890 3737 3124 3794 namque
3152 3722 3297 3777 solus
3327 3718 3579 3790 intelligit
3597 3732 3664 3774 ex
3691 3733 3788 3773 cu-

2211 3821 2442 3894 jusmodi
2487 3819 2748 3876 electione
2789 3816 3084 3872 voluntatis
3111 3812 3389 3868 hominum
3419 3824 3582 3881 opera
3617 3800 3787 3863 edan-

2219 3925 2326 3978 tur,
2355 3929 2477 3969 cum
2501 3911 2676 3966 nullus
2703 3909 2839 3963 alius
2863 3907 3162 3975 intelligere
3191 3912 3351 3973 queat
3388 3917 3452 3955 ex
3485 3899 3786 3966 cuiusmodi

2216 4004 2510 4074 proposito,
2549 4017 2614 4054 ex
2645 4014 2752 4068 quo
2785 4008 2930 4052 motu
2965 3995 3257 4050 voluntatis
3286 3993 3464 4061 quivis
3507 3989 3786 4044 hominum

2215 4103 2341 4163 agat
2373 4105 2492 4163 quae
2522 4090 2650 4157 agit.
2674 4108 2693 4141 ι
2730 4083 3290 4142 Pseutlo-Theodorus
3321 4095 3451 4134 vero
3477 4096 3490 4132 :
3521 4077 3790 4146 Καταμά-

2216 4201 2326 4250 νας
2356 4184 2433 4248 δὲ,
2461 4181 2580 4236 ἀντί
2604 4181 2696 4235 τοῦ
2734 4177 3148 4250 ἀφωρισμένως,
3182 4170 3606 4244 κεχωρισμένως
3637 4168 3788 4239 παρὰ

2216 4275 2283 4330 τὰ
2331 4273 2490 4328 λοιπὰ
2535 4272 2684 4338 ζῶα·
2732 4270 2957 4340 καρδίας
3001 4268 3057 4321 δὲ
3098 4265 3245 4334 λέγει
3294 4263 3424 4325 τοὺς
3472 4258 3784 4331 λογισμούς.

2219 4365 2328 4418 Καὶ
2356 4364 2437 4417 ὅτι
2471 4361 2864 4433 ἀφωρισμένως
2891 4359 3119 4419 ἕκαστος
3158 4353 3442 4424 ἄνθρωπος
3475 4351 3662 4420 ὥσπερ
3694 4365 3789 4402 τα·

2224 4459 2371 4526 μεῖον
2416 4451 2906 4522 ἁποκεκλεισμένον
2956 4449 3066 4519 ἔχει
3124 4446 3223 4517 τὴν
3282 4441 3475 4498 ἑαυτοῦ
3528 4442 3787 4503 διάνοιαν,

2219 4549 2293 4612 ὼς
2340 4546 2542 4618 μηδένα
2601 4543 2857 4598 δύνασθαι
2913 4541 3099 4611 ἑτέρου
3163 4536 3600 4608 καταλαμϐάνειν
3644 4537 3789 4598 λογι-

2222 4638 2410 4708 σμούς.
2441 4636 2627 4698 Οὐδεὶς
2658 4633 2764 4703 γὰρ
2800 4628 2903 4686 οἶδε
2935 4629 3042 4683 τῶν
3067 4629 3385 4701 ἀνθρώπων,
3421 4627 3514 4678 καὶ
3544 4623 3671 4694 ἑξῆς
3690 4664 3702 4676 .
3732 4665 3745 4678 .
3771 4663 3784 4676 .

2221 4731 2495 4800 Συνῆπται
2536 4726 2616 4791 τὸ,
2676 4728 2708 4778 ὀ
2760 4723 2991 4788 συνιεὶς
3028 4724 3115 4787 εὶς
3159 4721 3381 4781 πάντα,
3433 4717 3508 4779 ὡς
3560 4714 3788 4788 μηδενὸς

2220 4819 2380 4874 ἄλλου
2425 4816 2721 4888 δυναμένου
2758 4813 3018 4878 συνιέναι,
3062 4813 3149 4883 οἴᾳ
3197 4808 3450 4882 προθέσει
3501 4805 3597 4858 καὶ
3637 4805 3784 4876 ὁρμῇ

2219 4911 2448 4975 ἕκαστος
2464 4911 2570 4963 τῶν
2599 4904 2917 4977 ἀνθρώπων,
2945 4904 2980 4959 ἃ.
3010 4904 3258 4976 πράττει,
3288 4899 3536 4971 πράττει.
3573 4917 3592 4950 ι
3624 4897 3788 4968 Sigil—

2221 5005 2369 5058 latim
2411 5012 2589 5057 autem
2620 4999 2796 5071 posuit
2829 5014 2928 5066 pro
2955 4998 3177 5052 seorsitn
3198 5034 3214 5059 ,
3261 4991 3551 5061 separatim
3584 5007 3612 5044 a
3647 4990 3774 5046 reli-

2225 5098 2348 5167 quis
2383 5095 2747 5151 animantibus
2773 5111 2787 5148 :
2818 5093 2980 5146 corda
3008 5100 3185 5143 autem
3215 5085 3466 5154 intelligit
3491 5081 3782 5150 cogitatio-

2223 5205 2338 5244 nes.
2358 5190 2421 5244 Et
2440 5186 2691 5260 quoniam
2716 5184 2937 5253 quilibet
2960 5183 3117 5236 homo
3141 5177 3457 5249 segregatim
3482 5173 3636 5244 quasi
3659 5187 3787 5226 con-

2222 5284 2427 5337 clusum
2456 5280 2725 5350 quoddam
2761 5292 2899 5347 penu
2931 5282 3162 5329 mentem
3195 5285 3349 5324 suam
3398 5269 3593 5328 habet,
3623 5265 3696 5316 ita
3729 5271 3786 5316 ut

2223 5390 2380 5430 neruo
2406 5373 2628 5428 alterius
2651 5369 3005 5437 cogitationes
3047 5366 3225 5418 valeat
3269 5361 3564 5431 percipere.
3615 5351 3785 5408 Nemo

2221 5467 2360 5519 enint
2395 5467 2490 5519 scit
2525 5479 2640 5534 qua:
2667 5470 2784 5516 sunt
2814 5459 3057 5522 nominis,
3087 5468 3173 5511 etc
3198 5497 3210 5509 .
3241 5494 3256 5511 .
3288 5491 3304 5508 .
3331 5493 3345 5508 .
3377 5493 3391 5507 .
3426 5448 3781 5520 Adjungitur;

2225 5557 2323 5622 Qui
2367 5555 2617 5624 intelligit
2642 5553 2821 5608 omnia
2848 5595 2861 5619 ,
2897 5565 2960 5605 ac
2989 5551 3032 5604 si
3065 5547 3237 5601 nullus
3267 5545 3402 5600 alius
3430 5539 3597 5611 possit
3629 5536 3784 5591 intel-

2225 5653 2410 5720 ligere,
2453 5663 2682 5716 quanam
2719 5643 3012 5700 intentione
3053 5650 3105 5694 et
3129 5655 3234 5708 quo
3263 5637 3519 5692 instinctu
3558 5630 3785 5702 quilibet

2766 5759 2828 5786 θη*
2865 5757 3003 5812 Psal.
3044 5769 3215 5818 xxxii,
3257 5753 3338 5806 15.
3439 5750 3478 5780 ⁶¹
3513 5746 3680 5803 lCor.
3717 5760 3779 5810 ιι,
