4040 6438
1316 382 1378 437 D.
1420 379 1561 437 IUL.
1603 375 1924 435 CARNERII
1971 375 2357 436 PBEFATIO.

3327 400 3447 442 οειι

210 516 490 573 hominum
520 522 645 585 agat
686 522 805 580 qum
833 509 960 578 agit.
1003 528 1021 563 ι
1058 506 1156 562 Hic
1176 546 1191 572 ,
1222 516 1281 560 ut
1307 506 1462 572 alias,
1506 500 1781 559 observari
1813 504 1858 561 Α
1886 501 2146 557 adversus
2174 514 2268 555 cor
2301 501 2639 559 inimicorum
2678 508 2913 569 tuorum,
2935 500 3128 557 deinde
3155 514 3307 569 vero,
3344 500 3451 555 Po-

210 618 401 678 potest,
436 605 780 663 librariorum
822 601 1028 657 incuria
1058 598 1256 652 factum
1304 609 1445 658 esse,
1502 602 1594 648 aut
1637 604 1780 664 typo-

210 703 567 772 graphorum,
600 702 661 749 ut
704 694 833 747 vitia
865 690 1108 763 quaedam
1140 689 1279 757 apud
1314 686 1652 740 Theodorum
1682 687 1778 740 de—

209 788 636 860 prehendantur.
686 784 819 839 Nam
860 782 951 835 ubi
993 779 1204 850 legitur,
1236 773 1654 846 ἀφωρισμένως,
1690 792 1780 829 κε-

216 878 613 953 χωρισμένως,
658 876 945 928 obscurum
990 887 1095 927 non
1125 880 1207 924 est
1252 881 1437 922 vocem
1468 866 1776 921 alterutram

208 968 539 1041 «captitum;
589 967 749 1033 idque
782 977 850 1017 ex
896 977 960 1016 eo
998 963 1265 1024 evenisse,
1318 957 1460 1026 quod
1507 970 1628 1011 cum
1677 971 1776 1012 vox

210 1075 315 1111 una
354 1061 407 1113 iu
438 1074 543 1113 uno
565 1056 751 1110 codice
772 1054 1121 1123 reperiretur,
1152 1051 1319 1104 altera
1345 1062 1474 1102 vero
1504 1046 1555 1101 in
1584 1044 1774 1111 altero,

213 1153 469 1207 librarius
512 1147 780 1219 quispiam
831 1154 1115 1211 utramque
1172 1140 1503 1211 apposuerit.
1552 1138 1777 1202 Deinde,

214 1243 301 1297 ubi
348 1243 605 1313 legimus,
632 1238 867 1305 συνιεὶς
913 1238 998 1300 εις
1031 1232 1247 1297 πάντα,
1278 1232 1642 1303 prmpositum,
1676 1231 1776 1293 είς,

213 1335 526 1388 redundare
557 1344 768 1399 quoque
793 1336 999 1383 certum
1027 1336 1110 1382 est
1128 1343 1143 1390 ;
1168 1338 1395 1395 eamque
1424 1324 1625 1380 erroris
1657 1336 1781 1377 cau-

209 1436 325 1477 sam
361 1434 502 1487 esse,
530 1420 669 1487 quod
709 1418 856 1472 vocis
872 1416 1069 1481 συνιεὶς
1096 1416 1300 1487 syllaba
1329 1415 1513 1471 ultima
1542 1415 1780 1469 oscitan-

213 1526 295 1567 ter
328 1513 412 1567 bis
444 1512 583 1566 edita
624 1513 712 1565 sit.
765 1508 1005 1577 Denique
1038 1509 1141 1577 legi
1175 1518 1446 1577 oportere,
1482 1508 1711 1579 πράττει
1742 1504 1778 1560 ἀ

211 1603 464 1674 πράττει,
500 1620 602 1659 non
635 1602 672 1656 ἃ
704 1601 931 1673 πράττει
955 1600 1204 1666 πράττει,
1236 1599 1321 1653 vel
1351 1600 1553 1652 tirones
1584 1599 1782 1653 intelli-

212 1700 365 1759 gunt.
422 1693 528 1749 Sed
581 1693 647 1746 ad
695 1690 1033 1761 propositum
1083 1698 1329 1742 nostrum
1379 1701 1477 1740 nos
1524 1685 1778 1743 feramus.

213 1781 303 1836 Illa
333 1783 521 1852 psalmi
555 1781 811 1836 tricesitni
839 1778 1005 1846 tertii,
1037 1776 1235 1832 Timete
1260 1776 1566 1842 Dominum,
1607 1794 1780 1831 omnes

210 1851 380 1928 sancti
415 1874 527 1941 ejus
551 1873 616 1935 ⁶²,
649 1869 953 1939 Opinionem
988 1880 1234 1924 nostram
1265 1884 1369 1923 non
1418 1882 1609 1937 parum
1653 1884 1785 1923 con-
1814 1851 1856 1905 Β

212 1966 452 2017 firmant.
504 1961 630 2016 llaec
682 1961 899 2015 Eusebii
955 1959 1115 2015 verba
1166 1971 1294 2016 sunt
1328 1980 1341 2017 :
1381 1961 1568 2015 Πάντα
1612 1959 1782 2014 ταῦτα

208 2054 505 2126 γνωμικῶς
535 2055 563 2106 ὁ
593 2052 756 2108 Δαϐὶδ
779 2055 857 2119 εἰς
875 2051 973 2126 τὴν
999 2053 1199 2126 ἑτέρων
1224 2054 1489 2123 ὠφέλειαν
1518 2052 1786 2126 προφέρε-

208 2164 320 2210 ται,
357 2148 520 2212 αὐτδς
550 2148 814 2219 πρότερον
847 2145 1160 2207 ἀπολαύσας
1207 2145 1385 2199 αὐτῶν
1424 2187 1437 2199 .
1466 2186 1478 2199 .
1505 2186 1519 2200 .
1545 2186 1560 2200 .
1600 2147 1783 2217 Παραο

210 2238 493 2291 κελεύεται
524 2239 703 2291 τοίνυν
752 2239 840 2291 τὸν
889 2237 1052 2305 φόϐον
1080 2236 1173 2289 τοῦ
1206 2236 1409 2305 Κυρίου
1440 2238 1547 2307 πρὸ
1589 2237 1786 2305 ὀφθαλ-

213 2329 330 2399 μῶν
361 2328 604 2382 τίθεσθαι
630 2329 755 2392 τοὺς
788 2327 974 2397 ἁγίους
1004 2326 1169 2381 αὐτοῦ
1196 2345 1209 2358 ⁸
1239 2326 1344 2380 ὑπὸ
1369 2325 1477 2398 γὰρ
1507 2326 1670 2380 αὑτοῦ
1692 2326 1786 2379 τοῦ

210 2420 379 2489 φόϐου
433 2420 578 2489 ἅγιοι
619 2418 997 2474 ἀνατελοῦνται
1046 2460 1059 2473 .
1092 2460 1104 2472 .
1133 2459 1148 2474 .
1177 2459 1190 2473 .
1247 2420 1307 2473 '0
1352 2420 1535 2488 φόϐος
1567 2419 1787 2487 Κυρίου

208 2512 419 2584 ἁγνὸς,
444 2514 567 2568 ἀντὶ
592 2512 707 2577 τοῦ,
739 2513 1027 2583 ἀγνοποιός
1054 2553 1068 2568 .
1102 2555 1116 2567 .
1145 2554 1158 2567 .
1190 2512 1300 2568 Καὶ
1323 2515 1545 2585 σημεῖον
1574 2510 1671 2567 τοῦ
1695 2529 1790 2580 φο-

210 2600 425 2656 ϐεῖσθαι
457 2602 549 2657 τὸν
580 2604 784 2675 Κύριον
816 2604 957 2657 τοῦτ’
988 2604 1054 2657 ἂν
1096 2604 1308 2672 γένοιτο
1327 2644 1342 2668 ,
1373 2605 1434 2656 τὸ
1467 2602 1787 2675 καθαρεύειν

214 2695 315 2764 μὶν
370 2696 551 2765 πάσης
598 2696 869 2766 ῥυπαρίας
920 2697 1152 2767 αἰσχρᾶς
1193 2695 1461 2766 πράξεως,
1503 2696 1789 2764 φυλάττειν

210 2786 268 2839 δὲ
318 2787 516 2851 αὐτοὺς
561 2788 751 2855 ἁγίους
801 2788 896 2842 καὶ
936 2787 1150 2860 σώματι
1199 2789 1294 2843 καὶ
1337 2788 1637 2860 πνεύματι,
1680 2798 1787 2843 et-c.

218 2893 239 2928 ι
262 2876 394 2933 Haec
417 2880 596 2933 omnia
628 2879 794 2935 David
821 2880 888 2936 ad
919 2880 1147 2936 aliorum
1173 2881 1456 2935 utilitatem
1490 2880 1789 2937 sententia-

215 2985 340 3024 rum
370 2986 520 3026 more
542 2973 772 3041 profert,
796 2988 1025 3043 quorum
1049 2974 1198 3043 prior
1216 2975 1328 3044 ipse
1350 2974 1552 3045 potitus
1572 2984 1787 3030 erat....

213 3062 467 3133 Praecipit
504 3064 683 3134 itaque
733 3066 936 3119 sanctis
968 3066 1098 3131 Dei,
1147 3075 1208 3119 ut
1244 3070 1495 3120 timorem
1519 3067 1641 3137 ejus
1682 3081 1792 3136 prae

1880 591 1992 660 puli
2019 589 2114 643 sub
2140 598 2188 643 te
2211 589 2393 643 cadent
2412 591 2503 654 ⁸³⁸,
2522 590 2690 661 pulsis
2715 589 3048 649 immissione
3072 591 3301 646 telorum
3336 601 3451 644 tuo-

1881 696 2001 736 rum
2034 680 2291 736 iuimicis.
2325 698 2345 733 ι
2407 679 2985 739 Pseudo-Theodorum
3024 682 3333 748 audiamus,
3369 684 3452 738 sic

1880 770 2183 839 loquentem
2224 787 2237 824 :
2282 769 2506 840 Πρῶτον
2532 770 2640 841 γὰρ
2671 773 2740 827 τὰ
2767 772 3085 844 ἠκονημένα
3121 771 3250 843 βέλη
3282 773 3451 843 γενήσ-

1881 878 2030 915 σεται
2076 861 2217 916 κατά
2248 859 2350 931 τῆς
2390 859 2617 933 καρδίας
2659 863 2765 918 τῶν
2812 861 3051 935 ἐχθρῶν,
3103 864 3293 918 ἔπειτα
3334 863 3452 917 λαοὶ

1879 952 2136 1007 ὑποκάτω
2161 971 2254 1007 σου
2279 950 2599 1019 πεσοῦνται,
2636 951 2968 1010 ἑλασθέντων
2990 955 3105 1017 τοῖς
3138 956 3316 1024 βέλεσι
3343 954 3452 1009 τῶν

1878 1043 2109 1116 ἐχθρῶν.
2165 1062 2184 1095 ε
2216 1043 2453 1099 Primum
2507 1044 2651 1097 enim
2702 1047 2910 1113 sagittae
2968 1046 3103 1102 fient
3167 1056 3339 1101 acutae
3394 1046 3450 1101 in

1879 1136 2041 1191 corde
2088 1133 2466 1199 inimicorum,
2518 1132 2711 1189 deinde
2758 1135 2937 1204 populi
2981 1138 3082 1193 sub
3128 1146 3180 1192 te
3224 1137 3448 1198 cadent,

1878 1235 2162 1297 postquam
2211 1224 2422 1293 sagittis
2469 1223 2681 1280 subacti
2732 1225 2936 1281 fuerint
2975 1227 3197 1283 inimici.
3225 1246 3247 1283 ι
3288 1225 3451 1284 Plura

1880 1315 2319 1373 subministrabit
2344 1318 2581 1382 psalmus
2603 1319 3057 1388 quadragesimus
3081 1331 3330 1385 octavus,
3359 1319 3453 1375 ubi

1880 1410 1968 1467 illa
2007 1424 2023 1463 :
2080 1408 2148 1462 Et
2196 1408 2457 1462 auxilium
2507 1426 2688 1463 eorum
2729 1417 3012 1465 veterascet
3066 1411 3119 1464 in
3164 1412 3369 1480 inferno
3420 1429 3454 1465 a

1879 1501 2048 1573 gloria
2073 1516 2252 1554 eorum
2277 1499 2346 1564 “,
2400 1500 2679 1568 explicans
2712 1501 3005 1569 Eusebius,
3056 1503 3135 1558 sic
3176 1502 3451 1571 loquitur:

1892 1593 2038 1648 Ἀντὶ
2068 1592 2125 1646 δὲ
2161 1590 2289 1655 τοῦ,
2335 1592 2434 1645 καὶ
2464 1592 2503 1659 ἠ
2542 1592 2797 1659 ,βοήθεια
2821 1632 2834 1646 .
2867 1631 2881 1645 .
2914 1631 2928 1646 .
2957 1635 2975 1652 .
3006 1597 3036 1647 ὁ
3071 1595 3169 1665 μὲν
3206 1592 3455 1656 Ἀκύλας,

1878 1686 1978 1741 καὶ
2016 1682 2323 1756 χαρακτὴρ
2350 1681 2551 1737 αὐτῶν
2580 1684 2935 1753 κατατρίψαι
2970 1684 3122 1751 ᾅδην
3154 1685 3223 1739 ἐκ
3259 1701 3456 1740 κατοι-

1880 1779 2165 1846 κητηρίου
2192 1772 2407 1831 αὐτῶν.
2452 1776 2510 1829 Ὀ
2542 1774 2651 1846 γὰρ
2684 1780 2968 1848 χαρακτὴρ
2997 1774 3175 1829 αὐτῶν
3202 1817 3215 1839 ,
3242 1776 3300 1830 ὃν
3330 1778 3458 1830 ἑαυ-

1884 1874 1993 1933 τοῖς
2024 1869 2402 1936 ὲξετύπωσαν,
2453 1866 2515 1919 τὸ
2552 1868 2651 1937 μὲν
2698 1869 2819 1921 κατ’
2859 1867 3043 1922 εἰκόνα
3081 1867 3176 1921 καὶ
3201 1868 3458 1938 ὁμοίωσιν

1883 1956 1977 2011 τοῦ
2003 1958 2135 2011 Θεοῦ
2178 1958 2238 2023 ἐξ
2265 1956 2444 2013 αὐτῶν
2466 1956 2846 2025 ἀφανίσαντες,
2881 1957 2993 2029 εἴδη
3022 1958 3079 2012 δὲ
3110 1958 3204 2012 καὶ
3239 1956 3456 2029 μορφὰς

1884 2047 2092 2117 ἀλόγων
2118 2048 2269 2113 ζώων
2293 2051 2387 2105 καὶ
2423 2049 2670 2124 ἑρπετῶν
2698 2048 2785 2103 διὰ
2810 2049 3027 2119 τρόπων
3055 2030 3357 2123 μοχθηρίας
3390 2050 3456 2121 τῇ

1883 2144 2028 2215 ψυχῇ
2058 2141 2422 2213 περιθέμενοι,
2458 2142 2917 2215 κατατριϐήσεται
2951 2183 2963 2195 .
3000 2179 3015 2193 .
3055 2180 3069 2193 .
3109 2181 3123 2194 .
3163 2143 3275 2194 Καὶ
3300 2140 3459 2195 τοῦτο

1887 2234 1987 2306 μὲν
2018 2232 2125 2287 τῶν
2151 2231 2363 2286 ἀσεϐῶν
2392 2233 2453 2283 τὸ
2476 2233 2646 2297 τέλος.
2696 2229 2761 2286 Oi
2790 2230 2845 2285 δὲ
2872 2228 3113 2293 εὐσεϐεῖς
3140 2229 3258 2282 κατ’
3285 2230 3460 2282 έκεῖνο

1886 2323 2078 2397 καιροῦ
2111 2322 2324 2396 πρωίας
2351 2320 2671 2385 ἀξιωθέντες
2700 2320 2792 2373 καὶ
2824 2319 2945 2374 νέου
2974 2316 3171 2389 φωτὸς,
3194 2316 3462 2387 ἀνατολῆς

1885 2414 1983 2483 τῆς
2037 2414 2145 2468 τῶν
2191 2412 2401 2469 ἀσεϐῶν
2452 2412 3060 2479 κατακυριεύσουσιν,
3096 2410 3129 2481 ἢ
3180 2408 3322 2463 κατά
3365 2407 3463 2461 τὸν

1901 2505 2149 2569 Ἀκύλαν,
2203 2507 2294 2560 ἐνὶ
2343 2504 2757 2575 κρατήσουσιν
2780 2542 2794 2565 ,
2846 2502 2879 2574 ἢ
2918 2501 3061 2555 κατά
3106 2502 3198 2555 τὸν
3233 2499 3466 2571 Σύμμα-

1887 2616 2013 2670 χον,
2058 2597 2470 2661 ὐποτὰξουσιν
2507 2596 2730 2664 αὐτοῖς.
2787 2594 2908 2649 Τῶν
2946 2593 3056 2667 γὰρ
3088 2592 3322 2647 ἐνταῦθα
3368 2608 3465 2647 τα-

1889 2692 2268 2747 πινωσάντων
2304 2691 2428 2753 τοὺς
2460 2690 2634 2753 εὐθεῖς
2668 2689 2901 2752 ἀσεϐῶν,
2935 2689 3052 2743 ἐκεῖ
3106 2686 3329 2762 ῥύσεται
3362 2687 3464 2758 τὴν

1888 2784 2065 2853 ψυχὴν
2093 2785 2227 2853 πρὸς
2260 2783 2322 2836 τὸ
2358 2782 2432 2855 μὴ
2458 2779 2870 2851 ωναπαχθῆναι
2894 2782 3006 2843 τοῖς
3037 2780 3312 2843 ἀσεϐέσιν,
3345 2778 3465 2833 ἀλλ’

1890 2876 1949 2928 ὲν
1987 2875 2193 2945 ἑτέροις
2216 2871 2353 2927 εἶναι
2374 2874 2594 2945 χωρίοις
2622 2889 2681 2926 τε
2705 2870 2800 2925 καὶ
2846 2870 3139 2941 ποιμνίοις.
3174 2886 3197 2920 ε
3229 2869 3335 2924 Pro
3373 2869 3467 2923 illo

1891 2975 2096 3028 autem,
2144 2973 2194 3018 et
2236 2963 2591 3017 auxilium...
2627 2962 2844 3031 Aquila,
2898 2972 2945 3015 et
2981 2961 3255 3015 character
3282 2973 3465 3013 eorum

1891 3067 2157 3114 conterere
2177 3055 2438 3123 infernum
2466 3069 2531 3107 ea:
2556 3052 2857 3105 habitacula
2882 3066 3083 3106 eorum.
3102 3050 3237 3105 Nam
3267 3051 3462 3105 chara-

214 3155 388 3210 oculis
422 3154 656 3211 habeant
688 3174 702 3210 :
749 3156 817 3209 ab
861 3154 956 3209 illo
989 3154 1188 3224 quippe
1237 3154 1428 3207 timore
1462 3155 1637 3209 sancti
1674 3153 1787 3208 elli-
1814 3177 1863 3239 ο
1894 3157 2007 3202 cter
2029 3160 2190 3214 quem
2225 3143 2327 3199 sibi
2362 3140 2707 3205 eﬂinxerunt,
2735 3140 3017 3239 eliminata
3043 3153 3110 3195 ex
3145 3139 3338 3207 seipsis
3364 3137 3461 3194 Dei

216 3250 463 3304 ciuntur.
493 3284 510 3302 .
540 3289 555 3303 .
588 3285 603 3302 .
634 3246 814 3302 Timor
834 3246 1045 3301 Domini
1073 3254 1248 3301 castus
1275 3245 1364 3309 “‘,
1401 3245 1667 3311 videlicet,
1694 3260 1789 3301 ca-

214 3350 329 3394 stos
380 3337 616 3393 eiliciens
666 3377 682 3392 .
719 3382 733 3395 .
773 3379 787 3393 .
826 3379 839 3392 .
890 3341 1066 3408 Atque
1115 3340 1330 3410 signum
1387 3338 1515 3393 illud
1568 3339 1791 3395 evidens

218 3429 387 3483 fuerit
421 3429 632 3484 timoris
666 3430 902 3493 Domini,
934 3432 978 3484 si
1006 3429 1128 3499 quis
1161 3446 1190 3484 a
1235 3431 1489 3486 sordibus
1521 3441 1576 3486 et
1612 3432 1793 3500 pravis

215 3522 476 3593 cperibus
512 3535 678 3593 purus
732 3531 788 3576 et
818 3536 1022 3576 vacuus
1060 3520 1261 3585 fuerit,
1295 3536 1523 3593 seseque
1548 3530 1793 3578 sanctum

216 3629 449 3684 corpore
475 3622 531 3670 et
559 3613 753 3684 spiritu
786 3613 1106 3677 servaverit,
1138 3632 1158 3666 ι
1195 3623 1303 3669 etc.
1346 3612 1437 3670 Sic
1469 3629 1594 3669 vere
1624 3614 1797 3686 loqui-

221 3715 308 3759 tur
344 3705 724 3760 commentarii
771 3715 1002 3761 auctor:
1036 3705 1222 3759 Πάντα
1252 3705 1546 3778 γνωμικῶς
1582 3707 1663 3771 εἰς
1696 3706 1796 3778 τὴν

216 3796 422 3869 ἑτέρων
466 3796 616 3864 λέγει
659 3796 957 3865 ὠφέλειαν,
1000 3797 1162 3861 αὐτὸς
1200 3798 1463 3869 πρότερον
1486 3797 1797 3861 ἀπολαύσας

216 3890 417 3944 αὐτῶν.
474 3888 585 3941 Καὶ
634 3888 1070 3960 παρακελεύεται
1117 3889 1209 3943 τὸν
1251 3889 1347 3943 τοῦ
1390 3889 1594 3962 Κυρίου
1636 3889 1798 3960 φόϐον

218 3982 324 4053 πρὸ
349 3980 647 4052 ὀφθαλμῶν
673 3980 917 4035 τίθεσθαι
946 3983 1073 4045 τοὺς
1096 3981 1306 4050 ἁγίους,
1340 3983 1429 4051 ὑφ’
1453 3974 1514 4035 οὗ
1538 3983 1687 4051 ἀγιοι
1714 3999 1801 4034 τε·

217 4075 455 4130 λοῦνται.
474 4076 528 4128 Ὀ
557 4075 869 4148 γάρξρόϐος
888 4075 1108 4145 Κυρίου
1125 4075 1330 4144 ἁγνὸς,
1356 4074 1475 4128 ἀντὶ
1497 4074 1611 4138 τοῦ,
1643 4075 1802 4143 ἀγνο-

219 4166 395 4229 ποιός.
437 4166 550 4220 Καὶ
587 4170 816 4237 σημεῖον
843 4166 939 4221 τοῦ
970 4166 1253 4237 φοϐεῖσθαι
1295 4166 1386 4220 τὸν
1415 4167 1618 4237 Κύριον
1647 4165 1803 4221 τοῦτο

218 4252 284 4308 ἂν
314 4254 546 4322 γένοιτο,
598 4255 660 4307 τὸ
711 4255 1044 4327 καθαρεύειν
1078 4257 1262 4328 πάσης
1304 4257 1665 4327 αίσχρότητος
1709 4257 1802 4310 καὶ

222 4345 439 4417 σώματι
472 4348 567 4399 καὶ
594 4346 895 4419 πνεύματι,
926 4358 1033 4403 etc.
1074 4366 1093 4399 ι
1119 4347 1313 4403 Omnia
1357 4350 1694 4405 sententiose
1736 4349 1803 4403 ad

1892 3237 2127 3309 imagine
2167 3251 2230 3290 ac
2262 3234 2630 3300 similitudine,
2679 3243 2840 3303 atque
2867 3230 3315 3288 irrationabilium
3346 3230 3468 3287 ani-

1892 3332 2113 3389 malium
2140 3328 2524 3401 reptiliumque
2556 3325 2747 3381 formis
2770 3340 2864 3396 per
2891 3324 3077 3378 varios
3095 3322 3461 3391 improbitatis

1892 3425 2084 3480 modos
2116 3423 2312 3477 animas
2346 3436 2459 3475 suae
2507 3419 2747 3480 adscitis,
2805 3420 2859 3470 in
2918 3414 3232 3470 habitaculo
3269 3413 3468 3469 inferni

1893 3522 2271 3572 conteretur...
2327 3510 2395 3565 Et
2447 3510 2534 3565 hic
2580 3510 2799 3579 quidem
2858 3508 3143 3579 impiorum
3184 3505 3330 3562 ﬁnis.
3384 3505 3470 3560 Pii

1895 3631 2074 3677 autem
2106 3618 2197 3674 illo
2244 3627 2507 3687 tempore,
2537 3614 2798 3671 matutina
2832 3621 2887 3666 et
2919 3627 3055 3666 nova
3105 3610 3224 3666 luce
3254 3610 3460 3673 donati,

1895 3712 2092 3768 orienti
2129 3708 2417 3778 impiorum
2451 3707 2863 3761 dominabuntur
2889 3702 2995 3770 W;
3030 3702 3143 3758 sive
3174 3704 3471 3757 secundum

1896 3803 2170 3873 Aquilam,
2201 3797 2570 3868 imperabunt;
2604 3797 2719 3853 sive
2748 3795 3039 3851 secundum
3060 3794 3469 3865 Symmachum,

1898 3892 2174 3964 subjicient
2206 3890 2324 3944 sibi.
2357 3887 2504 3943 Nam
2534 3903 2659 3943 cum
2695 3885 2849 3955 impii
2879 3886 2967 3940 hic
3016 3886 3305 3954 proborum
3353 3883 3474 3936 atti-

1899 3999 2017 4039 mas
2051 3978 2439 4054 depresserunt,
2494 3978 2605 4031 illic
2649 3979 2889 4031 animam
2926 3974 3140 4043 piorum
3199 3970 3469 4032 liberabit.

1898 4085 1960 4135 ut
1992 4091 2062 4133 ne
2092 4089 2196 4133 una
2215 4089 2337 4130 cum
2373 4069 2553 4141 impiis
2579 4069 2953 4135 abducantur;
2990 4066 3084 4122 sed
3116 4065 3168 4120 in
3193 4063 3317 4120 aliis
3340 4062 3478 4119 locis

1899 4188 1955 4235 et
1988 4177 2222 4233 ovilibus
2274 4177 2492 4245 degant.
2537 4189 2556 4223 ι
2592 4170 2684 4225 Sic
2724 4177 2904 4223 autem
2942 4167 3084 4221 hunc
3116 4165 3364 4221 eumdem
3399 4164 3478 4217 1ο-

1902 4285 2024 4325 cum
2069 4268 2456 4337 interpretatur
2502 4258 3063 4333 pseudo-Theodorus
3115 4273 3129 4310 :
3174 4255 3337 4309 ’Λλλά
3367 4254 3479 4308 τῶν

1907 4363 2004 4433 μὲν
2035 4358 2247 4414 ἀσεϐῶν
2292 4357 2503 4410 τοιοῦτο
2538 4354 2597 4407 τὸ
2632 4354 2803 4416 τέλος.
2858 4352 2921 4405 Oi.
2962 4350 3019 4402 δὲ
3068 4347 3311 4411 εὐσεϐεῖς
3356 4345 3477 4399 κατ’

220 4438 453 4492 aliorum
487 4438 696 4507 profert
729 4439 1018 4496 utilitatem
1042 4480 1059 4505 ,
1108 4455 1230 4495 cum
1263 4440 1493 4509 ipsemet
1541 4439 1694 4509 prius
1738 4439 1791 4494 iit

1905 4455 2081 4507 ἐκεῖνο
2108 4449 2302 4522 καιροῦ
2331 4448 2541 4520 πρωίας
2566 4443 2910 4511 ἀξιωθέντες,
2938 4442 3033 4496 καὶ
3067 4439 3328 4511 ἀνατολῆς
3355 4438 3478 4493 νέου

223 4526 419 4584 fruitus
468 4538 632 4585 esset.
702 4530 767 4585 Et
820 4531 974 4603 jubet
1024 4541 1246 4587 sanctos
1296 4531 1545 4587 timorem
1592 4530 1791 4586 Domini

1910 4542 2107 4614 φωτὸς,
2130 4540 2238 4595 τῶν
2261 4538 2470 4594 ἀσεϐῶν
2497 4533 3112 4603 κατακυριεύσουσιν·
3148 4531 3179 4601 ἢ
3214 4528 3358 4583 κατά
3387 4527 3478 4581 τὸν

224 4629 349 4675 ante
398 4621 588 4678 oculos
617 4621 923 4689 collocare,
972 4636 1003 4677 a
1051 4638 1159 4693 quo
1203 4623 1377 4679 sancti
1424 4623 1800 4694 perficiuntur.

225 4710 359 4767 Nam
385 4713 545 4768 timor
571 4714 782 4769 Domini
805 4728 1045 4780 sanctus,
1081 4718 1133 4771 id
1164 4724 1268 4778 est,
1307 4714 1672 4770 sanctiﬁcans.
1705 4714 1803 4767 At-

226 4818 335 4870 que
358 4803 462 4860 boc
498 4806 709 4861 timoris
742 4806 952 4862 Domini
984 4809 1197 4879 signum
1231 4821 1354 4862 esse
1380 4806 1571 4876 possit,
1601 4807 1645 4861 si
1677 4806 1801 4876 quis

228 4909 398 4962 purus
426 4894 499 4950 sit
543 4896 611 4952 ab
643 4897 790 4953 omni
829 4898 1164 4968 turpitudine
1186 4939 1203 4966 ,
1236 4908 1342 4953 tam
1369 4897 1613 4967 corporis
1640 4911 1800 4967 quam

228 4985 475 5055 spiritus,
500 5004 520 5039 ι
556 4998 661 5043 etc.
712 4988 890 5044 Pauca
939 4999 995 5045 et
1031 5004 1099 5046 ex
1145 4991 1355 5056 psalmo
1392 4988 1804 5059 quadragesimo

228 5088 424 5145 quarto
454 5076 582 5134 libet
633 5082 890 5150 adjicere.
933 5081 1057 5137 Htec
1086 5093 1265 5138 autem
1298 5091 1423 5137 sunt
1450 5096 1515 5136 ex
1543 5080 1804 5150 explana-

234 5174 380 5228 tione
410 5175 659 5230 versiculi
700 5178 843 5235 illius
875 5199 889 5233 :
925 5179 1147 5248 Sagittae
1181 5189 1285 5233 tute
1335 5187 1503 5231 acutae
1527 5176 1593 5240 “,
1644 5190 1801 5245 quem

236 5266 337 5320 hoc
374 5267 532 5320 modo
574 5268 955 5339 interpretatur
978 5271 1241 5326 Eusebius
1267 5288 1280 5323 :
1315 5268 1539 5340 Πρῶτον
1569 5268 1667 5339 μὲν
1696 5265 1804 5336 γάρ

235 5371 396 5425 φησι·
433 5356 514 5410 Τά
546 5356 672 5429 βέλη
704 5376 796 5413 σου
828 5361 1140 5432 ἠκονημένα
1188 5359 1474 5431 γενήσεται
1524 5356 1668 5413 κατά
1707 5357 1806 5427 τῆς

237 5445 461 5518 καρδίας
498 5448 609 5505 τῶν
640 5450 748 5504 σῶν
782 5453 989 5523 ἐχθρῶν
1016 5468 1029 5482 ·
1082 5452 1273 5506 ἔπειτα
1297 5468 1313 5484 σ
1348 5451 1492 5507 Λαοὶ
1529 5448 1806 5505 ὑποκάτω

238 5555 354 5595 σου
378 5544 725 5608 πεσοῦνται,
774 5544 1107 5598 ὲλασθέντων
1144 5548 1258 5609 τοῖς
1308 5548 1419 5607 σοῖς
1478 5544 1654 5613 βέλεσι
1696 5541 1805 5594 τῶν

1916 4630 2164 4694 Ἀκύλαν,
2191 4627 2600 4699 κρατήσουσιν
2623 4643 2637 4657 ’
2662 4623 2854 4698 ἥκατὰ
2877 4624 2965 4677 τὸν
2982 4621 3298 4692 Σύμμαχον,
3332 4622 3481 4674 ὑπο-

1907 4722 2198 4789 τὰξουσιν
2220 4722 2460 4788 αὐτούς.
2483 4720 2603 4773 Τῶν
2628 4719 2736 4789 γὰρ
2768 4714 3001 4770 ἐνταῦθα
3030 4711 3481 4766 ταπεινωσάντων

1904 4816 2029 4879 τοὺς
2058 4814 2233 4877 εὐθείς
2248 4812 2481 4877 ἀσεϐῶν,
2514 4813 2630 4865 ἐκεῖ
2660 4810 3015 4881 κρατήσουσι.
3049 4802 3243 4874 Κάμοῦ
3294 4803 3349 4856 δὲ
3384 4801 3479 4855 τοῦ

1903 4906 2075 4961 ταῦτα
2098 4906 2348 4976 λέγοντος
2367 4905 2590 4976 ῥύσεται
2618 4904 2718 4972 τὴν
2738 4899 2938 4971 ψυχὴν,
2971 4898 3105 4971 πρὸς
3124 4897 3184 4950 τὺ
3226 4897 3302 4967 μὴ
3357 4911 3485 4948 συν-

1908 4998 2217 5068 ἀπαχθῆναι
2233 5000 2345 5061 τοῖς
2370 4994 2644 5060 ἀσεϐέσιν,
2669 4992 2783 5046 ἀλλ’
2800 4992 2857 5045 ὲν
2873 4990 3075 5061 ἑτέροις
3106 4985 3245 5042 εἶναι
3266 4985 3486 5059 χωρίοις

1908 5104 1966 5139 τε
1989 5088 2081 5140 καὶ
2110 5085 2449 5157 ποιμνίοις...
2480 5084 2540 5137 '0
2573 5083 2630 5136 δὲ
2669 5080 2898 5144 Ἀκύλας
2921 5081 3044 5134 ἀντὶ
3072 5077 3189 5144 τοῦ,
3208 5076 3481 5143 Βοήθεια,

1912 5176 2225 5245 Χαρακτὴρ
2251 5175 2452 5230 αὐτῶν
2482 5174 2829 5243 κατατρίψει
2855 5171 3011 5239 ᾅδην
3036 5170 3103 5223 ἐκ
3138 5184 3484 5234 κατοικητη-

1903 5268 2041 5336 ρίου
2066 5268 2283 5323 αὐτῶν.
2319 5268 2377 5320 '0
2413 5265 2696 5339 χαρακτὴρ
2726 5264 2931 5327 αὐτῶν,
2978 5263 3037 5316 ὃν
3066 5264 3122 5315 ὲν
3152 5262 3365 5323 ἑαυτοῖς
3397 5257 3486 5325 ἔξ-

1913 5360 2217 5423 ετύπωσαν,
2250 5359 2310 5413 τδ
2345 5362 2462 5413 κατ’
2485 5360 2668 5412 εἰκόνα
2716 5357 3102 5427 ἀφανίσαντες,
3150 5351 3247 5406 καὶ
3274 5349 3486 5419 ἀλόγων

1920 5452 2218 5525 μοχθηρίαν
2286 5452 2693 5524 μιμησάμενοι,
2752 5449 3197 5521 συντριϐήσεται.
3248 5461 3269 5495 ι
3324 5441 3484 5509 Atqui

1917 5544 2205 5613 impiorum
2236 5544 2448 5613 quidem
2492 5542 2615 5596 talis
2642 5550 2727 5597 est
2766 5542 2911 5596 finis.
2945 5539 3216 5594 Caeterum
3266 5532 3366 5587 viri
3408 5530 3485 5599 pii

240 5630 470 5705 ἐχθρῶν.
507 5634 684 5689 «Nam
714 5637 1019 5705 prituo’ait,
1083 5636 1303 5706 Sagitta:
1335 5644 1436 5689 tua!
1467 5644 1636 5690 acutae
1684 5634 1812 5687 ftent
1920 5636 2022 5689 isto
2070 5644 2312 5702 tempore
2363 5632 2629 5687 matutino
2672 5642 2728 5685 et
2774 5643 2927 5683 novte
2981 5626 3115 5681 lucis
3158 5630 3284 5679 ortu
3337 5618 3486 5687 digni

310 5854 357 5889 θ’
395 5854 536 5913 Psal.
571 5871 761 5922 xum,
805 5856 889 5910 10.
966 5858 1031 5889 θ’·
1062 5855 1204 5911 Psal.
1233 5869 1382 5921 xvul,
1420 5854 1504 5909 {0.
1580 5854 1624 5885 ⁸³
1658 5851 1791 5909 Psal.

1892 5866 1977 5917 .tv,
2015 5849 2067 5906 6.
2136 5852 2201 5883 ⁸³⁸
2238 5851 2369 5906 ibid.
2426 5852 2471 5884 “
2500 5849 2645 5906 Psal.
2685 5864 2870 5915 sum,
2904 5846 2989 5903 15.

3088 5847 3156 5878 ⁸⁸·
3188 5845 3301 5900 ibid
