4040 6454
570 408 668 445 εει

1908 384 2434 439 PROLEGOMENA.

557 507 748 569 habiti,
810 507 1221 560 dominabuntur
1272 506 1469 574 impiis,
1519 506 1597 557 vel
1646 506 1800 572 juxta
1856 505 2123 571 Aquilam,
2156 512 2201 565 Α
2231 504 2428 557 suntin
2464 503 2547 555 illa
2573 500 2921 570 psalmiscxti
2950 500 3240 555 :Lnboravi
3274 503 3327 555 in
3361 502 3555 572 gemitu
3577 505 3792 556 meo":

553 594 909 661 imperabunt;
946 593 1023 648 vel
1055 592 1207 660 juxta
1234 593 1642 662 Symmachum,
1686 591 1959 660 subjicient
1984 592 2125 644 illos.

554 683 756 754 Impios
782 685 924 738 enim
956 685 1047 755 qui
1073 685 1164 740 hic
1187 695 1365 740 rectos
1388 683 1767 746 humiliarunt,
1796 682 1869 736 ibi
1911 696 2131 749 supera-

558 776 711 829 hunt.
739 774 802 829 Et
834 790 1006 829 meam
1038 791 1253 847 quoque
1283 776 1395 831 haec
1422 774 1652 829 dicentis
1672 774 1908 828 animam
1935 774 2131 827 libera-

560 869 657 936 bit,
694 884 764 923 ne
781 869 940 923 simul
970 884 1094 923 cum
1120 868 1298 937 impiis
1326 870 1594 931 abducar;
1627 867 1719 921 sed
1749 866 1802 919 in
1839 866 1962 920 aliis
1995 864 2128 921 locis

556 976 621 1015 ac
656 962 911 1031 gregibus
957 977 1211 1016 verser...
1254 960 1443 1030 Aquila
1497 973 1629 1012 vero
1674 973 1792 1026 pro,
1846 958 2128 1023 auxilium,

559 1053 707 1123 legit,
731 1051 1020 1106 Character
1045 1053 1261 1106 illorum
1284 1060 1417 1106 teret
1446 1050 1711 1119 infernum
1733 1052 1795 1105 de
1827 1051 2129 1105 habitacula

554 1158 761 1196 eorum.
791 1142 1085 1198 Character
1110 1142 1346 1206 illorum,
1394 1156 1554 1210 quem
1597 1141 1649 1194 in
1694 1141 2001 1211 semetipsis
2033 1158 2130 1197 ex-

557 1244 896 1301 presserunt,
924 1234 1052 1287 illud
1095 1235 1238 1303 quod
1272 1231 1337 1285 ad
1368 1231 1781 1287 similitudinem
1832 1242 1951 1286 erat
1995 1234 2128 1289 abo-

559 1322 755 1387 lentes,
782 1333 837 1377 et
862 1322 1144 1379 brutorum
1171 1322 1495 1393 pravitatem
1551 1324 1847 1387 imitantes,
1876 1336 2122 1381 eontere~

558 1421 669 1471 tur.
692 1430 714 1469 ι
743 1415 1009 1486 Quidquid
1045 1427 1219 1471 autem
1246 1414 1300 1469 in
1341 1415 1426 1469 his
1451 1416 1867 1485 deprehenditur
1896 1419 2124 1473 varieta-

559 1509 651 1571 tis,
680 1508 940 1564 tributum
995 1511 1122 1578 ipsis
1168 1508 1482 1563 auctoribus
1538 1508 1726 1573 nolim,
1789 1508 2021 1565 Eusebio
2073 1519 2128 1563 et

557 1600 1110 1668 pseudo-Theodoro;
1153 1615 1274 1653 eum
1322 1617 1427 1654 non
1471 1600 1695 1655 minima
1755 1618 1880 1672 pars
1911 1614 1966 1656 ut
2018 1603 2122 1664 hic,

559 1693 632 1746 ita
665 1694 816 1757 alibi,
843 1691 1024 1761 potius
1045 1691 1285 1746 librariis
1316 1692 1634 1749 ascribenda
1679 1696 1770 1749 sit.
1807 1694 1991 1761 itaque
2037 1694 2126 1747 ubi

559 1784 786 1852 legimus
823 1784 876 1839 in
905 1784 1156 1849 Eusebio,
1185 1785 1419 1851 ἀσεϐῶν,
1452 1787 1570 1839 ἐκεῖ
1600 1787 1843 1857 ῥύσεται,
1869 1796 2002 1851 etc.,
2021 1803 2126 1841 non

2243 592 2585 664 Ἀκούσωμεν
2610 592 2729 644 οἵαν
2766 593 2796 644 6
2830 591 3080 661 βασιλεὺς
3131 594 3415 662 μετάνοιαν
3462 591 3797 655 ἐπεδείξατο.

2229 686 2339 755 Οὐχ
2374 686 2557 750 ἁπλῶς
2600 684 2825 755 ἔκαμεν,
2871 684 2984 738 ἀλλ’
3035 684 3324 738 ἐκοπίασεν
3369 684 3664 751 στενάζων·
3698 686 3801 755 οὐχ

2227 776 2414 841 ἁπλῶς
2448 779 2763 848 ἐδάκρυσεν,
2796 776 2932 831 ἀλλὰ
2956 777 3054 848 τὴν
3072 778 3258 849 κλίνην
3291 776 3527 843 ἔλουσεν,
3555 779 3648 833 καὶ
3671 777 3801 830 καθ’

2228 870 2463 942 ἑκάστην
2493 870 2678 924 νύκτα.
2711 869 2822 922 Καὶ
2862 870 2922 921 οὐ
2970 873 3030 924 τὸ
3082 872 3352 941 παρελθὸν
3396 876 3606 936 σκοπεῖ,
3659 871 3801 927 ἀλλὰ

2228 962 2321 1013 καὶ
2345 962 2735 1032 ἐπαγγέλλεται
2764 964 2875 1025 τοῖς
2897 966 3017 1034 (sic)
3043 963 3176 1036 πρὸς
3191 965 3251 1017 τὸ
3285 965 3477 1033 μέλλον
3501 966 3589 1018 διὰ
3615 968 3800 1037 πάσης

2227 1047 2326 1117 τῆς
2356 1048 2501 1120 ζωῆς
2523 1069 2535 1080 ·
2591 1050 2683 1103 καὶ
2715 1050 2773 1101 ὃν
2794 1051 2843 1102 oi
2865 1051 3047 1106 πολλοὶ
3078 1051 3353 1106 ποιοῦνται
3379 1053 3637 1118 αἰνέσεως
3672 1055 3799 1125 (sic)

2226 1143 2435 1215 καιρὸν,
2466 1144 2653 1199 τοῦτον
2688 1145 2895 1207 ἐκεῖνος
2936 1144 3393 1217 ἐξομολογήσεως.
3433 1164 3453 1196 r
3498 1144 3805 1203 Audiamus

2228 1236 2367 1305 regis
2397 1234 2539 1290 illius
2569 1235 2964 1305 paenitentiam,
2996 1235 3085 1305 qui
3131 1250 3234 1289 non
3284 1236 3457 1290 solum
3507 1235 3800 1302 laboravit,

2227 1331 2320 1382 sed
2347 1329 2508 1383 etiam
2547 1328 2947 1400 ingemiscendo
2976 1342 3168 1399 magno
3211 1326 3435 1385 allectus
3466 1339 3548 1384 est
3574 1328 3802 1389 dolore;

2232 1437 2339 1476 non
2379 1422 2551 1477 solum
2580 1424 2993 1494 collacrymatus
3019 1431 3123 1487 est,
3157 1420 3249 1476 sed
3279 1420 3407 1474 lavit
3438 1439 3534 1491 per
3556 1420 3803 1493 singulas

2230 1525 2417 1570 noctes
2448 1515 2644 1568 lectum
2682 1530 2859 1569 suum.
2897 1512 3082 1583 Neque
3128 1524 3307 1568 tamen
3356 1514 3408 1566 id
3444 1515 3532 1569 ille
3574 1514 3803 1585 respicit

2226 1609 2369 1675 quod
2389 1607 2496 1674 jam
2528 1609 2809 1677 prmteriit,
2846 1606 2939 1661 sed
2982 1606 3179 1660 similia
3226 1607 3497 1660 facturum
3546 1623 3607 1661 se
3637 1609 3803 1677 pollio

2227 1709 2382 1753 cetur
2407 1712 2501 1769 per
2536 1706 2703 1753 totum
2735 1699 2859 1751 vita:
2892 1706 3102 1767 tempus
3126 1697 3198 1728 “'
3232 1714 3246 1748 :
3276 1707 3330 1750 et
3356 1698 3498 1765 quod
3540 1696 3630 1751 alii
3660 1710 3803 1754 tem-

2228 1805 2328 1858 pus
2357 1790 2600 1845 laudibus
2622 1791 2917 1854 insumunt,
2944 1790 2995 1844 id
3024 1790 3113 1846 ille
3138 1788 3466 1844 confessioni
3498 1790 3737 1857 deputat.
3776 1811 3804 1842 γ

554 1875 715 1931 valde
739 1876 1026 1929 admodum
1058 1878 1264 1939 dubito,
1311 1878 1441 1944 quin
1487 1877 1558 1930 ibi
1608 1877 1811 1946 aliquid
1840 1877 2123 1932 omiserint
2156 1874 2197 1929 B
2226 1880 2425 1935 Eadem
2458 1881 2677 1937 omnino
2707 1882 2957 1951 leguntur
3003 1884 3057 1936 in
3104 1881 3662 1952 pseudo-Theodoro;
3721 1886 3804 1938 uti

558 1966 782 2022 librarii.
820 1967 953 2020 Puto
997 1967 1173 2036 igitur
1224 1968 1401 2037 potius
1451 1967 1733 2039 legendum
1785 1985 1906 2023 esse
1948 1969 2023 2022 uti
2071 1968 2123 2022 in

557 2056 1076 2127 pseudo-Theodoro
1114 2075 1129 2111 :
1167 2060 1361 2132 Κάμοῦ
1403 2061 1462 2115 δὲ
1498 2062 1591 2115 τοῦ
1617 2062 1809 2129 ταῦτα,
1846 2072 1950 2116 etc.
1989 2059 2124 2116 Nam

558 2146 661 2203 boc
687 2157 844 2218 pacto
879 2150 1176 2206 orationem
1211 2153 1369 2221 plane
1397 2153 1670 2209 cohaerere
1695 2162 1909 2208 constat
1944 2171 1958 2207 :
1992 2169 2126 2209 eon-

556 2252 663 2308 tra,
699 2242 899 2313 aliquid
927 2244 1235 2298 necessario
1264 2244 1315 2298 in
1348 2243 1582 2300 Eusebio
1630 2246 1987 2318 supplendum
2020 2258 2125 2314 est,

558 2348 679 2386 cum
710 2334 911 2387 incerte
936 2332 1134 2387 dictum
1168 2334 1238 2389 sit
1277 2334 1498 2404 ῥύσεται
1530 2337 1630 2408 τήν
1661 2338 1861 2409 ψυχήν,
1894 2355 1993 2395 nee
2027 2344 2125 2393 ad-

558 2427 728 2479 ditum
783 2426 874 2491 sit,
909 2427 1061 2495 cujus
1091 2428 1325 2482 animam
1370 2431 1700 2485 liberaturus
1740 2435 1812 2485 sit
1849 2432 2008 2485 Deus.
2053 2432 2121 2485 Et

558 2517 757 2585 alioqui
786 2516 873 2571 illa
905 2519 1097 2586 psalmi
1123 2535 1189 2573 ex
1218 2520 1402 2574 eodem
1437 2520 1576 2583 loco,
1598 2518 1963 2575 Verumtamen
1989 2519 2125 2575 Deus

558 2610 772 2663 redimet
804 2612 1038 2663 animant
1068 2627 1236 2665 meam
1270 2612 1335 2677 “,
1367 2620 1501 2676 etc.,
1527 2611 1610 2666 vel
1634 2612 1744 2666 sola
1773 2621 1959 2682 aperte
1991 2612 2129 2665 indi-

555 2710 682 2754 cant
715 2701 999 2757 Eusebium
1031 2716 1135 2756 non
1183 2702 1359 2766 aliter,
1412 2713 1576 2773 atque
1619 2705 1675 2759 in
1718 2702 2129 2775 pseudo-Theo-

555 2793 691 2845 doro
721 2792 924 2846 editum
952 2802 1056 2860 est,
1090 2793 1233 2862 loqui
1267 2794 1541 2849 debuisse.
1582 2795 1804 2847 Dixerat
1832 2796 1976 2847 enim
2025 2795 2128 2848 Da-

556 2885 666 2948 vid,
693 2886 830 2947 lore.
862 2895 920 2939 ut
941 2901 1036 2941 sua
1074 2887 1240 2954 ipsius
1259 2884 1461 2948 anima,
1492 2900 1598 2938 non
1632 2884 1854 2939 alterius
1884 2885 2115 2938 redime-

560 2979 725 3022 retur.
761 2969 828 3023 Et
873 2972 998 3038 quia
1032 2970 1210 3025 Basilii
1241 2988 1402 3027 causa
1428 2974 1633 3027 critica:
1663 2974 1745 3028 ha:
1775 2981 1912 3028 notae
1942 2987 2129 3028 susce-

556 3068 664 3126 pta
717 3070 863 3125 sunt,
922 3060 1040 3127 ejus
1097 3062 1153 3114 in
1207 3061 1453 3115 Psalmos
1511 3066 1815 3118 orationum
1881 3064 2124 3119 ordinem

556 3152 751 3219 secuti,
801 3153 1061 3207 nonnulla
1093 3169 1305 3222 quoque
1352 3169 1383 3208 e
1429 3155 1636 3223 psalmo
1683 3158 2127 3225 quinquagesimo

2227 1987 2291 2027 ex
2318 1971 2461 2027 illius
2494 1972 2691 2036 verbis,
2722 1987 2844 2041 qua:
2867 1972 3137 2041 subjicere
3168 1989 3271 2027 non
3297 1973 3661 2040 gravabimur,
3700 1987 3806 2041 pa-

2229 2065 2380 2118 tebit.
2413 2064 2505 2119 Sic
2535 2077 2665 2133 ergo
2713 2064 2955 2131 loquitur
3005 2081 3019 2117 :
3067 2063 3416 2132 ’Δκούσωμεν
3440 2063 3559 2116 οἵαν
3592 2065 3622 2117 6
3652 2061 3807 2134 βασι-

2226 2153 2672 2223 λε’ὺς’μετάνοιαν
2700 2151 3035 2216 ἐπεδείξατο.
3066 2152 3179 2222 Οὐχ
3206 2152 3395 2216 ἁπλῶς
3422 2152 3650 2223 ἔκαμεν,
3682 2152 3805 2207 ἀλλ’

2226 2241 2486 2296 ἐκοπίασε
2516 2240 2787 2305 στενάζων
2804 2259 2818 2273 ⁸
2841 2242 2939 2312 οὐχ
2965 2240 3152 2307 ἁπλῶς
3176 2241 3497 2315 ἐδάκρυσεν,
3527 2244 3666 2297 ἀλλὰ
3701 2241 3808 2314 τὴν

2227 2337 2413 2408 κλίνην
2443 2337 2655 2404 ἔλουσε,
2692 2336 2787 2390 καὶ⁵
2822 2336 2942 2390 καθ’
2986 2335 3223 2406 ἑκάστην
3272 2333 3463 2387 νύκτα.
3496 2334 3609 2385 Καὶ
3639 2333 3701 2385 οὐ
3740 2334 3808 2386 τδ

2227 2429 2494 2499 παρελθὸν
2522 2432 2735 2491 σκοπεῖ,
2767 2428 2901 2481 ἀλλὰ
2945 2429 3040 2481 καὶ
3084 2424 3479 2495 ἐπαγγέλλεται
3507 2423 3666 2477 τοῦτο
3706 2426 3806 2478 καὶ

2226 2519 2365 2590 πρὸς
2394 2520 2455 2572 τὸ
2481 2520 2670 2589 μέλλον
2701 2519 2787 2572 διὰ
2811 2518 2991 2587 πάσης
3023 2518 3121 2588 τῆς
3159 2516 3327 2588 ζωῆς.
3358 2517 3469 2570 Kal.
3498 2516 3559 2571 δν
3590 2519 3640 2571 οἱ
3671 2516 3808 2571 πολ-

2228 2611 2309 2665 λοὶ
2334 2612 2570 2676 ἀνέσεως
2594 2610 2871 2665 ποιοῦνται
2909 2609 3126 2681 καιρὸν,
3157 2608 3349 2663 τοῦτον
3370 2611 3575 2673 ἐκεῖνος
3605 2609 3806 2678 ἐξομοο

2230 2707 2526 2778 λογήσεως.
2557 2724 2576 2758 ι
2607 2707 2906 2761 Audiamus
2939 2704 3151 2774 qualem
3172 2719 3267 2759 rex
3298 2703 3386 2757 hic
3416 2702 3802 2772 panitentiam

2229 2799 2701 2852 demonstraverit.
2740 2792 2893 2849 Haud
2923 2795 3149 2863 simplici
3193 2794 3352 2848 modo
3382 2793 3671 2855 laboravit,
3703 2793 3809 2844 sed

2226 2888 2491 2943 laboravit
2521 2902 2779 2956 gemens;
2821 2888 2961 2940 haud
2986 2886 3191 2953 vulgari
3236 2884 3445 2937 ratione
3472 2886 3804 2954 lacrymatus

2229 2978 2353 3041 fuit,
2389 2978 2482 3031 sed
2507 2976 2705 3031 lectum
2733 2991 2887 3030 suum
2915 2975 3065 3039 lavit,
3099 2973 3261 3044 idque
3290 2989 3388 3044 per
3413 2973 3659 3044 singulas
3698 2989 3803 3028 uo.

2230 3082 2363 3127 etes.
2402 3068 2587 3138 Neque
2626 3068 2953 3139 praeteritum
3003 3066 3269 3122 duntaxat
3316 3076 3525 3135 tempus
3564 3073 3803 3132 spectat,

2233 3179 2420 3220 verum
2447 3163 2609 3217 etiam
2644 3161 2697 3215 in
2736 3162 2972 3215 futurum
3005 3175 3065 3214 se
3107 3175 3205 3229 per
3244 3167 3409 3212 totam
3446 3159 3610 3210 vitam
3644 3154 3696 3209 id
3722 3155 3809 3209 fa-

558 3258 703 3297 nono
739 3246 791 3298 in
824 3248 1058 3298 medium
1094 3245 1400 3301 aﬂeramus.
1440 3246 1564 3301 Iliae
1597 3248 1758 3315 igitur
1788 3252 1990 3318 scripta
2007 3263 2131 3304 sunt
2156 3235 2201 3294 ο
2232 3266 2442 3308 cturum
2466 3254 2713 3320 spondet.
2745 3252 2921 3318 Atque
2960 3262 3169 3318 tempus
3194 3248 3338 3317 quod
3385 3246 3475 3300 alii
3526 3246 3809 3300 destinant

556 3335 625 3389 ab
662 3332 895 3390 Eusebio
931 3336 983 3390 in
1020 3336 1108 3389 illa
1154 3336 1313 3404 hujus
1343 3337 1540 3407 Psalmi
1573 3356 1587 3392 :
1628 3338 1757 3403 Quis
1797 3342 2019 3393 abducet
2050 3358 2131 3394 me

555 3426 612 3478 in
640 3428 902 3480 ciuitatem
947 3429 1207 3481 munitam
1231 3428 1321 3493 "',
1361 3438 1466 3484 etc.
1506 3444 1520 3481 :
1558 3429 1888 3501 Ἐπιστήσας
1926 3434 1992 3503 τῇ
2020 3431 2129 3485 τῶν

554 3517 964 3587 προλεχθέντων
1005 3518 1216 3591 διανοίᾳ
1272 3522 1300 3575 6
1352 3520 1647 3593 Προφήτης
1695 3523 2133 3595 ὑπερεκπλήττε-

556 3628 712 3666 ται...
744 3610 835 3664 Διὸ
869 3610 1165 3681 μακαρίζει
1209 3613 1309 3681 μὲν
1359 3614 1603 3677 τούτους,
1657 3613 1737 3677 οἷς
1770 3618 2130 3687 ἐπιδημήσειν

556 3701 785 3774 ἤμελλεν
814 3704 844 3756 6
876 3704 1035 3768 θεός
1070 3704 1236 3774 εὐχὴν
1257 3703 1313 3757 δὲ
1339 3703 1545 3758 τίθεται
1574 3704 1971 3777 καταξιωθῆναι
1999 3724 2128 3760 ποτε

556 3794 651 3848 καὶ
698 3795 860 3849 αὑτὸν
900 3794 1003 3866 τῆς
1051 3795 1258 3849 τούτων
1290 3794 1441 3860 θέας,
1496 3808 1601 3852 etc.
1631 3816 1649 3849 ι
1688 3798 2128 3868 Supradietorum

556 3887 836 3939 sententia:
869 3884 1132 3939 insistens
1179 3884 1473 3955 Pmpheta,
1506 3901 1668 3956 supra
1708 3889 1924 3942 modum
1961 3890 2131 3945 mira-

556 3974 910 4041 tur...Quare
938 3977 1124 4031 beatos
1148 3975 1268 4029 illos
1304 3977 1583 4044 prredicat,
1608 3978 1675 4032 ad
1702 3995 1840 4048 quos
1875 3995 2129 4037 accessu-

556 4082 649 4123 rus
675 4078 795 4122 erat
819 4067 981 4134 Deus,
1007 4068 1425 4138 orationemque
1454 4071 1677 4136 emittit,
1722 4082 1781 4124 ut
1841 4073 1956 4142 ipse
1996 4091 2131 4145 quo.

555 4174 663 4229 que
702 4161 822 4215 haec
868 4161 1057 4215 videre
1111 4161 1308 4232 dignus
1347 4161 1633 4225 habeatur,
1662 4180 1680 4212 ι
1720 4172 1826 4217 etc.
1887 4164 2125 4219 Pseudo-

557 4252 877 4309 Theodorus
925 4268 1032 4307 non
1082 4266 1261 4307 secus.
1299 4250 1431 4318 Ejus
1462 4253 1575 4306 haec
1601 4263 1726 4307 sunt
1760 4256 1921 4309 verba
1953 4271 1966 4308 :
1994 4252 2129 4311 Εἶτα

556 4342 853 4414 ἐθειστήσας
887 4345 953 4415 τῇ
984 4343 1094 4397 τῶν
1133 4341 1439 4415 λεχθέντων
1494 4341 1703 4415 διανοίᾳ
1748 4346 1777 4396 6
1834 4346 2128 4420 Προφήτης

554 4434 981 4504 ἐκπλήττεται...
1025 4437 1137 4491 Καὶ
1168 4434 1460 4507 μακαρίζει
1505 4435 1746 4501 τούτους,
1782 4431 1863 4501 οἷς
1902 4439 2131 4513 ἐνδημή-

554 4541 670 4579 σειν
701 4525 923 4597 ἔμελλεν
956 4529 986 4581 6
1028 4527 1194 4591 Θεός·
1239 4524 1334 4581 καὶ
1381 4527 1547 4598 εὐχὴν
1586 4528 1816 4594 τίθεται,
1857 4531 2126 4595 καταξιω-

2230 3342 2421 3412 quieti,
2466 3345 2568 3397 hoc
2619 3342 2731 3410 ipse
2782 3341 3043 3409 impendit
3076 3339 3430 3393 confessioni.
3474 3357 3494 3391 ι
3541 3337 3714 3393 Recte
3747 3350 3808 3392 et

2229 3436 2514 3491 emendate
2568 3435 2621 3490 in
2673 3431 3198 3503 pseudo-Theodoro
3265 3432 3468 3485 editum
3533 3440 3618 3485 est
3673 3428 3805 3483 ἀνέο

2233 3548 2390 3594 σεως,
2425 3528 2518 3585 ubi
2552 3528 2606 3583 in
2652 3526 2949 3581 Athanasio
2987 3526 3165 3594 inepte
3208 3534 3263 3579 et
3293 3523 3547 3578 mendose
3575 3538 3607 3575 a
3639 3520 3809 3575 libra-

2231 3624 2327 3679 riis
2359 3625 2616 3692 scriptum
2640 3630 2725 3675 est
2749 3619 3027 3679 αἰνέσεως.
3056 3619 3187 3672 Nam
3221 3618 3337 3686 ipsa
3378 3614 3637 3682 temporis
3665 3614 3808 3667 ratio

2229 3729 2414 3768 vocem
2456 3713 2690 3775 ἀνέσεως
2728 3712 3034 3765 necessario
3075 3710 3277 3777 exigit;
3307 3722 3431 3762 cum
3477 3715 3802 3761 nocturnum

2228 3808 2440 3867 tempus
2466 3799 2533 3853 de
2558 3813 2666 3867 quo
2701 3798 2787 3852 hic
2817 3798 3016 3867 agitur,
3051 3796 3209 3866 vulgo
3246 3812 3354 3850 non
3397 3796 3677 3861 laudibus,
3706 3799 3806 3851 sed

2230 3907 2420 3947 somno
2446 3906 2510 3947 ac
2533 3889 2702 3962 quieti
2741 3889 2974 3957 impendi
3026 3888 3217 3945 soleat.
3276 3888 3522 3944 Vidimus
3569 3889 3804 3957 pseudo.

2236 3980 2603 4049 Theodorum,
2628 3998 2747 4037 cum
2784 3983 3231 4050 interpretaretur
3264 3978 3415 4045 illud,
3443 3976 3705 4032 Laboraei
3746 3979 3805 4030 iu

2229 4075 2424 4142 gemitu
2452 4090 2587 4138 meo,
2606 4074 2888 4127 Athanasii
2906 4070 3407 4139 interpretationem
3431 4067 3756 4135 compilasse
3783 4086 3799 4120 :

2230 4164 2510 4217 videamus
2529 4180 2672 4218 nunc
2699 4164 2948 4217 eumdem
2969 4162 3072 4216 hoc
3101 4162 3239 4216 idem
3267 4174 3456 4213 rursus
3484 4160 3802 4225 praestitisse

2230 4253 2282 4307 in
2313 4253 2794 4319 explanandisillis
2813 4251 3051 4321 ejusdem
3079 4250 3274 4320 psalmi
3308 4251 3505 4315 verbis,
3532 4249 3801 4305 Discedite

2228 4359 2261 4396 a
2293 4359 2391 4405 me,
2422 4359 2597 4397 omnes
2633 4344 2703 4407 ⁸⁷,
2738 4354 2847 4399 etc.
2876 4342 3155 4397 Athanasii
3202 4342 3367 4409 igitur
3390 4351 3518 4395 sunt
3560 4341 3648 4396 illa
3681 4358 3695 4395 :
3722 4341 3800 4394 Οὐ

2233 4435 2404 4508 μικρὰ
2424 4437 2481 4490 δὲ
2505 4437 2599 4490 καὶ
2622 4435 2762 4508 αὕτη
2791 4437 2928 4507 πρὸς
2956 4436 3155 4509 ἀρετὴν
3194 4435 3333 4500 ὁδὸς,
3361 4436 3423 4490 τὸ
3454 4434 3679 4505 φεύγειν
3706 4434 3804 4489 καὶ

2230 4529 2609 4600 διακρούεσθαι
2628 4530 2727 4592 τὰς
2754 4528 2861 4582 τῶν
2882 4528 3133 4599 πονηρῶν
3162 4527 3469 4589 συνουσίας.
3498 4520 3667 4589 Οὗτος
3693 4527 3804 4599 γὰρ

554 4617 712 4691 om;
776 4621 873 4674 καὶ
925 4620 1090 4675 αὑτὸν
1140 4620 1240 4689 τῆς
1292 4618 1403 4672 τῶν
1455 4618 1758 4689 εἰρημένων
1814 4620 1961 4686 θέας,
2018 4633 2127 4677 etc.
2157 4614 2203 4670 Β
2230 4620 2328 4690 τῆς
2364 4620 2653 4690 μετανοίας
2673 4620 2954 4689 ὀκαρπὸς.
2986 4619 3082 4671 καὶ
3104 4618 3212 4670 τῶν
3227 4616 3476 4686 δακρύων
3498 4617 3559 4671 τὸ
3588 4617 3799 4688 κέρδος.

563 4730 582 4763 ι
618 4713 823 4768 Deinde
870 4712 1127 4768 insistens
1174 4711 1358 4765 sensui
1393 4724 1581 4764 eorum
1620 4724 1740 4779 qua:
1790 4712 1933 4766 dicta
1980 4723 2130 4779 sunt,

554 4805 894 4873 obstupescit
918 4801 1261 4871 Pr0pheta...
1288 4800 1368 4869 [Et
1398 4802 1583 4855 beatos
1616 4800 1872 4869 praedicat
1907 4802 2048 4868 illos,
2073 4806 2127 4859 in

564 4899 751 4967 quibus
767 4896 908 4951 Deus
931 4907 1368 4951 commoraturus
1390 4904 1500 4958 est;
1540 4904 1595 4948 et
1622 4894 1925 4948 orationem
1951 4897 2125 4965 ponit,

563 5007 661 5058 qua
688 4999 833 5061 rogat
875 4990 1074 5059 dignus
1102 4988 1288 5044 haberi
1327 4986 1531 5042 visione
1585 5000 1771 5041 eorum
1822 5001 1941 5054 qua:
1981 4988 2126 5043 dicta

559 5097 700 5147 sunt,
733 5102 754 5137 ι
787 5093 893 5141 etc.
954 5082 1067 5138 Nec
1121 5097 1183 5137 se
1237 5074 1322 5135 sui
1374 5080 1689 5135 dissimilem
1742 5081 1991 5148 prestltit
2037 5082 2126 5138 hic

556 5174 1126 5247 pseudo-Theodorus.
1180 5162 1339 5240 Nam,
1394 5172 1486 5241 qui
1527 5170 1643 5240 ejus
1686 5185 1803 5226 mos
1836 5181 1940 5237 est,
1999 5172 2127 5229 hinc

556 5268 683 5323 inde
730 5269 800 5322 ab
847 5268 1079 5322 Eusebio
1120 5280 1284 5321 voces
1330 5264 1598 5334 quasdam
1662 5273 1956 5317 mutuatur.
2016 5264 2124 5320 Sed

555 5359 845 5414 Eusebium
867 5359 1231 5423 dimittamus,
1257 5366 1317 5413 ut
1350 5358 1532 5428 aliqua
1556 5356 1719 5411 etiam
1742 5368 1806 5408 ex
1847 5355 1967 5410 aliis
1990 5356 2125 5411 seri-

556 5450 801 5517 ptoribus
825 5450 987 5505 liceat
1023 5450 1320 5505 ascribere.
1363 5448 1525 5505 Plura
1552 5448 1646 5517 qui
1676 5448 1922 5515 cupiunt,
1956 5447 2122 5502 libros

556 5541 702 5609 ipsos
733 5539 953 5605 adeant,
981 5540 1203 5594 suadeo.

622 5632 716 5689 45.
772 5634 1039 5690 Succedat
1084 5632 1195 5701 jam
1247 5633 1601 5698 Athanasius,
1628 5634 1784 5702 cujus
1814 5634 1929 5687 haec
1960 5629 2123 5684 verba

623 5815 669 5850 ⁸³
696 5814 839 5873 Psal.
876 5832 1063 5883 stvtn,
1089 5818 1175 5871 i6.
1254 5818 1321 5849 ⁸⁸·
1364 5816 1501 5871 Psal.
1540 5832 1647 5881 us,
1685 5818 1774 5871 il.
1852 5818 1895 5849 "
1944 5817 2167 5883 Psalm,
2199 5816 2253 5869 7.

2234 4710 2304 4762 Ἢ
2333 4710 2566 4775 ἐλλιπῶς
2587 4710 2768 4770 τοῦτο,
2792 4710 2911 4765 ἀντὶ
2942 4708 3057 4771 τοῦ,
3086 4708 3173 4771 δὸς
3198 4710 3372 4760 εἰπεῖν
3399 4711 3512 4772 τοῖς
3534 4709 3802 4781 ἐπεμϐαί-

2229 4819 2411 4856 νουσιν
2445 4803 2689 4874 ὲχθροίς·
2723 4801 3091 4872 ἁπόστητεὸτι
3120 4798 3597 4869 εἰσηκούσθην,δτι
3626 4819 3801 4876 προσ-

2224 4893 2467 4963 εδέχθην,
2501 4896 2531 4947 6
2547 4892 2639 4947 διὰ
2664 4892 2765 4963 τῆς
2789 4892 3065 4963 ἁμαρτίας
3090 4892 3389 4955 ἀπωσθείς.
3408 4913 3425 4945 ‹
3449 4890 3560 4947 Nec
3577 4896 3801 4950 minima

2228 4988 2321 5044 illa
2349 4999 2433 5044 est
2467 4992 2535 5045 ad
2563 4990 2817 5043 virtutem
2842 4989 2953 5054 via,
2980 4988 3165 5060 iugere
3183 4998 3239 5044 et
3266 4990 3500 5056 abjicere
3528 4990 3803 5059 improbo—

2228 5097 2348 5136 rum
2375 5082 2726 5137 consortium.
2753 5080 2851 5136 Hie
2876 5082 3019 5136 enim
3052 5092 3133 5136 est
3158 5081 3491 5151 ptenitentiae
3515 5081 3728 5138 fructus
3744 5093 3802 5137 et

2229 5173 2592 5245 lacrymarum
2623 5172 2857 5227 lucrum.
2892 5174 3000 5227 Aut
3024 5172 3252 5227 fortasse
3291 5172 3421 5227 illud
3454 5188 3548 5243 per
3567 5172 3798 5242 ellipsim

2228 5265 2432 5319 dictum
2461 5274 2565 5329 est,
2595 5272 2657 5319 ut
2689 5263 3063 5333 intelligatur:
3093 5262 3345 5319 Concede
3369 5264 3523 5319 nobis
3563 5273 3621 5316 ut
3645 5264 3799 5317 dica-

2229 5370 2352 5409 mus
2381 5354 2449 5409 iis
2467 5354 2561 5426 qui
2595 5356 2648 5408 in
2698 5369 2799 5409 nos
2836 5356 3047 5408 irruunt
3092 5354 3420 5409 adversariis
3458 5370 3473 5407 :
3508 5354 3803 5407 Abseedite

2226 5447 2479 5516 quoniam
2510 5446 2787 5502 exaudivit
2814 5460 2919 5511 me,
2950 5445 3203 5512 quoniam
3230 5447 3344 5514 ipse
3361 5454 3800 5508 suseeptussum,

2231 5540 2323 5606 qui
2356 5539 2566 5607 peccati
2594 5554 2757 5593 causa
2785 5537 3041 5605 expulsus
3064 5535 3292 5591 fueram.
3322 5556 3341 5589 ι
3372 5536 3801 5590 Pseudo-Theo-

2227 5629 2341 5685 dori
2383 5639 2562 5686 autem
2593 5631 2741 5685 haec:
2782 5629 2855 5682 Οὐ
2893 5629 3065 5699 μικρὰ
3097 5630 3193 5683 καὶ
3231 5628 3369 5699 αὕτη
3406 5627 3543 5699 πρὸς
3597 5626 3807 5700 ἀρετὴν

2324 5819 2397 5850 ⁴⁶⁶
2426 5816 2567 5872 ibid:
2641 5814 2687 5847 ⁸⁷
2706 5815 2831 5868 ibi".
2858 5814 2910 5868 9.
