4040 6462
1362 385 1417 437 D.
1464 385 1608 440 JUL.
1651 386 1817 440 CAR‘.‘

1919 386 1974 440 Lll
2011 387 2398 445 PREFATIO.
3358 413 3480 459 cost

251 507 384 569 ὁδὸς.
417 506 478 559 τὸ
494 506 712 575 φεύγειν
743 505 840 559 καὶ
880 504 1380 575 διακρούεσθαιτῶν
1405 505 1657 575 πονηρῶν
1687 523 1813 560 συν-

1920 524 2038 575 μιον
2086 508 2234 562 deest
2274 508 2327 561 in
2360 510 2769 574 commentario,
2815 508 2908 563 sed
2944 508 3015 563 ita
3046 509 3239 580 legisse
3275 509 3480 569 Corde-

251 596 453 650 ουσίαν.
488 591 655 659 Οὗτος
683 595 789 666 γάρ
825 594 924 664 τῆς
960 594 1244 664 μετανοίας
1268 597 1296 647 ὁ
1335 595 1567 667 καρπὸς,
1592 597 1685 649 καὶ
1704 598 1811 649 τῶν

1919 597 2074 661 rium,
2110 613 2177 652 ex
2210 599 2650 664 interpretatione
2688 607 2853 667 patet.
2885 597 3031 654 ldem
3057 599 3485 671 Cbrysostonms

250 685 501 757 δακρύων
535 686 597 738 τὸ
615 685 827 755 κέρδος.
858 686 927 737 Ἦ
957 682 1186 747 ἐλλιπῶς
1219 684 1395 750 τοῦτο,
1429 686 1548 738 ἀντὶ
1578 685 1692 750 τοῦ,
1725 688 1812 752 δὸς

1919 685 2001 738 illa
2049 686 2164 754 ejus
2221 687 2414 757 psalmi
2450 690 2633 755 verba,
2698 688 2952 744 Dominus
3002 691 3262 760 judicabit
3317 713 3485 764 popu-

259 778 433 829 είπείν
464 779 577 837 τοῖς
611 775 975 827 ἐπιϐαίνουσιν
1025 773 1266 844 ἐχθροῖς’
1328 774 1669 841 Ἀπόστητε,
1711 775 1809 846 ἤδη

1919 777 1991 830 los
2031 777 2096 840 ",
2153 780 2537 847 interpretatur
2593 782 2694 834 hoc
2754 782 2913 834 modo
2980 797 2995 834 :
3053 782 3302 835 Διδάσκει
3356 786 3483 847 τοὺς

258 866 647 937 εἰσηκούσθην.
666 867 746 918 ὅτι
766 864 1409 938 προσεδέχθηνβδιάγτὴν
1424 866 1694 937 ἁμαρτίαν
1711 868 1814 920 άπ-
1913 868 2097 932 ἁπλῶς
2146 871 2238 922 καὶ
2270 870 2345 932 ὡς
2392 866 2547 939 ἔτυχε
2581 870 2900 939 νομίζοντας
2942 872 3154 926 ἅπαντα
3197 873 3482 945 φέρεσθαι.

256 958 478 1021 ωσθείς.
517 975 535 1008 ι
574 958 723 1011 llaud
768 973 929 1027 parva
957 972 1171 1027 quoque
1202 959 1268 1011 ad
1318 958 1571 1012 virtutem
1600 958 1681 1010 via
1708 968 1812 1022 est,

1919 959 1993 1012 ὅτι
2027 959 2248 1028 πρόνοιά
2272 977 2355 1023 τις
2386 958 2653 1030 ἐφέστηκε
2674 964 2788 1024 τοῖς
2813 964 3153 1032 πράγμασιν,
3177 964 3485 1018 ἀπαιτοῦσα

252 1048 441 1116 iugere
478 1063 543 1102 ac
570 1048 824 1115 repellere
851 1050 1178 1103 consortium
1227 1048 1513 1103 malorum.
1549 1048 1646 1103 llic
1669 1051 1811 1103 enim

1919 1050 2011 1114 τὰς
2043 1051 2268 1115 εὐθύνας
2295 1052 2404 1104 τῶν
2434 1051 2753 1122 γινομένων.
2795 1069 2813 1101 ι
2838 1054 2999 1107 Docet
3028 1068 3141 1118 eos,
3175 1055 3264 1122 qui
3301 1057 3482 1111 omnia

252 1139 460 1193 fructus
486 1148 569 1193 est
594 1139 941 1207 paenitentitc,
969 1154 1033 1193 ac
1058 1140 1263 1192 lucrum
1303 1140 1686 1209 lacrymarum.
1717 1140 1813 1194 Vel
1915 1157 2041 1196 casu
2072 1152 2128 1196 et
2159 1151 2356 1196 temere
2376 1142 2489 1196 ﬁeri
2516 1150 2725 1210 putant,
2750 1141 2910 1195 rebus
2934 1143 3220 1209 quamdam
3254 1157 3484 1211 praeesse

253 1228 414 1279 etiam
447 1237 532 1280 est
576 1229 691 1281 bmc
734 1228 981 1296 loquendi
1035 1226 1264 1281 formula
1300 1243 1395 1296 per
1441 1229 1813 1291 emissionem,
1914 1232 2326 1302 providentiam,
2360 1247 2481 1301 qum
2513 1246 2699 1287 eorum
2745 1246 2863 1301 quae
2905 1232 3038 1285 liuut
3073 1233 3335 1288 rationem
3367 1234 3485 1288 exl-

254 1316 410 1382 quasi
440 1316 646 1370 diceret
682 1334 695 1370 :
728 1317 800 1369 Da
831 1327 889 1368 ut
922 1316 1094 1368 dicam
1142 1317 1521 1371 insultantibus
1570 1317 1817 1371 mibiini-
1916 1324 2010 1393 git.
2037 1343 2055 1375 ι
2093 1323 2248 1378 Haud
2292 1324 2624 1378 dissimiliter
2656 1320 3225 1393 pseudo-Theodorus,
3276 1325 3367 1394 qui
3403 1324 3485 1379 sic

254 1408 411 1460 micis
452 1407 608 1470 meis,
639 1408 898 1460 Discedite
920 1420 938 1458 :
958 1406 1064 1474 jam
1093 1407 1375 1461 exauditus
1398 1423 1533 1470 sum,
1562 1409 1813 1477 quoniam

1919 1414 2130 1484 scripsit
2161 1433 2175 1469 :
2207 1414 2458 1468 Διδάσκει
2506 1415 2631 1477 τοὺς
2684 1414 3003 1484 νομίζοντας
3038 1415 3225 1478 ἁπλῶς
3273 1417 3368 1470 καὶ
3405 1416 3483 1481 ὡς

254 1498 523 1550 admissus
546 1514 684 1557 sum,
708 1497 798 1565 qui
825 1498 893 1551 ob
929 1507 1207 1565 peccatum
1252 1497 1457 1550 fueram
1495 1498 1757 1566 repulsus.
1792 1514 1810 1545 ι

1919 1502 2104 1572 ἔτυχεν
2131 1502 2341 1555 ἅπαντα
2374 1502 2659 1573 φέρεσθαι,
2691 1504 2773 1555 ὅτι
2807 1504 3029 1574 πρόνοιά
3055 1522 3136 1568 τις
3164 1505 3481 1578 ἐφέστηκεν,

258 1586 601 1640 Institueram
628 1587 778 1655 plura
806 1601 872 1641 ex
902 1587 1181 1640 Athanasii
1223 1588 1279 1640 in
1314 1586 1560 1640 Psalmos
1593 1585 1817 1654 Exposi-

1919 1595 2220 1649 ἀπαιτοῦσα
2245 1595 2471 1659 εὐθύνας
2502 1595 2610 1649 τῶν
2638 1597 2959 1665 γινομένων.
2999 1616 3018 1647 ι
3048 1600 3214 1652 Docet
3245 1612 3359 1663 eos,
3390 1600 3483 1667 qui

259 1680 489 1733 tionibus
521 1679 793 1751 colligere,
842 1679 989 1733 verbi
1034 1679 1228 1748 gratia,
1257 1695 1324 1733 ex
1370 1679 1577 1747 psalmo
1610 1678 1817 1731 decimo

1919 1696 2110 1756 putant
2147 1687 2329 1740 omnia
2358 1695 2559 1741 temere
2585 1697 2640 1742 et
2665 1686 2885 1741 fortuito
2910 1687 3048 1751 ﬁeri,
3082 1688 3364 1745 imminere
3396 1704 3485 1744 re-

259 1773 450 1839 quiuto
478 1773 529 1824 in
578 1772 690 1835 illa,
739 1769 1081 1824 l’rovidebam
1123 1769 1409 1823 Dominum
1457 1770 1512 1823 in
1544 1780 1816 1838 conspectu
1851 1845 1875 1847 ξ
1919 1779 2016 1832 bus
2042 1777 2291 1831 humanis
2316 1778 2700 1846 providentiam
2728 1779 3036 1847 quamdam,
3067 1794 3186 1847 qum
3217 1779 3481 1835 factorum

258 1880 373 1918 meo
413 1880 616 1931 semper
646 1864 738 1928 στα,
768 1876 940 1931 (aque
990 1860 1206 1915 Psaltno
1256 1860 1513 1915 vicesimo
1542 1860 1715 1928 primo
1765 1859 1819 1914 in
1850 1845 1893 1900 Β
1922 1880 2109 1936 pmnas
2140 1845 2415 1935 exposcat.
2439 1883 2459 1918 ι
2512 1845 3096 1920 Pseudo-Theodoruni
3140 1868 3222 1922 vel
3263 1868 3317 1922 iu
3368 1870 3484 1937 ipso

256 1955 365 2019 illa,
407 1955 545 2008 Deus
580 1953 719 2007 Deus
750 1968 915 2015 meus,
948 1952 1143 2019 respice
1171 1952 1225 2005 in
1272 1968 1418 2005 me...
1470 1950 1647 2018 Longe
1670 1967 1701 2003 a
1729 1967 1818 2004 sa-

253 2048 363 2100 lute
391 2064 504 2100 mea
538 2046 692 2099 verba
717 2043 1020 2098 delictorum
1054 2059 1283 2095 meorum
1321 2042 1389 2106 ⁸⁸,
1427 2051 1481 2095 et
1507 2057 1569 2095 ex
1606 2040 1724 2095 aliis
1750 2041 1823 2095 si-

253 2138 454 2192 militer
481 2136 698 2205 psalmis
725 2151 831 2190 non
870 2134 1095 2203 paucis;
1130 2133 1223 2187 sed
1264 2143 1343 2187 est
1387 2148 1570 2200 causa,
1612 2149 1708 2188 cur
1739 2133 1821 2187 in-

252 2239 432 2295 coepto
453 2227 815 2280 desistendum
844 2235 1044 2293 putem.

325 2318 413 2373 46.
465 2318 700 2371 Accedat
750 2330 880 2384 ergo
909 2316 1345 2387 Chrysostomus.
1391 2314 1497 2369 Sed
1533 2324 1819 2383 antequam

253 2410 497 2478 exempla
550 2409 747 2477 quibus
815 2419 997 2464 nostra
1052 2409 1233 2476 opinio
1266 2409 1574 2462 conlirmari
1618 2407 1811 2476 possit,

254 2503 633 2572 subjiciamus,
692 2514 912 2555 monere
962 2499 1177 2568 expedit
1234 2514 1397 2568 grave
1462 2499 1712 2552 mendum
1763 2499 1817 2551 in

254 2593 647 2650 commentario
672 2591 871 2654 inesse,
905 2591 993 2644 ubi
1032 2589 1237 2644 librarii
1282 2589 1621 2657 impudenter
1661 2587 1821 2657 Ἐδὲμ

256 2702 357 2757 pro
396 2685 569 2755 Ἀδὰμ
598 2683 948 2752 scripserunt.
990 2680 1161 2750 Legas
1191 2679 1349 2734 velim
1373 2676 1817 2734 commentarium

260 2777 318 2830 in
350 2778 458 2841 illa,
490 2775 641 2837 Deus,
671 2775 806 2828 Deus
830 2789 994 2835 meus,
1028 2772 1221 2840 respice
1241 2773 1295 2825 in
1323 2787 1423 2825 me.
1450 2770 1819 2840 Chrysostomi

260 2878 442 2923 autent
483 2876 609 2920 sunt
652 2866 764 2918 haec
815 2865 866 2917 in
909 2864 1077 2933 prima
1119 2862 1308 2930 psalmi
1355 2862 1571 2931 septimi
1609 2863 1769 2916 verba
1803 2880 1816 2915 :

256 2959 371 3012 Οὐκ
399 2953 519 3009 εἶπε
545 2971 560 2985 ο
600 2952 808 3017 Κόλαξε
837 2954 927 3007 τὸν
974 2952 1251 3022 πολέμιον,
1287 2949 1441 3004 ἄνελε
1488 2950 1578 3003 τὸν
1607 2950 1817 3022 ἐχθρόν.

269 3048 430 3102 Ἀλλὰ
457 3047 511 3101 τί
532 3064 545 3111 ;
586 3046 658 3098 Τὸ
681 3044 872 3099 ἑαυτοῦ
897 3043 1047 3115 ζητεῖ
1077 3044 1253 3113 μόνον,
1285 3044 1379 3095 καί
1404 3042 1551 3111 λέγει
1572 3058 1586 3072 ⁸
1612 3041 1820 3095 Σῶσόν

1924 1954 2119 2022 psalmi
2167 1956 2318 2009 initio
2345 1955 2710 2027 Chrysostomi
2744 1956 2901 2011 verba
2947 1955 3267 2025 compilasse
3300 1967 3486 2012 osten-

1920 2046 2097 2101 dimus
2124 2065 2137 2100 :
2167 2062 2306 2101 nunc
2343 2049 2589 2102 eumdem
2636 2061 2667 2101 e
2700 2046 2806 2101 line
2837 2062 3050 2117 quoque
3093 2047 3346 2102 nonnulla
3381 2049 3484 2103 sibi

1921 2137 2232 2207 sumpsisse,
2262 2153 2381 2207 qua:
2412 2148 2707 2207 sequuntur
2752 2138 3077 2207 probabunt.
3109 2138 3488 2209 Chrysostomi

1920 2228 2083 2295 igitur
2130 2230 2290 2283 verba
2351 2239 2476 2284 sunt
2510 2230 2560 2283 in
2614 2229 2729 2291 illa,
2777 2226 3078 2298 Conﬁtcbor
3122 2230 3347 2282 Domino
3380 2229 3485 2283 "'z

1920 2318 2434 2390 Εὑχαριστήσωμεν,
2453 2320 2634 2389 φησὶν,
2659 2321 2720 2374 οὐ
2748 2322 2868 2383 ταῖς
2897 2320 3098 2391 ἐτέρων
3122 2320 3326 2391 χαίρων
3350 2336 3488 2389 σφα-

1920 2411 2064 2475 γαῖς,
2095 2408 2230 2462 ἀλλὰ
2269 2409 2361 2462 τοῦ
2409 2409 2543 2463 Θεοῦ
2571 2411 2669 2481 τὴν
2697 2409 2875 2479 ψῆφον
2911 2409 3399 2480 ἀποδεχόμενος....
3423 2410 3488 2461 Τί

1920 2499 2053 2562 ἐστι,
2080 2499 2237 2553 Κατὰ
2262 2498 2376 2567 τὴν
2396 2499 2787 2568 δικαιοσύνην
2818 2499 3001 2553 αὐτοῦ
3017 2514 3036 2563 ;
3082 2500 3225 2551 Ἀντὶ
3251 2498 3367 2564 τοῦ,
3394 2500 3491 2551 ἐπὶ

1920 2593 1984 2661 τῇ
2026 2591 2337 2663 δικαιοσύνῃ
2380 2591 2561 2645 αὑτοῦ.
2599 2590 2849 2646 sGratias
2876 2605 3114 2659 agamus,
3153 2590 3346 2659 inquit,
3380 2605 3489 2644 non

1919 2683 2142 2735 aliorum
2175 2684 2413 2752 gaudens
2455 2681 2711 2744 caedibus,
2756 2682 2850 2736 sed
2886 2682 2977 2737 Dei
3022 2682 3341 2736 sententiam
3368 2696 3489 2735 sus-

1919 2773 2263 2842 cipiens......
2309 2772 2447 2839 Quid
2480 2782 2582 2840 est,
2630 2770 2926 2827 Secundum
2968 2773 3237 2843 justitiam
3281 2772 3491 2841 ejus"?

1922 2861 2025 2917 Pro
2054 2878 2119 2917 eo
2147 2862 2286 2931 quod
2315 2874 2418 2924 est,
2465 2862 2692 2933 Propter
2720 2863 2985 2932 justitiam
3013 2864 3149 2932 ejus.
3172 2883 3191 2917 ι
3226 2862 3285 2917 ln
3315 2863 3482 2917 Com-

1921 2958 2181 3009 tnentario
2205 2966 2383 3010 autem
2412 2956 2491 3011 sic
2521 2957 2722 3011 editum
2753 2956 3060 3012 invenimus
3088 2975 3101 3011 :
3130 2957 3244 3010 Οὐκ
3266 2954 3488 3027 ἐπιχαί-

1922 3063 2027 3116 ρων
2071 3049 2188 3111 ταῖς
2248 3048 2447 3119 ἐτέρων
2494 3050 2818 3115 σφαγαῖς....
2864 3049 3276 3119 Εὐχαριστήσω,
3331 3049 3488 3119 φησὶ,

248 3158 350 3210 με,
377 3138 643 3201 τουτέστι,
670 3138 742 3208 μὴ
771 3139 914 3207 ἀφῇς
942 3152 1008 3206 με
1036 3134 1219 3197 κακῶς
1245 3132 1457 3188 παθεῖν.
1484 3134 1552 3185 ἐκ
1582 3131 1819 3198 πάντων
1845 3176 1885 3231 c
1918 3136 2309 3205 ἀποδεχόμενος
2352 3137 2449 3207 τὴν
2494 3137 2708 3191 δικαίαν
2756 3137 2917 3191 αὐτοῦ
2969 3138 3167 3208 ψῆφον.
3226 3138 3298 3191 Τὸ
3352 3140 3486 3212 γάρ,

254 3229 377 3285 τῶν
402 3230 736 3283 διωκόντων
758 3245 853 3296 με,
897 3227 991 3279 καὶ
1017 3224 1206 3293 ῥῦσαι
1243 3241 1341 3293 με.
1364 3223 1504 3293 Ὅρα
1545 3221 1664 3284 πῶς
1700 3221 1819 3274 οὐδὲ

257 3323 483 3393 πάσχων
522 3320 727 3384 κακῶς,
767 3320 1026 3389 ὀνομαστὶ
1067 3317 1336 3388 μέμνηται
1358 3312 1450 3369 τοῦ
1474 3313 1818 3385 πατραλοίου,

256 3417 352 3471 καὶ
382 3418 439 3468 ἐν
473 3418 536 3485 τῇ
563 3415 810 3484 συμφορᾷ
824 3413 923 3484 τὴν
947 3411 1105 3479 φύσιν
1133 3408 1525 3479 ἐπιγινώσκων,
1554 3407 1645 3460 καὶ
1668 3408 1725 3458 ἐν
1745 3405 1821 3476 τῷ

256 3507 480 3576 πολέμῳ
524 3505 615 3559 τὸν
662 3504 774 3557 υίὸν
807 3502 966 3575 ὁρῶν,
1020 3502 1113 3554 καὶ
1146 3503 1203 3554 ἐν
1248 3503 1361 3563 τοῖς
1414 3500 1678 3562 κινδύνοις
1714 3498 1821 3550 τῶν

259 3597 581 3667 σπλάγχνων
606 3596 705 3648 οὐκ
728 3593 1230 3663 ἐπιλανθανόμενος.
1269 3612 1286 3644 ι
1318 3592 1432 3648 Non
1463 3594 1594 3646 dixit
1624 3611 1637 3647 :
1689 3593 1819 3646 Puni

259 3692 494 3754 hostem,
527 3687 648 3741 tolle
676 3686 740 3740 de
796 3686 968 3739 medio
1014 3684 1289 3737 inimicum
1327 3702 1337 3739 :
1374 3686 1468 3738 sed
1495 3685 1634 3752 quod
1664 3700 1818 3737 suum

258 3791 341 3837 cst
371 3792 576 3834 tantum
624 3778 835 3847 qumrit,
868 3786 923 3831 et
971 3776 1144 3831 dicit:
1197 3773 1411 3829 Salvum
1445 3792 1525 3828 me
1564 3774 1671 3841 far,
1718 3775 1821 3827 hoc

256 3883 339 3926 est
368 3889 434 3925 ne
467 3872 750 3939 permittas
794 3878 851 3922 ut
902 3869 1044 3923 male
1082 3867 1275 3937 patiar,
1329 3867 1392 3919 ab
1425 3868 1659 3919 omnibus
1701 3883 1819 3935 per-

256 3961 594 4031 sequentibus
654 3976 736 4014 me
798 3969 846 4013 et
900 3958 1064 4012 libera
1123 3974 1201 4010 me
1241 3958 1328 4009 ‘3'.
1377 3955 1507 4010 Vide
1554 3956 1820 4024 quomodo

255 4068 325 4109 nc
359 4051 498 4106 male
531 4051 745 4121 quidem
779 4051 1008 4119 patiens,
1045 4047 1359 4102 nominatim
1408 4045 1652 4100 meminit
1695 4060 1820 4115 par-

254 4146 460 4210 ricidae,
513 4156 569 4199 et
615 4154 862 4198 naturam
909 4142 962 4195 in
998 4141 1303 4195 calamitate
1331 4154 1650 4210 agnoscens,
1678 4145 1731 4192 et
1766 4138 1817 4192 in

253 4238 399 4293 bello
446 4236 740 4306 respiciens
783 4232 969 4297 ﬁlium,
1006 4242 1059 4286 et
1091 4232 1143 4284 in
1191 4230 1447 4299 periculis
1479 4245 1584 4283 non
1624 4228 1819 4284 oblivi-

254 4346 416 4386 scens
448 4330 738 4384 viscerum.
760 4345 780 4379 ι
822 4325 1089 4395 Loquitur
1114 4337 1242 4378 vero
1268 4320 1819 4391 pseudo-Theodorus

251 4422 355 4477 hoc
386 4420 544 4474 modo
574 4438 587 4471 :
616 4418 729 4471 Οὐκ
761 4410 879 4467 εἷπε
898 4430 913 4444 ·
957 4412 1222 4476 Κόλασον,
1269 4409 1422 4465 ἄνελε
1467 4408 1558 4462 τὸν
1600 4410 1813 4481 ἐχθρόν.

1921 3228 2069 3282 κατὰ
2111 3227 2224 3293 τὴν
2259 3228 2673 3297 δικαιοσύνην,
2722 3231 2843 3282 ἀντὶ
2889 3229 3006 3295 τοῦ,
3047 3232 3136 3285 ἐπὶ
3176 3230 3491 3305 δικαιοσύνῃ

1927 3336 2022 3371 σου
2051 3319 2226 3387 ψαλῶ.
2260 3338 2277 3370 ι
2302 3319 2418 3374 Νοιι
2444 3322 2585 3389 quod
2607 3321 2832 3374 aliorum
2863 3334 2983 3375 eum
3007 3325 3181 3376 cmdes
3203 3322 3488 3377 delectent.

1919 3411 2157 3474 Gratias,
2218 3411 2410 3480 inquit,
2456 3427 2629 3481 agam,
2662 3413 2778 3482 ejus
2804 3413 3002 3481 justam
3044 3416 3361 3468 sententiam
3396 3429 3490 3484 ap-

1918 3502 2209 3570 probando.
2236 3503 2390 3568 Quod
2420 3503 2561 3557 enim
2593 3504 2689 3565 ait,
2710 3501 3009 3558 Secundum
3040 3503 3319 3569 iustitiam,
3345 3505 3488 3560 idem

1919 3603 2001 3647 est
2030 3609 2093 3647 ac
2118 3595 2162 3648 si
2198 3594 2342 3647 dicat
2380 3610 2395 3648 :
2434 3603 2654 3663 propter
2697 3593 2958 3663 justitiam
3011 3604 3154 3648 tuam
3195 3596 3441 3650 cantabo.
3465 3614 3486 3648 ι

1921 3685 2123 3739 Possim
2168 3694 2225 3741 et
2264 3700 2331 3739 ex
2366 3684 2570 3755 psalmo
2599 3695 2791 3739 octavo
2824 3688 2993 3739 multa
3032 3687 3348 3753 corradere;
3393 3689 3489 3742 sed

1921 3777 1970 3830 id
2002 3792 2217 3833 necesse
2241 3793 2344 3833 non
2373 3791 2490 3831 esse
2516 3777 2638 3841 rati,
2665 3777 3070 3831 admonebimus
3097 3777 3265 3831 solum
3296 3780 3485 3833 eadem

1921 3868 1971 3921 in
2022 3878 2248 3937 utroque
2293 3870 2556 3937 scriptore
2606 3868 2896 3923 identidem
2948 3869 3197 3938 reperiri,
3234 3869 3488 3925 videlicet

1920 3959 1972 4012 in
1990 3959 2075 4013 illa
2095 3977 2107 4012 :
2128 3959 2344 4013 Domine
2360 3958 2616 4012 Dominus
2631 3969 2821 4024 noster,
2836 3976 2990 4028 quant
3010 3960 3335 4025 admirabile,
3356 3971 3486 4025 etc.;

1922 4060 2029 4103 tum
2070 4053 2121 4103 in
2156 4050 2277 4104 illa:
2313 4050 2574 4115 Quoniam
2600 4049 2792 4103 elerata
2830 4060 2901 4103 est
2931 4051 3321 4119 magniﬁcentia
3350 4060 3482 4116 tua;

1918 4144 2044 4194 item
2075 4142 2126 4194 in
2165 4141 2251 4194 illa
2282 4159 2295 4195 :
2330 4140 2416 4194 E1:
2449 4158 2537 4195 ore
2576 4142 2858 4209 infantium
2893 4151 2939 4194 et
2975 4140 3277 4195 lactentium
3317 4143 3487 4213 perfe-

1918 4232 2035 4285 cisti
2063 4231 2269 4285 laudem
2295 4243 2506 4299 propter
2528 4233 2768 4286 inimicos
2797 4242 2936 4297 tuos,
2972 4241 3027 4285 ut
3060 4235 3323 4299 destruas,
3348 4244 3481 4300 etc.;

1919 4321 2046 4376 item
2075 4323 2126 4376 in
2157 4321 2242 4375 illa
2274 4338 2289 4376 :
2320 4322 2580 4386 Quoniam
2610 4322 2784 4375 uidebo
2818 4321 2971 4376 caios
3001 4339 3156 4391 opera
3181 4324 3472 4392 digitorum

1920 4415 2231 4467 tuorum'“.
2262 4413 2375 4467 Hoc
2416 4414 2557 4467 idem
2584 4414 2782 4467 dictum
2814 4414 2933 4469 volo
2970 4416 3037 4469 de
3071 4414 3277 4484 psalmo
3315 4430 3478 4478 nono,

263 4511 424 4566 Ἀλλὰ
459 4509 545 4574 τίς
582 4506 787 4562 Σῶσόν
819 4521 914 4575 με.
968 4504 1039 4556 Τὸ
1078 4501 1186 4574 γάρ
1234 4499 1424 4554 ἑαυτοῦ
1479 4499 1648 4570 ζητεῖ,
1682 4496 1813 4565 οἷον,

1919 4504 2072 4575 cujus
2100 4506 2150 4560 in
2177 4505 2555 4574 explanatione
2589 4507 2775 4561 eadem
2808 4506 3097 4576 aliquando
3131 4507 3381 4561 dicuntur
3412 4508 3484 4562 ab

254 4602 329 4673 μὴ
358 4601 495 4668 ἄφες
538 4615 604 4667 με
634 4596 819 4660 κακῶς
857 4594 1066 4647 παθεῖν.
1112 4593 1218 4645 Καὶ
1251 4593 1313 4645 τὸ
1339 4594 1406 4646 ἐκ
1455 4590 1697 4645 πάντων
1734 4591 1813 4655 δὲ,

253 4690 393 4760 μετὰ
424 4687 659 4758 φειδοῦς.
684 4686 758 4739 Οὐ
775 4686 883 4756 γὰρ
904 4686 1159 4755 ὀνομαστὶ
1182 4685 1449 4756 μέμνηται
1479 4683 1574 4737 τοῦ
1605 4701 1816 4757 πατρα-

250 4781 415 4844 λοίου,
444 4780 577 4833 ἀλλὰ
604 4778 707 4832 κᾶν
734 4779 800 4848 τῇ
840 4777 1094 4847 συμφορᾷ
1124 4775 1222 4847 τὴν
1278 4774 1438 4843 φύσιν
1468 4774 1831 4841 ἐπιγινώσκει,”

250 4874 343 4927 καὶ
372 4870 480 4923 τῶν
509 4868 786 4940 πατρικῶν
820 4867 1139 4937 σπλάγχνων
1172 4867 1270 4920 οὐκ
1305 4865 1616 4921 ἐπελάϐετο.
1653 4884 1671 4916 ι
1694 4865 1811 4919 Νοη

250 4965 423 5019 dixit:
455 4960 591 5015 Puni
642 4961 871 5025 hostem,
908 4960 1151 5015 interlice
1182 4958 1480 5012 inimicum.
1516 4958 1621 5013 Sed
1650 4957 1814 5027 quid?

249 5056 466 5112 Salvum
494 5068 574 5107 me
623 5053 728 5121 fac.
765 5051 916 5118 Quod
960 5050 1102 5104 enim
1151 5064 1209 5105 se
1256 5048 1638 5113 concernebat,
1685 5048 1813 5103 illud

247 5146 462 5217 quaerit.
487 5145 641 5215 quasi
664 5139 935 5197 dicat:Ne
961 5139 1107 5193 siuas
1130 5154 1217 5194 me
1238 5138 1417 5209 aﬂligi.
1449 5139 1579 5194 Illud
1606 5149 1809 5203 autem,

247 5239 334 5293 Ea:
361 5236 623 5299 omnibus,
650 5250 775 5290 cum
806 5232 1174 5288 moderatione
1211 5231 1519 5298 adjunctum
1555 5242 1658 5287 est.
1696 5231 1811 5285 No-

1920 4606 2148 4664 utroque
2192 4596 2513 4667 interprete,
2548 4596 2601 4649 in
2637 4594 2723 4649 illa
2766 4595 2970 4650 scilicet
2999 4614 3012 4650 :
3042 4597 3339 4663 Conﬁtebor
3364 4596 3480 4663 tibi,

1923 4685 2171 4752 Domine;
2203 4696 2257 4741 et
2286 4686 2338 4739 in
2367 4686 2483 4740 illa:
2505 4684 2720 4739 Paravit
2744 4688 2795 4737 in
2810 4687 3010 4754 judicio
3033 4688 3278 4740 thronum
3302 4703 3481 4750 suum;

1920 4777 1970 4831 in
2012 4778 2098 4831 illa
2132 4792 2344 4845 quoque
2371 4792 2385 4830 :
2411 4774 2612 4831 Factus
2643 4789 2716 4833 est
2752 4778 3004 4831 Dominus
3050 4778 3310 4847 refugium
3355 4795 3485 4845 pau-

1918 4868 2065 4932 peri;
2098 4868 2310 4937 adjutor
2347 4870 2404 4921 in
2432 4869 2924 4948 opportunitatibus,
2964 4869 3017 4923 in
3061 4868 3479 4927 tribulatione".

1918 4957 2092 5027 Atque
2120 4968 2177 5012 ut
2220 4961 2285 5013 de
2315 4960 2436 5014 aliis
2482 4960 2613 5013 locis
2642 4958 2953 5026 conjectura
2986 4960 3102 5014 ﬁeri
3141 4962 3332 5031 possit,
3361 4976 3484 5016 ver-

1917 5045 2107 5100 borum
2140 5048 2371 5111 illorum,
2401 5047 2594 5117 Inﬁxae
2622 5061 2741 5102 sunt
2768 5049 3046 5119 gentes”,
3079 5050 3479 5120 interpretatio-

1918 5155 2039 5195 nem
2092 5141 2186 5207 ita,
2234 5152 2290 5195 ut
2326 5143 2379 5195 ln
2427 5152 2653 5211 utroque
2716 5157 2879 5211 Opere
2947 5141 3160 5210 legitur,
3210 5143 3483 5196 ascribere

1910 5231 2119 5287 libitum
2152 5243 2254 5287 est.
2297 5232 2667 5304 Chrysostomi
2694 5233 2859 5302 igitur
2895 5235 3007 5287 haec
3044 5241 3212 5287 sunt:
3242 5231 3480 5300 Διαφθο-

248 5330 493 5386 minatim
522 5328 665 5383 enim
699 5325 979 5396 parricidae
1012 5326 1334 5378 mentionem
1362 5339 1467 5378 non
1500 5322 1649 5386 facit.
1680 5324 1807 5392 quin

1919 5324 2012 5395 ράν
2053 5324 2149 5395 τὴν
2190 5323 2385 5378 κακίαν
2437 5325 2606 5393 λέγει.
2641 5326 2807 5380 Οὐδὲν
2836 5324 2944 5396 γάρ
2974 5325 3115 5379 οὕτω
3157 5321 3479 5395 διαφθείρει,

248 5423 411 5477 etiam
446 5421 500 5474 in
541 5418 849 5473 calamitate
882 5426 1129 5472 naturam
1159 5415 1428 5487 agnoscit,
1467 5424 1521 5469 et
1555 5426 1809 5483 paterno-

248 5526 368 5567 rum
395 5512 662 5566 viscerum
680 5526 802 5566 .non
830 5509 1180 5566 obliviscitur.
1206 5527 1225 5560 ι
1268 5508 1379 5563 an
1409 5508 1624 5578 quidem
1652 5506 1807 5561 πολέ-

316 5694 384 5725 "‘
408 5691 548 5746 Psal.
578 5707 665 5754 xy,
692 5694 744 5747 8.
819 5694 865 5724 "
887 5692 1147 5753 Psalaxt,
1178 5692 1231 5745 2.
1309 5690 1374 5721 ⁸⁸⁸
1405 5689 1546 5746 Psal.
1586 5704 1683 5753 vn,
1718 5689 1773 5744 2.
1849 5690 1894 5721 ⁶⁹
1929 5688 2056 5745 ibid.
2099 5690 2151 5745 9.

248 5761 292 5795 ’⁸
317 5762 458 5818 Psal.
511 5778 584 5828 ts,
632 5764 684 5830 1,
729 5763 783 5829 8,
832 5766 914 5817 it).
990 5764 1057 5794 “'
1086 5763 1209 5817 ibid.
1247 5760 1331 5815 16.

1910 5415 1985 5479 ὡς
2017 5416 2201 5470 κακία.
2222 5416 2387 5468 Οὐδὲν
2413 5417 2520 5489 γὰρ
2545 5416 2929 5488 ἀσθενέστερον
2954 5417 3049 5470 τοῦ
3077 5415 3338 5488 πονηροῦ.
3353 5415 3480 5479 Τοῖς

1909 5507 2127 5570 οίκείοις
2155 5506 2337 5570 ὅπλοις
2383 5508 2751 5564 alienun...
2797 5510 2909 5563 Καὶ
2959 5509 3062 5579 ὅρα
3112 5509 3227 5572 πῶς
3276 5506 3480 5578 κυρίως⁹

2231 5692 2297 5723 "'
2331 5690 2458 5748 ibid.
2506 5690 2591 5747 l8.
2670 5691 2716 5722 "
2745 5689 2874 5745 ibid.
2957 5690 3027 5721 '-'°'
3057 5686 3198 5744 Psal.
3229 5685 3475 5755 vltus".
