4040 6454
510 403 649 448 CCIII

1866 370 2401 429 PROLEGOMENA.

514 504 775 577 κέχρηται
815 504 933 566 ταῖς
979 499 1205 567 λέξεσιν.
1279 496 1576 567 Ενεπάγη,
1616 495 1771 567 φησὶ,
1812 494 2078 555 τουτέστι,
2109 498 2152 555 Α
2183 489 2397 562 νητικδν
2444 486 2786 559 παραστῆσαι
2828 485 3164 557 βουλόμενος.
3196 486 3263 577 Τί
3315 488 3460 541 ἔστιν
3484 485 3523 554 ἡ
3550 489 3757 557 μερίς-ς

512 594 655 653 κατὰ
697 594 896 666 κράτος
930 590 1255 663 κατεσχέθη,
1290 588 1559 658 ἄφευκτος
1602 587 1748 658 αύτῷ
1788 588 2010 657 γέγονεν
2047 586 2080 656 η

512 686 789 758 ιπιὼυλή.
820 686 930 739 Καὶ
965 684 1127 738 πάλιν
1151 699 1165 712 ·
1214 682 1317 734 Ἐν
1362 679 1565 748 παγιδι
1610 680 1817 746 ταύτῃ,
1843 672 1883 749 ᾗ
1910 677 2084 745 ἐκρυ-

512 778 664 845 ψαν,
697 774 1049 843 συνελήφθη
1096 776 1128 826 ό
1156 770 1311 837 ποῦς
1339 770 1555 825 αὐτῶν.
1583 772 1811 840 Δεσμοτς
1842 767 2081 830 ἀλύτοις,

515 868 697 939 φησὶν,
747 868 797 920 oi
848 866 1072 937 πονηροὶ
1106 864 1555 936 ,περιπείρονταμ
1602 881 1619 913 t
1652 862 1930 916 lnterittttn
1974 861 2087 913 sive

515 956 912 1025 corruptionem
957 954 1087 1007 dicit
1120 953 1329 1007 vilium.
1391 950 1537 1005 Nihil
1582 951 1727 1006 enim
1766 965 1919 1019 teque
1963 963 2086 1003 cor—

517 1046 720 1116 rumpit
768 1056 827 1100 ut
862 1045 1073 1099 vitium.
1106 1042 1358 1114 improbo
1387 1043 1532 1097 enim
1568 1042 1786 1097 homine
1833 1041 1965 1094 nihil
2005 1046 2089 1095 est

517 1136 858 1193 imbecillius.
896 1135 1137 1205 Pr0priis
1180 1135 1347 1189 armis
1396 1133 1608 1203 capitur
1740 1130 1871 1187 Vide
1907 1139 2086 1185 autem

517 1245 677 1301 quam
722 1229 937 1298 proprie
966 1235 1147 1282 utatur
1192 1226 1540 1281 dictionibus.
1577 1223 1774 1292 Inﬁxae
1807 1233 1949 1287 sunt,
1984 1223 2088 1278 boc

517 1334 623 1385 est,
648 1336 742 1390 per
762 1324 868 1374 vim
890 1331 1112 1376 retentae
1134 1327 1279 1383 sunt,
1304 1328 1427 1373 sunt
1451 1318 1498 1371 ei
1527 1318 1865 1372 inevitabiles
1890 1327 2089 1386 paratae

519 1414 745 1468 insidia.
792 1412 859 1465 Et
905 1426 1133 1466 rursus:
1166 1410 1233 1464 In
1278 1410 1462 1477 laqueo
1491 1409 1589 1463 isto
1619 1424 1770 1470 queat
1806 1407 2089 1461 absconde.

520 1513 664 1570 runt,
688 1504 1081 1571 comprehensus
1105 1512 1182 1558 est
1205 1519 1294 1571 pes
1318 1517 1497 1556 eorum
1521 1502 1590 1555 ".
1612 1498 1870 1561 Vincttlis,
1896 1499 2088 1567 inquit,

520 1610 640 1666 qua
688 1594 821 1649 solvi
874 1603 1163 1664 nequeunt,
1224 1594 1597 1661 astringantur
1648 1590 1939 1659 improbi.»
1998 1590 2091 1643 Sic

519 1700 650 1741 vero
702 1684 939 1753 loquitur
988 1684 1535 1754 pseudo—Theodorus
1573 1700 1586 1734 :
1621 1681 1933 1753 Διαφθορὰν
1986 1682 2088 1753 τὴν

519 1778 714 1829 κακίαν
736 1772 901 1843 λέγει.
927 1773 1092 1828 Οὐδὲν
1106 1773 1213 1846 γὰρ
1232 1772 1374 1827 οὕτω
1390 1771 1709 1844 διαφθείρει,
1727 1771 1803 1834 ὡς
1831 1772 2084 1826 κακία....

520 1868 585 1919 Τί
612 1867 719 1938 γὰρ
750 1832 843 1918 τού
871 1832 1538 1936 πονηροῦἰάσθενέστερον,
1565 1832 1796 1927 οἰκείοις
1810 1863 1997 1926 ὅπλοις
2024 1867 2088 1935 τῇ
2122 1832 2165 1891 Β

521 1958 687 2029 κακίᾳ
714 1956 1103 2028 άλισκομένου;
1140 1958 1247 2010 Καὶ
1279 1957 1382 2026 ὅρα
1421 1956 1537 2017 πῶς
1563 1954 1768 2026 κυρίως
1795 1958 1914 2019 ταῖς
1945 1954 2093 2019 λέξε-

521 2064 605 2103 σιν
637 2048 924 2120 ἐχρήσατο.
970 2045 1401 2115 Ἐνεπάγησαν,
1434 2044 1575 2097 κατὰ
1604 2042 1804 2115 κράτος
1835 2044 2093 2114 κατεσχέ-

521 2136 713 2209 θησαν,
768 2138 1006 2206 ἄφυκτος
1054 2122 1235 2199 αὐτοῖς
1290 2134 1512 2204 γέγονεν
1562 2136 1595 2205 ὴ
1645 2134 1926 2207 ἐπιϐουλή.
1984 2134 2093 2187 Καὶ

521 2227 702 2282 πάλιν*
756 2225 859 2279 Ἐν
898 2224 1120 2294 «aridi,
1162 2218 1201 2294 ᾖ
1237 2222 1531 2291 ἔκρυψαν,
1573 2221 2052 2291 συνελήφθησαν
2076 2236 2089 2249 ·

524 2316 820 2380 τουτέστιν,
852 2314 1069 2386 δεσμοῖς
1114 2314 1327 2375 ἀλύτοις
1367 2311 1750 2382 περιπάρησαν
1781 2312 1924 2384 (sic).
1962 2329 1981 2363 t
2007 2311 2093 2364 ln-

524 2408 739 2462 teritum
767 2405 1026 2460 malitiam
1056 2413 1229 2459 vocat.
1263 2401 1407 2457 Nihil
1439 2406 1584 2457 enim
1618 2405 1697 2457 sic
1724 2403 2007 2465 interimit,
2038 2408 2097 2455 ut

524 2499 846 2553 malitia.....
873 2496 1014 2563 Quid
1054 2497 1197 2550 enim
1247 2493 1565 2549 imbecillius
1592 2505 1675 2549 est
1705 2495 1970 2563 improbo,
2004 2493 2094 2562 qui

524 2590 755 2661 propriis
802 2588 989 2655 armis,
1034 2585 1238 2641 scilicet
1272 2584 1559 2653 iniquitate
1602 2584 1850 2654 capitur?
1882 2583 1949 2636 Et
1975 2582 2096 2637 vide

522 2695 684 2751 quam
712 2679 928 2751 proprie
951 2677 1173 2733 vocibus
1197 2676 1282 2730 bis
1308 2690 1437 2730 usus
1469 2677 1561 2742 sit,
1595 2674 1787 2743 Inﬁxw
1809 2683 1949 2737 sunt,
1982 2674 2096 2727 vio-

524 2772 698 2828 lenter
726 2772 952 2827 detenta:
990 2779 1134 2835 sunt,
1169 2768 1569 2823 inextricabiles
1608 2768 1738 2836 ipsis
1783 2765 1939 2821 facta:
1968 2775 2095 2820 sunt

526 2864 755 2920 insidiae.
803 2863 869 2918 Et
906 2858 1227 2917 rursuszln
1271 2859 1455 2931 laqueo
1505 2875 1655 2929 quem
1700 2859 2095 2921 absconderant,

525 2954 881 3025 comprehensi
912 2960 1054 3017 sunt,
1087 2952 1139 3006 id
1169 2960 1253 3006 est
1282 2951 1509 3006 vinculis
1545 2948 1921 3004 insolubilibus
1955 2946 2097 3002 allixi

526 3058 672 3101 sunt.
696 3064 715 3097 ι
750 3043 949 3114 Reperi
979 3043 1175 3098 similia
1208 3042 1261 3095 in
1305 3042 1440 3097 alios
1467 3039 1626 3108 hujus
1657 3039 1850 3111 psalmi
1876 3054 2094 3106 versus;

527 3138 623 3193 sed
661 3151 730 3192 ne
756 3135 965 3205 longior
988 3134 1115 3200 sim,
1134 3148 1197 3188 ea
1226 3133 1537 3188 exscribere
1569 3146 1676 3187 non
1704 3145 1948 3199 pergam.
1974 3129 2098 3185 Haec

528 3228 645 3285 loca
668 3228 870 3293 videre,
890 3234 944 3280 et
969 3226 1109 3281 inter
1134 3238 1253 3279 sese
1278 3238 1593 3294 comparare
1618 3224 1707 3293 qui
1738 3221 1901 3286 volet,
1931 3221 2096 3277 libros

530 3320 676 3390 ipsos
703 3319 879 3390 legere
906 3318 1123 3389 poterit.
1155 3317 1401 3387 Scriptor
1432 3318 1502 3369 ita
1531 3316 1924 3385 interpretatur
1954 3314 2097 3382 psal-

531 3425 677 3465 mum
710 3407 1001 3473 decitnum,
1028 3416 1086 3461 ut
1127 3406 1295 3461 multa
1342 3419 1408 3459 ex
1450 3404 1823 3476 Chrysostotui
1855 3405 2103 3459 oratione

530 3501 585 3556 in
609 3499 1056 3555 commentarium
1092 3496 1351 3551 translata
1390 3510 1510 3551 esse
1542 3504 1777 3551 constet.
1827 3494 1884 3548 Id
1923 3502 2103 3547 autem

530 3601 679 3664 patet
704 3589 789 3646 vel
822 3605 889 3645 ex
926 3587 1115 3658 primis
1141 3586 1331 3658 psalmi
1378 3586 1586 3651 verbis,
1632 3600 1753 3654 quae
1802 3585 1904 3639 hoc
1947 3583 2106 3637 modo

530 3681 949 3752 Cbrysostomus
980 3680 1264 3750 explanat:
1286 3677 1513 3748 Μεγάλη
1540 3677 1641 3747 τῆς
1664 3676 1758 3728 ἐπὶ
1788 3674 1879 3728 τὸν
1902 3672 2105 3745 Κύριον

530 3771 741 3836 δλπίδος
790 3772 826 3842 ἡ
866 3769 1114 3842 δύναμις,
1156 3767 1411 3840 φρούριον
1453 3765 1772 3839 ἀχείρωτον,
1824 3763 2107 3835 συμμαχία

530 3860 991 3931 ἁκαταγώνιστος.
1046 3878 1066 3911 ι
1095 3858 1298 3930 Magna:
1327 3867 1454 3913 sunt
1490 3858 1634 3911 vires
1681 3855 1794 3925 spei
1836 3856 1886 3908 in
1930 3854 2107 3909 Domi-

535 3966 684 4017 num,
709 3951 1017 4021 prasidium
1044 3950 1189 4019 quod
1217 3964 1321 4003 non
1351 3956 1529 4016 potest
1549 3944 1820 4015 superari,
1847 3943 2106 3998 auxilium

537 4041 917 4113 insuperabile.
944 4059 964 4091 ι
995 4038 1148 4094 Haud
1175 4038 1331 4095 aliter
1360 4036 1935 4109 pseudo-Theodorus,
1957 4033 2109 4102 cujus

538 4134 654 4190 haec
698 4141 823 4189 sunt
852 4150 867 4187 :
894 4130 1122 4200 Μεγάλη
1163 4130 1261 4200 τῆς
1309 4130 1403 4181 ἐπὶ
1446 4127 1543 4183 τὸν
1577 4127 1783 4199 Κύριον
1826 4125 2037 4188 ἐλπίδος
2074 4128 2109 4195 ἡ

534 4224 781 4294 δύναμις,
824 4222 1081 4295 φρούριον
1125 4220 1443 4292 ἀχείρωτον,
1492 4218 1777 4289 συμμαχία
1825 4214 2111 4282 ἀκαταγώ-

537 4332 736 4380 νιστος.
779 4334 798 4367 ι
825 4315 1013 4386 Magna
1062 4315 1143 4369 vis
1186 4314 1298 4382 spei
1354 4314 1407 4367 in
1443 4311 2107 4379 Dominuntzprmsidiutn

536 4416 624 4463 est
649 4404 1081 4478 inexpugnabile,
1124 4403 1387 4458 auxilium
1426 4400 1810 4472 insuperabile.
1836 4418 1856 4452 ι
1908 4398 2111 4455 Omitto

2184 580 2353 634 Τοῦτο
2402 580 2584 641 αὐτοῖς
2626 577 2863 647 κλῆρος,
2911 578 3080 648 φησὶ,
3126 576 3286 631 τοῦτο
3330 578 3537 648 κτῆμα,
3581 576 3763 648 τούτῳ

2184 671 2633 743 ὲνδιατρίψουσιν,
2668 670 2726 722 ὲν
2752 668 2960 731 τούτοις
2990 668 3478 740 δαπανηθήσονται.
3508 664 3640 722 Εἶτα
3664 669 3764 721 καὶ

2184 764 2218 833 ή
2267 762 2443 817 αἰτία⁸
2476 762 2558 814 ὅτι
2603 761 2632 812 ὁ
2677 759 2853 813 πάντα
2889 759 3122 832 ἐφορῶν,
3166 760 3267 813 οὐκ
3302 759 3547 823 ἀνέξεται
3584 758 3765 812 ταῦτα

2186 855 2494 926 ἀτιμωρητὶ
2533 852 2930 924 παραδραμεῖν.
2992 851 3321 921 tPostquatn
3370 853 3505 906 dixit
3556 852 3764 919 suppli-

2188 949 2326 1000 cium
2355 945 2495 1015 quod
2522 959 2588 998 ex
2616 946 2743 997 vitio
2764 944 2957 1009 oritur,
2983 943 3234 1012 quoniam
3262 941 3411 995 multi
3441 942 3491 995 id
3513 952 3762 996 contem-

2188 1047 2342 1102 nunt,
2387 1048 2619 1092 mentem
2673 1036 2926 1105 deinceps
2978 1034 3345 1105 improborum
3399 1034 3663 1097 concutit,
3704 1041 3765 1086 et

2190 1129 2297 1184 ictu
2327 1128 2417 1197 qui
2452 1139 2687 1195 superne
2722 1124 2971 1186 infertur,
2998 1124 3303 1192 emphatica
3349 1131 3403 1177 et
3434 1138 3543 1176 rem
3574 1122 3764 1190 expri-

2190 1227 2371 1272 mente
2396 1217 2640 1272 oratione
2673 1224 2850 1276 utens,
2880 1228 2935 1269 et
2961 1230 3055 1283 per
3087 1214 3302 1268 nomina
3339 1214 3599 1268 terribilia
3625 1228 3765 1283 pro-

2190 1309 2406 1363 cedens.
2436 1306 2613 1377 ignem
2649 1307 2792 1360 enim
2819 1316 2869 1360 et
2892 1306 3116 1376 sulphur
3141 1314 3196 1361 et
3217 1306 3463 1374 spiritum
3494 1306 3767 1374 procella-

2192 1414 2310 1454 rum
2334 1409 2387 1454 et
2415 1398 2682 1454 carbones
2707 1397 2837 1451 dicit
2860 1398 2939 1452 eis
2966 1410 3199 1464 superne
3223 1396 3541 1465 pluiturum,
3568 1396 3767 1449 dictio-

2194 1506 2319 1544 num
2382 1491 2730 1544 translatione
2781 1503 2999 1558 pmnam
3060 1487 3466 1551 inevitabilem,
3515 1488 3766 1556 supplicii

2193 1580 2576 1651 profusionem,
2622 1577 2845 1632 feriendi
2876 1577 3185 1631 facilitatem
3217 1587 3273 1632 et
3304 1579 3763 1647 consumptrieem

2195 1666 2301 1719 vim
2332 1666 2514 1721 volens
2548 1666 2852 1720 ostendere.
2883 1664 3021 1729 Quid
3048 1674 3151 1727 est,
3185 1684 3306 1733 pars
3331 1667 3510 1719 colicis
3542 1683 3720 1720 eorum
3742 1668 3770 1721 .’

2195 1757 2340 1824 "ac,
2372 1759 2564 1827 inquit,
2595 1767 2679 1811 est
2714 1772 2833 1811 sors
2866 1771 3051 1810 eorum
3080 1774 3095 1811 :
3122 1759 3235 1811 lucc
3263 1758 3532 1828 possessio
3560 1776 3573 1812 :
3615 1758 3667 1812 in
3699 1774 3768 1813 eo

2196 1848 2571 1911 versabuntur,
2612 1848 2667 1901 in
2716 1862 2782 1902 eo
2823 1858 3228 1903 consumentur.
3284 1847 3488 1903 Deinde
3538 1863 3766 1903 causam

2195 1952 2408 2010 quoque
2437 1935 2614 2003 aﬂ‘ert,
2665 1936 2808 2007 quod
2844 1937 2933 2007 qui
2982 1936 3160 1991 omnia
3209 1938 3451 2007 respicit,
3496 1954 3601 1991 non
3646 1954 3771 2008 per-

2199 2032 2364 2087 mittit
2390 2040 2449 2085 ut
2480 2031 2595 2085 haec
2633 2031 2851 2099 impune
2880 2029 3097 2083 abeant.
3120 2047 3139 2081 ›
3170 2029 3482 2083 Autliendus
3512 2045 3655 2083 nunc
3686 2042 3774 2084 est

2196 2121 2756 2193 pseudo-Theodorus.
2789 2122 2988 2189 quisic
3015 2120 3250 2189 loquitur
3281 2138 3295 2174 :
3327 2120 3513 2173 Εἰπὼν
3537 2121 3637 2193 τὴν
3661 2122 3775 2175 ἀπὸ

2194 2212 2294 2284 τῆς
2322 2211 2520 2273 κακίας
2551 2210 2728 2279 δίκην,
2752 2210 2875 2262 ἐπεὶ
2906 2209 3088 2262 πολλοὶ
3116 2208 3320 2280 ταύτης
3343 2209 3772 2281 καταφρονοῦσι,

2195 2302 2469 2357 κατασείει
2501 2301 2598 2371 τὴν
2642 2300 2876 2354 διάνοιαν
2915 2301 3021 2354 τῶν
3051 2300 3324 2372 πονηρῶν,
3352 2302 3672 2373 ἐμφαντικῷ
3697 2301 3778 2373 τῷ

2195 2396 2337 2465 λόγῳ
2367 2391 2667 2465 χρώμενος,
2702 2394 2796 2447 καὶ
2835 2393 2923 2446 διὰ
2951 2393 3196 2465 φοϐερῶν
3233 2394 3512 2464 ὀνομάτων
3543 2395 3777 2467 προῖὼν,

2196 2489 2291 2543 καὶ
2333 2488 2472 2541 ὑλῶν
2515 2489 2712 2561 πολλὴν
2759 2488 2997 2559 ἐχουσῶν
3038 2488 3136 2560 τὴν
3181 2490 3471 2561 τιμωρίαν,
3509 2491 3640 2563 πῦρ,
3682 2494 3777 2546 καὶ

2198 2578 2359 2643 θεῖον,
2404 2580 2499 2634 καὶ
2526 2579 2740 2650 πνεῦμα
2769 2580 3103 2647 καταιγίδος,
3134 2579 3227 2631 καὶ
3260 2580 3537 2667 ἄνθρακας
3569 2582 3780 2635 ἄνωθεν

2197 2671 2370 2741 λέγων
2400 2673 2562 2725 αὑτὸν
2592 2671 2817 2727 ὓσεσθαι
2847 2673 2989 2743 (sic),
3021 2674 3086 2743 τῇ
3125 2674 3406 2744 μεταφορᾷ
3439 2674 3538 2743 τῆς
3580 2674 3780 2741 λέξεως

2198 2762 2258 2816 τδ
2286 2764 2527 2833 ἄφυκτον
2550 2764 2648 2835 τῆς
2670 2765 2957 2836 τιμωρίας,
2991 2764 3052 2817 τὸ
3077 2765 3294 2832 δαψιλὲς
3328 2766 3417 2818 καὶ
3452 2767 3513 2818 τὸ
3555 2766 3781 2821 εὔκολον

2198 2854 2297 2927 τῆς
2318 2854 2550 2927 πληγῆς,
2576 2856 2636 2908 τὸ
2658 2855 3024 2927 δαπανητικδν
3048 2857 3401 2927 παραστῆσαι
3428 2857 3780 2929 βουλόμενος.

2202 2947 2381 3017 Μερίς
2404 2948 2461 3002 δὲ
2489 2948 2609 3001 ἀντὶ
2650 2947 2744 3002 τοῦ
2781 2948 3000 3020 κλῆρος,
3033 2950 3126 3002 καὶ
3156 2950 3313 3003 τοῦτο
3338 2951 3519 3013 αὐτοῖς
3554 2952 3781 3023 κλῆρος,

2201 3040 2258 3093 ὲν
2298 3039 2507 3103 τούτοις
2541 3040 3032 3111 δαπανηθήσονται.
3070 3037 3203 3095 Εἶτα
3233 3042 3325 3096 καὶ
3364 3044 3397 3114 ἡ
3426 3043 3573 3096 αίτία
3595 3060 3610 3073 ο
3648 3044 3782 3096 Ὅτι

2201 3134 2426 3201 δίκαιος
2445 3134 2659 3202 Κύριος
2678 3151 2692 3165 ο
2721 3134 2841 3186 ἀντὶ
2866 3134 2957 3187 τοῦ
2981 3150 2996 3164 ·
3034 3134 3092 3188 '0
3123 3138 3233 3206 γὰρ
3251 3136 3426 3190 πάντα
3450 3135 3660 3208 ἐφορῶν
3681 3137 3783 3190 οὐκ

2207 3225 2454 3290 ἀνέξεται
2518 3224 2691 3278 ταῦτα
2752 3225 3062 3296 ἀτιμωρητὶ
3135 3228 3535 3299 παραδραμεῖν.
3596 3245 3614 3277 ι
3645 3228 3783 3281 Cum

2210 3317 2399 3385 ipsam,
2425 3330 2543 3385 quae
2565 3330 2631 3369 ex
2654 3316 2856 3369 malitia
2886 3316 3153 3385 provenit,
3178 3332 3393 3387 paruam
3420 3320 3787 3373 recensuisset

2208 3405 2356 3475 (quia
2410 3405 2562 3459 multi
2614 3406 2754 3461 hanc
2804 3408 3198 3475 contemnunt),
3258 3407 3499 3477 percellit
3540 3408 3786 3460 animum

2211 3498 2589 3569 malignorum,
2614 3498 2921 3552 vehementi
2946 3514 3198 3555 sermone
3223 3508 3402 3565 utens,
3433 3507 3488 3553 et
3520 3498 3788 3553 terrliilia

2210 3590 2423 3644 nomina
2454 3589 2758 3659 proferens,
2787 3606 2851 3645 ac
2880 3594 3138 3647 materias
3168 3608 3288 3663 qua:
3319 3607 3573 3663 magnum
3607 3590 3786 3646 inclu-

2209 3680 2343 3735 dunt
2388 3682 2710 3747 cruciatum,
2754 3691 2814 3735 ut
2844 3682 2971 3736 dum
3004 3683 3081 3736 ait
3116 3683 3315 3753 ignem,
3352 3692 3408 3738 et
3452 3683 3701 3752 sulphur,
3732 3693 3790 3737 et

2209 3770 2458 3840 spiritum
2508 3772 2777 3841 procellze,
2813 3774 3189 3843 carhonesqne
3222 3773 3420 3842 ignitos
3448 3788 3611 3841 super
3642 3775 3790 3841 ipsos

2210 3859 2530 3933 pluiturum,
2584 3863 2956 3931 metaphorico
2995 3878 3244 3917 sermone
3290 3863 3632 3917 intolerabile
3664 3880 3791 3933 sup-

2211 3952 2455 4022 plicium,
2484 3959 2539 4004 et
2573 3951 2795 4006 uberem
2845 3951 3172 4021 facilemque
3198 3951 3407 4022 plagam
3446 3968 3509 4007 ac
3538 3954 3792 4009 devastao

2211 4042 2413 4097 tionem
2456 4055 2762 4112 proponere
2790 4043 3001 4097 volens.
3048 4042 3185 4096 Pars
3222 4053 3399 4097 autem
3444 4045 3529 4099 hic
3569 4047 3792 4114 ponitur

2210 4146 2310 4203 pro
2342 4140 2519 4196 sorte,
2554 4132 2711 4201 quasi
2739 4132 2878 4187 dicat
2904 4149 2916 4184 :
2944 4131 3069 4187 litec
3096 4133 3305 4185 illorum
3331 4148 3449 4187 sors
3477 4144 3579 4197 est,
3609 4136 3662 4187 in
3705 4136 3792 4189 his

2212 4232 2617 4279 consumentur.
2640 4223 2841 4278 Deinde
2872 4224 3036 4278 etiam
3071 4238 3231 4277 causa
3263 4223 3571 4291 adjungitur
3597 4246 3607 4277 :
3638 4224 3787 4289 Quo-

2212 4316 2353 4369 niam
2396 4314 2578 4383 justus
2635 4311 2937 4377 Dominus,
2998 4315 3151 4382 quasi
3208 4313 3587 4380 diceretzQui
3638 4315 3789 4369 enim

2211 4406 2391 4461 omnia
2422 4405 2588 4470 videt,
2622 4418 2729 4458 non
2762 4405 2903 4458 sinet
2930 4405 3041 4458 haec
3072 4406 3288 4471 impune
3320 4405 3674 4472 pertransire.
3717 4428 3736 4457 s

538 4512 645 4554 non
675 4512 861 4565 pauca,
893 4512 1011 4565 quae
1041 4496 1107 4549 ad
1146 4494 1370 4549 verbum
1413 4508 1481 4546 ex
1522 4493 1711 4547 eodem
1744 4492 1892 4546 fonte
1920 4492 1973 4544 in
2007 4491 2110 4545 hoc
2140 4512 2187 4571 υ
2282 4498 2371 4550 47.
2403 4495 2863 4551 Commentarium
2896 4496 3022 4549 dum
3050 4496 3225 4562 legere
3255 4509 3443 4565 pergo,
3470 4497 3598 4550 mihi
3629 4497 3791 4553 facile

538 4587 877 4659 explanando
904 4586 1112 4658 psalmo
1157 4586 1285 4641 hinc
1329 4584 1455 4639 inde
1485 4582 1673 4638 hausit
1704 4582 2108 4652 pseudo-Theo-

541 4682 740 4747 dorus;
774 4680 867 4736 sed
898 4688 1075 4735 tamen
1105 4694 1169 4735 ea
1204 4693 1324 4748 qua:
1353 4679 1420 4732 sb
1447 4685 1676 4745 utroque
1706 4678 2001 4745 interprete
2034 4676 2113 4729 di-

541 4781 738 4829 cuntur
756 4772 809 4827 in
835 4770 923 4825 illa
942 4789 956 4824 :
982 4770 1131 4823 l’luet
1147 4786 1300 4838 super
1324 4778 1616 4837 peceatores
1646 4768 1856 4838 laqueos
1873 4768 1965 4833 "',
1982 4778 2111 4828 etc.,

540 4862 815 4931 praeterire
845 4876 952 4918 non
984 4875 1144 4932 queo.
1181 4860 1551 4930 Cbrysostomi
1604 4860 1766 4929 igitur
1798 4860 1909 4914 haec
1941 4868 2067 4913 sunt
2096 4872 2111 4909 :

540 4948 726 5004 Εἰπὼν
750 4950 848 5023 τὴν
873 4949 980 5004 ἀπὸ
1000 4950 1098 5020 τῆς
1125 4948 1321 5012 κακίας
1346 4948 1523 5019 δίκην,
1544 4947 1731 5019 ἐπειδὴ
1754 4947 1958 5019 ταύτης
1985 4933 2115 5001 πολ-

540 5040 623 5093 λο)⁵
649 5038 1068 5111 καταφρονοῦσι,
1098 5039 1281 5093 λοιπὸν
1308 5039 1585 5092 κατασείει
1608 5040 1707 5110 τὴν
1731 5039 1840 5093 τῶν
1867 5040 2116 5111 πονηρῶν

542 5132 778 5187 διάνοιαν
811 5134 922 5186 ἀπὸ
952 5134 1047 5204 τῆς
1075 5132 1280 5187 ἄνωθεν
1309 5132 1613 5203 φερομένης
1643 5130 1875 5201 πληγῆς,
1905 5133 2113 5201 ἐμφαν-

544 5224 705 5288 τικῶς
725 5220 802 5293 τῷ
826 5222 969 5293 λόγῳ
991 5222 1289 5294 χρώμενος,
1318 5224 1413 5275 καὶ
1439 5222 1524 5275 διὰ
1548 5221 1793 5292 φοόερῶν
1839 5223 2117 5292 ὀνομάτων

544 5312 768 5385 προῖὼν.
801 5314 919 5385 Πῦρ
948 5315 1055 5382 γὰρ
1088 5315 1182 5368 καὶ
1223 5314 1384 5377 Θεῖον,
1410 5315 1505 5367 καὶ
1541 5312 1754 5382 πνεῦμα
1780 5313 2110 5380 καταιγίδος,

544 5404 642 5458 καὶ
674 5404 943 5476 ἄνθρακας
973 5406 1155 5468 αὐτοῖς
1198 5405 1399 5459 ἄνωθεν
1432 5405 1577 5473 λέγει
1607 5403 1823 5456 ὕεσθαι·
1851 5406 1915 5474 τῇ
1955 5421 2117 5473 μετα-

547 5497 689 5568 φορᾷ
718 5496 826 5551 τῶν
849 5497 1043 5562 λέξεων
1076 5498 1135 5549 τὸ
1161 5499 1399 5565 ἄφυκτον
1424 5498 1523 5565 τῆς
1552 5496 1839 5567 τιμωρίας,
1870 5496 1931 5548 τὸ
1962 5496 2116 5563 δαψι-

544 5587 635 5651 λὲς
661 5588 761 5659 τῆς
789 5588 1075 5652 κολάσεως,
1110 5590 1169 5641 τὸ
1212 5590 1427 5647 εῐικολον
1460 5591 1558 5660 τῆς
1589 5588 1823 5658 πληγῆς,
1856 5588 1916 5641 τὸ
1944 5588 2115 5641 δαπα-

620 5767 668 5799 ἠ
697 5766 837 5822 Psal.
872 5768 1061 5830 “.16.
1124 5770 1190 5799 ⁷⁸·
1227 5768 1364 5823 Psal.
1398 5786 1451 5829 x,
1494 5768 1544 5819 7.

2217 4588 2517 4658 persuadeo
2546 4602 2667 4640 cum
2702 4602 2807 4642 non
2856 4587 3073 4642 aliunde
3113 4588 3281 4657 magis
3308 4604 3468 4657 quam
3497 4604 3529 4641 e
3550 4590 3794 4660 Chryso-

2216 4677 2375 4731 stomi
2389 4676 2723 4731 orationibus
2744 4686 3057 4745 excerptum
3078 4692 3217 4731 esse.
3244 4677 3452 4731 Etenim
3469 4678 3538 4731 ita
3557 4680 3792 4747 pseudo-

2220 4768 2534 4824 Theodortts
2584 4769 2845 4837 psalmum
2890 4769 3237 4823 undecimum
3278 4770 3686 4840 interpretatur,
3735 4781 3794 4826 ut

2219 4876 2342 4915 eum
2389 4860 2512 4915 inde
2561 4860 2851 4915 maximam
2906 4875 3017 4915 sua:
3066 4862 3526 4930 interpretationis
3580 4872 3792 4931 partem

2221 4960 2521 5006 mutuatum
2544 4967 2668 5007 esse
2688 4959 2919 5007 constet.
2940 4953 3006 5006 Et
3030 4970 3096 5008 ne
3120 4954 3260 5007 hunc
3283 4952 3548 5023 psalmum
3572 4956 3797 5008 omnino

2223 5042 2500 5112 przeterire
2540 5044 2846 5104 videamur.
2888 5044 3097 5097 initium
3154 5046 3527 5099 commentarii
3572 5061 3677 5099 non
3716 5048 3798 5113 pi-

2222 5130 2367 5198 gebit
2420 5132 2713 5184 ascribere.
2780 5132 2857 5186 Eo
2917 5134 3074 5202 igitur
3143 5132 3241 5188 loci
3312 5136 3422 5189 Ita-c
3486 5136 3793 5189 habentur:

2222 5216 2389 5284 Οὗτος
2443 5223 2473 5273 ὀ
2534 5223 2799 5293 μακάριος
2862 5224 3021 5294 μόνος
3078 5225 3524 5297 ἀπειλημμένος,
3577 5228 3797 5280 πάντων

2218 5314 2315 5383 τὴν
2339 5316 2584 5368 ἐναντίαν
2615 5314 2955 5385 βαδιζόντων,
2987 5319 3077 5372 ἐπὶ
3104 5318 3202 5390 τὴν
3234 5320 3330 5373 τοῦ
3362 5319 3496 5373 Θεοῦ
3540 5321 3799 5391 πρόνοιαν

2221 5406 2571 5475 καταφεύγει.
2614 5410 2721 5461 Καὶ
2752 5410 2851 5463 ούκ
2878 5408 3048 5475 εἶπεν,
3082 5412 3164 5463 ὅτι
3208 5413 3429 5480 γέγονεν
3470 5413 3639 5476 ὅσιος,
3680 5414 3796 5466 ἀλλ’

2223 5498 2304 5549 ὅτι
2332 5496 2426 5548 καὶ
2453 5498 2499 5548 οἱ
2527 5498 2677 5561 ὄντες
2699 5500 2991 5566 ἀπώλοντο,
3019 5504 3140 5555 ἐπεὶ
3170 5505 3469 5573 ἐκράτησεν
3494 5505 3527 5574 ἡ
3557 5506 3796 5560 κακία...

2225 5589 2434 5659 ’Ὠσπερ
2478 5590 2584 5643 τῶν
2618 5592 2919 5662 χρωμάτων
2976 5596 3044 5647 τὰ
3093 5598 3189 5665 μὲν
3235 5596 3409 5667 άληθῆ
3456 5598 3582 5659 εισι,
3628 5598 3698 5651 τὰ
3742 5598 3797 5650 δὲ
