4040 6478
1378 411 1438 461 ὶ).
1482 410 1628 463 JUL.
1667 410 1997 465 CARNI‘LRII
2038 412 2425 464 PBAZFATIO.

3324 425 3487 466 CCUII

249 527 453 601 ψευδῆ·
495 530 636 582 οὕτω
670 528 761 577 καὶ
795 526 983 578 πολλαί
1013 528 1149 578 εἰσιν
1174 526 1444 597 ἁλήθειαι,
1469 527 1603 580 ἀλλά
1626 528 1828 597 κυρίως

1935 528 2125 593 ges-imi
2180 529 2322 580 tertii
2372 529 2533 596 verba
2584 526 3025 592 interpretantis:
3072 524 3494 591 Ἀνακτωμένων

249 619 477 687 ἀλήθεια
503 618 566 669 τὸ
593 615 759 679 ὅντως
792 617 872 671 ὃν.
917 618 1069 670 Ἐπεὶ
1100 616 1155 669 δὲ
1193 617 1479 671 καὶταῦτα
1505 616 1829 689 διέστραπτο

251 715 346 767 καὶ
370 708 721 780 ἡμαύρωντο,
751 710 814 763 οὐ
847 711 946 779 τὴν
975 709 1274 764 ἀπόστασιν
1312 709 1673 774 ἀπολεσαντα,
1714 708 1828 766 ἀλλ’

248 798 359 853 ἀπὸ
394 796 504 849 τῶν
530 795 829 869 ἀνθρώπιον
861 794 1280 863 φυγαδευθέντα.
1312 815 1330 848 ι
1371 795 1468 851 llic
1489 810 1710 854 sanctus
1739 815 1828 854 80-

251 893 336 943 lus
360 886 674 949 derelictus.
699 885 951 941 omnibus
976 888 1307 942 contrariam
1331 886 1473 940 viam
1501 887 1827 952 ineuntibus,

253 978 320 1029 ad
354 975 451 1030 Dei
483 975 877 1047 providentiam
910 974 1172 1045 confugit.
1213 977 1281 1031 Et
1327 990 1433 1030 non
1470 976 1606 1031 dixit
1637 993 1651 1030 :
1681 978 1830 1044 Quo-

252 1067 399 1119 niam
422 1076 645 1123 sanctus
668 1065 789 1130 fuit,
809 1064 902 1118 sed
930 1068 1071 1133 quod
1102 1068 1156 1121 hi
1184 1068 1347 1121 etiam
1370 1066 1461 1134 qui
1483 1070 1653 1123 sancti
1679 1080 1826 1131 sunt.

251 1159 539 1229 perierint,
571 1172 637 1213 eo
676 1156 816 1225 quod
857 1158 1201 1227 prmvaluerit
1245 1157 1519 1217 malitia...
1559 1161 1829 1225 Quemad-

252 1251 475 1308 modum
527 1250 735 1305 colores
781 1249 943 1319 aliqui
978 1253 1191 1322 quidem
1231 1261 1356 1306 sunt
1390 1252 1526 1313 veri,
1576 1252 1666 1304 alii
1702 1268 1829 1308 vero

251 1343 373 1398 falsi
404 1361 418 1396 :
451 1341 641 1396 eodem
670 1340 830 1395 modo
860 1342 1040 1398 multae
1068 1344 1231 1399 etiam
1261 1350 1383 1395 sunt
1424 1341 1699 1409 veritates,
1734 1346 1827 1397 sed

250 1433 470 1503 proprie
496 1432 698 1488 veritas
720 1424 805 1488 est
827 1433 879 1488 id
908 1435 1050 1506 quod
1076 1448 1203 1487 vere
1229 1441 1330 1487 est.
1355 1431 1489 1500 Quia
1514 1448 1642 1489 vero
1664 1434 1828 1489 etiam

251 1526 372 1580 hac
423 1538 678 1593 perversa
723 1532 902 1591 erant,
951 1535 1004 1579 ct
1052 1522 1345 1590 oﬂ‘uscata;
1393 1540 1499 1579 non
1530 1523 1673 1594 quod
1702 1524 1830 1577 sub-

249 1614 510 1670 stantiam
544 1616 926 1686 perdidissent,
958 1614 1051 1670 sed
1083 1615 1226 1685 quod
1255 1616 1322 1671 ab
1348 1618 1655 1672 hominibus
1684 1617 1827 1669 rele-

251 1716 379 1776 gata
414 1717 617 1771 essent,
650 1726 670 1759 ι
700 1716 804 1763 etc.
852 1706 947 1759 llis
987 1706 1251 1761 absimilia
1292 1722 1396 1761 non
1430 1717 1558 1761 sunt
1590 1721 1709 1775 qua
1747 1708 1823 1763 le-

252 1811 456 1867 guntur
484 1799 624 1868 apud
659 1799 1123 1867 Cbrysostomum,
1158 1799 1261 1853 hoc
1295 1800 1452 1854 modo
1480 1815 1494 1850 :
1530 1794 1699 1865 Οὗτος
1731 1803 1825 1855 ᾶτε

249 1894 320 1965 δὴ
359 1895 520 1965 μόνος
552 1893 722 1963 αὐτῆς
745 1894 1163 1966 ἐπειλημμένος,
1203 1894 1419 1948 πάντων
1456 1894 1554 1966 τὴν
1585 1897 1831 1950 ἐναντίαν
1864 1872 1904 1926 Β

253 1985 604 2056 βαδιζόντων,
626 1986 719 2038 ἐπὶ
743 1986 843 2057 τὴν
872 1985 968 2039 τοῦ
992 1985 1126 2039 Θεοῦ
1147 1987 1402 2058 πρόνοιαν
1428 1988 1829 2057 καταφεύγει...

256 2077 370 2131 Καὶ
388 2077 491 2131 οὐκ
517 2073 658 2145 εἷπε,
691 2074 904 2134 Σῶσόν
928 2096 1025 2149 με,
1054 2079 1134 2133 ὃτι
1159 2080 1221 2134 οὐ
1251 2080 1473 2150 γέγονεν
1499 2079 1663 2144 ὅσιος,
1696 2080 1830 2146 ἀλλ’,

254 2169 381 2223 Ὅτι
409 2169 766 2227 ἐκλέλοιπεν
793 2172 961 2239 ὅσιος
978 2189 993 2202 ·
1016 2172 1227 2236 δεικνὺς
1258 2174 1339 2227 ὅτι
1370 2171 1462 2226 καὶ
1482 2174 1529 2225 oi
1554 2172 1706 2244 byw;
1730 2173 1835 2227 ἀπ-

251 2261 475 2327 ώλοντο,
510 2264 695 2336 ἐπειδὴ
723 2266 1023 2336 ἐκράτησεν
1066 2264 1100 2333 ἡ
1144 2263 1383 2318 κακία...
1434 2263 1702 2333 Καθάπερ
1743 2267 1840 2317 ἐπὶ

252 2350 365 2403 τῶν
390 2352 717 2423 χρωμάτων,
762 2353 856 2406 καὶ
896 2353 1004 2404 τῶν
1032 2352 1206 2406 ἄλλων
1234 2351 1421 2419 βίδῶν,
1457 2351 1525 2405 τὰ
1560 2352 1658 2423 μέν
1687 2356 1835 2408 ἐστιν

252 2442 456 2513 ἀληθῆ,
490 2442 559 2496 τά
581 2442 640 2495 δὲ
663 2443 897 2515 ψευδῆ...
934 2442 1076 2497 οὕτω
1116 2442 1173 2497 δὲ
1215 2444 1307 2497 καὶ
1342 2444 1436 2497 ἐπὶ
1463 2443 1570 2497 τῶν
1602 2444 1833 2516 ἀρετῶν.

267 2532 526 2605 Ἀλήθεια
545 2532 654 2605 γὰρ
683 2534 744 2588 τὸ
773 2535 941 2601 ὅντως
965 2535 1043 2598 δν,
1074 2535 1268 2607 ψεῦδος
1300 2537 1359 2591 δὲ
1386 2536 1446 2591 τὸ
1475 2536 1550 2610 μὴ
1572 2537 1650 2591 δν.
1686 2537 1837 2591 Ἐπεὶ

252 2619 350 2679 οὖν
381 2625 554 2681 ταῦτα
595 2627 919 2700 διέστραπτο
954 2630 1047 2682 καὶ
1087 2629 1431 2699 ὴμαύρωντο,
1470 2631 1531 2682 οὐ
1565 2630 1663 2701 τὴν
1706 2630 1836 2683 ὑπό-

257 2735 449 2771 στασιν
482 2719 820 2773 ἀπολέσαντα
864 2720 923 2785 ἐξ
956 2721 1183 2783 ἑαυτῶν,
1214 2721 1330 2772 ἀλλ’
1362 2721 1468 2773 ὑπὸ
1500 2722 1606 2774 τῶν
1630 2722 1839 2793 ἀνθρώ-

257 2826 378 2862 πων
412 2809 835 2878 φυγαδευθέντα,
866 2821 972 2867 etc.
1018 2830 1038 2863 ι
1072 2810 1170 2867 Hic
1196 2827 1410 2882 quoque
1435 2814 1636 2883 justus,
1667 2824 1725 2869 ut
1745 2816 1834 2883 qui

256 2898 409 2954 solus
450 2914 569 2954 eam
600 2901 1063 2970 apprehendisset,
1109 2904 1322 2957 ceteris
1351 2912 1541 2958 contra
1572 2906 1839 2959 tendenti-

258 2992 385 3052 bus,
412 2990 658 3061 confugit
681 2994 747 3045 ad
779 2992 869 3046 Dei
902 2994 1365 3063 providentiam...
1413 2996 1477 3049 Et
1514 3011 1617 3051 non
1658 2996 1835 3051 dixit:

258 3079 476 3136 Salsum
508 3099 587 3136 me
619 3083 726 3151 fac,
756 3083 1011 3152 quoniam
1045 3099 1153 3138 non
1176 3095 1260 3138 est
1292 3098 1533 3151 sanctus,
1566 3089 1658 3142 sed
1691 3087 1837 3153 Quo-

258 3176 405 3229 Iu'ous
450 3175 637 3243 defecit
690 3186 902 3231 sanctus
924 3176 971 3209 ⁷³
994 3219 1010 3244 ,
1060 3177 1350 3233 ostendens
1392 3193 1486 3235 eos
1524 3180 1710 3245 etiam,
1745 3182 1836 3250 qui
1863 3214 1906 3273 ο

262 3282 444 3336 erant,
486 3271 733 3338 periisse,
768 3282 1053 3342 postquam
1094 3273 1314 3329 invaluit
1347 3274 1602 3330 vitium...
1648 3276 1838 3343 Quem-

263 3364 554 3418 admodum
584 3367 636 3417 in
661 3364 935 3421 coloribus
958 3375 1013 3421 et
1036 3365 1157 3421 aliis
1178 3368 1466 3437 generibus
1492 3368 1594 3421 alia
1620 3369 1834 3437 quidem

263 3464 392 3511 sunt
420 3470 571 3518 vera,
604 3455 707 3510 alia
738 3454 939 3512 falsa...
968 3456 1038 3511 ita
1071 3456 1235 3511 etiam
1260 3456 1313 3509 in
1334 3456 1645 3512 virtutibus.
1680 3457 1835 3513 Veri-

265 3557 350 3604 tas
369 3548 515 3603 enim
537 3557 620 3603 est
645 3548 789 3617 quod
813 3563 939 3604 vere
963 3558 1047 3604 est
1074 3563 1088 3600 :
1121 3548 1459 3603 mendacium
1488 3560 1667 3604 autem
1692 3553 1835 3621 quod

264 3652 370 3691 non
403 3647 504 3692 est.
552 3636 819 3703 Quoniam
856 3652 988 3707 ergo
1015 3638 1129 3693 haec
1173 3637 1405 3703 inversa,
1448 3646 1503 3694 et
1546 3639 1835 3693 obscurata

264 3727 497 3795 fuerant,
546 3744 650 3784 nou
698 3731 839 3799 quod
872 3743 1023 3784 suam
1058 3730 1407 3799 perdiderant
1452 3732 1831 3796 substantiam,

262 3821 356 3875 sed
388 3820 530 3887 quod
559 3819 628 3875 ab
662 3819 971 3874 hominibus
1004 3820 1180 3891 fugata
1215 3822 1449 3882 fuerant,
1489 3841 1507 3873 ι
1546 3834 1655 3876 etc.
1699 3823 1833 3877 Cum

263 3921 371 3965 tam
402 3911 567 3965 multa
589 3912 848 3966 hactenus
876 3912 1166 3981 sumpserit
1196 3913 1745 3979 pseudo-Theodorus
1768 3930 1835 3969 ex

260 4004 596 4059 orationibus
624 4003 1017 4074 Cbrysostomi,
1048 4004 1242 4059 mirum
1285 4006 1454 4061 videri
1500 4023 1610 4062 non
1650 4008 1833 4075 debet,

262 4097 308 4152 si
331 4098 400 4151 ab
428 4096 522 4151 illo
544 4097 773 4168 plurima
805 4111 1022 4167 quoque
1062 4097 1114 4152 in
1153 4097 1494 4165 explanando
1516 4100 1835 4156 duodecimo

267 4187 471 4256 psalmo
503 4198 777 4243 mutuatus
798 4188 891 4243 sit.
925 4186 993 4242 Et
1022 4194 1173 4242 certe
1199 4201 1327 4257 pars
1365 4188 1603 4242 mavima
1645 4203 1832 4245 eorum

264 4295 385 4350 quae
412 4296 441 4334 a
470 4281 985 4350 pseudo-Theodoro
1018 4281 1290 4343 dicuntur,
1345 4281 1480 4335 nihil
1529 4281 1675 4337 aliud
1708 4290 1835 4337 sunt

261 4386 423 4442 quam
460 4373 613 4425 varia
657 4372 918 4427 orationis
959 4372 1331 4443 Chrysostomi
1378 4372 1701 4444 fragmenta.
1742 4388 1835 4427 ea-

259 4480 367 4534 que
394 4463 535 4517 male
563 4472 768 4518 assuta.
813 4463 945 4533 Ejus
976 4465 1053 4518 rei
1090 4473 1304 4529 exstant
1331 4466 1577 4534 exempla
1628 4465 1681 4519 in
1717 4466 1833 4534 ipso

1930 618 1979 669 οἱ
2018 618 2163 684 λόγοι
2195 618 2317 679 τοὺς
2349 615 2425 685 τῷ
2454 617 2643 687 πλήθει
2687 615 2781 670 καὶ
2819 616 2884 683 τῇ
2918 614 3058 682 ἰσχύϊ
3089 615 3197 666 τῶν
3225 611 3497 678 πολεμίων

1932 705 2383 775 καταϐληθέντας.
2425 707 2533 760 Καὶ
2561 706 2839 779 προτροπή
2882 704 3017 765 ἐστι,
3056 702 3116 754 τὸ
3149 705 3251 756 πᾶν
3284 701 3376 755 ἐπὶ
3408 700 3499 750 τὸν

1929 798 2062 851 Θεδν
2098 796 2249 869 ῥῖψαι
2280 798 2593 861 κελεύουσα,
2633 799 2843 869 καὶτῆς
2867 794 3074 849 ἐκεῖθεν
3105 792 3313 857 ἐλπίδος
3339 792 3499 861 ἐξαρ-

1929 889 2096 959 τῆσαι
2135 891 2236 959 τὴν
2271 890 2446 960 νίκην.
2477 888 2578 942 Διά
2617 888 2667 940 τί
2708 889 2764 941 δὲ
2803 892 2914 952 τοῖς
2941 886 3078 951 ὠσί;
3119 884 3225 936 τίνι
3268 885 3374 954 γάρ
3414 898 3499 945 τις

1933 979 2091 1049 μέρει
2126 978 2271 1049 ἄλλῳ
2296 980 2513 1045 ἀκούει;
2560 978 2753 1033 Κοινὺν
2787 978 2903 1042 ἔθος
2938 978 3106 1039 ἐστὶν,
3127 974 3255 1028 ὅταν
3289 989 3372 1035 τις
3397 991 3497 1025 πε-

1930 1070 2391 1141 πληροφορημένα
2415 1070 2688 1141 διηγῆται,
2726 1068 3032 1138 προτιθέναι
3062 1068 3173 1130 τοῖς
3200 1064 3333 1117 ὠσὶν
3360 1063 3497 1132 ἀκη-

1928 1162 2177 1217 κοέναι...
2211 1164 2351 1234 Ὥρα
2385 1163 2441 1216 δὲ
2478 1162 2595 1224 πῶς
2619 1160 2768 1216 δεινά
2796 1160 3111 1229 πάσχοντες,
3135 1160 3197 1213 οὐ
3226 1157 3496 1226 λέγουσιν.

1926 1255 1988 1310 τὸ
2020 1256 2113 1309 καὶ
2140 1254 2201 1307 τὸ
2226 1253 2499 1325 ἐπάθομεν
2538 1254 2627 1307 διὰ
2652 1255 2732 1318 σὲ,
2779 1252 3044 1325 βοήθησον
3076 1254 3203 1321 ἡμῖν
3226 1270 3240 1283 ο
3282 1247 3398 1306 ἀλλ’
3424 1246 3500 1308 ὡς

1926 1350 2125 1407 οἰκεῖον
2169 1346 2335 1419 μηδὲν
2365 1345 2577 1415 ἔχοντες
2602 1345 2803 1413 ἀγαθὸν
2850 1346 2931 1407 είς
2958 1344 3287 1415 παρρησίαν,
3316 1341 3397 1405 είς
3431 1335 3501 1389 τά

1927 1442 2061 1502 τοῖς.
2105 1424 2409 1510 προγόνοις
2453 1436 2780 1507 ὑπηργμένα
2836 1434 2985 1507 παρὰ
3041 1432 3175 1486 Θεοῦ
3234 1429 3496 1501 καταφεύ-

1928 1542 2105 1593 γουσι.
2138 1547 2157 1580 ι
2190 1528 2310 1584 llaec
2345 1529 2510 1585 verba
2550 1538 2679 1581 sunt
2712 1528 3029 1597 erigentium
3056 1541 3171 1592 eos,
3193 1524 3285 1594 qui
3320 1524 3500 1578 multi-

1930 1620 2114 1674 tudiue
2144 1634 2207 1673 ac
2240 1623 2429 1678 robore
2457 1622 2691 1678 hostium
2728 1622 2982 1690 prostrati
3012 1628 3161 1675 sunt.
3200 1617 3267 1672 Et
3299 1615 3500 1670 adhor-

1930 1713 2062 1767 tatio
2086 1722 2189 1777 cst,
2219 1727 2337 1781 quae
2371 1721 2545 1767 totum
2588 1714 2640 1768 in
2670 1712 2838 1767 Deum
2873 1710 3159 1781 projicere,
3197 1717 3253 1763 et
3284 1720 3352 1761 ex
3383 1702 3502 1773 ejus

1929 1816 2026 1861 sne
2049 1802 2324 1859 victoriam
2382 1805 2709 1871 suspendere
2753 1801 2928 1873 jubet.
2983 1801 3053 1853 At
3095 1812 3195 1852 cur
3245 1792 3501 1851 auribus?

1934 1907 2163 1959 quonam
2194 1894 2339 1950 enim
2364 1893 2470 1947 alio
2504 1895 2744 1948 membro
2778 1894 2899 1963 quis
2930 1889 3149 1947 audiat?
3188 1885 3502 1944 Communis

1933 1984 2077 2037 enim
2106 1987 2437 2041 consuetudo
2473 1992 2575 2049 est,
2617 1995 2675 2038 ut
2710 1987 2922 2053 quando
2948 1984 3072 2055 quis
3106 1990 3253 2037 certa
3287 1986 3499 2038 narrat,

1934 2076 2095 2131 addat
2139 2076 2361 2131 auribus
2400 2093 2459 2133 se
2503 2077 2843 2133 audivisse...
2890 2077 3129 2132 Observa
3177 2088 3331 2138 vero,
3368 2086 3505 2141 qun-

1933 2169 2094 2225 modo
2134 2182 2257 2223 cum
2298 2182 2489 2237 aspera
2524 2185 2773 2240 quaeque
2799 2167 2941 2240 passi
2982 2168 3110 2233 sint,
3150 2183 3253 2220 non
3295 2166 3499 2228 dicant,

1937 2260 2049 2317 Hoc
2087 2270 2141 2316 et
2175 2261 2277 2317 hoc
2315 2261 2456 2331 passi
2498 2276 2681 2315 sumus
2725 2272 2940 2329 propter
2980 2268 3065 2327 te;
3125 2256 3315 2327 adjuva
3358 2269 3501 2311 nos:

1935 2354 2029 2407 sed
2058 2369 2119 2407 ac
2143 2352 2190 2409 si
2220 2352 2350 2408 nihil
2374 2352 2639 2408 baberent
2677 2352 2800 2407 boni
2832 2368 2939 2421 quo
2973 2352 3268 2418 conlidant,
3313 2347 3504 2405 confu-

1937 2445 2089 2515 giuut
2120 2448 2186 2499 ad
2220 2460 2279 2499 ea
2317 2461 2437 2516 qua:
2469 2444 2765 2515 majoribus
2789 2451 2899 2499 suis
2927 2459 2957 2499 a
2989 2445 3095 2498 Dco
3131 2445 3271 2497 facta
3302 2452 3446 2497 sunt.
3481 2460 3500 2492 ο

1936 2535 2090 2605 Apud
2119 2534 2563 2605 Chrysostomum
2604 2546 2782 2591 autem
2823 2536 2894 2591 ita
2926 2535 3117 2606 legitur
3145 2551 3159 2587 :
3196 2532 3364 2587 Τοῦτο
3396 2533 3506 2605 γὰρ

1936 2628 2061 2692 τοὺς
2088 2626 2470 2698 ἀσθενέστερον
2508 2627 2643 2698 πρὸς
2668 2628 2791 2690 τοὺς
2815 2628 3010 2691 πόνους
3030 2624 3402 2696 διακειμένους
3436 2622 3506 2695 ἦν

1936 2720 2384 2792 ἀνακτωμένου...
2424 2720 2485 2773 Ἠ
2508 2719 2641 2790 εὐχὴ
2672 2718 2809 2789 αὓτη
2841 2720 3120 2792 προτροπὴ
3142 2722 3253 2783 τοῖς
3283 2735 3492 2789 στρατο

1939 2812 2115 2875 πέδοις
2146 2813 2284 2874 ἐστὶ,
2326 2811 2386 2865 τὸ
2427 2813 2536 2866 πᾶν
2584 2811 2675 2864 ἐπὶ
2716 2810 2807 2864 τὸν
2834 2810 2967 2865 Θεὸν
2999 2812 3150 2882 ῥῖψαι
3186 2793 3504 2870 κελεῦουσα,

1938 2903 2032 2955 καὶ
2071 2903 2364 2973 ὲξαρτῆσαι
2393 2903 2493 2973 τῆς
2517 2902 2724 2957 ἐκεῖθεν
2752 2901 2964 2967 ἐλπίδος
2984 2901 3080 2975 τὴν
3108 2902 3283 2973 νίκην.
3329 2902 3426 2956 Διά
3453 2901 3508 2956 τί

1936 2992 1993 3046 δὲ
2007 2992 2107 3046 οὐκ
2122 2989 2295 3059 εἶπεν,
2333 2992 2692 3064 Ἠκούσαμεν,
2718 2993 2922 3057 ἁπλῶς,
2946 2993 3078 3054 ἀλλ’.
3098 2994 3193 3047 Ἐν
3216 2993 3340 3060 τοῖς
3358 2993 3509 3048 ὠσὶν

1939 3085 2109 3154 ἡμῶν
2135 3085 2517 3155 ἡκούσαμενς
2545 3086 2682 3155 ποίῳ
2710 3087 2819 3156 γὰρ
2844 3085 3012 3157 ἑτέρῳ
3038 3086 3192 3157 μέρει
3217 3103 3302 3149 τις
3322 3086 3509 3141 ἀκούει

1938 3177 2032 3230 τοῦ
2067 3175 2420 3247 σώματος;...
2461 3177 2654 3231 Κοινδν
2695 3177 2814 3241 ἔθος
2851 3176 2959 3229 τῶν
2999 3176 3300 3248 ἀνθρώπιον
3340 3178 3506 3240 ἐστὶν,

1935 3270 2064 3325 ὅταν
2100 3269 2222 3324 τινὰ
2246 3269 2564 3341 διηγῶνται,
2595 3271 2734 3343 ὑπὲρ
2762 3265 2835 3325 ὧν
2865 3272 2971 3324 εἱσι
3007 3270 3507 3342 πεπληροφορημέ-

1935 3379 2081 3415 νοι...
2118 3361 2501 3431 προστιθέασιν
2527 3362 2615 3416 ἀεὶ
2646 3361 2716 3415 τὰ
2737 3356 2871 3425 ὦτα,
2901 3358 3202 3431 φάσκοντες
3230 3363 3343 3425 τοῖς
3371 3360 3508 3413 ὡσίν

1935 3454 2297 3524 ἀκηκοέναι...
2326 3454 2578 3509 Τοσαῦτα
2616 3455 2710 3508 καὶ
2741 3453 3041 3524 τηλικαῦτα
3070 3455 3331 3518 παθόντες
3358 3444 3508 3508 δεινά

1934 3546 2022 3600 διὰ
2046 3546 2136 3599 τὸν
2166 3546 2363 3601 Θεόν...
2394 3548 2545 3601 οὐδὲν
2571 3547 2773 3601 τούτων
2800 3549 2930 3616 φασὶ
2952 3547 3109 3610 τέως,
3142 3547 3223 3599 ὅτι
3251 3546 3312 3600 τδ
3336 3546 3509 3599 καὶτὸ

1935 3637 2209 3707 ἐπάθομεν
2267 3638 2355 3691 διὰ
2413 3623 2494 3700 σὲ,
2550 3638 2813 3709 βοήθησον
2870 3640 3033 3708 ἡμῖν’
3084 3637 3363 3702 ἀλλ’ὡς...
3406 3640 3509 3692 οὐκ

1934 3727 2146 3797 ἔχοντες
2183 3727 2243 3793 ἐξ
2264 3730 2480 3782 οἰκείων
2514 3729 2947 3800 κατορθωμάτων
2980 3731 3312 3803 παρρησίαν,
3336 3729 3507 3792 οὕτως

1935 3822 2015 3883 εἰς
2036 3818 2107 3872 τὰ
2136 3822 2247 3883 τοῖς
2274 3820 2561 3893 προγόνοις
2586 3822 2913 3894 ὑπηργμένα
2938 3823 3087 3893 παρά
3117 3822 3212 3877 τοῦ
3242 3822 3377 3876 Θεοῦ
3409 3839 3509 3876 κα-

1933 3909 2284 3980 ταφεύγουσι.
2327 3930 2346 3964 ι
2383 3912 2493 3966 Hoc
2529 3922 2613 3967 cst
2650 3914 2795 3970 enim
2824 3912 2940 3979 ejus
2971 3914 3061 3983 qni
3092 3927 3186 3967 eos
3216 3923 3424 3969 recreat
3454 3924 3509 3967 ιιι

1936 4003 2128 4067 reiicit,
2179 4006 2271 4073 qui
2306 4014 2432 4058 sunt
2462 4004 2691 4059 molliori
2734 4013 2790 4057 et
2831 4004 3167 4059 imbecilliori
3202 4004 3383 4060 animo
3438 4008 3504 4057 ad

1934 4094 2143 4151 labores
2185 4096 2571 4164 suscipiendos.
2626 4093 2755 4150 Haec
2794 4098 3029 4165 precatio
3080 4106 3165 4153 est
3200 4100 3266 4152 ad
3304 4096 3507 4152 milites

1934 4185 2260 4249 adhortatio,
2294 4200 2414 4255 quae
2447 4186 2601 4253 jubet
2645 4186 2893 4241 universa
2931 4186 2983 4240 iu
3020 4188 3184 4242 Deum
3235 4186 3506 4257 conjicere

1935 4286 2279 4347 statuereque
2310 4292 2374 4330 es
2416 4292 2510 4346 spe
2543 4277 2597 4332 in
2632 4276 2778 4331 illum
2814 4278 3045 4347 pendere
3065 4278 3363 4332 victoriam.
3398 4278 3506 4333 Cur

1935 4378 2113 4423 autem
2157 4383 2261 4423 non
2292 4368 2426 4422 dixit
2467 4367 2729 4434 absolute,
2764 4370 3097 4435 Audivimus,
3138 4369 3254 4434 sed,
3287 4366 3502 4424 Nostris

1934 4460 2151 4515 auribus
2197 4459 2595 4515 audiuimus"?
2644 4476 2877 4530 quanam
2932 4461 3074 4516 enim
3119 4460 3223 4515 alia
3261 4466 3505 4531 corporis

263 4552 728 4622 interpretationis
765 4553 946 4616 initio;
990 4555 1084 4608 sed
1123 4569 1191 4609 ne
1217 4556 1371 4623 copia
1410 4556 1584 4622 major
1616 4557 1832 4611 lectori-
1862 4562 1907 4617 D
1934 4560 2087 4622 parte
2111 4549 2428 4606 audituri...
2473 4548 2569 4607 llic
2603 4560 2688 4607 est
2717 4565 2833 4604 mos
2873 4550 3171 4613 communis
3201 4551 3501 4606 hominum.

262 4646 362 4702 bus
394 4646 611 4700 mdium
645 4644 853 4708 aderat,
888 4645 1048 4698 missa
1091 4661 1151 4700 ea
1180 4647 1425 4701 facimus.
1466 4646 1612 4701 Ordo
1646 4657 1833 4715 postu-

260 4736 406 4793 laret
428 4746 488 4791 ut
512 4738 579 4792 de
601 4736 806 4806 psalmo
833 4736 992 4792 tertio
1012 4736 1220 4791 decimo
1244 4736 1496 4791 nonnulla
1529 4736 1835 4805 proferren-

1937 4644 2028 4714 qui
2058 4643 2271 4712 quando
2300 4643 2476 4713 aliqua
2502 4651 2745 4707 narrant,
2772 4644 2836 4697 de
2872 4644 3063 4714 quibus
3083 4650 3209 4699 sunt
3237 4644 3366 4698 facti
3393 4659 3505 4699 cer-

1941 4737 2173 4791 tiores...
2203 4752 2418 4806 semper
2437 4752 2595 4793 aures
2631 4737 2911 4805 adjiciunt,
2939 4740 3175 4794 dicentes
3196 4754 3256 4795 se
3284 4740 3502 4796 auribus

263 4835 392 4882 tur:
424 4830 519 4883 sed
553 4843 673 4882 cum
704 4827 941 4896 psalmus
980 4825 1068 4882 ille
1104 4836 1157 4881 et
1197 4827 1284 4881 alii
1317 4827 1468 4882 multi
1517 4827 1569 4881 in
1606 4826 1837 4898 vulgatis
1941 4832 2276 4887 audivisse...
2309 4831 2442 4887 Cum
2490 4842 2566 4886 tot
2598 4843 2650 4887 et
2677 4843 2821 4888 tanta
2854 4837 2993 4905 passi
3037 4845 3235 4900 essent,
3285 4849 3502 4909 promer

259 4919 636 4990 Chrysostomi
671 4917 994 4972 editionibus
1025 4917 1422 4980 desiderentur,
1450 4916 1518 4971 de
1553 4917 1638 4971 his
1661 4918 1835 4972 omni.
1943 4918 2323 4975 Deum...nihil
2349 4936 2531 4974 eorum
2553 4922 2762 4977 interim
2782 4924 2985 4985 dicunt,
3004 4925 3282 4981 videlicet:
3317 4925 3425 4990 Hoc
3445 4941 3503 4981 et

261 4989 384 5066 bus
411 5008 544 5063 nihil
576 5009 756 5062 dicere
791 5007 1069 5063 habemus.
1100 5009 1170 5061 At
1200 5008 1287 5062 ubi
1318 5021 1508 5062 novam
1550 5022 1700 5062 suam
1722 5007 1836 5062 edi-
1940 5011 2068 5065 illud
2094 5013 2234 5082 passi
2264 5027 2449 5065 sumus
2473 5022 2687 5081 propter
2716 5024 2789 5077 te,
2810 5017 2874 5068 da
2905 5015 3060 5070 nobis
3085 5018 3337 5073 auxilium
3356 4989 3390 5084 ς’
3407 5022 3499 5073 sed

260 5102 464 5155 tionem
496 5096 780 5168 perfecerit
801 5096 1230 5152 Montfauconius
1253 5107 1457 5161 noster,
1481 5098 1533 5151 in
1561 5111 1663 5167 qua
1692 5098 1831 5153 inter

1939 5114 2191 5173 tanquam
2218 5102 2463 5157 fiduciam
2485 5118 2549 5158 es
2573 5105 2686 5158 suis
2704 5104 2857 5160 factis
2882 5122 2983 5160 non
3014 5107 3293 5170 baberent,
3319 5109 3384 5161 ad
3414 5122 3499 5170 ea,

260 5200 458 5247 caetera
500 5189 757 5245 anecdota
796 5189 868 5242 illi
898 5203 1115 5259 quoque
1145 5190 1339 5259 psalmi
1376 5189 1685 5259 prodibant,
1721 5203 1827 5243 non
1934 5209 2053 5263 quae
2094 5193 2237 5247 Deus
2280 5193 2573 5260 majoribus
2606 5195 2815 5249 illorum
2847 5196 3070 5260 fecerat,
3100 5198 3437 5264 confugiunt.
3476 5219 3493 5251 ι

263 5284 451 5339 dubito
477 5282 607 5352 quin
642 5281 714 5337 sit
743 5280 1000 5347 futurum,
1040 5292 1100 5335 ut
1144 5280 1268 5335 hinc
1304 5282 1467 5336 etiam
1514 5280 1707 5335 similia
1744 5281 1828 5337 his
1935 5284 2011 5338 De
2067 5290 2260 5337 αιτιοι-ο
2299 5283 2452 5337 velim
2502 5283 2748 5340 conferas
2791 5287 2927 5341 inter
2975 5302 3097 5341 sese
3131 5290 3499 5359 ChrysostOmi

261 5391 383 5446 qua:
419 5375 718 5440 retulimus,
743 5373 970 5430 ubertim
1008 5374 1126 5432 erui
1163 5374 1389 5443 possint.
1424 5371 1644 5428 lnterlm
1670 5387 1831 5443 pseu-
1930 5373 2230 5429 orationem
2253 5382 2310 5429 et
2341 5378 2813 5444 commentarium,
2842 5386 2897 5430 et
2928 5377 3209 5445 experiare
3247 5383 3504 5446 quemad-

262 5472 694 5528 do-‘l‘beodorum
741 5473 794 5527 in
838 5472 1183 5542 sequentibus
1233 5472 1453 5541 psalmis
1496 5472 1827 5542 exponendis
1932 5467 2147 5522 modum
2173 5466 2312 5524 illius
2332 5468 2473 5525 dicta
2504 5471 2556 5524 in
2585 5470 2685 5527 hoc
2702 5472 3039 5541 explanando
3064 5470 3268 5540 psalmo
3297 5473 3499 5541 passim

261 5579 383 5617 eum
414 5578 555 5626 esse,
584 5564 674 5632 qui
699 5560 799 5617 fuit
824 5564 874 5617 in
903 5562 1249 5621 esulauandis
1277 5562 1547 5632 prioribus
1570 5562 1828 5616 ostenda-

267 5670 404 5709 mus.
433 5655 558 5723 Ejus
596 5655 758 5725 igitur
797 5654 955 5709 verba
994 5662 1138 5718 sunt,
1165 5654 1332 5722 prima
1363 5652 1552 5721 psalmi
1589 5652 1825 5723 quadra-

1930 5560 2232 5629 compilarit
2288 5562 2848 5631 pseudo-Theodorus.
2905 5564 3099 5633 saepius
3143 5567 3498 5627 contrabeus,

1930 5651 2197 5707 interdum
2260 5654 2500 5709 nonnihil
2556 5654 2893 5721 immutans;
2952 5656 3045 5711 sed
3093 5655 3165 5711 ita
3204 5667 3403 5723 tamen,
3438 5667 3498 5714 ut

339 5829 385 5861 "
424 5829 568 5885 Psal.
606 5846 678 5887 xu.
716 5828 770 5882 Ξ.
845 5829 891 5860 ⁷⁸
933 5830 1072 5884 Ρετιῐ.
1107 5845 1254 5883 sun.
1282 5826 1373 5881 ‘26.

546 5922 812 5982 Ρηιιοι..
846 5926 887 5984 G
902 5943 960 5983 ta.
1002 5922 1238 5984 XXIX.

3172 5921 3216 5964 η
