4040 6452
505 408 659 448 σίῖκῖν

1844 381 2374 436 F‘ROLEGOMENA.

503 523 707 580 partem
737 508 1019 559 maximam
1048 518 1252 565 eorum,
1289 516 1406 568 qu'e
1434 499 1656 569 profert,
1690 515 1718 554 e
1745 501 2056 566 Chrysosto-
2087 547 2091 554 ,

2195 497 2286 562 είῳ
2317 494 2464 561 νόμῳ
2490 493 2545 544 τὸ
2573 492 2767 542 οἰκεῖον
2793 490 3000 558 θέλημα
3030 488 3429 556 συναρμόττων.
3465 504 3483 533 ι
3523 483 3736 537 Etenim

504 614 589 651 mo
610 596 674 647 ad
704 597 921 646 verbum
947 601 1215 659 sumptam
1243 604 1361 642 esse
1385 603 1539 644 nemo
1563 603 1666 641 non
1690 590 1887 641 videat.
1917 584 2069 650 Quod

501 690 543 742 si
577 685 838 754 quispiam
869 683 1032 737 libros
1071 682 1220 737 adire
1259 681 1413 746 nolit,
1460 677 1686 732 libentes
1717 676 1976 730 addemus
2015 683 2066 730 et

502 796 619 853 qua:
648 779 716 834 ab
749 791 977 847 utroque
1000 778 1257 845 scriptore
1292 775 1543 829 dicuntur
1567 773 1620 827 in
1648 771 1830 825 ultima
1877 769 2067 838 psalmi

503 874 689 937 verba,
714 885 818 938 quo
848 871 1036 925 melius
1058 868 1125 921 de
1151 865 1353 934 reliqua
1377 861 1875 933 pseudo-Theodori
1905 861 2072 914 inter-

505 965 804 1034 pretatione
837 962 1143 1018 existimare
1171 959 1357 1028 possit.
1396 953 1519 1010 Haec
1555 963 1680 1010 sunt
1709 952 1872 1022 igitur
1907 949 2072 1020 Chry-

506 1056 727 1111 sostomi
779 1054 938 1108 verba
992 1050 1044 1101 in
1093 1048 1220 1102 illud
1259 1065 1271 1100 :
1315 1045 1570 1115 Exsurge,
1596 1044 1835 1107 Domine,
1878 1041 2072 1110 adjuva

508 1166 600 1202 nos
629 1149 673 1218 τε
707 1165 720 1201 :
751 1144 910 1212 Στῆθι
960 1139 1486 1212 ἀντιλαμϐανόμενος
1533 1135 1708 1207 ἡμῶν,
1770 1134 1864 1187 καὶ
1913 1132 2071 1203 ρὖαι

507 1244 654 1311 ἡμᾶς
674 1239 758 1291 διὰ
785 1235 845 1288 τὸ
880 1234 1026 1298 ἔλεός
1055 1250 1167 1287 σου.
1201 1232 1339 1301 Ὅρα
1365 1231 1466 1283 ποῦ
1487 1229 1575 1282 τὸν
1601 1227 1757 1295 λόγον
1786 1224 2071 1279 κατέκλει-

511 1351 628 1385 σαν.
665 1330 817 1383 Μετὰ
849 1329 1011 1399 μυρία
1043 1326 1218 1380 αὐτῶν
1245 1321 1663 1394 κατορθώματα,
1702 1318 1862 1372 πόθεν
1890 1315 2073 1380 ἀξιοῦ-

511 1442 562 1477 σι
589 1421 889 1487 σώζεσθαι;
943 1419 1073 1470 Ἀπὸ
1110 1417 1308 1479 ἐλέους,
1352 1414 1458 1466 ἀπὸ
1495 1407 1967 1480 φιλανθρωπίας...
2010 1406 2075 1460 Τί

510 1516 678 1575 ἐστιν,
705 1513 944 1563 Ἕνεκεν
973 1505 1075 1559 τοῦ
1109 1506 1398 1573 ὀνόματός
1422 1517 1569 1562 σου;
1595 1501 1708 1552 Ἵνα
1735 1498 1810 1569 μὴ
1836 1497 1964 1551 αὐτὸ
1991 1497 2076 1566 βε-

510 1603 747 1676 δηλωθῇ.
789 1618 806 1650 ι
846 1598 940 1653 Sta
984 1613 1079 1652 nos
1110 1596 1417 1659 defendens,
1447 1603 1500 1646 et
1533 1592 1698 1645 libera
1729 1607 1827 1646 nos
1860 1599 2075 1660 pr0pter

514 1693 939 1749 misericordiam
989 1701 1155 1745 tuam.
1203 1689 1332 1742 Vide
1376 1685 1646 1756 quomodo
1702 1681 2077 1740 concluserunt

511 1790 830 1843 orationem.
872 1785 997 1841 Post
1037 1779 1446 1836 innumerabilia
1477 1793 1598 1849 quae
1629 1779 1694 1832 ab
1729 1777 1808 1829 eis
1843 1783 1990 1827 recte
2022 1781 2077 1826 et

2171 585 2385 637 virtutis
2421 584 2631 637 athleta:
2679 580 2917 634 laborum
2959 578 3173 648 quidem
3223 580 3425 633 fructus
3460 580 3512 632 in
3552 574 3738 628 futura

2171 675 2278 730 vita
2321 674 2735 740 reportabunt...
2777 680 2831 724 et
2861 671 3027 726 animi
3085 667 3440 724 delectatione
3471 669 3718 724 laborum

2172 767 2471 821 molestiam
2501 766 2758 820 fallunt...
2780 760 2924 817 Nihil
2958 760 3287 818 contrarium
3316 759 3746 828 divinislegibns

2172 857 2476 927 huiusmodi
2520 859 2680 912 homo
2711 855 2894 909 facere
2944 854 3107 921 volet,
3167 861 3227 906 ut
3272 850 3363 920 qui
3408 851 3601 907 divinae
3631 851 3742 921 legi

2172 965 2323 1008 suam
2351 950 2518 1018 ipsius
2549 949 2875 1004 voluntatem
2918 943 3311 999 accommodet.
3344 960 3363 992 ι
3403 938 3576 996 Verba
3613 956 3747 995 vero

2173 1039 2676 1115 pseudo-Theodori
2705 1042 2818 1093 haec
2840 1048 2968 1092 sunt
2997 1056 3010 1091 :
3048 1038 3157 1092 Καὶ
3179 1033 3287 1104 γὰρ
3322 1034 3370 1085 οἱ
3400 1033 3499 1102 τῆς
3535 1035 3747 1104 ἀρετῆς

2173 1135 2405 1204 ἀθληταὶ
2419 1135 2542 1195 τοὺς
2583 1133 2679 1202 μὲν
2707 1131 2813 1186 τῶν
2830 1129 3005 1183 πόνων
3033 1128 3277 1200 καρποὺς
3294 1125 3436 1178 κατά
3465 1125 3526 1178 τὸ
3551 1125 3746 1195 μέλλον

2173 1226 2550 1299 κομίζονται...
2592 1225 2686 1278 καὶ
2715 1221 3002 1277 κλέπτουσι
3035 1224 3100 1292 τῇ
3132 1217 3456 1288 ψυχαγωγία
3489 1215 3585 1286 τὴν
3635 1214 3750 1266 τῶν

2175 1323 2354 1376 πόνων
2400 1316 2741 1389 βαρύτητα...
2789 1314 2952 1369 Οὐδὲν
3005 1313 3114 1384 γάρ
3152 1310 3388 1366 ἐναντίον
3438 1313 3549 1372 τοῖς
3581 1307 3750 1371 θείοις

2175 1417 2360 1487 νόμοις
2401 1413 2754 1482 διενεργήσει,
2790 1409 2867 1480 τῷ
2899 1405 2992 1460 τοῦ
3032 1406 3194 1477 νόμου
3225 1401 3522 1475 βουλήματι
3549 1419 3732 1473 συναρ

2179 1508 2387 1577 μόττων
2437 1503 2497 1556 τὸ
2535 1501 2767 1570 θέλημα.
2799 1521 2815 1551 ι
2858 1496 3130 1567 Siquidem
3165 1494 3378 1548 athletae
3426 1493 3643 1547 virtutis
3691 1495 3748 1545 in

2179 1598 2354 1651 futura
2386 1596 2600 1666 quidem
2639 1593 2748 1645 vita
2787 1592 3026 1644 laborum
3084 1587 3295 1641 fructus
3351 1581 3587 1636 referent
3619 1620 3634 1634 .
3676 1619 3691 1633 .
3731 1622 3748 1636 .

2176 1699 2340 1756 atque
2367 1687 2527 1741 animi
2559 1683 2835 1738 alacritate
2876 1681 3117 1734 laborum
3149 1675 3447 1731 molestiam
3483 1670 3748 1724 fallunt...

2178 1779 2322 1833 Nihil
2346 1779 2489 1832 enim
2527 1775 2722 1829 divinis
2754 1771 2960 1842 legibus
3005 1768 3342 1825 contrarium
3386 1760 3749 1836 perpetrabit,

513 1897 578 1934 ex
619 1879 813 1934 virtute
844 1878 982 1931 facta
1014 1872 1249 1935 fuerant,
1293 1872 1558 1926 undenam
1606 1868 1830 1923 salutem
1862 1862 2073 1930 assequi

2195 1884 2301 1925 :um
2342 1866 2475 1936 legis
2499 1868 2716 1920 decreto
2745 1861 3074 1915 voluntatem
3118 1857 3488 1912 conformans.
3525 1871 3544 1903 ι
3579 1850 3754 1904 Mutat

514 1987 722 2040 teqtlum
763 1963 1020 2021 censent?
1066 1964 1110 2016 A
1152 1962 1541 2022 misericordia,
1581 1973 1612 2010 a
1645 1954 1977 2023 benignitate
2027 1960 2081 2006 et

516 2062 865 2117 clementia...
897 2056 1035 2124 Quid
1061 2064 1166 2121 est,
1200 2052 1421 2120 Propter
1455 2066 1635 2102 nomen
1670 2059 1817 2101 tuum
1839 2047 1859 2101 ?
1884 2045 1961 2101 Ne
1996 2046 2079 2114 ip-

516 2171 633 2209 sum
681 2154 1009 2222 profanetur.
1041 2168 1058 2199 ›
1101 2148 1189 2200 Sic
1237 2155 1411 2196 autem
1448 2142 1648 2196 editum
1682 2141 1985 2194 invenimus
2028 2139 2081 2192 in

518 2244 942 2298 commentario:
998 2233 1281 2306 Ἀνάστηθι
1327 2230 1856 2304 ἀντιλαμϐανόμενος
1905 2229 2081 2302 ἡμῶν,

519 2339 612 2394 καὶ
648 2337 804 2408 ῥῦσαι
835 2333 978 2404 ἡμᾶς
1005 2329 1090 2384 διὰ
1114 2329 1175 2382 τὸ
1205 2327 1348 2390 ἔλεός
1377 2342 1490 2380 σου.
1523 2327 1664 2398 Ὅρα
1686 2323 1787 2378 ποῦ
1812 2324 1901 2376 τὸν
1930 2322 2085 2391 λόγον

519 2429 879 2482 κατέκλεισεν.
919 2424 1100 2494 Ἀφεὶς
1121 2421 1228 2492 γὰρ
1253 2421 1320 2473 τὰ
1346 2418 1760 2490 κατορθώματα,
1782 2415 1888 2468 ἀπὸ
1909 2414 2087 2474 ἐλέους

519 2522 612 2572 καὶ
641 2518 1042 2587 φιλανθρωπίας
1072 2514 1208 2576 ἀξιοῖ
1235 2509 1517 2572 σώζεσθαι.
1545 2507 1691 2558 Τίδέ
1724 2507 1892 2565 ἐστιν,
1930 2504 2088 2553 Ἕνε-

520 2629 626 2666 κεν
654 2611 758 2663 τοῦ
783 2607 1070 2676 ὀνόματός
1100 2617 1251 2666 σου;
1285 2601 1404 2653 Ἵνα
1439 2598 1513 2670 μὴ
1549 2597 1698 2660 αὐτὸ,
1737 2595 1890 2665 φησὶ,
1927 2591 2086 2663 βεϐη-

523 2703 688 2774 λωθῇ.
745 2720 762 2752 ι
823 2699 1080 2766 Exsurge,
1120 2706 1406 2763 protegens
1457 2705 1590 2754 nos,
1644 2697 1698 2742 et
1757 2687 1923 2740 libera
1989 2698 2086 2738 nos

524 2808 742 2866 propter
773 2790 1197 2849 misericordiam
1225 2799 1391 2844 tuam.
1418 2784 1550 2840 Vide
1584 2778 1850 2853 quomodo
1879 2791 2088 2832 sermo-

525 2903 646 2941 nem
682 2873 955 2938 clauserit.
982 2880 1208 2933 Omissis
1232 2880 1375 2933 enim
1402 2875 1557 2931 bonis
1575 2871 1846 2943 operibus,
1872 2876 2089 2939 propter

524 2971 951 3028 misericordiam
1010 2977 1064 3021 et
1129 2967 1514 3033 benignitatem
1571 2960 1807 3031 postulat
1869 2958 2087 3014 salvari.

526 3064 662 3132 Quid
697 3075 881 3132 porro,
918 3055 1136 3126 Propter
1161 3069 1346 3108 nomen
1382 3053 1574 3106 tuum?
1602 3051 1678 3105 Ne
1708 3050 1857 3112 illud,
1895 3049 2088 3120 inquit,

527 3156 943 3211 contaminetur.
966 3169 984 3200 ι
1005 3148 1292 3218 Postquam
1315 3142 1621 3213 singillatim
1649 3142 1715 3195 de
1739 3141 1956 3209 psalmis
1985 3157 2088 3196 non

527 3246 712 3316 paucis
728 3243 1054 3311 disputatum
1081 3248 1184 3304 est,
1213 3239 1461 3292 universe
1485 3248 1629 3289 nunc
1653 3232 1826 3288 dicam
1853 3231 2092 3300 psalmos

530 3334 998 3407 quadragesimum
1027 3340 1296 3401 quartum,
1320 3325 1790 3396 quadragesimum
1816 3323 2089 3391 quintum,

530 3423 998 3495 quadragesimum
1027 3416 1749 3486 sextum,quadragesimum
1783 3413 2090 3481 septimum,

529 3515 998 3586 quadragesimum
1029 3521 1275 3568 octavum
1312 3519 1365 3564 et
1400 3507 1867 3578 quadragesimum
1894 3518 2093 3558 nonum

533 3605 854 3675 fragmentis
886 3604 1013 3658 hinc
1042 3601 1188 3657 illinc
1231 3615 1261 3655 e
1291 3598 1672 3671 Chrysostomo
1713 3597 1983 3665 excerptis
2011 3608 2097 3646 re-

534 3695 738 3752 fcrciri.
782 3694 861 3748 Ad
896 3693 997 3746 alia
1022 3690 1449 3760 properabimus,
1473 3688 1516 3744 si
1552 3687 1697 3758 prius
1732 3684 2098 3742 monuerimus

538 3792 590 3845 in
616 3785 1020 3848 commentario,
1059 3792 1200 3838 tomo
1231 3783 1505 3849 primo.‘p.
1537 3780 1660 3842 856,
1691 3779 1795 3833 dici
1846 3780 1913 3832 ab
1937 3775 2100 3832 Hele-

538 3898 602 3934 na
638 3879 976 3946 Eudociaque
1021 3884 1074 3929 et
1119 3873 1185 3926 ab
1228 3872 1345 3926 aliis
1385 3886 1568 3940 regum
1605 3871 1815 3923 filiabus
1858 3869 2102 3937 plurimis

537 3979 840 4026 canstructa
869 3967 1035 4020 fuisse
1058 3963 1398 4033 Icrosolymis
1433 3961 1625 4031 templa
1655 3958 1935 4029 magnifica
1959 3975 1970 4011 :
1995 3973 2101 4028 quo

539 4063 708 4131 magis
731 4059 898 4113 miror
928 4058 1030 4110 hoc
1059 4071 1193 4122 Opus
1221 4053 1502 4106 Theodoro
1537 4049 1864 4106 Heracleotaz
1904 4048 2100 4102 ascribi

538 4153 796 4224 potuisse.
873 4147 1004 4200 Nam
1066 4145 1294 4198 libenter
1361 4156 1696 4210 quaererem,
1758 4153 1877 4209 qua:
1942 4137 2106 4193 fuerit

539 4245 773 4301 Eudocia
797 4242 907 4304 illa,
934 4252 1052 4308 qum
1081 4235 1262 4296 multae
1300 4233 1400 4287 illze
1429 4247 1614 4302 regum
1653 4231 1793 4295 ﬁlim,
1824 4245 1941 4300 quae
1972 4239 2107 4282 tem-

542 4336 626 4406 pla
659 4343 969 4401 sumptuosa
999 4325 1267 4382 Theodori
1313 4331 1471 4377 aetate
1493 4320 1844 4390 Jerosolymis
1874 4317 2109 4373 aedifica-

543 4431 669 4483 rint.
704 4427 860 4489 Nam,
889 4433 946 4477 ut
973 4423 1184 4477 interim
1222 4419 1406 4475 sileam
1453 4417 1516 4471 de
1551 4415 1734 4468 multis
1777 4414 1882 4468 illis
1921 4428 2108 4484 regum

2182 1958 2402 2014 voculas
2439 1957 2698 2026 quasdam
2739 1950 3286 2023 pseudo—Theodorus
3309 1960 3459 2000 more
3485 1959 3620 1998 suo:
3654 1940 3754 1996 sed

2183 2067 2365 2114 nemo,
2398 2049 2612 2118 opinor,
2643 2047 2744 2100 nisi
2778 2045 2962 2099 volens
2986 2041 3225 2103 falletur,
3257 2055 3375 2092 cum
3408 2038 3754 2107 persp‘cuum

2184 2142 2250 2199 sit
2284 2140 2397 2194 haec
2422 2152 2526 2191 non
2559 2135 2772 2189 aliunde
2796 2148 2956 2200 quam
2985 2147 3016 2184 e
3043 2126 3367 2183 Theodoreti
3415 2133 3756 2179 commenta-

2186 2234 2282 2289 riis
2309 2239 2518 2299 sumpta
2547 2242 2687 2284 esse.
2720 2224 2910 2280 Sciens
2956 2231 3217 2291 praetereo
3255 2217 3433 2286 aliqua
3465 2229 3529 2268 ex
3569 2211 3756 2281 expla-

2185 2326 2404 2379 natione
2426 2319 2646 2376 sccundi
2679 2316 2890 2387 psalmi,
2941 2324 2994 2369 et
3026 2313 3275 2381 deinceps
3308 2307 3598 2380 praeteribo
3634 2323 3759 2376 quae

2188 2414 2489 2483 aquolibet
2546 2413 2598 2466 in
2649 2408 3094 2478 interpretatione
3149 2405 3375 2459 aliorum
3423 2401 3760 2470 psalmorum

2185 2505 2285 2573 legi
2322 2512 2582 2573 possunt;
2624 2515 2796 2570 neque
2821 2500 2962 2554 enim
2991 2498 3114 2551 mihi
3153 2494 3480 2565 propositum
3499 2501 3580 2544 est
3616 2489 3761 2558 (quis

2185 2596 2328 2648 enim
2357 2591 2612 2662 possit?)
2653 2592 2834 2645 omnia
2883 2590 3162 2642 adnotare.
3200 2583 3416 2637 Interim
3456 2592 3657 2641 tamen,
3700 2588 3759 2632 ut

2186 2685 2322 2738 alios
2368 2680 2680 2736 dilﬁcultate
2719 2679 2996 2749 quaerendi
3051 2677 3376 2736 eximamus,
3433 2670 3689 2725 nonnulla
3731 2685 3763 2724 e

2187 2776 2349 2831 tertio
2395 2774 2604 2844 psalmo
2645 2772 3003 2826 ascribemus.
3047 2764 3377 2820 Theodoreti
3427 2763 3591 2833 igitur
3645 2762 3764 2816 hzec

2187 2874 2316 2923 sunt
2371 2865 2424 2918 in
2487 2861 2574 2916 illa
2599 2899 2614 2925 ,
2672 2857 2804 2912 Voce
2846 2873 2958 2910 mea
2994 2857 3062 2909 ad
3098 2855 3378 2908 Dominum
3411 2854 3631 2906 clamavi
3662 2852 3708 2884 ⁷⁷
3745 2867 3761 2903 :

2187 2959 2261 3014 Τὸ
2287 2957 2364 3020 δὲ,
2390 2951 2730 3022 Εὶσήκουσέ
2754 2968 2871 3021 μου
2895 2948 2963 3014 ἐξ
2995 2948 3172 3017 ὅρους
3195 2947 3365 3016 ἁγίου
3392 2943 3597 3006 αὐτοῦ,
3620 2941 3764 2996 κατά

2189 3053 2286 3124 τὴν
2311 3051 2477 3106 πάλαι
2499 3047 2833 3117 κατέχουσαν
2857 3043 3070 3114 εἴρηται
3089 3040 3264 3104 δόξαν.
3327 3037 3619 3107 Ενομίζετο
3655 3032 3767 3102 γὰρ

2191 3148 2249 3199 ὲν
2284 3149 2350 3218 τῇ
2387 3146 2558 3215 σκηνῇ
2583 3141 2854 3195 κατοικεῖν
2882 3139 2909 3188 ὁ
2940 3134 3048 3187 τῶν
3087 3133 3221 3185 ὅλων
3254 3131 3404 3192 Θεὸς,
3441 3127 3628 3196 ἐπειδὴ
3671 3127 3764 3180 καὶ

2195 3238 2321 3298 τοὺς
2352 3234 2631 3305 χρησμοὺς
2653 3230 2856 3284 ἐκεῖθεν
2878 3228 2988 3288 τοῖς
3016 3223 3250 3295 ἱερεῦσιν
3291 3220 3480 3274 ἐδίδου.
3515 3219 3579 3272 Ει
3607 3219 3769 3287 paulo

2197 3335 2318 3394 post
2345 3327 2643 3390 explanans
2674 3324 2824 3384 illud,
2851 3320 2960 3391 Ego
2991 3317 3210 3372 dormivi
3240 3315 3308 3374 ⁷⁸,
3331 3325 3461 3376 etc.,
3489 3313 3567 3367 sic
3594 3313 3761 3380 loqui-

2199 3425 2288 3471 tur
2315 3433 2329 3469 :
2367 3414 2581 3482 Ἐπειδὴ
2609 3414 2683 3476 ὼς
2717 3416 2774 3465 ὲν
2806 3414 2984 3466 σκότει
3016 3410 3222 3477 διάγειν
3243 3405 3551 3477 νομίζουσιν
3580 3406 3628 3457 οἱ
3657 3405 3771 3467 τοῖς

2199 3510 2336 3578 ἄγαν
2356 3507 2596 3576 ἀνιαροῖς
2617 3505 3125 3573 περιπίπτοντες....
3153 3499 3403 3568 σημαίνει
3427 3497 3603 3548 τοίνυν
3626 3497 3772 3549 κατὰ

2201 3596 2396 3651 ταυτὸν
2455 3594 2554 3656 τὰς
2599 3592 2804 3660 θλίψεις
2867 3589 2961 3642 καὶ
3020 3587 3117 3657 τὴν
3171 3585 3372 3638 τούτων
3428 3584 3771 3652 ἀπαλλαγήν.

2209 3706 2229 3740 ι
2265 3686 2377 3742 Hoc
2404 3694 2602 3748 autem,
2633 3681 2919 3736 Exaudit'it
2958 3695 3039 3733 me
3067 3680 3129 3732 de
3167 3685 3343 3728 monte
3364 3685 3546 3728 sancto
3577 3691 3674 3727 suo
3702 3675 3772 3738 ’⁸,

2205 3778 2406 3833 dictum
2437 3785 2519 3831 est
2547 3784 2766 3844 propter
2799 3770 3132 3841 Opinionem,
3179 3781 3301 3836 qua:
3331 3767 3458 3820 olim
3512 3765 3773 3819 obtinuit.

2212 3867 2643 3924 Existimabatur
2670 3865 2815 3919 enim
2858 3863 3229 3918 universorum
3273 3861 3411 3914 Deus
3434 3859 3484 3912 in
3513 3859 3774 3910 taberna-

2207 3960 2330 4015 culo
2352 3959 2618 4022 habitare,
2651 3957 2904 4025 quoniam
2942 3964 2998 4008 et
3025 3955 3244 4008 oracula
3284 3951 3432 4004 illinc
3468 3948 3776 4002 sacerdoti-

2208 4052 2308 4108 bus
2347 4053 2634 4120 pandebat.
2669 4089 2683 4101 .
2717 4089 2730 4102 .
2779 4049 2917 4115 Quia
2965 4046 3108 4099 velut
3133 4047 3183 4098 in
3219 4043 3457 4097 tenebris
3488 4043 3671 4096 vivere
3716 4057 3777 4096 se

2208 4143 2525 4199 existimant
2554 4141 2651 4205 illi,
2709 4140 2799 4208 qui
2830 4140 2880 4192 in
2914 4151 3000 4192 res
3028 4136 3312 4189 admodum
3349 4135 3534 4188 tristes
3587 4135 3781 4187 incur-

2209 4242 2409 4291 runt...
2444 4231 2557 4288 Una
2595 4231 2758 4300 igitur
2785 4231 3117 4284 demonstrat
3146 4223 3463 4279 alnictioues
3488 4233 3540 4278 et
3568 4224 3638 4276 ab
3671 4224 3778 4276 illis

2212 4325 2606 4381 liberationem.
2640 4340 2658 4374 ι
2690 4320 2862 4376 Verba
2895 4316 3391 4389 pseudo-Theodori
3431 4317 3540 4384 jam
3571 4315 3779 4367 exscri-

2216 4418 2425 4480 bamus,
2471 4431 2587 4483 qua:
2639 4423 2764 4469 sunt
2812 4408 3217 4478 ejusmodisz
3266 4407 3380 4471 καὶ,
3445 4405 3781 4469 Ἐπήκουσέ

546 4524 774 4585 filiabus,
809 4534 917 4574 non
942 4517 1074 4571 satis
1105 4515 1342 4584 intelligo
1371 4526 1477 4581 qua
1507 4510 1572 4565 de
1596 4507 1835 4564 Eudocia
1873 4507 1960 4561 hic
1995 4522 2091 4561 seri

2211 4525 2328 4576 μου
2354 4505 2421 4570 ἐξ
2447 4504 2642 4573 ὄρους,
2678 4501 2818 4555 κατά
2853 4500 2951 4570 τὴν
3002 4498 3167 4552 πάλαι
3201 4499 3533 4568 κατέχουσαν
3563 4496 3780 4564 εἴρηται

547 4628 634 4666 mo
666 4612 943 4665 habeatur.

643 4702 732 4756 48.
801 4701 878 4755 Ex
938 4699 1003 4754 iis
1049 4711 1167 4767 quae
1231 4693 1512 4749 retulimus
1579 4689 1737 4745 facile
1794 4687 2108 4756 intelligitur

544 4794 994 4848 commentarium
1057 4787 1148 4858 qui
1197 4785 1413 4841 nomine
1464 4781 1730 4838 Theodori
1780 4779 2109 4833 Heracleotze

547 4881 942 4945 circumfertur,
970 4880 1085 4946 ejus
1109 4893 1210 4931 non
1240 4891 1380 4940 esse,
1418 4889 1518 4928 nec
1539 4873 1587 4928 ei
1615 4872 1773 4927 tribui
1808 4870 1916 4926 ullo
1950 4870 2110 4924 modo

549 4986 726 5042 posse.
752 4971 998 5023 Attamen
1036 4982 1103 5020 ne
1129 4965 1495 5019 Theodoretns
1529 4960 1835 5033 asymbolus
1876 4974 1997 5014 esse
2036 4957 2116 5010 vi-

551 5068 757 5130 deatur,
795 5059 1042 5114 nonnulla
1088 5074 1154 5111 ex
1195 5073 1260 5111 eo
1303 5054 1504 5109 addere
1554 5055 1703 5108 libet.
1748 5051 2118 5106 Theodoretus

553 5162 716 5228 igitur
742 5157 830 5211 illa
861 5154 1014 5226 primi
1047 5150 1236 5221 psalmi
1281 5150 1467 5210 verba,
1495 5166 1513 5198 ε
1546 5147 1610 5200 Et
1641 5146 1827 5199 folium
1855 5143 1971 5212 ejus
2012 5157 2114 5196 non

550 5248 747 5302 deﬂuet
769 5246 838 5309 ⁷⁸,
882 5263 899 5294 ι
943 5252 1072 5306 etc.,
1104 5246 1484 5306 Interpretatur
1514 5235 1616 5288 hoc
1643 5236 1799 5287 modo
1835 5247 1848 5283 :
1877 5231 1984 5283 Καὶ
2010 5230 2118 5300 γὰρ

548 5345 598 5394 οἱ
631 5340 732 5409 τῆς
759 5337 958 5408 ἀρετῆς
995 5330 1222 5402 ἀθληταὶ
1246 5329 1353 5381 τῶν
1383 5327 1480 5398 μὲν
1515 5325 1692 5377 πόνων
1717 5324 1857 5377 κατά
1878 5323 1970 5375 τὸν
1997 5321 2122 5392 μέλ-

550 5435 705 5486 λοντα
739 5430 852 5499 βίον
879 5426 1192 5496 κομίσονται
1219 5422 1342 5483 τοὺς
1370 5419 1680 5488 καρποὺς...
1712 5416 1806 5469 καὶ
1840 5414 2036 5467 συλῶσι
2054 5414 2119 5484 τῇ

549 5521 876 5594 ψυχαγωγία
897 5519 996 5588 τὴν
1017 5515 1122 5568 τῶν
1143 5515 1314 5566 πόνων
1335 5509 1676 5581 βαρύτητα...
1706 5507 1870 5560 Οὐδὲν
1888 5506 2123 5560 ἐναντίον

551 5619 663 5678 τοῖς
693 5613 855 5674 θείοις
878 5609 1060 5670 νόμοις
1082 5608 1173 5674 ὅγε
1195 5603 1431 5666 τοιοῦτος
1453 5601 1645 5674 δρᾶσαι
1681 5598 2017 5669 βουλήσεται.
2044 5594 2122 5666 τῷ

629 5799 674 5830 τδ
716 5795 853 5852 Psal.
893 5808 1042 5853 xLItt,
1078 5789 1164 5842 ΞΒ.
1243 5789 1286 5818 ⁷³
1328 5786 1464 5842 Psil.
1494 5801 1537 5851 ι,
1567 5785 1620 5840 5.
1697 5786 1739 5815 ⁷⁷
1766 5783 1902 5837 Psal.
1942 5799 2019 5846 ιιι,
2051 5782 2100 5835 5.

2179 5780 2226 5812 ⁷⁸
2264 5779 2390 5834 ibid.
2433 5780 2486 5833 ti.

2214 4599 2389 4664 δόξαν.
2421 4596 2724 4668 Ἐνομίζετο
2750 4595 2856 4664 γὰρ
2881 4595 2936 4645 ἐν
2957 4595 3022 4662 τῇ
3054 4594 3228 4663 σκηνῇ
3262 4591 3555 4651 κατοικεῖν,
3591 4586 3779 4657 ἐπειδὴ

2213 4689 2420 4743 ἐκεῖθεν
2457 4690 2549 4741 καὶ
2578 4687 2624 4740 oi
2655 4685 2890 4756 χρησμοὶ
2920 4686 3032 4747 τοῖς
3065 4682 3297 4751 ἱερεῦσιν
3325 4681 3572 4734 ἐδίδοντο.
3598 4719 3614 4734 .
3639 4719 3654 4733 .
3693 4681 3782 4743 Ὡς

2214 4780 2322 4852 γάρ
2351 4782 2408 4833 ὲν
2438 4779 2610 4848 σκότῳ
2639 4777 2734 4830 καὶ
2774 4776 2925 4846 ὕπνῳ
2971 4775 3174 4843 διάγειν
3205 4772 3509 4842 νομίζουσιν
3539 4773 3589 4824 οι
3627 4772 3784 4841 ἀνια-

2219 4873 2332 4942 ροῖς
2362 4871 2801 4941 περιπίπτοντες,
2841 4866 2982 4922 κατὰ
3023 4866 3219 4921 ταυτὸν
3259 4860 3352 4917 οὖν
3394 4864 3650 4935 σημαίνει
3690 4865 3787 4917 καὶ

2214 4962 2311 5026 τὰς
2369 4963 2600 5032 θλίψεις,
2642 4961 2735 5014 καὶ
2792 4960 2891 5031 τὴν
2946 4959 3152 5012 τούτων
3211 4956 3553 5027 ἀπαλλαγήν.
3591 4975 3609 5007 ι
3652 4956 3784 5010 Illud

2217 5064 2418 5118 autem,
2454 5051 2734 5107 Exaudivit
2779 5067 2858 5105 me
2888 5052 2951 5104 de
3003 5057 3198 5114 monte,
3254 5049 3454 5101 dictum
3511 5056 3596 5101 est
3629 5047 3784 5114 juxta

2216 5157 2480 5212 veterem,
2499 5159 2616 5213 qua:
2640 5155 2766 5198 tunc
2795 5142 3095 5204 obtinebat,
3125 5140 3455 5210 opinionem.
3486 5138 3784 5191 Putabatur

2216 5234 2360 5288 enim
2397 5234 2451 5288 in
2482 5232 2830 5289 tabernaculo
2884 5231 3152 5296 habitare,
3187 5230 3442 5298 quoniam
3476 5228 3548 5281 ibi
3597 5239 3783 5280 sacer-

2219 5325 2434 5380 dotibus
2466 5339 2678 5394 quoque
2720 5323 2935 5377 oracula
2981 5321 3315 5377 dabantur...
3363 5319 3514 5373 Sicut
3545 5317 3692 5370 enim
3733 5318 3786 5372 in

2222 5415 2462 5472 tenebris
2483 5427 2538 5470 et
2568 5429 2761 5470 somno
2793 5413 2998 5468 versari
3046 5427 3107 5467 se
3150 5411 3463 5466 existimant
3502 5406 3595 5475 qui
3626 5406 3790 5460 iures

2223 5508 2404 5562 tristes
2443 5507 2701 5569 incidunt,
2731 5506 2810 5560 sic
2839 5507 3001 5560 etiam
3027 5519 3056 5557 a
3083 5502 3242 5558 simili
3269 5501 3498 5570 explicat
3537 5497 3789 5553 aﬂlictio-

2223 5612 2339 5662 nes,
2395 5609 2449 5652 et
2483 5600 2672 5653 harum
2719 5597 3111 5652 liberationem.
3149 5612 3170 5649 ι
3199 5593 3305 5649 Sed
3348 5604 3405 5648 et
3432 5591 3575 5647 aliud
3603 5604 3794 5646 exem-

2584 5778 2628 5809 τ’
2660 5777 2789 5831 ibid.
2827 5775 2882 5830 5.
