  <div class='ocr_page' id='page_1' title='image "/cluster/home/n/w/nwhite01/storage/ocr_20150623/29/ien.35556001660547/227.png"; bbox 0 0 4040 6478; ppageno 0'>
   <div class='ocr_carea' id='block_1_1' title="bbox 1385 421 2442 480">
    <p class='ocr_par' dir='ltr' id='par_1_1' title="bbox 1385 421 2442 480">
     <span class='ocr_line' id='line_1_1' title="bbox 1385 421 2442 480; baseline -0.002 0"><span class='ocrx_word' id='word_1_1' title='bbox 1385 426 1447 479; x_wconf 85' lang='grc' dir='ltr'><strong>ι).</strong></span> <span class='ocrx_word' id='word_1_2' title='bbox 1484 424 1624 480; x_wconf 79' lang='lat' dir='ltr'><strong>JUL.</strong></span> <span class='ocrx_word' id='word_1_3' title='bbox 1673 422 1998 479; x_wconf 76' lang='lat' dir='ltr'><strong>GARNEBII</strong></span> <span class='ocrx_word' id='word_1_4' title='bbox 2050 421 2442 478; x_wconf 63' lang='lat' dir='ltr'><strong>PREFATIO.</strong></span> 
     </span>
    </p>
   </div>
   <div class='ocr_carea' id='block_1_2' title="bbox 3379 435 3513 476">
    <p class='ocr_par' dir='ltr' id='par_1_2' title="bbox 3379 435 3513 476">
     <span class='ocr_line' id='line_1_2' title="bbox 3379 435 3513 476; baseline 0 0"><span class='ocrx_word' id='word_1_5' title='bbox 3379 435 3513 476; x_wconf 70' lang='grc' dir='ltr'><strong>εεκν</strong></span> 
     </span>
    </p>
   </div>
   <div class='ocr_carea' id='block_1_3' title="bbox 277 538 3508 615">
    <p class='ocr_par' dir='ltr' id='par_1_3' title="bbox 277 538 3508 615">
     <span class='ocr_line' id='line_1_3' title="bbox 277 538 3508 615; baseline -0.001 -20"><span class='ocrx_word' id='word_1_6' title='bbox 277 542 421 608; x_wconf 84' lang='lat' dir='ltr'><strong>plum</strong></span> <span class='ocrx_word' id='word_1_7' title='bbox 449 542 765 614; x_wconf 85' lang='lat' dir='ltr'><strong>adjiciamus</strong></span> <span class='ocrx_word' id='word_1_8' title='bbox 788 561 817 600; x_wconf 90' lang='lat' dir='ltr'><strong>e</strong></span> <span class='ocrx_word' id='word_1_9' title='bbox 850 546 1056 613; x_wconf 89' lang='lat' dir='ltr'><strong>psalmo</strong></span> <span class='ocrx_word' id='word_1_10' title='bbox 1072 557 1246 609; x_wconf 78' lang='lat' dir='ltr'><strong>sexto,</strong></span> <span class='ocrx_word' id='word_1_11' title='bbox 1278 546 1591 615; x_wconf 79' lang='lat' dir='ltr'><strong>priusquam</strong></span> <span class='ocrx_word' id='word_1_12' title='bbox 1623 560 1651 597; x_wconf 88' lang='lat' dir='ltr'><strong>a</strong></span> <span class='ocrx_word' id='word_1_13' title='bbox 1672 544 1848 599; x_wconf 85' lang='lat' dir='ltr'><strong>Theo-</strong></span> <span class='ocrx_word' id='word_1_14' title='bbox 1876 554 1922 606; x_wconf 75' lang='grc' dir='ltr'><strong>Α</strong></span> <span class='ocrx_word' id='word_1_15' title='bbox 1952 545 2119 613; x_wconf 84' lang='lat' dir='ltr'><strong>quod,</strong></span> <span class='ocrx_word' id='word_1_16' title='bbox 2154 555 2207 598; x_wconf 82' lang='grc' dir='ltr'><strong>ιιι</strong></span> <span class='ocrx_word' id='word_1_17' title='bbox 2237 544 2366 607; x_wconf 77' lang='lat' dir='ltr'><strong>dixi,</strong></span> <span class='ocrx_word' id='word_1_18' title='bbox 2424 543 2600 613; x_wconf 90' lang='lat' dir='ltr'><strong>plura,</strong></span> <span class='ocrx_word' id='word_1_19' title='bbox 2640 556 2801 611; x_wconf 90' lang='lat' dir='ltr'><strong>quam</strong></span> <span class='ocrx_word' id='word_1_20' title='bbox 2836 555 2965 607; x_wconf 85' lang='lat' dir='ltr'><strong>opus</strong></span> <span class='ocrx_word' id='word_1_21' title='bbox 2998 548 3134 603; x_wconf 85' lang='lat' dir='ltr'><strong>eral,</strong></span> <span class='ocrx_word' id='word_1_22' title='bbox 3185 538 3295 603; x_wconf 86' lang='lat' dir='ltr'><strong>jam</strong></span> <span class='ocrx_word' id='word_1_23' title='bbox 3343 541 3508 594; x_wconf 83' lang='lat' dir='ltr'><strong>relata</strong></span> 
     </span>
    </p>
   </div>
   <div class='ocr_carea' id='block_1_4' title="bbox 277 633 1849 707">
    <p class='ocr_par' dir='ltr' id='par_1_4' title="bbox 277 633 1849 707">
     <span class='ocr_line' id='line_1_4' title="bbox 277 633 1849 707; baseline 0.001 -24"><span class='ocrx_word' id='word_1_24' title='bbox 277 634 468 706; x_wconf 68' lang='lat' dir='ltr'><strong>donato</strong></span> <span class='ocrx_word' id='word_1_25' title='bbox 525 634 836 689; x_wconf 84' lang='lat' dir='ltr'><strong>avellamur.</strong></span> <span class='ocrx_word' id='word_1_26' title='bbox 895 638 1060 707; x_wconf 91' lang='lat' dir='ltr'><strong>Igitur</strong></span> <span class='ocrx_word' id='word_1_27' title='bbox 1135 636 1212 689; x_wconf 90' lang='lat' dir='ltr'><strong>sic</strong></span> <span class='ocrx_word' id='word_1_28' title='bbox 1291 636 1677 703; x_wconf 67' lang='lat' dir='ltr'><strong>interpretatur</strong></span> <span class='ocrx_word' id='word_1_29' title='bbox 1739 633 1849 696; x_wconf 86' lang='lat' dir='ltr'><strong>illa,</strong></span> 
     </span>
    </p>
   </div>
   <div class='ocr_carea' id='block_1_5' title="bbox 282 722 1847 796">
    <p class='ocr_par' dir='ltr' id='par_1_5' title="bbox 282 722 1847 796">
     <span class='ocr_line' id='line_1_5' title="bbox 282 722 1847 796; baseline 0.002 -23"><span class='ocrx_word' id='word_1_30' title='bbox 282 722 525 786; x_wconf 79' lang='lat' dir='ltr'><strong>Domine,</strong></span> <span class='ocrx_word' id='word_1_31' title='bbox 561 741 624 777; x_wconf 87' lang='lat' dir='ltr'><strong>ne</strong></span> <span class='ocrx_word' id='word_1_32' title='bbox 672 727 726 777; x_wconf 84' lang='lat' dir='ltr'><strong>in</strong></span> <span class='ocrx_word' id='word_1_33' title='bbox 778 726 958 795; x_wconf 81' lang='lat' dir='ltr'><strong>furore</strong></span> <span class='ocrx_word' id='word_1_34' title='bbox 1007 738 1095 779; x_wconf 82' lang='lat' dir='ltr'><strong>tuo</strong></span> <span class='ocrx_word' id='word_1_35' title='bbox 1121 727 1189 791; x_wconf 74' lang='lat'><strong>&#39;°,</strong></span> <span class='ocrx_word' id='word_1_36' title='bbox 1221 737 1324 780; x_wconf 84' lang='lat' dir='ltr'><strong>etc.</strong></span> <span class='ocrx_word' id='word_1_37' title='bbox 1357 744 1371 781; x_wconf 90' lang='lat'><strong>:</strong></span> <span class='ocrx_word' id='word_1_38' title='bbox 1429 726 1720 796; x_wconf 81' lang='grc' dir='ltr'><strong>Πατρικῶς</strong></span> <span class='ocrx_word' id='word_1_39' title='bbox 1758 742 1847 796; x_wconf 84' lang='grc' dir='ltr'><strong>με,</strong></span> 
     </span>
    </p>
   </div>
   <div class='ocr_carea' id='block_1_6' title="bbox 277 814 1851 887">
    <p class='ocr_par' dir='ltr' id='par_1_6' title="bbox 277 814 1851 887">
     <span class='ocr_line' id='line_1_6' title="bbox 277 814 1851 887; baseline 0.002 -24"><span class='ocrx_word' id='word_1_40' title='bbox 277 814 433 883; x_wconf 73' lang='grc' dir='ltr'><strong>φησὶ,</strong></span> <span class='ocrx_word' id='word_1_41' title='bbox 461 814 770 879; x_wconf 79' lang='grc' dir='ltr'><strong>παίδευσον,</strong></span> <span class='ocrx_word' id='word_1_42' title='bbox 800 818 878 887; x_wconf 80' lang='grc' dir='ltr'><strong>μὴ</strong></span> <span class='ocrx_word' id='word_1_43' title='bbox 901 817 1227 880; x_wconf 78' lang='grc' dir='ltr'><strong>δικαστικῶς</strong></span> <span class='ocrx_word' id='word_1_44' title='bbox 1249 833 1263 846; x_wconf 87' lang='grc'><strong>·</strong></span> <span class='ocrx_word' id='word_1_45' title='bbox 1305 817 1584 887; x_wconf 81' lang='grc' dir='ltr'><strong>ἰατρικῶς,</strong></span> <span class='ocrx_word' id='word_1_46' title='bbox 1639 817 1713 886; x_wconf 85' lang='grc' dir='ltr'><strong>μὴ</strong></span> <span class='ocrx_word' id='word_1_47' title='bbox 1761 832 1851 866; x_wconf 77' lang='grc' dir='ltr'><strong>κο-</strong></span> 
     </span>
    </p>
   </div>
   <div class='ocr_carea' id='block_1_7' title="bbox 277 902 1847 976">
    <p class='ocr_par' dir='ltr' id='par_1_7' title="bbox 277 902 1847 976">
     <span class='ocr_line' id='line_1_7' title="bbox 277 902 1847 976; baseline 0.002 -24"><span class='ocrx_word' id='word_1_48' title='bbox 277 902 581 965; x_wconf 73' lang='grc' dir='ltr'><strong>λαστικῶς·</strong></span> <span class='ocrx_word' id='word_1_49' title='bbox 615 903 688 973; x_wconf 84' lang='grc' dir='ltr'><strong>μὴ</strong></span> <span class='ocrx_word' id='word_1_50' title='bbox 718 906 993 976; x_wconf 79' lang='grc' dir='ltr'><strong>μετρήσῃς</strong></span> <span class='ocrx_word' id='word_1_51' title='bbox 1028 908 1091 976; x_wconf 82' lang='grc' dir='ltr'><strong>τῇ</strong></span> <span class='ocrx_word' id='word_1_52' title='bbox 1129 907 1372 976; x_wconf 67' lang='grc' dir='ltr'><strong>ἁμαρτία</strong></span> <span class='ocrx_word' id='word_1_53' title='bbox 1411 907 1510 975; x_wconf 86' lang='grc' dir='ltr'><strong>τὴν</strong></span> <span class='ocrx_word' id='word_1_54' title='bbox 1557 904 1847 975; x_wconf 75' lang='grc' dir='ltr'><strong>τιμωρίαν,</strong></span> 
     </span>
    </p>
   </div>
   <div class='ocr_carea' id='block_1_8' title="bbox 276 995 1851 1068">
    <p class='ocr_par' dir='ltr' id='par_1_8' title="bbox 276 995 1851 1068">
     <span class='ocr_line' id='line_1_8' title="bbox 276 995 1851 1068; baseline 0.002 -23"><span class='ocrx_word' id='word_1_55' title='bbox 276 995 413 1046; x_wconf 70' lang='grc' dir='ltr'><strong>ἀλλὰ</strong></span> <span class='ocrx_word' id='word_1_56' title='bbox 442 998 508 1065; x_wconf 84' lang='grc' dir='ltr'><strong>τῇ</strong></span> <span class='ocrx_word' id='word_1_57' title='bbox 531 995 908 1066; x_wconf 61' lang='grc' dir='ltr'><strong>φιλανθρωπίᾳ</strong></span> <span class='ocrx_word' id='word_1_58' title='bbox 946 996 1006 1049; x_wconf 73' lang='grc' dir='ltr'><strong>τὸ</strong></span> <span class='ocrx_word' id='word_1_59' title='bbox 1030 997 1236 1050; x_wconf 82' lang='grc' dir='ltr'><strong>δίκαιον</strong></span> <span class='ocrx_word' id='word_1_60' title='bbox 1272 998 1521 1068; x_wconf 67' lang='grc' dir='ltr'><strong>κέρασπον.</strong></span> <span class='ocrx_word' id='word_1_61' title='bbox 1567 996 1851 1063; x_wconf 72' lang='grc' dir='ltr'><strong>Ἐλέησόν</strong></span> 
     </span>
    </p>
   </div>
   <div class='ocr_carea' id='block_1_9' title="bbox 271 1086 1851 1160">
    <p class='ocr_par' dir='ltr' id='par_1_9' title="bbox 271 1086 1851 1160">
     <span class='ocr_line' id='line_1_9' title="bbox 271 1086 1851 1160; baseline 0.003 -21"><span class='ocrx_word' id='word_1_62' title='bbox 271 1104 370 1155; x_wconf 77' lang='grc' dir='ltr'><strong>με,</strong></span> <span class='ocrx_word' id='word_1_63' title='bbox 387 1088 582 1156; x_wconf 77' lang='grc' dir='ltr'><strong>Κύριε,</strong></span> <span class='ocrx_word' id='word_1_64' title='bbox 606 1088 691 1141; x_wconf 85' lang='grc' dir='ltr'><strong>ὅτι</strong></span> <span class='ocrx_word' id='word_1_65' title='bbox 710 1086 975 1156; x_wconf 77' lang='grc' dir='ltr'><strong>ἀσθενής</strong></span> <span class='ocrx_word' id='word_1_66' title='bbox 993 1090 1129 1157; x_wconf 77' lang='grc' dir='ltr'><strong>ειμι.</strong></span> <span class='ocrx_word' id='word_1_67' title='bbox 1161 1089 1526 1160; x_wconf 80' lang='grc' dir='ltr'><strong>’Δρμόττουσα</strong></span> <span class='ocrx_word' id='word_1_68' title='bbox 1549 1092 1660 1151; x_wconf 85' lang='grc' dir='ltr'><strong>τοῖς</strong></span> <span class='ocrx_word' id='word_1_69' title='bbox 1680 1090 1851 1160; x_wconf 83' lang='grc' dir='ltr'><strong>ἡμαρ-</strong></span> 
     </span>
    </p>
   </div>
   <div class='ocr_carea' id='block_1_10' title="bbox 280 1176 1848 1251">
    <p class='ocr_par' dir='ltr' id='par_1_10' title="bbox 280 1176 1848 1251">
     <span class='ocr_line' id='line_1_10' title="bbox 280 1176 1848 1251; baseline 0.003 -23"><span class='ocrx_word' id='word_1_70' title='bbox 280 1176 502 1247; x_wconf 79' lang='grc' dir='ltr'><strong>τηκόσιν</strong></span> <span class='ocrx_word' id='word_1_71' title='bbox 528 1178 560 1246; x_wconf 84' lang='grc' dir='ltr'><strong>ἡ</strong></span> <span class='ocrx_word' id='word_1_72' title='bbox 596 1177 815 1246; x_wconf 83' lang='grc' dir='ltr'><strong>τοιαύτη</strong></span> <span class='ocrx_word' id='word_1_73' title='bbox 837 1179 1007 1248; x_wconf 81' lang='grc' dir='ltr'><strong>φωνὴ.</strong></span> <span class='ocrx_word' id='word_1_74' title='bbox 1062 1178 1355 1242; x_wconf 78' lang='grc' dir='ltr'><strong>Δσθενείας</strong></span> <span class='ocrx_word' id='word_1_75' title='bbox 1388 1179 1495 1249; x_wconf 79' lang='grc' dir='ltr'><strong>γὰρ</strong></span> <span class='ocrx_word' id='word_1_76' title='bbox 1520 1180 1848 1251; x_wconf 80' lang='grc' dir='ltr'><strong>ἡγουμένης,</strong></span> 
     </span>
    </p>
   </div>
   <div class='ocr_carea' id='block_1_11' title="bbox 277 1267 1853 1341">
    <p class='ocr_par' dir='ltr' id='par_1_11' title="bbox 277 1267 1853 1341">
     <span class='ocr_line' id='line_1_11' title="bbox 277 1267 1853 1341; baseline 0.006 -24"><span class='ocrx_word' id='word_1_77' title='bbox 277 1276 386 1320; x_wconf 73' lang='grc' dir='ltr'><strong>«ιιε.</strong></span> <span class='ocrx_word' id='word_1_78' title='bbox 422 1287 441 1317; x_wconf 78' lang='lat' dir='ltr'><strong>t</strong></span> <span class='ocrx_word' id='word_1_79' title='bbox 489 1267 720 1321; x_wconf 79' lang='lat' dir='ltr'><strong>Paterne</strong></span> <span class='ocrx_word' id='word_1_80' title='bbox 778 1283 880 1330; x_wconf 77' lang='lat' dir='ltr'><strong>nte,</strong></span> <span class='ocrx_word' id='word_1_81' title='bbox 924 1269 1116 1337; x_wconf 78' lang='lat' dir='ltr'><strong>inquit,</strong></span> <span class='ocrx_word' id='word_1_82' title='bbox 1168 1270 1449 1337; x_wconf 81' lang='lat' dir='ltr'><strong>corripias,</strong></span> <span class='ocrx_word' id='word_1_83' title='bbox 1498 1286 1612 1327; x_wconf 81' lang='lat' dir='ltr'><strong>non</strong></span> <span class='ocrx_word' id='word_1_84' title='bbox 1650 1271 1853 1341; x_wconf 76' lang='lat' dir='ltr'><strong>judicia</strong></span> 
     </span>
    </p>
   </div>
   <div class='ocr_carea' id='block_1_12' title="bbox 282 1360 1850 1423">
    <p class='ocr_par' dir='ltr' id='par_1_12' title="bbox 282 1360 1850 1423">
     <span class='ocr_line' id='line_1_12' title="bbox 282 1360 1850 1423; baseline 0.004 -14"><span class='ocrx_word' id='word_1_85' title='bbox 282 1361 428 1423; x_wconf 87' lang='lat' dir='ltr'><strong>ritu;</strong></span> <span class='ocrx_word' id='word_1_86' title='bbox 462 1360 655 1413; x_wconf 88' lang='lat' dir='ltr'><strong>medici</strong></span> <span class='ocrx_word' id='word_1_87' title='bbox 690 1373 857 1423; x_wconf 90' lang='lat' dir='ltr'><strong>more,</strong></span> <span class='ocrx_word' id='word_1_88' title='bbox 888 1376 993 1414; x_wconf 92' lang='lat' dir='ltr'><strong>non</strong></span> <span class='ocrx_word' id='word_1_89' title='bbox 1040 1361 1294 1423; x_wconf 88' lang='lat' dir='ltr'><strong>tortoris;</strong></span> <span class='ocrx_word' id='word_1_90' title='bbox 1341 1376 1410 1415; x_wconf 91' lang='lat' dir='ltr'><strong>ne</strong></span> <span class='ocrx_word' id='word_1_91' title='bbox 1449 1361 1692 1416; x_wconf 73' lang='lat' dir='ltr'><strong>metiaris</strong></span> <span class='ocrx_word' id='word_1_92' title='bbox 1730 1362 1850 1417; x_wconf 87' lang='lat' dir='ltr'><strong>vin-</strong></span> 
     </span>
    </p>
   </div>
   <div class='ocr_carea' id='block_1_13' title="bbox 280 1451 1848 1523">
    <p class='ocr_par' dir='ltr' id='par_1_13' title="bbox 280 1451 1848 1523">
     <span class='ocr_line' id='line_1_13' title="bbox 280 1451 1848 1523; baseline 0.004 -20"><span class='ocrx_word' id='word_1_93' title='bbox 280 1451 483 1504; x_wconf 72' lang='lat' dir='ltr'><strong>dictam</strong></span> <span class='ocrx_word' id='word_1_94' title='bbox 528 1459 769 1519; x_wconf 86' lang='lat' dir='ltr'><strong>peccato,</strong></span> <span class='ocrx_word' id='word_1_95' title='bbox 805 1453 897 1506; x_wconf 88' lang='lat' dir='ltr'><strong>sed</strong></span> <span class='ocrx_word' id='word_1_96' title='bbox 925 1452 1246 1520; x_wconf 86' lang='lat' dir='ltr'><strong>benignitate</strong></span> <span class='ocrx_word' id='word_1_97' title='bbox 1276 1452 1541 1520; x_wconf 73' lang='lat' dir='ltr'><strong>justitiam</strong></span> <span class='ocrx_word' id='word_1_98' title='bbox 1592 1462 1848 1523; x_wconf 86' lang='lat' dir='ltr'><strong>tempera.</strong></span> 
     </span>
    </p>
   </div>
   <div class='ocr_carea' id='block_1_14' title="bbox 283 1547 1847 1619">
    <p class='ocr_par' dir='ltr' id='par_1_14' title="bbox 283 1547 1847 1619">
     <span class='ocr_line' id='line_1_14' title="bbox 283 1547 1847 1619; baseline 0.002 -19"><span class='ocrx_word' id='word_1_99' title='bbox 283 1547 534 1601; x_wconf 70' lang='lat' dir='ltr'><strong>Miserere</strong></span> <span class='ocrx_word' id='word_1_100' title='bbox 582 1549 703 1614; x_wconf 84' lang='lat' dir='ltr'><strong>mei,</strong></span> <span class='ocrx_word' id='word_1_101' title='bbox 760 1547 998 1614; x_wconf 81' lang='lat' dir='ltr'><strong>Domine,</strong></span> <span class='ocrx_word' id='word_1_102' title='bbox 1050 1551 1297 1619; x_wconf 78' lang='lat' dir='ltr'><strong>quoniam</strong></span> <span class='ocrx_word' id='word_1_103' title='bbox 1348 1552 1589 1617; x_wconf 79' lang='lat' dir='ltr'><strong>inﬁrmus</strong></span> <span class='ocrx_word' id='word_1_104' title='bbox 1642 1551 1847 1603; x_wconf 73' lang='lat' dir='ltr'><strong>sum&quot;.</strong></span> 
     </span>
    </p>
   </div>
   <div class='ocr_carea' id='block_1_15' title="bbox 284 1638 1852 1707">
    <p class='ocr_par' dir='ltr' id='par_1_15' title="bbox 284 1638 1852 1707">
     <span class='ocr_line' id='line_1_15' title="bbox 284 1638 1852 1707; baseline 0.003 -17"><span class='ocrx_word' id='word_1_105' title='bbox 284 1638 597 1707; x_wconf 81' lang='lat' dir='ltr'><strong>llujuSmodi</strong></span> <span class='ocrx_word' id='word_1_106' title='bbox 630 1654 730 1692; x_wconf 79' lang='lat' dir='ltr'><strong>vox</strong></span> <span class='ocrx_word' id='word_1_107' title='bbox 766 1641 1141 1707; x_wconf 76' lang='lat' dir='ltr'><strong>pecc-ttorihus</strong></span> <span class='ocrx_word' id='word_1_108' title='bbox 1190 1643 1462 1696; x_wconf 90' lang='lat' dir='ltr'><strong>convenit.</strong></span> <span class='ocrx_word' id='word_1_109' title='bbox 1510 1640 1644 1695; x_wconf 87' lang='lat' dir='ltr'><strong>Nam</strong></span> <span class='ocrx_word' id='word_1_110' title='bbox 1703 1643 1852 1695; x_wconf 90' lang='lat' dir='ltr'><strong>intir-</strong></span> 
     </span>
    </p>
   </div>
   <div class='ocr_carea' id='block_1_16' title="bbox 281 1730 1851 1803">
    <p class='ocr_par' dir='ltr' id='par_1_16' title="bbox 281 1730 1851 1803">
     <span class='ocr_line' id='line_1_16' title="bbox 281 1730 1851 1803; baseline 0.003 -22"><span class='ocrx_word' id='word_1_111' title='bbox 281 1730 469 1783; x_wconf 90' lang='lat' dir='ltr'><strong>mitate</strong></span> <span class='ocrx_word' id='word_1_112' title='bbox 501 1730 858 1798; x_wconf 65' lang='lat' dir='ltr'><strong>praecedente,</strong></span> <span class='ocrx_word' id='word_1_113' title='bbox 886 1750 906 1782; x_wconf 70' lang='grc' dir='ltr'><strong>ι</strong></span> <span class='ocrx_word' id='word_1_114' title='bbox 937 1742 1043 1786; x_wconf 89' lang='lat' dir='ltr'><strong>etc.</strong></span> <span class='ocrx_word' id='word_1_115' title='bbox 1075 1732 1225 1786; x_wconf 86' lang='lat' dir='ltr'><strong>Haud</strong></span> <span class='ocrx_word' id='word_1_116' title='bbox 1262 1749 1417 1788; x_wconf 81' lang='lat' dir='ltr'><strong>secus</strong></span> <span class='ocrx_word' id='word_1_117' title='bbox 1440 1732 1851 1803; x_wconf 86' lang='lat' dir='ltr'><strong>pseudo-Theo-</strong></span> 
     </span>
    </p>
   </div>
   <div class='ocr_carea' id='block_1_17' title="bbox 279 1820 1844 1896">
    <p class='ocr_par' dir='ltr' id='par_1_17' title="bbox 279 1820 1844 1896">
     <span class='ocr_line' id='line_1_17' title="bbox 279 1820 1844 1896; baseline 0.003 -24"><span class='ocrx_word' id='word_1_118' title='bbox 279 1820 483 1875; x_wconf 87' lang='lat' dir='ltr'><strong>dorus:</strong></span> <span class='ocrx_word' id='word_1_119' title='bbox 520 1821 809 1893; x_wconf 83' lang='grc' dir='ltr'><strong>Πατρικῶς</strong></span> <span class='ocrx_word' id='word_1_120' title='bbox 854 1841 921 1893; x_wconf 85' lang='grc' dir='ltr'><strong>με</strong></span> <span class='ocrx_word' id='word_1_121' title='bbox 972 1826 1259 1879; x_wconf 74' lang='grc' dir='ltr'><strong>παίδευσον</strong></span> <span class='ocrx_word' id='word_1_122' title='bbox 1284 1867 1298 1891; x_wconf 91' lang='grc'><strong>,</strong></span> <span class='ocrx_word' id='word_1_123' title='bbox 1359 1826 1434 1896; x_wconf 81' lang='grc' dir='ltr'><strong>μὴ</strong></span> <span class='ocrx_word' id='word_1_124' title='bbox 1483 1824 1844 1887; x_wconf 78' lang='grc' dir='ltr'><strong>δικαστικῶς·</strong></span> 
     </span>
    </p>
   </div>
   <div class='ocr_carea' id='block_1_18' title="bbox 1953 632 3514 703">
    <p class='ocr_par' dir='ltr' id='par_1_18' title="bbox 1953 632 3514 703">
     <span class='ocr_line' id='line_1_18' title="bbox 1953 632 3514 703; baseline -0.003 -13"><span class='ocrx_word' id='word_1_125' title='bbox 1953 638 2095 699; x_wconf 91' lang='lat' dir='ltr'><strong>sint;</strong></span> <span class='ocrx_word' id='word_1_126' title='bbox 2133 637 2377 699; x_wconf 85' lang='lat' dir='ltr'><strong>alterum,</strong></span> <span class='ocrx_word' id='word_1_127' title='bbox 2404 635 2543 703; x_wconf 85' lang='lat' dir='ltr'><strong>quod</strong></span> <span class='ocrx_word' id='word_1_128' title='bbox 2572 635 2825 689; x_wconf 81' lang='lat' dir='ltr'><strong>ratenise</strong></span> <span class='ocrx_word' id='word_1_129' title='bbox 2847 634 3040 702; x_wconf 87' lang='lat' dir='ltr'><strong>quibus</strong></span> <span class='ocrx_word' id='word_1_130' title='bbox 3081 632 3341 700; x_wconf 80' lang='lat' dir='ltr'><strong>ejusmodi</strong></span> <span class='ocrx_word' id='word_1_131' title='bbox 3363 632 3514 685; x_wconf 90' lang='lat' dir='ltr'><strong>testi-</strong></span> 
     </span>
    </p>
   </div>
   <div class='ocr_carea' id='block_1_19' title="bbox 1955 723 3513 799">
    <p class='ocr_par' dir='ltr' id='par_1_19' title="bbox 1955 723 3513 799">
     <span class='ocr_line' id='line_1_19' title="bbox 1955 723 3513 799; baseline -0.003 -18"><span class='ocrx_word' id='word_1_132' title='bbox 1955 729 2135 782; x_wconf 90' lang='lat' dir='ltr'><strong>monia</strong></span> <span class='ocrx_word' id='word_1_133' title='bbox 2166 729 2405 799; x_wconf 68' lang='lat' dir='ltr'><strong>depromi</strong></span> <span class='ocrx_word' id='word_1_134' title='bbox 2429 737 2721 797; x_wconf 79' lang='lat' dir='ltr'><strong>oporteret.</strong></span> <span class='ocrx_word' id='word_1_135' title='bbox 2755 727 2887 781; x_wconf 82' lang='lat' dir='ltr'><strong>lides</strong></span> <span class='ocrx_word' id='word_1_136' title='bbox 2921 741 3108 794; x_wconf 88' lang='lat' dir='ltr'><strong>magna</strong></span> <span class='ocrx_word' id='word_1_137' title='bbox 3139 723 3379 778; x_wconf 77' lang='lat' dir='ltr'><strong>adhiberi</strong></span> <span class='ocrx_word' id='word_1_138' title='bbox 3410 739 3513 777; x_wconf 89' lang='lat' dir='ltr'><strong>non</strong></span> 
     </span>
    </p>
   </div>
   <div class='ocr_carea' id='block_1_20' title="bbox 1954 818 3519 887">
    <p class='ocr_par' dir='ltr' id='par_1_20' title="bbox 1954 818 3519 887">
     <span class='ocr_line' id='line_1_20' title="bbox 1954 818 3519 887; baseline -0.005 -13"><span class='ocrx_word' id='word_1_139' title='bbox 1954 821 2145 874; x_wconf 89' lang='lat' dir='ltr'><strong>soleat.</strong></span> <span class='ocrx_word' id='word_1_140' title='bbox 2182 821 2317 887; x_wconf 84' lang='lat' dir='ltr'><strong>Quia</strong></span> <span class='ocrx_word' id='word_1_141' title='bbox 2352 830 2529 873; x_wconf 89' lang='lat' dir='ltr'><strong>tamen</strong></span> <span class='ocrx_word' id='word_1_142' title='bbox 2557 835 2660 873; x_wconf 93' lang='lat' dir='ltr'><strong>non</strong></span> <span class='ocrx_word' id='word_1_143' title='bbox 2698 819 2921 873; x_wconf 89' lang='lat' dir='ltr'><strong>deerunt</strong></span> <span class='ocrx_word' id='word_1_144' title='bbox 2964 818 3192 871; x_wconf 90' lang='lat' dir='ltr'><strong>fortasse</strong></span> <span class='ocrx_word' id='word_1_145' title='bbox 3219 818 3307 885; x_wconf 87' lang='lat' dir='ltr'><strong>qui</strong></span> <span class='ocrx_word' id='word_1_146' title='bbox 3334 829 3519 869; x_wconf 78' lang='lat' dir='ltr'><strong>exem-</strong></span> 
     </span>
    </p>
   </div>
   <div class='ocr_carea' id='block_1_21' title="bbox 1954 903 3516 978">
    <p class='ocr_par' dir='ltr' id='par_1_21' title="bbox 1954 903 3516 978">
     <span class='ocr_line' id='line_1_21' title="bbox 1954 903 3516 978; baseline -0.004 -15"><span class='ocrx_word' id='word_1_147' title='bbox 1954 911 2164 978; x_wconf 92' lang='lat' dir='ltr'><strong>plorum</strong></span> <span class='ocrx_word' id='word_1_148' title='bbox 2222 912 2565 965; x_wconf 86' lang='lat' dir='ltr'><strong>multitudine</strong></span> <span class='ocrx_word' id='word_1_149' title='bbox 2604 910 2961 973; x_wconf 88' lang='lat' dir='ltr'><strong>delectentur,</strong></span> <span class='ocrx_word' id='word_1_150' title='bbox 3017 923 3116 962; x_wconf 92' lang='lat' dir='ltr'><strong>nec</strong></span> <span class='ocrx_word' id='word_1_151' title='bbox 3164 909 3229 962; x_wconf 90' lang='lat' dir='ltr'><strong>iis</strong></span> <span class='ocrx_word' id='word_1_152' title='bbox 3279 903 3516 975; x_wconf 90' lang='lat' dir='ltr'><strong>unquam</strong></span> 
     </span>
    </p>
   </div>
   <div class='ocr_carea' id='block_1_22' title="bbox 1952 997 3518 1071">
    <p class='ocr_par' dir='ltr' id='par_1_22' title="bbox 1952 997 3518 1071">
     <span class='ocr_line' id='line_1_22' title="bbox 1952 997 3518 1071; baseline -0.003 -17"><span class='ocrx_word' id='word_1_153' title='bbox 1952 1000 2149 1055; x_wconf 70' lang='lat' dir='ltr'><strong>satiari</strong></span> <span class='ocrx_word' id='word_1_154' title='bbox 2189 1003 2414 1071; x_wconf 84' lang='lat' dir='ltr'><strong>possint.</strong></span> <span class='ocrx_word' id='word_1_155' title='bbox 2465 1002 2821 1055; x_wconf 81' lang='lat' dir='ltr'><strong>indicabimus</strong></span> <span class='ocrx_word' id='word_1_156' title='bbox 2871 999 2986 1055; x_wconf 91' lang='lat' dir='ltr'><strong>loca</strong></span> <span class='ocrx_word' id='word_1_157' title='bbox 3027 998 3289 1069; x_wconf 63' lang='lat' dir='ltr'><strong>quaedam,</strong></span> <span class='ocrx_word' id='word_1_158' title='bbox 3319 997 3518 1065; x_wconf 86' lang='lat' dir='ltr'><strong>quibus</strong></span> 
     </span>
    </p>
   </div>
   <div class='ocr_carea' id='block_1_23' title="bbox 1952 1087 3518 1159">
    <p class='ocr_par' dir='ltr' id='par_1_23' title="bbox 1952 1087 3518 1159">
     <span class='ocr_line' id='line_1_23' title="bbox 1952 1087 3518 1159; baseline -0.001 -17"><span class='ocrx_word' id='word_1_159' title='bbox 1952 1090 2168 1157; x_wconf 90' lang='lat' dir='ltr'><strong>planum</strong></span> <span class='ocrx_word' id='word_1_160' title='bbox 2210 1093 2301 1145; x_wconf 88' lang='lat' dir='ltr'><strong>tiat</strong></span> <span class='ocrx_word' id='word_1_161' title='bbox 2349 1092 2535 1147; x_wconf 89' lang='lat' dir='ltr'><strong>eadem</strong></span> <span class='ocrx_word' id='word_1_162' title='bbox 2588 1090 2849 1145; x_wconf 88' lang='lat' dir='ltr'><strong>interdum</strong></span> <span class='ocrx_word' id='word_1_163' title='bbox 2907 1091 2959 1142; x_wconf 93' lang='lat' dir='ltr'><strong>in</strong></span> <span class='ocrx_word' id='word_1_164' title='bbox 3006 1087 3518 1159; x_wconf 86' lang='lat' dir='ltr'><strong>pseudo-Theodoro</strong></span> 
     </span>
    </p>
   </div>
   <div class='ocr_carea' id='block_1_24' title="bbox 1954 1175 3516 1248">
    <p class='ocr_par' dir='ltr' id='par_1_24' title="bbox 1954 1175 3516 1248">
     <span class='ocr_line' id='line_1_24' title="bbox 1954 1175 3516 1248; baseline -0.002 -19"><span class='ocrx_word' id='word_1_165' title='bbox 1954 1176 2077 1247; x_wconf 82' lang='lat' dir='ltr'><strong>legi,</strong></span> <span class='ocrx_word' id='word_1_166' title='bbox 2124 1194 2243 1248; x_wconf 72' lang='lat' dir='ltr'><strong>qua:</strong></span> <span class='ocrx_word' id='word_1_167' title='bbox 2288 1188 2345 1232; x_wconf 90' lang='lat' dir='ltr'><strong>et</strong></span> <span class='ocrx_word' id='word_1_168' title='bbox 2392 1179 2444 1232; x_wconf 93' lang='lat' dir='ltr'><strong>in</strong></span> <span class='ocrx_word' id='word_1_169' title='bbox 2482 1177 2706 1247; x_wconf 79' lang='lat' dir='ltr'><strong>Origine</strong></span> <span class='ocrx_word' id='word_1_170' title='bbox 2745 1187 2799 1231; x_wconf 92' lang='lat' dir='ltr'><strong>et</strong></span> <span class='ocrx_word' id='word_1_171' title='bbox 2842 1177 2895 1230; x_wconf 90' lang='lat' dir='ltr'><strong>in</strong></span> <span class='ocrx_word' id='word_1_172' title='bbox 2925 1175 3169 1247; x_wconf 81' lang='lat' dir='ltr'><strong>Didymo.</strong></span> <span class='ocrx_word' id='word_1_173' title='bbox 3220 1175 3516 1244; x_wconf 79' lang='lat' dir='ltr'><strong>Cuntpares</strong></span> 
     </span>
    </p>
   </div>
   <div class='ocr_carea' id='block_1_25' title="bbox 1950 1266 3515 1340">
    <p class='ocr_par' dir='ltr' id='par_1_25' title="bbox 1950 1266 3515 1340">
     <span class='ocr_line' id='line_1_25' title="bbox 1950 1266 3515 1340; baseline -0.003 -16"><span class='ocrx_word' id='word_1_174' title='bbox 1950 1271 2109 1324; x_wconf 80' lang='lat' dir='ltr'><strong>velim</strong></span> <span class='ocrx_word' id='word_1_175' title='bbox 2157 1271 2403 1340; x_wconf 78' lang='lat' dir='ltr'><strong>paginam</strong></span> <span class='ocrx_word' id='word_1_176' title='bbox 2454 1271 2553 1324; x_wconf 71' lang='grc' dir='ltr'><strong>ΞΗ</strong></span> <span class='ocrx_word' id='word_1_177' title='bbox 2591 1271 2720 1325; x_wconf 91' lang='lat' dir='ltr'><strong>tomi</strong></span> <span class='ocrx_word' id='word_1_178' title='bbox 2757 1269 2914 1339; x_wconf 85' lang='lat' dir='ltr'><strong>primi</strong></span> <span class='ocrx_word' id='word_1_179' title='bbox 2960 1283 3083 1322; x_wconf 82' lang='lat' dir='ltr'><strong>cum</strong></span> <span class='ocrx_word' id='word_1_180' title='bbox 3134 1268 3323 1336; x_wconf 88' lang='lat' dir='ltr'><strong>pagina</strong></span> <span class='ocrx_word' id='word_1_181' title='bbox 3370 1266 3515 1329; x_wconf 75' lang='lat' dir='ltr'><strong>2H;</strong></span> 
     </span>
    </p>
   </div>
   <div class='ocr_carea' id='block_1_26' title="bbox 1953 1359 3516 1431">
    <p class='ocr_par' dir='ltr' id='par_1_26' title="bbox 1953 1359 3516 1431">
     <span class='ocr_line' id='line_1_26' title="bbox 1953 1359 3516 1431; baseline -0.004 -16"><span class='ocrx_word' id='word_1_182' title='bbox 1953 1361 2080 1416; x_wconf 87' lang='lat' dir='ltr'><strong>item</strong></span> <span class='ocrx_word' id='word_1_183' title='bbox 2113 1362 2364 1431; x_wconf 80' lang='lat' dir='ltr'><strong>paginam</strong></span> <span class='ocrx_word' id='word_1_184' title='bbox 2399 1360 2506 1416; x_wconf 69' lang='lat'><strong>223</strong></span> <span class='ocrx_word' id='word_1_185' title='bbox 2549 1376 2670 1414; x_wconf 92' lang='lat' dir='ltr'><strong>cum</strong></span> <span class='ocrx_word' id='word_1_186' title='bbox 2720 1361 2911 1431; x_wconf 86' lang='lat' dir='ltr'><strong>pagina</strong></span> <span class='ocrx_word' id='word_1_187' title='bbox 2944 1360 3079 1424; x_wconf 69' lang='lat'><strong>226&#39;,</strong></span> <span class='ocrx_word' id='word_1_188' title='bbox 3110 1359 3234 1412; x_wconf 88' lang='lat' dir='ltr'><strong>item</strong></span> <span class='ocrx_word' id='word_1_189' title='bbox 3267 1360 3516 1426; x_wconf 84' lang='lat' dir='ltr'><strong>paginam</strong></span> 
     </span>
    </p>
   </div>
   <div class='ocr_carea' id='block_1_27' title="bbox 1952 1448 3520 1519">
    <p class='ocr_par' dir='ltr' id='par_1_27' title="bbox 1952 1448 3520 1519">
     <span class='ocr_line' id='line_1_27' title="bbox 1952 1448 3520 1519; baseline -0.002 -16"><span class='ocrx_word' id='word_1_190' title='bbox 1952 1449 2047 1505; x_wconf 77' lang='lat'><strong>59!</strong></span> <span class='ocrx_word' id='word_1_191' title='bbox 2075 1465 2195 1504; x_wconf 92' lang='lat' dir='ltr'><strong>cum</strong></span> <span class='ocrx_word' id='word_1_192' title='bbox 2223 1451 2411 1519; x_wconf 83' lang='lat' dir='ltr'><strong>pagina</strong></span> <span class='ocrx_word' id='word_1_193' title='bbox 2434 1448 2571 1513; x_wconf 66' lang='lat'><strong>402;</strong></span> <span class='ocrx_word' id='word_1_194' title='bbox 2593 1463 2819 1519; x_wconf 88' lang='lat' dir='ltr'><strong>quarum</strong></span> <span class='ocrx_word' id='word_1_195' title='bbox 2848 1450 3076 1504; x_wconf 88' lang='lat' dir='ltr'><strong>lectione</strong></span> <span class='ocrx_word' id='word_1_196' title='bbox 3096 1448 3270 1503; x_wconf 88' lang='lat' dir='ltr'><strong>disces</strong></span> <span class='ocrx_word' id='word_1_197' title='bbox 3288 1448 3520 1517; x_wconf 91' lang='lat' dir='ltr'><strong>pseudo-</strong></span> 
     </span>
    </p>
   </div>
   <div class='ocr_carea' id='block_1_28' title="bbox 1952 1538 3519 1609">
    <p class='ocr_par' dir='ltr' id='par_1_28' title="bbox 1952 1538 3519 1609">
     <span class='ocr_line' id='line_1_28' title="bbox 1952 1538 3519 1609; baseline -0.004 -14"><span class='ocrx_word' id='word_1_198' title='bbox 1952 1539 2293 1595; x_wconf 85' lang='lat' dir='ltr'><strong>Theodorum</strong></span> <span class='ocrx_word' id='word_1_199' title='bbox 2325 1549 2381 1591; x_wconf 86' lang='lat' dir='ltr'><strong>et</strong></span> <span class='ocrx_word' id='word_1_200' title='bbox 2400 1541 2466 1596; x_wconf 92' lang='lat' dir='ltr'><strong>ab</strong></span> <span class='ocrx_word' id='word_1_201' title='bbox 2491 1539 2719 1609; x_wconf 85' lang='lat' dir='ltr'><strong>Origene</strong></span> <span class='ocrx_word' id='word_1_202' title='bbox 2748 1553 2960 1608; x_wconf 87' lang='lat' dir='ltr'><strong>quoque</strong></span> <span class='ocrx_word' id='word_1_203' title='bbox 3003 1538 3256 1592; x_wconf 91' lang='lat' dir='ltr'><strong>nonnulla</strong></span> <span class='ocrx_word' id='word_1_204' title='bbox 3310 1547 3519 1591; x_wconf 88' lang='lat' dir='ltr'><strong>mutua-</strong></span> 
     </span>
    </p>
   </div>
   <div class='ocr_carea' id='block_1_29' title="bbox 1954 1632 3520 1702">
    <p class='ocr_par' dir='ltr' id='par_1_29' title="bbox 1954 1632 3520 1702">
     <span class='ocr_line' id='line_1_29' title="bbox 1954 1632 3520 1702; baseline -0.003 -17"><span class='ocrx_word' id='word_1_205' title='bbox 1954 1642 2062 1685; x_wconf 89' lang='lat' dir='ltr'><strong>tum</strong></span> <span class='ocrx_word' id='word_1_206' title='bbox 2091 1647 2230 1689; x_wconf 88' lang='lat' dir='ltr'><strong>esse.</strong></span> <span class='ocrx_word' id='word_1_207' title='bbox 2262 1633 2556 1702; x_wconf 84' lang='lat' dir='ltr'><strong>Compares</strong></span> <span class='ocrx_word' id='word_1_208' title='bbox 2580 1647 2767 1687; x_wconf 88' lang='lat' dir='ltr'><strong>rursus</strong></span> <span class='ocrx_word' id='word_1_209' title='bbox 2800 1632 3048 1701; x_wconf 87' lang='lat' dir='ltr'><strong>paginam</strong></span> <span class='ocrx_word' id='word_1_210' title='bbox 3096 1632 3199 1683; x_wconf 77' lang='grc'><strong>277</strong></span> <span class='ocrx_word' id='word_1_211' title='bbox 3248 1645 3369 1684; x_wconf 92' lang='lat' dir='ltr'><strong>cum</strong></span> <span class='ocrx_word' id='word_1_212' title='bbox 3424 1645 3520 1698; x_wconf 88' lang='lat' dir='ltr'><strong>pa-</strong></span> 
     </span>
    </p>
   </div>
   <div class='ocr_carea' id='block_1_30' title="bbox 1952 1721 3517 1794">
    <p class='ocr_par' dir='ltr' id='par_1_30' title="bbox 1952 1721 3517 1794">
     <span class='ocr_line' id='line_1_30' title="bbox 1952 1721 3517 1794; baseline -0.002 -19"><span class='ocrx_word' id='word_1_213' title='bbox 1952 1725 2071 1793; x_wconf 88' lang='lat' dir='ltr'><strong>gina</strong></span> <span class='ocrx_word' id='word_1_214' title='bbox 2103 1722 2241 1787; x_wconf 73' lang='lat'><strong>270;</strong></span> <span class='ocrx_word' id='word_1_215' title='bbox 2274 1724 2397 1777; x_wconf 91' lang='lat' dir='ltr'><strong>item</strong></span> <span class='ocrx_word' id='word_1_216' title='bbox 2426 1724 2674 1794; x_wconf 89' lang='lat' dir='ltr'><strong>paginam</strong></span> <span class='ocrx_word' id='word_1_217' title='bbox 2711 1723 2815 1779; x_wconf 75' lang='lat'><strong>358</strong></span> <span class='ocrx_word' id='word_1_218' title='bbox 2841 1737 2962 1776; x_wconf 93' lang='lat' dir='ltr'><strong>cum</strong></span> <span class='ocrx_word' id='word_1_219' title='bbox 2986 1723 3180 1792; x_wconf 83' lang='lat' dir='ltr'><strong>pagina</strong></span> <span class='ocrx_word' id='word_1_220' title='bbox 3204 1722 3348 1784; x_wconf 79' lang='lat'><strong>355;</strong></span> <span class='ocrx_word' id='word_1_221' title='bbox 3391 1721 3517 1774; x_wconf 91' lang='lat' dir='ltr'><strong>item</strong></span> 
     </span>
    </p>
   </div>
   <div class='ocr_carea' id='block_1_31' title="bbox 1951 1811 3516 1885">
    <p class='ocr_par' dir='ltr' id='par_1_31' title="bbox 1951 1811 3516 1885">
     <span class='ocr_line' id='line_1_31' title="bbox 1951 1811 3516 1885; baseline -0.002 -18"><span class='ocrx_word' id='word_1_222' title='bbox 1951 1815 2201 1883; x_wconf 86' lang='lat' dir='ltr'><strong>paginam</strong></span> <span class='ocrx_word' id='word_1_223' title='bbox 2254 1813 2358 1868; x_wconf 74' lang='grc'><strong>604</strong></span> <span class='ocrx_word' id='word_1_224' title='bbox 2413 1831 2533 1868; x_wconf 92' lang='lat' dir='ltr'><strong>cum</strong></span> <span class='ocrx_word' id='word_1_225' title='bbox 2587 1817 2781 1885; x_wconf 79' lang='lat' dir='ltr'><strong>pagina</strong></span> <span class='ocrx_word' id='word_1_226' title='bbox 2837 1814 2976 1879; x_wconf 79' lang='lat'><strong>593;</strong></span> <span class='ocrx_word' id='word_1_227' title='bbox 3027 1814 3220 1884; x_wconf 85' lang='lat' dir='ltr'><strong>quibus</strong></span> <span class='ocrx_word' id='word_1_228' title='bbox 3256 1811 3516 1882; x_wconf 87' lang='lat' dir='ltr'><strong>perlectis</strong></span> 
     </span>
    </p>
   </div>
   <div class='ocr_carea' id='block_1_32' title="bbox 280 1892 1853 1988">
    <p class='ocr_par' dir='ltr' id='par_1_32' title="bbox 280 1892 1851 1988">
     <span class='ocr_line' id='line_1_32' title="bbox 280 1892 1851 1988; baseline 0.001 -21"><span class='ocrx_word' id='word_1_229' title='bbox 280 1914 563 1986; x_wconf 82' lang='grc' dir='ltr'><strong>ἰατρικῶς,</strong></span> <span class='ocrx_word' id='word_1_230' title='bbox 606 1916 681 1987; x_wconf 83' lang='grc' dir='ltr'><strong>μὴ</strong></span> <span class='ocrx_word' id='word_1_231' title='bbox 710 1892 1072 1979; x_wconf 68' lang='grc' dir='ltr'><strong>κολαατικῶς·</strong></span> <span class='ocrx_word' id='word_1_232' title='bbox 1106 1917 1178 1987; x_wconf 84' lang='grc' dir='ltr'><strong>μὴ</strong></span> <span class='ocrx_word' id='word_1_233' title='bbox 1212 1892 1486 1986; x_wconf 51' lang='grc' dir='ltr'><strong>μετρῆσξις</strong></span> <span class='ocrx_word' id='word_1_234' title='bbox 1517 1918 1581 1988; x_wconf 79' lang='grc' dir='ltr'><strong>τῇ</strong></span> <span class='ocrx_word' id='word_1_235' title='bbox 1608 1916 1851 1988; x_wconf 77' lang='grc' dir='ltr'><strong>ἁμαρτίᾳ</strong></span> 
     </span>
    </p>
   </div>
   <div class='ocr_carea' id='block_1_33' title="bbox 1957 1892 3519 1988">
    <p class='ocr_par' dir='ltr' id='par_1_33' title="bbox 1957 1904 3519 1975">
     <span class='ocr_line' id='line_1_33' title="bbox 1957 1904 3519 1975; baseline -0.003 -17"><span class='ocrx_word' id='word_1_236' title='bbox 1957 1905 2192 1959; x_wconf 89' lang='lat' dir='ltr'><strong>fatebere</strong></span> <span class='ocrx_word' id='word_1_237' title='bbox 2239 1905 2803 1975; x_wconf 88' lang='lat' dir='ltr'><strong>pseudo-Theodorum</strong></span> <span class='ocrx_word' id='word_1_238' title='bbox 2838 1907 3043 1974; x_wconf 85' lang='lat' dir='ltr'><strong>pariter</strong></span> <span class='ocrx_word' id='word_1_239' title='bbox 3077 1917 3131 1959; x_wconf 90' lang='lat' dir='ltr'><strong>et</strong></span> <span class='ocrx_word' id='word_1_240' title='bbox 3174 1918 3238 1959; x_wconf 73' lang='lat' dir='ltr'><strong>ea</strong></span> <span class='ocrx_word' id='word_1_241' title='bbox 3293 1904 3519 1975; x_wconf 72' lang='lat' dir='ltr'><strong>Didymo</strong></span> 
     </span>
    </p>
   </div>
   <div class='ocr_carea' id='block_1_34' title="bbox 276 2005 1849 2079">
    <p class='ocr_par' dir='ltr' id='par_1_34' title="bbox 276 2005 1849 2079">
     <span class='ocr_line' id='line_1_34' title="bbox 276 2005 1849 2079; baseline 0.001 -20"><span class='ocrx_word' id='word_1_242' title='bbox 276 2005 377 2077; x_wconf 81' lang='grc' dir='ltr'><strong>τὴν</strong></span> <span class='ocrx_word' id='word_1_243' title='bbox 404 2008 696 2078; x_wconf 79' lang='grc' dir='ltr'><strong>τιμωρίαν,</strong></span> <span class='ocrx_word' id='word_1_244' title='bbox 724 2008 859 2060; x_wconf 82' lang='grc' dir='ltr'>ἀλλὰ</span> <span class='ocrx_word' id='word_1_245' title='bbox 898 2007 1274 2078; x_wconf 73' lang='grc' dir='ltr'><strong>φιλανθρωπίᾳ</strong></span> <span class='ocrx_word' id='word_1_246' title='bbox 1322 2008 1384 2059; x_wconf 82' lang='grc' dir='ltr'><strong>τὸ</strong></span> <span class='ocrx_word' id='word_1_247' title='bbox 1428 2008 1635 2061; x_wconf 82' lang='grc' dir='ltr'><strong>δίκαιον</strong></span> <span class='ocrx_word' id='word_1_248' title='bbox 1682 2008 1849 2079; x_wconf 84' lang='grc' dir='ltr'><strong>κέρα-</strong></span> 
     </span>
    </p>
   </div>
   <div class='ocr_carea' id='block_1_35' title="bbox 281 2096 1855 2168">
    <p class='ocr_par' dir='ltr' id='par_1_35' title="bbox 281 2096 1855 2168">
     <span class='ocr_line' id='line_1_35' title="bbox 281 2096 1855 2168; baseline 0 -18"><span class='ocrx_word' id='word_1_249' title='bbox 281 2113 465 2153; x_wconf 57' lang='lat' dir='ltr'><strong>cem...</strong></span> <span class='ocrx_word' id='word_1_250' title='bbox 517 2097 805 2164; x_wconf 78' lang='grc' dir='ltr'><strong>Ἐλέησόν</strong></span> <span class='ocrx_word' id='word_1_251' title='bbox 842 2113 940 2163; x_wconf 79' lang='grc' dir='ltr'><strong>με.</strong></span> <span class='ocrx_word' id='word_1_252' title='bbox 984 2096 1348 2167; x_wconf 74' lang='grc' dir='ltr'><strong>Ἀρμόττουσα</strong></span> <span class='ocrx_word' id='word_1_253' title='bbox 1380 2100 1492 2160; x_wconf 84' lang='grc' dir='ltr'><strong>τοῖς</strong></span> <span class='ocrx_word' id='word_1_254' title='bbox 1544 2099 1855 2168; x_wconf 79' lang='grc' dir='ltr'><strong>ἡμαρτηκὸ-</strong></span> 
     </span>
    </p>
   </div>
   <div class='ocr_carea' id='block_1_36' title="bbox 280 2186 1854 2259">
    <p class='ocr_par' dir='ltr' id='par_1_36' title="bbox 280 2186 1854 2259">
     <span class='ocr_line' id='line_1_36' title="bbox 280 2186 1854 2259; baseline -0.001 -18"><span class='ocrx_word' id='word_1_255' title='bbox 280 2205 368 2242; x_wconf 80' lang='grc' dir='ltr'><strong>σιν</strong></span> <span class='ocrx_word' id='word_1_256' title='bbox 394 2190 427 2259; x_wconf 75' lang='grc' dir='ltr'>ἡ</span> <span class='ocrx_word' id='word_1_257' title='bbox 456 2189 629 2258; x_wconf 79' lang='grc' dir='ltr'><strong>φωνή.</strong></span> <span class='ocrx_word' id='word_1_258' title='bbox 672 2187 978 2249; x_wconf 80' lang='grc' dir='ltr'><strong>Ἀσθενείας</strong></span> <span class='ocrx_word' id='word_1_259' title='bbox 1011 2186 1119 2257; x_wconf 87' lang='grc' dir='ltr'><strong>γὰρ</strong></span> <span class='ocrx_word' id='word_1_260' title='bbox 1146 2187 1477 2258; x_wconf 78' lang='grc' dir='ltr'><strong>ἡγουμένης,</strong></span> <span class='ocrx_word' id='word_1_261' title='bbox 1497 2198 1601 2242; x_wconf 87' lang='lat' dir='ltr'><strong>etc.</strong></span> <span class='ocrx_word' id='word_1_262' title='bbox 1623 2206 1641 2237; x_wconf 84' lang='lat' dir='ltr'><strong>t</strong></span> <span class='ocrx_word' id='word_1_263' title='bbox 1670 2187 1854 2241; x_wconf 87' lang='lat' dir='ltr'><strong>Pater—</strong></span> 
     </span>
    </p>
   </div>
   <div class='ocr_carea' id='block_1_37' title="bbox 282 2278 1851 2347">
    <p class='ocr_par' dir='ltr' id='par_1_37' title="bbox 282 2278 1851 2347">
     <span class='ocr_line' id='line_1_37' title="bbox 282 2278 1851 2347; baseline 0 -14"><span class='ocrx_word' id='word_1_264' title='bbox 282 2293 351 2333; x_wconf 88' lang='lat' dir='ltr'><strong>ne</strong></span> <span class='ocrx_word' id='word_1_265' title='bbox 381 2295 466 2332; x_wconf 87' lang='lat' dir='ltr'><strong>me</strong></span> <span class='ocrx_word' id='word_1_266' title='bbox 497 2278 783 2347; x_wconf 86' lang='lat' dir='ltr'><strong>corripias.</strong></span> <span class='ocrx_word' id='word_1_267' title='bbox 803 2294 910 2333; x_wconf 92' lang='lat' dir='ltr'><strong>non</strong></span> <span class='ocrx_word' id='word_1_268' title='bbox 938 2279 1040 2332; x_wconf 91' lang='lat' dir='ltr'><strong>ritu</strong></span> <span class='ocrx_word' id='word_1_269' title='bbox 1069 2278 1298 2346; x_wconf 82' lang='lat' dir='ltr'><strong>iudicis;</strong></span> <span class='ocrx_word' id='word_1_270' title='bbox 1323 2280 1519 2333; x_wconf 89' lang='lat' dir='ltr'><strong>medici</strong></span> <span class='ocrx_word' id='word_1_271' title='bbox 1548 2294 1719 2343; x_wconf 92' lang='lat' dir='ltr'><strong>more,</strong></span> <span class='ocrx_word' id='word_1_272' title='bbox 1749 2295 1851 2333; x_wconf 91' lang='lat' dir='ltr'><strong>non</strong></span> 
     </span>
    </p>
   </div>
   <div class='ocr_carea' id='block_1_38' title="bbox 282 2370 1853 2440">
    <p class='ocr_par' dir='ltr' id='par_1_38' title="bbox 282 2370 1853 2440">
     <span class='ocr_line' id='line_1_38' title="bbox 282 2370 1853 2440; baseline -0.001 -16"><span class='ocrx_word' id='word_1_273' title='bbox 282 2370 543 2435; x_wconf 89' lang='lat' dir='ltr'><strong>tortoris;</strong></span> <span class='ocrx_word' id='word_1_274' title='bbox 582 2383 648 2422; x_wconf 93' lang='lat' dir='ltr'><strong>ne</strong></span> <span class='ocrx_word' id='word_1_275' title='bbox 670 2370 983 2425; x_wconf 89' lang='lat' dir='ltr'><strong>adntetiaris</strong></span> <span class='ocrx_word' id='word_1_276' title='bbox 1026 2371 1317 2424; x_wconf 81' lang='lat' dir='ltr'><strong>vindictam</strong></span> <span class='ocrx_word' id='word_1_277' title='bbox 1362 2379 1605 2440; x_wconf 85' lang='lat' dir='ltr'><strong>peccato,</strong></span> <span class='ocrx_word' id='word_1_278' title='bbox 1638 2372 1732 2424; x_wconf 90' lang='lat' dir='ltr'><strong>sed</strong></span> <span class='ocrx_word' id='word_1_279' title='bbox 1764 2371 1853 2424; x_wconf 87' lang='lat' dir='ltr'><strong>be-</strong></span> 
     </span>
    </p>
   </div>
   <div class='ocr_carea' id='block_1_39' title="bbox 281 2460 1855 2531">
    <p class='ocr_par' dir='ltr' id='par_1_39' title="bbox 281 2460 1855 2531">
     <span class='ocr_line' id='line_1_39' title="bbox 281 2460 1855 2531; baseline 0.002 -17"><span class='ocrx_word' id='word_1_280' title='bbox 281 2460 833 2529; x_wconf 87' lang='lat' dir='ltr'><strong>nignitatejnstitiam</strong></span> <span class='ocrx_word' id='word_1_281' title='bbox 867 2472 1123 2531; x_wconf 92' lang='lat' dir='ltr'><strong>tempera.</strong></span> <span class='ocrx_word' id='word_1_282' title='bbox 1178 2461 1426 2518; x_wconf 74' lang='lat' dir='ltr'><strong>Miserere</strong></span> <span class='ocrx_word' id='word_1_283' title='bbox 1474 2462 1609 2523; x_wconf 87' lang='lat' dir='ltr'><strong>mei,</strong></span> <span class='ocrx_word' id='word_1_284' title='bbox 1658 2476 1855 2517; x_wconf 87' lang='lat' dir='ltr'><strong>conve-</strong></span> 
     </span>
    </p>
   </div>
   <div class='ocr_carea' id='block_1_40' title="bbox 281 2552 1853 2624">
    <p class='ocr_par' dir='ltr' id='par_1_40' title="bbox 281 2552 1853 2624">
     <span class='ocr_line' id='line_1_40' title="bbox 281 2552 1853 2624; baseline 0.002 -19"><span class='ocrx_word' id='word_1_285' title='bbox 281 2554 436 2607; x_wconf 86' lang='lat' dir='ltr'><strong>niens</strong></span> <span class='ocrx_word' id='word_1_286' title='bbox 466 2554 840 2624; x_wconf 87' lang='lat' dir='ltr'><strong>peccatoribus</strong></span> <span class='ocrx_word' id='word_1_287' title='bbox 873 2568 972 2608; x_wconf 79' lang='lat' dir='ltr'><strong>vox</strong></span> <span class='ocrx_word' id='word_1_288' title='bbox 993 2594 1009 2619; x_wconf 94' lang='lat'><strong>,</strong></span> <span class='ocrx_word' id='word_1_289' title='bbox 1045 2553 1169 2606; x_wconf 93' lang='lat' dir='ltr'><strong>dum</strong></span> <span class='ocrx_word' id='word_1_290' title='bbox 1216 2552 1360 2606; x_wconf 90' lang='lat' dir='ltr'><strong>enim</strong></span> <span class='ocrx_word' id='word_1_291' title='bbox 1412 2552 1697 2607; x_wconf 80' lang='lat' dir='ltr'><strong>inﬁrmitas</strong></span> <span class='ocrx_word' id='word_1_292' title='bbox 1719 2568 1853 2621; x_wconf 76' lang='lat' dir='ltr'><strong>pra:-</strong></span> 
     </span>
    </p>
   </div>
   <div class='ocr_carea' id='block_1_41' title="bbox 280 2643 660 2709">
    <p class='ocr_par' dir='ltr' id='par_1_41' title="bbox 280 2643 660 2709">
     <span class='ocr_line' id='line_1_41' title="bbox 280 2643 660 2709; baseline 0.008 -11"><span class='ocrx_word' id='word_1_293' title='bbox 280 2643 448 2709; x_wconf 90' lang='lat' dir='ltr'><strong>cedit,</strong></span> <span class='ocrx_word' id='word_1_294' title='bbox 488 2664 509 2695; x_wconf 74' lang='grc' dir='ltr'><strong>ο</strong></span> <span class='ocrx_word' id='word_1_295' title='bbox 551 2655 660 2701; x_wconf 90' lang='lat' dir='ltr'><strong>etc.</strong></span> 
     </span>
    </p>
   </div>
   <div class='ocr_carea' id='block_1_42' title="bbox 352 2730 1850 2801">
    <p class='ocr_par' dir='ltr' id='par_1_42' title="bbox 352 2730 1850 2801">
     <span class='ocr_line' id='line_1_42' title="bbox 352 2730 1850 2801; baseline 0.002 -17"><span class='ocrx_word' id='word_1_296' title='bbox 352 2731 442 2786; x_wconf 71' lang='grc' dir='ltr'><strong>ιθ.</strong></span> <span class='ocrx_word' id='word_1_297' title='bbox 479 2730 639 2785; x_wconf 85' lang='lat' dir='ltr'><strong>Plura</strong></span> <span class='ocrx_word' id='word_1_298' title='bbox 667 2747 731 2785; x_wconf 81' lang='lat' dir='ltr'><strong>ex</strong></span> <span class='ocrx_word' id='word_1_299' title='bbox 765 2731 1104 2785; x_wconf 84' lang='lat' dir='ltr'><strong>Theodoreto</strong></span> <span class='ocrx_word' id='word_1_300' title='bbox 1164 2730 1417 2801; x_wconf 85' lang='lat' dir='ltr'><strong>colligere</strong></span> <span class='ocrx_word' id='word_1_301' title='bbox 1467 2732 1805 2787; x_wconf 89' lang='lat' dir='ltr'><strong>institueram</strong></span> <span class='ocrx_word' id='word_1_302' title='bbox 1837 2751 1850 2786; x_wconf 89' lang='lat'><strong>:</strong></span> 
     </span>
    </p>
   </div>
   <div class='ocr_carea' id='block_1_43' title="bbox 280 2824 1855 2897">
    <p class='ocr_par' dir='ltr' id='par_1_43' title="bbox 280 2824 1855 2897">
     <span class='ocr_line' id='line_1_43' title="bbox 280 2824 1855 2897; baseline 0.006 -21"><span class='ocrx_word' id='word_1_303' title='bbox 280 2826 376 2876; x_wconf 83' lang='lat' dir='ltr'><strong>sed</strong></span> <span class='ocrx_word' id='word_1_304' title='bbox 412 2839 535 2877; x_wconf 88' lang='lat' dir='ltr'><strong>cum</strong></span> <span class='ocrx_word' id='word_1_305' title='bbox 569 2838 632 2877; x_wconf 90' lang='lat' dir='ltr'><strong>ea</strong></span> <span class='ocrx_word' id='word_1_306' title='bbox 657 2838 777 2892; x_wconf 73' lang='lat' dir='ltr'><strong>quae</strong></span> <span class='ocrx_word' id='word_1_307' title='bbox 809 2824 975 2879; x_wconf 87' lang='lat' dir='ltr'><strong>relata</strong></span> <span class='ocrx_word' id='word_1_308' title='bbox 1008 2834 1155 2891; x_wconf 88' lang='lat' dir='ltr'><strong>sunt,</strong></span> <span class='ocrx_word' id='word_1_309' title='bbox 1195 2826 1306 2895; x_wconf 89' lang='lat' dir='ltr'><strong>jam</strong></span> <span class='ocrx_word' id='word_1_310' title='bbox 1344 2827 1560 2880; x_wconf 91' lang='lat' dir='ltr'><strong>modum</strong></span> <span class='ocrx_word' id='word_1_311' title='bbox 1592 2843 1855 2897; x_wconf 89' lang='lat' dir='ltr'><strong>superare</strong></span> 
     </span>
    </p>
   </div>
   <div class='ocr_carea' id='block_1_44' title="bbox 288 2916 1846 2986">
    <p class='ocr_par' dir='ltr' id='par_1_44' title="bbox 288 2916 1846 2986">
     <span class='ocr_line' id='line_1_44' title="bbox 288 2916 1846 2986; baseline 0.006 -21"><span class='ocrx_word' id='word_1_312' title='bbox 288 2916 598 2982; x_wconf 88' lang='lat' dir='ltr'><strong>videantur,</strong></span> <span class='ocrx_word' id='word_1_313' title='bbox 632 2917 698 2971; x_wconf 90' lang='lat' dir='ltr'><strong>de</strong></span> <span class='ocrx_word' id='word_1_314' title='bbox 736 2916 839 2972; x_wconf 87' lang='lat' dir='ltr'><strong>hac</strong></span> <span class='ocrx_word' id='word_1_315' title='bbox 872 2932 988 2972; x_wconf 91' lang='lat' dir='ltr'><strong>mea</strong></span> <span class='ocrx_word' id='word_1_316' title='bbox 1015 2916 1222 2972; x_wconf 91' lang='lat' dir='ltr'><strong>decessi</strong></span> <span class='ocrx_word' id='word_1_317' title='bbox 1255 2919 1546 2972; x_wconf 89' lang='lat' dir='ltr'><strong>sententia.</strong></span> <span class='ocrx_word' id='word_1_318' title='bbox 1581 2920 1846 2986; x_wconf 89' lang='lat' dir='ltr'><strong>Quoniam</strong></span> 
     </span>
    </p>
   </div>
   <div class='ocr_carea' id='block_1_45' title="bbox 282 3006 1851 3077">
    <p class='ocr_par' dir='ltr' id='par_1_45' title="bbox 282 3006 1851 3077">
     <span class='ocr_line' id='line_1_45' title="bbox 282 3006 1851 3077; baseline 0.003 -19"><span class='ocrx_word' id='word_1_319' title='bbox 282 3017 464 3061; x_wconf 92' lang='lat' dir='ltr'><strong>tamen</strong></span> <span class='ocrx_word' id='word_1_320' title='bbox 488 3006 811 3064; x_wconf 85' lang='lat' dir='ltr'><strong>Theodoreti</strong></span> <span class='ocrx_word' id='word_1_321' title='bbox 844 3009 1163 3061; x_wconf 90' lang='lat' dir='ltr'><strong>mentionem</strong></span> <span class='ocrx_word' id='word_1_322' title='bbox 1212 3008 1458 3070; x_wconf 85' lang='lat' dir='ltr'><strong>fecimus,</strong></span> <span class='ocrx_word' id='word_1_323' title='bbox 1501 3023 1603 3061; x_wconf 92' lang='lat' dir='ltr'><strong>non</strong></span> <span class='ocrx_word' id='word_1_324' title='bbox 1635 3024 1851 3077; x_wconf 91' lang='lat' dir='ltr'><strong>possum</strong></span> 
     </span>
    </p>
   </div>
   <div class='ocr_carea' id='block_1_46' title="bbox 280 3096 1853 3167">
    <p class='ocr_par' dir='ltr' id='par_1_46' title="bbox 280 3096 1853 3167">
     <span class='ocr_line' id='line_1_46' title="bbox 280 3096 1853 3167; baseline 0.003 -18"><span class='ocrx_word' id='word_1_325' title='bbox 280 3097 411 3165; x_wconf 89' lang='lat' dir='ltr'><strong>quin</strong></span> <span class='ocrx_word' id='word_1_326' title='bbox 438 3098 611 3153; x_wconf 89' lang='lat' dir='ltr'><strong>dicam</strong></span> <span class='ocrx_word' id='word_1_327' title='bbox 634 3100 686 3153; x_wconf 95' lang='lat' dir='ltr'><strong>in</strong></span> <span class='ocrx_word' id='word_1_328' title='bbox 703 3098 1110 3151; x_wconf 77' lang='lat' dir='ltr'><strong>commentariis</strong></span> <span class='ocrx_word' id='word_1_329' title='bbox 1134 3096 1199 3151; x_wconf 93' lang='lat' dir='ltr'><strong>iis</strong></span> <span class='ocrx_word' id='word_1_330' title='bbox 1222 3111 1359 3167; x_wconf 86' lang='lat' dir='ltr'><strong>quos</strong></span> <span class='ocrx_word' id='word_1_331' title='bbox 1377 3101 1428 3152; x_wconf 92' lang='lat' dir='ltr'><strong>in</strong></span> <span class='ocrx_word' id='word_1_332' title='bbox 1458 3098 1700 3154; x_wconf 88' lang='lat' dir='ltr'><strong>Psaltnos</strong></span> <span class='ocrx_word' id='word_1_333' title='bbox 1721 3115 1853 3154; x_wconf 93' lang='lat' dir='ltr'><strong>con-</strong></span> 
     </span>
    </p>
   </div>
   <div class='ocr_carea' id='block_1_47' title="bbox 281 3189 1853 3259">
    <p class='ocr_par' dir='ltr' id='par_1_47' title="bbox 281 3189 1853 3259">
     <span class='ocr_line' id='line_1_47' title="bbox 281 3189 1853 3259; baseline 0.005 -19"><span class='ocrx_word' id='word_1_334' title='bbox 281 3189 524 3257; x_wconf 87' lang='lat' dir='ltr'><strong>scripsit,</strong></span> <span class='ocrx_word' id='word_1_335' title='bbox 568 3190 791 3256; x_wconf 90' lang='lat' dir='ltr'><strong>reperiri</strong></span> <span class='ocrx_word' id='word_1_336' title='bbox 825 3191 987 3242; x_wconf 91' lang='lat' dir='ltr'><strong>multa</strong></span> <span class='ocrx_word' id='word_1_337' title='bbox 1020 3204 1139 3257; x_wconf 67' lang='lat' dir='ltr'><strong>quae</strong></span> <span class='ocrx_word' id='word_1_338' title='bbox 1170 3192 1310 3259; x_wconf 88' lang='lat' dir='ltr'><strong>apud</strong></span> <span class='ocrx_word' id='word_1_339' title='bbox 1357 3192 1646 3247; x_wconf 87' lang='lat' dir='ltr'><strong>Eusebium</strong></span> <span class='ocrx_word' id='word_1_340' title='bbox 1674 3193 1853 3249; x_wconf 78' lang='lat' dir='ltr'><strong>verbis</strong></span> 
     </span>
    </p>
   </div>
   <div class='ocr_carea' id='block_1_48' title="bbox 281 3278 1855 3353">
    <p class='ocr_par' dir='ltr' id='par_1_48' title="bbox 281 3278 1855 3353">
     <span class='ocr_line' id='line_1_48' title="bbox 281 3278 1855 3353; baseline 0.006 -22"><span class='ocrx_word' id='word_1_341' title='bbox 281 3279 507 3332; x_wconf 88' lang='lat' dir='ltr'><strong>totidem</strong></span> <span class='ocrx_word' id='word_1_342' title='bbox 530 3288 585 3333; x_wconf 88' lang='lat' dir='ltr'><strong>et</strong></span> <span class='ocrx_word' id='word_1_343' title='bbox 613 3278 832 3349; x_wconf 85' lang='lat' dir='ltr'><strong>syllabis</strong></span> <span class='ocrx_word' id='word_1_344' title='bbox 861 3279 1131 3348; x_wconf 86' lang='lat' dir='ltr'><strong>leguntur.</strong></span> <span class='ocrx_word' id='word_1_345' title='bbox 1152 3281 1281 3351; x_wconf 86' lang='lat' dir='ltr'><strong>Ejus</strong></span> <span class='ocrx_word' id='word_1_346' title='bbox 1311 3283 1386 3337; x_wconf 90' lang='lat' dir='ltr'><strong>rei</strong></span> <span class='ocrx_word' id='word_1_347' title='bbox 1406 3285 1650 3353; x_wconf 83' lang='lat' dir='ltr'><strong>exempla</strong></span> <span class='ocrx_word' id='word_1_348' title='bbox 1676 3286 1855 3340; x_wconf 89' lang='lat' dir='ltr'><strong>videre</strong></span> 
     </span>
    </p>
   </div>
   <div class='ocr_carea' id='block_1_49' title="bbox 280 3368 1854 3441">
    <p class='ocr_par' dir='ltr' id='par_1_49' title="bbox 280 3368 1854 3441">
     <span class='ocr_line' id='line_1_49' title="bbox 280 3368 1854 3441; baseline 0.004 -21"><span class='ocrx_word' id='word_1_349' title='bbox 280 3368 373 3437; x_wconf 84' lang='lat' dir='ltr'><strong>qui</strong></span> <span class='ocrx_word' id='word_1_350' title='bbox 392 3370 594 3439; x_wconf 87' lang='lat' dir='ltr'><strong>cupiet,</strong></span> <span class='ocrx_word' id='word_1_351' title='bbox 621 3384 741 3423; x_wconf 91' lang='lat' dir='ltr'><strong>eum</strong></span> <span class='ocrx_word' id='word_1_352' title='bbox 775 3372 951 3441; x_wconf 91' lang='lat' dir='ltr'><strong>aliqua</strong></span> <span class='ocrx_word' id='word_1_353' title='bbox 970 3373 1314 3428; x_wconf 89' lang='lat' dir='ltr'><strong>inventurum</strong></span> <span class='ocrx_word' id='word_1_354' title='bbox 1342 3374 1579 3441; x_wconf 89' lang='lat' dir='ltr'><strong>spondeo</strong></span> <span class='ocrx_word' id='word_1_355' title='bbox 1599 3375 1649 3426; x_wconf 90' lang='lat' dir='ltr'><strong>in</strong></span> <span class='ocrx_word' id='word_1_356' title='bbox 1668 3374 1854 3441; x_wconf 80' lang='lat' dir='ltr'><strong>expla-</strong></span> 
     </span>
    </p>
   </div>
   <div class='ocr_carea' id='block_1_50' title="bbox 282 3462 1856 3533">
    <p class='ocr_par' dir='ltr' id='par_1_50' title="bbox 282 3462 1856 3533">
     <span class='ocr_line' id='line_1_50' title="bbox 282 3462 1856 3533; baseline 0.003 -19"><span class='ocrx_word' id='word_1_357' title='bbox 282 3462 502 3515; x_wconf 86' lang='lat' dir='ltr'><strong>natione</strong></span> <span class='ocrx_word' id='word_1_358' title='bbox 524 3462 853 3530; x_wconf 84' lang='lat' dir='ltr'><strong>psalmorum</strong></span> <span class='ocrx_word' id='word_1_359' title='bbox 878 3464 1070 3518; x_wconf 88' lang='lat' dir='ltr'><strong>decimi</strong></span> <span class='ocrx_word' id='word_1_360' title='bbox 1088 3465 1282 3533; x_wconf 89' lang='lat' dir='ltr'><strong>quinti,</strong></span> <span class='ocrx_word' id='word_1_361' title='bbox 1303 3463 1497 3519; x_wconf 85' lang='lat' dir='ltr'><strong>decimi</strong></span> <span class='ocrx_word' id='word_1_362' title='bbox 1518 3464 1676 3528; x_wconf 77' lang='lat' dir='ltr'><strong>sexti,</strong></span> <span class='ocrx_word' id='word_1_363' title='bbox 1714 3465 1856 3517; x_wconf 85' lang='lat' dir='ltr'><strong>vice-</strong></span> 
     </span>
    </p>
   </div>
   <div class='ocr_carea' id='block_1_51' title="bbox 282 3552 1857 3622">
    <p class='ocr_par' dir='ltr' id='par_1_51' title="bbox 282 3552 1857 3622">
     <span class='ocr_line' id='line_1_51' title="bbox 282 3552 1857 3622; baseline 0 -14"><span class='ocrx_word' id='word_1_364' title='bbox 282 3553 406 3608; x_wconf 74' lang='lat' dir='ltr'><strong>simi</strong></span> <span class='ocrx_word' id='word_1_365' title='bbox 424 3554 605 3621; x_wconf 92' lang='lat' dir='ltr'><strong>primi,</strong></span> <span class='ocrx_word' id='word_1_366' title='bbox 622 3553 875 3608; x_wconf 86' lang='lat' dir='ltr'><strong>tricesimi</strong></span> <span class='ocrx_word' id='word_1_367' title='bbox 898 3555 1052 3621; x_wconf 84' lang='lat' dir='ltr'><strong>primi</strong></span> <span class='ocrx_word' id='word_1_368' title='bbox 1066 3566 1121 3608; x_wconf 90' lang='lat' dir='ltr'><strong>et</strong></span> <span class='ocrx_word' id='word_1_369' title='bbox 1137 3552 1392 3608; x_wconf 90' lang='lat' dir='ltr'><strong>tricesimi</strong></span> <span class='ocrx_word' id='word_1_370' title='bbox 1409 3552 1553 3606; x_wconf 92' lang='lat' dir='ltr'><strong>noni.</strong></span> <span class='ocrx_word' id='word_1_371' title='bbox 1574 3552 1754 3622; x_wconf 85' lang='lat' dir='ltr'><strong>Neque</strong></span> <span class='ocrx_word' id='word_1_372' title='bbox 1771 3556 1857 3608; x_wconf 89' lang='lat' dir='ltr'><strong>ad-</strong></span> 
     </span>
    </p>
   </div>
   <div class='ocr_carea' id='block_1_52' title="bbox 286 3643 1854 3712">
    <p class='ocr_par' dir='ltr' id='par_1_52' title="bbox 286 3643 1854 3712">
     <span class='ocr_line' id='line_1_52' title="bbox 286 3643 1854 3712; baseline -0.001 -14"><span class='ocrx_word' id='word_1_373' title='bbox 286 3646 503 3698; x_wconf 88' lang='lat' dir='ltr'><strong>modum</strong></span> <span class='ocrx_word' id='word_1_374' title='bbox 524 3644 708 3697; x_wconf 87' lang='lat' dir='ltr'><strong>dubito</strong></span> <span class='ocrx_word' id='word_1_375' title='bbox 725 3645 851 3709; x_wconf 91' lang='lat' dir='ltr'><strong>quin</strong></span> <span class='ocrx_word' id='word_1_376' title='bbox 873 3644 957 3696; x_wconf 90' lang='lat' dir='ltr'><strong>his</strong></span> <span class='ocrx_word' id='word_1_377' title='bbox 975 3645 1189 3707; x_wconf 84' lang='lat' dir='ltr'><strong>similia,</strong></span> <span class='ocrx_word' id='word_1_378' title='bbox 1210 3643 1252 3697; x_wconf 93' lang='lat' dir='ltr'><strong>si</strong></span> <span class='ocrx_word' id='word_1_379' title='bbox 1276 3643 1397 3712; x_wconf 91' lang='lat' dir='ltr'><strong>quis</strong></span> <span class='ocrx_word' id='word_1_380' title='bbox 1413 3658 1654 3711; x_wconf 67' lang='lat' dir='ltr'><strong>quaerere</strong></span> <span class='ocrx_word' id='word_1_381' title='bbox 1672 3643 1854 3712; x_wconf 84' lang='lat' dir='ltr'><strong>vellet,</strong></span> 
     </span>
    </p>
   </div>
   <div class='ocr_carea' id='block_1_53' title="bbox 284 3734 1855 3805">
    <p class='ocr_par' dir='ltr' id='par_1_53' title="bbox 284 3734 1855 3805">
     <span class='ocr_line' id='line_1_53' title="bbox 284 3734 1855 3805; baseline 0.002 -17"><span class='ocrx_word' id='word_1_382' title='bbox 284 3736 411 3789; x_wconf 86' lang='lat' dir='ltr'><strong>alibi</strong></span> <span class='ocrx_word' id='word_1_383' title='bbox 441 3748 658 3801; x_wconf 89' lang='lat' dir='ltr'><strong>quoque</strong></span> <span class='ocrx_word' id='word_1_384' title='bbox 688 3734 1076 3788; x_wconf 85' lang='lat' dir='ltr'><strong>invenirentur.</strong></span> <span class='ocrx_word' id='word_1_385' title='bbox 1118 3735 1305 3790; x_wconf 90' lang='lat' dir='ltr'><strong>Utrum</strong></span> <span class='ocrx_word' id='word_1_386' title='bbox 1352 3744 1531 3789; x_wconf 92' lang='lat' dir='ltr'><strong>autem</strong></span> <span class='ocrx_word' id='word_1_387' title='bbox 1564 3752 1683 3805; x_wconf 61' lang='lat' dir='ltr'><strong>qua:</strong></span> <span class='ocrx_word' id='word_1_388' title='bbox 1713 3738 1855 3791; x_wconf 85' lang='lat' dir='ltr'><strong>indi-</strong></span> 
     </span>
    </p>
   </div>
   <div class='ocr_carea' id='block_1_54' title="bbox 283 3823 1855 3894">
    <p class='ocr_par' dir='ltr' id='par_1_54' title="bbox 283 3823 1855 3894">
     <span class='ocr_line' id='line_1_54' title="bbox 283 3823 1855 3894; baseline 0.003 -18"><span class='ocrx_word' id='word_1_389' title='bbox 283 3823 562 3887; x_wconf 79' lang='lat' dir='ltr'><strong>cavimus,</strong></span> <span class='ocrx_word' id='word_1_390' title='bbox 616 3832 670 3877; x_wconf 93' lang='lat' dir='ltr'><strong>et</strong></span> <span class='ocrx_word' id='word_1_391' title='bbox 724 3823 826 3877; x_wconf 92' lang='lat' dir='ltr'><strong>alia</strong></span> <span class='ocrx_word' id='word_1_392' title='bbox 872 3841 993 3894; x_wconf 68' lang='lat' dir='ltr'><strong>quae</strong></span> <span class='ocrx_word' id='word_1_393' title='bbox 1045 3825 1273 3881; x_wconf 83' lang='lat' dir='ltr'><strong>fortasse</strong></span> <span class='ocrx_word' id='word_1_394' title='bbox 1322 3829 1389 3881; x_wconf 88' lang='lat' dir='ltr'><strong>ah</strong></span> <span class='ocrx_word' id='word_1_395' title='bbox 1446 3828 1636 3881; x_wconf 88' lang='lat' dir='ltr'><strong>harum</strong></span> <span class='ocrx_word' id='word_1_396' title='bbox 1676 3845 1855 3883; x_wconf 85' lang='lat' dir='ltr'><strong>rerum</strong></span> 
     </span>
    </p>
   </div>
   <div class='ocr_carea' id='block_1_55' title="bbox 281 3914 1856 3986">
    <p class='ocr_par' dir='ltr' id='par_1_55' title="bbox 281 3914 1856 3986">
     <span class='ocr_line' id='line_1_55' title="bbox 281 3914 1856 3986; baseline 0.003 -19"><span class='ocrx_word' id='word_1_397' title='bbox 281 3915 541 3969; x_wconf 83' lang='lat' dir='ltr'><strong>studiosis</strong></span> <span class='ocrx_word' id='word_1_398' title='bbox 567 3914 893 3984; x_wconf 90' lang='lat' dir='ltr'><strong>deprehendi</strong></span> <span class='ocrx_word' id='word_1_399' title='bbox 922 3925 1195 3986; x_wconf 86' lang='lat' dir='ltr'><strong>poterunt,</strong></span> <span class='ocrx_word' id='word_1_400' title='bbox 1226 3927 1432 3973; x_wconf 72' lang='lat' dir='ltr'><strong>attcxta</strong></span> <span class='ocrx_word' id='word_1_401' title='bbox 1460 3920 1568 3974; x_wconf 88' lang='lat' dir='ltr'><strong>sint</strong></span> <span class='ocrx_word' id='word_1_402' title='bbox 1607 3918 1856 3974; x_wconf 81' lang='lat' dir='ltr'><strong>Theodo-</strong></span> 
     </span>
    </p>
   </div>
   <div class='ocr_carea' id='block_1_56' title="bbox 285 4003 1855 4079">
    <p class='ocr_par' dir='ltr' id='par_1_56' title="bbox 285 4003 1855 4079">
     <span class='ocr_line' id='line_1_56' title="bbox 285 4003 1855 4079; baseline 0.004 -22"><span class='ocrx_word' id='word_1_403' title='bbox 285 4004 384 4057; x_wconf 84' lang='lat' dir='ltr'><strong>reti</strong></span> <span class='ocrx_word' id='word_1_404' title='bbox 416 4003 852 4072; x_wconf 88' lang='lat' dir='ltr'><strong>interpretationi</strong></span> <span class='ocrx_word' id='word_1_405' title='bbox 886 4021 915 4059; x_wconf 89' lang='lat' dir='ltr'><strong>a</strong></span> <span class='ocrx_word' id='word_1_406' title='bbox 950 4007 1208 4069; x_wconf 87' lang='lat' dir='ltr'><strong>librariis,</strong></span> <span class='ocrx_word' id='word_1_407' title='bbox 1240 4024 1306 4062; x_wconf 90' lang='lat' dir='ltr'><strong>an</strong></span> <span class='ocrx_word' id='word_1_408' title='bbox 1338 4009 1707 4064; x_wconf 87' lang='lat' dir='ltr'><strong>Theodorettts</strong></span> <span class='ocrx_word' id='word_1_409' title='bbox 1746 4012 1855 4079; x_wconf 90' lang='lat' dir='ltr'><strong>ipse</strong></span> 
     </span>
    </p>
   </div>
   <div class='ocr_carea' id='block_1_57' title="bbox 282 4097 1854 4169">
    <p class='ocr_par' dir='ltr' id='par_1_57' title="bbox 282 4097 1854 4169">
     <span class='ocr_line' id='line_1_57' title="bbox 282 4097 1854 4169; baseline 0.001 -18"><span class='ocrx_word' id='word_1_410' title='bbox 282 4110 344 4151; x_wconf 87' lang='lat' dir='ltr'><strong>ea</strong></span> <span class='ocrx_word' id='word_1_411' title='bbox 376 4097 483 4153; x_wconf 84' lang='lat' dir='ltr'><strong>sibi</strong></span> <span class='ocrx_word' id='word_1_412' title='bbox 526 4101 835 4166; x_wconf 87' lang='lat' dir='ltr'><strong>sumpserit,</strong></span> <span class='ocrx_word' id='word_1_413' title='bbox 892 4102 1198 4169; x_wconf 81' lang='lat' dir='ltr'><strong>expendere</strong></span> <span class='ocrx_word' id='word_1_414' title='bbox 1250 4116 1427 4155; x_wconf 91' lang='lat' dir='ltr'><strong>meum</strong></span> <span class='ocrx_word' id='word_1_415' title='bbox 1480 4116 1584 4154; x_wconf 94' lang='lat' dir='ltr'><strong>non</strong></span> <span class='ocrx_word' id='word_1_416' title='bbox 1611 4110 1727 4162; x_wconf 89' lang='lat' dir='ltr'><strong>est,</strong></span> <span class='ocrx_word' id='word_1_417' title='bbox 1764 4100 1854 4154; x_wconf 90' lang='lat' dir='ltr'><strong>scd</strong></span> 
     </span>
    </p>
   </div>
   <div class='ocr_carea' id='block_1_58' title="bbox 282 4186 1854 4257">
    <p class='ocr_par' dir='ltr' id='par_1_58' title="bbox 282 4186 1854 4257">
     <span class='ocr_line' id='line_1_58' title="bbox 282 4186 1854 4257; baseline 0.001 -17"><span class='ocrx_word' id='word_1_418' title='bbox 282 4186 426 4253; x_wconf 85' lang='lat' dir='ltr'><strong>ejus,</strong></span> <span class='ocrx_word' id='word_1_419' title='bbox 488 4188 578 4255; x_wconf 90' lang='lat' dir='ltr'><strong>qui</strong></span> <span class='ocrx_word' id='word_1_420' title='bbox 634 4186 956 4241; x_wconf 84' lang='lat' dir='ltr'><strong>Theodoreti</strong></span> <span class='ocrx_word' id='word_1_421' title='bbox 1012 4204 1236 4257; x_wconf 83' lang='lat' dir='ltr'><strong>operum</strong></span> <span class='ocrx_word' id='word_1_422' title='bbox 1298 4190 1593 4242; x_wconf 86' lang='lat' dir='ltr'><strong>editionem</strong></span> <span class='ocrx_word' id='word_1_423' title='bbox 1661 4204 1854 4242; x_wconf 89' lang='lat' dir='ltr'><strong>novam</strong></span> 
     </span>
    </p>
   </div>
   <div class='ocr_carea' id='block_1_59' title="bbox 282 4274 1855 4345">
    <p class='ocr_par' dir='ltr' id='par_1_59' title="bbox 282 4274 1855 4345">
     <span class='ocr_line' id='line_1_59' title="bbox 282 4274 1855 4345; baseline 0 -14"><span class='ocrx_word' id='word_1_424' title='bbox 282 4277 567 4345; x_wconf 84' lang='lat' dir='ltr'><strong>suscipiet.</strong></span> <span class='ocrx_word' id='word_1_425' title='bbox 599 4274 753 4341; x_wconf 81' lang='lat' dir='ltr'><strong>Quod</strong></span> <span class='ocrx_word' id='word_1_426' title='bbox 779 4286 957 4329; x_wconf 89' lang='lat' dir='ltr'><strong>autem</strong></span> <span class='ocrx_word' id='word_1_427' title='bbox 981 4276 1114 4339; x_wconf 77' lang='lat' dir='ltr'><strong>dixi,</strong></span> <span class='ocrx_word' id='word_1_428' title='bbox 1165 4276 1396 4328; x_wconf 87' lang='lat' dir='ltr'><strong>inveniri</strong></span> <span class='ocrx_word' id='word_1_429' title='bbox 1431 4276 1482 4329; x_wconf 93' lang='lat' dir='ltr'><strong>in</strong></span> <span class='ocrx_word' id='word_1_430' title='bbox 1516 4276 1855 4332; x_wconf 89' lang='lat' dir='ltr'><strong>Theodoreto</strong></span> 
     </span>
    </p>
   </div>
   <div class='ocr_carea' id='block_1_60' title="bbox 286 4366 1856 4439">
    <p class='ocr_par' dir='ltr' id='par_1_60' title="bbox 286 4366 1856 4439">
     <span class='ocr_line' id='line_1_60' title="bbox 286 4366 1856 4439; baseline 0.001 -18"><span class='ocrx_word' id='word_1_431' title='bbox 286 4383 392 4421; x_wconf 85' lang='lat' dir='ltr'><strong>non</strong></span> <span class='ocrx_word' id='word_1_432' title='bbox 417 4382 612 4436; x_wconf 87' lang='lat' dir='ltr'><strong>pauca,</strong></span> <span class='ocrx_word' id='word_1_433' title='bbox 642 4382 762 4435; x_wconf 61' lang='lat' dir='ltr'><strong>qua</strong></span> <span class='ocrx_word' id='word_1_434' title='bbox 793 4368 1012 4422; x_wconf 88' lang='lat' dir='ltr'><strong>totidem</strong></span> <span class='ocrx_word' id='word_1_435' title='bbox 1070 4368 1295 4439; x_wconf 83' lang='lat' dir='ltr'><strong>syllabis</strong></span> <span class='ocrx_word' id='word_1_436' title='bbox 1330 4366 1556 4437; x_wconf 86' lang='lat' dir='ltr'><strong>legimus</strong></span> <span class='ocrx_word' id='word_1_437' title='bbox 1581 4371 1718 4435; x_wconf 92' lang='lat' dir='ltr'><strong>apud</strong></span> <span class='ocrx_word' id='word_1_438' title='bbox 1750 4370 1856 4423; x_wconf 81' lang='lat' dir='ltr'><strong>Eu-</strong></span> 
     </span>
    </p>
   </div>
   <div class='ocr_carea' id='block_1_61' title="bbox 285 4459 1857 4529">
    <p class='ocr_par' dir='ltr' id='par_1_61' title="bbox 285 4459 1857 4529">
     <span class='ocr_line' id='line_1_61' title="bbox 285 4459 1857 4529; baseline 0.001 -14"><span class='ocrx_word' id='word_1_439' title='bbox 285 4462 523 4524; x_wconf 87' lang='lat' dir='ltr'><strong>sebium,</strong></span> <span class='ocrx_word' id='word_1_440' title='bbox 570 4476 675 4515; x_wconf 93' lang='lat' dir='ltr'><strong>non</strong></span> <span class='ocrx_word' id='word_1_441' title='bbox 722 4462 795 4515; x_wconf 85' lang='lat' dir='ltr'><strong>ita</strong></span> <span class='ocrx_word' id='word_1_442' title='bbox 829 4471 1108 4529; x_wconf 91' lang='lat' dir='ltr'><strong>acceptum</strong></span> <span class='ocrx_word' id='word_1_443' title='bbox 1160 4459 1301 4524; x_wconf 87' lang='lat' dir='ltr'><strong>volo,</strong></span> <span class='ocrx_word' id='word_1_444' title='bbox 1360 4471 1415 4513; x_wconf 81' lang='grc' dir='ltr'><strong>,ιι</strong></span> <span class='ocrx_word' id='word_1_445' title='bbox 1450 4462 1563 4517; x_wconf 74' lang='lat' dir='ltr'><strong>htcc</strong></span> <span class='ocrx_word' id='word_1_446' title='bbox 1613 4464 1792 4518; x_wconf 92' lang='lat' dir='ltr'><strong>omnia</strong></span> <span class='ocrx_word' id='word_1_447' title='bbox 1827 4478 1857 4516; x_wconf 92' lang='lat' dir='ltr'><strong>e</strong></span> 
     </span>
    </p>
   </div>
   <div class='ocr_carea' id='block_1_62' title="bbox 282 4554 1856 4610">
    <p class='ocr_par' dir='ltr' id='par_1_62' title="bbox 282 4554 1856 4610">
     <span class='ocr_line' id='line_1_62' title="bbox 282 4554 1856 4610; baseline 0.004 -6"><span class='ocrx_word' id='word_1_448' title='bbox 282 4554 695 4607; x_wconf 87' lang='lat' dir='ltr'><strong>commentariis</strong></span> <span class='ocrx_word' id='word_1_449' title='bbox 729 4554 944 4607; x_wconf 84' lang='lat' dir='ltr'><strong>Eusebii</strong></span> <span class='ocrx_word' id='word_1_450' title='bbox 979 4554 1031 4607; x_wconf 90' lang='lat' dir='ltr'><strong>in</strong></span> <span class='ocrx_word' id='word_1_451' title='bbox 1063 4555 1387 4609; x_wconf 87' lang='lat' dir='ltr'><strong>Theodoreti</strong></span> <span class='ocrx_word' id='word_1_452' title='bbox 1437 4556 1856 4610; x_wconf 89' lang='lat' dir='ltr'><strong>commentarios</strong></span> 
     </span>
    </p>
   </div>
   <div class='ocr_carea' id='block_1_63' title="bbox 284 4641 1856 4711">
    <p class='ocr_par' dir='ltr' id='par_1_63' title="bbox 284 4641 1856 4711">
     <span class='ocr_line' id='line_1_63' title="bbox 284 4641 1856 4711; baseline 0.004 -18"><span class='ocrx_word' id='word_1_453' title='bbox 284 4641 551 4693; x_wconf 88' lang='lat' dir='ltr'><strong>translata</strong></span> <span class='ocrx_word' id='word_1_454' title='bbox 587 4655 709 4695; x_wconf 89' lang='lat' dir='ltr'><strong>esse</strong></span> <span class='ocrx_word' id='word_1_455' title='bbox 734 4651 1009 4709; x_wconf 91' lang='lat' dir='ltr'><strong>putentur.</strong></span> <span class='ocrx_word' id='word_1_456' title='bbox 1048 4645 1142 4698; x_wconf 89' lang='lat' dir='ltr'><strong>Est</strong></span> <span class='ocrx_word' id='word_1_457' title='bbox 1172 4645 1318 4699; x_wconf 92' lang='lat' dir='ltr'><strong>enim</strong></span> <span class='ocrx_word' id='word_1_458' title='bbox 1347 4644 1475 4699; x_wconf 89' lang='lat' dir='ltr'><strong>tnihi</strong></span> <span class='ocrx_word' id='word_1_459' title='bbox 1506 4646 1856 4711; x_wconf 66' lang='lat' dir='ltr'><strong>persuasissio</strong></span> 
     </span>
    </p>
   </div>
   <div class='ocr_carea' id='block_1_64' title="bbox 284 4730 1856 4805">
    <p class='ocr_par' dir='ltr' id='par_1_64' title="bbox 284 4730 1856 4805">
     <span class='ocr_line' id='line_1_64' title="bbox 284 4730 1856 4805; baseline 0.001 -18"><span class='ocrx_word' id='word_1_460' title='bbox 284 4749 455 4795; x_wconf 86' lang='lat' dir='ltr'><strong>tnutn,</strong></span> <span class='ocrx_word' id='word_1_461' title='bbox 495 4730 853 4803; x_wconf 80' lang='lat' dir='ltr'><strong>fragmentum</strong></span> <span class='ocrx_word' id='word_1_462' title='bbox 876 4732 1003 4785; x_wconf 92' lang='lat' dir='ltr'><strong>illud</strong></span> <span class='ocrx_word' id='word_1_463' title='bbox 1033 4749 1140 4802; x_wconf 87' lang='lat' dir='ltr'><strong>quo</strong></span> <span class='ocrx_word' id='word_1_464' title='bbox 1174 4737 1527 4805; x_wconf 82' lang='lat' dir='ltr'><strong>explanantur</strong></span> <span class='ocrx_word' id='word_1_465' title='bbox 1550 4735 1637 4788; x_wconf 91' lang='lat' dir='ltr'><strong>illa</strong></span> <span class='ocrx_word' id='word_1_466' title='bbox 1670 4737 1856 4804; x_wconf 85' lang='lat' dir='ltr'><strong>psalmi</strong></span> 
     </span>
    </p>
   </div>
   <div class='ocr_carea' id='block_1_65' title="bbox 283 4825 1862 4895">
    <p class='ocr_par' dir='ltr' id='par_1_65' title="bbox 283 4825 1862 4895">
     <span class='ocr_line' id='line_1_65' title="bbox 283 4825 1862 4895; baseline 0.005 -18"><span class='ocrx_word' id='word_1_467' title='bbox 283 4826 479 4880; x_wconf 85' lang='lat' dir='ltr'><strong>decimi</strong></span> <span class='ocrx_word' id='word_1_468' title='bbox 516 4827 677 4888; x_wconf 80' lang='lat' dir='ltr'><strong>sexti.</strong></span> <span class='ocrx_word' id='word_1_469' title='bbox 713 4845 731 4879; x_wconf 86' lang='lat' dir='ltr'><strong>t</strong></span> <span class='ocrx_word' id='word_1_470' title='bbox 768 4825 1012 4889; x_wconf 86' lang='lat' dir='ltr'><strong>Domine,</strong></span> <span class='ocrx_word' id='word_1_471' title='bbox 1045 4841 1074 4880; x_wconf 90' lang='lat' dir='ltr'><strong>a</strong></span> <span class='ocrx_word' id='word_1_472' title='bbox 1128 4830 1316 4895; x_wconf 88' lang='lat' dir='ltr'><strong>paucis</strong></span> <span class='ocrx_word' id='word_1_473' title='bbox 1362 4830 1429 4883; x_wconf 92' lang='lat' dir='ltr'><strong>de</strong></span> <span class='ocrx_word' id='word_1_474' title='bbox 1485 4839 1628 4883; x_wconf 87' lang='lat' dir='ltr'><strong>terra</strong></span> <span class='ocrx_word' id='word_1_475' title='bbox 1683 4831 1862 4885; x_wconf 84' lang='lat' dir='ltr'><strong>divide</strong></span> 
     </span>
    </p>
   </div>
   <div class='ocr_carea' id='block_1_66' title="bbox 284 4914 1860 4989">
    <p class='ocr_par' dir='ltr' id='par_1_66' title="bbox 284 4914 1860 4989">
     <span class='ocr_line' id='line_1_66' title="bbox 284 4914 1860 4989; baseline 0.01 -33"><span class='ocrx_word' id='word_1_476' title='bbox 284 4930 379 4968; x_wconf 69' lang='lat' dir='ltr'><strong>eos</strong></span> <span class='ocrx_word' id='word_1_477' title='bbox 394 4916 461 4975; x_wconf 71' lang='lat'><strong>&quot;,</strong></span> <span class='ocrx_word' id='word_1_478' title='bbox 487 4933 505 4963; x_wconf 74' lang='grc' dir='ltr'><strong>ι</strong></span> <span class='ocrx_word' id='word_1_479' title='bbox 531 4925 662 4975; x_wconf 81' lang='lat' dir='ltr'><strong>etc.,</strong></span> <span class='ocrx_word' id='word_1_480' title='bbox 696 4916 946 4983; x_wconf 87' lang='lat' dir='ltr'><strong>quodque</strong></span> <span class='ocrx_word' id='word_1_481' title='bbox 974 4914 1192 4983; x_wconf 87' lang='lat' dir='ltr'><strong>incipit:</strong></span> <span class='ocrx_word' id='word_1_482' title='bbox 1220 4916 1281 4967; x_wconf 80' lang='lat' dir='ltr'><strong>Ei</strong></span> <span class='ocrx_word' id='word_1_483' title='bbox 1308 4918 1400 4969; x_wconf 68' lang='grc' dir='ltr'><strong>καὶ</strong></span> <span class='ocrx_word' id='word_1_484' title='bbox 1436 4918 1518 4969; x_wconf 81' lang='grc' dir='ltr'>σοὶ</span> <span class='ocrx_word' id='word_1_485' title='bbox 1540 4915 1616 4985; x_wconf 82' lang='grc' dir='ltr'><strong>τῷ</strong></span> <span class='ocrx_word' id='word_1_486' title='bbox 1646 4916 1860 4989; x_wconf 84' lang='grc' dir='ltr'><strong>θανάτῳ</strong></span> 
     </span>
    </p>
   </div>
   <div class='ocr_carea' id='block_1_67' title="bbox 285 5002 1862 5073">
    <p class='ocr_par' dir='ltr' id='par_1_67' title="bbox 285 5002 1862 5073">
     <span class='ocr_line' id='line_1_67' title="bbox 285 5002 1862 5073; baseline 0.004 -18"><span class='ocrx_word' id='word_1_487' title='bbox 285 5002 656 5073; x_wconf 57' lang='grc' dir='ltr'><strong>παραπέμψαι</strong></span> <span class='ocrx_word' id='word_1_488' title='bbox 678 5004 876 5072; x_wconf 70' lang='grc' dir='ltr'><strong>ῥᾴδιον,</strong></span> <span class='ocrx_word' id='word_1_489' title='bbox 901 5016 1030 5068; x_wconf 92' lang='lat' dir='ltr'><strong>etc.,</strong></span> <span class='ocrx_word' id='word_1_490' title='bbox 1055 5018 1085 5057; x_wconf 90' lang='lat' dir='ltr'><strong>e</strong></span> <span class='ocrx_word' id='word_1_491' title='bbox 1127 5003 1451 5059; x_wconf 87' lang='lat' dir='ltr'><strong>Theodoreti</strong></span> <span class='ocrx_word' id='word_1_492' title='bbox 1476 5009 1862 5062; x_wconf 67' lang='lat' dir='ltr'><strong>commentario</strong></span> 
     </span>
    </p>
   </div>
   <div class='ocr_carea' id='block_1_68' title="bbox 285 5096 1859 5156">
    <p class='ocr_par' dir='ltr' id='par_1_68' title="bbox 285 5096 1859 5156">
     <span class='ocr_line' id='line_1_68' title="bbox 285 5096 1859 5156; baseline 0.001 -3"><span class='ocrx_word' id='word_1_493' title='bbox 285 5102 338 5154; x_wconf 74' lang='lat' dir='ltr'><strong>ili</strong></span> <span class='ocrx_word' id='word_1_494' title='bbox 390 5099 753 5153; x_wconf 64' lang='lat' dir='ltr'><strong>EllSﬂhialllllll</strong></span> <span class='ocrx_word' id='word_1_495' title='bbox 806 5100 1085 5151; x_wconf 80' lang='lat' dir='ltr'><strong>advectum</strong></span> <span class='ocrx_word' id='word_1_496' title='bbox 1141 5112 1279 5151; x_wconf 80' lang='lat' dir='ltr'><strong>esse.</strong></span> <span class='ocrx_word' id='word_1_497' title='bbox 1335 5096 1466 5152; x_wconf 87' lang='lat' dir='ltr'><strong>Nam</strong></span> <span class='ocrx_word' id='word_1_498' title='bbox 1518 5111 1643 5153; x_wconf 83' lang='lat' dir='ltr'><strong>ante</strong></span> <span class='ocrx_word' id='word_1_499' title='bbox 1698 5104 1859 5156; x_wconf 82' lang='lat' dir='ltr'><strong>verba</strong></span> 
     </span>
    </p>
   </div>
   <div class='ocr_carea' id='block_1_69' title="bbox 284 5189 1857 5263">
    <p class='ocr_par' dir='ltr' id='par_1_69' title="bbox 284 5189 1857 5263">
     <span class='ocr_line' id='line_1_69' title="bbox 284 5189 1857 5263; baseline 0.001 -19"><span class='ocrx_word' id='word_1_500' title='bbox 284 5191 400 5252; x_wconf 89' lang='lat' dir='ltr'><strong>illa,</strong></span> <span class='ocrx_word' id='word_1_501' title='bbox 428 5191 475 5242; x_wconf 84' lang='grc' dir='ltr'><strong>εἰ</strong></span> <span class='ocrx_word' id='word_1_502' title='bbox 508 5189 621 5251; x_wconf 81' lang='grc' dir='ltr'><strong>καί,</strong></span> <span class='ocrx_word' id='word_1_503' title='bbox 675 5202 804 5249; x_wconf 86' lang='lat' dir='ltr'><strong>etc.,</strong></span> <span class='ocrx_word' id='word_1_504' title='bbox 840 5189 1069 5258; x_wconf 87' lang='lat' dir='ltr'><strong>legimtts</strong></span> <span class='ocrx_word' id='word_1_505' title='bbox 1118 5191 1169 5243; x_wconf 92' lang='lat' dir='ltr'><strong>in</strong></span> <span class='ocrx_word' id='word_1_506' title='bbox 1203 5190 1456 5256; x_wconf 85' lang='lat' dir='ltr'><strong>Eusebio,</strong></span> <span class='ocrx_word' id='word_1_507' title='bbox 1488 5192 1645 5255; x_wconf 81' lang='grc' dir='ltr'><strong>ἄλλος</strong></span> <span class='ocrx_word' id='word_1_508' title='bbox 1673 5193 1857 5263; x_wconf 67' lang='grc' dir='ltr'><strong>φησιν,</strong></span> 
     </span>
    </p>
   </div>
   <div class='ocr_carea' id='block_1_70' title="bbox 288 5282 1861 5350">
    <p class='ocr_par' dir='ltr' id='par_1_70' title="bbox 288 5282 1861 5350">
     <span class='ocr_line' id='line_1_70' title="bbox 288 5282 1861 5350; baseline 0.004 -15"><span class='ocrx_word' id='word_1_509' title='bbox 288 5303 309 5335; x_wconf 73' lang='grc' dir='ltr'><strong>ι</strong></span> <span class='ocrx_word' id='word_1_510' title='bbox 348 5285 424 5339; x_wconf 93' lang='lat' dir='ltr'><strong>ait</strong></span> <span class='ocrx_word' id='word_1_511' title='bbox 456 5282 613 5337; x_wconf 84' lang='lat' dir='ltr'><strong>alius.</strong></span> <span class='ocrx_word' id='word_1_512' title='bbox 652 5301 672 5333; x_wconf 75' lang='grc' dir='ltr'><strong>ι</strong></span> <span class='ocrx_word' id='word_1_513' title='bbox 717 5282 856 5350; x_wconf 84' lang='lat' dir='ltr'><strong>Quin</strong></span> <span class='ocrx_word' id='word_1_514' title='bbox 894 5293 1072 5337; x_wconf 91' lang='lat' dir='ltr'><strong>autem</strong></span> <span class='ocrx_word' id='word_1_515' title='bbox 1109 5303 1127 5334; x_wconf 83' lang='lat' dir='ltr'><strong>t</strong></span> <span class='ocrx_word' id='word_1_516' title='bbox 1163 5284 1301 5337; x_wconf 92' lang='lat' dir='ltr'><strong>alius</strong></span> <span class='ocrx_word' id='word_1_517' title='bbox 1331 5303 1348 5335; x_wconf 75' lang='grc' dir='ltr'><strong>ι</strong></span> <span class='ocrx_word' id='word_1_518' title='bbox 1388 5283 1474 5338; x_wconf 91' lang='lat' dir='ltr'><strong>ille</strong></span> <span class='ocrx_word' id='word_1_519' title='bbox 1514 5287 1584 5339; x_wconf 91' lang='lat' dir='ltr'><strong>sit</strong></span> <span class='ocrx_word' id='word_1_520' title='bbox 1614 5288 1861 5342; x_wconf 84' lang='lat' dir='ltr'><strong>Theudo-</strong></span> 
     </span>
    </p>
   </div>
   <div class='ocr_carea' id='block_1_71' title="bbox 286 5376 1855 5447">
    <p class='ocr_par' dir='ltr' id='par_1_71' title="bbox 286 5376 1855 5447">
     <span class='ocr_line' id='line_1_71' title="bbox 286 5376 1855 5447; baseline 0.003 -18"><span class='ocrx_word' id='word_1_521' title='bbox 286 5387 437 5431; x_wconf 84' lang='lat' dir='ltr'><strong>retns</strong></span> <span class='ocrx_word' id='word_1_522' title='bbox 462 5378 599 5447; x_wconf 87' lang='lat' dir='ltr'><strong>ipse,</strong></span> <span class='ocrx_word' id='word_1_523' title='bbox 636 5378 775 5443; x_wconf 89' lang='lat' dir='ltr'><strong>apud</strong></span> <span class='ocrx_word' id='word_1_524' title='bbox 818 5389 973 5445; x_wconf 89' lang='lat' dir='ltr'><strong>quem</strong></span> <span class='ocrx_word' id='word_1_525' title='bbox 1006 5377 1194 5430; x_wconf 80' lang='lat' dir='ltr'><strong>cadent</strong></span> <span class='ocrx_word' id='word_1_526' title='bbox 1223 5376 1443 5432; x_wconf 91' lang='lat' dir='ltr'><strong>omnino</strong></span> <span class='ocrx_word' id='word_1_527' title='bbox 1492 5378 1855 5447; x_wconf 79' lang='lat' dir='ltr'><strong>inveniuntur,</strong></span> 
     </span>
    </p>
   </div>
   <div class='ocr_carea' id='block_1_72' title="bbox 285 5466 1113 5536">
    <p class='ocr_par' dir='ltr' id='par_1_72' title="bbox 285 5466 1113 5536">
     <span class='ocr_line' id='line_1_72' title="bbox 285 5466 1113 5536; baseline 0.005 -19"><span class='ocrx_word' id='word_1_528' title='bbox 285 5467 519 5520; x_wconf 83' lang='lat' dir='ltr'><strong>dubitari</strong></span> <span class='ocrx_word' id='word_1_529' title='bbox 551 5482 705 5536; x_wconf 88' lang='lat' dir='ltr'><strong>posse</strong></span> <span class='ocrx_word' id='word_1_530' title='bbox 732 5484 834 5520; x_wconf 90' lang='lat' dir='ltr'><strong>non</strong></span> <span class='ocrx_word' id='word_1_531' title='bbox 858 5466 1113 5521; x_wconf 87' lang='lat' dir='ltr'><strong>arbitror.</strong></span> 
     </span>
    </p>
   </div>
   <div class='ocr_carea' id='block_1_73' title="bbox 354 5559 1855 5630">
    <p class='ocr_par' dir='ltr' id='par_1_73' title="bbox 354 5559 1855 5630">
     <span class='ocr_line' id='line_1_73' title="bbox 354 5559 1855 5630; baseline 0.003 -18"><span class='ocrx_word' id='word_1_532' title='bbox 354 5559 444 5613; x_wconf 84' lang='lat'><strong>50.</strong></span> <span class='ocrx_word' id='word_1_533' title='bbox 498 5561 611 5614; x_wconf 91' lang='lat' dir='ltr'><strong>Duo</strong></span> <span class='ocrx_word' id='word_1_534' title='bbox 658 5561 784 5615; x_wconf 92' lang='lat' dir='ltr'><strong>mihi</strong></span> <span class='ocrx_word' id='word_1_535' title='bbox 838 5561 1223 5630; x_wconf 87' lang='lat' dir='ltr'><strong>impedimento</strong></span> <span class='ocrx_word' id='word_1_536' title='bbox 1265 5570 1391 5615; x_wconf 91' lang='lat' dir='ltr'><strong>sunt</strong></span> <span class='ocrx_word' id='word_1_537' title='bbox 1441 5575 1505 5614; x_wconf 92' lang='lat' dir='ltr'><strong>ne</strong></span> <span class='ocrx_word' id='word_1_538' title='bbox 1548 5561 1855 5617; x_wconf 73' lang='lat' dir='ltr'><strong>testinmnia</strong></span> 
     </span>
    </p>
   </div>
   <div class='ocr_carea' id='block_1_74' title="bbox 285 5649 1854 5723">
    <p class='ocr_par' dir='ltr' id='par_1_74' title="bbox 285 5649 1854 5723">
     <span class='ocr_line' id='line_1_74' title="bbox 285 5649 1854 5723; baseline -0.002 -14"><span class='ocrx_word' id='word_1_539' title='bbox 285 5649 555 5709; x_wconf 62' lang='lat' dir='ltr'><strong>proferam</strong></span> <span class='ocrx_word' id='word_1_540' title='bbox 592 5663 682 5707; x_wconf 88' lang='lat' dir='ltr'><strong>aut</strong></span> <span class='ocrx_word' id='word_1_541' title='bbox 712 5668 777 5707; x_wconf 78' lang='lat' dir='ltr'><strong>ex</strong></span> <span class='ocrx_word' id='word_1_542' title='bbox 800 5650 1051 5723; x_wconf 86' lang='lat' dir='ltr'><strong>Origene,</strong></span> <span class='ocrx_word' id='word_1_543' title='bbox 1096 5659 1185 5704; x_wconf 91' lang='lat' dir='ltr'><strong>aut</strong></span> <span class='ocrx_word' id='word_1_544' title='bbox 1210 5666 1273 5704; x_wconf 78' lang='lat' dir='ltr'><strong>ex</strong></span> <span class='ocrx_word' id='word_1_545' title='bbox 1305 5652 1548 5719; x_wconf 80' lang='lat' dir='ltr'><strong>Didymo.</strong></span> <span class='ocrx_word' id='word_1_546' title='bbox 1597 5653 1854 5720; x_wconf 75' lang='lat' dir='ltr'><strong>Ptizt‘ttttll,</strong></span> 
     </span>
    </p>
   </div>
   <div class='ocr_carea' id='block_1_75' title="bbox 374 5830 751 5897">
    <p class='ocr_par' dir='ltr' id='par_1_75' title="bbox 374 5830 751 5897">
     <span class='ocr_line' id='line_1_75' title="bbox 374 5830 751 5897; baseline 0 -12"><span class='ocrx_word' id='word_1_547' title='bbox 374 5831 421 5864; x_wconf 77' lang='lat'><strong>”</strong></span> <span class='ocrx_word' id='word_1_548' title='bbox 444 5830 670 5897; x_wconf 72' lang='lat' dir='ltr'><strong>PsaMt,</strong></span> <span class='ocrx_word' id='word_1_549' title='bbox 698 5832 751 5885; x_wconf 72' lang='grc'><strong>2.</strong></span> 
     </span>
    </p>
   </div>
   <div class='ocr_carea' id='block_1_76' title="bbox 834 5830 1683 5894">
    <p class='ocr_par' dir='ltr' id='par_1_76' title="bbox 834 5830 1683 5894">
     <span class='ocr_line' id='line_1_76' title="bbox 834 5830 1683 5894; baseline -0.002 -9"><span class='ocrx_word' id='word_1_550' title='bbox 834 5832 875 5864; x_wconf 84' lang='grc'><em>³³</em></span> <span class='ocrx_word' id='word_1_551' title='bbox 905 5831 1035 5885; x_wconf 69' lang='lat' dir='ltr'><strong>ibid.</strong></span> <span class='ocrx_word' id='word_1_552' title='bbox 1072 5833 1122 5886; x_wconf 80' lang='grc'><strong>5.</strong></span> <span class='ocrx_word' id='word_1_553' title='bbox 1203 5833 1245 5863; x_wconf 82' lang='lat'><strong>&quot;</strong></span> <span class='ocrx_word' id='word_1_554' title='bbox 1279 5830 1417 5883; x_wconf 63' lang='lat' dir='ltr'><strong>Psal.</strong></span> <span class='ocrx_word' id='word_1_555' title='bbox 1462 5847 1569 5894; x_wconf 70' lang='lat' dir='ltr'><strong>xu,</strong></span> <span class='ocrx_word' id='word_1_556' title='bbox 1606 5834 1683 5884; x_wconf 81' lang='lat' dir='ltr'><strong>li.</strong></span> 
     </span>
    </p>
   </div>
   <div class='ocr_carea' id='block_1_77' title="bbox 1954 1996 3521 2067">
    <p class='ocr_par' dir='ltr' id='par_1_77' title="bbox 1954 1996 3521 2067">
     <span class='ocr_line' id='line_1_77' title="bbox 1954 1996 3521 2067; baseline 0 -17"><span class='ocrx_word' id='word_1_557' title='bbox 1954 1997 2200 2051; x_wconf 87' lang='lat' dir='ltr'><strong>nonnihil</strong></span> <span class='ocrx_word' id='word_1_558' title='bbox 2250 1998 2602 2067; x_wconf 79' lang='lat' dir='ltr'><strong>excerpsisse.</strong></span> <span class='ocrx_word' id='word_1_559' title='bbox 2656 1996 2844 2053; x_wconf 83' lang='lat' dir='ltr'><strong>Finem</strong></span> <span class='ocrx_word' id='word_1_560' title='bbox 2907 1998 3119 2051; x_wconf 89' lang='lat' dir='ltr'><strong>tandem</strong></span> <span class='ocrx_word' id='word_1_561' title='bbox 3168 1998 3374 2052; x_wconf 87' lang='lat' dir='ltr'><strong>criticis</strong></span> <span class='ocrx_word' id='word_1_562' title='bbox 3437 1998 3521 2050; x_wconf 87' lang='lat' dir='ltr'><strong>his</strong></span> 
     </span>
    </p>
   </div>
   <div class='ocr_carea' id='block_1_78' title="bbox 1955 2088 3519 2158">
    <p class='ocr_par' dir='ltr' id='par_1_78' title="bbox 1955 2088 3519 2158">
     <span class='ocr_line' id='line_1_78' title="bbox 1955 2088 3519 2158; baseline -0.001 -19"><span class='ocrx_word' id='word_1_563' title='bbox 1955 2089 2095 2141; x_wconf 89' lang='lat' dir='ltr'><strong>notis</strong></span> <span class='ocrx_word' id='word_1_564' title='bbox 2126 2089 2485 2157; x_wconf 88' lang='lat' dir='ltr'><strong>imponamus.</strong></span> <span class='ocrx_word' id='word_1_565' title='bbox 2520 2088 2660 2142; x_wconf 81' lang='lat' dir='ltr'><strong>Nihil</strong></span> <span class='ocrx_word' id='word_1_566' title='bbox 2697 2089 2839 2144; x_wconf 90' lang='lat' dir='ltr'><strong>enim</strong></span> <span class='ocrx_word' id='word_1_567' title='bbox 2872 2089 3068 2141; x_wconf 84' lang='lat' dir='ltr'><strong>attinet</strong></span> <span class='ocrx_word' id='word_1_568' title='bbox 3114 2089 3296 2142; x_wconf 89' lang='lat' dir='ltr'><strong>dicere</strong></span> <span class='ocrx_word' id='word_1_569' title='bbox 3343 2089 3519 2158; x_wconf 86' lang='lat' dir='ltr'><strong>plura,</strong></span> 
     </span>
    </p>
   </div>
   <div class='ocr_carea' id='block_1_79' title="bbox 1953 2182 3519 2251">
    <p class='ocr_par' dir='ltr' id='par_1_79' title="bbox 1953 2182 3519 2251">
     <span class='ocr_line' id='line_1_79' title="bbox 1953 2182 3519 2251; baseline 0 -19"><span class='ocrx_word' id='word_1_570' title='bbox 1953 2195 2071 2233; x_wconf 91' lang='lat' dir='ltr'><strong>cum</strong></span> <span class='ocrx_word' id='word_1_571' title='bbox 2097 2182 2230 2235; x_wconf 90' lang='lat' dir='ltr'><strong>satis</strong></span> <span class='ocrx_word' id='word_1_572' title='bbox 2261 2197 2527 2251; x_wconf 89' lang='lat' dir='ltr'><strong>superque</strong></span> <span class='ocrx_word' id='word_1_573' title='bbox 2566 2198 2630 2237; x_wconf 83' lang='lat' dir='ltr'><strong>ex</strong></span> <span class='ocrx_word' id='word_1_574' title='bbox 2680 2182 2764 2235; x_wconf 91' lang='lat' dir='ltr'><strong>his</strong></span> <span class='ocrx_word' id='word_1_575' title='bbox 2813 2189 3021 2236; x_wconf 76' lang='lat' dir='ltr'><strong>constet</strong></span> <span class='ocrx_word' id='word_1_576' title='bbox 3072 2182 3519 2234; x_wconf 73' lang='lat' dir='ltr'><strong>commentarium</strong></span> 
     </span>
    </p>
   </div>
   <div class='ocr_carea' id='block_1_80' title="bbox 1952 2260 3518 2341">
    <p class='ocr_par' dir='ltr' id='par_1_80' title="bbox 1952 2260 3518 2341">
     <span class='ocr_line' id='line_1_80' title="bbox 1952 2260 3518 2341; baseline -0.001 -17"><span class='ocrx_word' id='word_1_577' title='bbox 1952 2285 2073 2324; x_wconf 90' lang='lat' dir='ltr'><strong>eum</strong></span> <span class='ocrx_word' id='word_1_578' title='bbox 2107 2273 2199 2341; x_wconf 92' lang='lat' dir='ltr'><strong>qui</strong></span> <span class='ocrx_word' id='word_1_579' title='bbox 2235 2260 2451 2328; x_wconf 82' lang='lat' dir='ltr'><strong>nomine</strong></span> <span class='ocrx_word' id='word_1_580' title='bbox 2498 2274 2770 2328; x_wconf 90' lang='lat' dir='ltr'><strong>Theodori</strong></span> <span class='ocrx_word' id='word_1_581' title='bbox 2821 2274 3151 2328; x_wconf 68' lang='lat' dir='ltr'><strong>Heracleotaa</strong></span> <span class='ocrx_word' id='word_1_582' title='bbox 3200 2269 3518 2326; x_wconf 61' lang='lat' dir='ltr'><strong>circumfer-</strong></span> 
     </span>
    </p>
   </div>
   <div class='ocr_carea' id='block_1_81' title="bbox 1956 2361 3522 2431">
    <p class='ocr_par' dir='ltr' id='par_1_81' title="bbox 1956 2361 3522 2431">
     <span class='ocr_line' id='line_1_81' title="bbox 1956 2361 3522 2431; baseline -0.001 -17"><span class='ocrx_word' id='word_1_583' title='bbox 1956 2370 2065 2429; x_wconf 89' lang='lat' dir='ltr'><strong>tur,</strong></span> <span class='ocrx_word' id='word_1_584' title='bbox 2093 2364 2141 2417; x_wconf 91' lang='lat' dir='ltr'><strong>ei</strong></span> <span class='ocrx_word' id='word_1_585' title='bbox 2170 2365 2333 2419; x_wconf 89' lang='lat' dir='ltr'><strong>tribui</strong></span> <span class='ocrx_word' id='word_1_586' title='bbox 2373 2381 2479 2419; x_wconf 91' lang='lat' dir='ltr'><strong>non</strong></span> <span class='ocrx_word' id='word_1_587' title='bbox 2531 2365 2753 2429; x_wconf 86' lang='lat' dir='ltr'><strong>debere,</strong></span> <span class='ocrx_word' id='word_1_588' title='bbox 2802 2380 2900 2417; x_wconf 90' lang='lat' dir='ltr'><strong>nec</strong></span> <span class='ocrx_word' id='word_1_589' title='bbox 2940 2379 3115 2431; x_wconf 81' lang='lat' dir='ltr'><strong>posse.</strong></span> <span class='ocrx_word' id='word_1_590' title='bbox 3165 2361 3307 2418; x_wconf 87' lang='lat' dir='ltr'><strong>Cave</strong></span> <span class='ocrx_word' id='word_1_591' title='bbox 3362 2362 3522 2431; x_wconf 66' lang='lat' dir='ltr'><strong>igitur</strong></span> 
     </span>
    </p>
   </div>
   <div class='ocr_carea' id='block_1_82' title="bbox 1957 2452 3523 2527">
    <p class='ocr_par' dir='ltr' id='par_1_82' title="bbox 1957 2452 3523 2527">
     <span class='ocr_line' id='line_1_82' title="bbox 1957 2452 3523 2527; baseline -0.006 -15"><span class='ocrx_word' id='word_1_592' title='bbox 1957 2469 2112 2527; x_wconf 89' lang='lat' dir='ltr'><strong>putes</strong></span> <span class='ocrx_word' id='word_1_593' title='bbox 2168 2456 2472 2509; x_wconf 84' lang='lat' dir='ltr'><strong>habendum</strong></span> <span class='ocrx_word' id='word_1_594' title='bbox 2527 2468 2646 2508; x_wconf 88' lang='lat' dir='ltr'><strong>esse</strong></span> <span class='ocrx_word' id='word_1_595' title='bbox 2693 2469 2792 2520; x_wconf 85' lang='lat' dir='ltr'><strong>pro</strong></span> <span class='ocrx_word' id='word_1_596' title='bbox 2844 2452 3105 2522; x_wconf 85' lang='lat' dir='ltr'><strong>plagiario</strong></span> <span class='ocrx_word' id='word_1_597' title='bbox 3146 2452 3422 2516; x_wconf 87' lang='lat' dir='ltr'><strong>Basilinm,</strong></span> <span class='ocrx_word' id='word_1_598' title='bbox 3458 2468 3523 2505; x_wconf 87' lang='lat' dir='ltr'><strong>en</strong></span> 
     </span>
    </p>
   </div>
   <div class='ocr_carea' id='block_1_83' title="bbox 1953 2545 3523 2618">
    <p class='ocr_par' dir='ltr' id='par_1_83' title="bbox 1953 2545 3523 2618">
     <span class='ocr_line' id='line_1_83' title="bbox 1953 2545 3523 2618; baseline -0.004 -16"><span class='ocrx_word' id='word_1_599' title='bbox 1953 2549 2096 2618; x_wconf 84' lang='lat' dir='ltr'><strong>quod</strong></span> <span class='ocrx_word' id='word_1_600' title='bbox 2154 2548 2207 2600; x_wconf 95' lang='lat' dir='ltr'><strong>in</strong></span> <span class='ocrx_word' id='word_1_601' title='bbox 2260 2546 2428 2614; x_wconf 89' lang='lat' dir='ltr'><strong>ipsius</strong></span> <span class='ocrx_word' id='word_1_602' title='bbox 2472 2545 2812 2600; x_wconf 87' lang='lat' dir='ltr'><strong>orationibus</strong></span> <span class='ocrx_word' id='word_1_603' title='bbox 2868 2546 2920 2598; x_wconf 92' lang='lat' dir='ltr'><strong>in</strong></span> <span class='ocrx_word' id='word_1_604' title='bbox 2974 2545 3211 2612; x_wconf 88' lang='lat' dir='ltr'><strong>psalmos</strong></span> <span class='ocrx_word' id='word_1_605' title='bbox 3275 2545 3523 2613; x_wconf 79' lang='lat' dir='ltr'><strong>legantur</strong></span> 
     </span>
    </p>
   </div>
   <div class='ocr_carea' id='block_1_84' title="bbox 1953 2636 3525 2706">
    <p class='ocr_par' dir='ltr' id='par_1_84' title="bbox 1953 2636 3525 2706">
     <span class='ocr_line' id='line_1_84' title="bbox 1953 2636 3525 2706; baseline -0.003 -14"><span class='ocrx_word' id='word_1_606' title='bbox 1953 2640 2140 2693; x_wconf 82' lang='lat' dir='ltr'><strong>eadem</strong></span> <span class='ocrx_word' id='word_1_607' title='bbox 2168 2653 2275 2691; x_wconf 92' lang='lat' dir='ltr'><strong>non</strong></span> <span class='ocrx_word' id='word_1_608' title='bbox 2302 2652 2446 2701; x_wconf 90' lang='lat' dir='ltr'><strong>raro,</strong></span> <span class='ocrx_word' id='word_1_609' title='bbox 2493 2652 2612 2706; x_wconf 57' lang='lat' dir='ltr'><strong>qua;</strong></span> <span class='ocrx_word' id='word_1_610' title='bbox 2665 2636 2717 2689; x_wconf 95' lang='lat' dir='ltr'><strong>in</strong></span> <span class='ocrx_word' id='word_1_611' title='bbox 2746 2640 3172 2703; x_wconf 89' lang='lat' dir='ltr'><strong>commentario;</strong></span> <span class='ocrx_word' id='word_1_612' title='bbox 3219 2641 3310 2691; x_wconf 86' lang='lat' dir='ltr'><strong>sed</strong></span> <span class='ocrx_word' id='word_1_613' title='bbox 3337 2636 3525 2691; x_wconf 76' lang='lat' dir='ltr'><strong>existi-</strong></span> 
     </span>
    </p>
   </div>
   <div class='ocr_carea' id='block_1_85' title="bbox 1956 2728 3522 2793">
    <p class='ocr_par' dir='ltr' id='par_1_85' title="bbox 1956 2728 3522 2793">
     <span class='ocr_line' id='line_1_85' title="bbox 1956 2728 3522 2793; baseline -0.002 -9"><span class='ocrx_word' id='word_1_614' title='bbox 1956 2747 2071 2786; x_wconf 89' lang='lat' dir='ltr'><strong>mes</strong></span> <span class='ocrx_word' id='word_1_615' title='bbox 2097 2730 2252 2783; x_wconf 90' lang='lat' dir='ltr'><strong>velim</strong></span> <span class='ocrx_word' id='word_1_616' title='bbox 2296 2728 2742 2785; x_wconf 83' lang='lat' dir='ltr'><strong>c&#39;nmmentarium</strong></span> <span class='ocrx_word' id='word_1_617' title='bbox 2790 2731 2937 2784; x_wconf 93' lang='lat' dir='ltr'><strong>illum</strong></span> <span class='ocrx_word' id='word_1_618' title='bbox 2982 2742 3039 2784; x_wconf 91' lang='lat' dir='ltr'><strong>nt</strong></span> <span class='ocrx_word' id='word_1_619' title='bbox 3069 2747 3133 2783; x_wconf 83' lang='lat' dir='ltr'><strong>ex</strong></span> <span class='ocrx_word' id='word_1_620' title='bbox 3167 2731 3286 2785; x_wconf 88' lang='lat' dir='ltr'><strong>aliis</strong></span> <span class='ocrx_word' id='word_1_621' title='bbox 3318 2732 3522 2793; x_wconf 72' lang='lat' dir='ltr'><strong>multis,</strong></span> 
     </span>
    </p>
   </div>
   <div class='ocr_carea' id='block_1_86' title="bbox 1960 2820 3523 2891">
    <p class='ocr_par' dir='ltr' id='par_1_86' title="bbox 1960 2820 3523 2891">
     <span class='ocr_line' id='line_1_86' title="bbox 1960 2820 3523 2891; baseline -0.001 -14"><span class='ocrx_word' id='word_1_622' title='bbox 1960 2824 2030 2877; x_wconf 89' lang='lat' dir='ltr'><strong>ita</strong></span> <span class='ocrx_word' id='word_1_623' title='bbox 2068 2838 2098 2877; x_wconf 90' lang='lat' dir='ltr'><strong>e</strong></span> <span class='ocrx_word' id='word_1_624' title='bbox 2157 2821 2358 2876; x_wconf 86' lang='lat' dir='ltr'><strong>Basilio</strong></span> <span class='ocrx_word' id='word_1_625' title='bbox 2392 2833 2662 2891; x_wconf 89' lang='lat' dir='ltr'><strong>sumptum</strong></span> <span class='ocrx_word' id='word_1_626' title='bbox 2687 2837 2823 2877; x_wconf 89' lang='lat' dir='ltr'><strong>esse.</strong></span> <span class='ocrx_word' id='word_1_627' title='bbox 2855 2820 2965 2878; x_wconf 86' lang='lat' dir='ltr'><strong>Nec</strong></span> <span class='ocrx_word' id='word_1_628' title='bbox 2993 2824 3189 2877; x_wconf 81' lang='lat' dir='ltr'><strong>dixerit</strong></span> <span class='ocrx_word' id='word_1_629' title='bbox 3240 2824 3523 2891; x_wconf 83' lang='lat' dir='ltr'><strong>quisquam</strong></span> 
     </span>
    </p>
   </div>
   <div class='ocr_carea' id='block_1_87' title="bbox 1959 2913 3522 2982">
    <p class='ocr_par' dir='ltr' id='par_1_87' title="bbox 1959 2913 3522 2982">
     <span class='ocr_line' id='line_1_87' title="bbox 1959 2913 3522 2982; baseline -0.001 -16"><span class='ocrx_word' id='word_1_630' title='bbox 1959 2929 2063 2967; x_wconf 93' lang='lat' dir='ltr'><strong>non</strong></span> <span class='ocrx_word' id='word_1_631' title='bbox 2088 2913 2258 2967; x_wconf 84' lang='lat' dir='ltr'><strong>fuisse</strong></span> <span class='ocrx_word' id='word_1_632' title='bbox 2296 2927 2362 2966; x_wconf 78' lang='lat' dir='ltr'><strong>ex</strong></span> <span class='ocrx_word' id='word_1_633' title='bbox 2404 2913 2658 2967; x_wconf 89' lang='lat' dir='ltr'><strong>omnibus</strong></span> <span class='ocrx_word' id='word_1_634' title='bbox 2696 2915 2917 2982; x_wconf 86' lang='lat' dir='ltr'><strong>psalmis</strong></span> <span class='ocrx_word' id='word_1_635' title='bbox 2954 2913 3115 2967; x_wconf 88' lang='lat' dir='ltr'><strong>allata</strong></span> <span class='ocrx_word' id='word_1_636' title='bbox 3154 2914 3432 2980; x_wconf 82' lang='lat' dir='ltr'><strong>exempla;</strong></span> <span class='ocrx_word' id='word_1_637' title='bbox 3466 2925 3522 2965; x_wconf 83' lang='lat' dir='ltr'><strong>et</strong></span> 
     </span>
    </p>
   </div>
   <div class='ocr_carea' id='block_1_88' title="bbox 1958 3002 3524 3072">
    <p class='ocr_par' dir='ltr' id='par_1_88' title="bbox 1958 3002 3524 3072">
     <span class='ocr_line' id='line_1_88' title="bbox 1958 3002 3524 3072; baseline 0 -17"><span class='ocrx_word' id='word_1_638' title='bbox 1958 3002 2073 3055; x_wconf 85' lang='lat' dir='ltr'><strong>fieri</strong></span> <span class='ocrx_word' id='word_1_639' title='bbox 2130 3017 2305 3072; x_wconf 89' lang='lat' dir='ltr'><strong>posse,</strong></span> <span class='ocrx_word' id='word_1_640' title='bbox 2347 3013 2405 3057; x_wconf 91' lang='lat' dir='ltr'><strong>ut</strong></span> <span class='ocrx_word' id='word_1_641' title='bbox 2458 3004 2663 3069; x_wconf 88' lang='lat' dir='ltr'><strong>reliqua</strong></span> <span class='ocrx_word' id='word_1_642' title='bbox 2705 3005 3081 3058; x_wconf 89' lang='lat' dir='ltr'><strong>commentarii</strong></span> <span class='ocrx_word' id='word_1_643' title='bbox 3112 3020 3233 3072; x_wconf 87' lang='lat' dir='ltr'><strong>pars</strong></span> <span class='ocrx_word' id='word_1_644' title='bbox 3261 3004 3377 3072; x_wconf 91' lang='lat' dir='ltr'><strong>ejus</strong></span> <span class='ocrx_word' id='word_1_645' title='bbox 3432 3006 3524 3067; x_wconf 89' lang='lat' dir='ltr'><strong>sit,</strong></span> 
     </span>
    </p>
   </div>
   <div class='ocr_carea' id='block_1_89' title="bbox 1956 3093 3524 3164">
    <p class='ocr_par' dir='ltr' id='par_1_89' title="bbox 1956 3093 3524 3164">
     <span class='ocr_line' id='line_1_89' title="bbox 1956 3093 3524 3164; baseline 0.001 -17"><span class='ocrx_word' id='word_1_646' title='bbox 1956 3093 2110 3164; x_wconf 81' lang='lat' dir='ltr'><strong>cujus</strong></span> <span class='ocrx_word' id='word_1_647' title='bbox 2141 3094 2355 3148; x_wconf 88' lang='lat' dir='ltr'><strong>nomine</strong></span> <span class='ocrx_word' id='word_1_648' title='bbox 2383 3094 2695 3163; x_wconf 89' lang='lat' dir='ltr'><strong>insignitur.</strong></span> <span class='ocrx_word' id='word_1_649' title='bbox 2741 3094 2950 3149; x_wconf 91' lang='lat' dir='ltr'><strong>Etenim</strong></span> <span class='ocrx_word' id='word_1_650' title='bbox 2994 3094 3260 3161; x_wconf 85' lang='lat' dir='ltr'><strong>conjicere</strong></span> <span class='ocrx_word' id='word_1_651' title='bbox 3287 3095 3413 3148; x_wconf 86' lang='lat' dir='ltr'><strong>licet</strong></span> <span class='ocrx_word' id='word_1_652' title='bbox 3460 3113 3524 3148; x_wconf 77' lang='lat' dir='ltr'><strong>ex</strong></span> 
     </span>
    </p>
   </div>
   <div class='ocr_carea' id='block_1_90' title="bbox 1960 3187 3523 3254">
    <p class='ocr_par' dir='ltr' id='par_1_90' title="bbox 1960 3187 3523 3254">
     <span class='ocr_line' id='line_1_90' title="bbox 1960 3187 3523 3254; baseline -0.001 -14"><span class='ocrx_word' id='word_1_653' title='bbox 1960 3187 2024 3241; x_wconf 91' lang='lat' dir='ltr'><strong>iis</strong></span> <span class='ocrx_word' id='word_1_654' title='bbox 2078 3202 2197 3254; x_wconf 67' lang='lat' dir='ltr'><strong>quae</strong></span> <span class='ocrx_word' id='word_1_655' title='bbox 2247 3188 2299 3241; x_wconf 85' lang='lat' dir='ltr'><strong>in</strong></span> <span class='ocrx_word' id='word_1_656' title='bbox 2358 3187 2591 3241; x_wconf 89' lang='lat' dir='ltr'><strong>medium</strong></span> <span class='ocrx_word' id='word_1_657' title='bbox 2636 3188 2992 3253; x_wconf 82' lang='lat' dir='ltr'><strong>adduximus,</strong></span> <span class='ocrx_word' id='word_1_658' title='bbox 3043 3188 3523 3253; x_wconf 81' lang='lat' dir='ltr'><strong>commentarium,</strong></span> 
     </span>
    </p>
   </div>
   <div class='ocr_carea' id='block_1_91' title="bbox 1958 3279 3528 3350">
    <p class='ocr_par' dir='ltr' id='par_1_91' title="bbox 1958 3279 3528 3350">
     <span class='ocr_line' id='line_1_91' title="bbox 1958 3279 3528 3350; baseline 0 -18"><span class='ocrx_word' id='word_1_659' title='bbox 1958 3290 2187 3347; x_wconf 86' lang='lat' dir='ltr'><strong>quantus</strong></span> <span class='ocrx_word' id='word_1_660' title='bbox 2230 3289 2463 3350; x_wconf 91' lang='lat' dir='ltr'><strong>quantus</strong></span> <span class='ocrx_word' id='word_1_661' title='bbox 2507 3289 2617 3343; x_wconf 80' lang='lat' dir='ltr'><strong>est,</strong></span> <span class='ocrx_word' id='word_1_662' title='bbox 2668 3279 2903 3345; x_wconf 87' lang='lat' dir='ltr'><strong>ejusdem</strong></span> <span class='ocrx_word' id='word_1_663' title='bbox 2952 3279 3164 3346; x_wconf 89' lang='lat' dir='ltr'><strong>generis</strong></span> <span class='ocrx_word' id='word_1_664' title='bbox 3206 3280 3528 3332; x_wconf 88' lang='lat' dir='ltr'><strong>testimoniis</strong></span> 
     </span>
    </p>
   </div>
   <div class='ocr_carea' id='block_1_92' title="bbox 1958 3369 3527 3438">
    <p class='ocr_par' dir='ltr' id='par_1_92' title="bbox 1958 3369 3527 3438">
     <span class='ocr_line' id='line_1_92' title="bbox 1958 3369 3527 3438; baseline -0.001 -17"><span class='ocrx_word' id='word_1_665' title='bbox 1958 3369 2212 3422; x_wconf 87' lang='lat' dir='ltr'><strong>refertum</strong></span> <span class='ocrx_word' id='word_1_666' title='bbox 2253 3385 2390 3433; x_wconf 88' lang='lat' dir='ltr'><strong>esse,</strong></span> <span class='ocrx_word' id='word_1_667' title='bbox 2443 3385 2541 3423; x_wconf 90' lang='lat' dir='ltr'><strong>nec</strong></span> <span class='ocrx_word' id='word_1_668' title='bbox 2596 3384 2791 3422; x_wconf 87' lang='lat' dir='ltr'><strong>nomen</strong></span> <span class='ocrx_word' id='word_1_669' title='bbox 2826 3369 2967 3423; x_wconf 91' lang='lat' dir='ltr'><strong>aliud</strong></span> <span class='ocrx_word' id='word_1_670' title='bbox 3001 3370 3047 3425; x_wconf 90' lang='lat' dir='ltr'><strong>ei</strong></span> <span class='ocrx_word' id='word_1_671' title='bbox 3099 3370 3268 3438; x_wconf 85' lang='lat' dir='ltr'><strong>magis</strong></span> <span class='ocrx_word' id='word_1_672' title='bbox 3330 3384 3527 3425; x_wconf 84' lang='lat' dir='ltr'><strong>c0nve-</strong></span> 
     </span>
    </p>
   </div>
   <div class='ocr_carea' id='block_1_93' title="bbox 1956 3460 3527 3529">
    <p class='ocr_par' dir='ltr' id='par_1_93' title="bbox 1956 3460 3527 3529">
     <span class='ocr_line' id='line_1_93' title="bbox 1956 3460 3527 3529; baseline 0.001 -17"><span class='ocrx_word' id='word_1_673' title='bbox 1956 3461 2107 3525; x_wconf 88' lang='lat' dir='ltr'><strong>nire,</strong></span> <span class='ocrx_word' id='word_1_674' title='bbox 2140 3474 2299 3529; x_wconf 89' lang='lat' dir='ltr'><strong>quam</strong></span> <span class='ocrx_word' id='word_1_675' title='bbox 2352 3470 2573 3514; x_wconf 73' lang='lat' dir='ltr'><strong>catenae.</strong></span> <span class='ocrx_word' id='word_1_676' title='bbox 2600 3461 2789 3513; x_wconf 85' lang='lat' dir='ltr'><strong>Audivi</strong></span> <span class='ocrx_word' id='word_1_677' title='bbox 2819 3461 3088 3514; x_wconf 91' lang='lat' dir='ltr'><strong>eruditum</strong></span> <span class='ocrx_word' id='word_1_678' title='bbox 3124 3462 3394 3515; x_wconf 87' lang='lat' dir='ltr'><strong>hominem</strong></span> <span class='ocrx_word' id='word_1_679' title='bbox 3437 3460 3527 3514; x_wconf 69' lang='lat' dir='ltr'><strong>lii-</strong></span> 
     </span>
    </p>
   </div>
   <div class='ocr_carea' id='block_1_94' title="bbox 1958 3553 3526 3615">
    <p class='ocr_par' dir='ltr' id='par_1_94' title="bbox 1958 3553 3526 3615">
     <span class='ocr_line' id='line_1_94' title="bbox 1958 3553 3526 3615; baseline 0.002 -10"><span class='ocrx_word' id='word_1_680' title='bbox 1958 3553 2218 3606; x_wconf 92' lang='lat' dir='ltr'><strong>chardum</strong></span> <span class='ocrx_word' id='word_1_681' title='bbox 2274 3554 2460 3608; x_wconf 91' lang='lat' dir='ltr'><strong>Simon</strong></span> <span class='ocrx_word' id='word_1_682' title='bbox 2503 3554 2685 3609; x_wconf 90' lang='lat' dir='ltr'><strong>dicere</strong></span> <span class='ocrx_word' id='word_1_683' title='bbox 2734 3553 2974 3615; x_wconf 88' lang='lat' dir='ltr'><strong>solitum,</strong></span> <span class='ocrx_word' id='word_1_684' title='bbox 3008 3553 3177 3607; x_wconf 87' lang='lat' dir='ltr'><strong>videri</strong></span> <span class='ocrx_word' id='word_1_685' title='bbox 3232 3554 3333 3608; x_wconf 91' lang='lat' dir='ltr'><strong>sibi</strong></span> <span class='ocrx_word' id='word_1_686' title='bbox 3383 3554 3526 3608; x_wconf 91' lang='lat' dir='ltr'><strong>hunc</strong></span> 
     </span>
    </p>
   </div>
   <div class='ocr_carea' id='block_1_95' title="bbox 1959 3643 3530 3714">
    <p class='ocr_par' dir='ltr' id='par_1_95' title="bbox 1959 3643 3530 3714">
     <span class='ocr_line' id='line_1_95' title="bbox 1959 3643 3530 3714; baseline 0.002 -17"><span class='ocrx_word' id='word_1_687' title='bbox 1959 3644 2229 3698; x_wconf 82' lang='lat' dir='ltr'><strong>Theodori</strong></span> <span class='ocrx_word' id='word_1_688' title='bbox 2259 3643 2595 3699; x_wconf 73' lang='lat' dir='ltr'><strong>Heracleotte</strong></span> <span class='ocrx_word' id='word_1_689' title='bbox 2626 3646 3069 3699; x_wconf 88' lang='lat' dir='ltr'><strong>commentarium</strong></span> <span class='ocrx_word' id='word_1_690' title='bbox 3111 3645 3350 3699; x_wconf 86' lang='lat' dir='ltr'><strong>omnium</strong></span> <span class='ocrx_word' id='word_1_691' title='bbox 3395 3662 3530 3714; x_wconf 89' lang='lat' dir='ltr'><strong>quos</strong></span> 
     </span>
    </p>
   </div>
   <div class='ocr_carea' id='block_1_96' title="bbox 1960 3735 3529 3809">
    <p class='ocr_par' dir='ltr' id='par_1_96' title="bbox 1960 3735 3529 3809">
     <span class='ocr_line' id='line_1_96' title="bbox 1960 3735 3529 3809; baseline 0.005 -21"><span class='ocrx_word' id='word_1_692' title='bbox 1960 3735 2162 3804; x_wconf 89' lang='lat' dir='ltr'><strong>legerat</strong></span> <span class='ocrx_word' id='word_1_693' title='bbox 2202 3738 2464 3804; x_wconf 93' lang='lat' dir='ltr'><strong>optimum</strong></span> <span class='ocrx_word' id='word_1_694' title='bbox 2498 3748 2659 3804; x_wconf 90' lang='lat' dir='ltr'><strong>atque</strong></span> <span class='ocrx_word' id='word_1_695' title='bbox 2707 3738 3078 3793; x_wconf 87' lang='lat' dir='ltr'><strong>utilissimum.</strong></span> <span class='ocrx_word' id='word_1_696' title='bbox 3131 3738 3288 3806; x_wconf 85' lang='lat' dir='ltr'><strong>Nam,</strong></span> <span class='ocrx_word' id='word_1_697' title='bbox 3320 3741 3529 3809; x_wconf 87' lang='lat' dir='ltr'><strong>inquie-</strong></span> 
     </span>
    </p>
   </div>
   <div class='ocr_carea' id='block_1_97' title="bbox 1960 3819 3527 3883">
    <p class='ocr_par' dir='ltr' id='par_1_97' title="bbox 1960 3819 3527 3883">
     <span class='ocr_line' id='line_1_97' title="bbox 1960 3819 3527 3883; baseline 0.005 -12"><span class='ocrx_word' id='word_1_698' title='bbox 1960 3820 2298 3883; x_wconf 89' lang='lat' dir='ltr'><strong>bat,omnetn</strong></span> <span class='ocrx_word' id='word_1_699' title='bbox 2319 3819 2535 3873; x_wconf 87' lang='lat' dir='ltr'><strong>Patrum</strong></span> <span class='ocrx_word' id='word_1_700' title='bbox 2559 3822 2866 3875; x_wconf 72' lang='lat' dir='ltr'><strong>Graecorum</strong></span> <span class='ocrx_word' id='word_1_701' title='bbox 2886 3824 3186 3875; x_wconf 86' lang='lat' dir='ltr'><strong>doctrinam</strong></span> <span class='ocrx_word' id='word_1_702' title='bbox 3219 3829 3527 3879; x_wconf 90' lang='lat' dir='ltr'><strong>summatim</strong></span> 
     </span>
    </p>
   </div>
   <div class='ocr_carea' id='block_1_98' title="bbox 1958 3910 3529 3985">
    <p class='ocr_par' dir='ltr' id='par_1_98' title="bbox 1958 3910 3529 3985">
     <span class='ocr_line' id='line_1_98' title="bbox 1958 3910 3529 3985; baseline 0.005 -21"><span class='ocrx_word' id='word_1_703' title='bbox 1958 3910 2345 3978; x_wconf 77' lang='lat' dir='ltr'><strong>complectitur.</strong></span> <span class='ocrx_word' id='word_1_704' title='bbox 2368 3910 2524 3964; x_wconf 91' lang='lat' dir='ltr'><strong>Certe</strong></span> <span class='ocrx_word' id='word_1_705' title='bbox 2538 3912 2637 3964; x_wconf 92' lang='lat' dir='ltr'><strong>hoc</strong></span> <span class='ocrx_word' id='word_1_706' title='bbox 2651 3912 2833 3965; x_wconf 92' lang='lat' dir='ltr'><strong>dicere</strong></span> <span class='ocrx_word' id='word_1_707' title='bbox 2838 3910 2856 3979; x_wconf 91' lang='lat' dir='ltr'><strong>j</strong></span> <span class='ocrx_word' id='word_1_708' title='bbox 2865 3926 2958 3966; x_wconf 92' lang='lat' dir='ltr'><strong>ure</strong></span> <span class='ocrx_word' id='word_1_709' title='bbox 2972 3914 3175 3981; x_wconf 90' lang='lat' dir='ltr'><strong>optimo</strong></span> <span class='ocrx_word' id='word_1_710' title='bbox 3188 3916 3378 3985; x_wconf 91' lang='lat' dir='ltr'><strong>potuit,</strong></span> <span class='ocrx_word' id='word_1_711' title='bbox 3406 3932 3529 3972; x_wconf 92' lang='lat' dir='ltr'><strong>cum</strong></span> 
     </span>
    </p>
   </div>
   <div class='ocr_carea' id='block_1_99' title="bbox 1958 4000 3529 4066">
    <p class='ocr_par' dir='ltr' id='par_1_99' title="bbox 1958 4000 3529 4066">
     <span class='ocr_line' id='line_1_99' title="bbox 1958 4000 3529 4066; baseline 0.008 -12"><span class='ocrx_word' id='word_1_712' title='bbox 1958 4015 2021 4055; x_wconf 84' lang='lat' dir='ltr'><strong>ex</strong></span> <span class='ocrx_word' id='word_1_713' title='bbox 2037 4001 2250 4055; x_wconf 86' lang='lat' dir='ltr'><strong>selectis</strong></span> <span class='ocrx_word' id='word_1_714' title='bbox 2266 4000 2481 4056; x_wconf 87' lang='lat' dir='ltr'><strong>Patrum</strong></span> <span class='ocrx_word' id='word_1_715' title='bbox 2502 4002 2633 4057; x_wconf 91' lang='lat' dir='ltr'><strong>locis</strong></span> <span class='ocrx_word' id='word_1_716' title='bbox 2651 4013 2860 4058; x_wconf 90' lang='lat' dir='ltr'><strong>constet</strong></span> <span class='ocrx_word' id='word_1_717' title='bbox 2874 4005 2960 4060; x_wconf 89' lang='lat' dir='ltr'><strong>hic</strong></span> <span class='ocrx_word' id='word_1_718' title='bbox 2972 4008 3529 4066; x_wconf 90' lang='lat' dir='ltr'><strong>commentarius.Sed</strong></span> 
     </span>
    </p>
   </div>
   <div class='ocr_carea' id='block_1_100' title="bbox 1959 4095 3529 4172">
    <p class='ocr_par' dir='ltr' id='par_1_100' title="bbox 1959 4095 3529 4172">
     <span class='ocr_line' id='line_1_100' title="bbox 1959 4095 3529 4172; baseline 0.006 -25"><span class='ocrx_word' id='word_1_719' title='bbox 1959 4095 2403 4149; x_wconf 89' lang='lat' dir='ltr'><strong>commentarium</strong></span> <span class='ocrx_word' id='word_1_720' title='bbox 2434 4095 2581 4149; x_wconf 89' lang='lat' dir='ltr'><strong>illum</strong></span> <span class='ocrx_word' id='word_1_721' title='bbox 2596 4111 2714 4150; x_wconf 91' lang='lat' dir='ltr'><strong>cum</strong></span> <span class='ocrx_word' id='word_1_722' title='bbox 2730 4096 2950 4152; x_wconf 91' lang='lat' dir='ltr'><strong>Patrum</strong></span> <span class='ocrx_word' id='word_1_723' title='bbox 2978 4109 3185 4165; x_wconf 82' lang='lat' dir='ltr'><strong>catena,</strong></span> <span class='ocrx_word' id='word_1_724' title='bbox 3206 4116 3366 4169; x_wconf 90' lang='lat' dir='ltr'><strong>quam</strong></span> <span class='ocrx_word' id='word_1_725' title='bbox 3390 4119 3529 4172; x_wconf 83' lang='lat' dir='ltr'><strong>quo-</strong></span> 
     </span>
    </p>
   </div>
   <div class='ocr_carea' id='block_1_101' title="bbox 1961 4186 3528 4253">
    <p class='ocr_par' dir='ltr' id='par_1_101' title="bbox 1961 4186 3528 4253">
     <span class='ocr_line' id='line_1_101' title="bbox 1961 4186 3528 4253; baseline 0.003 -14"><span class='ocrx_word' id='word_1_726' title='bbox 1961 4202 2065 4253; x_wconf 87' lang='lat' dir='ltr'><strong>que</strong></span> <span class='ocrx_word' id='word_1_727' title='bbox 2082 4190 2132 4240; x_wconf 91' lang='lat' dir='ltr'><strong>in</strong></span> <span class='ocrx_word' id='word_1_728' title='bbox 2149 4187 2334 4240; x_wconf 90' lang='lat' dir='ltr'><strong>iisdem</strong></span> <span class='ocrx_word' id='word_1_729' title='bbox 2355 4186 2713 4239; x_wconf 90' lang='lat' dir='ltr'><strong>voluminibus</strong></span> <span class='ocrx_word' id='word_1_730' title='bbox 2739 4188 2907 4241; x_wconf 91' lang='lat' dir='ltr'><strong>edidit</strong></span> <span class='ocrx_word' id='word_1_731' title='bbox 2928 4188 3269 4243; x_wconf 89' lang='lat' dir='ltr'><strong>doctissimus</strong></span> <span class='ocrx_word' id='word_1_732' title='bbox 3289 4190 3370 4243; x_wconf 87' lang='lat' dir='ltr'><strong>vir</strong></span> <span class='ocrx_word' id='word_1_733' title='bbox 3392 4190 3528 4244; x_wconf 88' lang='lat' dir='ltr'><strong>Cor-</strong></span> 
     </span>
    </p>
   </div>
   <div class='ocr_carea' id='block_1_102' title="bbox 1959 4277 3529 4352">
    <p class='ocr_par' dir='ltr' id='par_1_102' title="bbox 1959 4277 3529 4352">
     <span class='ocr_line' id='line_1_102' title="bbox 1959 4277 3529 4352; baseline 0.004 -23"><span class='ocrx_word' id='word_1_734' title='bbox 1959 4278 2161 4339; x_wconf 89' lang='lat' dir='ltr'><strong>derius,</strong></span> <span class='ocrx_word' id='word_1_735' title='bbox 2187 4292 2502 4345; x_wconf 88' lang='lat' dir='ltr'><strong>comparare</strong></span> <span class='ocrx_word' id='word_1_736' title='bbox 2535 4277 2825 4341; x_wconf 87' lang='lat' dir='ltr'><strong>debuerat;</strong></span> <span class='ocrx_word' id='word_1_737' title='bbox 2868 4291 3100 4347; x_wconf 90' lang='lat' dir='ltr'><strong>tuncque</strong></span> <span class='ocrx_word' id='word_1_738' title='bbox 3132 4280 3276 4336; x_wconf 92' lang='lat' dir='ltr'><strong>nullo</strong></span> <span class='ocrx_word' id='word_1_739' title='bbox 3313 4284 3529 4352; x_wconf 84' lang='lat' dir='ltr'><strong>negotio</strong></span> 
     </span>
    </p>
   </div>
   <div class='ocr_carea' id='block_1_103' title="bbox 1963 4366 3529 4439">
    <p class='ocr_par' dir='ltr' id='par_1_103' title="bbox 1963 4366 3529 4439">
     <span class='ocr_line' id='line_1_103' title="bbox 1963 4366 3529 4439; baseline 0.004 -19"><span class='ocrx_word' id='word_1_740' title='bbox 1963 4366 2434 4420; x_wconf 85' lang='lat' dir='ltr'><strong>animadvertisset</strong></span> <span class='ocrx_word' id='word_1_741' title='bbox 2474 4381 2537 4420; x_wconf 90' lang='lat' dir='ltr'><strong>ea</strong></span> <span class='ocrx_word' id='word_1_742' title='bbox 2586 4381 2705 4434; x_wconf 77' lang='lat' dir='ltr'><strong>quae</strong></span> <span class='ocrx_word' id='word_1_743' title='bbox 2747 4367 2799 4420; x_wconf 93' lang='lat' dir='ltr'><strong>in</strong></span> <span class='ocrx_word' id='word_1_744' title='bbox 2833 4377 3028 4423; x_wconf 86' lang='lat' dir='ltr'><strong>catena</strong></span> <span class='ocrx_word' id='word_1_745' title='bbox 3062 4370 3408 4439; x_wconf 84' lang='lat' dir='ltr'><strong>proferuntur</strong></span> <span class='ocrx_word' id='word_1_746' title='bbox 3434 4389 3529 4426; x_wconf 86' lang='lat' dir='ltr'><strong>no-</strong></span> 
     </span>
    </p>
   </div>
   <div class='ocr_carea' id='block_1_104' title="bbox 1961 4455 3528 4532">
    <p class='ocr_par' dir='ltr' id='par_1_104' title="bbox 1961 4455 3528 4532">
     <span class='ocr_line' id='line_1_104' title="bbox 1961 4455 3528 4532; baseline 0.003 -22"><span class='ocrx_word' id='word_1_747' title='bbox 1961 4459 2101 4511; x_wconf 85' lang='lat' dir='ltr'><strong>mine</strong></span> <span class='ocrx_word' id='word_1_748' title='bbox 2130 4455 2369 4522; x_wconf 90' lang='lat' dir='ltr'><strong>Eusebii,</strong></span> <span class='ocrx_word' id='word_1_749' title='bbox 2396 4469 2488 4510; x_wconf 90' lang='lat' dir='ltr'><strong>aut</strong></span> <span class='ocrx_word' id='word_1_750' title='bbox 2511 4457 2902 4528; x_wconf 81' lang='lat' dir='ltr'><strong>Cbrysostomi,</strong></span> <span class='ocrx_word' id='word_1_751' title='bbox 2930 4472 3023 4514; x_wconf 92' lang='lat' dir='ltr'><strong>aut</strong></span> <span class='ocrx_word' id='word_1_752' title='bbox 3046 4462 3291 4527; x_wconf 87' lang='lat' dir='ltr'><strong>alterius,</strong></span> <span class='ocrx_word' id='word_1_753' title='bbox 3321 4464 3431 4532; x_wconf 88' lang='lat' dir='ltr'><strong>ipsa</strong></span> <span class='ocrx_word' id='word_1_754' title='bbox 3463 4467 3528 4514; x_wconf 85' lang='lat' dir='ltr'><strong>ad</strong></span> 
     </span>
    </p>
   </div>
   <div class='ocr_carea' id='block_1_105' title="bbox 1959 4550 3530 4623">
    <p class='ocr_par' dir='ltr' id='par_1_105' title="bbox 1959 4550 3530 4623">
     <span class='ocr_line' id='line_1_105' title="bbox 1959 4550 3530 4623; baseline 0.004 -21"><span class='ocrx_word' id='word_1_755' title='bbox 1959 4550 2180 4603; x_wconf 71' lang='lat' dir='ltr'><strong>verbum</strong></span> <span class='ocrx_word' id='word_1_756' title='bbox 2241 4563 2380 4617; x_wconf 67' lang='lat' dir='ltr'><strong>saepe</strong></span> <span class='ocrx_word' id='word_1_757' title='bbox 2435 4552 2487 4605; x_wconf 94' lang='lat' dir='ltr'><strong>in</strong></span> <span class='ocrx_word' id='word_1_758' title='bbox 2543 4552 2933 4605; x_wconf 90' lang='lat' dir='ltr'><strong>commentario</strong></span> <span class='ocrx_word' id='word_1_759' title='bbox 2969 4552 3223 4608; x_wconf 90' lang='lat' dir='ltr'><strong>inveniri.</strong></span> <span class='ocrx_word' id='word_1_760' title='bbox 3283 4554 3361 4607; x_wconf 84' lang='lat' dir='ltr'><strong>Ex</strong></span> <span class='ocrx_word' id='word_1_761' title='bbox 3422 4570 3530 4623; x_wconf 86' lang='lat' dir='ltr'><strong>quo</strong></span> 
     </span>
    </p>
   </div>
   <div class='ocr_carea' id='block_1_106' title="bbox 1964 4641 3531 4713">
    <p class='ocr_par' dir='ltr' id='par_1_106' title="bbox 1964 4641 3531 4713">
     <span class='ocr_line' id='line_1_106' title="bbox 1964 4641 3531 4713; baseline 0.004 -21"><span class='ocrx_word' id='word_1_762' title='bbox 1964 4643 2074 4711; x_wconf 89' lang='lat' dir='ltr'><strong>(res</strong></span> <span class='ocrx_word' id='word_1_763' title='bbox 2104 4641 2244 4694; x_wconf 90' lang='lat' dir='ltr'><strong>enim</strong></span> <span class='ocrx_word' id='word_1_764' title='bbox 2288 4641 2399 4711; x_wconf 89' lang='lat' dir='ltr'><strong>ipsa</strong></span> <span class='ocrx_word' id='word_1_765' title='bbox 2443 4642 2695 4713; x_wconf 87' lang='lat' dir='ltr'><strong>loquitur)</strong></span> <span class='ocrx_word' id='word_1_766' title='bbox 2743 4643 2902 4697; x_wconf 83' lang='lat' dir='ltr'><strong>facile</strong></span> <span class='ocrx_word' id='word_1_767' title='bbox 2968 4646 3322 4701; x_wconf 75' lang='lat' dir='ltr'><strong>intellexisset</strong></span> <span class='ocrx_word' id='word_1_768' title='bbox 3382 4662 3531 4700; x_wconf 87' lang='lat' dir='ltr'><strong>com-</strong></span> 
     </span>
    </p>
   </div>
   <div class='ocr_carea' id='block_1_107' title="bbox 1966 4733 3529 4808">
    <p class='ocr_par' dir='ltr' id='par_1_107' title="bbox 1966 4733 3529 4808">
     <span class='ocr_line' id='line_1_107' title="bbox 1966 4733 3529 4808; baseline 0.006 -23"><span class='ocrx_word' id='word_1_769' title='bbox 1966 4733 2309 4798; x_wconf 89' lang='lat' dir='ltr'><strong>mentarium,</strong></span> <span class='ocrx_word' id='word_1_770' title='bbox 2344 4736 2433 4803; x_wconf 92' lang='lat' dir='ltr'><strong>qui</strong></span> <span class='ocrx_word' id='word_1_771' title='bbox 2477 4733 2741 4788; x_wconf 88' lang='lat' dir='ltr'><strong>Theodori</strong></span> <span class='ocrx_word' id='word_1_772' title='bbox 2798 4735 3129 4791; x_wconf 75' lang='lat' dir='ltr'><strong>Heracleotce</strong></span> <span class='ocrx_word' id='word_1_773' title='bbox 3166 4752 3358 4792; x_wconf 92' lang='lat' dir='ltr'><strong>nomen</strong></span> <span class='ocrx_word' id='word_1_774' title='bbox 3388 4754 3529 4808; x_wconf 64' lang='lat' dir='ltr'><strong>pra-</strong></span> 
     </span>
    </p>
   </div>
   <div class='ocr_carea' id='block_1_108' title="bbox 1963 4822 3531 4900">
    <p class='ocr_par' dir='ltr' id='par_1_108' title="bbox 1963 4822 3531 4900">
     <span class='ocr_line' id='line_1_108' title="bbox 1963 4822 3531 4900; baseline 0.006 -24"><span class='ocrx_word' id='word_1_775' title='bbox 1963 4822 2086 4885; x_wconf 81' lang='lat' dir='ltr'><strong>fet-t,</strong></span> <span class='ocrx_word' id='word_1_776' title='bbox 2111 4823 2228 4892; x_wconf 87' lang='lat' dir='ltr'><strong>ejus</strong></span> <span class='ocrx_word' id='word_1_777' title='bbox 2267 4842 2372 4880; x_wconf 91' lang='lat' dir='ltr'><strong>non</strong></span> <span class='ocrx_word' id='word_1_778' title='bbox 2414 4841 2532 4880; x_wconf 91' lang='lat' dir='ltr'><strong>esse</strong></span> <span class='ocrx_word' id='word_1_779' title='bbox 2556 4866 2573 4891; x_wconf 93' lang='lat'><strong>,</strong></span> <span class='ocrx_word' id='word_1_780' title='bbox 2605 4829 2698 4881; x_wconf 90' lang='lat' dir='ltr'><strong>sed</strong></span> <span class='ocrx_word' id='word_1_781' title='bbox 2751 4839 2842 4883; x_wconf 92' lang='lat' dir='ltr'><strong>aut</strong></span> <span class='ocrx_word' id='word_1_782' title='bbox 2878 4829 3161 4883; x_wconf 87' lang='lat' dir='ltr'><strong>Theodoro</strong></span> <span class='ocrx_word' id='word_1_783' title='bbox 3184 4831 3418 4900; x_wconf 86' lang='lat' dir='ltr'><strong>cuipiam</strong></span> <span class='ocrx_word' id='word_1_784' title='bbox 3447 4847 3531 4887; x_wconf 80' lang='lat' dir='ltr'><strong>re-</strong></span> 
     </span>
    </p>
   </div>
   <div class='ocr_carea' id='block_1_109' title="bbox 1966 4916 3229 4989">
    <p class='ocr_par' dir='ltr' id='par_1_109' title="bbox 1966 4916 3229 4989">
     <span class='ocr_line' id='line_1_109' title="bbox 1966 4916 3229 4989; baseline 0.005 -20"><span class='ocrx_word' id='word_1_785' title='bbox 1966 4916 2211 4982; x_wconf 90' lang='lat' dir='ltr'><strong>centiori,</strong></span> <span class='ocrx_word' id='word_1_786' title='bbox 2254 4918 2519 4971; x_wconf 87' lang='lat' dir='ltr'><strong>atttaltcri</strong></span> <span class='ocrx_word' id='word_1_787' title='bbox 2553 4920 2724 4975; x_wconf 83' lang='lat' dir='ltr'><strong>cuivis</strong></span> <span class='ocrx_word' id='word_1_788' title='bbox 2756 4921 2917 4975; x_wconf 87' lang='lat' dir='ltr'><strong>tribui</strong></span> <span class='ocrx_word' id='word_1_789' title='bbox 2958 4932 3229 4989; x_wconf 85' lang='lat' dir='ltr'><strong>oportere.</strong></span> 
     </span>
    </p>
   </div>
   <div class='ocr_carea' id='block_1_110' title="bbox 2281 5009 3186 5086">
    <p class='ocr_par' dir='ltr' id='par_1_110' title="bbox 2281 5009 3186 5086">
     <span class='ocr_line' id='line_1_110' title="bbox 2281 5009 3186 5086; baseline 0.008 -25"><span class='ocrx_word' id='word_1_790' title='bbox 2281 5010 2307 5081; x_wconf 86' lang='lat'><strong>§</strong></span> <span class='ocrx_word' id='word_1_791' title='bbox 2336 5009 2428 5065; x_wconf 77' lang='lat' dir='ltr'><strong>IX.</strong></span> <span class='ocrx_word' id='word_1_792' title='bbox 2476 5010 2551 5065; x_wconf 90' lang='lat' dir='ltr'><strong>De</strong></span> <span class='ocrx_word' id='word_1_793' title='bbox 2579 5015 2891 5082; x_wconf 76' lang='lat' dir='ltr'><strong>paraphrasi</strong></span> <span class='ocrx_word' id='word_1_794' title='bbox 2917 5018 3186 5086; x_wconf 78' lang='lat' dir='ltr'><strong>anonymi.</strong></span> 
     </span>
    </p>
   </div>
   <div class='ocr_carea' id='block_1_111' title="bbox 2036 5103 3530 5172">
    <p class='ocr_par' dir='ltr' id='par_1_111' title="bbox 2036 5103 3530 5172">
     <span class='ocr_line' id='line_1_111' title="bbox 2036 5103 3530 5172; baseline 0.005 -15"><span class='ocrx_word' id='word_1_795' title='bbox 2036 5103 2125 5159; x_wconf 81' lang='lat' dir='ltr'><strong>5i.</strong></span> <span class='ocrx_word' id='word_1_796' title='bbox 2162 5103 2445 5157; x_wconf 86' lang='lat' dir='ltr'><strong>Volumina</strong></span> <span class='ocrx_word' id='word_1_797' title='bbox 2474 5106 2599 5168; x_wconf 91' lang='lat' dir='ltr'><strong>tria,</strong></span> <span class='ocrx_word' id='word_1_798' title='bbox 2632 5116 2687 5157; x_wconf 94' lang='lat' dir='ltr'><strong>ut</strong></span> <span class='ocrx_word' id='word_1_799' title='bbox 2732 5116 2915 5158; x_wconf 83' lang='lat' dir='ltr'><strong>notum</strong></span> <span class='ocrx_word' id='word_1_800' title='bbox 2942 5116 3045 5172; x_wconf 87' lang='lat' dir='ltr'><strong>est,</strong></span> <span class='ocrx_word' id='word_1_801' title='bbox 3076 5108 3279 5160; x_wconf 91' lang='lat' dir='ltr'><strong>edenda</strong></span> <span class='ocrx_word' id='word_1_802' title='bbox 3316 5114 3530 5164; x_wconf 81' lang='lat' dir='ltr'><strong>curavit</strong></span> 
     </span>
    </p>
   </div>
   <div class='ocr_carea' id='block_1_112' title="bbox 1964 5199 3527 5269">
    <p class='ocr_par' dir='ltr' id='par_1_112' title="bbox 1964 5199 3527 5269">
     <span class='ocr_line' id='line_1_112' title="bbox 1964 5199 3527 5269; baseline 0.004 -19"><span class='ocrx_word' id='word_1_803' title='bbox 1964 5199 2366 5251; x_wconf 81' lang='lat' dir='ltr'><strong>eruditissimus</strong></span> <span class='ocrx_word' id='word_1_804' title='bbox 2399 5202 2479 5252; x_wconf 89' lang='lat' dir='ltr'><strong>vir</strong></span> <span class='ocrx_word' id='word_1_805' title='bbox 2521 5199 2832 5263; x_wconf 88' lang='lat' dir='ltr'><strong>Cnrderius,</strong></span> <span class='ocrx_word' id='word_1_806' title='bbox 2869 5200 2919 5252; x_wconf 93' lang='lat' dir='ltr'><strong>in</strong></span> <span class='ocrx_word' id='word_1_807' title='bbox 2950 5199 3143 5269; x_wconf 90' lang='lat' dir='ltr'><strong>quibus</strong></span> <span class='ocrx_word' id='word_1_808' title='bbox 3173 5214 3335 5267; x_wconf 88' lang='lat' dir='ltr'><strong>opera</strong></span> <span class='ocrx_word' id='word_1_809' title='bbox 3398 5205 3527 5256; x_wconf 84' lang='lat' dir='ltr'><strong>tuti-</strong></span> 
     </span>
    </p>
   </div>
   <div class='ocr_carea' id='block_1_113' title="bbox 1967 5288 3532 5361">
    <p class='ocr_par' dir='ltr' id='par_1_113' title="bbox 1967 5288 3532 5361">
     <span class='ocr_line' id='line_1_113' title="bbox 1967 5288 3532 5361; baseline 0.002 -19"><span class='ocrx_word' id='word_1_810' title='bbox 1967 5291 2083 5342; x_wconf 90' lang='lat' dir='ltr'><strong>dem</strong></span> <span class='ocrx_word' id='word_1_811' title='bbox 2118 5288 2479 5357; x_wconf 89' lang='lat' dir='ltr'><strong>reperiuntur,</strong></span> <span class='ocrx_word' id='word_1_812' title='bbox 2503 5288 2856 5358; x_wconf 88' lang='lat' dir='ltr'><strong>Paraphrasis</strong></span> <span class='ocrx_word' id='word_1_813' title='bbox 2883 5291 3157 5361; x_wconf 87' lang='lat' dir='ltr'><strong>anonymi,</strong></span> <span class='ocrx_word' id='word_1_814' title='bbox 3185 5291 3532 5347; x_wconf 68' lang='lat' dir='ltr'><strong>Commenta-</strong></span> 
     </span>
    </p>
   </div>
   <div class='ocr_carea' id='block_1_114' title="bbox 1968 5383 3530 5452">
    <p class='ocr_par' dir='ltr' id='par_1_114' title="bbox 1968 5383 3530 5452">
     <span class='ocr_line' id='line_1_114' title="bbox 1968 5383 3530 5452; baseline 0.004 -19"><span class='ocrx_word' id='word_1_815' title='bbox 1968 5383 2081 5435; x_wconf 87' lang='lat' dir='ltr'><strong>rius</strong></span> <span class='ocrx_word' id='word_1_816' title='bbox 2105 5383 2169 5436; x_wconf 91' lang='lat' dir='ltr'><strong>de</strong></span> <span class='ocrx_word' id='word_1_817' title='bbox 2190 5396 2295 5449; x_wconf 91' lang='lat' dir='ltr'><strong>quo</strong></span> <span class='ocrx_word' id='word_1_818' title='bbox 2332 5396 2553 5435; x_wconf 89' lang='lat' dir='ltr'><strong>numero</strong></span> <span class='ocrx_word' id='word_1_819' title='bbox 2582 5384 2860 5452; x_wconf 87' lang='lat' dir='ltr'><strong>superiore</strong></span> <span class='ocrx_word' id='word_1_820' title='bbox 2897 5394 3005 5436; x_wconf 91' lang='lat' dir='ltr'><strong>tam</strong></span> <span class='ocrx_word' id='word_1_821' title='bbox 3055 5383 3218 5437; x_wconf 87' lang='lat' dir='ltr'><strong>multa</strong></span> <span class='ocrx_word' id='word_1_822' title='bbox 3272 5386 3530 5444; x_wconf 77' lang='lat' dir='ltr'><strong>diximus.</strong></span> 
     </span>
    </p>
   </div>
   <div class='ocr_carea' id='block_1_115' title="bbox 1964 5471 3530 5546">
    <p class='ocr_par' dir='ltr' id='par_1_115' title="bbox 1964 5471 3530 5546">
     <span class='ocr_line' id='line_1_115' title="bbox 1964 5471 3530 5546; baseline 0.001 -19"><span class='ocrx_word' id='word_1_823' title='bbox 1964 5475 2167 5527; x_wconf 85' lang='lat' dir='ltr'><strong>Catena</strong></span> <span class='ocrx_word' id='word_1_824' title='bbox 2194 5473 2422 5542; x_wconf 88' lang='lat' dir='ltr'><strong>denique</strong></span> <span class='ocrx_word' id='word_1_825' title='bbox 2451 5471 2760 5526; x_wconf 74' lang='lat' dir='ltr'><strong>Grazcurum</strong></span> <span class='ocrx_word' id='word_1_826' title='bbox 2813 5473 3056 5529; x_wconf 85' lang='lat' dir='ltr'><strong>Patrum.</strong></span> <span class='ocrx_word' id='word_1_827' title='bbox 3088 5476 3324 5546; x_wconf 87' lang='lat' dir='ltr'><strong>Contigit</strong></span> <span class='ocrx_word' id='word_1_828' title='bbox 3350 5486 3530 5529; x_wconf 80' lang='lat' dir='ltr'><strong>autt-nt</strong></span> 
     </span>
    </p>
   </div>
   <div class='ocr_carea' id='block_1_116' title="bbox 1965 5564 3507 5633">
    <p class='ocr_par' dir='ltr' id='par_1_116' title="bbox 1965 5564 3507 5633">
     <span class='ocr_line' id='line_1_116' title="bbox 1965 5564 3507 5633; baseline 0.003 -16"><span class='ocrx_word' id='word_1_829' title='bbox 1965 5565 2145 5618; x_wconf 83' lang='lat' dir='ltr'><strong>nescio</strong></span> <span class='ocrx_word' id='word_1_830' title='bbox 2164 5564 2451 5633; x_wconf 87' lang='lat' dir='ltr'><strong>quomodo,</strong></span> <span class='ocrx_word' id='word_1_831' title='bbox 2473 5574 2528 5619; x_wconf 88' lang='grc' dir='ltr'><strong>ιιι</strong></span> <span class='ocrx_word' id='word_1_832' title='bbox 2549 5567 2671 5620; x_wconf 92' lang='lat' dir='ltr'><strong>dum</strong></span> <span class='ocrx_word' id='word_1_833' title='bbox 2698 5566 3017 5622; x_wconf 86' lang='lat' dir='ltr'><strong>Theodoreti</strong></span> <span class='ocrx_word' id='word_1_834' title='bbox 3044 5571 3094 5621; x_wconf 84' lang='lat' dir='ltr'><strong>in</strong></span> <span class='ocrx_word' id='word_1_835' title='bbox 3120 5566 3358 5623; x_wconf 73' lang='lat' dir='ltr'><strong>Psalmos</strong></span> <span class='ocrx_word' id='word_1_836' title='bbox 3388 5581 3507 5622; x_wconf 90' lang='lat' dir='ltr'><strong>com</strong></span> 
     </span>
    </p>
   </div>
   <div class='ocr_carea' id='block_1_117' title="bbox 1968 5656 3529 5733">
    <p class='ocr_par' dir='ltr' id='par_1_117' title="bbox 1968 5656 3529 5733">
     <span class='ocr_line' id='line_1_117' title="bbox 1968 5656 3529 5733; baseline 0.004 -26"><span class='ocrx_word' id='word_1_837' title='bbox 1968 5662 2140 5708; x_wconf 84' lang='lat' dir='ltr'><strong>menta</strong></span> <span class='ocrx_word' id='word_1_838' title='bbox 2152 5656 2285 5708; x_wconf 90' lang='lat' dir='ltr'><strong>rium</strong></span> <span class='ocrx_word' id='word_1_839' title='bbox 2310 5656 2561 5722; x_wconf 78' lang='lat' dir='ltr'><strong>legerem,</strong></span> <span class='ocrx_word' id='word_1_840' title='bbox 2585 5666 2786 5714; x_wconf 88' lang='lat' dir='ltr'><strong>temere</strong></span> <span class='ocrx_word' id='word_1_841' title='bbox 2803 5668 2854 5713; x_wconf 90' lang='lat' dir='ltr'><strong>et</strong></span> <span class='ocrx_word' id='word_1_842' title='bbox 2872 5674 2997 5714; x_wconf 91' lang='lat' dir='ltr'><strong>casu</strong></span> <span class='ocrx_word' id='word_1_843' title='bbox 3024 5659 3077 5713; x_wconf 94' lang='lat' dir='ltr'><strong>in</strong></span> <span class='ocrx_word' id='word_1_844' title='bbox 3110 5660 3247 5712; x_wconf 88' lang='lat' dir='ltr'><strong>hanc</strong></span> <span class='ocrx_word' id='word_1_845' title='bbox 3280 5660 3529 5733; x_wconf 76' lang='lat' dir='ltr'><strong>anonymi</strong></span> 
     </span>
    </p>
   </div>
  </div>
