4040 6454
516 416 665 457 CCXVI

1820 378 2349 436 PROLEGOMENA.

520 515 662 569 illius
687 505 1060 579 paraphrasim
1088 501 1273 557 oculos
1305 498 1655 568 conjecerim.
1698 498 1890 564 Atque,
1930 490 2069 562 quod
2104 503 2148 560 Α
2178 504 2300 544 rare
2350 488 2497 543 velis.
2532 487 2663 542 Nam
2715 485 2853 539 inter
2900 480 3225 550 posteriores
3281 489 3559 531 recensere
3606 473 3739 527 licet

519 619 625 658 non
648 598 976 670 quaerebam,
1012 594 1185 663 reperi
1239 591 1492 663 anonymi
1530 590 1669 643 illius
1704 585 2075 656 paraphrasim

518 696 689 763 ipsum
723 706 843 745 esse
874 686 1196 743 Theodoreti
1242 682 1711 743 commentarium,
1767 693 1871 731 non
1912 686 2077 729 totum

520 785 664 841 illum
713 782 929 852 quidem
957 789 1011 833 et
1062 778 1357 845 integrum,
1391 775 1481 829 sed
1534 780 1873 826 contractum
1928 780 1983 820 et
2029 769 2079 819 in

518 876 787 945 epitomen
817 872 1110 925 redactum.
1146 866 1388 922 Psalmus
1420 874 1594 919 autem
1625 864 1677 916 in
1711 875 1865 930 quem
1891 856 2079 921 incidi,

521 975 658 1032 erat,
708 966 761 1019 ni
806 963 980 1023 fallor,
1014 959 1251 1029 psalmus
1301 958 1520 1026 quintus
1554 964 1608 1008 et
1649 954 1907 1007 decimus.
1946 951 2083 1003 Rem

519 1074 643 1115 cum
670 1058 923 1118 mirarer,
970 1054 1149 1123 legere
1192 1050 1352 1105 statui
1391 1057 1445 1102 et
1488 1047 1622 1101 alios
1650 1045 1908 1113 quosdam
1939 1040 2084 1111 psal-

520 1167 656 1219 mos,
698 1165 827 1222 quo,
856 1148 983 1218 quid
1007 1146 1072 1201 de
1098 1144 1184 1198 illa
1218 1140 1529 1212 paraphrasi
1560 1137 1892 1194 sentiendum
1916 1140 2086 1197 esset,

524 1245 691 1298 tutius
720 1253 878 1295 nosse
899 1251 1133 1306 possem,
1169 1243 1344 1289 utrum
1369 1230 1620 1285 videlicet
1651 1236 1760 1282 tota
1791 1224 2089 1296 paraphra-

523 1337 600 1393 sis
627 1333 858 1403 epitome
882 1328 1128 1399 quaedam
1153 1333 1293 1381 esset
1314 1320 1818 1377 commentariorum
1841 1317 2089 1371 Theodo-

526 1427 651 1490 reti,
679 1438 745 1478 an
775 1421 864 1476 uni
890 1419 1012 1474 huic
1046 1414 1388 1486 paraphrasis
1420 1412 1538 1466 loco
1594 1412 1769 1479 inepte
1794 1423 1822 1461 a
1853 1406 2089 1461 librariis

528 1510 903 1584 interpretatio
938 1505 1259 1561 Theodoreti
1285 1501 1551 1558 inculcata
1575 1496 1788 1553 fuisset.
1822 1494 1970 1563 C(epi
1993 1493 2090 1561 igi-

528 1616 617 1660 tur
645 1604 848 1676 primos
893 1600 1132 1671 quinque
1181 1593 1418 1666 psalmos
1454 1590 1631 1660 legere
1694 1603 1708 1641 :
1757 1586 1850 1639 sed
1902 1596 2090 1638 eorum

527 1674 723 1769 quaein
749 1693 1089 1749 Theodoreto
1125 1688 1387 1749 videram,
1416 1682 1570 1744 nihil,
1602 1688 1664 1733 ut
1688 1692 1871 1734 verum
1897 1674 2087 1737 fatear,

529 1767 703 1863 τίβροτὶ
748 1789 801 1843 'rn
834 1780 1177 1853 Paraphrasi.
1218 1778 1286 1831 At
1311 1791 1433 1832 cum
1470 1774 1693 1828 aliorum
1738 1767 2089 1839 quorumdam

530 1839 856 1957 psalmorum
885 1870 1252 1945 paraphrasim
1299 1865 1543 1921 evolvere
1586 1875 1886 1931 pergerem,
1920 1856 2093 1909 anim-
2121 1839 2165 1895 Β

534 1946 740 2030 adverti
765 1964 1130 2041 paraphrasim
1172 1958 1361 2032 psalmi
1407 1956 1567 2020 sexti,
1612 1950 1821 2021 septimi
1867 1957 1921 2001 et
1965 1946 2093 2001 alio-

534 2080 652 2119 rum
683 2038 962 2127 ad'usque
1002 2055 1271 2109 decimum
1307 2047 1593 2117 septimum
1624 2042 1753 2097 nihil
1782 2056 1811 2095 a
1842 2038 2092 2094 Theodo-

534 2156 634 2212 reti
667 2152 1040 2221 explanatione
1060 2143 1297 2207 dill'erre,
1326 2140 1427 2195 nisi
1455 2137 1627 2207 copia,
1658 2144 1714 2189 et
1743 2132 1950 2189 voculis
1976 2128 2094 2200 qui-

533 2244 781 2307 busdam,
807 2254 924 2311 qua:
956 2238 1007 2291 in
1036 2234 1201 2289 variis
1239 2231 1477 2299 ejusdem
1519 2226 1799 2295 scriptoris
1820 2222 2097 2277 codicibus

537 2347 830 2391 occurrere
888 2328 1078 2383 solent.
1132 2326 1244 2379 lino
1294 2320 1582 2377 identidem
1638 2314 1888 2385 anonymi
1939 2324 2097 2381 para-

536 2423 747 2497 phrasis
778 2415 1216 2488 interpretatione
1247 2409 1574 2467 Theodoreti
1610 2407 1776 2462 nihilo
1810 2404 1924 2460 fere
1968 2403 2089 2457 bre-

535 2519 653 2572 vior
694 2523 776 2571 est
806 2531 820 2568 :
866 2512 958 2566 sed
992 2510 1044 2564 in
1074 2517 1302 2576 utroque
1353 2502 1554 2559 nullum
1602 2500 1775 2569 majus
1810 2497 2096 2552 discrimen

539 2606 843 2667 intercedit,
873 2616 1031 2671 quam
1063 2598 1201 2668 quod
1242 2596 1567 2667 psalmorum
1612 2590 1775 2645 verba
1802 2602 2012 2656 semper
2047 2585 2099 2638 in

541 2701 643 2754 hoc
674 2691 1049 2766 grandioribus
1072 2690 1264 2745 litteris
1288 2688 1428 2742 edita
1458 2684 1586 2745 sint,
1612 2682 1664 2734 iu
1704 2680 1792 2732 illo
1818 2694 1919 2731 non
1952 2678 2099 2730 item.

540 2789 668 2857 Ejus
698 2785 910 2857 generis
946 2791 1072 2838 sunt
1116 2778 1307 2849 psalmi
1341 2773 1676 2836 undecimus,
1732 2767 2101 2831 duodecimus,

539 2888 596 2933 et
616 2878 859 2933 decimus
897 2881 1140 2942 quartus.
1171 2870 1226 2923 In
1260 2867 1379 2921 aliis
1418 2878 1552 2935 quos
1585 2861 1693 2918 dixi
1731 2859 1953 2931 psalmis
1980 2857 2101 2911 bre-

542 2970 659 3023 vior
686 2965 897 3036 quidem
917 2974 999 3019 est
1026 2961 1375 3033 paraphrasis
1395 3002 1410 3028 ,
1437 2958 1530 3014 sed
1562 2957 1655 3020 ita,
1684 2964 1741 3008 ut
1765 2951 2021 3022 quidquid
2050 2951 2104 3003 in

543 3076 604 3117 ea
626 3059 840 3130 legitur.
859 3070 1020 3111 omne
1046 3055 1098 3107 id
1121 3054 1299 3121 legere
1322 3054 1391 3104 sit
1412 3051 1467 3103 in
1495 3048 1853 3102 Theodoreto.
1882 3044 2107 3097 Practer-

547 3139 657 3212 ea,'
690 3161 797 3217 quo
823 3145 998 3198 minus
1023 3144 1074 3197 in
1104 3140 1396 3210 judicando
1430 3136 1666 3199 fallerer,
1704 3132 1914 3187 initium
1951 3144 2108 3198 para-

547 3237 757 3310 phrasis
787 3246 841 3289 et
865 3235 1022 3287 tinem
1053 3231 1224 3286 oculis
1247 3225 1569 3299 perlustravi
1612 3237 1641 3276 a
1672 3221 1878 3291 psalmo
1903 3219 2112 3273 decimo

544 3337 735 3381 octavo
774 3337 943 3392 usque
986 3321 1051 3374 ad
1087 3319 1444 3382 tricesimum;
1490 3323 1651 3384 atque
1684 3311 1882 3365 factum
1918 3318 2021 3376 est,
2054 3314 2113 3361 ut

547 3433 667 3487 quae
707 3418 760 3470 in
792 3429 855 3469 ea
899 3412 1157 3485 legeram,
1189 3409 1372 3463 eadem
1409 3416 1463 3460 et
1505 3407 1556 3459 in
1603 3403 1993 3456 Theodoretiua
2031 3401 2113 3453 in-

549 3508 940 3577 terpretatione
966 3499 1288 3557 invenerim.
1314 3495 1485 3559 Unde,
1520 3494 1647 3564 quin
1681 3494 1869 3548 horum
1903 3508 2115 3562 quoque

547 3598 808 3654 tredecim
850 3594 1181 3666 psalmorum
1238 3589 1587 3662 paraphrasis
1635 3602 1699 3641 ex
1758 3586 1938 3640 eodem
1970 3583 2117 3636 fonte

550 3692 742 3745 hausta
793 3685 882 3750 sit,
941 3699 1047 3738 non
1078 3682 1232 3735 valde
1273 3678 1561 3734 admodum
1608 3676 1815 3730 dubito.
1875 3674 2026 3739 Quod
2069 3672 2117 3725 si

550 3780 816 3850 quispiam
862 3775 1102 3845 psalmos
1154 3771 1335 3840 plures
1363 3769 1525 3839 legat,
1575 3766 1678 3821 hoc
1716 3766 1854 3818 idem
1891 3761 2118 3817 fortasse

554 3870 679 3923 alibi
709 3880 920 3937 quoque
957 3862 1371 3917 animadvertet.
1410 3857 1518 3913 Nos
1554 3873 1667 3911 rem
1706 3857 1835 3909 tanti
1865 3869 1985 3909 esse
2013 3867 2117 3907 non

553 3961 902 4021 arbitramur,
945 3966 1003 4009 ut
1028 3955 1145 4024 plus
1170 3955 1223 4006 in
1251 3967 1312 4005 ea
1339 3964 1517 4020 Operae
1558 3961 1837 4017 ponamus.
1870 3945 1975 3998 Sed
2002 3958 2121 4012 qua:

554 4052 812 4111 diximus,
845 4062 909 4101 ea
950 4045 1031 4099 vel
1076 4044 1186 4097 sola
1223 4039 1589 4111 paraphrasim
1634 4038 1776 4091 illam
1823 4052 1927 4090 non
1989 4048 2121 4087 ano-

557 4140 701 4213 nymi
728 4138 1027 4208 cujusdam,
1051 4137 1142 4189 sed
1172 4134 1441 4187 variorum
1467 4132 1788 4197 scriptorum
1816 4141 1947 4195 opus
1981 4138 2121 4189 esse,

556 4233 710 4295 satis,
760 4232 972 4300 opinor,
1022 4226 1331 4282 ostendunt.
1386 4222 1632 4291 Scriptor
1685 4219 1826 4274 enim
1874 4216 1963 4287 qui
2013 4224 2122 4269 tam

557 4324 723 4378 multa
758 4338 788 4374 a
818 4321 1152 4375 Theodoreto
1188 4320 1443 4388 sumpsit,
1465 4319 1603 4371 haud
1630 4314 1821 4383 injuria
1860 4310 2005 4367 credi
2030 4323 2123 4375 po-

560 4425 659 4468 test
691 4424 745 4468 et
769 4414 837 4467 ab
867 4412 987 4465 aliis
1008 4412 1110 4464 alia
1144 4425 1357 4481 quoque
1384 4409 1698 4479 sumpsisse.
1719 4407 1942 4460 Videtur
1964 4405 2124 4473 igitur

558 4516 613 4559 et
642 4508 742 4559 hoc
765 4520 897 4574 Opus
916 4505 1056 4558 inter
1088 4513 1331 4566 catenas,
1362 4517 1497 4571 quas
1530 4508 1748 4563 vocant,
1792 4498 1980 4551 referri
2011 4510 2121 4551 me-
2155 4533 2198 4588 ι)

559 4598 666 4652 rito
712 4610 864 4663 posse
903 4612 918 4649 :
950 4596 1103 4663 cujus
1134 4608 1261 4663 pars
1305 4593 1406 4645 alia
1443 4608 1473 4646 e
1503 4592 1862 4654 Theodoreto,
1915 4589 2014 4642 alia
2057 4603 2123 4642 ex

560 4692 679 4747 aliis
702 4689 1057 4759 scriptoribus
1085 4699 1299 4756 smnpta
1329 4699 1447 4739 esse
1475 4685 1709 4751 putanda
1738 4682 1827 4737 sit.

841 4780 868 4853 ς
900 4779 967 4835 Χ.
1014 4779 1087 4832 De
1109 4776 1494 4832 Commentario
1522 4777 1573 4829 in
1607 4774 1818 4832 Isaiam.

632 4876 716 4929 δὲ.
751 4873 867 4927 Etsi
902 4874 989 4926 hic
1018 4872 1230 4925 videtur
1256 4884 1373 4923 esse
1401 4869 1547 4921 locus
1585 4867 1649 4919 de
1677 4868 1911 4935 quinque
1933 4868 1987 4920 in
2014 4865 2127 4920 Eu-

563 4969 790 5021 nomium
837 4965 986 5018 libris
1052 4963 1345 5017 disserendi
1400 4980 1413 5014 :
1476 4970 1673 5022 tamen,
1729 4975 1796 5015 ne
1852 4974 2128 5013 sacrarum

564 5061 962 5128 Scripturarum
995 5056 1465 5125 interpretationes
1498 5072 1525 5109 a
1559 5071 1616 5111 se
1647 5054 1872 5106 invicem
1908 5052 2129 5106 dive'tle-

563 5163 769 5214 rentur,
800 5148 958 5204 malui
988 5150 1051 5203 de
1076 5149 1390 5217 imperfecto
1417 5148 1470 5198 in
1498 5147 1697 5199 Isaiam
1730 5146 2130 5199 commentario

562 5244 859 5311 disputare,
905 5256 1027 5294 mox
1072 5242 1138 5293 de
1176 5239 1259 5293 his
1294 5253 1428 5305 quos
1465 5237 1572 5290 dixi
1632 5234 1783 5289 libris
1828 5235 2131 5289 locuturus.

562 5332 739 5387 Μοηυί
769 5339 947 5385 autem
994 5330 1187 5384 alicubi
1244 5328 1633 5395 amplissimum
1666 5326 1816 5379 illum
1865 5327 1917 5380 in
1951 5326 2131 5394 priora

563 5425 835 5479 sexdecim
874 5422 1022 5475 Isaiae
1060 5424 1234 5490 capita
1260 5419 1734 5481 commentarium,
1767 5419 1868 5469 etsi
1917 5417 2031 5469 fere
2063 5418 2132 5470 ab

564 5514 814 5567 omnibus
871 5526 966 5579 pro
1016 5511 1244 5580 genuino
1298 5508 1477 5561 Basilii
1544 5506 1652 5560 fetu
1717 5506 1963 5569 habetur,
2025 5519 2130 5558 non

566 5605 712 5658 omni
744 5614 919 5657 tamen
972 5601 1277 5669 suspicione
1331 5614 1545 5653 vacare.
1608 5598 1858 5651 Invenias
1914 5596 2128 5665 quidem

568 5692 923 5759 paucissimos
959 5692 1044 5759 qui
1074 5700 1293 5758 negent,
1333 5690 1375 5740 si
1411 5689 1552 5756 ipsos
1591 5702 1710 5740 cum
1750 5687 1812 5739 iis
1862 5686 1949 5752 qui
1989 5686 2131 5739 hunc

573 5779 1016 5833 commentarium
1045 5794 1167 5831 vere
1200 5778 1378 5831 Basiiii
1417 5792 1534 5831 esse
1572 5775 1655 5829 alii
1671 5784 1864 5840 rmant,
1898 5790 2125 5842 compa-

2178 582 2468 637 Maximum
2496 579 2879 640 confessorem,
2899 574 3157 629 Joannem
3200 572 3607 630 Damascennm,
3633 567 3743 637 Sy--

2181 686 2423 725 meonem
2461 669 2832 735 Logothetam,
2873 664 3161 720 Antonium
3193 661 3479 725 Mclissam,
3525 658 3741 713 Thara-

2180 767 2317 820 sium
2355 763 2720 817 Patriarcham
2749 754 3425 823 Constantinopolitanum,
3465 762 3744 804 auctorem

2184 855 2517 910 Scholiorum
2569 852 2875 907 Graecorum
2931 851 2985 903 in
3060 844 3323 916 Epistolas
3371 842 3743 912 apostolicas:

2183 948 2378 1017 quihus
2411 944 2730 1015 adjungendi
2792 950 2915 996 sunt
2979 949 3031 995 et
3062 936 3293 999 librarii,
3347 934 3521 1002 quiin
3570 932 3749 986 fronte

2185 1039 2503 1107 scriptorum
2534 1050 2692 1089 manu
2725 1034 2968 1089 codicum
2998 1045 3189 1085 nomen
3215 1027 3394 1083 Basilii
3424 1024 3595 1092 Magni
3630 1023 3751 1076 Cie-

2187 1130 2443 1185 sarieusis
2487 1126 2877 1196 archiepiscopi
2913 1122 3193 1190 diligenter
3234 1116 3531 1172 inscribere
3584 1127 3749 1165 cura-

2188 1234 2330 1275 runt.
2362 1219 2471 1274 Nec
2517 1220 2712 1273 mirum
2768 1215 2811 1269 si
2863 1213 3210 1274 recentiores,
3261 1208 3523 1276 majorum
3566 1218 3753 1257 exem-

2188 1312 2295 1382 plo,
2326 1312 2569 1365 eamdem
2618 1306 2848 1377 amplexi
2890 1305 2997 1359 sint
3038 1301 3381 1357 sententiam.
3414 1296 3754 1352 Celebriores

2190 1413 2315 1459 sunt
2342 1402 2675 1465 Tilmannus,
2706 1399 2951 1463 Duczeus,
2982 1391 3358 1455 Combeﬂsius,
3390 1387 3595 1442 Natalis
3635 1384 3759 1437 Ale-

2189 1494 2410 1558 xander,
2446 1493 2705 1561 Dupinus,
2729 1488 3126 1553 Tillemontius,
3154 1483 3459 1553 chuienus
3486 1503 3498 1535 ;
3524 1490 3754 1546 quorum

2189 1586 2450 1657 opinioni,
2485 1583 2584 1637 nisi
2610 1582 2937 1653 gravissima:
2959 1595 3132 1634 causa:
3165 1576 3472 1645 impediant,
3494 1569 3756 1625 accedere

2190 1691 2402 1746 semper
2432 1674 2719 1745 gloriabor.
2755 1672 3053 1726 Numerare
3104 1668 3315 1722 facilius
3367 1666 3469 1719 erit
3515 1662 3757 1716 adversa:

2192 1767 2470 1823 sententiae
2501 1772 2778 1834 patronos,
2818 1777 2939 1817 cum
2978 1770 3087 1814 tres
3114 1770 3206 1813 aut
3239 1768 3471 1828 quatuor
3495 1756 3761 1809 duntaxat

2194 1858 2549 1922 inveniamus,
2593 1855 2855 1911 Joannem
2893 1853 3273 1922 Drungarium,
3322 1850 3628 1911 Erasmum,
3665 1844 3760 1898 Bi-

2198 1958 2398 2014 vetum,
2434 1949 2729 2003 Petavium.
2779 1946 3047 2002 Tilmanui
3099 1952 3275 1998 autem
3328 1949 3382 1994 et
3428 1938 3762 2007 reliquorum

2198 2044 2336 2099 idem
2368 2041 2715 2097 sentientium
2742 2040 2921 2108 Opinio
2952 2054 3057 2093 non
3090 2036 3195 2091 alio
3241 2034 3409 2104 magis
3440 2034 3765 2100 argumento

2200 2137 2409 2201 nititur,
2440 2148 2600 2203 quam
2632 2131 2772 2201 quod
2805 2130 3227 2183 commentarius
3270 2125 3360 2180 ille
3388 2138 3485 2193 pro
3524 2120 3764 2192 genuino

2200 2224 2380 2277 Basilii
2422 2224 2596 2293 Magni
2629 2222 2738 2276 fetu
2790 2222 2858 2275 ab
2893 2219 3282 2288 antiquissimis
3326 2217 3433 2271 illis
3478 2228 3615 2284 quos
3648 2211 3763 2265 dixi

2202 2316 2331 2369 viris
2363 2316 2664 2369 habeatur:
2700 2327 2885 2369 eorum
2916 2326 3043 2367 vero
3083 2311 3174 2380 qui
3229 2310 3509 2363 adversam
3544 2314 3768 2361 tuentur

2203 2406 2544 2470 sententiam,
2596 2415 2908 2475 argumenta
2954 2412 3046 2458 aut
3076 2402 3218 2457 nulla
3249 2409 3397 2466 sunt,
3430 2408 3524 2453 aut
3549 2414 3656 2452 non
3690 2398 3767 2450 ita

2205 2499 2430 2554 multum
2460 2498 2525 2552 ad
2560 2496 2988 2567 persuadendum
3023 2494 3236 2550 idonea.
3280 2491 3536 2546 Erasmus
3573 2488 3768 2542 confu-

2205 2594 2279 2661 git
2308 2591 2371 2645 ad
2410 2589 2538 2643 illud
2567 2604 2749 2648 suum,
2777 2599 2834 2640 ut
2874 2586 3018 2639 dicat
3048 2602 3150 2640 non
3179 2583 3343 2638 videri
3377 2580 3478 2636 sibi
3504 2580 3603 2634 hoc
3631 2593 3771 2647 Opus

2206 2681 2440 2735 divinam
2471 2680 2615 2731 illam
2647 2676 2824 2732 Basilii
2853 2674 3088 2742 phrasim
3124 2686 3331 2740 sapere.
3378 2670 3647 2731 Petavius,
3673 2684 3772 2720 cu-

2203 2772 2289 2842 jus
2319 2770 2371 2823 in
2400 2768 2595 2822 litteris
2626 2766 2918 2821 auctoritas
2960 2764 3101 2833 apud
3136 2776 3324 2817 omnes
3353 2760 3641 2830 plurimum
3676 2773 3774 2807 va-

2209 2862 2319 2917 lere
2350 2861 2536 2922 debet,
2572 2858 2647 2913 ait
2677 2857 2891 2928 quidem
2929 2854 3145 2911 disertis
3184 2852 3364 2908 verbis
3398 2849 3773 2919 imperfectum

2210 2954 2355 3010 illum
2387 2959 2443 3008 in
2482 2953 2683 3006 Isaiam
2722 2947 3167 3005 commentarium
3207 2944 3298 3015 qui
3339 2942 3553 2999 nomine
3588 2938 3773 2994 Basilii

2211 3045 2605 3107 circumfertur,
2631 3042 2747 3109 ejus
2773 3058 2879 3095 non
2907 3055 3025 3095 esse
3052 3057 3066 3094 :
3096 3041 3189 3095 sed
3219 3038 3350 3093 nihil
3373 3035 3596 3092 omnino
3617 3031 3778 3087 aﬂert

2215 3138 2279 3188 ad
2309 3150 2459 3190 suam
2515 3133 2837 3188 sententiam
2883 3131 3330 3185 conﬁrmandam.
3359 3128 3561 3185 Petavii
3594 3136 3777 3180 autem
3821 3172 3827 3179 .

2213 3230 2371 3281 verba
2404 3229 2517 3282 htec
2544 3238 2668 3281 sunt
2689 3222 2898 3281 tom.lll
2920 3222 3094 3277 Theol.
3112 3210 3265 3291 ἄορ..
3285 3224 3377 3276 lib.
3404 3239 3444 3286 ι,
3468 3239 3518 3278 c.
3544 3223 3600 3285 2,
3628 3238 3682 3275 n.
3706 3222 3740 3275 4
3758 3237 3777 3276 :

2222 3337 2240 3371 ι
2265 3319 2485 3380 Rursus,
2511 3318 2701 3387 inquit,
2720 3326 2904 3371 auctor
2928 3313 3431 3369 commentariorum
3457 3315 3524 3364 ad
3552 3311 3779 3376 Isaiam,

2212 3413 2303 3482 qui
2337 3410 2532 3465 Basilio
2566 3409 2737 3465 solent
2773 3406 3016 3471 inscribi,
3064 3419 3163 3461 nec
3207 3412 3336 3459 sunt
3384 3412 3566 3457 tamen
3609 3403 3781 3461 illius.

2213 3503 2423 3558 videtur
2449 3503 2610 3557 etiam
2648 3510 2962 3569 corporatos
2983 3497 3201 3569 angelos
3226 3496 3427 3551 facere.
3459 3513 3479 3548 ι
3513 3493 3784 3549 Montfau-

2218 3595 2403 3648 conius
2435 3605 2637 3656 noster,
2672 3592 2824 3661 cujus
2866 3590 3017 3648 lahor
3049 3601 3106 3644 ut
3137 3589 3293 3656 alias,
3345 3590 3413 3643 ita
3451 3586 3539 3641 hic
3567 3600 3785 3655 quoque

2220 3685 2503 3737 admodum
2533 3684 2681 3737 utilis
2716 3693 2798 3737 est
2830 3691 2885 3737 et
2913 3682 3239 3745 fructuosus,
3266 3680 3530 3733 edendum
3574 3680 3787 3735 curavit

2221 3772 2494 3840 cujusdam
2524 3773 2744 3829 Joannis
2770 3773 3050 3844 Drungarii
3071 3772 3450 3842 fragmentum,
3478 3771 3618 3839 quod
3637 3783 3788 3825 certe

2221 3866 2287 3919 ad
2321 3880 2432 3919 rem
2479 3864 2562 3916 vel
2611 3864 2845 3917 maxime
2894 3865 3043 3919 facit.
3084 3861 3213 3916 lnde
3251 3863 3394 3916 enim
3442 3861 3651 3915 discere
3704 3873 3789 3914 cst

2219 3958 2347 4029 quid
2384 3955 2555 4011 Graeci
2594 3956 2658 4008 de
2694 3954 2871 4008 Basilii
2908 3955 2962 4007 in
2986 3953 3185 4006 Isaiam
3215 3953 3623 4005 commentariis
3662 3968 3787 4006 Seu-

2220 4048 2389 4103 serint
2416 4047 2729 4103 duodecimo
2778 4043 2993 4109 saeculo,
3028 4056 3134 4113 quo
3176 4042 3264 4097 ille
3303 4042 3537 4110 scriptor
3584 4042 3783 4094 vixisse

2221 4141 2476 4195 creditur.
2537 4138 2627 4194 Sic
2673 4147 2849 4193 autem
2911 4138 2964 4191 in
3024 4135 3243 4205 prologo
3301 4133 3557 4202 quodam,
3625 4148 3786 4204 quem

2222 4245 2350 4286 tom.
2403 4230 2443 4284 ll
2492 4230 2625 4286 Coll.
2690 4228 2907 4283 Patrum
2959 4225 3152 4289 Gram,
3200 4239 3254 4294 p.
3298 4224 3403 4280 550
3443 4225 3645 4280 editum
3707 4227 3792 4279 in-

2222 4322 2489 4381 venimus.
2517 4321 2724 4375 locutus
2754 4328 2836 4374 est
2864 4318 3100 4373 Joannes
3126 4316 3457 4387 Drungarius
3487 4332 3503 4372 :
3531 4317 3642 4372 Καὶ
3674 4317 3795 4370 τοῦ·

2222 4431 2279 4466 το
2303 4413 2360 4467 δὲ
2392 4411 2689 4485 κατάδηλον
2730 4411 2866 4465 ποιῶ
2911 4413 3020 4474 τοῖς
3056 4412 3495 4481 ἐντυγχάνουσιν,
3543 4412 3619 4472 ὡς
3665 4412 3693 4461 ὁ
3734 4413 3794 4463 ὲν

2223 4503 2399 4571 ἁγίοις
2430 4500 2725 4564 Βασίλειος,
2770 4501 2931 4570 μέρος
2962 4520 3016 4555 τι
3043 4502 3140 4571 τῆς
3174 4502 3230 4553 ὲν
3258 4500 3412 4571 χερσὶ
3458 4501 3793 4570 προφητείας

2226 4594 2564 4663 ἡρμήνευσεν
2584 4610 2597 4622 ⁸
2626 4593 2746 4662 ἥτις
2794 4593 3053 4664 ἑρμηνεία
3093 4592 3243 4661 παρὰ
3277 4592 3487 4654 πολλοῖς
3520 4592 3795 4662 (tamen-

2226 4686 2397 4741 λεται.
2456 4685 2614 4740 «Hoc
2670 4686 2794 4739 item
2851 4688 3110 4740 monitum
3164 4684 3421 4740 lectorem
3474 4685 3635 4750 volui,
3684 4685 3797 4739 Ma-

2228 4788 2391 4844 gnum
2430 4775 2635 4831 scilicet
2660 4773 2914 4830 Basilium
2947 4775 3106 4845 hujus
3153 4774 3447 4844 prophetia:
3474 4785 3678 4843 partem
3710 4777 3794 4828 iu-

2233 4877 2579 4939 terprctatum
2610 4882 2725 4923 esse
2753 4886 2767 4921 :
2803 4884 2922 4937 quae
2953 4879 3129 4923 tamen
3170 4870 3547 4938 interpretatio
3576 4885 3643 4922 an
3682 4870 3799 4937 ejus

2231 4961 2320 5026 sit,
2352 4976 2382 5014 a
2415 4958 2596 5014 multis
2632 4960 2684 5012 in
2710 4960 2925 5013 dubium
2960 4970 3263 5015 revocatur.
3289 4978 3308 5011 ι
3341 4960 3441 5014 Cui
3469 4959 3793 5013 dubitationi

2232 5049 2375 5104 favet
2423 5050 2487 5115 is,
2520 5061 2675 5117 quem
2715 5050 2871 5103 modo
2900 5048 3034 5114 dixi,
3073 5050 3153 5102 vir
3185 5049 3584 5104 eruditissimus
3623 5047 3800 5103 Mont-

2234 5138 2531 5194 fauconius.

2304 5231 2389 5288 55.
2427 5231 2699 5288 Hactenus
2726 5233 2793 5285 de
2815 5232 3039 5285 aliorum
3073 5231 3355 5286 sententiis
3388 5250 3401 5285 :
3429 5246 3571 5286 nunc
3598 5246 3798 5295 meam,

2233 5330 2291 5375 ut
2329 5324 2495 5387 soleo,
2534 5338 2846 5394 proponam.
2896 5323 3023 5376 Mihi
3072 5337 3212 5391 mgre
3244 5331 3325 5375 est
3367 5322 3607 5390 quidem,
3657 5323 3802 5392 quod

2234 5414 2320 5467 hic
2352 5428 2566 5483 quoque
2600 5415 2867 5481 vulgatam
2900 5415 3208 5483 Opinionem
3252 5414 3567 5489 impugnare
3616 5429 3803 5482 cogar,

2234 5506 2325 5559 sed
2346 5506 2597 5573 quoniam
2626 5507 2736 5561 veri
2766 5522 2917 5562 amor
2939 5507 3054 5575 plus
3084 5508 3261 5559 valere
3290 5509 3444 5560 debet
3472 5522 3631 5574 quam
3664 5522 3801 5576 quo-

2237 5597 2488 5649 rumlibet
2532 5597 2806 5651 hominum
2845 5607 2936 5650 aut
2976 5597 3140 5659 fama,
3174 5608 3263 5649 aut
3297 5598 3620 5661 auctoritas,
3645 5599 3805 5652 dissi-

2236 5685 2543 5737 mulandum
2579 5686 2866 5753 quidquam
2916 5701 3033 5740 esse
3077 5701 3179 5739 non
3231 5696 3377 5754 puto.
3426 5686 3567 5754 Ergo
3596 5696 3803 5739 tantum

2237 5775 2406 5841 abest,
2439 5784 2495 5829 ut
2543 5774 2913 5844 imperfectum
2950 5776 3093 5829 illum
3136 5780 3187 5828 in
3225 5776 3420 5829 Isaiam
3473 5788 3806 5830 commenta—
