4040 6462
1359 416 1420 469 D.
1461 413 1607 471 JUL.
1648 411 1965 468 GABNEBII
2004 410 2389 469 PREFATIO.

3287 430 3464 471 CCXVII

244 534 376 588 rium
412 531 643 587 tribuam
677 530 891 596 Basilio,
919 540 975 584 ut
1004 545 1125 586 eum
1170 529 1330 583 etiam
1359 530 1475 600 ipso
1499 529 1807 599 indignissi-
1834 534 1881 591 Α
1910 531 2105 584 veniet.
2142 527 2273 583 Nam
2310 528 2465 583 obvia
2502 536 2647 593 sunt,
2676 537 2731 584 et
2764 537 2871 584 tam
2916 528 3106 596 multa,
3139 537 3196 585 ut
3222 543 3286 585 ea
3316 545 3465 600 qum-

244 640 389 679 mum
423 639 550 681 esse
595 625 852 693 judicem.
908 622 1056 691 Legi,
1112 622 1306 692 perlegi
1341 623 1456 677 hoc-
1479 637 1647 691 Opus;
1706 636 1806 677 nec

243 717 536 784 quidquam
566 715 888 769 Basilianum
918 729 1141 782 usquam
1174 714 1368 780 reperi.
1403 712 1546 768 Nihil
1570 728 1670 767 non
1699 713 1808 766 olet

244 809 705 877 peregrinitatem.
750 806 1092 875 Quaecunque
1140 806 1411 859 mirantur
1457 805 1802 869 eruditissimi

244 902 444 969 quique
478 901 530 953 in
571 901 791 969 scriptis
818 898 1024 965 Basilii,
1048 899 1311 953 orationis
1339 896 1801 968 perspicuitatem,

245 990 579 1058 facundiam,
608 992 930 1062 singularem
962 990 1246 1060 quamdam
1286 989 1804 1059 interpretandarum

246 1079 649 1151 Scripturarum
682 1082 1017 1145 facilitatem,
1049 1081 1335 1134 verborum
1368 1080 1689 1149 optimorum
1714 1078 1807 1132 de-

242 1171 468 1235 lectum,
502 1173 890 1227 sententiarum
933 1172 1273 1242 gravitatem,
1307 1172 1496 1225 horum
1543 1185 1609 1225 ne
1638 1169 1805 1225 vestio

244 1262 394 1331 gium
431 1264 645 1332 quidem
691 1263 743 1315 in
798 1263 882 1316 his
914 1264 1318 1317 commentariis
1346 1270 1540 1316 exstat.
1586 1261 1652 1316 Et
1678 1276 1807 1317 vero

243 1354 504 1422 scriptor,
558 1353 864 1421 quicunque
892 1352 980 1407 ille
1022 1349 1145 1419 fuit,
1180 1352 1340 1425 friget
1377 1353 1592 1424 ubique.
1626 1352 1808 1424 Stylus

242 1447 392 1501 illius
420 1444 734 1500 aBasiliano
758 1454 865 1498 tam
896 1445 1051 1516 longe
1068 1446 1249 1509 distat,
1280 1455 1467 1499 uteam
1496 1444 1806 1513 discrepan-

245 1539 379 1591 tiam
418 1538 507 1605 qui
538 1551 640 1591 non
660 1537 822 1603 videt,
855 1536 987 1591 nihil
1024 1536 1199 1591 videat
1228 1550 1447 1591 necesse
1478 1535 1567 1592 sit.
1597 1534 1810 1605 Repetit

243 1642 366 1697 qum
392 1626 669 1695 aliquanto
692 1634 816 1680 ante
842 1627 1053 1680 dixerat
1077 1644 1091 1681 :
1123 1625 1469 1680 immodicum
1502 1641 1561 1680 se
1595 1635 1810 1695 praestat

247 1718 300 1768 in
331 1714 776 1783 digressionibus,
817 1716 989 1785 iisque
1015 1716 1081 1770 ad
1113 1730 1224 1769 rem
1254 1729 1359 1769 non
1392 1715 1805 1785 pertinentibus.

247 1805 499 1858 Imitatur
547 1805 742 1874 sepius
776 1806 1087 1876 plagiarios,
1125 1804 1238 1873 qui,
1272 1819 1391 1859 cum
1440 1818 1544 1858 non
1578 1804 1811 1858 habeant

248 1898 396 1965 quod
425 1898 683 1964 scribant,
724 1908 777 1954 et
806 1908 982 1953 tamen
1021 1898 1255 1953 scribere
1286 1896 1472 1960 velint,
1501 1895 1701 1951 alienos
1727 1896 1810 1951 la-
1838 1869 1884 1928 Β

247 1986 414 2042 bores
452 1997 656 2043 metere
694 2003 799 2042 non
844 1998 1116 2042 verentur.
1169 1987 1242 2040 Ita
1281 1985 1569 2056 aliquando
1607 2002 1637 2042 a
1683 2003 1807 2058 pro-

246 2079 425 2146 posito
483 2079 720 2142 aberrat,
754 2086 811 2131 ut
857 2092 978 2131 eum
1034 2076 1179 2131 illius
1240 2091 1393 2147 quasr
1441 2078 1664 2133 oblitum
1729 2079 1809 2133 di-

243 2188 378 2232 cas,
416 2183 517 2222 nec
561 2168 735 2237 ipsum
772 2176 928 2237 putes
972 2167 1320 2237 interpretem
1359 2182 1480 2224 esse
1514 2168 1685 2234 Isaiae,
1715 2171 1808 2226 sed

246 2262 484 2317 Davidis.
540 2258 825 2314 Vocabulis
853 2259 1000 2314 duris
1055 2260 1253 2330 passim
1290 2261 1481 2326 utitur,
1535 2276 1654 2331 quae
1702 2260 1812 2316 fru-

244 2362 359 2405 stra
408 2362 624 2420 quaeras
674 2348 729 2403 in
776 2348 1099 2403 suavissimo
1143 2358 1359 2404 oratore
1412 2349 1609 2405 Basilio
1652 2366 1666 2403 :
1717 2351 1809 2406 sed

244 2458 479 2513 quorum
505 2456 630 2512 pars
657 2441 890 2495 maxima
930 2440 1069 2508 apud
1094 2439 1381 2495 Eusebium
1418 2442 1715 2507 invenitur;
1742 2444 1811 2496 ob

244 2540 409 2608 idque
436 2534 583 2592 credi
619 2532 809 2587 merito
861 2539 1038 2601 potest
1086 2531 1308 2601 insignis
1347 2532 1564 2599 quidam
1609 2532 1807 2603 plagia-

247 2634 363 2686 rius
409 2630 601 2684 fuisse.
646 2624 857 2694 lneptit,
899 2621 1067 2692 garrit
1106 2637 1298 2693 nugas,
1338 2621 1555 2677 Patrum
1610 2626 1814 2692 gravis-

243 2727 384 2779 simo
438 2717 863 2788 indignissimas,
913 2728 1114 2782 easque
1164 2714 1228 2768 ad
1279 2713 1444 2769 risum
1493 2718 1811 2770 movendum

242 2829 408 2885 quam
448 2813 515 2867 ad
544 2810 842 2866 docendum
877 2806 1415 2863 accommodatiores.
1444 2808 1641 2875 Atque,
1671 2809 1813 2877 quod

243 2926 273 2961 a
330 2905 513 2961 Basilii
556 2902 798 2959 moribus
841 2897 1227 2954 alienissimum
1274 2906 1375 2962 est,
1436 2913 1541 2952 non
1591 2899 1813 2953 absolvit

245 2998 522 3069 periodos,
556 2994 650 3049 sed
675 2988 1022 3046 divinandum
1059 2986 1260 3054 aliquid
1288 2986 1561 3054 relinquit,
1586 2989 1814 3056 scripto-

251 3094 327 3144 ris
360 3090 440 3143 sic
471 3095 527 3140 ut
562 3083 745 3139 multis
797 3081 849 3135 in
894 3080 1028 3134 locis
1068 3078 1392 3135 sententiam
1435 3080 1690 3149 consequi
1727 3081 1812 3133 vix

245 3181 445 3251 possis.
485 3177 721 3244 Denique
748 3173 799 3227 in
831 3172 913 3227 his
934 3172 1337 3227 commentariis
1364 3175 1524 3227 verba
1560 3187 1664 3228 non
1694 3188 1816 3227 raro

246 3276 321 3328 ita
361 3274 502 3327 inter
542 3283 601 3323 se
627 3266 969 3332 ordinantur,
1014 3280 1204 3319 eorum
1258 3273 1316 3317 ut
1344 3264 1673 3319 constructio
1697 3263 1813 3318 ﬁeri

245 3366 396 3422 nullo
434 3364 595 3420 modo
638 3360 830 3431 possit.
870 3357 1015 3413 Sane
1067 3363 1144 3411 tot
1189 3365 1312 3410 sunt
1346 3369 1532 3410 eorum
1582 3369 1702 3425 qua
1730 3356 1813 3409 di-

247 3461 431 3515 ximus
467 3454 739 3524 exempla,
781 3459 912 3522 quot
944 3464 1049 3504 non
1082 3449 1203 3504 dico
1234 3448 1459 3517 paginae,
1491 3447 1583 3503 sed
1611 3446 1814 3518 ρει-ἰοῶ

247 3547 781 3606 commentariorum.
841 3541 949 3597 Sed
975 3555 1044 3596 ne
1099 3540 1257 3611 copia
1308 3540 1423 3610 ipsa
1451 3540 1673 3595 molesta
1725 3542 1814 3602 sit,

246 3657 421 3713 pauca
465 3654 497 3694 e
539 3636 722 3691 multis
750 3635 817 3689 ad
860 3635 1000 3688 hanc
1047 3642 1286 3687 nostram
1319 3633 1625 3701 opinionem
1676 3648 1819 3690 com-

249 3732 586 3806 probandam
614 3728 667 3782 in
694 3726 929 3781 medium
958 3723 1250 3795 proferam.

320 3826 409 3880 54.
450 3822 689 3880 Primum
721 3819 793 3873 ita
839 3818 1046 3873 auctori
1088 3814 1383 3871 familiares
1408 3824 1534 3872 sunt
1556 3831 1633 3871 ea:
1658 3830 1818 3873 voces

247 3936 368 3991 qua
396 3920 450 3974 in
492 3934 589 3981 κος
647 3913 926 3978 desinunt,
989 3920 1050 3966 ut
1096 3910 1279 3966 statim
1308 3912 1815 3966 commentariorum

246 4014 540 4087 γνησιότης
584 4010 638 4065 in
670 4008 887 4064 dubium
916 4004 1157 4061 revocari
1190 4004 1381 4057 merito
1406 4004 1592 4071 possit.
1628 4004 1731 4058 Sed
1770 4002 1815 4056 si

247 4110 371 4178 quis
404 4104 625 4161 easdem
655 4113 818 4154 voces
852 4098 1108 4151 attentius
1142 4094 1584 4156 consideraverit,
1608 4097 1814 4164 pleras-

246 4213 351 4267 que
399 4206 506 4249 tam
560 4193 744 4254 duras,
789 4196 894 4242 tam
936 4184 1229 4251 obsoletas,
1281 4193 1500 4255 tamque
1534 4185 1819 4242 inusitatas

247 4288 506 4349 inveniet,
535 4291 592 4337 ut
615 4281 761 4336 hunc
787 4276 1243 4335 Commentarium
1264 4277 1404 4332 male
1431 4276 1627 4331 Basilio
1657 4279 1816 4333 tribui

246 4378 431 4436 statim
460 4371 902 4447 pronuntiaturus
930 4369 1019 4424 sit.
1047 4368 1224 4435 Quam
1265 4378 1442 4423 autem
1468 4367 1724 4438 frequens
1749 4369 1819 4424 sit

247 4476 301 4527 in
331 4462 734 4527 Commentario
770 4476 899 4516 usus
940 4462 1195 4515 harumce
1226 4474 1441 4524 vocum,
1487 4475 1553 4514 ex
1580 4462 1819 4531 qualibet

1912 638 2055 685 rere,
2099 623 2170 677 sit
2222 636 2440 675 arenam
2473 621 2526 675 in
2558 622 2724 677 maris
2773 622 2952 676 littore
2996 636 3255 692 quaerere.
3287 622 3466 693 Longe

1906 715 2123 785 parcius
2184 714 2331 767 hisce
2387 712 2659 767 vocabulis
2709 714 2783 767 uti
2834 714 2968 768 solet
2994 713 3466 783 eloquentissimus

1907 813 2090 859 orator
2116 804 2369 859 Basilius.
2390 803 2572 872 Neque
2599 818 2728 859 vero
2755 803 3017 873 ejusmodi
3049 818 3207 858 voces
3232 813 3355 858 sunt
3378 819 3467 859 so-

1907 892 2016 949 lum
2051 895 2171 964 plus
2191 894 2339 964 justo
2382 894 2675 950 familiares
2703 895 2985 964 interpreti
3022 933 3037 949 .
3072 896 3187 961 sed,
3219 906 3279 950 ut
3328 896 3466 960 dixi,

1907 994 2032 1040 sunt
2060 1000 2165 1039 non
2210 1000 2398 1055 paucas
2425 986 2498 1039 ita
2526 986 2687 1051 dum,
2720 985 2794 1039 ita
2833 986 3093 1048 insolitae,
3132 996 3188 1039 ut
3212 995 3469 1054 praestare

1909 1076 2080 1129 ausim
2115 1076 2407 1129 maximam
2443 1090 2627 1130 earum
2655 1086 2861 1145 partem
2891 1079 3031 1146 apud
3054 1076 3308 1131 Basilium
3341 1092 3469 1131 nus-

1908 1182 2068 1236 quam
2098 1167 2348 1235 reperiri.
2369 1166 2522 1234 Quod
2548 1185 2713 1237 genus
2746 1178 2892 1233 sunt,
2914 1168 3299 1238 στοχαστικῶς,
3329 1185 3470 1239 παρ-

1907 1255 2368 1326 εκϐατικώτερον,
2426 1257 2883 1328 σχετλιαστικῶς,
2944 1258 3326 1325 ἀντιϐατικῶς,
3354 1275 3471 1313 σκο-

1908 1349 2183 1414 πευτικὸς,
2244 1350 2639 1420 κατανυκτικῷ,
2678 1352 3045 1420 ἀπιδιαστικά,
3076 1360 3130 1407 et
3173 1352 3311 1419 alia},
3354 1366 3472 1421 qua

1910 1439 2089 1509 plures
2127 1450 2293 1504 sunt,
2331 1449 2381 1495 ct
2440 1440 2779 1511 frequentius
2836 1444 3041 1511 obvia},
3075 1459 3234 1513 quam
3273 1453 3332 1497 ut
3384 1443 3473 1498 hic

1910 1530 2143 1585 debeant
2179 1530 2393 1587 referri.
2436 1532 2545 1589 Nec
2574 1538 3002 1604 praetereundum
3036 1537 3269 1600 silentio,
3312 1536 3471 1590 innu-

1910 1635 2057 1674 mera
2106 1621 2212 1676 alia
2248 1624 2506 1679 vocabula
2567 1626 2763 1695 passim
2804 1627 2857 1681 in
2918 1628 3006 1684 bis
3071 1613 3475 1688 commentariis

1908 1710 2218 1780 occurrere,
2244 1730 2380 1783 qua.
2408 1718 2498 1786 qui
2523 1718 2691 1773 libros
2712 1718 2896 1775 Basilii
2920 1720 3229 1791 diligentius
3262 1720 3472 1792 legerit,

1909 1805 2189 1874 peregrina
2217 1818 2339 1863 esse
2362 1818 2417 1862 et
2454 1825 2483 1864 a
2522 1809 2793 1867 Basiliano
2823 1826 2920 1867 usu
2952 1812 3122 1868 aliena
3152 1811 3307 1867 facile
3337 1812 3475 1866 fate-

1913 1897 2079 1951 bitur.
2117 1896 2305 1964 Qualia
2358 1911 2500 1965 sunt,
2532 1902 3063 1975 άπαρακολουθησία,
3092 1905 3474 1971 ἀκατανάγκα-

1916 2004 2073 2051 στον,
2111 1990 2377 2055 οίστικαὶ,
2428 1991 2908 2064 ὲπαμφοτεριστῶν
2941 2033 2957 2057 ,
3006 1993 3471 2065 ἀποτηγανιζομέο

1914 2096 2010 2149 νης
2033 2080 2130 2146 (a),
2158 2081 2478 2151 τρισάθλιοι,
2510 2085 2847 2155 ἀτιμοποιδς,
2891 2086 3229 2157 ἀσεϐήματα,
3283 2086 3478 2140 ἀκολα-

1916 2171 2185 2241 στήματα,
2220 2170 2361 2226 κατὰ
2391 2175 2757 2247 συναρπαγὴν,
2793 2178 3320 2249 ἁπαρακολούθητον,
3348 2179 3481 2249 ἀτη-

1919 2262 2147 2335 μέλητα,
2194 2263 2527 2334 οίησίσοφος,
2594 2266 3089 2341 ὲξευγενιζομένης,
3117 2277 3172 2324 et
3227 2269 3329 2323 alia
3359 2284 3479 2340 per-

1917 2355 2107 2418 multa,
2139 2370 2258 2425 quae
2298 2357 2341 2410 si
2372 2356 2594 2411 velimus
2635 2359 2812 2414 omnia
2843 2360 3184 2427 exscribere,
3219 2376 3342 2430 pars
3371 2377 3479 2417 non

1917 2447 2135 2500 minima
2167 2449 2673 2504 commentariorum
2705 2450 3058 2505 exscribenda
3100 2451 3258 2526 nobis
3283 2452 3405 2507 erit.

1985 2538 2077 2592 55.
2112 2536 2219 2593 Sed
2260 2538 2375 2594 haec
2417 2542 2485 2593 de
2520 2541 2679 2596 nudis
2706 2542 2885 2598 verbis
2913 2559 2926 2596 :
2956 2557 3099 2598 nunc
3130 2544 3196 2598 de
3222 2542 3352 2613 ipsis
3388 2557 3483 2612 pe-

1919 2630 2085 2686 riodis
2121 2630 2521 2688 disserendum.
2543 2631 2892 2701 Profecto,ut
2926 2636 3054 2690 mihi
3089 2636 3303 2705 quidem
3332 2635 3483 2691 vide-

1921 2732 2028 2788 tur,
2053 2723 2097 2778 si
2130 2723 2262 2778 nihil
2292 2723 2460 2789 aliud,
2501 2735 2649 2780 certe
2684 2726 2922 2797 ineptum
2954 2728 3163 2782 dicendi
3196 2742 3363 2797 genus
3389 2729 3484 2783 hu-

1914 2814 2003 2884 jus
2051 2816 2229 2884 operis
2259 2815 2471 2871 νοθείαν
2518 2828 2707 2887 aperte
2734 2819 2990 2874 ostendit.
3044 2818 3484 2876 Commentarios

1922 2904 2019 2959 hos
2068 2922 2193 2960 cum
2240 2918 2531 2973 verterem,
2573 2909 2714 2962 inter
2779 2919 2975 2967 caetera
3025 2911 3150 2966 vitia
3176 2951 3192 2978 ,
3234 2911 3362 2966 illud
3399 2911 3483 2967 vel

1920 2996 2210 3049 maximum
2237 2998 2365 3052 mihi
2399 2999 2570 3053 visum
2603 3010 2705 3065 est,
2739 3002 2883 3071 quod
2912 3001 3147 3072 scriptor
3188 3003 3485 3072 saepissime

1920 3085 2169 3153 periodos
2197 3101 2305 3141 non
2334 3088 2581 3144 absolvit.
2611 3089 2689 3144 Ex
2717 3105 2825 3160 quo
2861 3092 2923 3145 fit
2956 3102 3034 3157 ut,
3070 3094 3136 3159 si,
3160 3108 3278 3162 quae
3299 3092 3486 3149 Graece

1922 3174 2113 3247 legisti.
2147 3178 2370 3235 reddere
2406 3180 2539 3235 velis
2566 3180 2773 3249 Latine,
2801 3183 3039 3239 auctoris
3074 3191 3304 3239 mentem
3337 3197 3485 3239 asse-

1916 3265 2008 3332 qui
2042 3265 2127 3319 vix
2158 3268 2356 3335 possis.
2388 3267 2689 3338 Proponam
2723 3272 2809 3324 hic
2831 3271 2949 3340 ejus
2971 3272 3048 3327 rei
3074 3272 3277 3342 aliquot
3301 3288 3487 3328 exem-

1918 3355 2031 3423 pla,
2068 3365 2125 3408 ut
2163 3357 2399 3425 quidque
2430 3372 2679 3423 occurret
2707 3376 2720 3414 :
2750 3377 2817 3417 ex
2862 3363 3060 3432 quibus
3090 3365 3156 3419 de
3190 3365 3372 3420 multis
3406 3367 3482 3420 si-

1917 3445 2133 3501 milibus
2183 3448 2491 3518 conjectura
2546 3450 2662 3505 ﬁeri
2727 3455 2941 3522 poterit.
2991 3455 3284 3525 Scriptoris
3322 3458 3487 3526 igitur

1918 3538 2079 3594 verba
2109 3552 2234 3594 sunt
2260 3541 2373 3596 haec
2405 3541 2457 3596 in
2486 3542 2612 3598 illud
2648 3542 2819 3614 (num.
2853 3546 2975 3615 112)
3014 3563 3026 3599 ;
3073 3545 3142 3601 Et
3170 3548 3488 3616 respondens

1917 3631 1971 3682 in
1995 3629 2089 3682 illa
2119 3631 2203 3684 die
2224 3631 2292 3695 ⁸³,
2318 3641 2421 3686 etc.
2454 3649 2467 3684 :
2504 3632 2617 3685 Νῦν
2639 3634 2696 3687 δὲ
2726 3634 3026 3706 φοϐοῦμαι,
3061 3637 3135 3709 μὴ
3178 3638 3235 3689 ἐν
3266 3640 3331 3708 τῇ
3364 3639 3487 3691 ἰου-

1920 3722 2076 3793 δαῖκῇ
2137 3724 2324 3777 στάσει
2375 3720 2516 3796 ἦσάν
2549 3744 2691 3791 τινες
2741 3730 2790 3780 ei
2844 3729 3091 3793 ἀναξίους
3125 3731 3350 3794 ἑαυτοὺς
3378 3731 3487 3785 τῶν

1919 3816 2120 3886 ἐτέρων
2146 3817 2332 3885 ἄρχειν
2372 3816 2682 3887 ἡγούμενοι,
2712 3818 2801 3870 διὰ
2841 3820 2940 3890 τὴν
2991 3820 3335 3891 συναίσθησιν
3385 3824 3485 3893 τῆς

1919 3906 2330 3977 ἐνυπαρχούσης
2365 3908 2548 3971 αὐτοῖς
2576 3909 2874 3980 πτωχείαςο
2905 3912 2999 3965 ἐπὶ
3036 3911 3093 3965 δὲ
3118 3910 3226 3965 τῶν
3280 3913 3485 3983 παρὸνο

1915 4015 2043 4062 των,
2077 4000 2181 4054 κᾶν
2242 4000 2314 4072 μὴ
2342 3993 2441 4054 ὦσε
2488 4019 2630 4065 τινες
2662 4002 2994 4074 ἐνδεδυμένοι
3046 4004 3299 4075 Χριστὸν,
3354 4006 3487 4077 μηδὲ

1919 4092 2203 4164 σπλάγχνα
2233 4094 2540 4163 οίκτιρμοῢ,
2573 4094 2711 4147 κατὰ
2741 4096 2831 4147 τὸν
2858 4096 3198 4162 Ἀπόστολον,
3227 4096 3330 4150 κᾶν
3359 4098 3485 4150 ἑπι-

1918 4185 2147 4256 λάεηταί
2183 4204 2265 4249 τις
2300 4186 2399 4239 οὐκ
2438 4185 2796 4255 ἀντιλέγουσι,
2843 4187 2947 4241 κᾶν
3002 4188 3075 4259 μὴ
3133 4188 3482 4260 ὲπιλάδηται,

1920 4277 2271 4331 εἰσωθοῢνται
2297 4278 2500 4333 πολλοί.
2533 4278 2685 4346 Quod
2740 4280 2809 4333 ita
2840 4280 2906 4335 ad
2961 4280 3184 4336 verbum
3218 4280 3483 4350 interpre-

1921 4372 2150 4425 tabimur
2174 4389 2186 4423 :
2220 4390 2239 4421 ‹
2274 4370 2426 4427 Nunc
2453 4382 2630 4427 autem
2660 4374 2823 4428 timeo
2852 4388 2919 4429 ne
2951 4374 3004 4427 in
3024 4371 3243 4428 Iudaica
3271 4370 3485 4441 quidem

1918 4460 2181 4517 seditione
2203 4472 2374 4524 erant,
2406 4465 2496 4533 qui
2532 4464 2782 4534 indignos
2804 4478 2863 4518 se
2904 4464 3220 4533 praefectura
3257 4462 3482 4518 aliorum

250 4564 362 4615 fere
390 4559 581 4629 pagina
606 4572 635 4610 a
671 4553 863 4624 quovis
884 4549 1098 4619 quidem
1120 4548 1277 4604 facile
1307 4549 1556 4619 cognosci
1592 4561 1766 4619 potest
1800 4570 1812 4605 :
1849 4586 1893 4640 ο
1924 4551 2050 4617 rati,
2078 4564 2261 4623 utpote
2284 4570 2393 4610 suae
2440 4556 2676 4624 ipsorum
2721 4557 3051 4626 paupertatis
3095 4555 3333 4620 conscii;
3391 4554 3483 4609 sed

244 4653 340 4707 sed
376 4659 554 4703 tamen
580 4657 638 4701 ut
669 4660 756 4701 res
784 4643 953 4700 oculis
984 4641 1112 4710 ipsis
1144 4640 1509 4709 subjiciamus,
1552 4641 1811 4706 ejusmodi

246 4739 509 4797 vocabula
551 4737 745 4808 quibus
774 4749 902 4790 usus
944 4742 1028 4789 est
1074 4734 1337 4800 interpres
1378 4733 1431 4787 in
1462 4731 1811 4801 explanandis

246 4837 373 4897 illis,
426 4849 445 4883 σ
475 4828 542 4884 Et
587 4834 777 4897 arguet
807 4824 1061 4894 populum
1096 4822 1361 4887 multum;
1426 4831 1481 4878 et
1527 4821 1812 4876 concident

246 4926 454 4998 gladios
500 4936 694 4985 suos,»
725 4926 857 4983 etc.,
903 4915 1003 4969 hoc
1037 4916 1155 4971 loco
1186 4914 1442 4970 adnotare
1502 4915 1667 4968 visqu
1706 4923 1809 4971 est.

247 5018 372 5074 Haec
404 5015 566 5085 igitur
596 5021 859 5080 suntquae
906 5007 979 5061 ibi
1010 5006 1148 5061 intra
1185 5021 1384 5075 paucos
1416 5022 1603 5063 versus
1624 5006 1812 5078 legun-

248 5125 357 5178 tur,
401 5106 737 5177 σωματικὸν,
785 5099 1103 5172 πληκτικὸς,
1168 5099 1467 5171 εἰρηνικὴν,
1521 5103 1811 5171 εἰρηνικὸν,

248 5199 606 5272 συμϐατικὸν,
635 5194 957 5266 φθαρτικὴν,
980 5194 1242 5260 Αογικαίς,
1280 5192 1812 5264 παρασκευαστικὴν,

247 5290 553 5363 ποιητικὸν,
609 5283 948 5350 συνακτικὺν,
1004 5283 1328 5346 συνδετικὸν,
1384 5284 1617 5351 λογικόν.
1668 5282 1813 5347 Haec,

246 5388 490 5453 inquam,
518 5391 647 5437 sunt
674 5395 793 5451 qua:
840 5378 1016 5447 legere
1057 5377 1128 5432 sit
1166 5377 1218 5431 in
1243 5376 1389 5431 brevi
1422 5377 1509 5431 illo
1532 5374 1671 5444 quod
1704 5376 1813 5430 dixi

246 5474 445 5543 spatio.
476 5469 639 5525 Plura
682 5470 772 5537 qui
797 5468 980 5523 videre
1004 5468 1168 5531 volet,
1198 5466 1265 5528 is,
1288 5465 1498 5535 opinor,
1540 5466 1583 5520 si
1615 5463 1695 5517 vel
1731 5482 1815 5519 se-

246 5566 353 5620 mel
394 5564 586 5617 lihrum
616 5562 842 5631 aperiat,
885 5559 1123 5629 ejusdem
1158 5558 1375 5629 generis
1404 5557 1507 5612 alia
1546 5556 1708 5611 multa
1736 5559 1812 5612 in-

316 5704 366 5735 “
395 5704 498 5758 lsa.
527 5718 607 5766 lli,
637 5700 686 5754 7.

1923 4643 2023 4699 hoc
2049 4653 2308 4712 tempore,
2336 4645 2545 4700 etiamsi
2583 4662 2687 4702 non
2737 4648 2844 4702 sint
2868 4646 2958 4714 qui
2984 4644 3153 4702 induti
3184 4644 3480 4711 Christum,

1922 4752 2094 4806 neque
2152 4738 2358 4792 viscera
2415 4738 2823 4803 misericordiae,
2868 4758 2886 4790 ι
2924 4749 3031 4795 etc.
3093 4737 3251 4793 Certe
3276 4738 3321 4792 si
3365 4738 3486 4807 quis

1921 4829 1992 4884 ita
2022 4828 2211 4884 Latine
2258 4831 2730 4901 interpretaretur,
2760 4833 2927 4887 risum
2983 4830 3324 4886 audientibus
3370 4845 3484 4884 mo-

1919 4929 2098 4981 veret;
2133 4929 2187 4975 et
2232 4932 2408 4976 tamen
2469 4937 2802 4993 unaquaeque
2860 4938 2963 4979 vox
3012 4920 3204 4977 Latina
3266 4920 3484 4977 cuilibet

1919 5010 2035 5065 voci
2073 5010 2272 5067 Graeca:
2308 5012 2462 5079 plane
2507 5014 2815 5081 respondet.
2846 5012 2971 5080 Sed,
2995 5021 3057 5068 ut
3106 5012 3238 5075 dixi,
3283 5012 3479 5066 verbo-

1921 5121 2037 5160 rum
2067 5105 2376 5161 Graecorum
2401 5105 2699 5160 obscuritas
2738 5104 2863 5159 inde
2904 5114 3078 5161 ortum
3128 5104 3309 5171 habet,
3340 5104 3483 5174 quod

1929 5211 2037 5251 non
2075 5196 2320 5251 videatur
2341 5197 2572 5265 scriptor
2618 5197 2870 5267 periodos
2894 5194 3203 5261 absolvere;
3241 5196 3330 5265 qui
3366 5210 3483 5251 mos

1917 5296 1975 5338 ut
1998 5285 2283 5355 plurimum
2312 5284 2508 5339 fastidii
2535 5286 2677 5356 parit
2695 5286 2901 5352 lectori,
2933 5285 3008 5341 ita
3060 5285 3349 5339 maximum
3381 5299 3479 5339 ne-

1917 5376 2121 5445 gotium
2155 5376 2432 5445 interpreti
2466 5376 2705 5431 exhibet.
2737 5374 2804 5429 Et
2848 5391 2978 5431 vero
3006 5374 3199 5431 credas
3240 5382 3359 5443 post
3392 5389 3481 5428 ve-

1918 5482 2033 5520 cetn
2089 5465 2382 5538 ἡγούμενοι
2433 5477 2743 5522 secuturum
2794 5467 3010 5535 aliquod
3047 5467 3291 5530 verbum,
3338 5464 3479 5534 quod

1918 5562 2223 5616 orationem
2267 5560 2550 5615 absolvat:
2580 5561 2676 5615 sed
2733 5561 2783 5615 id
2815 5562 3034 5616 verbum
3079 5558 3319 5614 additum
3373 5569 3479 5611 non

319 5847 398 5917 (α)
444 5844 675 5901 Verbum
720 5853 898 5899 tamen
953 5838 1447 5912 ἀποτηγανίζεσοαι
1504 5839 1695 5909 lt'gilut‘.
1738 5838 1788 5893 in

1918 5852 1998 5891 tua
2025 5835 2266 5890 oratione
2303 5830 2378 5887 De
2413 5832 2627 5895 ieiunio.
2658 5831 2809 5886 Enrr.
