4040 6454
547 404 596 446 ε(
612 411 743 454 "tu

1902 391 2425 451 PROLEGOMENA.

554 523 658 568 est.
701 512 813 566 Hoc
840 520 1016 566 autem
1078 513 1258 568 dicere
1299 513 1503 567 videtur
1551 513 1812 581 interpres
1844 512 2103 567 Graecus:

2226 509 2589 581 ιίσθανόμενοι
2624 510 2720 581 τῆς
2763 508 2889 579 παρ’
2939 506 3128 559 ἑαυτοῦ
3178 505 3415 575 δωρεᾶς’
3462 509 3511 560 ol
3542 507 3632 573 δέ,
3661 516 3776 565 etc.

564 625 581 655 ι
618 604 772 660 Nunc
815 617 992 658 autem
1032 609 1212 671 timeo,
1254 620 1344 670 ne,
1374 615 1433 660 ut
1464 606 1591 661 olim
1627 607 1677 659 in
1717 606 1937 660 Judaica
1966 606 2108 660 sedi-

554 699 701 751 tione
733 706 891 751 erant
930 697 1018 765 qui
1058 699 1261 765 seipsos
1296 697 1688 751 arbitrarentur
1721 698 1988 767 indignos,
2017 696 2106 765 qui

557 787 760 840 caeteris
809 787 1229 855 βταεῐίοοιιοιιιυιυ,
1249 795 1437 857 utpote
1465 802 1573 840 suae
1607 787 1838 855 ipsorum
1886 801 2113 855 pauper-

556 878 683 933 tatis
741 878 968 945 conscii,
1023 879 1094 933 ita
1150 880 1251 934 hoc
1304 888 1545 948 tempore
1590 881 1699 935 sint
1728 879 1989 944 nonnulli,
2017 879 2110 949 qui

557 969 680 1023 licet
731 969 999 1024 Christum
1051 978 1105 1023 et
1157 969 1522 1023 miserationis
1560 970 1766 1025 viscera
1795 970 1964 1024 induti
2000 984 2106 1022 non

555 1059 686 1120 sint,
712 1059 1001 1113 secundum
1032 1059 1367 1129 Apostolum,
1399 1061 1443 1114 si
1474 1060 1591 1128 quis
1626 1068 1802 1116 tamen
1834 1076 1926 1116 eos
1988 1074 2112 1130 ιιι-ο·-

561 1159 793 1212 moveat.
834 1164 937 1204 non
975 1149 1353 1205 contradicant
1389 1166 1403 1201 :
1434 1159 1489 1205 et
1521 1151 1563 1203 si
1591 1160 1904 1219 promoveat
1931 1165 2110 1214 nemo,

558 1250 734 1292 tamen
778 1238 991 1308 plurimi
1022 1253 1079 1294 se
1109 1239 1407 1304 intrudunt.
1457 1256 1476 1290 ι
1527 1238 1827 1294 Notandum
1867 1248 1920 1293 et
1962 1239 2113 1303 illud,

557 1329 718 1383 verba
764 1328 951 1383 Graeca
998 1329 1325 1397 perturbari,
1375 1342 1473 1383 nec
1516 1343 1613 1381 suo
1682 1328 1800 1382 loco
1844 1328 1989 1397 poni.
2038 1327 2115 1382 lta

555 1420 697 1473 enim
736 1420 894 1475 scribi
924 1428 1235 1489 Oportuerat
1265 1434 1279 1471 :
1327 1420 1447 1473 Ἐπὶ
1468 1420 1525 1473 δὲ
1558 1419 1666 1472 τῶν
1693 1419 1991 1491 παρόντων,
2012 1422 2115 1474 κᾶν

558 1499 660 1558 ὦσε
711 1523 857 1569 τινες
911 1506 983 1577 μὴ
1020 1506 1355 1578 ἐνδεδυμένοι
1386 1507 1639 1578 Χριστόν,
1666 1518 1771 1563 etc.
1809 1527 1828 1559 ι
1873 1508 1977 1564 Sed
2016 1511 2116 1565 hoc

563 1608 821 1666 tempore,
868 1598 1077 1652 etiamsi
1116 1599 1455 1652 inveniantur
1502 1601 1589 1668 qui
1623 1598 1892 1654 Christum
1945 1602 2114 1655 induti

561 1701 663 1739 non
721 1685 849 1748 sint,
887 1705 906 1739 ›
935 1696 1041 1741 etc.
1095 1685 1367 1756 lnterpres
1401 1689 1694 1758 explanans
1737 1691 1824 1744 illa
1864 1689 2013 1747 Isaia:
2047 1692 2114 1756 ⁸⁸,

560 1771 628 1825 Et
658 1774 1092 1838 humiliabuntur,
1117 1785 1162 1829 et
1198 1776 1442 1845 lugebant
1483 1777 1644 1832 theca:
1692 1789 1911 1833 ornatus
1941 1780 2113 1842 vestri,

2216 602 2359 655 ltlem
2395 600 2603 665 vitium,
2632 600 2774 667 quod
2832 598 2987 650 alias.
3036 595 3323 664 Participia
3380 596 3490 659 illa,
3523 595 3678 660 ὀντες
3718 606 3777 651 et

2215 689 2615 759 αἰσθανόμενοι,
2647 690 2869 743 verbum
2911 686 3125 754 aliquod
3188 686 3501 755 adjunctum
3544 687 3779 742 habeant

2216 794 2437 837 necesse
2493 790 2593 845 est,
2627 788 2685 832 ut
2739 779 3006 833 sententia
3062 778 3250 833 idonea
3303 778 3588 845 efﬁciatur,
3626 795 3779 834 com-

2214 873 2554 943 pleaturque.
2586 870 2834 924 Fortasse
2859 879 3089 924 mentem
3118 869 3401 937 scriptoris
3443 870 3776 938 assequeris,

2216 963 2262 1017 si
2318 963 2391 1016 ita
2453 962 2851 1029 interpretere:
2898 979 2915 1010 ι
2954 959 3054 1025 Qui
3106 959 3323 1026 quidem
3359 958 3451 1013 Dei
3503 975 3603 1029 ope
3642 959 3779 1012 tales

2218 1051 2504 1117 exsistunt,
2536 1049 2733 1103 donum
2760 1048 2884 1101 illud
2914 1048 2981 1102 ab
2997 1063 3064 1102 eo
3086 1047 3384 1115 proliscisci
3417 1057 3772 1116 agnoscunt.»

2220 1140 2389 1207 Quam
2453 1142 2634 1209 inepta
2696 1140 2768 1194 sit
2824 1139 2939 1193 haec
3004 1139 3256 1209 loquendi
3310 1138 3469 1201 ratio,
3506 1153 3779 1208 quamque

2220 1233 2389 1287 aliena
2421 1249 2451 1285 a
2479 1232 2659 1286 Basilii
2699 1231 2858 1300 stylo,
2888 1231 2971 1284 hic
3000 1232 3179 1284 dicere
3209 1230 3339 1284 nihil
3365 1230 3575 1286 attinet.
3607 1231 3780 1284 Eum-

2220 1325 2339 1380 dem
2366 1326 2434 1379 ad
2478 1324 2693 1378 modum
2742 1322 2924 1375 mutila
2959 1322 3123 1375 dictio
3171 1331 3278 1384 est,
3310 1320 3397 1376 ubi
3438 1321 3782 1388 explicantur

2223 1417 2310 1470 illa
2343 1416 2511 1486 (num.
2532 1414 2654 1483 185)
2680 1429 2693 1466 :
2714 1410 2781 1465 Et
2814 1413 2867 1464 in
2891 1428 3045 1464 manu
3064 1429 3157 1465 sua
3178 1413 3394 1465 habebat
3416 1410 3689 1464 carbonem
3708 1410 3779 1461 ⁸⁸.

2224 1508 2313 1563 Sic
2346 1509 2485 1561 enim
2518 1507 2752 1576 loquitur
2781 1522 2795 1558 :
2826 1505 2887 1557 Ei
2934 1504 3061 1575 γάρ,
3104 1505 3237 1573 ὅπερ
3272 1503 3681 1573 ὲφαντάσθησάν
3708 1519 3787 1556 τι·
3823 1507 3831 1513 “

2222 1616 2330 1662 νες,
2364 1597 2431 1651 τὰ
2459 1598 2549 1650 δύο
2567 1596 2657 1649 τοῦ
2690 1595 2918 1667 οὐρανοῦ
2944 1596 3293 1665 ἡμισφαίρια,
3323 1598 3425 1649 ἀνά
3456 1597 3617 1667 μέρος
3640 1596 3787 1667 ὑπὲρ

2222 1693 2324 1761 γῆς
2347 1690 2661 1760 φαινόμενα,
2690 1687 2748 1752 ἒξ
2777 1688 2995 1758 μέρεσιν
3023 1686 3316 1756 ἑκατέρων,
3339 1686 3498 1738 οἱονεί
3517 1703 3625 1737 τισι
3658 1703 3788 1739 πτε-

2225 1785 2359 1852 ροῖς,
2384 1779 2519 1849 πρὸς
2545 1778 2641 1848 τὴν
2678 1777 2852 1842 ὀξεῖαν
2898 1777 3111 1847 κίνησιν
3140 1777 3512 1845 κεχρημένων,
3540 1776 3657 1836 πῶς
3677 1779 3789 1830 ἀπ-

561 1867 636 1918 sic
673 1865 1090 1936 loquitur(num.
1115 1866 1236 1935 132)
1262 1886 1273 1919 :
1295 1869 1530 1939 Χρυσίου
1555 1870 1646 1921 καὶ
1675 1869 1936 1938 ἀργυρίου
1959 1868 2121 1938 θῆκαι

2226 1873 2501 1926 εστὲλλετο
2529 1871 2588 1924 τὸ
2610 1871 2790 1942 ἕτερον
2814 1869 3048 1933 τούτων;
3091 1870 3216 1923 Post
3255 1883 3436 1922 vocem
3489 1868 3790 1937 φαινόμενα

561 1954 654 2007 καὶ
677 1955 899 2027 ἐσθῆτος
949 1958 1294 2020 πολυτελοῦς,
1331 1959 1425 2011 καὶ
1474 1958 1633 2011 λίθων
1664 1958 2119 2031 βαρυτίμο›ν,ἒως

565 2049 662 2115 μὲν
700 2048 765 2100 ἂν
818 2048 916 2121 ἔχῃ
960 2049 1029 2101 τά
1075 2050 1354 2120 κειμήλια,
1382 2048 1583 2120 πολλῆς
1617 2050 1856 2116 ἀξιοῦται
1886 2052 2121 2121 σπουδῆς

564 2140 654 2190 καὶ
683 2138 1025 2208 ἐπιμελείαςσ
1059 2142 1117 2193 ὲν
1171 2142 1337 2204 οἴκοις
1385 2142 1597 2212 ὀχυροῖς
1646 2140 1983 2212 ἀποκείμενα
2030 2143 2123 2194 ἐπὶ

560 2230 776 2300 υψηλῶν
803 2232 1001 2295 τόπων,
1025 2234 1117 2284 καὶ
1142 2232 1348 2301 μοχλοὶ,
1384 2232 1477 2284 καὶ
1502 2231 1666 2295 κλεῖς,
1688 2233 1781 2284 καὶ
1811 2233 2121 2302 σφραγῖδες,

561 2319 656 2372 καὶ
675 2319 931 2388 φύλακες,
956 2322 1048 2374 καὶ
1077 2320 1252 2373 πάντα
1274 2321 1343 2373 τά
1361 2321 1494 2391 πρὸς
1516 2320 1810 2389 ἀσφάλειαν
1831 2323 1922 2375 καὶ
1956 2321 2125 2390 φυλα-

562 2411 661 2480 κὴν
684 2411 1061 2482 ὲπινοούμενα.
1109 2412 1355 2466 Ἐπειδὰν
1383 2411 1440 2465 δὲ
1468 2414 1617 2477 κενά,
1650 2422 1753 2469 etc.
1783 2412 1899 2479 Quo
1936 2429 2121 2469 exem-

565 2503 653 2568 plo
676 2505 957 2571 perspicue
985 2504 1249 2573 probatur
1296 2506 1644 2572 interpretem
1675 2504 2028 2569 ὲλλειπτικῶς
2051 2506 2123 2560 si-

565 2594 671 2647 mul
710 2604 764 2648 et
787 2596 1015 2650 obscure
1053 2595 1284 2650 locutum
1338 2595 1530 2653 fuisse.
1587 2596 1719 2651 Nam
1750 2606 1869 2663 post
1896 2597 2005 2659 illa,
2030 2598 2124 2650 καὶ

564 2686 770 2755 μοχλοὶ,
809 2686 903 2739 καὶ
963 2685 1286 2751 adsigna,
1342 2686 1542 2754 aliquid
1592 2683 1941 2753 supplendum
2007 2699 2127 2739 esse

562 2793 726 2830 nemo
755 2792 861 2830 non
892 2778 1068 2840 videt;
1098 2792 1200 2831 nec
1229 2790 1452 2831 necesse
1483 2776 1654 2829 habeo
1687 2775 1751 2829 de
1793 2776 2126 2830 obscuritate

565 2868 765 2931 dicere,
797 2882 918 2923 cum
972 2880 1037 2921 ea
1090 2880 1186 2937 per
1223 2880 1283 2921 se
1336 2866 1473 2921 satis
1525 2875 1722 2935 pateat.
1760 2866 1911 2919 Alius
1950 2866 2125 2934 quivis

566 2960 797 3028 scriptor
826 2960 1055 3029 diligens
1091 2959 1163 3013 ita
1188 2961 1497 3029 scripsisset
1536 2977 1548 3011 :
1583 2960 1819 3030 Χρυσίου
1845 2960 1937 3012 καὶ
1964 2961 2124 3030 ἀργυ·

568 3051 681 3119 ρίου
703 3050 866 3122 θῆκαι
899 3052 991 3104 κσίι
1016 3050 1240 3119 ἐσθῆτος
1276 3028 1616 3109 πολυτελοῦς,
1638 3028 1737 3121 ίκᾶι
1758 3049 1919 3100 λίθων
1959 3028 2124 3118 βαρυ-

566 3145 760 3213 τίμων,
814 3144 921 3202 ἓως
985 3144 1084 3213 μὲν
1138 3144 1204 3195 ἂν
1259 3142 1422 3211 ἔχωσι
1479 3139 1548 3193 τὰ
1592 3140 1867 3209 κειμήλια,
1916 3140 2125 3201 πολλοῖς

564 3201 928 3296 ἀξιοῦνται...
985 3201 1435 3302 ἀποκείμεναι...
1485 3201 1845 3300 ὲπινοοῦμενα
1907 3201 2196 3301 προστίσο

566 3324 755 3378 θενιαι
790 3342 802 3375 :
863 3325 1005 3394 quod
1053 3324 1125 3377 ita
1170 3323 1511 3393 interpretari
1549 3322 1787 3376 licuisset
1820 3340 1832 3373 :
1873 3340 1891 3373 ι
1932 3321 2125 3378 Theca:

567 3415 680 3467 :mri
704 3425 758 3469 et
792 3415 998 3485 argenti
1027 3415 1296 3482 vestisque
1324 3422 1649 3481 sumptuosae
1673 3421 1727 3465 et
1768 3413 2122 3480 pretiosorum

573 3503 1091 3573 lapidum,quandiu
1142 3502 1496 3571 suppellectili
1555 3503 1785 3570 pretiosa
1834 3502 2123 3569 replentur,

570 3594 746 3647 studio
808 3594 973 3646 multo
1004 3603 1163 3659 atque
1206 3592 1479 3660 diligentia
1530 3600 1894 3655 asservantur,
1943 3605 2006 3644 ac
2043 3607 2128 3645 se-

570 3694 841 3752 ponuutur
863 3684 914 3737 in
950 3686 1083 3738 tutis
1125 3683 1318 3737 aedium
1348 3683 1589 3750 partibus
1612 3690 1667 3736 et
1700 3682 1751 3734 in
1793 3683 2021 3736 excelsis
2048 3682 2128 3737 lo-

569 3778 681 3841 cis;
714 3778 1143 3843 adltiheuturque
1191 3786 1392 3838 vectes,
1429 3775 1623 3839 claves,
1659 3793 1679 3826 ›
1709 3784 1814 3832 etc.
1882 3775 2009 3843 Legi
2043 3788 2131 3843 po-

574 3878 677 3919 test
704 3883 765 3921 ea
798 3883 959 3932 quam
997 3868 1061 3918 ad
1098 3868 1237 3919 hunc
1262 3866 1437 3921 locum
1467 3867 1644 3920 addidi
1679 3876 1824 3921 nota.
1882 3866 1990 3921 Nec
2016 3868 2125 3921 dis-

572 3959 752 4013 simile
808 3960 969 4025 illud,
1020 3974 1127 4027 quo
1173 3962 1528 4025 explanantur
1579 3960 1737 4012 verba
1788 3959 1903 4013 hare
1952 3962 2125 4027 (num.

575 4054 696 4123 135)
741 4070 754 4104 :
791 4053 856 4107 In
885 4056 967 4107 die
1002 4066 1176 4107 autem
1205 4051 1302 4105 illa
1334 4051 1648 4120 splendescet
1672 4050 1737 4114 ⁸⁵,
1765 4061 1871 4103 etc.
1912 4069 1926 4104 :
1980 4051 2131 4103 Καθὸ

573 4147 711 4198 καὶὸ
741 4149 1022 4217 προφήτης
1067 4145 1201 4214 πρὸς
1231 4144 1357 4205 τοὺς
1409 4145 1466 4196 ὲν
1516 4142 1697 4214 ἔργοις
1741 4142 1837 4212 μὲν
1878 4144 2130 4211 πονηροῖς

571 4235 749 4298 ὕντας,
780 4236 1093 4304 ἐπείγοντας
1120 4235 1176 4287 δὲ
1206 4234 1304 4304 τὴν
1336 4233 1547 4304 ἡμέραν
1581 4234 1678 4301 τῆς
1704 4230 2127 4295 ἀνταποδόσεως.

573 4326 711 4388 Ἵνα,
743 4338 848 4381 etc.
901 4345 919 4378 ι
950 4326 1409 4393 Quemadmodum
1440 4334 1494 4379 et
1544 4326 1801 4395 propheta
1833 4326 1885 4379 in
1921 4341 2014 4380 eos
2045 4325 2129 4377 in-

569 4419 801 4484 vehitur,
831 4419 918 4487 qui
948 4419 1155 4473 etiamsi
1204 4420 1257 4474 in
1305 4419 1559 4487 operibus
1606 4414 1887 4484 ﬂagitiosis
1944 4430 2130 4472 versa-

2224 1964 2444 2019 verbum
2470 1962 2684 2031 aliquod
2708 1972 3009 2030 exspectas,
3039 1965 3131 2015 sed
3165 1960 3291 2013 illud
3318 1959 3411 2012 tibi
3437 1959 3790 2013 divinandum

2225 2056 2440 2124 reliquit
2475 2053 2756 2123 interpres.
2774 2051 2973 2105 lltidem
3002 2053 3228 2121 legimus
3255 2049 3425 2105 ;Ἀλλ’
3450 2050 3587 2119 ὅπερ
3611 2044 3790 2113 εἷπον,

2221 2139 2476 2217 δυνάμεις
2530 2147 2913 2217 ὑπερκόσμιαι,
2951 2146 3047 2215 τῆς
3100 2147 3386 2214 ἐγγυτάτω
3431 2146 3674 2208 στάσεως
3702 2144 3794 2199 διὰ

2224 2239 2322 2308 τὴν
2351 2240 2406 2291 ὲν
2438 2239 2691 2308 ἁγιασμῷ
2720 2238 2994 2308 ἀκρότητα
3028 2238 3433 2307 κατηξιωμέναι
3451 2254 3464 2267 ·
3492 2232 3567 2291 ὧν
3595 2238 3652 2306 ἡ,
3679 2245 3790 2291 etc.

2225 2331 2328 2385 Tot
2363 2331 2667 2399 participia,
2697 2334 2861 2385 verbo
2891 2330 3163 2396 destituta,
3201 2330 3333 2383 nihil
3366 2330 3660 2399 quidquam
3685 2328 3791 2381 Ba-

2223 2424 2473 2478 bilianum
2497 2422 2810 2491 praeferunt,
2843 2436 2940 2477 nec
2968 2437 3157 2492 parum
3190 2422 3389 2475 habent
3414 2422 3790 2475 obscuritatis.

2223 2514 2304 2568 Ad
2338 2515 2477 2567 idem
2502 2528 2671 2583 genus
2706 2513 2936 2581 pertinet
2967 2513 3119 2574 illud,
3166 2527 3273 2580 quo
3308 2513 3476 2565 utitur
3510 2512 3789 2580 interpres

2226 2604 2293 2657 ad
2331 2603 2664 2672 explananda
2694 2602 2778 2653 illa
2814 2603 2984 2670 (num.
3015 2602 3140 2669 2H)
3171 2620 3184 2655 :
3213 2602 3281 2653 Et
3302 2604 3646 2670 quodcunque
3666 2620 3793 2655 con-

2225 2697 2402 2747 silium
2432 2693 2653 2745 inieritis
2670 2692 2738 2755 ⁸⁸,
2768 2702 2872 2745 etc.
2905 2709 2919 2743 :
2959 2692 3168 2759 ’Ὥσπερ
3194 2692 3303 2761 γὰρ
3332 2694 3380 2743 οἱ
3402 2695 3468 2760 τῇ
3504 2693 3794 2764 προσθήκῃ

2225 2788 2322 2855 τῆς
2346 2784 2475 2855 ὕλης
2510 2785 2608 2854 τῆς
2643 2784 2956 2855 καιομένης,
2988 2785 3079 2835 ἐπὶ
3118 2785 3179 2837 τὸ
3210 2782 3393 2855 μεῖζον
3424 2785 3667 2852 αἴροντες
3693 2784 3796 2854 τὴν

2227 2877 2421 2947 φλόγα,
2453 2875 2613 2940 οὕτω,
2644 2888 2751 2931 etc.
2780 2877 2974 2932 Deesse
3006 2877 3208 2947 aliquid
3238 2887 3357 2945 post
3383 2890 3567 2931 vocem
3594 2876 3792 2945 φλόγα,

2229 2967 2413 3020 vident
2469 2982 2678 3021 omnes.
2750 2967 3009 3021 Similiter
3062 2982 3181 3021 cum
3246 2968 3639 3035 interpretatur
3702 2969 3791 3022 illa

2230 3060 2396 3126 (num.
2431 3058 2555 3126 226)
2596 3077 2608 3110 :
2667 3057 2805 3120 Quia
2836 3059 3083 3124 parvulus
3125 3072 3280 3115 natus
3335 3071 3411 3114 est
3438 3062 3584 3114 nobis
3601 3061 3672 3121 ",
3709 3061 3791 3113 sui

2232 3161 2333 3198 non
2392 3146 2669 3200 dissimilis
2698 3154 2780 3199 est
2829 3147 3121 3215 interpres,
3150 3151 3227 3203 sic
3274 3149 3535 3218 loquens:
3574 3144 3797 3213 Οὗτοςό

2225 3235 2322 3305 τὴν
2361 3237 2602 3306 μεγάλην
2642 3236 2834 3307 βουλὴν
2857 3238 2964 3307 ’τὴν
2996 3239 3489 3310 ἀποκεκρυμμένην
3537 3244 3645 3295 ἀπὸ
3684 3244 3795 3297 τῶν

2226 3326 2435 3381 αἰώνων
2464 3328 2735 3400 γνωρίσας
2763 3331 2883 3391 ταῖς
2924 3330 3136 3401 ἑτέραις
3164 3334 3377 3398 γενεαῖς
3430 3335 3503 3402 μὴ
3547 3352 3795 3404 φανερωι

2226 3420 2447 3474 θεῖσανο
2506 3416 2661 3485 οὗτος
2706 3424 2735 3474 ό
2776 3421 3102 3489 ἀναγγείλας
3157 3424 3251 3474 καὶ¹
3323 3421 3641 3492 φανερώσας
3704 3425 3797 3476 τὸν

2227 3513 2626 3583 ἀνεξιχνίαστον
2656 3513 2846 3567 ἑαυτοῦ
2885 3513 3113 3567 πλοῦτον
3155 3516 3211 3567 ἐν
3248 3518 3361 3577 τοῖς
3389 3515 3619 3578 ἔθνεσιν,
3656 3511 3797 3568 εἶναι

2224 3604 2294 3658 τά
2318 3605 2443 3676 ἔθνη
2478 3606 2886 3677 συγκληρονόμα
2915 3608 3008 3661 καὶ
3044 3608 3333 3679 σύσσωμα·
3361 3607 3523 3661 αὑτοῦ
3545 3607 3656 3679 γάρ
3675 3607 3802 3660 τού-

2228 3715 2339 3761 του,
2359 3693 2419 3753 ob
2446 3702 2479 3770 ὴ
2518 3701 2660 3771 ἀρχή
2704 3702 2817 3754 ἐστι
2848 3703 2938 3754 ἐπὶ
2964 3699 3057 3755 τοῦ
3094 3702 3240 3771 ὤμου
3270 3702 3457 3766 αὑτοῦ,
3492 3702 3796 3766 τουτέστιν,

2229 3787 2262 3857 ἡ
2295 3787 2534 3857 βασιλεία
2588 3794 2679 3843 καὶ
2708 3793 2741 3861 ἡ
2796 3792 3021 3862 δύναμις
3050 3796 3106 3845 ὲν
3137 3795 3212 3864 τῷ
3244 3794 3479 3865 σταυρῷ.
3520 3795 3648 3847 Ἐπὶ
3678 3794 3793 3847 τοῦ.

2229 3876 2383 3932 Nunc
2422 3880 2614 3934 omitto
2665 3882 2944 3949 participia
2991 3882 3097 3944 illa,
3121 3884 3416 3951 γνωρίσας,
3442 3885 3795 3952 ἀναγγείλας,

2231 3972 2718 4045 φανερώσαςμξυω
2776 3973 3026 4027 videntur
3088 3974 3363 4027 indelinite
3410 3978 3581 4043 posita
3633 3995 3647 4029 :
3704 3982 3796 4032 sed

2229 4080 2412 4135 quaero
2442 4066 2567 4135 quid
2623 4063 2724 4119 sibi
2763 4064 2891 4118 velit
2928 4065 3075 4128 illttd,
3114 4060 3272 4117 εἶναι.
3299 4063 3412 4118 Neu
3443 4065 3586 4118 enim
3639 4067 3799 4119 video

2229 4170 2335 4226 quo
2363 4167 2599 4228 regatur,
2634 4167 2689 4211 et
2716 4158 2785 4211 ad
2807 4158 2948 4225 quod
2976 4157 3164 4211 referri
3191 4157 3381 4224 possit.
3411 4157 3658 4225 Scriptor
3685 4158 3796 4211 for-

2231 4254 2375 4302 tasse
2404 4248 2572 4301 voluit
2622 4248 2858 4316 suppleri
2909 4250 3005 4301 has
3055 4248 3188 4300 duas
3232 4261 3416 4312 voces,
3452 4251 3530 4313 εἰς
3574 4250 3636 4303 τό
3664 4252 3789 4320 (n):

2229 4338 2369 4405 quod
2408 4338 2478 4390 ita
2510 4338 2934 4407 interpretabere
2969 4352 2985 4390 :
3022 4355 3041 4388 ι
3080 4349 3140 4393 ut
3177 4341 3370 4394 tierent
3400 4351 3586 4408 gentes
3615 4344 3793 4396 colue-

2234 4427 2394 4481 redes
2427 4438 2479 4480 et
2509 4426 2942 4496 concorporales.
2964 4447 2981 4479 ι
3016 4429 3251 4494 Accedit,
3274 4431 3413 4498 quod
3443 4430 3589 4497 illud,
3630 4432 3795 4485 αὑτοῦ

572 4520 780 4573 rentttr,
811 4510 1160 4565 nihilominus
1184 4521 1359 4563 tamen
1386 4509 1525 4563 diem
1561 4508 1931 4564 retributionis
1974 4525 2123 4578 urge-

2238 4519 2339 4591 γὰρ
2365 4519 2579 4582 τούτου,
2610 4519 2882 4574 indefinite
2910 4536 3120 4589 quoque
3170 4523 3398 4587 positum
3431 4536 3549 4575 esse
3608 4524 3795 4577 videa-

570 4605 719 4658 bant.
757 4604 824 4659 Ut
858 4605 1007 4674 quid,
1049 4624 1067 4655 ι
1106 4613 1213 4658 elc.
1236 4603 1397 4657 Certe
1431 4602 1648 4655 verbum
1697 4600 1911 4670 aliquod
1934 4601 2132 4654 CXCidil
2164 4600 2191 4602 _
2237 4620 2347 4665 tur.
2385 4612 2491 4667 Nec
2527 4611 2768 4666 absimile
2795 4622 2897 4678 est,
2926 4611 3071 4680 quod
3137 4613 3361 4681 legimus
3398 4615 3449 4666 in
3482 4614 3566 4666 illa
3616 4615 3791 4684 (num.

571 4694 872 4763 interpreti,
916 4697 1005 4764 qui
1040 4692 1183 4749 aliud
1230 4695 1474 4765 cogitans
1522 4693 1822 4748 orationem
1881 4692 2131 4763 imperfe-

571 4798 709 4840 ctam
741 4788 973 4857 reliquit.
1004 4788 1058 4842 lu
1100 4787 1432 4856 explicandis
1488 4786 1592 4841 illis
1621 4802 1635 4838 :
1684 4782 1806 4837 Non
1837 4787 2127 4851 putabitur,

570 4894 732 4945 neque
769 4877 1001 4944 fodietur
1064 4880 1286 4945 amplius
1309 4877 1377 4942 ⁸⁸,
1431 4876 1506 4929 ita
1555 4892 1615 4931 se
1664 4875 1916 4946 exprimit
1954 4877 2124 4945 (num.

570 4970 694 5039 M7)
726 4988 739 5024 :
773 4970 865 5034 Εὶς
888 4967 979 5022 οὖν
1007 4971 1106 5041 τὴν
1135 4970 1483 5040 ἀγεώργητον
1512 4967 1689 5038 ψυχὴν
1736 4966 1869 5021 πολὺ
1896 4967 1956 5018 τὸ
1997 4969 2133 5039 πλῆο

570 5062 659 5125 θος
689 5063 797 5117 τῶν
828 5063 1123 5135 μεριμνῶν.
1159 5062 1269 5125 Διό,
1304 5074 1409 5118 etc.
1457 5061 1521 5114 Et
1580 5061 1665 5113 hic
1707 5074 1920 5129 quoque
1981 5070 2131 5114 curta

568 5164 649 5209 cst
676 5166 728 5208 et
752 5158 937 5209 mutila
971 5156 1164 5210 oratio.
1202 5155 1431 5208 Verbum
1473 5155 1518 5208 si
1543 5152 1815 5222 suppleas,
1848 5153 1923 5205 ita
1957 5150 2129 5205 inter-

566 5250 767 5317 pretari
827 5250 1055 5304 licebit:
1100 5269 1119 5298 ι
1169 5248 1354 5316 itaque
1401 5248 1586 5315 ingens
1645 5260 1895 5297 curarum
1952 5252 2127 5297 turma

567 5341 769 5395 invadit
804 5342 855 5393 in
875 5342 1109 5395 animant
1135 5340 1411 5393 incultam.
1452 5356 1469 5388 ι
1502 5338 1591 5391 Illa
1636 5356 1647 5389 :
1702 5334 1793 5387 Va?
1820 5337 1906 5403 qui
1937 5336 2129 5388 intelli-

563 5448 735 5505 gente:
758 5438 880 5491 estis
925 5438 976 5489 in
1009 5434 1383 5501 nobismetipsis
1416 5432 1481 5494 ",
1525 5432 1860 5497 explicantur
1889 5431 1989 5483 hoc
2020 5445 2129 5480 mn-

564 5529 633 5583 do
659 5532 829 5596 (nutu.
864 5528 989 5598 175)
1030 5547 1040 5578 :
1074 5531 1135 5580 Οἱ
1166 5528 1262 5597 μὲν
1292 5528 1399 5579 ἀπὸ
1422 5522 1557 5579 Θεοῦ
1592 5523 1741 5584 ὄντες
1789 5520 2017 5575 τοιοῦτοι
2038 5536 2049 5548 ⁸
2082 5522 2129 5572 οἱ

640 5644 684 5675 ⁸⁵
708 5644 805 5697 lsa.
836 5662 912 5702 ιιι,
936 5644 1025 5697 ‘26.
1102 5644 1145 5673 ⁸⁵
1177 5645 1274 5697 lsa.
1306 5660 1377 5706 tv,
1405 5643 1439 5695 2
1554 5640 1598 5671 ⁸⁸
1626 5638 1724 5692 lsa.
1758 5654 1807 5702 ν,
1850 5637 1902 5691 6.

566 5716 607 5746 ἰ
650 5714 746 5767 Isa.
776 5732 827 5775 κ,
848 5715 937 5770 ‘20.

1995 5638 2190 5692 "ibid.
2220 5640 2305 5692 Eli.

2236 4705 2388 4773 145):
2423 4704 2488 4757 Et
2515 4704 2609 4757 erit
2638 4704 2691 4755 in
2723 4705 2805 4757 die
2833 4703 2949 4765 illa,
2983 4720 3083 4756 non
3108 4705 3245 4756 ultra
3266 4705 3545 4772 adjiciatur
3569 4707 3638 4769 9',
3661 4717 3793 4761 etc.:

2234 4797 2456 4858 Τούτοις
2475 4794 2848 4865 προστιθέντες
2877 4792 3063 4866 ὥσπερ
3093 4795 3277 4857 παῖδες
3305 4796 3516 4865 ἀνόητοι
3556 4800 3667 4859 τοῖς
3698 4798 3795 4849 ἀν-

2236 4884 2629 4954 δραποδισταῖς,
2658 4884 2707 4936 οἳ
2739 4883 3133 4947 πο).λάκις,θιο.
3159 4884 3355 4937 Ibidem
3375 4902 3388 4937 :
3410 4884 3796 4954 Προστιθέντες

2236 4971 2327 5029 οὖν
2357 4977 2595 5029 κάκεῖνοι
2624 4978 2733 5039 τοῖς
2757 4974 3030 5028 ἀδικοῦσι·
3059 4974 3342 5044 καὶὴμεῖς,
3360 4985 3462 5029 etc.
3490 4976 3599 5030 Sub
3634 4974 3794 5028 tinent

2236 5071 2431 5136 capitis
2488 5068 2553 5121 l4
2598 5069 2674 5122 sic
2730 5069 2968 5137 loquitur
3025 5069 3328 5134 interpres:
3380 5070 3443 5120 υἱ
3473 5068 3528 5120 δὲ
3559 5068 3651 5119 τὸν
3672 5066 3795 5120 νοῦν

2237 5156 2444 5213 ἑαυτῶν
2468 5160 2870 5232 κεκαθαρμένον
2897 5160 3127 5230 ἔχοντες,
3158 5160 3216 5221 ὃς
3256 5159 3577 5229 ὀνομάζεται
3635 5160 3791 5215 Σιών.

2248 5252 2486 5323 Ἐπειδὴ,
2518 5261 2622 5305 etc.
2658 5252 2817 5305 Plura
2872 5254 3131 5306 adnotare
3158 5250 3313 5302 facile
3342 5261 3446 5314 est,
3486 5265 3609 5303 cum
3642 5264 3793 5304 com-

2235 5345 2536 5396 mentarius
2566 5343 2833 5397 similibus
2854 5342 3112 5409 exemplis
3144 5340 3374 5395 refertus
3395 5342 3491 5403 sit;
3518 5342 3608 5393 sed
3648 5341 3794 5403 nolo,

2236 5448 2292 5483 ιιι
2330 5434 2582 5502 loquendi
2614 5449 2827 5503 quoque
2853 5435 2917 5488 de
2941 5434 3162 5501 reliquis
3190 5434 3332 5488 vitiis
3366 5434 3595 5499 supersit
3621 5433 3791 5485 locus.

2237 5522 2349 5577 Non
2389 5540 2603 5593 possum
2630 5533 2805 5580 tamen
2833 5525 2960 5594 quin
2990 5525 3235 5591 adjiciam
3274 5523 3446 5576 locum
3480 5520 3794 5591 quemdam,

2412 5642 2455 5671 ⁸⁸
2494 5642 2589 5696 lsa.
2625 5659 2697 5709 vt,
2724 5642 2775 5696 6.
2861 5642 3034 5700 "ista.
3064 5658 3181 5708 vttt,
3220 5643 3299 5696 l0.
3412 5642 3457 5672 ⁸ο
3485 5638 3587 5694 lsa.
3626 5654 3703 5705 tx,
3740 5637 3796 5695 ϐ’.

642 5807 720 5864 (τι)
757 5806 881 5859 Υιύε
912 5806 1277 5859 Praefationem
1311 5806 1436 5859 tumi
1465 5804 1528 5870 ll,
1560 5804 1695 5871 apud
1732 5822 1825 5856 nus
1863 5804 1943 5865 lli,
2030 5820 2132 5855 τιν.
2170 5804 2324 5855 Em.
