4040 6462
1371 418 1432 468 D.
1474 417 1616 470 JUL.
1660 418 1989 472 GARNERII
2031 416 2419 471 ΡΒᾸΞῈΑΤΙΟ.

3354 434 3510 472 CCV‘

275 535 366 590 ubi
390 536 747 603 explanantur
782 527 872 583 illa
902 530 1074 599 (num.
1100 528 1225 595 506)
1261 547 1273 582 :
1308 530 1615 585 Audiuimus
1675 543 1850 585 contu-
1882 535 1926 592 Α
1956 531 2159 585 duisset
2185 527 2583 600 perspicuitati.
2637 526 2733 579 llic
2759 528 2907 583 locus
2938 527 2991 581 in
3030 529 3171 580 notis
3197 528 3515 581 illustratur.

276 629 486 683 meliam
515 624 707 677 Moab:
731 624 1132 677 contumeliosus
1184 624 1329 677 valde
1359 624 1424 685 ν’,
1457 631 1563 675 etc.
1598 623 1689 677 Est
1752 639 1845 675 au-

280 730 387 773 tem
417 716 675 781 ejusmodi
706 732 720 769 :
751 717 859 769 Καὶ
896 713 1131 769 ἐνταῦθα
1158 714 1336 766 τοίνυν
1368 712 1567 781 πολλὴν
1593 716 1704 776 τοῖς
1728 714 1846 765 ἐπι-

276 808 573 879 στρέψασιν
615 808 929 879 ἐμφήναντα
972 808 1310 877 χρηστότητα
1336 806 1403 857 τὰ
1445 806 1726 875 εἰρημένα,
1752 808 1845 859 ἀπ’

275 900 443 968 ἄλλης
496 899 669 969 ἀρχῆς
728 900 798 953 τὰ
847 896 1147 967 πικρότερα
1203 900 1361 953 πάλιν
1414 896 1843 951 ἐπανατείνεται.

278 990 451 1054 Quem
483 988 659 1042 locum
688 1006 809 1045 cum
851 987 1096 1041 crederet
1140 985 1495 1043 Combefisius
1529 988 1844 1040 mendosum

276 1093 422 1141 esse,
455 1092 578 1132 eum
634 1081 710 1133 sic
761 1078 1153 1131 emendandum
1199 1078 1430 1140 censuit,
1480 1077 1678 1149 πολλὴν
1733 1078 1845 1139 τοῖς

273 1170 664 1242 ἐπιστρέψασιν
722 1168 970 1237 ἐμφήνας
1011 1169 1108 1241 τὴν
1165 1167 1506 1240 χρηστότητα
1562 1169 1713 1241 παρὰ
1756 1166 1842 1230 τά,

272 1261 555 1328 additque,
603 1277 621 1306 ‹
675 1257 766 1311 Sic
814 1258 945 1313 mihi
1013 1262 1226 1314 videtur
1281 1258 1464 1311 Basilii
1513 1260 1844 1314 restituenda

273 1352 457 1412 lectio,
487 1365 551 1403 ac
579 1348 885 1405 solmcismo
920 1351 1213 1413 liberanda,
1256 1350 1343 1403 cui
1374 1350 1417 1403 is
1452 1351 1671 1406 minime
1709 1350 1844 1405 solet

272 1456 393 1495 esse
424 1440 713 1495 obnoxius.
744 1459 763 1492 ι
794 1441 927 1497 Τυιιι
986 1445 1179 1498 deinde
1209 1443 1351 1496 hunc
1378 1442 1548 1497 locum
1580 1454 1746 1508 recte,
1788 1453 1846 1499 ut

274 1534 516 1604 putabat,
557 1534 890 1604 feliciterque
932 1544 1235 1590 correctum
1278 1533 1356 1588 sic
1394 1535 1786 1603 interpretatur
1826 1554 1837 1587 :

281 1644 303 1676 ο
333 1623 434 1682 Ubi
460 1642 557 1698 per
585 1643 647 1682 ea
674 1643 793 1697 quae
818 1628 959 1681 dicta
995 1635 1139 1693 sunt,
1174 1625 1265 1691 iis,
1293 1627 1383 1696 qui
1433 1632 1843 1687 convertuntur,

275 1716 501 1772 multam
536 1717 829 1771 insinuavit
859 1715 1133 1770 lenitatem
1150 1731 1213 1771 ac
1243 1716 1608 1777 clementiam,
1642 1715 1709 1770 ab
1741 1716 1845 1771 alio

279 1828 469 1867 rursus
515 1809 783 1880 principio
817 1808 1095 1863 acerbiora
1134 1809 1383 1865 intentat.
1417 1828 1434 1860 ι
1472 1806 1575 1863 Sed
1616 1824 1737 1865 eum
1767 1810 1845 1865 fe-

1954 621 2025 673 lla
2060 622 2252 691 legitur
2287 636 2430 671 num.
2463 617 2561 671 166
2586 616 2631 647 ³⁸
2663 632 2676 668 :
2710 617 2874 684 Τήρει
2904 618 2997 671 καὶ
3025 618 3106 669 ὅτι
3140 615 3222 679 τὸ,
3266 618 3323 668 ἐν
3356 614 3515 683 αὐτῇ,

1952 713 2090 766 κατὰ
2124 712 2219 782 τὴν
2249 710 2429 779 κοινὴν
2462 707 2745 777 συνήθειαν
2798 706 3025 775 εἴρηται·
3063 705 3138 770 ὡς
3177 705 3269 757 καὶ
3295 704 3387 756 ἐπὶ
3410 704 3518 756 τῶν

1956 803 2237 858 ἰδιωτικῶν
2264 802 2424 854 οῐκων
2463 801 2717 863 πολλάκις
2747 800 2871 861 τοὺς
2913 798 3274 868 ὑπερέχοντας
3325 796 3519 857 αὐτοὺς

1953 895 2450 971 προσαγορεύεσθαι
2476 894 2579 945 ὑπὸ
2600 894 2706 945 τῶν
2734 889 3079 947 ἐνοικούντων
3106 890 3347 962 σύνηθες.
3383 887 3519 951 Quid

1950 1001 2053 1054 est,
2110 992 2154 1046 si
2198 1005 2301 1043 non
2343 987 2444 1040 hoc
2501 984 2703 1051 ineptia
2755 983 2885 1037 est?
2930 981 3197 1035 Dissimile
3255 996 3358 1034 non
3412 987 3517 1042 est,

1951 1082 2090 1149 quod
2125 1081 2328 1135 editum
2377 1076 2683 1131 invenimus
2712 1073 2765 1125 in
2816 1072 2901 1125 illa
2935 1077 3107 1143 (imm.
3144 1070 3265 1139 175)
3294 1089 3305 1121 :
3334 1069 3399 1123 Et
3441 1071 3520 1123 in-

1952 1173 2196 1240 dignatus
2217 1182 2290 1226 est
2319 1172 2401 1222 ira
2432 1167 2689 1221 Dominus
2713 1164 2780 1228 ⁸⁸,
2822 1173 2927 1218 etc.
2957 1166 3046 1218 Sic
3101 1166 3243 1219 enim
3288 1161 3520 1229 loquitur

1953 1265 2219 1331 interpres
2250 1280 2263 1315 :
2310 1262 2446 1331 Xelp
2472 1260 2582 1331 γὰρ
2613 1256 2819 1329 Κυρίου
2850 1258 2882 1327 ἡ
2928 1254 3173 1324 ἁψαμένη
3220 1252 3320 1324 μού
3377 1251 3518 1309 ἐστι.

1951 1353 2060 1406 Καὶ
2107 1354 2162 1405 ἐν
2186 1350 2377 1419 τούτῳ·
2402 1348 2643 1401 διαϐόλου
2691 1350 2846 1418 χεῖρα
2876 1345 3119 1412 λέγοντος
3166 1346 3221 1394 ἐν
3244 1342 3320 1412 τῷ
3344 1339 3522 1409 καιρῷ

1950 1444 2050 1513 τῆς
2084 1442 2376 1505 κολάσεως·
2415 1440 2475 1492 οὐ
2506 1440 2611 1509 μὴν
2640 1440 2717 1498 δὲ,
2744 1438 2878 1491 ἀλλὰ
2908 1434 3221 1489 ἀπόστειλον
3245 1434 3342 1503 τὴν
3364 1429 3523 1501 χεῖρά

1953 1553 2066 1601 σου,
2106 1536 2199 1588 καὶ
2222 1534 2354 1603 ἅψαι
2380 1532 2486 1587 τῶν
2520 1531 2688 1583 ὀστῶν
2712 1529 2897 1583 αὐτοῦ.
2927 1524 3243 1597 Τοιγαροῦν,
3276 1536 3382 1580 etc.
3415 1521 3524 1576 Nec

1951 1628 2249 1699 elegantius
2272 1626 2463 1682 scribit
2493 1627 2787 1692 interpres,
2810 1637 2931 1674 cum
2958 1620 3210 1688 explanat
3232 1618 3316 1671 illa
3345 1620 3517 1686 (num.

1952 1721 2113 1791 187):
2150 1717 2215 1772 Et
2249 1718 2381 1773 dixit
2411 1730 2429 1767 :
2489 1716 2624 1769 Ecce
2664 1715 2827 1784 tetigit
2872 1711 2967 1764 hoc
2997 1712 3137 1764 labia
3191 1724 3279 1765 tua
3313 1710 3380 1773 ³⁷,
3413 1717 3521 1760 etc.

1952 1812 2080 1881 Ejus
2110 1814 2227 1865 hare
2277 1817 2405 1863 sunt
2451 1808 2609 1861 verba
2644 1822 2658 1859 :
2718 1801 3025 1876 Περιαιρῶν
3061 1800 3261 1872 [λόγος]
3299 1799 3368 1852 τὰ
3419 1797 3524 1863 ἔξω

278 1903 417 1957 fellit
470 1915 607 1953 vana
661 1897 951 1954 solmcismi
992 1900 1192 1969 imago.
1227 1899 1580 1965 Solozcismus
1610 1915 1714 1953 non
1740 1910 1843 1963 est,

1956 1904 2043 1956 τοῦ
2082 1903 2228 1955 Θείου
2256 1902 2418 1971 νόμον
2456 1896 2870 1968 ἐπιτελούμενα,
2919 1895 3012 1947 καὶ
3044 1895 3107 1946 ἐκ
3132 1893 3240 1945 τῶν
3277 1893 3524 1963 ἁμαρτη-

276 1992 373 2047 sed
419 1991 655 2060 pessima
713 1990 966 2060 loquendi
1011 1990 1168 2053 ratio,
1210 1989 1335 2042 huic
1360 1989 1589 2051 auctori,
1628 1998 1685 2040 ut
1713 1988 1849 2041 vidi-

277 2098 422 2148 mus,
482 2080 907 2152 perfamiliaris:
942 2094 1045 2148 qua
1087 2078 1387 2149 participiis
1446 2078 1650 2133 incerte
1688 2088 1849 2146 atque

278 2173 565 2229 indefinite
629 2172 704 2226 uti
749 2171 904 2226 solet.
961 2169 1188 2240 Itaque,
1247 2178 1304 2223 ut
1352 2170 1485 2224 alias
1544 2184 1722 2238 saepe,
1776 2170 1849 2223 ita

274 2268 443 2321 etiam
504 2266 594 2319 hic
648 2264 988 2335 participium
1054 2264 1133 2318 sic
1191 2262 1347 2317 debet
1407 2262 1606 2331 accipi,
1652 2271 1708 2315 ut
1760 2260 1850 2315 ali-

275 2357 405 2427 quid
474 2352 783 2410 necessario
856 2351 1209 2422 supplendum
1285 2350 1355 2404 sit
1420 2350 1487 2402 ad
1548 2349 1848 2404 orationem

274 2448 677 2503 absolvendam.
710 2444 819 2501 Nec
857 2454 1163 2501 erraturum
1214 2450 1363 2512 puto,
1418 2442 1508 2509 qui
1570 2440 1849 2496 existima-

279 2542 351 2593 rit
390 2554 555 2594 voces
606 2540 924 2608 ἐμφήναντα
963 2536 1030 2587 τὰ
1068 2535 1353 2604 εἰρημένα,
1403 2535 1491 2587 hic
1519 2536 1569 2587 in
1632 2533 1847 2587 modum

273 2645 438 2686 casus
497 2628 728 2683 absoluti
786 2628 989 2696 positas
1039 2640 1209 2680 esse:
1258 2632 1373 2689 aut,
1415 2626 1460 2679 si
1513 2625 1702 2688 mavis,
1730 2638 1848 2678 mo-

277 2723 379 2776 dus
408 2721 716 2777 indefinitus
746 2720 1066 2791 ἐμφήναντα
1087 2718 1189 2773 hoc
1211 2716 1349 2781 loco,
1385 2724 1442 2770 ut
1472 2715 1597 2769 alibi
1628 2715 1847 2785 passim,

278 2816 490 2884 positus
539 2821 617 2868 est
683 2830 779 2882 pro
834 2812 1017 2878 linito,
1080 2811 1368 2882 ἐνέφηναν,
1423 2810 1503 2864 sic
1566 2819 1767 2875 tamen,
1795 2816 1852 2863 ut

278 2906 637 2960 subaudiatur
670 2921 769 2961 vox
805 2906 1030 2975 ἐπειδή,
1080 2913 1171 2957 aut
1204 2904 1308 2957 alia
1349 2902 1562 2966 similis,
1598 2902 1739 2970 quod
1779 2902 1850 2954 ita

279 2998 421 3052 verti
478 2997 716 3066 poterit:
756 3016 774 3048 ι
816 2997 880 3050 Et
910 2997 995 3050 hic
1050 2996 1212 3064 igitur
1268 3002 1552 3061 postquam
1600 3008 1683 3057 ea,
1732 3007 1852 3060 qua:

282 3090 427 3144 dicta
461 3097 609 3151 sunt,
641 3087 866 3142 multum
897 3087 1249 3142 ostenderunt
1278 3084 1512 3138 lenitatis
1543 3093 1701 3152 atque
1744 3084 1853 3137 cle-

283 3182 524 3246 mentite,
558 3181 624 3236 iis
658 3180 748 3250 qui
779 3195 837 3236 se
865 3186 1214 3242 convertunt,
1246 3192 1435 3231 rursus
1467 3175 1534 3231 ab
1562 3175 1666 3230 alio
1704 3175 1853 3243 prin-

280 3275 424 3342 cipio
453 3274 788 3327 intentantur
819 3271 1111 3327 amariora.
1153 3288 1171 3321 ι
1199 3270 1441 3335 Quantas
1466 3276 1644 3322 autem
1701 3276 1851 3321 tene-

281 3364 408 3415 bras
444 3362 689 3415 mutilum
719 3362 847 3415 illud
879 3378 942 3416 ac
974 3362 1216 3430 ineptum
1250 3360 1658 3429 dicendigenus
1683 3356 1855 3414 offun-

282 3454 373 3505 dat
401 3453 585 3516 rebus,
611 3453 700 3505 vix
731 3453 836 3507 dici
871 3462 1067 3522 potest.
1098 3452 1347 3506 Profecto
1374 3452 1419 3506 si
1446 3452 1676 3519 scriptor
1699 3467 1852 3505 suum

280 3545 735 3600 commentarium
797 3545 1021 3614 intelligi
1083 3544 1351 3614 cupiebat,
1418 3558 1541 3597 eum
1598 3544 1856 3597 debuerat

281 3636 555 3705 aliquibus
609 3638 832 3693 sclioliis
868 3637 1164 3691 illustrare.
1196 3637 1358 3693 Certe
1384 3638 1428 3692 si
1461 3650 1567 3691 non
1618 3635 1853 3700 aliunde,

283 3737 339 3781 at
367 3728 503 3783 satis
538 3738 715 3783 tamen
746 3727 905 3798 hujus
948 3730 1327 3785 commentarii
1349 3730 1628 3783 voetta.ex
1663 3742 1726 3782 eo
1761 3742 1854 3797 pa-

281 3827 441 3883 teret,
478 3820 621 3889 quod
678 3821 915 3888 scriptor
960 3836 1065 3875 non
1109 3819 1352 3874 absolvat
1403 3820 1729 3882 orationem,
1762 3818 1856 3872 sed

281 3911 491 3965 incerte
518 3921 574 3965 et
600 3913 873 3968 indefinite
897 3914 1169 3981 loquatur.
1204 3910 1339 3963 Nam
1371 3920 1430 3965 ut
1478 3911 1610 3965 nihil
1653 3920 1737 3965 est
1778 3909 1858 3963 fa-

283 4004 553 4059 miliarius
578 4004 705 4059 huic
736 4006 965 4067 auctori,
1000 4005 1073 4057 ita
1104 4003 1235 4057 nihil
1265 4011 1348 4058 est
1382 4003 1560 4057 minus
1595 4004 1855 4059 usitatum

282 4101 423 4169 apud
448 4098 706 4152 Basiliurn
736 4096 1007 4167 Magnum.

353 4193 442 4245 56.
479 4189 750 4261 Quidquid
782 4189 1026 4244 vitiosum
1054 4203 1136 4243 est
1166 4188 1220 4242 in
1248 4188 1395 4243 hisce
1422 4190 1853 4254 commentariis,

281 4299 442 4339 omne
470 4285 521 4338 id
556 4284 818 4338 adnotare
841 4295 1111 4351 nunquam
1138 4282 1267 4335 mihi
1297 4282 1574 4349 proposui.
1606 4282 1856 4350 Alioquin

280 4376 427 4430 enim
458 4384 603 4429 totus
628 4374 738 4428 fere
764 4372 892 4426 milii
942 4372 1335 4426 exscribendus
1366 4369 1557 4426 fuisset
1578 4386 1857 4426 commen-

282 4468 474 4522 tarius.
501 4464 606 4519 Sed
631 4473 807 4519 tamen
832 4463 933 4516 alia
967 4463 1175 4533 aliquot
1200 4462 1319 4518 loca
1346 4462 1616 4532 subjicere
1644 4461 1857 4516 libitum

280 4567 389 4624 est,
421 4571 543 4627 quae
582 4564 689 4608 tam
746 4554 975 4608 obscura
1005 4563 1149 4617 sunt,
1207 4563 1421 4622 tamque
1454 4555 1671 4619 vitiosa,
1700 4561 1759 4607 ut
1790 4568 1854 4608 ex

280 4652 349 4705 iis
374 4648 518 4703 nulla
544 4646 767 4701 omnino
795 4646 983 4700 idonea
1024 4645 1289 4700 sententia
1332 4646 1554 4700 extundi
1590 4660 1749 4715 posse
1787 4646 1859 4700 vi-

281 4743 497 4797 deatur.
539 4738 669 4793 Tale
691 4746 797 4803 cst,
831 4736 972 4807 quod
996 4736 1126 4790 dicit
1159 4736 1427 4805 interpres
1463 4738 1515 4789 in
1547 4736 1640 4790 illa
1675 4736 1857 4807 (num.

284 4833 412 4902 16):
448 4832 577 4886 Hice
607 4830 733 4884 dicit
782 4827 1081 4882 Dominus:
1119 4825 1223 4882 Pro
1245 4845 1304 4882 eo
1328 4828 1469 4896 quod
1490 4828 1702 4883 elevata:
1741 4839 1861 4882 sunt

281 4935 414 5003 ﬁlia:
442 4932 568 4987 Sion
592 4934 660 4998 ”,
699 4941 806 4987 etc.
835 4931 1123 4999 Postquam
1158 4934 1301 4986 enim
1328 4934 1622 4988 insectatus
1647 4944 1723 4988 est
1748 4950 1861 4998 eos,

283 5026 377 5095 qui
414 5024 648 5093 reliquos
702 5032 1076 5088 contemnunt,
1125 5024 1320 5077 desinit
1356 5025 1440 5079 his
1482 5026 1707 5079 verbis:
1752 5026 1859 5089 Οὓς

288 5118 439 5193 μένει
472 5119 530 5171 τὸ
562 5117 853 5189 άπειληθὲν
885 5116 1081 5186 πτῶμα
1134 5118 1194 5169 τὸ
1223 5117 1307 5170 διὰ
1335 5118 1432 5188 τῆς
1460 5119 1875 5184 ταπεινώσεως,.

286 5212 348 5268 τὸ
393 5212 499 5264 ἀπὸ
540 5207 633 5260 τοῦ
667 5208 852 5277 ὕψους.
892 5208 1001 5260 Καὶ
1053 5207 1279 5276 Κύριος,
1316 5220 1420 5263 etC.
1458 5208 1635 5263 Nihilo
1668 5210 1861 5264 melius

288 5304 432 5374 quod
463 5302 658 5371 lcgitur
690 5316 841 5357 num.
895 5302 959 5353 87
992 5299 1057 5352 ’³.
1097 5298 1188 5354 Sic
1220 5310 1397 5353 autem
1430 5301 1647 5355 scribit:
1686 5301 1749 5353 Tl
1797 5302 1861 5355 ἂν

288 5396 383 5449 ἐπὶ
414 5397 481 5465 τῇ
506 5393 693 5446 τούτου
718 5392 814 5463 θέα
846 5392 1035 5445 παθεῖν
1078 5394 1168 5445 τὸν
1192 5390 1405 5462 πτωχὸν
1442 5393 1610 5462 δῆμον
1638 5395 1861 5461 ἐκεῖνον,

288 5487 389 5541 τὸν
411 5486 547 5549 τέως
568 5484 635 5538 τὰ
688 5482 859 5554 μικρὰ
884 5482 1228 5554 θαυμάζοντα
1286 5485 1439 5547 τοὺς
1460 5482 1665 5536 ἑαυτῶν
1700 5484 1865 5553 ὑπερ-

290 5584 530 5652 έχοντας.
564 5576 705 5633 Sane
722 5576 879 5632 aliter
903 5576 1113 5633 locutus
1145 5578 1333 5633 fuisset
1356 5578 1609 5647 scriptor,
1632 5577 1720 5647 qui
1749 5589 1865 5631 stu-

366 5788 410 5817 ⁹²
443 5784 545 5838 lsa.
575 5799 685 5846 xw,
713 5783 766 5838 6.
843 5784 890 5815 ³³
923 5784 1022 5837 lsa.
1064 5799 1144 5847 ιιι,
1203 5782 1286 5835 16.
1362 5778 1532 5833 "lsa.
1584 5796 1637 5832 ιι.
1681 5782 1761 5833 ll.

292 5854 344 5889 πο
376 5856 504 5909 ibid.
584 5856 669 5908 t7.
751 5853 893 5907 'lsa.
934 5871 1008 5917 XI,
1047 5853 1126 5909 12.
1204 5855 1223 5885 ³
1257 5854 1357 5905 Isa.
1394 5870 1507 5909 xm,
1554 5851 1632 5903 Il.

1840 5780 2003 5835 "Isn.
2042 5796 2091 5845 ν,
2126 5780 2206 5835 Η.

1947 1995 2118 2056 τικῶς
2154 1993 2544 2063 πραττομένων
2588 1991 2883 2062 καθαίρων.
2936 1987 3180 2056 Scriptor
3237 1984 3398 2053 paulo
3426 1984 3526 2036 hu.

1949 2086 2160 2140 manior
2184 2085 2414 2139 dixisset
2448 2099 2463 2136 :
2505 2082 2615 2135 Καὶ
2654 2082 2719 2134 τὰ
2760 2079 3148 2152 ἁμαρτητιχῶς
3180 2077 3524 2151 πραττόμενα

1949 2176 2242 2248 καθαίρων.
2278 2195 2296 2228 ι
2325 2174 2425 2242 Qui
2452 2189 2632 2230 sermo
2660 2188 2880 2243 prorsus
2928 2173 3103 2225 abolet
3128 2187 3247 2240 quae
3279 2171 3530 2225 commit-

1953 2278 2140 2323 tuntur
2168 2276 2361 2338 praeter
2391 2267 2626 2322 divinam
2656 2266 2851 2336 legem,
2890 2274 3052 2333 atque
3080 2271 3300 2333 peccata
3334 2276 3528 2329 expur-

1951 2370 2062 2432 gat.
2106 2382 2126 2413 ι
2180 2347 2435 2428 Ejusdem
2492 2356 2710 2426 generis
2770 2366 2849 2410 est
2880 2357 3041 2422 illud,
3087 2368 3194 2424 quo
3222 2352 3531 2421 explicatur

1951 2441 2270 2524 (num.217)
2302 2448 2602 2505 versiculus
2630 2448 2868 2501 decimus
2888 2460 2941 2499 et
2968 2458 3192 2500 octavus
3214 2445 3476 2512 capit.vu;
3510 2461 3521 2494 :

1958 2567 1976 2598 ¢
2003 2548 2140 2601 Ecce
2158 2560 2255 2615 ego
2280 2554 2332 2598 et
2350 2543 2499 2613 pueri
2528 2555 2663 2610 quos
2682 2538 2810 2592 mihi
2840 2538 2984 2591 dedit
3005 2538 3160 2600 Deus,
3188 2555 3206 2587 ι
3241 2535 3393 2591 Ἰδοὺ
3414 2530 3536 2588 οὖν’

1952 2635 2067 2703 ἐγὼ
2096 2632 2287 2687 καὶτὰ
2317 2632 2540 2695 παιδία,
2568 2630 2805 2683 δείκνυσι
2832 2630 2956 2690 τοὺς
2992 2627 3281 2689 ἐκλεκτοὺς
3307 2624 3522 2677 ἑαυτοῦ.

1956 2726 2122 2791 Διότι,
2158 2733 2265 2779 etc.
2294 2722 2469 2779 Scribi
2503 2724 2679 2789 potius
2723 2721 3027 2788 oportebat,
3052 2718 3140 2771 διὰ
3160 2716 3373 2781 τούτου,
3418 2706 3546 2771 εις.Ιι

1954 2818 2140 2887 itaque
2164 2830 2260 2884 per
2288 2814 2436 2877 illud,
2460 2832 2477 2865 s
2502 2812 2640 2867 Ecce
2666 2826 2893 2881 ego»...
2927 2810 3128 2865 electos
3160 2825 3286 2863 suos
3315 2807 3525 2879 signiﬁ-

1954 2920 2061 2965 cat.
2102 2907 2394 2965 Consimile
2449 2916 2566 2972 est,
2621 2905 2763 2975 quod
2835 2903 3031 2957 dicitur
3102 2901 3155 2955 in
3210 2901 3295 2953 illa
3352 2900 3523 2971 (num.

1952 3003 2079 3071 237)
2113 3020 2126 3056 :
2170 3000 2233 3053 Et
2264 3000 2359 3054 erit
2393 3016 2509 3051 cum
2539 2996 2972 3051 consummaverit
3011 2994 3263 3046 Dominus
3284 2992 3351 3061 ⁵⁸,
3382 3002 3525 3050 etc.;

1954 3092 2108 3145 Μετὰ
2131 3091 2192 3143 τὸ
2223 3090 2521 3161 προστάξαι
2561 3092 2672 3150 τοῖς
2702 3091 2758 3139 ἐν
2797 3085 3173 3158 Ἰερουσαλὴμ,
3214 3088 3438 3149 καὶτοῖς
3470 3088 3528 3139 ἐν

1955 3183 2240 3254 Σαμαρείᾳ
2292 3182 2610 3251 ὀλολυγμὸν,
2678 3182 2770 3233 καὶ
2820 3183 2885 3251 τῇ
2937 3181 3021 3233 ἐπ’
3075 3182 3254 3243 αὐτοῖς
3306 3180 3525 3251 ἀπειλῇ.

1956 3270 2101 3334 Οἷον.
2132 3274 2326 3344 Ουᾶξτο
2355 3277 2481 3346 quid
2526 3276 2627 3331 sibi
2673 3275 2799 3331 velit
2824 3276 2971 3339 illud,
3007 3275 3100 3326 ml.
3126 3276 3192 3344 τῇ
3220 3275 3303 3326 ἐπ’
3348 3276 3530 3335 αὐτοῖς

1954 3367 2174 3441 ἀπειλῇ.
2209 3368 2500 3437 Interpres,
2556 3367 2602 3420 si
2634 3366 2733 3420 sibi
2766 3377 3019 3420 constare
3063 3364 3241 3427 vellet,
3291 3365 3530 3419 scribere

1957 3462 2249 3527 debuerat,
2278 3461 2373 3514 καὶ
2408 3460 2546 3531 μετὰ
2579 3460 2677 3531 τὴν
2719 3460 2804 3511 ἐπ’
2838 3459 3023 3521 αὐτοῖς
3047 3459 3291 3530 ἀπειλήν.
3326 3478 3343 3509 ι
3385 3458 3531 3511 Post-

1956 3568 2117 3622 quam
2156 3554 2423 3621 sculptilia
2456 3567 2576 3621 qua;
2616 3562 2773 3605 erant
2810 3552 2862 3605 in
2910 3549 3211 3605 Jerusalem
3246 3562 3301 3605 et
3348 3553 3397 3603 in
3433 3552 3531 3603 Sa—

1956 3644 2151 3707 maria,
2202 3642 2412 3696 ululare
2450 3642 2600 3711 jussa
2649 3650 2794 3703 sunt,
2849 3642 3038 3709 eisque
3096 3641 3373 3693 intentata:
3405 3649 3532 3692 sunt

1959 3737 2138 3798 minas,
2170 3744 2274 3787 etc.
2312 3753 2329 3785 ι
2376 3733 2691 3800 Exemplum
2724 3732 2867 3787 aliud
2900 3732 3236 3801 proferemus
3263 3747 3325 3787 ex
3362 3734 3532 3784 inter-

1957 3828 2256 3892 pretatione
2283 3827 2571 3877 verborum
2604 3823 2814 3878 illorum
2873 3824 3046 3894 (num.
3092 3823 3261 3894 249.):
3315 3820 3381 3874 Et
3433 3822 3529 3874 erit

1958 3916 2131 3970 lumen
2165 3913 2337 3969 Israel
2368 3917 2421 3969 in
2446 3917 2633 3985 ignem,
2659 3926 2705 3971 et
2738 3915 3087 3983 sanctiﬁcabit
3121 3916 3270 3967 illum
3292 3916 3357 3981 ’9,
3384 3923 3487 3969 etc.
3514 3936 3524 3968 :

1956 4007 2259 4070 Φάσκοντες
2289 4008 2387 4079 τὴν
2425 4008 2522 4078 μέν
2551 4007 2771 4061 ἀστείαν
2797 4007 2919 4061 τινὰ
2974 4002 3134 4069 εἷναι,
3182 4005 3274 4057 καὶ
3311 4004 3401 4058 ἐπὶ
3438 4004 3529 4058 τὸν

1960 4100 2241 4153 σπουδαῖον
2270 4101 2486 4153 πίπτειν
2530 4101 2711 4170 γέρως
2756 4096 2921 4151 οὖσαν
2958 4097 3198 4163 ἀξίωσιν·
3229 4098 3289 4149 τὸ
3321 4096 3398 4149 δέ.
3427 4096 3529 4148 Su-

1958 4195 2136 4262 spicor
2164 4208 2270 4247 non
2298 4193 2604 4255 defuturos,
2654 4192 2851 4260 quibus
2882 4191 3115 4246 tenebras
3141 4192 3247 4245 sint
3278 4190 3393 4242 haec
3426 4189 3528 4241 tria

1956 4287 2117 4340 verba
2146 4323 2162 4349 ,
2190 4283 2371 4356 γέρως
2412 4278 2576 4335 οὖσαν
2616 4281 2859 4346 ἀξίωσιν.
2902 4280 3013 4336 Nec
3045 4274 3332 4335 dilucidius
3361 4280 3530 4347 expli-

1959 4388 2150 4431 cantur
2185 4376 2271 4430 illa
2308 4376 2479 4445 (num.
2512 4374 2637 4443 249)
2671 4389 2686 4428 :
2722 4374 2789 4427 Et
2837 4374 3029 4428 levabit
3060 4373 3264 4441 signum
3306 4372 3359 4423 in
3402 4387 3527 4439 gen-

1958 4484 2032 4524 tes
2057 4473 2095 4525 ⁸.
2127 4470 2201 4525 Ita
2231 4485 2361 4540 ergo
2406 4470 2594 4525 scribit
2624 4470 2889 4536 interpres
2918 4481 2935 4520 :
2975 4464 3045 4516 Ἦ
3067 4464 3147 4516 ὅτι
3186 4463 3289 4534 πρὸ
3318 4462 3409 4515 τοῦ
3435 4462 3528 4527 ξε-

1960 4564 2101 4617 λίνου
2136 4564 2369 4636 σταυροῦ
2395 4564 2576 4632 νοητός
2610 4579 2693 4624 τις
2732 4560 2809 4630 τῷ
2838 4560 3027 4627 κόσμῳ
3053 4556 3213 4612 παντὶ
3249 4552 3532 4606 συνεσταύ-

1967 4673 2158 4729 ρωται.
2185 4658 2265 4711 Ad
2291 4656 2509 4709 verbum
2541 4670 2555 4706 :
2597 4672 2615 4704 ι
2648 4654 2775 4706 Sive
2805 4652 2947 4720 quod
2993 4659 3114 4703 ante
3155 4649 3385 4716 ligneam
3416 4660 3531 4697 cru—

1964 4764 2079 4803 cem
2108 4748 2461 4818 intelligibilis
2484 4745 2729 4814 quaedam
2764 4757 2869 4796 una
2900 4757 3018 4796 cum
3050 4750 3163 4794 toto
3186 4735 3383 4791 mundo
3409 4752 3532 4791 cru-

1964 4843 2119 4895 cilixa
2160 4852 2263 4895 est.
2302 4860 2320 4893 ι
2368 4840 2505 4906 Quid
2532 4847 2640 4901 est,
2692 4849 2896 4905 quaeso,
2930 4834 3106 4903 inepte
3136 4830 3301 4898 loqui,
3336 4830 3379 4884 si
3432 4830 3531 4881 hoc

1966 4949 2069 4988 non
2099 4945 2182 4987 est
2207 4933 2230 4986 ?
2262 4932 2373 4986 Hoc.
2412 4941 2611 4990 autem,
2660 4928 2702 4983 si
2731 4926 2971 4981 divinare
2993 4925 3137 4987 licet,
3163 4922 3341 4977 dicere
3368 4921 3531 4973 voluit

1967 5030 2272 5097 interpres:
2311 5044 2328 5075 ι
2367 5024 2494 5079 Sive
2523 5022 2664 5091 quod
2701 5028 2825 5073 ante
2851 5019 3081 5088 ligneam
3118 5014 3261 5067 illam
3292 5026 3531 5075 crucem,

1966 5122 2144 5175 crucis
2171 5117 2449 5184 cujusdam
2476 5112 2830 5183 intelligibilis
2854 5111 3031 5179 imago
3062 5122 3125 5162 ac
3152 5106 3318 5175 ﬁgura
3345 5105 3397 5157 in
3424 5112 3536 5155 toto

1970 5211 2169 5265 mundo
2202 5210 2517 5263 haberetur.
2543 5226 2567 5256 ι
2587 5204 2816 5258 Basilius
2846 5216 2954 5256 non
2980 5200 3050 5254 ita
3074 5198 3215 5267 loqui
3246 5197 3413 5250 solet:
3442 5194 3533 5247 sed

1970 5306 2040 5355 ita
2074 5301 2355 5356 enucleate
2385 5298 2532 5363 dicit,
2567 5308 2624 5351 ut
2652 5294 2786 5349 liiliil
2821 5294 2931 5348 ullo
2958 5306 3091 5362 opus
3120 5290 3190 5345 sit
3217 5287 3424 5353 (Εόὶρο
3471 5286 3535 5339 ad

1967 5393 2389 5461 intelligendum.
2424 5390 2551 5443 Item
2580 5389 2709 5457 quid
2745 5386 2846 5441 sibi
2872 5385 3038 5439 velint
3066 5397 3186 5452 qua:
3210 5380 3462 5435 dicuntur
3485 5376 3534 5428 in

1967 5486 2095 5539 illud
2132 5489 2301 5553 (num.
2329 5482 2451 5548 267)
2478 5500 2489 5535 :
2522 5481 2585 5534 Et
2606 5480 2819 5547 perdam
2850 5477 3099 5543 injuriam
3123 5473 3419 5539 iniquorum
3444 5507 3457 5526 ,
3486 5476 3534 5519 ct

1970 5576 2341 5634 contumeliam
2364 5575 2705 5641 superborum
2731 5568 3020 5622 Itumiliabo
3048 5569 3411 5635 ',promptum
3432 5575 3536 5612 non

2286 5780 2330 5809 ⁹⁶
2365 5778 2491 5831 “illi.
2523 5777 2609 5830 ἓῖί.
2690 5777 2731 5805 9⁷
2761 5774 2861 5829 La,
2901 5790 2969 5839 γι,
3001 5773 3032 5825 7
3152 5770 3195 5802 ³⁸
3232 5769 3331 5820 Isa.
3364 5782 3415 5829 Χ,
3452 5764 3535 5818 Η.
