4040 6478
527 433 660 473 εἏἘκῖ

524 543 607 583 est
638 540 960 598 conjectare.
1023 528 1145 581 llsec
1181 538 1357 581 autem
1412 538 1531 581 sunt
1574 548 1585 581 :

524 618 1254 692 αμαρτήματοςδιατατικῶς
1280 620 1364 685 ἐφ’
1388 619 1485 671 ὅλα
1519 617 1587 670 τὰ
1625 619 1738 691 εἴδη
1774 619 1873 688 τῆς
1900 622 2092 684 κακίας

525 712 804 777 ἑςακούειν
839 712 1105 781 προσήκει
1137 710 1236 778 τῆς
1294 710 1522 781 ὓϐρεως.
1564 712 1628 762 Ol
1655 713 1782 783 γάρ,
1816 720 1921 765 etc.
1965 713 2095 765 Bur-

526 821 639 872 sns,
664 807 707 861 si
747 804 1090 871 interpretari
1130 802 1284 866 velis,
1318 804 1384 856 ad
1434 802 1776 869 conjecturas
1815 804 2093 873 confugias

530 911 751 951 necesse
787 907 892 949 est.
951 894 1061 949 Nec
1097 894 1238 948 forte
1272 894 1411 948 male
1457 897 1821 965 augurabere.
1870 895 1915 947 si
1951 897 2095 950 dicas

530 986 680 1049 illud,
709 985 771 1039 τὸ
821 985 1146 1056 ἁμάρτημα,
1190 984 1542 1052 supplendum
1591 1001 1711 1040 esse
1735 992 1857 1036 ante
1886 999 2091 1049 vocem,

530 1076 757 1149 ὒϐρεως.
787 1092 845 1132 ιιι
872 1078 1051 1131 verbis
1104 1078 1188 1133 his
1214 1079 1299 1131 ltic
1326 1076 1497 1131 subsit
1526 1092 1715 1133 sensus
1750 1094 1763 1128 :
1804 1094 1822 1127 ι
1867 1074 1971 1130 Sed
2002 1092 2096 1144 par

529 1183 613 1223 o-st
642 1169 976 1224 contumeliae
1001 1181 1277 1239 peccatum
1303 1168 1376 1221 ita
1408 1169 1769 1239 interpretari,
1807 1177 1865 1221 ιιι
1893 1169 1962 1224 ab
1991 1183 2097 1223 uno

531 1271 749 1330 peccato
772 1262 837 1315 ad
865 1263 1048 1317 omnia
1079 1261 1329 1330 nequitiae
1355 1276 1550 1329 genera
1580 1260 1901 1313 emendatur
1927 1262 2094 1328 signi-

532 1352 730 1404 (icatio.
767 1370 788 1403 ι
821 1351 926 1405 Sed
958 1367 1139 1421 qua-ro
1189 1365 1255 1403 an
1299 1352 1523 1414 homini,
1560 1365 1666 1404 non
1715 1350 1836 1404 dico
1886 1348 2096 1415 Graeco,

531 1442 624 1494 sed
661 1443 918 1507 barbaro,
954 1445 1023 1496 ita
1058 1441 1201 1508 loqui
1237 1440 1444 1496 liceat?

599 1534 690 1587 57.
722 1535 929 1587 Addunt
957 1542 1010 1586 et
1036 1532 1161 1597 alia,
1188 1548 1306 1602 qua:
1334 1530 1772 1602 peregrinitatem
1806 1528 1879 1583 ita
1912 1537 2097 1599 aperte

528 1620 694 1679 o'ent.
731 1636 791 1671 ea
845 1629 895 1669 ιιι
934 1633 1122 1679 nemo.
1178 1620 1275 1673 nisi
1312 1618 1653 1687 pnejudicata
1689 1618 1871 1687 opinio
1899 1618 2094 1681 obstet,

532 1706 801 1758 Basiliana
832 1708 1051 1762 dixerit.
1084 1709 1149 1762 Et
1174 1708 1427 1778 quoniam
1452 1707 1518 1759 de
1540 1708 1728 1761 ordine
1754 1708 1806 1759 in
1833 1706 2094 1774 ejusmodi

532 1800 691 1851 rebus
745 1814 849 1852 non
904 1801 1127 1853 multum
1184 1798 1536 1853 laborandum
1585 1812 1700 1862 est;
1763 1808 1821 1853 ut
1863 1798 2099 1867 quidque

1893 416 2423 472 l’llOLEGOMENA.

1658 531 1792 581 Ἀλλ’
1826 530 1933 582 ἀπὸ
1977 534 2094 593 ἑνὸς

2202 530 2421 583 recurrit
2480 530 2531 581 itt
2595 526 3030 580 commentario.
3095 535 3151 577 ut
3210 524 3514 579 satietatem
3575 537 3768 578 creare

2266 631 2386 671 SSIl.

2266 635 2386 671 sstt.

2196 635 2354 764 ρο58.
2392 708 2680 776 POSlquam
2740 706 2805 759 de
2840 706 3017 760 verbis
3063 704 3239 772 deque
3290 719 3477 760 eorum
3513 711 3768 756 constru-

2194 800 2373 854 ctione
2403 800 2841 867 disceptavitnns,
2891 798 3153 867 reliquum
3189 807 3271 849 est
3295 810 3352 851 ut
3390 801 3457 855 de
3478 798 3767 853 sententiis

2197 889 2325 956 ipsis
2356 890 2554 956 aliquid
2585 891 2848 943 dicamus.
2902 885 3041 941 Sunt
3086 894 3261 940 autem
3306 890 3601 951 nonnulla,
3643 902 3766 955 quae

2195 982 2275 1036 sic
2300 981 2533 1034 fabulam
2582 983 2815 1048 sapiuttt,
2868 987 3019 1031 utea
3053 979 3196 1033 Patri
3230 980 3548 1046 gravissimo
3601 979 3765 1033 tribui

2198 1086 2301 1124 non
2338 1086 2493 1140 posse
2539 1071 2840 1126 videantur.
2876 1069 3091 1139 Insigne
3118 1080 3221 1132 est,
3251 1070 3391 1139 quod
3422 1082 3675 1125 narratur
3700 1071 3770 1124 de

2197 1160 2557 1216 dannonibus.
2595 1164 2698 1216 Sed
2738 1165 3081 1229 interpretem
3108 1163 3278 1229 ipsum
3307 1158 3493 1214 audire
3523 1171 3765 1229 praestat,

2198 1258 2325 1313 illud
2360 1262 2531 1329 (num.
2577 1255 2670 1325 ‘25)
2696 1276 2708 1311 :
2734 1257 2924 1312 Plenus
2955 1271 3070 1308 sum
3102 1255 3143 1322 ³,
3176 1254 3569 1323 explanantem.
3610 1274 3628 1306 t
3651 1256 3769 1308 Dze-

2198 1366 2384 1405 ntones
2410 1350 2627 1419 quidem
2670 1362 2855 1420 utpote
2881 1349 3247 1417 voluptatibus
3280 1344 3664 1417 all‘ectibusque
3684 1350 3767 1401 iu-

2197 1441 2501 1511 dulgentes,
2528 1457 2592 1494 ex
2630 1442 2867 1497 victimis
2894 1455 2997 1495 non
3058 1439 3190 1493 nihil
3220 1439 3437 1507 capiunt
3479 1437 3770 1508 voluptatis

2198 1548 2263 1587 ac
2288 1532 2652 1588 emolumenti.
2694 1531 2899 1602 Quippe
2938 1531 3063 1585 dum
3097 1529 3477 1590 incenduntur,
3548 1530 3771 1599 sanguis

2198 1640 2294 1695 per
2317 1626 2649 1681 adustionem
2699 1626 3033 1679 convertitur
3063 1621 3115 1675 in
3152 1634 3447 1689 vaporem,
3501 1619 3685 1687 sicque
3715 1623 3769 1673 in

2198 1719 2469 1788 ejusmodi
2528 1716 2766 1771 minutas
2824 1726 3006 1784 partes
3040 1713 3309 1770 resolutus
3344 1712 3396 1765 in
3420 1726 3604 1765 eorum
3637 1717 3771 1766 sub-

2199 1812 2451 1865 stantiam
2478 1809 2641 1865 subit.
2675 1825 2694 1859 ι
2720 1804 2775 1859 Id
2809 1806 3027 1874 quidem
3066 1804 3347 1860 ridiculum
3370 1811 3453 1857 est
3485 1816 3582 1872 per
3610 1814 3769 1866 sese;

531 1888 760 1951 primam
804 1891 853 1941 in
889 1899 1118 1942 utentem
1152 1891 1378 1952 venerit,
1431 1890 1504 1943 ita
1555 1892 1786 1961 primum
1837 1903 2099 1956 propone-
2131 1892 2177 1948 Ι)
2205 1904 2298 1959 sed
2326 1902 2481 1973 tange
2514 1899 2685 1968 magis
2725 1897 2949 1951 ridicula
2976 1908 3057 1951 est
3083 1896 3419 1964 comparatio
3445 1909 3530 1959 ea,
3564 1907 3675 1963 qua
3704 1894 3772 1947 ad

532 1996 673 2035 mus.
722 1981 846 2034 Dico
876 1981 1035 2049 igitur
1063 1995 1221 2035 voces
1270 1979 1576 2038 desinentes
1614 1984 1665 2035 in
1695 1979 1835 2042 τέον,
1865 1996 2102 2051 σημειω-

530 2072 670 2134 τὲον,
702 2072 939 2141 νοητέον,
974 2074 1289 2144 χωριστέον,
1326 2085 1379 2129 et
1410 2074 1511 2129 alia
1566 2074 1617 2127 id
1641 2088 1807 2141 genus
1838 2074 2099 2141 permulta

531 2165 729 2229 passim
780 2178 1068 2219 occurrere
1117 2165 1167 2217 in
1209 2166 1311 2219 hoc
1347 2163 1739 2219 commentario
1762 2204 1776 2227 ,
1814 2164 1866 2218 in
1902 2163 2103 2221 Basilio

534 2271 661 2309 vero
708 2257 862 2326 longe
908 2259 1099 2311 rarius.
1152 2256 1381 2311 Basilius
1418 2257 1501 2328 ita
1549 2255 1727 2329 jungit
1779 2258 2100 2312 infinitivum

534 2348 917 2415 praepositioni,
955 2359 1012 2399 ttt
1043 2362 1106 2400 eo
1142 2346 1393 2416 loquendi
1453 2362 1649 2418 genere
1688 2361 1850 2415 parce
1873 2356 2097 2399 utatur:

533 2450 585 2490 at
622 2440 827 2493 auctori
859 2448 1042 2493 nostro
1067 2439 1168 2495 hac
1205 2440 1415 2495 dicendi
1439 2440 1666 2494 formula
1699 2438 1832 2492 nihil
1870 2436 2101 2491 familia-

534 2532 663 2584 rius.
695 2530 860 2599 Cujus
921 2532 1135 2600 generis
1179 2541 1264 2586 est
1312 2530 1481 2584 illud:
1528 2528 1681 2580 Ἐπεὶ
1725 2523 1817 2581 οὖν
1865 2527 1925 2579 οὐ
1973 2544 2102 2597 μετ-

531 2620 835 2694 εὸλήθησαν
867 2622 976 2676 ἀπὸ
1001 2622 1094 2675 τώ
1123 2621 1295 2675 ἄδικοι
1329 2615 1487 2679 εἶναι,
1521 2621 1617 2672 καὶ
1645 2620 1832 2675 σκολιὰ
1858 2620 2002 2692 ἔχειν
2032 2619 2102 2674 τὰ

531 2714 831 2767 ἐπιϐούλια.
871 2714 997 2767 ltetn
1054 2714 1213 2769 illud:
1252 2712 1407 2785 Παρὰ
1458 2712 1541 2779 τὸ,
1594 2713 1689 2766 καὶ
1724 2713 1790 2766 ἐκ
1840 2713 2103 2784 στόματος

530 2802 622 2859 τοῦ
643 2804 776 2856 Θεοῦ
805 2803 1057 2870 λέγεσθαι
1096 2803 1536 2876 προεληλυθέναι.
1565 2802 1695 2859 Item
1724 2804 1853 2860 illud
1885 2822 1900 2860 :
1935 2805 2104 2879 ’Υπὲρ

528 2891 625 2947 τοῦ
649 2896 814 2947 πᾶσιν
853 2894 1029 2947 αὐτῶν
1057 2895 1126 2947 τὰ
1162 2898 1427 2966 πρόσωπα
1446 2891 1583 2949 εἶναι
1620 2898 1926 2967 καταφανῆ.
1970 2897 2101 2952 item

534 2986 663 3039 illud
693 3007 705 3041 :
732 2986 982 3039 Τοσαῦτα
1011 2990 1091 3052 είς
1120 2987 1183 3040 τὸ
1232 2988 1561 3059 σαφέστερον
1591 2988 1914 3059 νοηθῆναι...
1961 2988 2102 3041 κατὰ

533 3076 661 3133 τὸ...
691 3082 769 3143 είς
790 3080 868 3147 τὸ,
889 3080 1101 3151 ἡμέρας
1127 3080 1221 3151 μὲν
1248 3078 1490 3143 σκιάζειν
1514 3081 1709 3144 αὐτοὺς
1730 3080 1827 3151 τὴν
1847 3080 2098 3151 νεφέλην.

535 3171 661 3224 item
701 3174 827 3224 illud
865 3191 878 3225 :
910 3173 1066 3226 Κατὰ
1115 3174 1177 3225 τὸ
1206 3173 1708 3244 ἐμπεριειληφέναι.
1771 3173 1901 3228 Item
1935 3172 2097 3227 illud:

537 3256 681 3324 Ἔξω
721 3261 887 3330 ἐσμὲν
946 3262 1042 3313 τοῦ
1082 3262 1467 3325 ταλανίζεσθαι
1513 3266 1606 3316 ἐπὶ
1662 3267 1776 3327 τοῖς
1820 3263 2101 3327 τοιούτοις.

535 3352 664 3407 Item
692 3352 819 3408 illud
843 3373 856 3408 :
888 3352 985 3407 Διὰ
1008 3352 1114 3425 γὰρ
1135 3352 1195 3405 τὸ
1210 3352 1497 3423 χαίροντας
1514 3356 1709 3417 αὐτοὺς
1736 3354 1829 3406 καὶ
1852 3354 2101 3424 ὑϐρίζον-

488 3430 491 3431 ⁷
536 3460 634 3509 τας
660 3447 894 3516 τρέχειν.
918 3448 997 3501 Ad
1022 3448 1162 3501 idem
1196 3460 1384 3516 genus,
1426 3460 1547 3499 cum
1574 3446 1641 3499 de
1672 3446 1940 3499 inlinitivo
1964 3460 2100 3513 quo—

534 3550 636 3602 que
668 3548 881 3604 agatur,
913 3538 1145 3604 pertinet
1174 3538 1405 3606 quodam
1432 3538 1590 3591 modo
1620 3548 1673 3589 et
1702 3536 1828 3589 illud
1859 3557 1870 3590 :
1905 3536 2103 3589 Οὐκέτι

535 3626 689 3697 ἢτοῦ
736 3628 1151 3696 ἐγκαταλείπειν
1205 3628 1298 3681 τὸν
1328 3628 1530 3698 Κύριον
1584 3627 1825 3698 ἁμαρτία
1877 3629 2097 3699 ἐνεργη-

537 3722 804 3792 θήσεται..
864 3722 987 3777 ﬂare
1041 3722 1221 3785 retuli,
1282 3736 1388 3775 non
1432 3719 1576 3790 quoll
1623 3729 1803 3790 putem
1838 3718 2101 3787 ejusmodi

534 3814 776 3879 exempla
807 3814 952 3867 nulla
994 3824 1211 3869 exstare
1237 3813 1379 3882 apud
1422 3814 1653 3882 optimos
1690 3827 1933 3882 quosque
1951 3813 2102 3871 ,scri-

534 3914 715 3970 ptores
745 3920 759 3955 :
795 3906 890 3959 sed
923 3905 1066 3973 quod
1100 3906 1293 3958 horum
1325 3920 1454 3958 usus
1478 3904 1812 3972 frequentior
1834 3904 2000 3958 multo
2032 3904 2104 3958 sit

532 3988 587 4041 in
622 3999 806 4043 nostro
836 3998 1073 4051 auctore,
1104 4005 1265 4060 quam
1308 3992 1360 4044 in
1397 3990 1615 4046 Basilio.
1662 3992 1729 4045 Et
1753 3994 1897 4060 quad
1929 3994 2101 4061 magis

533 4094 749 4136 titovere
770 4081 947 4147 debet,
972 4096 1076 4136 non
1112 4096 1286 4151 pauca
1311 4091 1441 4135 sunt
1478 4083 1549 4135 ita
1582 4096 1742 4145 nova,
1769 4083 1840 4135 ita
1868 4082 2098 4144 insolita,

533 4182 590 4223 ιιι
613 4173 808 4226 similia
849 4174 976 4227 alibi
1008 4175 1251 4228 nancisci
1300 4173 1515 4229 difﬁcile
1539 4176 1633 4229 sit.
1659 4173 1847 4240 Qualia
1870 4172 2101 4230 fortasse

536 4264 621 4317 illa
662 4287 674 4318 ι
715 4262 875 4333 Παρὰ
906 4264 989 4329 τὸ,
1019 4268 1113 4319 καὶ
1153 4266 1217 4318 ὲκ
1248 4266 1512 4337 στόματος
1556 4266 1650 4319 τοῦ
1681 4265 1815 4319 Θεοῦ
1847 4265 2099 4335 λέγεσθαι

534 4356 952 4426 προεληλυθέναι
979 4374 995 4389 ο
1035 4356 1139 4422 ἔξω
1190 4360 1359 4428 ἐσμὲν
1413 4359 1507 4412 τοῦ
1540 4358 1935 4422 ταλανίζεσθαι·
1981 4360 2009 4411 ὁ
2045 4358 2102 4412 δὲ

530 4451 850 4519 ἐπιστήμων
908 4449 1046 4503 κατὰ
1098 4449 1160 4502 τὸ
1222 4452 1703 4521 ἐμπεριειληφέναι
1733 4451 1801 4505 τὰ
1835 4452 2101 4520 ἀναγκαῖα

2203 1995 2254 2047 id
2295 1990 2629 2057 probandum
2658 1989 2843 2043 utitur.
2875 1987 3004 2056 Ejus
3050 1988 3165 2041 inec
3191 1988 3349 2041 verba
3382 1999 3501 2041 sunt
3533 2006 3548 2042 :
3589 2006 3609 2040 ι
3638 1986 3773 2043 0m-

2202 2083 2331 2135 nino
2369 2083 2513 2135 enim
2567 2081 2661 2136 toti
2702 2077 2991 2149 vaporibus
3032 2076 3288 2139 aluntur,
3342 2092 3447 2129 non
3486 2077 3631 2145 quod
3674 2092 3774 2131 eos

2200 2171 2480 2235 mandant,
2529 2182 2621 2225 aut
2645 2169 2891 2238 injiciant
2941 2166 2994 2221 in
3024 2175 3265 2220 ventrem
3288 2204 3304 2229 ,
3329 2164 3423 2219 sed
3453 2166 3679 2232 perinde
3714 2174 3774 2218 ut
3820 2234 3831 2241 _

2200 2262 2510 2319 animalium
2558 2264 2672 2335 pili,
2707 2277 2947 2332 ungues,
2997 2269 3054 2315 et
3098 2270 3432 2328 quaecunque
3479 2263 3608 2311 sunt
3650 2255 3775 2324 ejus

2201 2358 2448 2427 generis,
2484 2357 2551 2410 ad
2587 2371 2737 2410 suam
2761 2364 2927 2410 totam
2954 2352 3386 2408 constituendam
3414 2346 3773 2405 substantiam

2202 2440 2516 2503 alimentum
2574 2446 2873 2514 excipiunt.
2948 2442 3286 2510 Quapropter
3330 2440 3484 2494 avide
3534 2438 3775 2507 gaudent

2204 2540 2509 2606 nidoribus,
2539 2552 2602 2592 ac
2627 2538 2831 2593 fumum
2856 2552 2922 2592 ex
2949 2537 3107 2591 thure
3125 2533 3476 2605 prodeuntem
3514 2542 3773 2601 tanquam

2200 2631 2301 2685 sibi
2333 2630 2398 2684 ad
2420 2629 2730 2684 alimoniam
2750 2627 3212 2684 accommodatum
3236 2622 3547 2681 exsorbent.
3570 2621 3637 2676 Et
3661 2620 3775 2676 for-

2204 2734 2346 2779 tasse
2371 2723 2422 2777 itt
2450 2722 2774 2777 animalibus
2814 2719 3155 2789 inestaliqua
3195 2734 3319 2774 eum
3350 2714 3773 2772 demonicorum

2204 2831 2490 2886 corporum
2553 2812 2973 2885 proprietatibus
3017 2810 3381 2865 necessitudo.
3453 2809 3626 2861 Porro
3677 2805 3771 2872 qui

2204 2909 2342 2960 votis
2390 2906 2691 2958 daemonum
2736 2902 3016 2971 explendis
3062 2900 3304 2964 student,
3346 2896 3437 2951 alii
3467 2895 3610 2948 aliud
3639 2890 3774 2947 olfe-

2206 3007 2351 3059 runt,
2386 3004 2635 3063 tanquam
2664 2993 2745 3048 eis
2768 2993 2834 3046 ad
2868 2992 3178 3046 alimoniam
3220 2987 3707 3045 accommodatius.
3733 2996 3771 3040 δ

2205 3084 2415 3151 Graeca,
2446 3100 2511 3139 ne
2535 3084 2744 3155 longior
2766 3097 2960 3147 essem,
2998 3097 3103 3137 non
3159 3081 3415 3151 apposui;
3467 3080 3559 3134 sed
3584 3094 3613 3132 a
3641 3093 3775 3149 quo-

2208 3180 2338 3235 libet
2378 3179 2478 3248 legi
2526 3187 2841 3249 possunteo
2887 3188 3046 3246 quem
3090 3174 3201 3228 dixi
3240 3174 3381 3229 loco.
3422 3171 3583 3238 Quid,
3629 3172 3775 3240 quod

2210 3284 2398 3339 parum
2429 3268 2617 3323 habuit
2659 3268 2890 3336 scriptor
2942 3264 3201 3336 praeclara
3228 3261 3317 3317 illa
3368 3261 3538 3317 semel
3594 3260 3777 3316 eﬂ'uti-

2207 3361 2391 3415 visse?
2428 3359 2588 3415 Dicas
2648 3373 2771 3414 eunt
2826 3358 2929 3413 hoc
2957 3366 3267 3413 commento
3296 3370 3637 3426 summopere
3673 3354 3772 3408 de-

2206 3449 2459 3502 lectatum
2485 3464 2605 3504 esse
2628 3488 2644 3513 ,
2673 3458 2728 3503 et
2749 3448 3100 3512 timuisse,ne
3122 3447 3168 3501 si
3195 3448 3362 3501 semel
3381 3455 3585 3499 tantum
3610 3443 3775 3497 dixis.

2204 3549 2305 3603 set,
2341 3541 2570 3593 lectores
2595 3540 2823 3607 fugeret.
2850 3538 2955 3594 Sed
2980 3554 3166 3593 rursus
3204 3537 3504 3592 audiendus
3524 3545 3627 3590 est.
3646 3534 3777 3603 Ejus

2206 3632 2366 3701 igitur
2398 3631 2511 3685 haec
2534 3640 2679 3695 sunt,
2724 3630 2811 3684 illa
2851 3631 3022 3699 (num.
3065 3629 3231 3700 236):
3266 3628 3503 3691 Ululate,
3555 3626 3775 3693 sculpti-

2204 3722 2298 3787 lia,
2324 3723 2375 3774 in
2405 3719 2701 3773 Jerusalem
2720 3720 2764 3782 ⁵,
2781 3729 2912 3781 etc.,
2931 3719 3340 3788 interpretantis
3364 3736 3377 3771 :
3406 3737 3425 3768 ι
3445 3717 3770 3784 Quoniam,»

2208 3813 2398 3879 inquit,
2453 3811 2655 3881 ilignis
2708 3810 2775 3864 ab
2830 3809 3085 3865 humanis
3134 3807 3383 3863 manibus
3428 3807 3658 3862 formam
3708 3821 3773 3861 ac

2209 3905 2433 3972 ﬁguram
2477 3903 2889 3958 habentibus....
2920 3913 3015 3957 aut
3046 3902 3268 3971 reliquis
3304 3900 3479 3966 idolis,
3509 3914 3770 3969 quacun-

2205 4010 2309 4064 que
2339 3996 2441 4048 alia
2480 4005 2606 4049 sunt
2635 4010 2700 4050 ex
2742 3996 2974 4065 pretiosa
3009 3995 3091 4049 vel
3132 3995 3219 4049 vili
3258 3996 3479 4049 materia
3500 3994 3666 4058 facta,
3703 4004 3761 4050 et

2205 4100 2327 4153 quae
2348 4100 2377 4137 a
2405 4086 2655 4153 gentibus
2687 4087 3005 4153 adorantur,
3040 4085 3269 4139 latenter
3296 4085 3541 4140 assident
3591 4086 3775 4154 praesi-

2203 4175 2298 4229 des
2319 4174 2534 4243 quidam
2564 4177 2857 4238 daemones,
2881 4190 2945 4230 ex
2977 4177 3202 4244 impuris
3243 4176 3417 4229 sacris
3447 4176 3774 4245 voluptatem

2203 4265 2498 4335 capientes.
2554 4263 3020 4330 Quemadmodum
3058 4266 3198 4318 enim
3236 4266 3289 4318 in
3335 4266 3471 4321 locis
3522 4268 3775 4323 macello-

2205 4372 2344 4421 rutn,
2379 4357 2467 4411 ubi
2495 4371 2659 4412 cruor
2691 4366 2744 4410 et
2775 4358 2993 4427 sanguis
3020 4358 3134 4427 jam
3163 4368 3451 4428 corruptus
3480 4360 3772 4425 invenitur,

2205 4462 2369 4502 canes
2420 4448 2662 4517 cupediis
2706 4448 2876 4503 dediti
2923 4460 3371 4505 commorantur:
3408 4452 3479 4505 ita
3501 4453 3775 4506 et‘daamo-

532 4539 609 4602 είς
642 4541 1019 4612 μακαριότητα
1039 4539 1395 4611 θεωρήματα,
1426 4540 1565 4609 μετὰ
1596 4543 1720 4604 τοὺς
1753 4541 1852 4612 ἠδη
1870 4541 2098 4605 ἑκτικῶς

2207 4556 2301 4596 nes
2334 4540 2470 4611 gulae
2496 4541 2818 4608 servientes,
2860 4541 3187 4610 voluptatem
3226 4557 3293 4597 ex
3331 4544 3591 4612 sanguine
3611 4556 3675 4595 ac
3698 4543 3774 4595 ni-

534 4632 625 4682 καὶ
654 4631 862 4699 παγίως
890 4632 1135 4701 συνέχειν
1190 4632 1247 4684 ὲν
1282 4628 1478 4700 ἑαυτῷ.
1520 4630 1672 4695 Quod
1704 4640 1884 4684 autem
1920 4634 2098 4686 notavi

532 4720 719 4775 ultimo
746 4722 879 4782 loco,
917 4722 1098 4773 οὐκέτι
1157 4724 1190 4791 ὴ
1222 4721 1315 4774 τοῦ
1341 4719 1753 4789 ἐγκαταλείπειν
1777 4720 1869 4774 τὸν
1896 4723 2099 4793 Κύριον

530 4810 773 4881 ἁμαρτία
802 4812 1250 4883 ὲνεργηθήσεται,
1277 4816 1343 4868 de
1364 4828 1429 4867 eo
1457 4812 1906 4883 habeofpolliceri,
1940 4814 2096 4868 talem

530 4902 780 4970 loquendi
834 4905 1045 4956 modum
1096 4905 1149 4956 in
1190 4905 1438 4974 genuinis
1471 4902 1651 4957 Basilii
1682 4905 1939 4972 operibus
1964 4919 2097 4956 nus-

529 5006 689 5059 quam
715 4994 961 5060 reperiri.
995 4995 1137 5052 Leve
1174 4996 1439 5050 videbitur
1462 4996 1601 5065 quod
1636 4994 1864 5061 addam;
1900 4996 2097 5049 addere

531 5096 707 5137 tamen
728 5082 878 5147 libet,
893 5087 1034 5153 quod
1059 5087 1124 5138 ad
1151 5102 1263 5140 rem
1288 5087 1452 5145 faciat
1471 5105 1485 5141 :
1507 5102 1716 5156 nempe,
1729 5101 1913 5141 vocem
1936 5102 2098 5140 κατα-

528 5174 711 5247 νόησις
752 5190 877 5229 raro
901 5178 1208 5231 'atlmodnm
1256 5178 1501 5233 adhiberi
1532 5193 1564 5232 a
1602 5177 1830 5245 Basilio,
1871 5193 1935 5233 ea
1970 5194 2096 5234 vero

529 5282 661 5321 voce
714 5268 1061 5337 interpretem
1112 5271 1187 5323 uti
1244 5286 1402 5339 quam
1455 5269 1912 5341 frequentissime.
1984 5271 2096 5327 Hoc

530 5359 669 5412 idem
700 5359 809 5411 fere
862 5360 1063 5411 dictum
1095 5360 1336 5414 volumus
1363 5363 1427 5414 de
1450 5360 1563 5423 illo,
1608 5361 1931 5433 διορατικός.
1990 5362 2097 5417 Nec

528 5447 685 5499 aliter
716 5448 1051 5501 sentiendum
1078 5449 1144 5501 tle
1178 5464 1307 5503 voce
1348 5452 1691 5519 ἡγεμονικὸς.
1735 5454 1859 5505 Scio
1880 5450 2093 5519 quidem

528 5539 669 5591 hunc
696 5552 888 5592 vocem
920 5549 976 5592 ut
1006 5555 1031 5592 a
1066 5539 1283 5600 Basilio.
1319 5541 1389 5593 ita
1423 5556 1451 5593 a
1478 5542 1816 5608 politioribus
1864 5544 2095 5611 scripto-

529 5633 679 5686 ribus
707 5630 939 5685 libenter
974 5634 1220 5701 ttsurpari
1252 5647 1264 5683 :
1297 5633 1389 5686 sed
1428 5647 1489 5685 ea
1524 5650 1626 5689 vox
1659 5643 1765 5688 tant
1793 5634 2098 5704 frequenter

599 5822 616 5851 ³
647 5818 806 5879 istm.
856 5820 933 5873 ll.
998 5825 1019 5849 ’⁸
1053 5819 1154 5871 lsa.
1191 5833 1242 5884 ι,
1276 5818 1355 5891 l0.

2206 4634 2337 4688 dore
2369 4634 2760 4688 sacriﬁciorum
2791 4643 3096 4701 captantes,
3133 4635 3277 4687 circa
3306 4648 3430 4688 aras
3459 4641 3775 4701 statuasque

2203 4724 2305 4779 sibi
2334 4734 2684 4779 consecratas
2708 4723 3037 4777 volutantur.
3093 4722 3258 4777 Forte
3281 4724 3423 4777 enim
3456 4722 3775 4777 nutriuntur

2204 4817 2366 4871 etiam
2400 4831 2584 4871 eorum
2614 4828 2842 4881 corpora
2868 4852 2883 4875 ,
2933 4827 3053 4881 qua:
3093 4812 3240 4865 aeria
3285 4822 3411 4866 sunt
3458 4822 3552 4867 aut
3583 4813 3770 4882 ignita,

2203 4919 2296 4962 aut
2343 4923 2409 4961 ex
2453 4919 2678 4976 utroque
2729 4905 2999 4959 elemento
3048 4904 3438 4973 composita....
3495 4903 3635 4959 llinc
3680 4906 3770 4974 qui

2207 5010 2494 5054 vescuntur
2527 4996 2838 5065 idolothytis
2864 5037 2879 5061 ,
2941 4996 3229 5065 participes
3285 4995 3539 5049 dicuntur
3571 5010 3771 5051 mensas

2203 5089 2610 5142 dtemoniorutn.
2637 5086 2769 5142 Cum
2797 5086 2942 5140 enim
2962 5085 3178 5139 victima
3210 5084 3431 5140 olfertur
3454 5086 3615 5150 idolo,
3642 5102 3765 5155 por-

2204 5179 2278 5232 tio
2312 5178 2491 5247 aliqua
2514 5179 2675 5232 etiam
2704 5175 2964 5231 assidenti
2988 5176 3220 5229 daamoni
3248 5176 3579 5231 destinatur:
3604 5191 3749 5244 quan

2202 5270 2490 5336 doq-uidem
2537 5268 2857 5323 daemonium
2908 5276 2964 5321 et
2988 5281 3055 5320 ex
3099 5267 3363 5337 sanguine
3394 5268 3484 5335 qui
3507 5265 3675 5319 veluti
3712 5264 3768 5317 in

2202 5376 2383 5415 aerem
2414 5376 2603 5414 versus
2623 5369 2724 5423 est,
2774 5368 2829 5413 et
2854 5372 2921 5412 ex
2980 5358 3135 5426 adipe
3164 5356 3562 5427 sulfumigante.
3620 5364 3675 5409 et
3702 5369 3768 5409 ex

2204 5454 2425 5520 reliquis
2446 5450 2771 5505 holocaustis
2794 5458 2997 5519 partem
3034 5452 3325 5519 quamdam
3354 5448 3453 5502 sibi
3480 5445 3763 5508 assumit,»

2206 5553 2308 5595 etc.
2343 5541 2518 5610 Legas
2550 5540 2712 5594 velim
2736 5540 2925 5593 Graeca
2956 5540 3011 5592 in
3044 5541 3160 5608 ipso
3198 5536 3608 5592 commentario.
3645 5536 3770 5591 Haec

2205 5635 2416 5705 quidem
2486 5644 2757 5703 utcunque
2820 5630 3093 5689 toleranda
3150 5638 3329 5687 essent
3387 5630 3525 5701 apud
3557 5637 3766 5700 poetas,
