4040 6444
1349 401 1409 452 D.
1452 401 1599 455 JUL.
1641 404 1970 458 CARNEBH
2009 408 2397 465 PREFATIO.

3344 437 3499 477 CCXII

268 521 361 565 aut
393 516 533 583 apud
550 514 791 581 jocoSum
826 511 1145 579 scriptorem
1180 512 1474 567 Lucianum
1511 534 1526 569 :
1560 526 1614 568 at
1651 522 1839 575 eadem
1870 527 1915 580 Δ
1947 522 2119 589 ipsum
2154 525 2423 593 coarguit.
2468 524 2640 581 Filias
2680 529 2832 597 genui
2866 537 2918 579 et
2946 532 3172 585 exaltari
3198 533 3239 585 ‘.
3270 532 3509 587 Genera-

269 606 320 654 in
351 603 569 659 Patrum
620 601 942 671 gravissimo
972 601 1171 657 Basilio
1203 603 1326 671 quis
1354 606 1492 659 ferat
1517 605 1540 657 ?
1574 604 1697 661 Scio
1716 609 1835 677 qui-

266 699 387 751 item
412 694 653 751 caleetia
683 695 925 763 quaedam
961 709 1188 763 corpora
1224 697 1427 766 angelis
1461 712 1492 752 ε
1519 697 1833 766 quibusdam

265 788 523 843 Patribus
577 783 783 840 Grecis
832 787 1039 843 tribui:
1090 786 1183 841 sed
1228 788 1424 853 nullus,
1473 789 1614 858 quod
1643 790 1834 859 sciam,

266 874 533 943 ejusmudi
575 890 745 945 nugas
789 890 1026 945 unquam
1082 880 1331 945 garrivit.
1382 880 1631 935 Arbitror
1655 891 1834 941 autem

264 966 524 1022 Basilium
574 981 605 1020 a
664 972 830 1025 tantis
881 969 1250 1025 deliramentis
1308 974 1545 1029 maxime
1593 978 1833 1034 omnium

266 1059 639 1117 abhorruisse.
682 1061 779 1117 Vir
818 1076 1063 1118 summus
1090 1079 1158 1119 ne
1205 1064 1407 1134 optima
1434 1064 1670 1135 quidem,
1714 1086 1836 1140 quae

266 1160 389 1205 erat
423 1152 542 1221 ejus
606 1152 869 1207 mirabilis
897 1155 1055 1223 copia
1093 1154 1325 1218 dicendi,
1380 1167 1627 1225 repetere
1677 1162 1833 1216 solet.

269 1243 552 1309 Quomodo
580 1258 709 1312 ergo
734 1244 816 1295 sui
851 1255 959 1297 tam
1012 1245 1287 1302 dissimilis
1312 1262 1430 1303 esse
1452 1250 1645 1319 potuit,
1672 1263 1727 1307 ut
1751 1268 1834 1308 se-

268 1335 372 1387 mel
403 1344 459 1389 et
482 1334 673 1387 iterum
697 1331 866 1385 aniles
889 1331 1102 1389 fabulas
1132 1339 1481 1393 narraverit?
1510 1337 1639 1411 Legi
1668 1342 1834 1397 etiam

266 1432 526 1490 possunt,
580 1436 699 1489 quae
744 1422 998 1477 dicuntur
1026 1425 1092 1480 de
1120 1424 1384 1482 Calvariae
1407 1428 1527 1483 loco
1548 1441 1710 1499 atque
1739 1449 1835 1486 no-

264 1516 437 1577 mine,
470 1527 577 1568 non
610 1513 796 1584 procul
828 1515 897 1570 ab
930 1515 1083 1571 initio
1114 1517 1311 1586 capitis
1347 1520 1541 1587 quinti.
1574 1520 1669 1575 llis
1689 1532 1835 1579 certe

263 1604 399 1657 nihil
426 1604 674 1674 lepidius,
700 1607 833 1662 nihil
862 1606 1112 1663 facetius.

331 1693 421 1750 59.
447 1694 597 1752 Hunc
625 1699 715 1766 qui
742 1699 794 1750 in
834 1696 1084 1750 manibus
1107 1704 1191 1750 est
1222 1700 1669 1755 commentarium
1700 1716 1823 1759 cum

262 1788 673 1858 iuterpretarer,
714 1803 744 1840 a
781 1787 1043 1857 plagiario
1091 1789 1398 1844 confectum
1430 1807 1551 1847 esse
1588 1777 1833 1863 suspica-

260 1880 381 1933 bar.
412 1878 622 1932 Etenim
659 1892 763 1932 non
797 1892 919 1932 raro
944 1880 1131 1933 eadem
1166 1880 1440 1949 propheta:
1468 1883 1584 1937 loca
1619 1859 1701 1939 bis
1744 1894 1839 1940 aut
1866 1859 1909 1914 Β

266 1980 347 2022 lcr
382 1969 639 2039 explanat
685 1971 952 2039 scriptor;
1002 1971 1074 2025 ob
1125 1970 1287 2041 idque
1334 1972 1467 2028 mihi
1511 1974 1565 2029 in
1599 1984 1833 2031 mentem

261 2062 517 2119 veniebat
544 2079 666 2119 eum
695 2063 798 2119 alia
820 2064 1033 2120 aliunde
1064 2067 1377 2137 sumpsisse.
1409 2066 1686 2142 Exempla,
1711 2086 1832 2127 cum

259 2155 421 2211 obvia
455 2156 587 2225 sint,
636 2158 827 2213 inutile
859 2158 1023 2213 fuerit
1062 2159 1243 2228 aliqua
1286 2161 1549 2229 proferre.
1591 2165 1837 2234 Augebat

261 2248 649 2318 suspicionem,
699 2250 845 2317 quod
878 2250 1192 2315 scriptionis
1230 2264 1401 2318 genus
1426 2251 1644 2305 Eusebii
1694 2254 1835 2322 stylo

260 2356 426 2407 quam
460 2341 707 2408 proxime
732 2340 961 2394 accedit.
993 2338 1201 2393 Norant
1231 2341 1374 2395 enim
1410 2343 1503 2412 qui
1546 2343 1834 2398 Eusebium

264 2435 349 2488 vel
384 2433 735 2504 primoribus,
767 2440 826 2487 ut
854 2434 1078 2503 dicitur,
1106 2435 1273 2492 labris
1310 2436 1624 2507 attigerunt,
1673 2450 1834 2507 quam

262 2527 311 2580 ei
344 2527 611 2584 familiare
638 2528 712 2584 sit
736 2529 1042 2585 nominibus
1086 2534 1141 2587 in
1186 2548 1281 2595 κος
1330 2531 1696 2586 desinentibus
1721 2531 1833 2597 uti;

265 2622 319 2673 iul
350 2623 520 2689 quod,
559 2624 965 2687 utmonuimus,
997 2641 1101 2681 non
1128 2624 1367 2678 insolens
1387 2622 1516 2675 facit
1545 2623 1832 2691 interpres.

266 2715 443 2769 Voces
500 2696 699 2766 multas
739 2729 878 2783 quas
914 2715 1202 2768 inusitatas
1249 2711 1387 2781 apud
1421 2712 1676 2766 Basiliam
1716 2727 1837 2768 esse

263 2817 317 2859 et
362 2820 532 2861 novas
583 2806 862 2875 putabam,
893 2806 947 2860 in
985 2806 1218 2861 Eusebio
1250 2804 1429 2876 legere
1462 2805 1835 2860 memineram.

265 2896 394 2963 l-Ljus
426 2897 643 2968 generis
680 2905 809 2951 sunt
837 2911 1015 2963 voces,
1051 2894 1399 2968 ἀσεϐήματα,
1446 2894 1588 2950 κατά
1637 2911 1835 2968 συναρ-

264 2988 468 3061 παγὴν,
501 2988 866 3061 δεκάπληγος,
893 2998 1000 3044 etc.
1032 2987 1145 3044 lmo
1184 3004 1292 3043 non
1330 2989 1495 3044 verba
1523 2988 1715 3052 solum,
1742 2988 1836 3042 sed

265 3082 564 3137 sententias
600 3083 763 3136 etiam
820 3083 965 3151 ipsas
1015 3080 1082 3134 ab
1137 3079 1367 3134 Eusebio
1421 3080 1653 3133 mutuari
1705 3080 1835 3133 mihi

266 3174 572 3230 videbatur.
598 3173 686 3239 Et,
713 3184 767 3228 ut
803 3172 973 3237 multa
996 3171 1263 3235 omittam,
1295 3169 1528 3239 scriptor
1558 3169 1633 3224 ita
1668 3169 1836 3223 inter—

266 3275 514 3331 pretatur
542 3265 631 3319 illa
665 3265 838 3333 (num.
877 3260 1007 3329 273)
1042 3279 1054 3315 :
1086 3257 1268 3314 Eterit
1290 3258 1524 3330 Babylon
1553 3275 1667 3330 qua!
1692 3275 1844 3312 uoca-

266 3366 356 3407 tur
375 3356 578 3425 inclyta
602 3357 623 3387 '
663 3364 798 3419 etc.,
823 3363 884 3413 ut
906 3353 1124 3408 dubium
1160 3367 1266 3406 non
1302 3354 1557 3407 haberem
1586 3351 1716 3420 quin
1742 3365 1842 3405 no-

270 3448 481 3501 minum
516 3447 873 3517 quorumdam
903 3443 1373 3515 interpretationes
1411 3442 1726 3511 sumpsisset
1776 3440 1844 3496 ab

269 3540 525 3595 Eusebio.
558 3540 695 3608 Quid
721 3538 910 3610 plura?
958 3535 1418 3592 Commentarium
1458 3549 1605 3600 eum,
1629 3535 1720 3604 qui
1749 3550 1844 3588 no-

272 3635 418 3688 mine
474 3633 657 3689 Basilii
693 3630 1098 3696 circumfertur,
1133 3626 1395 3684 attentius
1419 3642 1541 3682 cum
1588 3626 1842 3697 legerem,

269 3728 632 3793 eumdemque
679 3739 802 3779 cum
852 3723 1072 3779 Eusebii
1116 3719 1510 3777 commentario
1558 3720 1844 3789 diligenter

270 3827 668 3881 compararem,
721 3813 865 3866 illius
908 3820 1184 3866 auctorem
1224 3817 1607 3877 purumputum
1639 3808 1846 3878 plagia-

274 3906 416 3959 rium
448 3918 574 3960 esse
615 3905 877 3973 comperi.
914 3902 1046 3972 Ejus
1074 3903 1153 3957 rei
1180 3914 1325 3955 nunc
1354 3898 1635 3966 subjiciam
1660 3913 1846 3953 exem-

271 3996 357 4065 pla
394 3996 585 4060 multa,
636 4010 705 4049 ex
732 3994 933 4064 quibus
966 3993 1242 4048 constabit
1288 3992 1662 4062 imperfectum
1698 3989 1843 4042 illum

272 4089 327 4141 in
384 4087 576 4142 Isaiam
632 4084 1082 4140 commentarium
1114 4099 1219 4139 non
1280 4096 1477 4153 magno
1526 4080 1602 4135 illi
1644 4078 1846 4133 Basilio

269 4177 591 4231 Caesariensi
634 4176 913 4245 episcopo,
954 4173 1051 4229 sed
1078 4174 1235 4229 alteri
1262 4173 1437 4228 cuivis
1459 4170 1708 4240 scriptori
1748 4168 1847 4245 tri-

272 4267 547 4321 buendum
578 4281 719 4321 esse.
746 4265 1028 4322 Neminem
1061 4266 1205 4322 enim
1247 4274 1376 4335 puto
1408 4263 1679 4319 hominem
1708 4260 1842 4328 fore,

273 4346 366 4427 qui
400 4369 507 4413 tam
561 4360 778 4427 iniquus
808 4359 879 4413 sit
912 4374 1090 4413 rerum
1131 4358 1448 4423 aestimator,
1478 4365 1539 4410 ut
1586 4354 1845 4410 Basilium

275 4453 526 4522 Magnum
579 4452 721 4505 inter
751 4451 991 4521 insignes
1031 4449 1320 4519 plagiarios
1368 4462 1653 4503 recensere
1691 4446 1840 4502 velit.

1946 612 2108 666 tionis
2137 616 2255 669 due
2277 614 2488 681 species
2512 625 2657 678 sunt,
2694 631 2923 685 quarum
2956 618 3060 671 alia
3085 630 3167 672 est
3199 622 3288 675 illa
3312 636 3510 677 secun-

1938 702 2067 757 dum
2092 701 2257 760 Deum
2297 705 2493 770 forma,
2524 720 2644 774 qua:
2666 723 2732 762 ex
2762 706 3018 779 operibus
3042 716 3096 761 et
3126 722 3191 761 ex
3221 714 3511 767 mandato-

1940 809 2060 850 rum
2093 799 2438 867 perceptione
2462 797 2743 866 perficitur
2772 818 2786 855 :
2811 815 2914 870 qua
2947 800 3156 855 ratione
3190 800 3384 858 Paulus
3423 804 3477 858 di

1938 885 2174 953 scipulos
2207 904 2335 944 suos
2365 902 2462 958 per
2494 887 2841 959 Evangelium
2881 890 3070 963 gignit.
3119 909 3139 943 ι
3190 889 3389 946 Eadem
3428 910 3513 947 re-

1936 977 2118 1044 peries
2148 992 2248 1034 suo
2280 980 2400 1035 loco
2428 980 2566 1048 apud
2592 979 3079 1048 pseudooBasilium
3110 981 3162 1033 in
3180 983 3366 1035 eadem
3390 996 3513 1049 pro-

1936 1069 2111 1138 pheta:
2132 1072 2291 1125 verba
2313 1076 2484 1141 (num.
2501 1070 2616 1139 15),
2633 1069 2802 1124 Filios
2820 1073 2971 1141 genui
2988 1082 3035 1126 et
3060 1073 3310 1127 excitaui.
3326 1071 3514 1128 Moneo

1938 1170 2139 1224 tamen,
2190 1164 2280 1217 ubi
2326 1164 2527 1234 legitur
2552 1161 2605 1215 in
2640 1161 2892 1225 Eusebio,
2928 1164 3232 1236 μαρτυρίαν
3280 1163 3510 1234 ἐλέγχει,

1936 1256 2042 1325 legi
2093 1256 2233 1325 apud
2267 1254 2778 1327 pseudo-Basilium,
2829 1256 3102 1327 ἁμαρτίαν
3126 1257 3360 1329 ἐλέγχει.
3404 1254 3513 1312 Sed

1935 1349 2184 1405 mendum
2204 1364 2323 1406 esse
2348 1351 2584 1406 arbitror
2616 1348 2982 1404 librariorum.
3012 1347 3128 1402 Non
3159 1352 3301 1405 enim
3329 1350 3514 1407 dubito

1933 1441 2063 1511 quin
2099 1440 2383 1509 legendum
2410 1442 2503 1506 sit,
2527 1441 2827 1513 ἁμαρτίαν,
2858 1450 2969 1494 tum
2998 1438 3141 1509 quod
3168 1455 3229 1493 ea
3255 1455 3356 1495 vox
3387 1455 3514 1497 sen-

1937 1530 2162 1586 tentiam
2190 1532 2363 1599 magis
2386 1532 2635 1586 idoneam
2660 1532 2876 1598 efﬁciat,
2897 1541 3006 1586 tum
3037 1533 3178 1602 quod
3198 1531 3512 1601 ProcOpius,

1932 1624 2108 1695 quiet
2156 1624 2271 1693 ipse
2317 1637 2534 1693 quoque
2579 1622 2883 1676 Eusebiana
2933 1624 3131 1693 passim
3178 1623 3512 1693 compilavit,

1933 1718 2217 1785 scripserit
2248 1717 2437 1773 eodem
2479 1715 2660 1779 modo,
2690 1715 2968 1787 ἁμαρτίαν
3010 1714 3242 1784 ἐλέγχει.
3296 1714 3512 1771 Eusebii

1936 1807 2130 1862 iterum
2162 1808 2329 1863 verba
2363 1816 2508 1876 sunt,
2550 1808 2679 1863 illud
2708 1826 2725 1865 :
2760 1803 2957 1860 Eversa
3005 1822 3035 1858 α
3067 1804 3274 1874 populis
3300 1806 3512 1867 alienis,

1940 1897 2073 1949 sicut
2100 1898 2488 1950 tabernaculum
2508 1900 2562 1951 in
2589 1899 2792 1964 uinea',
2814 1907 2947 1964 etc.,
2965 1896 3399 1964 interpretantis:
3418 1895 3515 1959 Είς

1942 1986 2186 2061 φρουρὰν
2234 1987 2344 2041 τῶν
2372 1989 2428 2040 ἐν
2466 1990 2586 2053 ταῖς
2629 1989 2893 2058 ἀμπέλοις
2938 1990 3165 2060 καρπῶν
3213 1991 3268 2043 αἱ
3318 1989 3517 2061 σκηναὶ

1941 2082 2262 2153 πήγνυνται.
2296 2080 2461 2133 Ὅταν
2503 2080 2600 2150 μὲν
2624 2075 2716 2132 οὖν
2738 2078 2938 2149 εὐθηνῇ
2973 2082 3085 2141 τοῖς
3123 2080 3340 2143 οἰκείοις
3376 2098 3513 2153 καρο

1940 2176 2062 2238 ποῖς
2093 2176 2127 2245 ἡ
2180 2172 2457 2245 ἄμπελος,
2500 2170 2860 2234 σπουδάζεται
2891 2172 2925 2242 ἡ
2966 2169 3159 2241 σκηνὴ,
3199 2170 3292 2223 καὶ
3337 2172 3519 2241 πάσης

1940 2264 2187 2330 ἀξιοῦται
2242 2264 2581 2335 ἐπιμελείαςο
2633 2263 2775 2317 ὥστε
2804 2263 2899 2316 ἀπ’
2940 2262 3110 2332 αὐτῆς
3166 2260 3519 2316 κατοπτεύειν

1938 2356 2031 2407 τὸν
2066 2354 2302 2423 φύλακα,
2343 2356 2551 2423 μήποτε
2578 2354 2849 2423 τρυγῶσιν
2879 2354 3047 2423 αὐτὴν
3061 2354 3111 2405 oi
3150 2353 3521 2423 παραπορευό-

1944 2462 2092 2517 μενοι
2120 2444 2218 2517 τὴν
2242 2443 2380 2496 ὀδόν.
2407 2444 2575 2497 Ὅταν
2599 2443 2657 2496 δὲ
2688 2442 2934 2513 ἀκαρπος
2957 2438 3015 2515 ᾗ,
3045 2440 3326 2511 ἀμελεῖται
3350 2443 3520 2510 ἀναγ-

1939 2538 2112 2601 καίως
2154 2536 2252 2607 τῆς
2282 2533 2530 2606 ἀμπέλου
2572 2533 2641 2587 τά
2685 2532 3051 2603 φυλακτήρια.
3090 2531 3189 2585 Διά
3224 2530 3385 2584 τοῦτο
3423 2528 3518 2584 τοῦ

1952 2627 2344 2701 Ἰσραηλιτιχοῦ
2378 2624 2508 2680 λαοῦ
2553 2624 2651 2695 τὴν
2675 2619 3061 2692 ἐγκατάλειψιν
3086 2620 3320 2686 ἀπειλεῖ,
3350 2621 3424 2685 ὡς
3443 2621 3519 2693 μὴ

1942 2718 2415 2790 καρποφοροῦντο(
2433 2716 2504 2769 τά
2524 2715 2900 2769 ἐπιϐάλλοντα.
2918 2714 3246 2786 Φοὸηθῶμεν
3269 2707 3361 2769 οὖν
3378 2708 3519 2768 εἶναι

1940 2809 2199 2880 ἄκαρποι,
2256 2806 2329 2878 μὴ
2373 2805 2890 2879 ἐγκαταλειφθῶμεν
2932 2806 3035 2859 ὑπὸ
3080 2806 3178 2875 τῆς
3215 2804 3384 2875 ὀργῆς
3422 2802 3519 2857 τοῦ

1939 2900 2093 2956 Θεοῦ.
2128 2900 2201 2955 Τὸ
2238 2900 2506 2971 φυλάσσον
2537 2900 2781 2973 ἡμᾶς,τδ
2810 2897 3035 2969 Πνεῦμα
3061 2896 3122 2950 τὸ
3152 2896 3310 2966 ἅγιόν
3349 2898 3515 2951 ἐστιν.

1943 2995 2111 3048 Ὅταν
2131 2990 2335 3065 μὲνοῦν
2379 2995 2703 3065 καρποφορῇ
2732 2993 2767 3061 ή
2804 2989 2949 3061 ψυχὴ
2980 2989 3107 3055 ἀξια
3134 2988 3247 3042 τῶν
3285 2985 3522 3042 αἰωνίων

1941 3086 2253 3155 ἀποθηκῶν,
2290 3085 2596 3155 παραμένει
2648 3083 2746 3135 καὶ
2780 3082 3061 3152 φυλάσσει,
3099 3082 3193 3137 καὶ
3237 3080 3521 3153 πόρρωθεν

1942 3175 2195 3246 ἀπείργει
2221 3174 2321 3237 τὰς
2358 3173 2452 3227 τοῦ
2489 3172 2670 3244 μονιοῦ
2706 3172 2799 3227 τοῦ
2830 3173 3028 3245 ἀγρίου
3054 3171 3365 3236 ἐπιϐουλάς·
3392 3173 3522 3226 ὃταν

1941 3267 1999 3321 δὲ
2029 3265 2305 3339 σταφυλὴν
2342 3264 2502 3336 χολῆς
2528 3268 2768 3337 γεωργῇ,
2800 3265 2894 3317 καὶ
2931 3264 3125 3334 βότρυν
3164 3262 3384 3334 πικρίας
3430 3265 3521 3317 ἐκ·

1942 3358 2103 3432 φέρῃ,
2128 3357 2592 3428 ἐγκαταλιμπάνει
2623 3357 2723 3429 τὴν
2764 3356 3014 3426 ἄκαρπον
3042 3354 3241 3425 ψυχήν
3280 3355 3374 3408 καὶ
3395 3354 3520 3407 τότε

1940 3451 2045 3504 ὑπὸ
2085 3450 2287 3514 παντὸς
2334 3449 2593 3519 λογισμοῦ
2634 3448 2932 3521 θηριώδους
2966 3447 3059 3501 καὶ
3106 3448 3287 3517 πάσης
3325 3445 3521 3515 ἀλόγου

1941 3541 2237 3610 ἐπιθυμίας
2270 3542 2673 3593 καταπεσεῖται.
2701 3538 2973 3609 Πολλαχοῦ
3003 3541 3098 3590 καὶ
3112 3536 3387 3609 τροπικῶς
3416 3538 3526 3607 ἀμ-

1943 3631 2159 3684 πελῶνα
2196 3631 2287 3684 τὸν
2327 3630 2543 3700 Ἰσραὴλ
2592 3631 2621 3681 ὁ
2655 3630 2813 3697 λόγος
2859 3628 3275 3699 προσαγορεύει·
3318 3628 3394 3691 ὡς
3436 3629 3518 3682 τόο

1945 3723 2244 3790 Ἄμπελον
2282 3719 2352 3784 ἐξ
2380 3721 2680 3790 Αίγύπτου
2719 3719 3001 3789 μεττεραςν
3040 3722 3153 3783 καὶ,
3215 3719 3525 3789 Ἀμπελῶν-

1943 3811 2194 3883 ὲγενήθη
2223 3809 2304 3877 τῷ
2340 3810 2721 3882 τἰιγθιιπημένῳ⁸
2749 3812 2863 3877 καὶ,
2940 3812 3086 3881 Ἐγὼ
3122 3811 3189 3865 δὲ
3215 3810 3524 3881 ἐφύτευσά

1942 3920 2017 3959 σε
2039 3903 2312 3973 ἄμπελον
2342 3904 2743 3972 καρποφόρον,
2777 3902 2983 3958 πᾶσαν
3017 3902 3337 3970 ἀληθινήν.
3376 3903 3439 3955 Εί
3465 3902 3523 3955 δέ

1941 3998 1970 4049 ὁ
2018 3995 2234 4066 Ἰσραὴλ
2266 3993 2548 4066 ἀμπελὼν,
2604 3993 2779 4064 σκηνὴ
2814 3993 2915 4062 τῆς
2954 3994 3201 4061 ἀμπέλου
3248 3992 3450 4064 ταύτης
3492 3995 3525 4046 δ

1943 4084 2090 4151 οἶκος
2119 4088 2259 4157 τάχα
2277 4088 2306 4140 ὁ
2325 4086 2435 4139 τοῦ·
2455 4082 2919 4152 ναοῦ.’Σκήνωμα
2943 4083 3051 4154 γὰρ
3081 4083 3265 4154 δόξης
3285 4086 3522 4154 ἐλέγετο,

1948 4176 2046 4230 καὶ
2095 4175 2408 4244 σκήνωμα,
2451 4169 2523 4229 οὗ
2563 4173 3031 4243 κατεσκήνωσεν
3062 4176 3133 4229 ἐν
3167 4175 3521 4243 ἀνθρώποις.

1944 4270 2095 4332 Ἕως
2137 4268 2238 4339 μὲν
2264 4263 2357 4321 οὖν
2388 4268 2477 4320 ὅτε
2506 4266 2680 4319 ἐποίει
2697 4267 2908 4336 καρπὸν
2940 4266 3131 4331 πολὺν,
3162 4267 3258 4317 xui.
3282 4267 3316 4337 η
3351 4265 3525 4338 σκηνή

1944 4360 2036 4415 διά
2056 4360 2156 4431 τὴν
2179 4359 2289 4413 τῶν
2325 4357 2557 4429 καρπῶν
2585 4358 2831 4431 φυλακὴν
2859 4362 3225 4427 συνειστήκει·
3250 4359 3372 4411 ἐπεὶ
3412 4358 3469 4412 δὲ
3495 4362 3525 4412 ὁ

1949 4451 2224 4520 φυτεύσας
2245 4452 2415 4521 αὐτὴν
2437 4450 2617 4521 ἔμεινε
2653 4451 2745 4505 τοῦ
2780 4451 3005 4520 ποιῆσαι
3038 4451 3329 4523 σταφυλὴν,
3346 4453 3527 4523 ἐποίη-

275 4542 589 4610 Exemplum
626 4542 860 4611 primum
896 4555 962 4593 ex
994 4540 1111 4609 ipso
1148 4538 1435 4591 Eusebiani
1467 4538 1839 4592 commentarii

1944 4563 2003 4599 σε
2050 4547 2145 4599 καὶ
2188 4544 2451 4607 ἀκάνθας,
2486 4539 2576 4608 αἷς
2607 4545 2700 4597 τὸν
2748 4543 2956 4614 Κύριον
2990 4544 3390 4613 ἐστεφάνωσαν,
3430 4545 3527 4597 καὶ

273 4634 426 4686 milio
460 4644 658 4700 petam.
699 4629 792 4686 Sic
820 4629 987 4700 igitur
1018 4629 1255 4697 loquitur
1293 4626 1555 4681 Eusebius
1591 4643 1605 4680 :
1640 4625 1841 4680 Σύνθε-

268 4741 360 4787 τος
393 4726 422 4775 ὁ
446 4722 732 4794 ἄνθρωπος
764 4723 828 4775 ἐκ
858 4720 1034 4791 ψυχῆς
1063 4720 1155 4773 καὶ
1195 4718 1463 4788 σώματος’
1492 4720 1526 4789 ὴ
1557 4718 1695 4791 σὰρξ
1739 4719 1848 4773 ἀπὸ

266 4816 367 4886 τῆς
392 4816 517 4885 γῆς,
546 4816 581 4883 ἡ
613 4813 761 4884 ψυχὴ
800 4812 1052 4883 οὐρανία.
1098 4811 1251 4865 Ἐπεὶ
1284 4805 1377 4863 οὖν
1403 4809 1541 4880 πρὸς
1563 4810 1847 4881 ἀμφότερα

266 4905 452 4960 αὐτῶν
476 4906 511 4975 ἡ
530 4904 818 4973 συγγένειά
843 4907 1012 4969 ἐστιν,
1049 4903 1141 4957 ἐπὶ
1166 4902 1274 4955 τῶν
1306 4901 1651 4956 οίκειοτάτων
1683 4900 1847 4955 αὐτοῦ

267 5001 367 5071 τὴν
388 4997 693 5071 μαρτυρίαν
718 4996 947 5066 ἐλέγχει.
974 4995 1143 5061 Υίοὺς
1155 4993 1455 5064 ἐγέννησα
1481 4994 1581 5048 και
1605 4994 1842 5063 ὕψωσα.

268 5092 306 5144 Γ
310 5092 581 5161 εννήσεως
610 5088 727 5161 εἴδη
746 5088 859 5153 δύο,
883 5091 917 5159 η
954 5088 1051 5157 μὲν
1085 5089 1118 5157 ὴ
1152 5087 1293 5141 κατά
1315 5088 1447 5140 Θεὸν
1479 5087 1759 5158 μόρφωσις
1788 5084 1849 5153 ἐξ

268 5181 449 5253 ἔργων
508 5181 604 5232 καὶ
642 5179 954 5250 παραδοχῆς
1002 5178 1286 5247 δογμάτων
1319 5178 1731 5249 ἐπιτελουμένηο
1772 5178 1848 5241 ὠς

268 5273 437 5344 γεννᾷ
481 5270 692 5336 Παῦλος
752 5270 819 5325 δι’
857 5270 1192 5341 Εὐαγγελίου
1245 5271 1369 5334 τοὺς
1444 5270 1689 5341 μαθητὰς
1745 5271 1844 5323 αύ-

268 5362 387 5415 τοῦ.
422 5380 442 5413 ι
477 5361 651 5417 Homo
674 5376 742 5414 es
782 5361 963 5415 anima
999 5372 1054 5415 et
1084 5376 1313 5426 corpore
1342 5362 1668 5416 constitutus
1714 5372 1840 5416 est:

270 5466 400 5504 raro
448 5465 515 5504 ex
572 5461 738 5515 terra,
774 5452 953 5504 anima
994 5451 1232 5506 ctelestis
1274 5451 1509 5507 exsistit.
1546 5454 1684 5520 Quia
1716 5468 1844 5508 vero

270 5558 395 5595 111111
411 5554 647 5611 utroque
668 5558 856 5596 eorum
890 5544 1267 5611 cognationem
1301 5542 1464 5596 habet
1488 5544 1669 5608 homo,
1694 5543 1840 5598 circa

270 5650 335 5688 ca
374 5649 494 5703 qua:
538 5634 637 5704 ipsi
669 5634 904 5688 maxime
942 5634 1160 5705 propria
1202 5642 1351 5699 sunt,
1382 5634 1691 5689 testimonio
1743 5652 1839 5693 suo

344 5814 365 5848 ⁸
392 5815 493 5869 1.1a.
546 5830 662 5880 xm,
707 5814 784 5869 l9.
864 5817 884 5847 ‘
922 5816 1023 5871 isa.
1062 5834 1100 5883 ι,
1134 5817 1188 5871 ‘2.
1268 5818 1455 5872 ’abid.
1506 5817 1561 5872 8.

1946 4633 2191 4705 ἐστράφη
2245 4634 2393 4686 πᾶσα
2444 4634 2524 4697 είς
2555 4632 2801 4704 πικρίαν·
2846 4631 3068 4702 ἐποίησε
3109 4631 3218 4703 γάρ
3252 4630 3527 4701 σταφυλὴν

1948 4727 2111 4799 χολῆς
2134 4727 2229 4779 καὶ
2262 4725 2457 4797 βότρυν
2478 4725 2728 4796 πικρίας.
2755 4724 2846 4777 Διὸ
2876 4724 2971 4777 καὶ⁴
2986 4725 3065 4785 είς
3090 4724 3151 4777 τὸ
3181 4723 3378 4795 βρῶμα
3394 4722 3527 4775 ἑδω-

1948 4837 2050 4873 καν
2100 4818 2179 4890 τῷ
2230 4818 2420 4892 Κυρίῳ
2472 4818 2656 4889 χολήν.
2707 4817 2807 4870 Διά
2852 4814 3011 4869 τοῶο
3062 4813 3457 4887 ἐγκατελείφθη
3490 4817 3523 4885 ἡ

1949 4910 2122 4980 σκηνὴ
2157 4908 2251 4962 τοῦ
2289 4908 2634 4979 ἀμπελῶνος.
2690 4906 2847 4961 Ἰδοὺ
2894 4907 3025 4976 γὰρ,
3076 4907 3263 4977 φησιν,
3292 4905 3527 4975 ἀφίεται

1946 5001 2089 5071 ὑμῖν
2116 5004 2148 5055 ό
2172 4995 2342 5066 ὀἷκος
2371 4999 2539 5065 ὑμῶν
2566 4999 2805 5067 ἕρημος.
2826 4997 2958 5051 Τότε
2979 4994 3273 5068 ἐπληρώθη
3305 4998 3338 5067 η
3371 4996 3528 5049 ἀπειο

1946 5091 2011 5161 λὴ
2049 5090 2211 5161 αῦτη·
2236 5089 2707 5159 ’ἔγ-κατελείφθη
2748 5087 2859 5156 τὰρ
2893 5086 2973 5152 ὡς
3000 5082 3205 5151 σκηνὴ
3236 5082 3307 5136 ἐν
3340 5083 3529 5151 ἀμπε-

1945 5182 2113 5238 λῶνι.
2140 5182 2232 5249 Ἐξ
2258 5182 2469 5235 ἐκείνου
2494 5180 2680 5234 λοιπὸν
2697 5180 2791 5235 καὶ
2817 5182 2935 5243 ταῖς
2954 5178 3206 5248 νεφέλαις
3228 5174 3529 5229 ἐνετείλατο

1944 5273 2039 5327 τοῦ
2071 5272 2147 5343 μὴ
2176 5271 2363 5341 βρέξαι
2399 5272 2493 5324 ἐπὶ
2517 5272 2608 5324 τὸν
2661 5269 2977 5343 ἀμπελῶνα.
3023 5268 3127 5321 Διά
3152 5265 3315 5319 τοῦτο
3340 5264 3525 5318 οὐκέτι

1946 5366 2222 5437 προφῆται
2261 5366 2391 5435 παρ’
2433 5364 2637 5426 αὐτοῖς,
2666 5360 2849 5415 οὐκέτι
2901 5358 3133 5431 οὐρανία
3168 5357 3348 5427 χάρις’
3390 5355 3528 5409 ἀλλά

1948 5457 2171 5527 γέγονεν
2222 5458 2302 5518 είς
2334 5455 2526 5527 χέρσον
2558 5457 2652 5509 καὶ
2694 5452 3092 5521 καταπατημα.
3118 5449 3172 5503 οἴ
3198 5465 3257 5503 τε
3283 5444 3526 5519 φραγμηὶ

1946 5546 2043 5600 τοῦ
2084 5545 2215 5601 ναοῦ
2246 5548 2455 5600 ἐκείνου
2488 5546 2895 5618 καθῃρέθησαν,
2929 5545 2959 5595 ὁ
2983 5539 3398 5614 ὑπερασπισμδς
3419 5537 3527 5592 τῶν

1948 5638 2119 5709 ἁγίων
2146 5639 2446 5711 δυνάμεων,
2485 5639 2586 5695 κάν
2602 5656 2653 5693 τι
2688 5636 3029 5709 ἐργάσωνται
3051 5632 3191 5688 κα.τά
3225 5631 3317 5686 τὸν
3336 5629 3521 5701 νόμον»
