4040 6464
494 645 678 685 mensa
702 630 935 697 quadam
967 628 1224 681 doctrinae
1274 626 1429 693 copia
1467 626 1784 688 instructus,
1834 624 1923 694 qui
1951 636 2062 674 ma-

495 734 656 789 gnam
692 717 981 772 Eusebiani
1022 716 1396 773 commentarii
1439 727 1644 785 partem
1674 729 1740 768 ex
1773 715 1953 769 multis
1974 726 2065 767 ca-

497 810 637 864 tenis
664 809 946 864 collectam
985 808 1128 863 haud
1170 809 1244 861 ita
1289 806 1497 874 pridem
1545 806 1753 862 edidit:
1803 825 1821 857 ι
1855 807 1936 860 Ad
1968 819 2063 858 cu-

494 900 721 955 stodiam
773 900 1043 958 fructuum
1090 900 1144 954 in
1201 899 1376 955 vineis
1434 898 1772 957 nascentium
1830 899 2065 969 figuntur

496 993 746 1049 tentoria.
770 995 905 1049 Cum
935 1007 1063 1063 ergo
1094 993 1246 1047 vinea
1302 994 1539 1063 propriis
1585 990 1853 1044 fructibus
1902 989 2065 1059 probe

498 1085 761 1140 instructa
805 1095 908 1149 est,
949 1086 1095 1140 omni
1124 1099 1255 1153 cura
1288 1094 1344 1140 et
1381 1082 1743 1141 sollicitudine
1777 1084 2064 1138 tentorium

497 1187 777 1242 servatur;
836 1178 909 1232 ita
958 1186 1014 1231 ut
1046 1186 1228 1234 custos
1273 1178 1558 1247 diligenter
1616 1175 1930 1245 prospiciat,
1978 1188 2063 1239 ne,

499 1269 588 1338 qui
626 1271 677 1323 in
712 1270 793 1322 via
829 1280 1176 1337 praztereunt,
1202 1271 1409 1325 fructus
1439 1267 1557 1337 ejus
1580 1268 1891 1336 decerpant.
1933 1266 2065 1320 Cum

496 1370 677 1413 autem
726 1362 880 1414 vinea
939 1361 1272 1418 infruetuosa
1311 1368 1414 1427 est,
1451 1359 1585 1414 illud
1639 1375 1669 1413 a
1710 1358 1951 1423 custode,
2009 1363 2069 1410 ut

496 1459 918 1506 consentaneum
950 1461 1051 1516 est,
1097 1451 1407 1523 negligitur.
1456 1449 2067 1519 Quamobrem‘lsraeli-

499 1540 665 1595 ticum
693 1542 943 1611 populum
972 1541 1286 1596 derelictum
1323 1542 1390 1596 iri
1442 1541 1844 1603 interminatur,
1880 1548 2069 1609 utpote

498 1632 588 1701 qui
628 1640 1045 1686 consentaneum
1074 1630 1309 1686 fructum
1344 1647 1450 1688 non
1476 1632 1711 1688 emittat.
1747 1631 2067 1686 Timendum

499 1722 678 1791 itaque
712 1723 864 1777 nobis
897 1731 999 1787 est,
1028 1737 1096 1777 ne
1128 1724 1449 1780 infructuosi
1481 1725 1672 1789 simus,
1705 1732 1765 1778 ut
1800 1738 1868 1777 ne
1899 1738 1963 1777 ex
1990 1723 2070 1776 ira

498 1810 596 1866 Dei
620 1812 955 1869 deseramur.
974 1811 1205 1885 Spiritus
1235 1824 1453 1869 sanctus
1477 1824 1560 1869 est
1587 1814 1676 1883 qui
1696 1828 1793 1869 nos
1814 1814 2067 1868 custodit.

1848 406 2382 466 PROLEGOMENA.

2164 621 2435 679 πεσεῖται,
2479 633 2496 665 ι
2533 614 2766 679 decidet,
2817 629 2835 662 ι
2868 610 3007 678 apud
3056 602 3544 677 pseudo-Basiliutn
3577 619 3731 669 vero,

2162 710 2586 769 καταπατεῖται,
2624 724 2642 755 ι
2673 703 3038 761 conculcatur.
3082 719 3098 751 I
3154 700 3259 754 Sed
3285 710 3339 754 et
3380 698 3491 751 hau:
3519 707 3735 759 quoque

2163 803 2305 859 inter
2343 800 2683 857 librariorum
2708 806 2889 851 errata
2926 794 3256 849 numeranda
3282 806 3401 846 esse
3426 796 3573 859 puto.
3596 782 3732 836 Nam

2164 894 2209 948 si
2258 894 2329 947 ita
2376 891 2542 946 verba
2587 887 2803 942 Eusebii
2831 885 3126 941 secundum
3154 894 3343 934 eorum
3368 882 3473 935 vim
3496 878 3733 933 nativam

2164 983 2510 1052 interpretari
2542 980 2697 1042 velis,
2745 995 2763 1027 ι
2798 987 2859 1031 ιιι
2889 992 2956 1032 ne
3001 978 3067 1031 ab
3102 973 3183 1028 ira
3217 970 3311 1025 Dei
3340 971 3675 1031 deseratnur,
3708 983 3728 1016 ι

2164 1075 2218 1130 id
2248 1073 2431 1128 nescio
2450 1071 2720 1141 quomodo
2738 1068 2875 1124 male
2902 1078 3077 1121 sonat.
3104 1066 3189 1131 Et,
3216 1064 3357 1134 quod
3393 1063 3609 1131 gravius
3628 1068 3734 1123 est,

2164 1168 2376 1223 videtur
2400 1164 2667 1220 Eusebius
2695 1178 2801 1217 non
2836 1161 2993 1214 aliter
3018 1160 3259 1214 scribere
3280 1155 3735 1222 debuisse,quam

2165 1256 2492 1326 ἐπισκοπῆς,
2540 1264 2600 1309 ιιι
2653 1252 2915 1309 orationis
2971 1258 3154 1319 partes
3209 1247 3422 1318 possint
3486 1245 3628 1298 inter
3677 1259 3740 1299 se

2166 1351 2462 1405 cohaerere.
2516 1344 2735 1399 Dixerat
2781 1344 2925 1398 enim
2976 1338 3127 1410 prius
3203 1338 3407 1392 servari
3463 1333 3737 1389 fructuum

2168 1449 2411 1509 tempore
2448 1435 2740 1491 tentorium
2789 1435 2982 1497 vinem,
3020 1441 3255 1497 tuncque
3297 1431 3572 1484 custodem
3606 1441 3737 1494 pro-

2167 1533 2398 1602 spicere,
2451 1543 2539 1592 ne,
2576 1528 2669 1597 qui
2704 1528 2755 1580 in
2793 1525 2951 1578 vinea
2979 1529 3326 1591 praetereunt,
3376 1520 3587 1575 fructus
3620 1518 3740 1588 ejus

2169 1624 2506 1692 decerpant:
2558 1619 2758 1688 negligi
2812 1630 2943 1670 vero
2992 1614 3161 1667 vinea:
3217 1610 3548 1666 munimenta
3614 1619 3740 1682 post

2170 1713 2533 1772 vendemiam.
2574 1709 2879 1766 Verisimile
2917 1706 3080 1777 igitur
3109 1705 3168 1758 lit
3196 1719 3342 1768 eum,
3382 1702 3426 1755 si
3459 1702 3556 1755 sibi
3608 1719 3742 1756 con-

2172 1817 2315 1863 stare
2330 1804 2517 1867 voluit,
2546 1802 2850 1871 scripsisse,
2869 1799 3278 1869 ἐπισκοπῆς,εο
3311 1795 3515 1850 scilicet
3538 1809 3698 1847 sensu
3723 1810 3738 1845 :

500 1908 633 1962 Cum
663 1908 825 1977 igitur
847 1884 1027 1961 anima
1073 1906 1275 1962 fructus
1305 1917 1639 1963 aeternorum
1684 1906 2065 1973 penuariorum
2099 1884 2145 1944 Β
2175 1895 2634 1966 Quemadmodum
2677 1894 2721 1949 si
2754 1893 2912 1947 Vinea
2961 1892 3293 1947 infructuosa
3338 1898 3440 1953 est.
3478 1902 3583 1941 non
3610 1901 3735 1953 Pro-

500 2002 690 2064 dignos
727 1998 951 2067 profert,
983 2008 1095 2052 tum
1130 2009 1413 2067 permanet
1443 1998 1531 2053 ille
1559 2006 1762 2061 custos,
1795 2006 1850 2052 et
1877 1998 2069 2068 singu-

496 2084 629 2137 laris
658 2084 753 2139 feri
793 2085 1015 2141 insidias
1059 2087 1243 2155 procul
1295 2088 1495 2153 abigit;
1533 2102 1656 2140 cum
1687 2097 1866 2143 autem
1906 2104 2065 2143 uvam

498 2174 644 2232 fellis
666 2186 721 2231 et
752 2176 967 2232 botrum
999 2176 1377 2231 amaritudinis
1403 2177 1633 2246 profert,
1679 2179 2067 2235 infructuosam

499 2271 733 2323 animam
771 2271 857 2324 ille
901 2270 1143 2324 deserit:
1180 2279 1233 2325 et
1270 2279 1399 2325 tunc
1450 2271 1504 2325 in
1556 2274 1808 2342 quemvis
1850 2274 2068 2326 brutum

498 2359 817 2429 cogitatum,
868 2366 922 2413 et
954 2358 1007 2412 in
1054 2361 1300 2428 quamvis
1336 2361 1764 2416 irrationabilem
1810 2363 2071 2431 concupi-

505 2452 770 2505 scentiam
808 2452 1010 2508 decidit
1062 2454 1170 2509 illa.
1212 2454 1535 2521 Plerumque
1584 2468 1746 2524 porro
1793 2452 2070 2523 Scriptura

501 2541 755 2597 lsraelem
786 2544 999 2598 vineam
1051 2545 1255 2613 tr0pice
1293 2552 1600 2613 nuncupat;
1652 2556 1731 2612 ut,
1769 2543 1988 2600 Vineam
2012 2562 2075 2600 ea:

505 2632 736 2705 Αἴθρη)το
762 2636 1079 2689 transtulisti
1107 2637 1159 2700 ⁸;
1192 2645 1245 2691 et
1277 2656 1292 2693 :
1332 2634 1496 2692 Vinea
1525 2640 1666 2707 facta
1695 2650 1770 2694 est
1803 2642 1991 2693 dilecto
2016 2641 2071 2702 ';

505 2738 559 2781 et
591 2744 604 2779 :
635 2726 748 2795 Ego
775 2736 949 2780 autem
973 2728 1206 2798 plantaui
1233 2738 1280 2783 te
1316 2732 1520 2785 vineam
1544 2731 1891 2799 fructuosam,
1912 2740 2074 2782 totam

504 2834 676 2872 veram
706 2818 773 2872 ιο.
809 2816 959 2884 Quod
996 2820 1037 2873 si
1068 2819 1231 2874 Israel
1265 2823 1416 2875 vinea
1449 2822 1631 2884 fuerit,
1666 2820 2075 2875 tabernaculum

501 2924 634 2964 sane
664 2909 778 2977 ejus
814 2912 1004 2966 domus
1057 2912 1237 2982 templi
1280 2914 1386 2966 erit
1427 2930 1441 2967 :
1489 2928 1614 2968 nant
1659 2911 2078 2967 Tabernaculum

506 3001 691 3069 gloria:
732 3002 774 3032 “
806 3003 1037 3067 dicitur;
1071 3014 1127 3058 et
1162 3021 1175 3058 :
1227 3002 1663 3071 Tabernaculum,
1696 3006 1782 3057 ubi
1822 3005 2076 3060 habitavit

504 3092 559 3143 in
608 3092 902 3144 hominibus
956 3094 1019 3147 η.
1076 3093 1259 3148 Donec
1315 3096 1496 3165 itaque
1558 3096 1785 3149 multum
1843 3096 2077 3150 fructum

502 3178 742 3247 protulit,
773 3179 1176 3234 tabernaculum
1203 3184 1267 3236 ad
1312 3183 1584 3237 fructuum
1615 3185 1915 3238 custodiam
1946 3186 2075 3239 sub-
2104 3218 2146 3273 α

506 3273 677 3338 stitit;
709 3274 833 3343 quia
868 3290 998 3359 vero
1038 3272 1128 3345 qui
1180 3275 1443 3346 plantavit
1465 3291 1610 3342 eam,
1642 3276 1980 3345 exspectavit
2018 3284 2077 3331 ut

507 3364 711 3421 faceret
743 3383 925 3431 uvam,
958 3366 1087 3423 fecit
1122 3378 1300 3423 autem
1334 3370 1541 3437 spinas,
1573 3370 1769 3439 quibus
1797 3369 2079 3424 Dominum

510 3462 928 3516 roronaverunt,
983 3463 1089 3507 tota
1124 3470 1380 3509 conversa
1418 3468 1500 3510 est
1533 3458 1585 3511 in
1626 3459 2079 3512 amaritudinem:

506 3540 639 3596 fecit
665 3542 807 3596 enim
840 3557 994 3595 uvam
1029 3542 1171 3598 fellis
1221 3554 1273 3597 et
1318 3546 1534 3598 botrum
1578 3548 1955 3601 amaritudinis
1996 3549 2079 3602 ¹³ι

512 3634 741 3702 ideoque
764 3632 815 3685 in
852 3642 1032 3701 potum
1071 3632 1297 3688 Domino
1346 3632 1417 3687 fel
1449 3634 1745 3700 dederunt;
1778 3650 1839 3688 ea
1865 3652 1995 3690 sane
2018 3638 2084 3690 de

512 3741 676 3780 causa
733 3727 1137 3781 tabernaculum
1187 3728 1309 3782 vita:
1361 3728 1674 3784 derelictum
1726 3732 1881 3783 est':
1935 3744 2081 3795 nam,

515 3816 667 3879 Ecce,
701 3817 889 3884 inquit,
913 3820 1237 3888 relinquetur
1252 3822 1389 3875 vobis
1413 3825 1595 3876 domus
1614 3832 1780 3876 uestra
1797 3823 2000 3876 deserta
2018 3821 2082 3877 “.

508 3905 662 3961 Tunc
696 3922 820 3961 vere
850 3908 1064 3976 impleta
1107 3921 1192 3963 est
1228 3913 1316 3965 illa
1357 3915 1738 3981 comminatio;
1767 3917 1967 3971 etenim
1996 3917 2090 3971 de-

513 4000 699 4054 relicta
750 3999 845 4054 Est
872 4001 1005 4054 sicut
1050 4004 1445 4057 tabernaculum
1476 4008 1533 4059 in
1581 4008 1731 4060 vinea
1778 4009 1841 4059 η.
1884 4008 2092 4064 Exinde

514 4108 646 4147 vero
679 4094 911 4148 nubibus
951 4094 1226 4148 mandavit
1259 4111 1325 4149 nc
1360 4096 1609 4163 pluerent
1650 4112 1812 4166 super
1850 4099 2085 4154 vineam.

511 4181 719 4238 ideirco
751 4199 856 4237 non
888 4183 1025 4237 ultra
1062 4184 1336 4253 propheta:
1377 4201 1542 4255 penes
1599 4186 1719 4241 illos
1776 4198 1923 4252 sunt,
1983 4205 2087 4242 non

516 4274 757 4330 caelestis
784 4276 991 4344 gratia;
1032 4275 1125 4329 sed
1170 4290 1425 4332 conversa
1452 4288 1535 4331 est
1569 4279 1619 4331 in
1669 4280 1877 4333 aridam
1932 4288 1986 4333 et
2034 4280 2086 4332 in

520 4367 983 4422 ronculcationem
1007 4385 1021 4433 ;
1053 4382 1208 4435 sepes
1236 4368 1417 4437 templi
1452 4369 1597 4423 illius
1626 4368 1917 4423 destructa:
1944 4379 2087 4435 sunt,

520 4475 621 4512 nec
671 4475 779 4513 non
830 4470 1139 4515 sanctarum
1172 4462 1431 4515 virtutum
1478 4460 1977 4531 propugnaculum:
2029 4477 2091 4518 ac

2171 1989 2331 2058 spicit
2357 1993 2560 2048 custos.
2591 1982 2685 2037 sed
2710 1997 2829 2037 eam
2858 1982 3033 2052 potius
3057 1980 3257 2035 deserit
3283 1995 3295 2031 :
3331 1981 3403 2033 ita
3433 1978 3736 2032 timendum

2170 2091 2272 2144 est,
2304 2092 2370 2132 ne
2414 2092 2531 2143 nos,
2562 2075 2605 2130 si
2657 2074 2977 2131 infructuosi
3025 2074 3213 2135 simus,
3260 2070 3592 2135 inspectione
3642 2068 3739 2121 Dei

2171 2170 2546 2225 destituamur.
2582 2168 2888 2223 Lectionem
2934 2164 3159 2217 alteram
3197 2160 3408 2215 defendi
3446 2175 3550 2214 non
3580 2174 3745 2225 posse

2173 2260 2427 2315 arbitror.
2462 2258 2614 2326 Quod
2671 2268 2727 2311 ut
2772 2252 3124 2323 intelligatur,
3175 2251 3307 2306 satis
3357 2257 3442 2304 est
3492 2249 3535 2302 si
3574 2249 3744 2301 verba

2172 2349 2390 2404 Eusebii
2434 2350 2784 2408 ascribamus,
2814 2357 2934 2412 qua:
2968 2344 3082 2397 [nec
3106 2352 3231 2397 sunt
3262 2360 3275 2396 :
3312 2342 3421 2395 Kal
3454 2339 3575 2392 τότε
3626 2338 3740 2391 ὑπὸ

2174 2439 2372 2501 παντὸς
2419 2435 2676 2504 λογισμοῦ
2711 2432 3007 2503 Θηριώδους
3040 2433 3135 2487 καὶ
3177 2433 3357 2502 πάσης
3382 2430 3580 2498 ἀλόγου
3630 2430 3751 2480 ὲπι-

2174 2529 2373 2599 Θυμίας
2425 2526 2835 2579 καταπεσεῖται.
2891 2524 3025 2579 Nam
3073 2524 3201 2577 illud
3254 2522 3504 2589 loquendi
3554 2534 3750 2589 genus,

2174 2620 2562 2671 καταπεσεῖται
2611 2617 2717 2671 ὑπὸ
2762 2614 3047 2687 λογισμοῦ,
3072 2632 3090 2663 ‹
3126 2614 3324 2666 incidet
3362 2611 3414 2663 itt
3461 2610 3748 2679 cogitatio-

2176 2726 2320 2774 nem,
2361 2728 2379 2760 ι
2416 2711 2653 2775 ineptum
2688 2722 2807 2762 esse
2828 2717 2882 2760 et
2918 2707 3169 2757 vitiosum
3198 2701 3402 2765 vident,
3434 2710 3493 2754 ut
3527 2701 3747 2767 opinor,

2174 2817 2386 2856 omnes.
2446 2798 2623 2853 Scribi
2678 2797 3029 2865 Oporluisset,
3082 2794 3476 2846 καταπεσεῖται
3528 2793 3609 2853 εἰς
3665 2790 3754 2842 λο-

2175 2894 2393 2965 γισμόν.
2428 2891 2651 2954 Contra,
2680 2904 2894 2954 vocem,
2916 2888 3331 2950 καταπατεῖται,
3362 2885 3487 2939 huic
3515 2884 3635 2937 loco
3655 2896 3757 2949 op-

2181 2988 2308 3041 time
2337 2983 2650 3048 convenire,
2693 2996 2874 3047 nemo,
2924 2982 2968 3036 si
3005 2981 3244 3034 animum
3280 2975 3590 3037 attenderit,
3617 2972 3758 3026 dilli-

2181 3077 2401 3133 tebitur.
2448 3075 2652 3129 Caetera
2703 3086 3111 3142 persequamur.
3166 3068 3318 3133 Quod
3368 3066 3611 3132 sequitur
3642 3063 3759 3116 fra-

2180 3178 2454 3235 gmentum
2510 3165 2674 3217 breve
2730 3163 2946 3229 quidem
2986 3168 3068 3213 est
3111 3176 3125 3210 :
3187 3156 3238 3209 id
3285 3164 3462 3208 tamen
3494 3154 3760 3207 adnotare

2182 3272 2287 3311 non
2325 3255 2549 3324 pigebit.
2586 3253 2849 3306 Eusebius
2888 3250 3017 3303 illud
3053 3264 3065 3301 :
3103 3246 3379 3315 Principes
3404 3246 3483 3299 tui
3518 3261 3620 3299 non
3662 3244 3758 3297 ob-

2180 3356 2463 3417 temperant
2496 3345 2562 3410 ",
2600 3346 2983 3412 interpretans,
3018 3341 3207 3395 'verbis
3247 3339 3355 3394 illis
3379 3340 3597 3392 utitur:
3638 3337 3760 3406 Θεῷ

2181 3440 2515 3505 ἀπειθοῦσιν,
2568 3439 2907 3500 ἐκκλίνοντες
2946 3437 3039 3489 ἀπ’
3074 3432 3261 3496 αὐτοῦ,
3313 3432 3406 3485 καὶ
3435 3434 3548 3494 τοῖς
3579 3431 3760 3483 διατε-

2183 3532 2474 3604 ταγμένοις
2532 3528 2815 3584 ὑπἀὐτοῦ
2867 3526 2941 3597 μὴ
2981 3525 3328 3596 ἐμμένοντες,
3381 3541 3399 3572 ι
3444 3523 3552 3575 Deo
3604 3535 3764 3589 repu—

2184 3632 2370 3694 gnant,
2398 3624 2735 3678 declinantes
2763 3621 2830 3672 ab
2860 3634 2947 3685 eo,
2981 3628 3033 3671 et
3077 3618 3129 3669 in
3174 3614 3463 3683 prmceptis
3491 3614 3610 3679 ejus
3658 3627 3761 3664 non

2187 3722 2491 3767 manentes.
2522 3728 2539 3761 ι
2570 3709 2693 3762 Haec
2720 3709 2785 3760 ad
2813 3706 3034 3759 verbum
3054 3704 3233 3771 legere
3260 3709 3342 3755 est
3364 3699 3502 3768 apud
3528 3697 3764 3767 pseudo-

2188 3804 2446 3861 Basilium
2473 3805 2526 3857 in
2552 3802 2697 3855 hunc
2723 3801 2895 3868 ipsum
2920 3796 3069 3850 Isaia:
3092 3795 3277 3871 locum
3303 3797 3473 3858 (num.
3504 3790 3618 3861 49).
3656 3789 3766 3843 Eu-

2190 3897 2374 3954 sebius
2410 3897 2462 3949 in
2494 3890 2827 3963 explicandis
2856 3889 2963 3944 illis
2994 3904 3009 3942 :
3040 3886 3177 3953 Quid
3202 3902 3288 3939 vos
3328 3884 3527 3952 injuria
3563 3880 3767 3951 efﬁcitis

2190 3990 2438 4060 populum
2496 4002 2666 4039 meum
2699 3984 2763 4047 ‘3,
2802 3992 2931 4045 etc.,
2969 3980 3048 4035 sic
3108 3978 3343 4047 loquitur
3385 3991 3399 4027 :
3442 3974 3601 4037 Ἐθος
3654 3976 3768 4036 τοῖς

2192 4081 2436 4135 ἀδικοῦσι
2468 4079 2562 4131 καὶ
2581 4074 2997 4144 ἀποστεροῦσιν,
3015 4070 3229 4123 ἐπειδὰν
3255 4066 3589 4136 ὲγκαλῶνται
3618 4065 3769 4136 παρὰ

2190 4171 2299 4223 τῶν
2331 4168 2697 4237 ἠδικημένων,
2727 4164 2918 4233 ὕϐρεσι
2948 4162 3043 4215 καὶ¹
3065 4158 3351 4229 λοιδορίαις
3388 4155 3769 4225 καταισχύνειν

2192 4262 2410 4322 αὐτοὺς,
2430 4256 2849 4322 ὲξευτελίζοντες
2879 4254 2973 4304 καὶ
2996 4251 3207 4319 πληγὰς
3235 4247 3602 4310 ἀπειλοῦντες.
3633 4247 3771 4300 Τοῦ-

2194 4368 2255 4403 το
2290 4346 2383 4402 οὖν
2423 4364 2579 4417 φησι,
2614 4345 2711 4414 τὴν
2739 4344 2865 4412 ὑμῖν
2912 4341 3292 4411 προσήκουσαν
3325 4339 3389 4389 ὲκ
3430 4341 3528 4405 τῆς
3557 4337 3772 4397 ἀδικίας

2194 4441 2456 4511 αἰσχύνην
2490 4436 2715 4504 ταύτην,
2742 4434 2805 4485 ἐκ
2830 4432 2926 4500 τῆς
2959 4429 3269 4501 τυραννίδος
3296 4427 3447 4496 ὑμῶν
3485 4430 3593 4489 τοῖς
3628 4443 3775 4479 πτω-

518 4549 729 4604 etiamsi
762 4550 1040 4620 quidpiam
1064 4552 1358 4606 secundum
1390 4520 1561 4622 legem
1580 4520 1775 4624 ὀε-ειη,
1808 4553 1861 4608 id
1900 4553 2004 4607 illis
2038 4554 2080 4607 in

2195 4538 2309 4605 χοϊς
2338 4531 2721 4602 περιτρέπετε.
2763 4545 2781 4578 ι
2821 4526 2936 4579 Mos
2974 4534 3060 4578 est
3093 4524 3157 4576 iis
3203 4525 3295 4588 qui
3338 4520 3588 4589 injuriatn
3636 4520 3771 4573 infe-

470 4646 474 4650 “
520 4640 814 4710 perniciem
863 4643 1048 4696 vertit.
1098 4660 1117 4693 ι
1180 4641 1381 4696 Eodem
1435 4642 1595 4710 plane
1648 4643 1807 4698 modo
1856 4642 2094 4712 loquitur

529 4732 996 4801 pseudo-Basilius
1053 4733 1227 4803 (num.
1260 4733 1352 4793 ΩΟ)
1412 4733 1464 4786 in
1520 4732 1711 4788 iisdem
1760 4733 2098 4801 explicandis

520 4825 670 4881 Isaia:
696 4825 874 4880 verbis
905 4824 971 4878 ¹⁶.
1002 4824 1098 4878 Cui
1130 4835 1330 4889 autem,
1377 4840 1578 4894 quaeso,
1627 4828 1940 4894 persuaderi
2003 4842 2100 4880 un-

514 4932 678 4985 quam
730 4916 924 4986 poterit
966 4926 1245 4971 oratorum
1292 4917 1782 4987 eloquentissimum
1838 4917 2096 4971 Basilium

518 5007 604 5061 vei
638 5007 756 5077 ipso
781 5008 1155 5061 commentarii
1190 5007 1271 5060 sui
1298 5006 1451 5062 initio
1476 5006 1544 5060 ab
1564 5006 1792 5061 Eusebio
1825 5004 2099 5074 fragmen-

523 5110 636 5151 tum
662 5106 872 5151 tantum
892 5098 991 5151 sibi
1022 5098 1678 5167 sumpsisse?Notandum
1702 5098 1920 5151 variare
1949 5110 2097 5150 com-

525 5191 819 5244 mentarios
871 5190 926 5243 in
983 5189 1213 5244 duobus.
1271 5190 1534 5253 Primum,
1590 5191 1733 5259 quod
1795 5189 1989 5256 legitur
2039 5187 2091 5239 in

525 5280 779 5344 Eusebio,
813 5281 905 5353 Μὴ
954 5281 1469 5352 ὲγκαταλειφθῶμεν
1507 5282 1612 5335 om
1649 5284 1746 5353 τῆς
1785 5282 1952 5353 ὀργῆς
1999 5277 2093 5331 τοῦ

523 5371 684 5437 Θεοῦ,
721 5375 787 5427 ad
820 5376 1064 5441 verbum,
1105 5392 1125 5425 ι
1161 5390 1226 5428 ne
1259 5374 1325 5427 ab
1360 5374 1439 5427 ira
1489 5375 1581 5427 Dei
1617 5374 1953 5435 deserumur,
1990 5388 2009 5420 ι
2039 5370 2092 5421 in

527 5462 633 5515 alio
666 5478 794 5518 vero
816 5464 1133 5534 interprete,
1166 5465 1257 5535 Μὴ
1287 5462 1809 5534 ὲγκαταλειφθῶμεν
1849 5460 1954 5513 ὑπὸ
2003 5458 2101 5527 τῆς

528 5552 838 5624 ἐπισκοπῆς
866 5555 962 5609 τοῦ
986 5556 1144 5621 Θεοῦ,
1181 5574 1199 5608 ι
1236 5566 1295 5609 ιιι
1327 5570 1393 5610 ne
1423 5556 1515 5611 Dei
1555 5554 1893 5624 inspectione
1942 5549 2105 5605 desti-

1598 5754 1639 5784 ¹⁰
1670 5751 1778 5806 Jet'.
1822 5766 1875 5809 ll,
1908 5747 1960 5801 Ξ.

1524 5824 1563 5855 ³*
1606 5824 1736 5879 ibid.

1176 5756 1196 5786 ’
1225 5755 1323 5807 lsa.
1361 5770 1413 5809 v.
1452 5754 1498 5806 1.

1117 5826 1160 5857 ³⁸
1187 5825 1292 5880 lsa.
1332 5841 1368 5891 t,
1392 5823 1443 5878 8.

604 5759 626 5789 "
674 5754 810 5810 Psal.
841 5755 1095 5811 t.xux.9.

534 5827 580 5861 “
625 5828 734 5883 Luc
791 5838 911 5891 xut,
941 5823 1027 5880 55.

2040 5748 2077 5777 ³¹
2124 5742 2261 5797 l’sal.
2291 5758 2417 5807 xxv,
2447 5741 2499 5795 8.

1817 5822 1855 5853 ”
1887 5820 2012 5875 ibid.
2039 5816 2130 5874 25.

2201 4630 2349 4683 runt,
2398 4628 2451 4673 et
2502 4617 2796 4685 abripiunt,
2837 4621 2896 4666 ut
2944 4627 3066 4666 cum
3099 4625 3127 4663 a
3159 4609 3303 4663 laesis
3342 4608 3769 4677 expostulantur,

2203 4710 2550 4768 contumeliis
2599 4718 2655 4762 et
2690 4705 2954 4761 conviciis
2982 4704 3127 4771 ipsos
3162 4700 3521 4763 confundant,
3544 4698 3775 4767 vilipen-

2205 4807 2394 4862 dentes
2416 4821 2478 4861 ac
2503 4805 2686 4874 plagas
2709 4801 3124 4857 comminantes.
3161 4796 3274 4852 Hoc
3303 4796 3465 4865 igitur
3495 4796 3569 4849 ait
3596 4811 3609 4847 :
3635 4796 3777 4849 Con-

2209 4910 2491 4971 gruentem
2525 4896 2676 4949 vobis
2715 4909 2779 4947 ex
2812 4893 2956 4946 illata
2987 4890 3179 4959 injuria
3214 4890 3496 4959 pudorem,
3527 4888 3773 4958 tyranni-

2207 5008 2269 5045 ea
2302 4993 2351 5044 vi
2381 4998 2591 5043 utentes
2622 4987 2675 5038 in
2701 4998 2963 5053 pauperes
2986 4983 3322 5037 refunditis.»
3352 4980 3467 5042 Illa,
3494 4978 3653 5031 τοῦτο
3680 4973 3776 5030 οὖν

2207 5100 2361 5152 φησι,
2390 5082 2433 5135 si
2474 5077 2734 5146 excipias,
2783 5084 2977 5128 caetera
3010 5073 3075 5125 ad
3100 5072 3322 5125 verbum
3356 5070 3597 5123 invenies
3635 5065 3774 5134 apud

2204 5170 2701 5245 pseudo~Basilium
2768 5167 2941 5237 (num.
2998 5164 3145 5234 122),
3200 5163 3445 5217 eamdem
3500 5159 3777 5229 prophetae

2200 5265 2527 5321 sententiam
2577 5258 2984 5329 explanantem.
3046 5256 3319 5317 Invenies,
3368 5254 3610 5320 inquam,
3666 5262 3777 5302 non

2205 5357 2553 5411 continenter
2580 5350 2818 5419 quidem,
2838 5349 2931 5403 sed
2956 5347 3134 5401 verbis
3157 5344 3427 5399 nonnullis
3455 5342 3559 5395 inte
3572 5339 3775 5405 rjectis.

2210 5446 2277 5500 Et
2312 5443 2567 5513 quoniam
2600 5440 2764 5494 statui
2798 5439 2932 5493 nihil
2966 5436 3245 5508 prteterire
3278 5448 3488 5495 eorum,
3536 5444 3658 5499 qua:
3688 5445 3775 5483 re-

2212 5537 2387 5608 perire
2418 5543 2627 5601 potero,
2652 5532 2903 5601 adjiciam
2950 5544 3117 5599 pauca
3148 5528 3329 5581 verba.
3366 5522 3582 5578 Eusebii
3618 5521 3779 5590 igitur

2583 5742 2623 5771 ”
2658 5740 2795 5795 Psal.
2826 5753 3029 5801 Lxxvtt,
3075 5736 3160 5792 Gl).
3246 5735 3283 5765 ⁸³
3312 5735 3463 5787 Deut.
3494 5744 3665 5791 xuii,
3690 5725 3778 5780 3'3.

2210 5813 2249 5845 ³⁸
2272 5815 2370 5868 lsa.
2408 5830 2487 5879 ιιι,
2518 5810 2603 5866 15.
