4040 6442
1374 406 1434 462 D.
1474 405 1620 464 JUL.
1660 405 1984 462 GABNEBll
2025 403 2406 463 ΡΒᾸΞΕᾺἸἹΟ.

3316 426 3515 468 CCXXIII

287 524 401 577 hac
421 532 566 585 sunt,
595 521 727 576 illud
759 538 771 573 :
818 520 907 576 Va
948 522 1036 585 iis,
1066 522 1155 591 qui
1186 539 1337 577 mane
1373 535 1590 592 surgunt
1615 526 1680 591 ",
1715 534 1843 591 etc.,

1955 524 2255 588 εὐξασθαυ
2295 522 2391 575 καὶ
2419 522 2491 576 οὐ
2522 522 2607 590 μὴ
2641 520 2930 575 δύνωνται
2969 519 3281 584 ἐξελέσθαι
3310 525 3515 586 αὐτόν,

285 612 635 681 exponentis:
666 612 776 683 Τῆς
797 612 1156 684 άποστολικῆς
1172 613 1369 679 λέξεως
1392 614 1489 685 τὴν
1511 615 1766 688 ἐξήγησιν
1788 616 1849 669 τὸ

286 704 459 774 παρὸν
495 705 653 756 τοῦτο
677 704 840 774 μέρος
862 704 962 775 τῆς
1002 705 1335 777 προφητείας
1367 705 1629 776 πριέχει.
1656 725 1675 758 ι
1710 709 1849 777 Apo-

284 795 457 850 stolici
480 796 606 850 dicti
635 796 1062 865 explanationem
1096 812 1220 867 pars
1250 796 1365 851 hae
1388 798 1681 867 prophetia
1713 813 1843 853 con-

285 885 441 939 tinet.
474 903 493 936 ι
524 884 675 939 Haud
712 886 870 940 aliter
903 885 1239 956 exprimitse
1279 887 1543 954 interpres
1574 887 1731 947 alter,
1756 885 1845 939 ubi

282 973 470 1027 eadem
524 974 799 1043 propheta
838 977 1004 1030 verba
1052 975 1440 1044 interpretatur
1487 979 1655 1047 (num.
1698 974 1842 1046 154).

286 1058 551 1114 Eusebius
594 1061 837 1115 eumdem
885 1064 1038 1117 isaia
1072 1062 1247 1121 locum
1293 1064 1581 1134 explanare
1611 1065 1689 1119 sic
1722 1079 1844 1133 per-

282 1152 360 1216 git
421 1165 435 1203 :
491 1149 808 1217 Τουτέστιν,
877 1154 926 1205 οἱ
981 1153 1107 1223 ἄρτι
1170 1154 1272 1225 τὴν
1330 1155 1394 1206 ἐκ
1456 1154 1553 1224 τῆς
1595 1154 1845 1224 νεότητος

280 1240 467 1294 ἄνοιαν
506 1240 852 1311 ἀποθέμενοι,
898 1246 991 1297 καὶ
1048 1245 1167 1297 ἀντὶ
1214 1244 1371 1314 [adde
1429 1257 1493 1308 ex
1554 1260 1633 1314 ps.
1681 1245 1842 1300 Basil.

281 1330 372 1383 τοῦ
402 1329 511 1401 διὰ]
561 1332 659 1402 τῆς
699 1333 793 1386 τοῦ
826 1333 984 1403 λόγου
1020 1335 1298 1404 δυνάμεως
1334 1334 1564 1398 εὐτόνως
1598 1353 1845 1389 καταπα-

282 1422 453 1476 λαίειν
485 1422 555 1477 τὰ
578 1424 745 1495 πάθη,
767 1426 1194 1496 ἀνατρεπόμενοι
1218 1428 1347 1497 παρ’
1375 1425 1573 1491 αὑτῶν,
1597 1428 1691 1481 καὶ
1733 1423 1844 1480 οἷόν

281 1531 400 1567 τινα
442 1515 614 1586 μέθην
667 1515 737 1568 τά
780 1516 928 1585 πάθη
961 1517 1408 1587 μεταδιώκοντες.
1451 1536 1469 1569 ι
1504 1518 1559 1572 Id
1599 1527 1699 1586 est,
1751 1520 1843 1589 qui

284 1605 521 1658 nonduin
541 1604 841 1673 juventutis
860 1605 1225 1674 insipientiam
1252 1607 1635 1676 deposuerunt,
1661 1619 1712 1664 et
1729 1609 1841 1678 qui,

281 1710 406 1747 cum
460 1694 798 1750 turbulentos
831 1696 1000 1751 animi
1054 1707 1233 1753 motus
1285 1708 1506 1755 strenue
1536 1714 1844 1769 oppugnare

283 1786 563 1848 deberent,
606 1784 675 1837 ab
702 1786 768 1839 iis
791 1797 979 1843 contra
1011 1789 1419 1854 subvertuntur,
1444 1801 1497 1843 et
1528 1805 1624 1844 ceu
1652 1804 1841 1857 quam-

1954 616 2089 683 τάχα
2143 613 2237 667 τὸν
2303 612 2394 666 ἐπὶ
2453 611 2597 665 τέλει
2653 610 2955 680 ἀφανισμὸν
2997 611 3177 681 πάσης
3237 612 3519 666 εἰδωλολα-

1951 704 2158 776 τρείας,
2210 706 2274 757 ἐκ
2304 703 2403 773 τῆς
2446 702 2542 755 τοῦ
2579 700 2750 771 Λόγου
2795 701 3132 770 ἐπιφανείας,
3183 704 3517 773 προφητεύει

1951 799 1980 851 ὁ
2026 796 2271 859 Ἡσαΐας
2327 796 2411 849 ὅτι
2463 795 2682 866 μάταιοι
2734 795 2933 857 πάντες
2977 794 3025 846 οἱ
3091 794 3181 846 ἐπὶ
3231 796 3354 857 ταῖς
3406 810 3517 847 κα-

1950 891 2241 952 τασκευαῖς
2274 886 2380 941 τῶν
2440 886 2586 940 ναῶν
2614 884 2822 957 μόχθοι,
2869 885 2961 938 καὶ
2996 884 3288 954 ἀνωφελεῖς
3319 886 3375 938 αι
3436 888 3518 949 εἰς

1950 981 2020 1035 τὰ
2042 981 2390 1053 χειροποίητα
2443 978 2679 1042 ἐλπίδες.
2727 977 3169 1046 Προσεύξονται
3198 976 3327 1047 γὰρ,
3361 976 3511 1047 φησί’

1952 1071 2049 1124 καὶ
2076 1073 2146 1125 οὐ
2198 1070 2283 1140 μὴ
2329 1069 2621 1123 δύνωνται
2652 1068 2962 1133 ἐξελέσθαι
3009 1070 3211 1122 αὐτόν.
3265 1066 3435 1120 Τοῦτο
3459 1067 3517 1119 δὲ

1953 1161 2049 1217 νῦν
2089 1163 2184 1215 ἐπὶ
2207 1163 2307 1233 τῆς
2344 1160 2581 1233 Χριστοῦ
2617 1160 2910 1232 ἐπιδημίας
2957 1158 3330 1230 πεπλήρωται.
3371 1158 3518 1213 Ἀντὶ

1952 1255 2227 1310 σκοπέλων
2268 1254 2365 1325 μὲν
2412 1252 2523 1325 γὰρ
2573 1254 2865 1323 ἑστήκασιν
2917 1252 2966 1304 oi
3017 1252 3136 1305 ναοὶ
3183 1249 3513 1321 περιϐόητοι.

1952 1346 2145 1398 οὐκέτι
2166 1345 2221 1399 δὲ
2264 1346 2320 1398 αἱ
2374 1344 2483 1397 ἀπὸ
2524 1342 2630 1395 τῶν
2672 1342 2940 1413 δαιμόνων
2985 1342 3208 1396 ἀπάταιο
3248 1340 3516 1410 φυγαδευ⁶

1951 1438 2132 1509 θείσης
2154 1436 2256 1506 τῆς
2284 1435 2668 1506 ἀντικειμένης
2691 1434 2972 1505 δυνάμεως
3005 1433 3093 1487 διά
3121 1432 3184 1485 τὸ
3222 1434 3517 1503 μυστήριον

1950 1529 2043 1583 τοῦ
2090 1527 2322 1600 σταυροῦ
2372 1527 2471 1581 τοῦ
2528 1524 2672 1580 κατά
2709 1528 2887 1579 πᾶσαν
2928 1524 3025 1596 τὴν
3069 1524 3394 1596 οἰκουμένην
3424 1540 3519 1577 κε-

1951 1620 2319 1692 κηρυγμένου.
2354 1639 2373 1671 ι
2408 1620 2547 1687 Quid
2574 1634 2704 1690 ergo
2732 1618 2834 1673 sibi
2886 1615 3004 1671 vult
3031 1615 3180 1682 illud,
3210 1616 3353 1685 quod
3384 1628 3519 1669 sane

1952 1719 2153 1765 temere
2188 1710 2389 1765 dictum
2434 1710 2702 1776 videatur,
2767 1706 2885 1762 Erit
2916 1716 2973 1761 ut
3008 1718 3056 1761 te
3078 1696 3410 1760 revereantur
3434 1705 3520 1760 ⁸⁸7

1950 1800 2093 1867 Ideo,
2121 1802 2317 1879 inquit,
2354 1802 2543 1857 ﬁrmas
2574 1802 2707 1857 mihi
2740 1801 2889 1856 intus
2922 1799 3284 1870 cogitationes
3318 1797 3517 1866 elargi-

284 1875 401 1927 ιΙειιη
430 1872 769 1965 ebrietatem,
802 1876 967 1930 animi
1000 1876 1217 1933 morbos
1252 1886 1549 1932 sectantur.
1584 1895 1603 1928 s
1638 1876 1707 1929 Et
1731 1876 1845 1931 hac
1874 1885 1919 1942 Β
1948 1902 2035 1949 ωε
2063 1908 2151 1961 es;
2188 1873 2262 1949 δίε
2302 1903 2361 1949 ut
2388 1894 2479 1965 qui
2502 1908 2621 1950 sese
2644 1893 2709 1948 ad
2733 1902 2785 1947 ιθ
2821 1891 3042 1946 minime
3064 1896 3414 1951 convenum,
3438 1886 3518 1941 ωί

282 1979 499 2034 quoque
523 1964 772 2035 leguntur
793 1969 861 2023 ad
881 1970 1103 2024 verbum
1137 1970 1191 2023 in
1220 1980 1403 2024 nostro
1435 1968 1843 2024 commentario.

284 2055 416 2110 Tam
452 2058 601 2111 varie
638 2070 833 2115 auctor
855 2071 1039 2118 noster
1068 2063 1301 2130 explicat
1334 2061 1465 2116 illud
1492 2060 1642 2117 Isaia
1668 2063 1844 2131 (num.

1947 1985 2310 2039 reverentiam
2348 1986 2610 2049 habeant;
2646 1985 2717 2038 ob
2739 1988 3052 2052 argumenta
3075 1993 3142 2034 ex
3170 1978 3356 2033 inditis
3382 1977 3517 2032 mihi

1948 2074 2252 2145 pravalidis
2281 2074 2701 2144 cogitationibus
2735 2073 2867 2143 ipsis
2906 2070 3107 2128 oblata.
3142 2068 3306 2124 Deest
3336 2070 3520 2137 itaque

286 2146 408 2215 l60)
443 2165 456 2201 :
495 2146 587 2203 Va
607 2150 697 2217 iis,
721 2152 811 2219 qui
834 2168 987 2205 mane
1012 2162 1253 2222 surgunt,
1276 2160 1409 2217 etc.,
1450 2161 1668 2224 tamque
1702 2168 1845 2222 sape
1947 2166 2101 2231 illud,
2136 2166 2259 2235 ipsi,
2296 2174 2356 2219 ut
2404 2180 2531 2219 sana
2563 2165 2853 2219 verborum
2903 2164 3171 2218 sententia
3212 2162 3470 2216 reddatur
3499 2178 3519 2217 :

295 2235 737 2309 hac'Scriptura
776 2240 938 2294 verba
983 2243 1198 2311 repetit,
1233 2250 1293 2296 ut
1328 2256 1390 2297 ea
1423 2258 1490 2297 ex
1520 2256 1579 2297 re
1617 2241 1701 2295 vel
1736 2240 1849 2296 sola

292 2336 505 2383 constet
531 2328 678 2382 illius
718 2330 1165 2385 commentarium
1197 2330 1335 2385 nihil
1364 2331 1509 2385 aliud
1557 2344 1703 2395 esse,
1741 2328 1849 2383 nisi

278 2419 579 2475 alienorum
608 2419 932 2488 scriptorum
954 2421 1409 2490 compilationem.
1435 2421 1698 2476 Eusebius
1721 2420 1845 2491 illa;

282 2510 421 2575 Quia
454 2508 691 2562 ablatum
723 2519 800 2565 est
814 2511 1002 2583 jugum
1025 2513 1151 2580 ipsis
1174 2514 1476 2578 impositum
1504 2513 1573 2578 '°,
1598 2522 1729 2580 etc.,
1764 2514 1851 2567 in-

282 2607 612 2668 terpretans,
649 2601 867 2670 scripsit
920 2602 1024 2656 hoc
1071 2602 1229 2659 modo
1279 2621 1295 2658 :
1344 2604 1726 2657 Ἀπεσείσαντο
1760 2603 1852 2656 τὸν

282 2687 453 2760 βαρὺν
500 2688 663 2759 ζυγὸν
708 2691 802 2744 τοῦ
843 2695 910 2762 τῇ
958 2692 1169 2764 δουλείᾳ
1209 2693 1308 2762 τῆς
1341 2694 1611 2764 ἁμαρτίας
1657 2692 1852 2756 αὑτοὺς

280 2781 693 2850 ὑποζεύξαντος,
726 2786 821 2837 καὶ
853 2784 1032 2853 ῥάϐδῳ
1060 2786 1149 2836 τὸν
1186 2786 1452 2855 τράχηλον
1482 2785 1659 2838 αὑτῶν
1687 2800 1852 2838 κατα-

282 2875 643 2945 κάμπτοντοςν
683 2876 768 2928 ἵνα
800 2874 861 2927 τὺ
887 2875 1239 2929 ἀποστολικόν
1263 2878 1519 2948 κήρυγμα
1554 2877 1652 2948 τῆς
1676 2878 1853 2949 ψυχῆς

281 2966 732 3030 καταόἀλλοντες,
764 2966 838 3037 μὴ
873 2966 1189 3035 ὑποκύψωσι
1232 2970 1297 3038 τῇ
1322 2967 1532 3039 δουλείᾳ
1552 2970 1648 3040 τῆς
1674 2970 1856 3039 ἀμαρο

281 3059 427 3123 τίσις.
441 3058 649 3115 «Grave
660 3060 843 3131 jugum
858 3060 983 3113 illud
1001 3070 1378 3125 excusserunt.
1395 3063 1630 3132 ejus,qui
1647 3060 1851 3131 peccati

284 3150 531 3207 servituti
560 3165 619 3206 se
655 3150 963 3219 colligabat,
1002 3150 1202 3221 quique
1226 3151 1376 3222 virga
1420 3160 1579 3221 caput
1616 3151 1852 3219 ipsorum

1950 2256 2021 2311 Et
2056 2258 2156 2310 erit
2195 2265 2254 2310 stt
2286 2256 2385 2325 ipsi
2420 2254 2851 2310 reverentiamtui
2876 2254 3119 2309 habeant.
3153 2251 3518 2320 Quemadmo-

1950 2350 2077 2404 dum
2107 2348 2251 2404 enim
2299 2348 2389 2417 qui
2434 2348 2488 2402 in
2529 2346 2687 2402 bellis
2727 2346 2953 2401 adversa
2996 2345 3135 2400 facie
3190 2344 3517 2408 consistunt,

1952 2440 2189 2509 quandiu
2240 2454 2396 2509 aquo
2452 2447 2625 2493 marte
2679 2446 2972 2506 pugnatur,
3021 2451 3128 2491 non
3163 2444 3311 2504 terga
3367 2434 3518 2497 dant,

1952 2546 2127 2600 neque
2156 2531 2344 2600 pedem
2379 2528 2657 2594 referunt;
2681 2544 2804 2583 cum
2828 2537 3006 2583 autem
3032 2527 3201 2582 altera
3245 2541 3369 2596 pars
3384 2538 3523 2592 pra-

1934 2622 2116 2699 ‘valet,
2170 2630 2297 2675 tunc
2322 2620 2497 2691 fugam
2522 2619 2759 2675 faciunt:
2793 2618 2869 2674 ita
2901 2628 2957 2674 et
2976 2618 3156 2673 anima
3182 2616 3525 2688 impudenter

1951 2715 2007 2770 in
2037 2714 2153 2770 acie
2191 2713 2390 2779 stabat,
2432 2727 2531 2768 nec
2568 2710 2959 2775 reverebatur;
3002 2710 3168 2765 verbo
3192 2717 3371 2763 autem
3404 2706 3521 2761 em-

1952 2806 2065 2861 caci
2097 2806 2365 2868 convicta,
2407 2802 2462 2856 in
2488 2801 2743 2869 pudorem
2770 2808 2825 2853 et
2856 2798 3216 2853 reverentiam
3252 2797 3508 2851 vertitur.

1953 2900 2157 2970 thuia
2182 2900 2233 2952 in
2264 2896 2476 2952 occulta
2506 2894 2741 2950 hominis
2762 2902 2920 2963 parte
2948 2896 3064 2947 hac
3090 2891 3376 2946 conversio
3404 2886 3513 2944 επὶ

1953 2988 2386 3060 cunnus-porri],
2419 2987 2533 3042 sive
2563 2984 2812 3041 confusio
2843 2990 3204 3052 nuncupatur.
3242 2978 3370 3033 Ideo
3391 2992 3524 3045 ergo

1952 3090 2141 3136 venter
2162 3078 2397 3142 sonabit,
2424 3088 2481 3133 et
2503 3076 2766 3131 interiora
2797 3073 2950 3143 quasi
2981 3085 3190 3135 murus,
3242 3083 3402 3140 quem
3433 3068 3525 3121 in-

1956 3173 2174 3230 novavit
2197 3173 2337 3228 Deus
2365 3170 2673 3241 propheta;
2703 3173 2761 3220 ut
2788 3172 3083 3226 mutentur,
3115 3170 3168 3215 et
3188 3159 3526 3215 confundan-

284 3238 659 3308 deprimebat;
682 3238 1104 3307 utaposmlicam
1127 3239 1561 3309 pradicationem
1585 3239 1638 3293 in
1675 3239 1851 3293 anima

1958 3275 2063 3331 tur,
2097 3238 2380 3330 Deumque
2396 3238 2747 3313 revereantur
2788 3271 2801 3307 :
2854 3252 3087 3307 antehac
3119 3250 3263 3306 utilis
3301 3247 3526 3319 pudoris

285 3326 595 3391 (undantes.
633 3343 691 3383 se
738 3330 949 3399 peccati
1003 3331 1249 3386 servituti
1298 3344 1401 3386 non
1434 3328 1789 3386 iuﬂecterent.
1831 3349 1851 3383 s

285 3419 489 3473 Eadem
523 3418 704 3491 legere
744 3432 901 3492 potes
930 3424 981 3478 in
1029 3422 1492 3494 pseudo-Basilio,
1542 3424 1632 3478 ubi
1668 3425 1853 3477 eadem

283 3511 563 3579 propheta
586 3513 750 3569 verba
768 3514 1020 3582 explanat
1037 3514 1207 3586 (num.
1228 3514 1376 3585 224).
1394 3512 1526 3569 Illud
1543 3513 1693 3569 Isaia
1712 3534 1725 3568 :
1743 3513 1854 3567 Kal

283 3600 458 3657 Ισται
484 3606 571 3669 εις
591 3604 658 3656 τὸ
677 3606 1045 3672 ἐντραπῆναί
1075 3620 1170 3667 σε,
1226 3607 1306 3658 sic
1338 3606 1724 3672 interpretatur
1747 3604 1856 3659 Eu-

284 3698 467 3750 sebius
496 3714 510 3748 :
558 3697 623 3747 Τί
653 3691 745 3748 οὖν
778 3695 1028 3765 βούλεται
1070 3694 1131 3747 τὸ
1163 3695 1449 3766 τολμηρῶς
1486 3694 1674 3747 δοκοῦν
1709 3696 1858 3767 εἰρῆ-

286 3787 430 3851 σθαι,
460 3786 520 3838 τὸ
555 3787 761 3840 Ἔσται
799 3789 885 3854 εὶς
918 3786 984 3841 τὸ
1021 3785 1387 3856 ἐντραπῆναί
1416 3801 1526 3851 σε;
1566 3786 1663 3840 Διά
1704 3786 1861 3840 τοῦτό

288 3895 400 3947 μοι,
448 3878 634 3948 φησὶν,
681 3880 933 3950 ἰσχυροὺς
982 3879 1222 3949 ἐχαρίσω
1266 3878 1473 3933 ἔνδοθεν
1524 3879 1651 3941 τοὺς
1686 3877 1860 3933 διαλο-

284 3970 539 4040 γισμοὺς,
566 3971 705 4023 ὥστε
738 3972 863 4031 τοὺς
880 3970 975 4022 νῦν
998 3971 1073 4038 μὴ
1102 3970 1527 4038 ἐπιστρέφοντας
1552 3971 1643 4021 ἐπὶ
1666 3970 1746 4028 σὲ,
1775 3971 1859 4019 ἐν-

283 4062 562 4137 τραπῆναί
610 4078 690 4126 σε,
724 4061 813 4114 διὰ
848 4061 957 4113 τῶν
1004 4047 1400 4129 ἐλέγχων’τῶν
1440 4059 1859 4132 προσαγομένων

285 4158 470 4217 αὐτοῖς
493 4157 557 4207 ἐκ
584 4153 684 4223 τῆς
708 4152 816 4205 τῶν
853 4152 1151 4223 δεδομένων
1184 4170 1273 4224 μοι
1297 4153 1569 4223 λογισμῶν
1595 4152 1856 4216 εὐτονίας.

285 4242 584 4304 Λείπειοὺν
606 4246 687 4311 τὸ,
726 4246 969 4313 αὐτοὺς,
1002 4247 1089 4300 ἵνα
1132 4245 1299 4315 ὑγιῶς
1328 4247 1356 4298 ὁ
1381 4246 1503 4308 νοῦς
1534 4246 1643 4299 τῶν
1681 4246 1860 4316 ῥημά-

285 4361 393 4395 των
423 4340 658 4411 ἀποδοθῇ
682 4357 694 4369 '
720 4341 830 4394 Καὶ
858 4340 1029 4393 ἔσται
1054 4344 1142 4404 εὶς
1163 4340 1227 4393 τὸ
1258 4337 1619 4406 ἐντραπῆναι
1643 4340 1862 4403 αὐτούς

284 4452 380 4488 σε.
415 4434 628 4501 Ὠσπερ
674 4432 783 4502 γὰρ
828 4433 875 4483 οἱ
904 4432 962 4483 ἐν
1018 4433 1129 4492 τοῖς
1174 4430 1429 4500 πολέμοις
1461 4428 1861 4496 ἀντιπρόσωποι

286 4523 541 4587 ἑστῶτες,
573 4514 678 4583 ἕως
709 4521 808 4589 μὲν
841 4522 1115 4583 ίσοπαλεῖς
1149 4519 1397 4573 δοκοῦσιν
1446 4516 1607 4581 εἶναι,
1636 4518 1696 4568 οὑ
1734 4516 1861 4585 τρέ-

288 4612 622 4669 ποντα.ιοὺδέ
656 4611 1013 4665 ἐκκλίνουσινο
1046 4612 1266 4666 ἐπειδὰν
1294 4612 1387 4665 καὶ
1415 4612 1658 4684 ὑπερέχῃ
1683 4608 1859 4663 αὑτῶν
1891 4593 1935 4648 D

284 4709 347 4762 τὸ
371 4709 555 4779 ἕτερον
580 4705 761 4777 μέρος,
791 4703 1085 4776 τραπέντες
1114 4705 1421 4772 φεύγουσινο
1442 4702 1585 4755 οὑτω
1608 4699 1863 4772 καὶψυχὴ

289 4800 394 4855 ὑπὸ
419 4798 692 4860 ἀναιδείας
742 4794 1202 4869 παρατεταγμένη
1243 4795 1499 4867 ἕστηκεν,
1537 4795 1638 4850 οὑκ
1681 4796 1864 4864 ἐντρε·

290 4892 505 4963 πομὲνη
534 4907 549 4919 ’
585 4889 909 4958 ἐλεγχθεῖσα
928 4889 985 4942 δὲ
1017 4888 1121 4942 ὑπὸ
1156 4886 1314 4955 λόγου
1341 4887 1749 4956 καθαπτομένου
1766 4885 1862 4938 αὑ-

287 4988 408 5055 τῆς,
440 4984 702 5055 τρέπεται
726 4981 859 5052 πρὸς
891 4981 1172 5052 αἰσχύνην.
1201 4979 1313 5033 Καὶ
1340 4980 1526 5049 ἐπειδὴ
1547 4979 1602 5030 ἐν
1633 4978 1710 5047 τῷ
1738 4994 1864 5048 κρυ-

446 5077 541 5129 τοῦ
568 5073 860 5147 ἀνθρώπου
892 5074 1101 5142 γίνεται
1128 5075 1161 5141 ἠ
1195 5072 1392 5143 τροπὴ,
1419 5070 1651 5141 ἐντροπὴ
1696 5086 1862 5143 προσ-

289 5172 605 5242 ηγόρευται.
646 5168 745 5221 Διά
772 5166 931 5220 τοῦτο
982 5162 1075 5219 οὖν
1100 5167 1133 5235 ή
1162 5165 1339 5218 κοιλία
1384 5165 1598 5235 ἠχήσει,
1641 5166 1734 5217 καὶ
1791 5163 1859 5217 τὰ

289 5263 459 5327 ἐντὸς,
483 5261 617 5315 ὡσεὶ
640 5264 818 5331 τεῖχος
836 5259 866 5313 ὃ
894 5260 1223 5313 ἐνεκαίνισεν
1244 5258 1272 5310 ὁ
1290 5257 1421 5320 Θεὸς
1441 5254 1535 5323 τοῦ
1559 5258 1858 5326 προφήτου,

291 5356 380 5407 ἵνα
412 5353 760 5425 μεταϐάλωσι
789 5352 884 5406 καὶ
915 5352 1243 5422 ἐντραπῶσι,
1268 5348 1361 5402 τοῦ
1389 5348 1646 5403 αἰδεῖσθαι
1668 5350 1859 5422 πρότε-

292 5462 387 5515 ρον
437 5446 539 5497 οὐκ
588 5445 940 5514 ἐπιστάμενοι
989 5442 1085 5513 τὴν
1114 5443 1386 5511 ὠφέλιμον
1438 5442 1717 5512 αἰσχύνην.
1763 5440 1860 5494 Διά

294 5537 479 5607 μέντοι
528 5534 646 5599 τοῦ,
675 5537 793 5588 Ὅτι
822 5534 1107 5588 ἐκοπίασε
1134 5534 1312 5587 Μωὰϐ
1338 5534 1436 5585 ἐπὶ
1468 5533 1588 5599 τοῖς
1614 5534 1858 5603 βωμοῖς,

292 5630 391 5684 καὶ
412 5629 822 5683 εἰσελεύσεται
847 5630 933 5694 εὶς
970 5628 1040 5681 τὰ
1056 5629 1460 5697 χειροποίητα,
1488 5627 1641 5681 ὥστε
1680 5644 1863 5697 προσ-

372 5829 412 5861 ι’
452 5828 549 5883 lsa.
582 5843 631 5894 ν,
668 5828 748 5883 ll.
828 5830 871 5859 ὀ
907 5830 1007 5885 lsa.
1044 5845 1117 5897 Ix,
1155 5829 1185 5883 Δ
1285 5829 1329 5862 ’⁸
1378 5828 1476 5885 isa.
1518 5846 1624 5899 ττι,
1662 5831 1745 5885 1'2.

1957 3356 2147 3427 ignari.
2183 3354 2286 3409 Per
2309 3351 2438 3407 illud
2459 3364 2610 3414 sane,
2651 3348 2790 3414 Quia
2825 3346 3143 3415 defatigatus
3177 3351 3253 3397 est
3285 3340 3442 3396 Moab
3468 3341 3524 3392 in

1956 3445 2229 3511 altaribus,
2248 3452 2295 3498 et
2322 3443 2645 3513 ingredietur
2667 3443 2722 3494 in
2745 3438 3053 3507 manufacta
3076 3437 3144 3489 ad
3173 3434 3451 3497 orandum,
3473 3444 3525 3484 es

1960 3554 2060 3591 non
2099 3543 2341 3607 poterunt
2392 3550 2573 3587 eruere
2620 3532 2770 3585 illum
2796 3570 2810 3593 ,
2846 3530 3075 3582 fortasse
3100 3526 3277 3581 omnis
3305 3521 3528 3577 idolola-

1961 3631 2079 3685 tria
2108 3626 2550 3687 destructionem,
2585 3624 2637 3677 in
2684 3624 2789 3675 line
2820 3636 2885 3675 ex
2919 3620 3152 3675 adventu
3188 3616 3347 3673 Verbi
3382 3615 3525 3669 iutu-

1960 3735 2097 3782 ram,
2129 3715 2455 3771 vaticinatur
2476 3712 2665 3781 lsaias,
2696 3712 2819 3783 quia
2848 3726 3036 3767 omnes
3063 3711 3114 3763 in
3142 3705 3527 3763 construendis

1962 3812 2172 3880 templis
2198 3808 2455 3878 insumpti
2491 3807 2702 3861 labores
2745 3806 2865 3858 vani
2908 3812 3051 3867 sunt,
3081 3801 3526 3867 infructuosaque

1959 3915 2084 3970 spes
2137 3902 2190 3953 in
2227 3896 2553 3953 manufactis
2595 3894 2791 3964 posita.
2826 3892 2987 3957 Nam,
3036 3892 3231 3960 inquit,
3278 3888 3523 3953 orabunt,

1962 4000 2144 4045 etnon
2170 3999 2409 4059 poterunt
2437 4003 2616 4042 eruere
2665 3986 2835 4041 illum.
2875 3984 3141 4038 Caterum
3174 3982 3275 4036 hoc
3310 3978 3420 4047 jam
3469 3980 3523 4033 in

1965 4082 2203 4135 adventu
2253 4079 2457 4135 Christi
2504 4076 2829 4146 completum
2875 4085 3004 4130 est:
3045 4073 3135 4128 illa
3170 4074 3367 4143 quippe
3395 4070 3523 4123 olim

1962 4175 2166 4229 famosa
2201 4173 2393 4241 templa
2443 4185 2541 4240 pro
2571 4168 2806 4239 sc0pulis
2857 4168 3123 4222 habentur
3159 4181 3173 4217 :
3230 4178 3329 4218 nec
3374 4161 3517 4215 ultra

1962 4267 2065 4321 illa
2098 4266 2399 4319 damonum
2443 4261 2672 4315 fallacia
2706 4259 3035 4322 consistunt,
3080 4254 3388 4311 adversaria
3430 4253 3522 4307 illa

1960 4365 2221 4428 potestate
2254 4368 2352 4423 per
2379 4354 2693 4423 mysterium
2730 4350 2905 4405 crucis
2931 4351 2983 4401 in
3016 4358 3128 4401 toto
3155 4348 3287 4402 orbe
3331 4344 3527 4415 pradi-

1963 4459 2138 4505 catum
2161 4446 2215 4500 in
2240 4445 2416 4516 fugam
2441 4459 2617 4501 versa.
2655 4461 2675 4494 »
2708 4441 2775 4496 Ει
2798 4441 2915 4494 hac
2944 4438 3128 4493 videre
3156 4438 3283 4491 licet
3310 4436 3376 4489 ad
3406 4450 3524 4487 vcr-

1962 4542 2087 4597 bum
2119 4540 2172 4593 in
2197 4537 2619 4609 pseudo-Basilio
2644 4535 2820 4603 (num.
2850 4532 2998 4603 5M).

2036 4629 2124 4685 60.
2161 4628 2295 4694 Qua
2326 4629 2584 4681 hactenus
2613 4639 2677 4679 ex
2709 4623 2943 4679 Eusebio
2980 4618 3302 4691 protulimus
3341 4629 3525 4670 exem-

1962 4724 2071 4794 pla,
2096 4722 2203 4776 vim
2239 4717 2528 4774 maximam
2564 4716 2633 4771 ad
2664 4728 3006 4771 communem
3043 4709 3351 4780 opinionem
3374 4720 3524 4761 ever«

1964 4814 2179 4871 tendam
2216 4810 2355 4879 apud
2394 4809 2619 4864 idoneos
2665 4807 3068 4863 existimatores
3101 4800 3349 4855 habitura
3378 4795 3524 4850 arbi-

1962 4920 2077 4963 tror
2105 4924 2118 4960 :
2148 4905 2241 4961 sed
2271 4918 2431 4975 Spero
2465 4902 2603 4965 fore,
2631 4907 2690 4953 ut
2723 4913 2784 4953 ea
2810 4910 2929 4966 qua
2957 4908 3082 4949 mox
3110 4889 3418 4960 subjiciam,
3444 4890 3524 4940 vi-

1960 5003 2187 5056 deantur
2228 4998 2361 5068 ipsis
2391 4996 2545 5066 longe
2574 4990 2797 5060 majoris
2838 4988 3094 5044 momenti
3130 4996 3271 5039 esse.
3309 4980 3524 5035 Etenim

1960 5090 2007 5142 si
2036 5085 2295 5142 credibile
2335 5099 2441 5139 non
2500 5090 2583 5137 est
2616 5079 3026 5137 disertissimum
3061 5082 3330 5128 oratorem
3371 5068 3523 5123 Basi-

1960 5178 2113 5241 liutn,
2149 5190 2272 5230 cum
2298 5175 2490 5230 isaiam
2522 5173 2992 5241 interpretaretur,
3012 5164 3178 5219 multa
3200 5162 3264 5215 ad
3300 5159 3522 5213 verbum

1959 5286 2025 5327 ex
2051 5269 2267 5325 Eusebii
2297 5268 2349 5323 in
2377 5264 2568 5321 lsaiam
2586 5257 2994 5320 commentariis
3014 5256 3138 5311 hinc
3166 5253 3290 5307 inde
3312 5262 3523 5306 mutua-

1964 5371 2075 5414 tum
2104 5373 2258 5425 esse;
2313 5355 2558 5425 profecto
2605 5355 2758 5422 longe
2811 5350 2990 5405 minus
3032 5342 3310 5417 probabile
3355 5341 3520 5396 videri

1963 5451 2145 5514 debet,
2175 5449 2421 5505 eumdem
2448 5446 2687 5518 ejusdem
2723 5444 2778 5499 in
2810 5441 3049 5497 Psatmos
3080 5432 3522 5495 commentarium

1966 5537 2315 5607 compilasse.
2367 5536 2433 5591 Et
2477 5533 2692 5604 quidem
2746 5534 2792 5588 si
2844 5530 2994 5600 prius
3031 5530 3251 5599 egisset,
3298 5527 3524 5581 fortasse

1970 5631 2320 5687 excusatione
2347 5630 2536 5701 dignus
2564 5635 2711 5685 esset
2741 5624 2810 5683 ob
2840 5622 3220 5682 nonnullorum
3246 5618 3519 5688 exempla:
