  <div class='ocr_page' id='page_1' title='image "/cluster/home/n/w/nwhite01/storage/ocr_20150623/29/ien.35556001660547/236.png"; bbox 0 0 4040 6486; ppageno 0'>
   <div class='ocr_carea' id='block_1_1' title="bbox 496 452 687 494">
    <p class='ocr_par' dir='ltr' id='par_1_1' title="bbox 496 452 687 494">
     <span class='ocr_line' id='line_1_1' title="bbox 496 452 687 494; baseline -0.031 0"><span class='ocrx_word' id='word_1_1' title='bbox 496 452 687 494; x_wconf 67' lang='lat' dir='ltr'><strong>CCIX”</strong></span> 
     </span>
    </p>
   </div>
   <div class='ocr_carea' id='block_1_2' title="bbox 1844 446 2371 504">
    <p class='ocr_par' dir='ltr' id='par_1_2' title="bbox 1844 446 2371 504">
     <span class='ocr_line' id='line_1_2' title="bbox 1844 446 2371 504; baseline 0 -3"><span class='ocrx_word' id='word_1_2' title='bbox 1844 446 2371 504; x_wconf 70' lang='lat' dir='ltr'><strong>PROLECOMENA.</strong></span> 
     </span>
    </p>
   </div>
   <div class='ocr_carea' id='block_1_3' title="bbox 495 559 2046 640">
    <p class='ocr_par' dir='ltr' id='par_1_3' title="bbox 495 559 2046 637">
     <span class='ocr_line' id='line_1_3' title="bbox 495 559 2046 637; baseline 0.009 -27"><span class='ocrx_word' id='word_1_3' title='bbox 495 560 588 612; x_wconf 77' lang='lat' dir='ltr'><strong>sed</strong></span> <span class='ocrx_word' id='word_1_4' title='bbox 612 560 656 612; x_wconf 89' lang='lat' dir='ltr'><strong>si</strong></span> <span class='ocrx_word' id='word_1_5' title='bbox 690 559 973 627; x_wconf 80' lang='lat' dir='ltr'><strong>posterius,</strong></span> <span class='ocrx_word' id='word_1_6' title='bbox 1004 560 1219 623; x_wconf 77' lang='lat' dir='ltr'><strong>nullius.</strong></span> <span class='ocrx_word' id='word_1_7' title='bbox 1259 565 1401 634; x_wconf 88' lang='lat' dir='ltr'><strong>quod</strong></span> <span class='ocrx_word' id='word_1_8' title='bbox 1439 567 1688 637; x_wconf 84' lang='lat' dir='ltr'><strong>equidem</strong></span> <span class='ocrx_word' id='word_1_9' title='bbox 1727 570 1915 635; x_wconf 89' lang='lat' dir='ltr'><strong>sciam,</strong></span> <span class='ocrx_word' id='word_1_10' title='bbox 1959 585 2046 626; x_wconf 76' lang='lat' dir='ltr'><strong>es-</strong></span> 
     </span>
    </p>
   </div>
   <div class='ocr_carea' id='block_1_4' title="bbox 2146 559 3723 640">
    <p class='ocr_par' dir='ltr' id='par_1_4' title="bbox 2155 566 3723 640">
     <span class='ocr_line' id='line_1_4' title="bbox 2155 566 3723 640; baseline -0.001 -17"><span class='ocrx_word' id='word_1_11' title='bbox 2155 569 2353 640; x_wconf 81' lang='grc' dir='ltr'><strong>κτανθῇ</strong></span> <span class='ocrx_word' id='word_1_12' title='bbox 2391 571 2451 621; x_wconf 84' lang='grc' dir='ltr'><strong>ἐκ</strong></span> <span class='ocrx_word' id='word_1_13' title='bbox 2500 568 2598 635; x_wconf 83' lang='grc' dir='ltr'><strong>τῆς</strong></span> <span class='ocrx_word' id='word_1_14' title='bbox 2624 567 2798 639; x_wconf 69' lang='grc' dir='ltr'><strong>ψυχῆς</strong></span> <span class='ocrx_word' id='word_1_15' title='bbox 2829 568 2987 621; x_wconf 77' lang='grc' dir='ltr'><strong>οἱονεὶ</strong></span> <span class='ocrx_word' id='word_1_16' title='bbox 3042 568 3181 636; x_wconf 77' lang='grc' dir='ltr'><strong>ξίφει</strong></span> <span class='ocrx_word' id='word_1_17' title='bbox 3218 568 3323 620; x_wconf 73' lang='grc' dir='ltr'><strong>τινὶ</strong></span> <span class='ocrx_word' id='word_1_18' title='bbox 3362 566 3440 637; x_wconf 82' lang='grc' dir='ltr'><strong>τῷ</strong></span> <span class='ocrx_word' id='word_1_19' title='bbox 3474 568 3723 639; x_wconf 75' lang='grc' dir='ltr'><strong>τμητικῷ</strong></span> 
     </span>
    </p>
   </div>
   <div class='ocr_carea' id='block_1_5' title="bbox 495 650 2053 730">
    <p class='ocr_par' dir='ltr' id='par_1_5' title="bbox 495 650 2053 730">
     <span class='ocr_line' id='line_1_5' title="bbox 495 650 2053 730; baseline 0.013 -32"><span class='ocrx_word' id='word_1_20' title='bbox 495 650 730 717; x_wconf 75' lang='lat' dir='ltr'><strong>eznplum</strong></span> <span class='ocrx_word' id='word_1_21' title='bbox 783 664 904 705; x_wconf 88' lang='lat' dir='ltr'><strong>eum</strong></span> <span class='ocrx_word' id='word_1_22' title='bbox 958 664 1263 710; x_wconf 73' lang='lat' dir='ltr'><strong>excusaret.</strong></span> <span class='ocrx_word' id='word_1_23' title='bbox 1321 656 1452 724; x_wconf 82' lang='lat' dir='ltr'><strong>Quis</strong></span> <span class='ocrx_word' id='word_1_24' title='bbox 1492 660 1659 726; x_wconf 90' lang='lat' dir='ltr'><strong>enim,</strong></span> <span class='ocrx_word' id='word_1_25' title='bbox 1711 675 1909 730; x_wconf 69' lang='lat' dir='ltr'><strong>quaeso,</strong></span> <span class='ocrx_word' id='word_1_26' title='bbox 1947 674 2053 717; x_wconf 89' lang='lat' dir='ltr'><strong>tam</strong></span> 
     </span>
    </p>
   </div>
   <div class='ocr_carea' id='block_1_6' title="bbox 497 738 2050 821">
    <p class='ocr_par' dir='ltr' id='par_1_6' title="bbox 497 738 2050 821">
     <span class='ocr_line' id='line_1_6' title="bbox 497 738 2050 821; baseline 0.011 -32"><span class='ocrx_word' id='word_1_27' title='bbox 497 738 816 803; x_wconf 76' lang='lat' dir='ltr'><strong>ineruditus,</strong></span> <span class='ocrx_word' id='word_1_28' title='bbox 854 749 961 793; x_wconf 90' lang='lat' dir='ltr'><strong>tam</strong></span> <span class='ocrx_word' id='word_1_29' title='bbox 1010 743 1184 807; x_wconf 90' lang='lat' dir='ltr'><strong>rudis,</strong></span> <span class='ocrx_word' id='word_1_30' title='bbox 1221 754 1435 816; x_wconf 86' lang='lat' dir='ltr'><strong>tamque</strong></span> <span class='ocrx_word' id='word_1_31' title='bbox 1470 749 1681 805; x_wconf 85' lang='lat' dir='ltr'><strong>dicendi</strong></span> <span class='ocrx_word' id='word_1_32' title='bbox 1729 751 1882 821; x_wconf 83' lang='lat' dir='ltr'><strong>inOps</strong></span> <span class='ocrx_word' id='word_1_33' title='bbox 1931 753 2050 817; x_wconf 90' lang='lat' dir='ltr'><strong>fuit,</strong></span> 
     </span>
    </p>
   </div>
   <div class='ocr_carea' id='block_1_7' title="bbox 497 828 2051 910">
    <p class='ocr_par' dir='ltr' id='par_1_7' title="bbox 497 828 2051 910">
     <span class='ocr_line' id='line_1_7' title="bbox 497 828 2051 910; baseline 0.014 -35"><span class='ocrx_word' id='word_1_34' title='bbox 497 834 556 877; x_wconf 78' lang='lat' dir='ltr'><strong>ut</strong></span> <span class='ocrx_word' id='word_1_35' title='bbox 582 842 703 880; x_wconf 90' lang='lat' dir='ltr'><strong>cum</strong></span> <span class='ocrx_word' id='word_1_36' title='bbox 747 828 896 882; x_wconf 68' lang='lat' dir='ltr'><strong>lsaia:</strong></span> <span class='ocrx_word' id='word_1_37' title='bbox 946 831 1197 886; x_wconf 76' lang='lat' dir='ltr'><strong>vaticinia</strong></span> <span class='ocrx_word' id='word_1_38' title='bbox 1243 836 1576 904; x_wconf 83' lang='lat' dir='ltr'><strong>explanaret,</strong></span> <span class='ocrx_word' id='word_1_39' title='bbox 1622 841 1693 894; x_wconf 90' lang='lat' dir='ltr'><strong>ob</strong></span> <span class='ocrx_word' id='word_1_40' title='bbox 1728 840 2051 910; x_wconf 84' lang='lat' dir='ltr'><strong>imperitiam</strong></span> 
     </span>
    </p>
   </div>
   <div class='ocr_carea' id='block_1_8' title="bbox 493 916 2054 987">
    <p class='ocr_par' dir='ltr' id='par_1_8' title="bbox 493 916 2054 987">
     <span class='ocr_line' id='line_1_8' title="bbox 493 916 2054 987; baseline 0.013 -20"><span class='ocrx_word' id='word_1_41' title='bbox 493 917 561 968; x_wconf 88' lang='lat' dir='ltr'><strong>ad</strong></span> <span class='ocrx_word' id='word_1_42' title='bbox 611 916 829 972; x_wconf 76' lang='lat' dir='ltr'><strong>Eusebii</strong></span> <span class='ocrx_word' id='word_1_43' title='bbox 879 920 932 972; x_wconf 79' lang='lat' dir='ltr'><strong>in</strong></span> <span class='ocrx_word' id='word_1_44' title='bbox 988 919 1232 978; x_wconf 81' lang='lat' dir='ltr'><strong>Psalmos</strong></span> <span class='ocrx_word' id='word_1_45' title='bbox 1276 929 1723 983; x_wconf 76' lang='lat' dir='ltr'><strong>commentarium</strong></span> <span class='ocrx_word' id='word_1_46' title='bbox 1774 946 2054 987; x_wconf 70' lang='lat' dir='ltr'><strong>recurrere</strong></span> 
     </span>
    </p>
   </div>
   <div class='ocr_carea' id='block_1_9' title="bbox 491 1010 2055 1085">
    <p class='ocr_par' dir='ltr' id='par_1_9' title="bbox 491 1010 2055 1085">
     <span class='ocr_line' id='line_1_9' title="bbox 491 1010 2055 1085; baseline 0.012 -26"><span class='ocrx_word' id='word_1_47' title='bbox 491 1015 715 1062; x_wconf 83' lang='lat' dir='ltr'><strong>coactus</strong></span> <span class='ocrx_word' id='word_1_48' title='bbox 746 1010 853 1063; x_wconf 76' lang='lat' dir='ltr'><strong>sit?</strong></span> <span class='ocrx_word' id='word_1_49' title='bbox 878 1010 1030 1076; x_wconf 84' lang='lat' dir='ltr'><strong>Quod</strong></span> <span class='ocrx_word' id='word_1_50' title='bbox 1056 1021 1257 1078; x_wconf 87' lang='lat' dir='ltr'><strong>tamen,</strong></span> <span class='ocrx_word' id='word_1_51' title='bbox 1289 1017 1502 1085; x_wconf 88' lang='lat' dir='ltr'><strong>opinor,</strong></span> <span class='ocrx_word' id='word_1_52' title='bbox 1538 1022 1773 1074; x_wconf 90' lang='lat' dir='ltr'><strong>nondum</strong></span> <span class='ocrx_word' id='word_1_53' title='bbox 1812 1023 2055 1077; x_wconf 90' lang='lat' dir='ltr'><strong>auditum</strong></span> 
     </span>
    </p>
   </div>
   <div class='ocr_carea' id='block_1_10' title="bbox 490 1103 2056 1179">
    <p class='ocr_par' dir='ltr' id='par_1_10' title="bbox 490 1103 2056 1179">
     <span class='ocr_line' id='line_1_10' title="bbox 490 1103 2056 1179; baseline 0.013 -30"><span class='ocrx_word' id='word_1_54' title='bbox 490 1106 593 1162; x_wconf 84' lang='lat' dir='ltr'><strong>est,</strong></span> <span class='ocrx_word' id='word_1_55' title='bbox 628 1113 722 1153; x_wconf 90' lang='lat' dir='ltr'><strong>nec</strong></span> <span class='ocrx_word' id='word_1_56' title='bbox 753 1109 934 1168; x_wconf 88' lang='lat' dir='ltr'><strong>postea</strong></span> <span class='ocrx_word' id='word_1_57' title='bbox 962 1103 1236 1169; x_wconf 83' lang='lat' dir='ltr'><strong>audietur,</strong></span> <span class='ocrx_word' id='word_1_58' title='bbox 1268 1106 1321 1161; x_wconf 89' lang='lat' dir='ltr'><strong>id</strong></span> <span class='ocrx_word' id='word_1_59' title='bbox 1346 1109 1665 1179; x_wconf 83' lang='lat' dir='ltr'><strong>scriptorem</strong></span> <span class='ocrx_word' id='word_1_60' title='bbox 1701 1122 1941 1168; x_wconf 90' lang='lat' dir='ltr'><strong>nostrum</strong></span> <span class='ocrx_word' id='word_1_61' title='bbox 1974 1112 2056 1169; x_wconf 88' lang='lat' dir='ltr'><strong>fe-</strong></span> 
     </span>
    </p>
   </div>
   <div class='ocr_carea' id='block_1_11' title="bbox 490 1190 2057 1276">
    <p class='ocr_par' dir='ltr' id='par_1_11' title="bbox 490 1190 2057 1276">
     <span class='ocr_line' id='line_1_11' title="bbox 490 1190 2057 1276; baseline 0.013 -36"><span class='ocrx_word' id='word_1_62' title='bbox 490 1190 631 1244; x_wconf 83' lang='lat' dir='ltr'><strong>cisse</strong></span> <span class='ocrx_word' id='word_1_63' title='bbox 654 1201 887 1247; x_wconf 90' lang='lat' dir='ltr'><strong>constat.</strong></span> <span class='ocrx_word' id='word_1_64' title='bbox 915 1195 1170 1265; x_wconf 73' lang='lat' dir='ltr'><strong>Exempla</strong></span> <span class='ocrx_word' id='word_1_65' title='bbox 1194 1199 1565 1269; x_wconf 85' lang='lat' dir='ltr'><strong>supponimus.</strong></span> <span class='ocrx_word' id='word_1_66' title='bbox 1593 1203 1855 1260; x_wconf 82' lang='lat' dir='ltr'><strong>Eusebius</strong></span> <span class='ocrx_word' id='word_1_67' title='bbox 1892 1206 2057 1276; x_wconf 81' lang='lat' dir='ltr'><strong>igitur</strong></span> 
     </span>
    </p>
   </div>
   <div class='ocr_carea' id='block_1_12' title="bbox 490 1281 2052 1368">
    <p class='ocr_par' dir='ltr' id='par_1_12' title="bbox 490 1281 2052 1368">
     <span class='ocr_line' id='line_1_12' title="bbox 490 1281 2052 1368; baseline 0.01 -35"><span class='ocrx_word' id='word_1_68' title='bbox 490 1281 543 1333; x_wconf 88' lang='lat' dir='ltr'><strong>in</strong></span> <span class='ocrx_word' id='word_1_69' title='bbox 591 1286 995 1341; x_wconf 89' lang='lat' dir='ltr'><strong>commentariis</strong></span> <span class='ocrx_word' id='word_1_70' title='bbox 1040 1287 1108 1341; x_wconf 91' lang='lat' dir='ltr'><strong>iis</strong></span> <span class='ocrx_word' id='word_1_71' title='bbox 1155 1304 1290 1358; x_wconf 90' lang='lat' dir='ltr'><strong>quos</strong></span> <span class='ocrx_word' id='word_1_72' title='bbox 1336 1292 1392 1345; x_wconf 81' lang='lat' dir='ltr'><strong>in</strong></span> <span class='ocrx_word' id='word_1_73' title='bbox 1444 1291 1680 1348; x_wconf 82' lang='lat' dir='ltr'><strong>Psalmos</strong></span> <span class='ocrx_word' id='word_1_74' title='bbox 1726 1298 2052 1368; x_wconf 83' lang='lat' dir='ltr'><strong>composuit,</strong></span> 
     </span>
    </p>
   </div>
   <div class='ocr_carea' id='block_1_13' title="bbox 489 1373 2053 1456">
    <p class='ocr_par' dir='ltr' id='par_1_13' title="bbox 489 1373 2053 1456">
     <span class='ocr_line' id='line_1_13' title="bbox 489 1373 2053 1456; baseline 0.012 -29"><span class='ocrx_word' id='word_1_75' title='bbox 489 1373 574 1427; x_wconf 86' lang='lat' dir='ltr'><strong>illa</strong></span> <span class='ocrx_word' id='word_1_76' title='bbox 601 1374 756 1429; x_wconf 81' lang='lat' dir='ltr'><strong>:lllic</strong></span> <span class='ocrx_word' id='word_1_77' title='bbox 786 1394 938 1433; x_wconf 84' lang='lat' dir='ltr'><strong>naues</strong></span> <span class='ocrx_word' id='word_1_78' title='bbox 973 1392 1331 1448; x_wconf 81' lang='lat' dir='ltr'><strong>pertranseunt</strong></span> <span class='ocrx_word' id='word_1_79' title='bbox 1358 1386 1425 1456; x_wconf 79' lang='lat'><strong>“,</strong></span> <span class='ocrx_word' id='word_1_80' title='bbox 1470 1386 1781 1456; x_wconf 82' lang='lat' dir='ltr'><strong>explanans,</strong></span> <span class='ocrx_word' id='word_1_81' title='bbox 1807 1390 1886 1445; x_wconf 92' lang='lat' dir='ltr'><strong>sic</strong></span> <span class='ocrx_word' id='word_1_82' title='bbox 1915 1390 2053 1445; x_wconf 87' lang='lat' dir='ltr'><strong>scri-</strong></span> 
     </span>
    </p>
   </div>
   <div class='ocr_carea' id='block_1_14' title="bbox 488 1468 2056 1546">
    <p class='ocr_par' dir='ltr' id='par_1_14' title="bbox 488 1468 2056 1546">
     <span class='ocr_line' id='line_1_14' title="bbox 488 1468 2056 1546; baseline 0.01 -26"><span class='ocrx_word' id='word_1_83' title='bbox 488 1468 638 1535; x_wconf 88' lang='lat' dir='ltr'><strong>psit:</strong></span> <span class='ocrx_word' id='word_1_84' title='bbox 686 1470 796 1522; x_wconf 79' lang='lat' dir='ltr'><strong>Ka‘t</strong></span> <span class='ocrx_word' id='word_1_85' title='bbox 843 1470 986 1525; x_wconf 77' lang='grc' dir='ltr'><strong>ἐστιν</strong></span> <span class='ocrx_word' id='word_1_86' title='bbox 1018 1474 1383 1546; x_wconf 76' lang='grc' dir='ltr'><strong>ἐπαινούμενα</strong></span> <span class='ocrx_word' id='word_1_87' title='bbox 1420 1477 1579 1529; x_wconf 87' lang='grc' dir='ltr'><strong>πλοῖα</strong></span> <span class='ocrx_word' id='word_1_88' title='bbox 1621 1479 1689 1532; x_wconf 75' lang='grc' dir='ltr'><strong>τὰ</strong></span> <span class='ocrx_word' id='word_1_89' title='bbox 1715 1480 2056 1535; x_wconf 75' lang='grc' dir='ltr'><strong>διαϐαίνοντα</strong></span> 
     </span>
    </p>
   </div>
   <div class='ocr_carea' id='block_1_15' title="bbox 484 1560 2056 1642">
    <p class='ocr_par' dir='ltr' id='par_1_15' title="bbox 484 1560 2056 1642">
     <span class='ocr_line' id='line_1_15' title="bbox 484 1560 2056 1642; baseline 0.009 -31"><span class='ocrx_word' id='word_1_90' title='bbox 484 1560 584 1631; x_wconf 83' lang='grc' dir='ltr'><strong>τὴν</strong></span> <span class='ocrx_word' id='word_1_91' title='bbox 628 1560 923 1628; x_wconf 86' lang='grc' dir='ltr'><strong>θάλασσαν,</strong></span> <span class='ocrx_word' id='word_1_92' title='bbox 973 1564 1110 1618; x_wconf 78' lang='grc' dir='ltr'><strong>ἀλλὰ</strong></span> <span class='ocrx_word' id='word_1_93' title='bbox 1148 1566 1223 1637; x_wconf 82' lang='grc' dir='ltr'><strong>μὴ</strong></span> <span class='ocrx_word' id='word_1_94' title='bbox 1272 1569 1674 1638; x_wconf 86' lang='grc' dir='ltr'><strong>ἐναπομένοντα</strong></span> <span class='ocrx_word' id='word_1_95' title='bbox 1717 1572 1877 1641; x_wconf 76' lang='grc' dir='ltr'><strong>αὐτῇ,</strong></span> <span class='ocrx_word' id='word_1_96' title='bbox 1922 1573 2056 1642; x_wconf 80' lang='grc' dir='ltr'><strong>μηδὲ</strong></span> 
     </span>
    </p>
   </div>
   <div class='ocr_carea' id='block_1_16' title="bbox 487 1650 2057 1731">
    <p class='ocr_par' dir='ltr' id='par_1_16' title="bbox 487 1650 2057 1731">
     <span class='ocr_line' id='line_1_16' title="bbox 487 1650 2057 1731; baseline 0.007 -29"><span class='ocrx_word' id='word_1_97' title='bbox 487 1650 1000 1723; x_wconf 76' lang='grc' dir='ltr'><strong>κατασαπτιςόμενα</strong></span> <span class='ocrx_word' id='word_1_98' title='bbox 1046 1657 1161 1718; x_wconf 87' lang='grc' dir='ltr'><strong>τοῖς</strong></span> <span class='ocrx_word' id='word_1_99' title='bbox 1218 1655 1475 1728; x_wconf 80' lang='grc' dir='ltr'><strong>κύμασιν.</strong></span> <span class='ocrx_word' id='word_1_100' title='bbox 1524 1660 1585 1711; x_wconf 87' lang='grc' dir='ltr'><strong>Οί</strong></span> <span class='ocrx_word' id='word_1_101' title='bbox 1629 1658 1737 1728; x_wconf 76' lang='grc' dir='ltr'><strong>γὰρ</strong></span> <span class='ocrx_word' id='word_1_102' title='bbox 1794 1660 1851 1711; x_wconf 87' lang='grc' dir='ltr'><strong>ἐν</strong></span> <span class='ocrx_word' id='word_1_103' title='bbox 1892 1661 2057 1731; x_wconf 62' lang='grc' dir='ltr'><strong>σαρκὶ⁵</strong></span> 
     </span>
    </p>
   </div>
   <div class='ocr_carea' id='block_1_17' title="bbox 483 1741 2053 1821">
    <p class='ocr_par' dir='ltr' id='par_1_17' title="bbox 483 1741 2053 1821">
     <span class='ocr_line' id='line_1_17' title="bbox 483 1741 2053 1821; baseline 0.008 -27"><span class='ocrx_word' id='word_1_104' title='bbox 483 1741 654 1806; x_wconf 75' lang='grc' dir='ltr'><strong>ὄντες,</strong></span> <span class='ocrx_word' id='word_1_105' title='bbox 691 1744 785 1797; x_wconf 79' lang='grc' dir='ltr'><strong>καὶ</strong></span> <span class='ocrx_word' id='word_1_106' title='bbox 848 1746 921 1816; x_wconf 85' lang='grc' dir='ltr'><strong>μὴ</strong></span> <span class='ocrx_word' id='word_1_107' title='bbox 970 1746 1110 1799; x_wconf 86' lang='grc' dir='ltr'><strong>κατά</strong></span> <span class='ocrx_word' id='word_1_108' title='bbox 1163 1748 1337 1818; x_wconf 84' lang='grc' dir='ltr'><strong>σάρκα</strong></span> <span class='ocrx_word' id='word_1_109' title='bbox 1392 1752 1824 1821; x_wconf 76' lang='grc' dir='ltr'><strong>στρατευόμενοι,</strong></span> <span class='ocrx_word' id='word_1_110' title='bbox 1883 1769 2053 1806; x_wconf 89' lang='grc' dir='ltr'><strong>κατα-</strong></span> 
     </span>
    </p>
   </div>
   <div class='ocr_carea' id='block_1_18' title="bbox 485 1832 2053 1913">
    <p class='ocr_par' dir='ltr' id='par_1_18' title="bbox 485 1832 2053 1913">
     <span class='ocr_line' id='line_1_18' title="bbox 485 1832 2053 1913; baseline 0.006 -29"><span class='ocrx_word' id='word_1_111' title='bbox 485 1832 780 1898; x_wconf 80' lang='grc' dir='ltr'><strong>πατοῦντες</strong></span> <span class='ocrx_word' id='word_1_112' title='bbox 806 1835 896 1887; x_wconf 82' lang='grc' dir='ltr'><strong>τὺν</strong></span> <span class='ocrx_word' id='word_1_113' title='bbox 924 1836 1166 1890; x_wconf 84' lang='grc' dir='ltr'><strong>κλύδωνα</strong></span> <span class='ocrx_word' id='word_1_114' title='bbox 1194 1838 1287 1892; x_wconf 91' lang='grc' dir='ltr'><strong>τοῦ</strong></span> <span class='ocrx_word' id='word_1_115' title='bbox 1313 1839 1447 1909; x_wconf 84' lang='grc' dir='ltr'><strong>βίου,</strong></span> <span class='ocrx_word' id='word_1_116' title='bbox 1484 1843 1579 1894; x_wconf 71' lang='grc' dir='ltr'><strong>καὶ</strong></span> <span class='ocrx_word' id='word_1_117' title='bbox 1611 1841 1925 1913; x_wconf 70' lang='grc' dir='ltr'><strong>ὑψηλότεροι</strong></span> <span class='ocrx_word' id='word_1_118' title='bbox 1962 1843 2053 1895; x_wconf 77' lang='grc' dir='ltr'><strong>αύ-</strong></span> 
     </span>
    </p>
   </div>
   <div class='ocr_carea' id='block_1_19' title="bbox 483 1903 2125 1999">
    <p class='ocr_par' dir='ltr' id='par_1_19' title="bbox 483 1903 2125 1999">
     <span class='ocr_line' id='line_1_19' title="bbox 483 1903 2125 1999; baseline 0.008 -26"><span class='ocrx_word' id='word_1_119' title='bbox 483 1920 579 1974; x_wconf 86' lang='grc' dir='ltr'><strong>τοῦ</strong></span> <span class='ocrx_word' id='word_1_120' title='bbox 609 1921 779 1987; x_wconf 75' lang='grc' dir='ltr'><strong>ὄντες,</strong></span> <span class='ocrx_word' id='word_1_121' title='bbox 813 1925 1055 1979; x_wconf 85' lang='grc' dir='ltr'><strong>ποιοῦσιν</strong></span> <span class='ocrx_word' id='word_1_122' title='bbox 1091 1903 1350 1997; x_wconf 64' lang='grc' dir='ltr'><strong>ἐργασίαν</strong></span> <span class='ocrx_word' id='word_1_123' title='bbox 1386 1903 1443 1980; x_wconf 84' lang='grc' dir='ltr'><strong>ὲν</strong></span> <span class='ocrx_word' id='word_1_124' title='bbox 1475 1928 1631 1981; x_wconf 74' lang='grc' dir='ltr'><strong>ὕδασι</strong></span> <span class='ocrx_word' id='word_1_125' title='bbox 1658 1903 1875 1993; x_wconf 68' lang='grc' dir='ltr'><strong>πολλοῖς</strong></span> <span class='ocrx_word' id='word_1_126' title='bbox 1928 1948 2051 1999; x_wconf 88' lang='grc' dir='ltr'><strong>συγ·</strong></span> <span class='ocrx_word' id='word_1_127' title='bbox 2082 1903 2125 1963; x_wconf 74' lang='grc' dir='ltr'><strong><em>Β</em></strong></span> 
     </span>
    </p>
   </div>
   <div class='ocr_carea' id='block_1_20' title="bbox 484 2013 2053 2091">
    <p class='ocr_par' dir='ltr' id='par_1_20' title="bbox 484 2013 2053 2091">
     <span class='ocr_line' id='line_1_20' title="bbox 484 2013 2053 2091; baseline 0.005 -25"><span class='ocrx_word' id='word_1_128' title='bbox 484 2013 899 2079; x_wconf 76' lang='grc' dir='ltr'><strong>καταϐαίνοντες</strong></span> <span class='ocrx_word' id='word_1_129' title='bbox 960 2018 1053 2069; x_wconf 66' lang='grc' dir='ltr'><strong>ἐπὶ⁵</strong></span> <span class='ocrx_word' id='word_1_130' title='bbox 1102 2018 1180 2088; x_wconf 81' lang='grc' dir='ltr'><strong>τῷ</strong></span> <span class='ocrx_word' id='word_1_131' title='bbox 1226 2018 1487 2088; x_wconf 84' lang='grc' dir='ltr'><strong>κερδῆσαί</strong></span> <span class='ocrx_word' id='word_1_132' title='bbox 1530 2035 1683 2083; x_wconf 85' lang='grc' dir='ltr'><strong>τινας</strong></span> <span class='ocrx_word' id='word_1_133' title='bbox 1741 2020 1849 2073; x_wconf 87' lang='grc' dir='ltr'><strong>τῶν</strong></span> <span class='ocrx_word' id='word_1_134' title='bbox 1895 2020 2053 2091; x_wconf 75' lang='grc' dir='ltr'><strong>βεϐυ-</strong></span> 
     </span>
    </p>
   </div>
   <div class='ocr_carea' id='block_1_21' title="bbox 484 2105 2050 2181">
    <p class='ocr_par' dir='ltr' id='par_1_21' title="bbox 484 2105 2050 2181">
     <span class='ocr_line' id='line_1_21' title="bbox 484 2105 2050 2181; baseline 0.006 -24"><span class='ocrx_word' id='word_1_135' title='bbox 484 2105 775 2176; x_wconf 71' lang='grc' dir='ltr'><strong>θισμένων.</strong></span> <span class='ocrx_word' id='word_1_136' title='bbox 811 2126 830 2159; x_wconf 73' lang='grc' dir='ltr'><strong>ι</strong></span> <span class='ocrx_word' id='word_1_137' title='bbox 860 2107 1171 2163; x_wconf 85' lang='lat' dir='ltr'><strong>Laudantur</strong></span> <span class='ocrx_word' id='word_1_138' title='bbox 1198 2122 1360 2178; x_wconf 87' lang='lat' dir='ltr'><strong>porro</strong></span> <span class='ocrx_word' id='word_1_139' title='bbox 1398 2124 1560 2164; x_wconf 84' lang='lat' dir='ltr'><strong>naves</strong></span> <span class='ocrx_word' id='word_1_140' title='bbox 1600 2125 1720 2180; x_wconf 67' lang='lat' dir='ltr'><strong>qua:</strong></span> <span class='ocrx_word' id='word_1_141' title='bbox 1751 2126 1900 2165; x_wconf 89' lang='lat' dir='ltr'><strong>mare</strong></span> <span class='ocrx_word' id='word_1_142' title='bbox 1922 2127 2050 2181; x_wconf 89' lang='lat' dir='ltr'><strong>per-</strong></span> 
     </span>
    </p>
   </div>
   <div class='ocr_carea' id='block_1_22' title="bbox 490 2200 2050 2273">
    <p class='ocr_par' dir='ltr' id='par_1_22' title="bbox 490 2200 2050 2273">
     <span class='ocr_line' id='line_1_22' title="bbox 490 2200 2050 2273; baseline 0.006 -24"><span class='ocrx_word' id='word_1_143' title='bbox 490 2209 793 2262; x_wconf 85' lang='lat' dir='ltr'><strong>transeunt,</strong></span> <span class='ocrx_word' id='word_1_144' title='bbox 826 2214 933 2254; x_wconf 90' lang='lat' dir='ltr'><strong>non</strong></span> <span class='ocrx_word' id='word_1_145' title='bbox 991 2214 1119 2255; x_wconf 80' lang='lat' dir='ltr'><strong>vero</strong></span> <span class='ocrx_word' id='word_1_146' title='bbox 1152 2216 1271 2271; x_wconf 75' lang='lat' dir='ltr'><strong>qua:</strong></span> <span class='ocrx_word' id='word_1_147' title='bbox 1301 2200 1374 2255; x_wconf 89' lang='lat' dir='ltr'><strong>ibi</strong></span> <span class='ocrx_word' id='word_1_148' title='bbox 1412 2211 1751 2269; x_wconf 84' lang='lat' dir='ltr'><strong>permanent,</strong></span> <span class='ocrx_word' id='word_1_149' title='bbox 1796 2204 1880 2257; x_wconf 87' lang='lat' dir='ltr'><strong>vel</strong></span> <span class='ocrx_word' id='word_1_150' title='bbox 1930 2220 2050 2273; x_wconf 64' lang='lat' dir='ltr'><strong>quia</strong></span> 
     </span>
    </p>
   </div>
   <div class='ocr_carea' id='block_1_23' title="bbox 482 2288 2049 2362">
    <p class='ocr_par' dir='ltr' id='par_1_23' title="bbox 482 2288 2049 2362">
     <span class='ocr_line' id='line_1_23' title="bbox 482 2288 2049 2362; baseline 0.006 -20"><span class='ocrx_word' id='word_1_151' title='bbox 482 2288 735 2346; x_wconf 84' lang='lat' dir='ltr'><strong>fluctibus</strong></span> <span class='ocrx_word' id='word_1_152' title='bbox 759 2292 1164 2362; x_wconf 76' lang='lat' dir='ltr'><strong>demerguntur.</strong></span> <span class='ocrx_word' id='word_1_153' title='bbox 1203 2292 1339 2347; x_wconf 87' lang='lat' dir='ltr'><strong>Nam</strong></span> <span class='ocrx_word' id='word_1_154' title='bbox 1378 2296 1467 2362; x_wconf 87' lang='lat' dir='ltr'><strong>qui</strong></span> <span class='ocrx_word' id='word_1_155' title='bbox 1495 2295 1545 2347; x_wconf 92' lang='lat' dir='ltr'><strong>in</strong></span> <span class='ocrx_word' id='word_1_156' title='bbox 1581 2309 1744 2350; x_wconf 90' lang='lat' dir='ltr'><strong>carne</strong></span> <span class='ocrx_word' id='word_1_157' title='bbox 1775 2304 1918 2361; x_wconf 93' lang='lat' dir='ltr'><strong>sunt,</strong></span> <span class='ocrx_word' id='word_1_158' title='bbox 1949 2312 2049 2351; x_wconf 90' lang='lat' dir='ltr'><strong>nec</strong></span> 
     </span>
    </p>
   </div>
   <div class='ocr_carea' id='block_1_24' title="bbox 480 2382 2047 2454">
    <p class='ocr_par' dir='ltr' id='par_1_24' title="bbox 480 2382 2047 2454">
     <span class='ocr_line' id='line_1_24' title="bbox 480 2382 2047 2454; baseline 0.004 -18"><span class='ocrx_word' id='word_1_159' title='bbox 480 2382 779 2437; x_wconf 88' lang='lat' dir='ltr'><strong>secundum</strong></span> <span class='ocrx_word' id='word_1_160' title='bbox 809 2398 1028 2438; x_wconf 85' lang='lat' dir='ltr'><strong>carnem</strong></span> <span class='ocrx_word' id='word_1_161' title='bbox 1063 2383 1318 2447; x_wconf 88' lang='lat' dir='ltr'><strong>militant,</strong></span> <span class='ocrx_word' id='word_1_162' title='bbox 1354 2385 1478 2439; x_wconf 77' lang='lat' dir='ltr'><strong>vita:</strong></span> <span class='ocrx_word' id='word_1_163' title='bbox 1505 2383 1722 2439; x_wconf 79' lang='lat' dir='ltr'><strong>fluctum</strong></span> <span class='ocrx_word' id='word_1_164' title='bbox 1757 2388 2047 2454; x_wconf 84' lang='lat' dir='ltr'><strong>calcantes,</strong></span> 
     </span>
    </p>
   </div>
   <div class='ocr_carea' id='block_1_25' title="bbox 479 2475 2049 2549">
    <p class='ocr_par' dir='ltr' id='par_1_25' title="bbox 479 2475 2049 2549">
     <span class='ocr_line' id='line_1_25' title="bbox 479 2475 2049 2549; baseline 0.005 -21"><span class='ocrx_word' id='word_1_165' title='bbox 479 2489 656 2544; x_wconf 89' lang='lat' dir='ltr'><strong>eoque</strong></span> <span class='ocrx_word' id='word_1_166' title='bbox 703 2477 1045 2547; x_wconf 86' lang='lat' dir='ltr'><strong>superiores,</strong></span> <span class='ocrx_word' id='word_1_167' title='bbox 1112 2475 1315 2531; x_wconf 88' lang='lat' dir='ltr'><strong>faciunt</strong></span> <span class='ocrx_word' id='word_1_168' title='bbox 1366 2478 1736 2546; x_wconf 88' lang='lat' dir='ltr'><strong>operationem</strong></span> <span class='ocrx_word' id='word_1_169' title='bbox 1790 2479 1842 2532; x_wconf 91' lang='lat' dir='ltr'><strong>in</strong></span> <span class='ocrx_word' id='word_1_170' title='bbox 1895 2482 2049 2549; x_wconf 88' lang='lat' dir='ltr'><strong>aquis</strong></span> 
     </span>
    </p>
   </div>
   <div class='ocr_carea' id='block_1_26' title="bbox 480 2572 2050 2642">
    <p class='ocr_par' dir='ltr' id='par_1_26' title="bbox 480 2572 2050 2642">
     <span class='ocr_line' id='line_1_26' title="bbox 480 2572 2050 2642; baseline 0.001 -17"><span class='ocrx_word' id='word_1_171' title='bbox 480 2572 686 2638; x_wconf 88' lang='lat' dir='ltr'><strong>multis,</strong></span> <span class='ocrx_word' id='word_1_172' title='bbox 716 2586 780 2627; x_wconf 84' lang='lat' dir='ltr'><strong>ac</strong></span> <span class='ocrx_word' id='word_1_173' title='bbox 808 2573 1159 2638; x_wconf 89' lang='lat' dir='ltr'><strong>descendunt,</strong></span> <span class='ocrx_word' id='word_1_174' title='bbox 1192 2578 1251 2627; x_wconf 88' lang='lat' dir='ltr'><strong>ut</strong></span> <span class='ocrx_word' id='word_1_175' title='bbox 1295 2587 1362 2626; x_wconf 81' lang='lat' dir='ltr'><strong>ex</strong></span> <span class='ocrx_word' id='word_1_176' title='bbox 1403 2572 1668 2628; x_wconf 85' lang='lat' dir='ltr'><strong>demersis</strong></span> <span class='ocrx_word' id='word_1_177' title='bbox 1710 2572 1917 2642; x_wconf 84' lang='lat' dir='ltr'><strong>aliquos</strong></span> <span class='ocrx_word' id='word_1_178' title='bbox 1953 2572 2050 2627; x_wconf 90' lang='lat' dir='ltr'><strong>lu-</strong></span> 
     </span>
    </p>
   </div>
   <div class='ocr_carea' id='block_1_27' title="bbox 478 2660 2050 2731">
    <p class='ocr_par' dir='ltr' id='par_1_27' title="bbox 478 2660 2050 2731">
     <span class='ocr_line' id='line_1_27' title="bbox 478 2660 2050 2731; baseline 0.002 -16"><span class='ocrx_word' id='word_1_179' title='bbox 478 2672 718 2716; x_wconf 86' lang='lat' dir='ltr'><strong>crentur.</strong></span> <span class='ocrx_word' id='word_1_180' title='bbox 757 2680 778 2714; x_wconf 76' lang='grc' dir='ltr'><strong>ι</strong></span> <span class='ocrx_word' id='word_1_181' title='bbox 813 2661 935 2717; x_wconf 56' lang='lat' dir='ltr'><strong>Haec</strong></span> <span class='ocrx_word' id='word_1_182' title='bbox 966 2662 1019 2716; x_wconf 90' lang='lat' dir='ltr'><strong>in</strong></span> <span class='ocrx_word' id='word_1_183' title='bbox 1044 2660 1461 2731; x_wconf 87' lang='lat' dir='ltr'><strong>pseudo-Basilii</strong></span> <span class='ocrx_word' id='word_1_184' title='bbox 1494 2664 1899 2716; x_wconf 87' lang='lat' dir='ltr'><strong>commentariis</strong></span> <span class='ocrx_word' id='word_1_185' title='bbox 1948 2662 2050 2718; x_wconf 89' lang='lat' dir='ltr'><strong>hoc</strong></span> 
     </span>
    </p>
   </div>
   <div class='ocr_carea' id='block_1_28' title="bbox 476 2754 2049 2827">
    <p class='ocr_par' dir='ltr' id='par_1_28' title="bbox 476 2754 2049 2827">
     <span class='ocr_line' id='line_1_28' title="bbox 476 2754 2049 2827; baseline 0.004 -19"><span class='ocrx_word' id='word_1_186' title='bbox 476 2756 593 2821; x_wconf 90' lang='lat' dir='ltr'><strong>ipso</strong></span> <span class='ocrx_word' id='word_1_187' title='bbox 610 2756 661 2810; x_wconf 94' lang='lat' dir='ltr'><strong>in</strong></span> <span class='ocrx_word' id='word_1_188' title='bbox 682 2754 951 2810; x_wconf 90' lang='lat' dir='ltr'><strong>volumine</strong></span> <span class='ocrx_word' id='word_1_189' title='bbox 966 2756 1125 2810; x_wconf 87' lang='lat' dir='ltr'><strong>editis</strong></span> <span class='ocrx_word' id='word_1_190' title='bbox 1138 2755 1397 2822; x_wconf 89' lang='lat' dir='ltr'><strong>invenies,</strong></span> <span class='ocrx_word' id='word_1_191' title='bbox 1414 2756 1457 2809; x_wconf 89' lang='lat' dir='ltr'><strong>si</strong></span> <span class='ocrx_word' id='word_1_192' title='bbox 1479 2755 1621 2823; x_wconf 91' lang='lat' dir='ltr'><strong>legas</strong></span> <span class='ocrx_word' id='word_1_193' title='bbox 1637 2773 1755 2827; x_wconf 68' lang='lat' dir='ltr'><strong>qua:</strong></span> <span class='ocrx_word' id='word_1_194' title='bbox 1772 2760 1912 2813; x_wconf 89' lang='lat' dir='ltr'><strong>dicta</strong></span> <span class='ocrx_word' id='word_1_195' title='bbox 1926 2768 2049 2814; x_wconf 90' lang='lat' dir='ltr'><strong>sunt</strong></span> 
     </span>
    </p>
   </div>
   <div class='ocr_carea' id='block_1_29' title="bbox 475 2844 2045 2915">
    <p class='ocr_par' dir='ltr' id='par_1_29' title="bbox 475 2844 2045 2915">
     <span class='ocr_line' id='line_1_29' title="bbox 475 2844 2045 2915; baseline 0.003 -14"><span class='ocrx_word' id='word_1_196' title='bbox 475 2847 531 2901; x_wconf 89' lang='lat' dir='ltr'><strong>in</strong></span> <span class='ocrx_word' id='word_1_197' title='bbox 561 2847 687 2901; x_wconf 90' lang='lat' dir='ltr'><strong>illud</strong></span> <span class='ocrx_word' id='word_1_198' title='bbox 726 2847 897 2915; x_wconf 89' lang='lat' dir='ltr'><strong>(num.</strong></span> <span class='ocrx_word' id='word_1_199' title='bbox 929 2846 1020 2915; x_wconf 73' lang='lat'><strong>93)</strong></span> <span class='ocrx_word' id='word_1_200' title='bbox 1047 2866 1058 2901; x_wconf 92' lang='lat'>:</span> <span class='ocrx_word' id='word_1_201' title='bbox 1085 2844 1149 2899; x_wconf 81' lang='lat' dir='ltr'><strong>Et</strong></span> <span class='ocrx_word' id='word_1_202' title='bbox 1171 2861 1327 2915; x_wconf 87' lang='lat' dir='ltr'><strong>super</strong></span> <span class='ocrx_word' id='word_1_203' title='bbox 1358 2863 1561 2901; x_wconf 86' lang='lat' dir='ltr'><strong>omnem</strong></span> <span class='ocrx_word' id='word_1_204' title='bbox 1582 2866 1759 2905; x_wconf 80' lang='lat' dir='ltr'><strong>navem</strong></span> <span class='ocrx_word' id='word_1_205' title='bbox 1799 2853 1962 2905; x_wconf 80' lang='lat' dir='ltr'><strong>maris</strong></span> <span class='ocrx_word' id='word_1_206' title='bbox 1979 2852 2045 2911; x_wconf 80' lang='lat'><strong>&quot;.</strong></span> 
     </span>
    </p>
   </div>
   <div class='ocr_carea' id='block_1_30' title="bbox 478 2936 2048 3007">
    <p class='ocr_par' dir='ltr' id='par_1_30' title="bbox 478 2936 2048 3007">
     <span class='ocr_line' id='line_1_30' title="bbox 478 2936 2048 3007; baseline 0.002 -12"><span class='ocrx_word' id='word_1_207' title='bbox 478 2939 741 2995; x_wconf 80' lang='lat' dir='ltr'><strong>Eusebius</strong></span> <span class='ocrx_word' id='word_1_208' title='bbox 760 2953 947 2995; x_wconf 83' lang='lat' dir='ltr'><strong>rursus</strong></span> <span class='ocrx_word' id='word_1_209' title='bbox 969 2938 1061 2993; x_wconf 88' lang='lat' dir='ltr'><strong>illa</strong></span> <span class='ocrx_word' id='word_1_210' title='bbox 1087 2954 1101 2992; x_wconf 91' lang='lat'><strong>:</strong></span> <span class='ocrx_word' id='word_1_211' title='bbox 1126 2936 1191 2993; x_wconf 85' lang='lat' dir='ltr'><strong>In</strong></span> <span class='ocrx_word' id='word_1_212' title='bbox 1209 2941 1465 2993; x_wconf 84' lang='lat' dir='ltr'><strong>matutino</strong></span> <span class='ocrx_word' id='word_1_213' title='bbox 1487 2940 1857 3007; x_wconf 82' lang='lat' dir='ltr'><strong>interﬁciebam</strong></span> <span class='ocrx_word' id='word_1_214' title='bbox 1874 2959 2048 2998; x_wconf 82' lang='lat' dir='ltr'><strong>omnes</strong></span> 
     </span>
    </p>
   </div>
   <div class='ocr_carea' id='block_1_31' title="bbox 472 3030 2047 3101">
    <p class='ocr_par' dir='ltr' id='par_1_31' title="bbox 472 3030 2047 3101">
     <span class='ocr_line' id='line_1_31' title="bbox 472 3030 2047 3101; baseline 0.003 -17"><span class='ocrx_word' id='word_1_215' title='bbox 472 3040 767 3097; x_wconf 77' lang='lat' dir='ltr'><strong>peccatores</strong></span> <span class='ocrx_word' id='word_1_216' title='bbox 826 3040 981 3085; x_wconf 68' lang='lat' dir='ltr'><strong>terra</strong></span> <span class='ocrx_word' id='word_1_217' title='bbox 1028 3030 1109 3095; x_wconf 75' lang='lat'><strong>&quot;,</strong></span> <span class='ocrx_word' id='word_1_218' title='bbox 1185 3030 1550 3098; x_wconf 87' lang='lat' dir='ltr'><strong>interpretans</strong></span> <span class='ocrx_word' id='word_1_219' title='bbox 1607 3032 1688 3085; x_wconf 87' lang='lat' dir='ltr'><strong>sic</strong></span> <span class='ocrx_word' id='word_1_220' title='bbox 1738 3032 1977 3101; x_wconf 90' lang='lat' dir='ltr'><strong>loquitur</strong></span> <span class='ocrx_word' id='word_1_221' title='bbox 2033 3053 2047 3089; x_wconf 88' lang='lat'><strong>:</strong></span> 
     </span>
    </p>
   </div>
   <div class='ocr_carea' id='block_1_32' title="bbox 475 3121 2030 3194">
    <p class='ocr_par' dir='ltr' id='par_1_32' title="bbox 475 3121 2030 3194">
     <span class='ocr_line' id='line_1_32' title="bbox 475 3121 2030 3194; baseline 0.002 -20"><span class='ocrx_word' id='word_1_222' title='bbox 475 3121 644 3174; x_wconf 82' lang='grc' dir='ltr'><strong>Παντί</strong></span> <span class='ocrx_word' id='word_1_223' title='bbox 689 3139 790 3175; x_wconf 86' lang='grc' dir='ltr'><strong>που</strong></span> <span class='ocrx_word' id='word_1_224' title='bbox 829 3122 1017 3192; x_wconf 77' lang='grc' dir='ltr'><strong>δῆλον,</strong></span> <span class='ocrx_word' id='word_1_225' title='bbox 1057 3124 1139 3177; x_wconf 83' lang='grc' dir='ltr'><strong>ὅτι</strong></span> <span class='ocrx_word' id='word_1_226' title='bbox 1180 3124 1240 3177; x_wconf 87' lang='grc' dir='ltr'><strong>ἐν</strong></span> <span class='ocrx_word' id='word_1_227' title='bbox 1275 3122 1557 3192; x_wconf 77' lang='grc' dir='ltr'><strong>αἰνίγματι</strong></span> <span class='ocrx_word' id='word_1_228' title='bbox 1602 3123 2030 3194; x_wconf 85' lang='grc' dir='ltr'><strong>κεκαλυμμένως</strong></span> 
     </span>
    </p>
   </div>
   <div class='ocr_carea' id='block_1_33' title="bbox 2154 657 3723 729">
    <p class='ocr_par' dir='ltr' id='par_1_33' title="bbox 2154 657 3723 729">
     <span class='ocr_line' id='line_1_33' title="bbox 2154 657 3723 729; baseline 0.001 -18"><span class='ocrx_word' id='word_1_229' title='bbox 2154 660 2297 729; x_wconf 89' lang='grc' dir='ltr'><strong>λόγῳ</strong></span> <span class='ocrx_word' id='word_1_230' title='bbox 2332 660 2427 713; x_wconf 78' lang='grc' dir='ltr'><strong>καὶ</strong></span> <span class='ocrx_word' id='word_1_231' title='bbox 2454 658 2790 728; x_wconf 72' lang='grc' dir='ltr'><strong>ἀφανιστικῷ</strong></span> <span class='ocrx_word' id='word_1_232' title='bbox 2821 659 2925 711; x_wconf 86' lang='grc' dir='ltr'><strong>τῶν</strong></span> <span class='ocrx_word' id='word_1_233' title='bbox 2957 657 3159 719; x_wconf 88' lang='grc' dir='ltr'><strong>παθῶν,</strong></span> <span class='ocrx_word' id='word_1_234' title='bbox 3187 659 3280 711; x_wconf 76' lang='grc' dir='ltr'><strong>καὶ</strong></span> <span class='ocrx_word' id='word_1_235' title='bbox 3316 658 3473 711; x_wconf 78' lang='grc' dir='ltr'><strong>τοῦτο</strong></span> <span class='ocrx_word' id='word_1_236' title='bbox 3500 658 3723 729; x_wconf 79' lang='grc' dir='ltr'><strong>γένηται</strong></span> 
     </span>
    </p>
   </div>
   <div class='ocr_carea' id='block_1_34' title="bbox 2155 750 3724 823">
    <p class='ocr_par' dir='ltr' id='par_1_34' title="bbox 2155 750 3724 823">
     <span class='ocr_line' id='line_1_34' title="bbox 2155 750 3724 823; baseline 0.001 -18"><span class='ocrx_word' id='word_1_237' title='bbox 2155 754 2212 805; x_wconf 89' lang='grc' dir='ltr'><strong>ἐν</strong></span> <span class='ocrx_word' id='word_1_238' title='bbox 2242 753 2443 822; x_wconf 75' lang='grc' dir='ltr'><strong>πρωίᾳ,</strong></span> <span class='ocrx_word' id='word_1_239' title='bbox 2464 751 2728 814; x_wconf 85' lang='grc' dir='ltr'><strong>τουτέστι,</strong></span> <span class='ocrx_word' id='word_1_240' title='bbox 2757 751 2895 804; x_wconf 72' lang='grc' dir='ltr'><strong>κατὰ</strong></span> <span class='ocrx_word' id='word_1_241' title='bbox 2922 750 3020 820; x_wconf 80' lang='grc' dir='ltr'><strong>τὴν</strong></span> <span class='ocrx_word' id='word_1_242' title='bbox 3048 753 3127 813; x_wconf 87' lang='grc' dir='ltr'><strong>είς</strong></span> <span class='ocrx_word' id='word_1_243' title='bbox 3164 750 3225 803; x_wconf 85' lang='grc' dir='ltr'><strong>τὸ</strong></span> <span class='ocrx_word' id='word_1_244' title='bbox 3251 751 3478 823; x_wconf 83' lang='grc' dir='ltr'><strong>φανερὸν</strong></span> <span class='ocrx_word' id='word_1_245' title='bbox 3509 754 3724 806; x_wconf 83' lang='grc' dir='ltr'><strong>ἀποκά-</strong></span> 
     </span>
    </p>
   </div>
   <div class='ocr_carea' id='block_1_35' title="bbox 2153 840 3724 913">
    <p class='ocr_par' dir='ltr' id='par_1_35' title="bbox 2153 840 3724 913">
     <span class='ocr_line' id='line_1_35' title="bbox 2153 840 3724 913; baseline -0.001 -16"><span class='ocrx_word' id='word_1_246' title='bbox 2153 843 2311 913; x_wconf 79' lang='grc' dir='ltr'><strong>λυψιν</strong></span> <span class='ocrx_word' id='word_1_247' title='bbox 2334 843 2462 913; x_wconf 82' lang='grc' dir='ltr'><strong>(πᾶν</strong></span> <span class='ocrx_word' id='word_1_248' title='bbox 2484 843 2592 911; x_wconf 81' lang='grc' dir='ltr'><strong>γὰρ</strong></span> <span class='ocrx_word' id='word_1_249' title='bbox 2617 840 2677 894; x_wconf 81' lang='grc' dir='ltr'><strong>τὸ</strong></span> <span class='ocrx_word' id='word_1_250' title='bbox 2704 841 3100 912; x_wconf 87' lang='grc' dir='ltr'><strong>φανερούμενον</strong></span> <span class='ocrx_word' id='word_1_251' title='bbox 3126 842 3240 909; x_wconf 77' lang='grc' dir='ltr'><strong>φῶς</strong></span> <span class='ocrx_word' id='word_1_252' title='bbox 3265 843 3423 909; x_wconf 79' lang='grc' dir='ltr'><strong>ἐστι),</strong></span> <span class='ocrx_word' id='word_1_253' title='bbox 3457 843 3593 912; x_wconf 76' lang='grc' dir='ltr'><strong>μετὰ</strong></span> <span class='ocrx_word' id='word_1_254' title='bbox 3622 843 3724 913; x_wconf 78' lang='grc' dir='ltr'><strong>τὴν</strong></span> 
     </span>
    </p>
   </div>
   <div class='ocr_carea' id='block_1_36' title="bbox 2154 931 3723 1005">
    <p class='ocr_par' dir='ltr' id='par_1_36' title="bbox 2154 931 3723 1005">
     <span class='ocr_line' id='line_1_36' title="bbox 2154 931 3723 1005; baseline -0.001 -18"><span class='ocrx_word' id='word_1_255' title='bbox 2154 935 2212 987; x_wconf 87' lang='grc' dir='ltr'><strong>ἐν</strong></span> <span class='ocrx_word' id='word_1_256' title='bbox 2233 932 2429 1004; x_wconf 77' lang='grc' dir='ltr'><strong>καρδίᾳ</strong></span> <span class='ocrx_word' id='word_1_257' title='bbox 2453 932 2713 1002; x_wconf 80' lang='grc' dir='ltr'><strong>μοιχείαν,</strong></span> <span class='ocrx_word' id='word_1_258' title='bbox 2736 932 2830 984; x_wconf 72' lang='grc' dir='ltr'><strong>καὶ</strong></span> <span class='ocrx_word' id='word_1_259' title='bbox 2851 932 2943 983; x_wconf 75' lang='grc' dir='ltr'><strong>ἐπὶ</strong></span> <span class='ocrx_word' id='word_1_260' title='bbox 2964 931 3059 1001; x_wconf 79' lang='grc' dir='ltr'><strong>τὴν</strong></span> <span class='ocrx_word' id='word_1_261' title='bbox 3086 932 3302 1002; x_wconf 79' lang='grc' dir='ltr'><strong>μείζονα</strong></span> <span class='ocrx_word' id='word_1_262' title='bbox 3321 933 3521 1001; x_wconf 80' lang='grc' dir='ltr'><strong>ταύτης</strong></span> <span class='ocrx_word' id='word_1_263' title='bbox 3538 935 3723 1005; x_wconf 75' lang='grc' dir='ltr'><strong>ἀμαρ-</strong></span> 
     </span>
    </p>
   </div>
   <div class='ocr_carea' id='block_1_37' title="bbox 2151 1023 3721 1097">
    <p class='ocr_par' dir='ltr' id='par_1_37' title="bbox 2151 1023 3721 1097">
     <span class='ocr_line' id='line_1_37' title="bbox 2151 1023 3721 1097; baseline -0.001 -18"><span class='ocrx_word' id='word_1_264' title='bbox 2151 1026 2270 1079; x_wconf 84' lang='grc' dir='ltr'><strong>τίαν</strong></span> <span class='ocrx_word' id='word_1_265' title='bbox 2296 1025 2519 1093; x_wconf 80' lang='grc' dir='ltr'><strong>προάξει</strong></span> <span class='ocrx_word' id='word_1_266' title='bbox 2547 1025 2638 1077; x_wconf 78' lang='grc' dir='ltr'><strong>τὸν</strong></span> <span class='ocrx_word' id='word_1_267' title='bbox 2665 1023 2967 1094; x_wconf 78' lang='grc' dir='ltr'><strong>ἄνθρωπον,</strong></span> <span class='ocrx_word' id='word_1_268' title='bbox 3003 1026 3137 1095; x_wconf 76' lang='grc' dir='ltr'><strong>πρὸς</strong></span> <span class='ocrx_word' id='word_1_269' title='bbox 3162 1024 3261 1095; x_wconf 79' lang='grc' dir='ltr'><strong>τὴν</strong></span> <span class='ocrx_word' id='word_1_270' title='bbox 3286 1025 3375 1078; x_wconf 75' lang='grc' dir='ltr'><strong>διὰ</strong></span> <span class='ocrx_word' id='word_1_271' title='bbox 3403 1024 3497 1077; x_wconf 86' lang='grc' dir='ltr'><strong>τοῦ</strong></span> <span class='ocrx_word' id='word_1_272' title='bbox 3532 1026 3721 1097; x_wconf 84' lang='grc' dir='ltr'><strong>σώμα-</strong></span> 
     </span>
    </p>
   </div>
   <div class='ocr_carea' id='block_1_38' title="bbox 2153 1114 3719 1189">
    <p class='ocr_par' dir='ltr' id='par_1_38' title="bbox 2153 1114 3719 1189">
     <span class='ocr_line' id='line_1_38' title="bbox 2153 1114 3719 1189; baseline 0.001 -18"><span class='ocrx_word' id='word_1_273' title='bbox 2153 1134 2242 1182; x_wconf 83' lang='grc' dir='ltr'><strong>τος</strong></span> <span class='ocrx_word' id='word_1_274' title='bbox 2263 1117 2542 1189; x_wconf 72' lang='grc' dir='ltr'><strong>ἐνέργειαν</strong></span> <span class='ocrx_word' id='word_1_275' title='bbox 2568 1116 2728 1169; x_wconf 82' lang='grc' dir='ltr'><strong>αὐτὸν</strong></span> <span class='ocrx_word' id='word_1_276' title='bbox 2747 1114 3159 1186; x_wconf 84' lang='grc' dir='ltr'><strong>ἐκκαλούμενος.</strong></span> <span class='ocrx_word' id='word_1_277' title='bbox 3191 1136 3208 1168; x_wconf 81' lang='grc' dir='ltr'><strong>ι</strong></span> <span class='ocrx_word' id='word_1_278' title='bbox 3230 1117 3437 1171; x_wconf 83' lang='lat' dir='ltr'><strong>Nemini</strong></span> <span class='ocrx_word' id='word_1_279' title='bbox 3468 1127 3596 1187; x_wconf 91' lang='lat' dir='ltr'><strong>puto</strong></span> <span class='ocrx_word' id='word_1_280' title='bbox 3614 1134 3719 1173; x_wconf 82' lang='lat' dir='ltr'><strong>nan</strong></span> 
     </span>
    </p>
   </div>
   <div class='ocr_carea' id='block_1_39' title="bbox 2157 1209 3721 1278">
    <p class='ocr_par' dir='ltr' id='par_1_39' title="bbox 2157 1209 3721 1278">
     <span class='ocr_line' id='line_1_39' title="bbox 2157 1209 3721 1278; baseline 0.001 -15"><span class='ocrx_word' id='word_1_281' title='bbox 2157 1210 2499 1265; x_wconf 88' lang='lat' dir='ltr'><strong>manifestum</strong></span> <span class='ocrx_word' id='word_1_282' title='bbox 2535 1223 2655 1264; x_wconf 88' lang='lat' dir='ltr'><strong>esse</strong></span> <span class='ocrx_word' id='word_1_283' title='bbox 2690 1210 2802 1263; x_wconf 70' lang='lat' dir='ltr'><strong>haec</strong></span> <span class='ocrx_word' id='word_1_284' title='bbox 2833 1209 3165 1278; x_wconf 76' lang='lat' dir='ltr'><strong>amigmatice</strong></span> <span class='ocrx_word' id='word_1_285' title='bbox 3209 1210 3350 1264; x_wconf 90' lang='lat' dir='ltr'><strong>dicta</strong></span> <span class='ocrx_word' id='word_1_286' title='bbox 3387 1209 3590 1276; x_wconf 88' lang='lat' dir='ltr'><strong>fuisse;</strong></span> <span class='ocrx_word' id='word_1_287' title='bbox 3626 1225 3721 1265; x_wconf 90' lang='lat' dir='ltr'><strong>ne-</strong></span> 
     </span>
    </p>
   </div>
   <div class='ocr_carea' id='block_1_40' title="bbox 2157 1300 3723 1370">
    <p class='ocr_par' dir='ltr' id='par_1_40' title="bbox 2157 1300 3723 1370">
     <span class='ocr_line' id='line_1_40' title="bbox 2157 1300 3723 1370; baseline 0.001 -17"><span class='ocrx_word' id='word_1_288' title='bbox 2157 1316 2259 1370; x_wconf 91' lang='lat' dir='ltr'><strong>que</strong></span> <span class='ocrx_word' id='word_1_289' title='bbox 2284 1303 2423 1355; x_wconf 92' lang='lat' dir='ltr'><strong>enim</strong></span> <span class='ocrx_word' id='word_1_290' title='bbox 2463 1317 2523 1357; x_wconf 91' lang='lat' dir='ltr'><strong>ea</strong></span> <span class='ocrx_word' id='word_1_291' title='bbox 2554 1312 2636 1356; x_wconf 89' lang='lat' dir='ltr'><strong>est</strong></span> <span class='ocrx_word' id='word_1_292' title='bbox 2665 1300 2794 1354; x_wconf 90' lang='lat' dir='ltr'><strong>dicti</strong></span> <span class='ocrx_word' id='word_1_293' title='bbox 2821 1301 3085 1355; x_wconf 87' lang='lat' dir='ltr'><strong>sententia</strong></span> <span class='ocrx_word' id='word_1_294' title='bbox 3106 1340 3121 1366; x_wconf 95' lang='lat'><strong>,</strong></span> <span class='ocrx_word' id='word_1_295' title='bbox 3152 1316 3235 1355; x_wconf 90' lang='lat' dir='ltr'><strong>me</strong></span> <span class='ocrx_word' id='word_1_296' title='bbox 3270 1303 3576 1357; x_wconf 89' lang='lat' dir='ltr'><strong>ineuntibus</strong></span> <span class='ocrx_word' id='word_1_297' title='bbox 3609 1301 3723 1356; x_wconf 82' lang='lat' dir='ltr'><strong>sin-</strong></span> 
     </span>
    </p>
   </div>
   <div class='ocr_carea' id='block_1_41' title="bbox 2155 1390 3715 1461">
    <p class='ocr_par' dir='ltr' id='par_1_41' title="bbox 2155 1390 3715 1461">
     <span class='ocr_line' id='line_1_41' title="bbox 2155 1390 3715 1461; baseline -0.001 -15"><span class='ocrx_word' id='word_1_298' title='bbox 2155 1393 2295 1461; x_wconf 88' lang='lat' dir='ltr'><strong>gulis</strong></span> <span class='ocrx_word' id='word_1_299' title='bbox 2320 1393 2508 1447; x_wconf 86' lang='lat' dir='ltr'><strong>diebus</strong></span> <span class='ocrx_word' id='word_1_300' title='bbox 2532 1394 2765 1446; x_wconf 82' lang='lat' dir='ltr'><strong>humano</strong></span> <span class='ocrx_word' id='word_1_301' title='bbox 2786 1392 3046 1460; x_wconf 76' lang='lat' dir='ltr'><strong>sanguine</strong></span> <span class='ocrx_word' id='word_1_302' title='bbox 3073 1406 3263 1445; x_wconf 89' lang='lat' dir='ltr'><strong>manus</strong></span> <span class='ocrx_word' id='word_1_303' title='bbox 3283 1390 3510 1448; x_wconf 80' lang='lat' dir='ltr'><strong>ftedasse</strong></span> <span class='ocrx_word' id='word_1_304' title='bbox 3533 1408 3715 1447; x_wconf 86' lang='lat' dir='ltr'><strong>meas:</strong></span> 
     </span>
    </p>
   </div>
   <div class='ocr_carea' id='block_1_42' title="bbox 2156 1483 3719 1553">
    <p class='ocr_par' dir='ltr' id='par_1_42' title="bbox 2156 1483 3719 1553">
     <span class='ocr_line' id='line_1_42' title="bbox 2156 1483 3719 1553; baseline 0.001 -17"><span class='ocrx_word' id='word_1_305' title='bbox 2156 1483 2206 1537; x_wconf 89' lang='lat' dir='ltr'><strong>id</strong></span> <span class='ocrx_word' id='word_1_306' title='bbox 2242 1483 2383 1536; x_wconf 90' lang='lat' dir='ltr'><strong>enim</strong></span> <span class='ocrx_word' id='word_1_307' title='bbox 2417 1491 2771 1552; x_wconf 69' lang='lat' dir='ltr'><strong>praeterquam</strong></span> <span class='ocrx_word' id='word_1_308' title='bbox 2802 1485 2941 1553; x_wconf 91' lang='lat' dir='ltr'><strong>quod</strong></span> <span class='ocrx_word' id='word_1_309' title='bbox 2964 1484 3338 1537; x_wconf 84' lang='lat' dir='ltr'><strong>detestandum</strong></span> <span class='ocrx_word' id='word_1_310' title='bbox 3358 1494 3518 1547; x_wconf 82' lang='lat' dir='ltr'><strong>esset,</strong></span> <span class='ocrx_word' id='word_1_311' title='bbox 3546 1484 3719 1537; x_wconf 90' lang='lat' dir='ltr'><strong>nulla-</strong></span> 
     </span>
    </p>
   </div>
   <div class='ocr_carea' id='block_1_43' title="bbox 2156 1574 3720 1643">
    <p class='ocr_par' dir='ltr' id='par_1_43' title="bbox 2156 1574 3720 1643">
     <span class='ocr_line' id='line_1_43' title="bbox 2156 1574 3720 1643; baseline 0 -14"><span class='ocrx_word' id='word_1_312' title='bbox 2156 1585 2312 1630; x_wconf 83' lang='lat' dir='ltr'><strong>tenus</strong></span> <span class='ocrx_word' id='word_1_313' title='bbox 2341 1574 2595 1629; x_wconf 89' lang='lat' dir='ltr'><strong>credibile</strong></span> <span class='ocrx_word' id='word_1_314' title='bbox 2634 1583 2734 1629; x_wconf 89' lang='lat' dir='ltr'><strong>est.</strong></span> <span class='ocrx_word' id='word_1_315' title='bbox 2767 1576 3041 1642; x_wconf 87' lang='lat' dir='ltr'><strong>Quomodo</strong></span> <span class='ocrx_word' id='word_1_316' title='bbox 3069 1575 3209 1629; x_wconf 91' lang='lat' dir='ltr'><strong>enim</strong></span> <span class='ocrx_word' id='word_1_317' title='bbox 3246 1574 3474 1643; x_wconf 76' lang='lat' dir='ltr'><strong>singulis</strong></span> <span class='ocrx_word' id='word_1_318' title='bbox 3501 1577 3720 1629; x_wconf 86' lang='lat' dir='ltr'><strong>matuti—</strong></span> 
     </span>
    </p>
   </div>
   <div class='ocr_carea' id='block_1_44' title="bbox 2155 1664 3720 1735">
    <p class='ocr_par' dir='ltr' id='par_1_44' title="bbox 2155 1664 3720 1735">
     <span class='ocr_line' id='line_1_44' title="bbox 2155 1664 3720 1735; baseline 0.001 -15"><span class='ocrx_word' id='word_1_319' title='bbox 2155 1666 2238 1720; x_wconf 88' lang='lat' dir='ltr'><strong>nis</strong></span> <span class='ocrx_word' id='word_1_320' title='bbox 2271 1679 2461 1721; x_wconf 90' lang='lat' dir='ltr'><strong>omnes</strong></span> <span class='ocrx_word' id='word_1_321' title='bbox 2485 1676 2797 1734; x_wconf 90' lang='lat' dir='ltr'><strong>peccatores</strong></span> <span class='ocrx_word' id='word_1_322' title='bbox 2825 1676 2978 1720; x_wconf 70' lang='lat' dir='ltr'><strong>terra:</strong></span> <span class='ocrx_word' id='word_1_323' title='bbox 3012 1682 3169 1721; x_wconf 88' lang='lat' dir='ltr'><strong>manu</strong></span> <span class='ocrx_word' id='word_1_324' title='bbox 3202 1667 3413 1735; x_wconf 87' lang='lat' dir='ltr'><strong>propria</strong></span> <span class='ocrx_word' id='word_1_325' title='bbox 3448 1664 3720 1721; x_wconf 84' lang='lat' dir='ltr'><strong>conficere</strong></span> 
     </span>
    </p>
   </div>
   <div class='ocr_carea' id='block_1_45' title="bbox 2156 1755 3719 1829">
    <p class='ocr_par' dir='ltr' id='par_1_45' title="bbox 2156 1755 3719 1829">
     <span class='ocr_line' id='line_1_45' title="bbox 2156 1755 3719 1829; baseline -0.002 -18"><span class='ocrx_word' id='word_1_326' title='bbox 2156 1758 2465 1829; x_wconf 81' lang='lat' dir='ltr'><strong>potuisset?</strong></span> <span class='ocrx_word' id='word_1_327' title='bbox 2494 1756 2676 1826; x_wconf 83' lang='lat' dir='ltr'><strong>Neque</strong></span> <span class='ocrx_word' id='word_1_328' title='bbox 2697 1756 2839 1811; x_wconf 91' lang='lat' dir='ltr'><strong>enim</strong></span> <span class='ocrx_word' id='word_1_329' title='bbox 2870 1771 3007 1811; x_wconf 90' lang='lat' dir='ltr'><strong>unus</strong></span> <span class='ocrx_word' id='word_1_330' title='bbox 3032 1771 3217 1811; x_wconf 87' lang='lat' dir='ltr'><strong>omnes</strong></span> <span class='ocrx_word' id='word_1_331' title='bbox 3242 1770 3499 1825; x_wconf 86' lang='lat' dir='ltr'><strong>superare</strong></span> <span class='ocrx_word' id='word_1_332' title='bbox 3523 1755 3719 1808; x_wconf 86' lang='lat' dir='ltr'><strong>valuis-</strong></span> 
     </span>
    </p>
   </div>
   <div class='ocr_carea' id='block_1_46' title="bbox 2152 1848 3714 1917">
    <p class='ocr_par' dir='ltr' id='par_1_46' title="bbox 2152 1848 3714 1917">
     <span class='ocr_line' id='line_1_46' title="bbox 2152 1848 3714 1917; baseline -0.003 -12"><span class='ocrx_word' id='word_1_333' title='bbox 2152 1859 2254 1917; x_wconf 86' lang='lat' dir='ltr'><strong>set,</strong></span> <span class='ocrx_word' id='word_1_334' title='bbox 2288 1865 2431 1915; x_wconf 91' lang='lat' dir='ltr'><strong>cum,</strong></span> <span class='ocrx_word' id='word_1_335' title='bbox 2454 1860 2512 1905; x_wconf 92' lang='lat' dir='ltr'><strong>ut</strong></span> <span class='ocrx_word' id='word_1_336' title='bbox 2536 1848 2829 1905; x_wconf 85' lang='lat' dir='ltr'><strong>verisimile</strong></span> <span class='ocrx_word' id='word_1_337' title='bbox 2859 1857 2961 1912; x_wconf 91' lang='lat' dir='ltr'><strong>est,</strong></span> <span class='ocrx_word' id='word_1_338' title='bbox 2986 1863 3177 1916; x_wconf 81' lang='lat' dir='ltr'><strong>magna</strong></span> <span class='ocrx_word' id='word_1_339' title='bbox 3206 1857 3347 1903; x_wconf 86' lang='lat' dir='ltr'><strong>esset</strong></span> <span class='ocrx_word' id='word_1_340' title='bbox 3370 1856 3714 1917; x_wconf 73' lang='lat' dir='ltr'><strong>peccatorum</strong></span> 
     </span>
    </p>
   </div>
   <div class='ocr_carea' id='block_1_47' title="bbox 2151 1936 3696 2004">
    <p class='ocr_par' dir='ltr' id='par_1_47' title="bbox 2151 1936 3696 2004">
     <span class='ocr_line' id='line_1_47' title="bbox 2151 1936 3696 2004; baseline -0.001 -11"><span class='ocrx_word' id='word_1_341' title='bbox 2151 1941 2435 1996; x_wconf 91' lang='lat' dir='ltr'><strong>multitudo</strong></span> <span class='ocrx_word' id='word_1_342' title='bbox 2468 1961 2481 1993; x_wconf 87' lang='lat'><strong>:</strong></span> <span class='ocrx_word' id='word_1_343' title='bbox 2515 1956 2577 1995; x_wconf 89' lang='lat' dir='ltr'><strong>ac</strong></span> <span class='ocrx_word' id='word_1_344' title='bbox 2600 1940 2645 1994; x_wconf 90' lang='lat' dir='ltr'><strong>si</strong></span> <span class='ocrx_word' id='word_1_345' title='bbox 2683 1953 2777 1993; x_wconf 89' lang='lat' dir='ltr'><strong>eos</strong></span> <span class='ocrx_word' id='word_1_346' title='bbox 2800 1939 2853 1993; x_wconf 87' lang='lat' dir='ltr'><strong>in</strong></span> <span class='ocrx_word' id='word_1_347' title='bbox 2888 1936 3025 1991; x_wconf 90' lang='lat' dir='ltr'><strong>bello</strong></span> <span class='ocrx_word' id='word_1_348' title='bbox 3055 1938 3305 2004; x_wconf 84' lang='lat' dir='ltr'><strong>vicisset,</strong></span> <span class='ocrx_word' id='word_1_349' title='bbox 3355 1953 3461 1994; x_wconf 91' lang='lat' dir='ltr'><strong>uno</strong></span> <span class='ocrx_word' id='word_1_350' title='bbox 3501 1941 3555 1993; x_wconf 92' lang='lat' dir='ltr'><strong>in</strong></span> <span class='ocrx_word' id='word_1_351' title='bbox 3588 1956 3696 1993; x_wconf 82' lang='lat' dir='ltr'><strong>ma-</strong></span> 
     </span>
    </p>
   </div>
   <div class='ocr_carea' id='block_1_48' title="bbox 2152 2027 3713 2097">
    <p class='ocr_par' dir='ltr' id='par_1_48' title="bbox 2152 2027 3713 2097">
     <span class='ocr_line' id='line_1_48' title="bbox 2152 2027 3713 2097; baseline 0.001 -14"><span class='ocrx_word' id='word_1_352' title='bbox 2152 2032 2319 2085; x_wconf 89' lang='lat' dir='ltr'><strong>tutino</strong></span> <span class='ocrx_word' id='word_1_353' title='bbox 2348 2046 2536 2087; x_wconf 85' lang='lat' dir='ltr'><strong>omnes</strong></span> <span class='ocrx_word' id='word_1_354' title='bbox 2561 2029 2939 2093; x_wconf 86' lang='lat' dir='ltr'><strong>interfecisset,</strong></span> <span class='ocrx_word' id='word_1_355' title='bbox 2974 2041 3149 2097; x_wconf 88' lang='lat' dir='ltr'><strong>neque</strong></span> <span class='ocrx_word' id='word_1_356' title='bbox 3176 2027 3402 2095; x_wconf 89' lang='lat' dir='ltr'><strong>singulis</strong></span> <span class='ocrx_word' id='word_1_357' title='bbox 3432 2032 3713 2086; x_wconf 86' lang='lat' dir='ltr'><strong>matutinis</strong></span> 
     </span>
    </p>
   </div>
   <div class='ocr_carea' id='block_1_49' title="bbox 2151 2118 3717 2190">
    <p class='ocr_par' dir='ltr' id='par_1_49' title="bbox 2151 2118 3717 2190">
     <span class='ocr_line' id='line_1_49' title="bbox 2151 2118 3717 2190; baseline 0 -16"><span class='ocrx_word' id='word_1_358' title='bbox 2151 2122 2291 2187; x_wconf 90' lang='lat' dir='ltr'><strong>ipsos</strong></span> <span class='ocrx_word' id='word_1_359' title='bbox 2320 2123 2531 2190; x_wconf 85' lang='lat' dir='ltr'><strong>propria</strong></span> <span class='ocrx_word' id='word_1_360' title='bbox 2568 2137 2728 2174; x_wconf 88' lang='lat' dir='ltr'><strong>manu</strong></span> <span class='ocrx_word' id='word_1_361' title='bbox 2758 2120 3139 2176; x_wconf 82' lang='lat' dir='ltr'><strong>interemisset.</strong></span> <span class='ocrx_word' id='word_1_362' title='bbox 3168 2118 3305 2184; x_wconf 90' lang='lat' dir='ltr'><strong>Quid</strong></span> <span class='ocrx_word' id='word_1_363' title='bbox 3331 2118 3518 2186; x_wconf 82' lang='lat' dir='ltr'><strong>itaque</strong></span> <span class='ocrx_word' id='word_1_364' title='bbox 3549 2120 3717 2189; x_wconf 85' lang='lat' dir='ltr'><strong>signi-</strong></span> 
     </span>
    </p>
   </div>
   <div class='ocr_carea' id='block_1_50' title="bbox 2151 2208 3717 2280">
    <p class='ocr_par' dir='ltr' id='par_1_50' title="bbox 2151 2208 3717 2280">
     <span class='ocr_line' id='line_1_50' title="bbox 2151 2208 3717 2280; baseline -0.001 -14"><span class='ocrx_word' id='word_1_365' title='bbox 2151 2211 2274 2266; x_wconf 86' lang='lat' dir='ltr'><strong>ficat</strong></span> <span class='ocrx_word' id='word_1_366' title='bbox 2318 2212 2480 2264; x_wconf 80' lang='lat' dir='ltr'><strong>illud?</strong></span> <span class='ocrx_word' id='word_1_367' title='bbox 2514 2212 2783 2266; x_wconf 83' lang='lat' dir='ltr'><strong>Attentius</strong></span> <span class='ocrx_word' id='word_1_368' title='bbox 2811 2220 2867 2265; x_wconf 88' lang='lat' dir='ltr'><strong>et</strong></span> <span class='ocrx_word' id='word_1_369' title='bbox 2915 2210 3234 2280; x_wconf 90' lang='lat' dir='ltr'><strong>prudentius</strong></span> <span class='ocrx_word' id='word_1_370' title='bbox 3278 2208 3419 2262; x_wconf 86' lang='lat' dir='ltr'><strong>dicta</strong></span> <span class='ocrx_word' id='word_1_371' title='bbox 3452 2210 3717 2280; x_wconf 81' lang='lat' dir='ltr'><strong>intelliga-</strong></span> 
     </span>
    </p>
   </div>
   <div class='ocr_carea' id='block_1_51' title="bbox 2152 2299 3713 2367">
    <p class='ocr_par' dir='ltr' id='par_1_51' title="bbox 2152 2299 3713 2367">
     <span class='ocr_line' id='line_1_51' title="bbox 2152 2299 3713 2367; baseline -0.001 -13"><span class='ocrx_word' id='word_1_372' title='bbox 2152 2313 2292 2365; x_wconf 88' lang='lat' dir='ltr'><strong>mus,</strong></span> <span class='ocrx_word' id='word_1_373' title='bbox 2330 2312 2396 2352; x_wconf 91' lang='lat' dir='ltr'><strong>ne</strong></span> <span class='ocrx_word' id='word_1_374' title='bbox 2442 2300 2752 2367; x_wconf 83' lang='lat' dir='ltr'><strong>prophetica</strong></span> <span class='ocrx_word' id='word_1_375' title='bbox 2797 2299 3012 2355; x_wconf 88' lang='lat' dir='ltr'><strong>oracula</strong></span> <span class='ocrx_word' id='word_1_376' title='bbox 3061 2299 3326 2353; x_wconf 86' lang='lat' dir='ltr'><strong>mendacii</strong></span> <span class='ocrx_word' id='word_1_377' title='bbox 3373 2313 3713 2366; x_wconf 85' lang='lat' dir='ltr'><strong>accusemus,</strong></span> 
     </span>
    </p>
   </div>
   <div class='ocr_carea' id='block_1_52' title="bbox 2150 2388 3717 2459">
    <p class='ocr_par' dir='ltr' id='par_1_52' title="bbox 2150 2388 3717 2459">
     <span class='ocr_line' id='line_1_52' title="bbox 2150 2388 3717 2459; baseline 0.001 -15"><span class='ocrx_word' id='word_1_378' title='bbox 2150 2392 2292 2459; x_wconf 90' lang='lat' dir='ltr'><strong>quod</strong></span> <span class='ocrx_word' id='word_1_379' title='bbox 2322 2389 2477 2445; x_wconf 87' lang='lat' dir='ltr'><strong>nefas</strong></span> <span class='ocrx_word' id='word_1_380' title='bbox 2503 2396 2666 2443; x_wconf 87' lang='lat' dir='ltr'><strong>esset.</strong></span> <span class='ocrx_word' id='word_1_381' title='bbox 2698 2388 2901 2443; x_wconf 87' lang='lat' dir='ltr'><strong>Civitas</strong></span> <span class='ocrx_word' id='word_1_382' title='bbox 2935 2390 3143 2444; x_wconf 91' lang='lat' dir='ltr'><strong>Domini</strong></span> <span class='ocrx_word' id='word_1_383' title='bbox 3170 2399 3257 2446; x_wconf 89' lang='lat' dir='ltr'><strong>est</strong></span> <span class='ocrx_word' id='word_1_384' title='bbox 3290 2390 3535 2445; x_wconf 74' lang='lat' dir='ltr'><strong>humana:</strong></span> <span class='ocrx_word' id='word_1_385' title='bbox 3570 2401 3717 2445; x_wconf 87' lang='lat' dir='ltr'><strong>stru-</strong></span> 
     </span>
    </p>
   </div>
   <div class='ocr_carea' id='block_1_53' title="bbox 2148 2477 3711 2548">
    <p class='ocr_par' dir='ltr' id='par_1_53' title="bbox 2148 2477 3711 2548">
     <span class='ocr_line' id='line_1_53' title="bbox 2148 2477 3711 2548; baseline 0 -13"><span class='ocrx_word' id='word_1_386' title='bbox 2148 2492 2315 2535; x_wconf 67' lang='lat' dir='ltr'><strong>cturae</strong></span> <span class='ocrx_word' id='word_1_387' title='bbox 2360 2477 2710 2547; x_wconf 90' lang='lat' dir='ltr'><strong>compositio;</strong></span> <span class='ocrx_word' id='word_1_388' title='bbox 2748 2490 3054 2548; x_wconf 87' lang='lat' dir='ltr'><strong>peccatores</strong></span> <span class='ocrx_word' id='word_1_389' title='bbox 3088 2491 3267 2536; x_wconf 85' lang='lat' dir='ltr'><strong>autem</strong></span> <span class='ocrx_word' id='word_1_390' title='bbox 3297 2490 3455 2536; x_wconf 69' lang='lat' dir='ltr'><strong>terrae</strong></span> <span class='ocrx_word' id='word_1_391' title='bbox 3486 2481 3522 2534; x_wconf 91' lang='lat' dir='ltr'><strong>ii</strong></span> <span class='ocrx_word' id='word_1_392' title='bbox 3562 2491 3711 2547; x_wconf 87' lang='lat' dir='ltr'><strong>sunt,</strong></span> 
     </span>
    </p>
   </div>
   <div class='ocr_carea' id='block_1_54' title="bbox 2148 2569 3717 2644">
    <p class='ocr_par' dir='ltr' id='par_1_54' title="bbox 2148 2569 3717 2644">
     <span class='ocr_line' id='line_1_54' title="bbox 2148 2569 3717 2644; baseline -0.003 -13"><span class='ocrx_word' id='word_1_393' title='bbox 2148 2576 2212 2631; x_wconf 92' lang='lat' dir='ltr'><strong>de</strong></span> <span class='ocrx_word' id='word_1_394' title='bbox 2238 2573 2433 2644; x_wconf 87' lang='lat' dir='ltr'><strong>quibus</strong></span> <span class='ocrx_word' id='word_1_395' title='bbox 2459 2569 2712 2627; x_wconf 80' lang='lat' dir='ltr'><strong>Salvator</strong></span> <span class='ocrx_word' id='word_1_396' title='bbox 2743 2572 2817 2625; x_wconf 88' lang='lat' dir='ltr'><strong>ait</strong></span> <span class='ocrx_word' id='word_1_397' title='bbox 2847 2587 2861 2623; x_wconf 90' lang='lat'><strong>:</strong></span> <span class='ocrx_word' id='word_1_398' title='bbox 2897 2570 2973 2621; x_wconf 78' lang='lat' dir='ltr'><strong>Ab</strong></span> <span class='ocrx_word' id='word_1_399' title='bbox 2992 2571 3131 2623; x_wconf 82' lang='lat' dir='ltr'><strong>intus</strong></span> <span class='ocrx_word' id='word_1_400' title='bbox 3151 2587 3213 2625; x_wconf 79' lang='lat' dir='ltr'><strong>ea:</strong></span> <span class='ocrx_word' id='word_1_401' title='bbox 3233 2573 3386 2627; x_wconf 79' lang='lat' dir='ltr'><strong>corde</strong></span> <span class='ocrx_word' id='word_1_402' title='bbox 3412 2581 3603 2626; x_wconf 73' lang='lat' dir='ltr'><strong>exeunt</strong></span> <span class='ocrx_word' id='word_1_403' title='bbox 3623 2589 3717 2627; x_wconf 84' lang='lat' dir='ltr'><strong>co-</strong></span> 
     </span>
    </p>
   </div>
   <div class='ocr_carea' id='block_1_55' title="bbox 2147 2661 3716 2734">
    <p class='ocr_par' dir='ltr' id='par_1_55' title="bbox 2147 2661 3716 2734">
     <span class='ocr_line' id='line_1_55' title="bbox 2147 2661 3716 2734; baseline 0.003 -18"><span class='ocrx_word' id='word_1_404' title='bbox 2147 2666 2421 2734; x_wconf 82' lang='lat' dir='ltr'><strong>gitationes</strong></span> <span class='ocrx_word' id='word_1_405' title='bbox 2455 2664 2608 2719; x_wconf 68' lang='lat' dir='ltr'><strong>multa</strong></span> <span class='ocrx_word' id='word_1_406' title='bbox 2632 2703 2647 2727; x_wconf 98' lang='lat'><strong>,</strong></span> <span class='ocrx_word' id='word_1_407' title='bbox 2676 2662 2983 2728; x_wconf 82' lang='lat' dir='ltr'><strong>homicidia,</strong></span> <span class='ocrx_word' id='word_1_408' title='bbox 3011 2661 3293 2726; x_wconf 86' lang='lat' dir='ltr'><strong>adulteria,</strong></span> <span class='ocrx_word' id='word_1_409' title='bbox 3319 2663 3716 2733; x_wconf 77' lang='lat' dir='ltr'><strong>fornicationes,</strong></span> 
     </span>
    </p>
   </div>
   <div class='ocr_carea' id='block_1_56' title="bbox 2149 2752 3717 2826">
    <p class='ocr_par' dir='ltr' id='par_1_56' title="bbox 2149 2752 3717 2826">
     <span class='ocr_line' id='line_1_56' title="bbox 2149 2752 3717 2826; baseline 0.001 -16"><span class='ocrx_word' id='word_1_410' title='bbox 2149 2756 2321 2826; x_wconf 77' lang='lat' dir='ltr'><strong>furta,</strong></span> <span class='ocrx_word' id='word_1_411' title='bbox 2364 2756 2503 2825; x_wconf 77' lang='lat' dir='ltr'><strong>falsa</strong></span> <span class='ocrx_word' id='word_1_412' title='bbox 2556 2754 2886 2817; x_wconf 80' lang='lat' dir='ltr'><strong>testimonia,</strong></span> <span class='ocrx_word' id='word_1_413' title='bbox 2939 2752 3355 2818; x_wconf 66' lang='lat' dir='ltr'><strong>blasphemia&quot;.</strong></span> <span class='ocrx_word' id='word_1_414' title='bbox 3407 2754 3535 2807; x_wconf 74' lang='lat' dir='ltr'><strong>ch</strong></span> <span class='ocrx_word' id='word_1_415' title='bbox 3591 2767 3717 2811; x_wconf 75' lang='lat' dir='ltr'><strong>sunt</strong></span> 
     </span>
    </p>
   </div>
   <div class='ocr_carea' id='block_1_57' title="bbox 2146 2842 3715 2918">
    <p class='ocr_par' dir='ltr' id='par_1_57' title="bbox 2146 2842 3715 2918">
     <span class='ocr_line' id='line_1_57' title="bbox 2146 2842 3715 2918; baseline 0.003 -16"><span class='ocrx_word' id='word_1_416' title='bbox 2146 2842 2264 2918; x_wconf 66' lang='lat' dir='ltr'><strong>qua</strong></span> <span class='ocrx_word' id='word_1_417' title='bbox 2293 2847 2628 2917; x_wconf 80' lang='lat' dir='ltr'><strong>coinquinant</strong></span> <span class='ocrx_word' id='word_1_418' title='bbox 2669 2847 2945 2900; x_wconf 82' lang='lat' dir='ltr'><strong>hominem.</strong></span> <span class='ocrx_word' id='word_1_419' title='bbox 3001 2843 3109 2900; x_wconf 87' lang='lat' dir='ltr'><strong>Hos</strong></span> <span class='ocrx_word' id='word_1_420' title='bbox 3174 2853 3351 2899; x_wconf 87' lang='lat' dir='ltr'><strong>autem</strong></span> <span class='ocrx_word' id='word_1_421' title='bbox 3400 2858 3715 2913; x_wconf 78' lang='lat' dir='ltr'><strong>peccatores</strong></span> 
     </span>
    </p>
   </div>
   <div class='ocr_carea' id='block_1_58' title="bbox 2147 2935 3712 3006">
    <p class='ocr_par' dir='ltr' id='par_1_58' title="bbox 2147 2935 3712 3006">
     <span class='ocr_line' id='line_1_58' title="bbox 2147 2935 3712 3006; baseline 0.001 -13"><span class='ocrx_word' id='word_1_422' title='bbox 2147 2954 2211 2993; x_wconf 75' lang='lat' dir='ltr'><strong>ex</strong></span> <span class='ocrx_word' id='word_1_423' title='bbox 2241 2948 2380 2993; x_wconf 90' lang='lat' dir='ltr'><strong>terra</strong></span> <span class='ocrx_word' id='word_1_424' title='bbox 2406 2946 2579 3002; x_wconf 89' lang='lat' dir='ltr'><strong>ortos,</strong></span> <span class='ocrx_word' id='word_1_425' title='bbox 2604 2936 2655 2990; x_wconf 74' lang='lat' dir='ltr'><strong>id</strong></span> <span class='ocrx_word' id='word_1_426' title='bbox 2688 2945 2793 3000; x_wconf 87' lang='lat' dir='ltr'><strong>est,</strong></span> <span class='ocrx_word' id='word_1_427' title='bbox 2826 2951 2891 2990; x_wconf 78' lang='lat' dir='ltr'><strong>ex</strong></span> <span class='ocrx_word' id='word_1_428' title='bbox 2924 2947 3143 2989; x_wconf 88' lang='lat' dir='ltr'><strong>terrena</strong></span> <span class='ocrx_word' id='word_1_429' title='bbox 3172 2950 3335 2989; x_wconf 89' lang='lat' dir='ltr'><strong>carne</strong></span> <span class='ocrx_word' id='word_1_430' title='bbox 3368 2935 3712 3006; x_wconf 84' lang='lat' dir='ltr'><strong>prodeuntes,</strong></span> 
     </span>
    </p>
   </div>
   <div class='ocr_carea' id='block_1_59' title="bbox 2149 3024 3711 3096">
    <p class='ocr_par' dir='ltr' id='par_1_59' title="bbox 2149 3024 3711 3096">
     <span class='ocr_line' id='line_1_59' title="bbox 2149 3024 3711 3096; baseline 0.001 -16"><span class='ocrx_word' id='word_1_431' title='bbox 2149 3030 2273 3080; x_wconf 88' lang='lat' dir='ltr'><strong>dum</strong></span> <span class='ocrx_word' id='word_1_432' title='bbox 2312 3027 2533 3093; x_wconf 72' lang='lat' dir='ltr'><strong>singula:</strong></span> <span class='ocrx_word' id='word_1_433' title='bbox 2579 3027 2644 3081; x_wconf 90' lang='lat' dir='ltr'><strong>de</strong></span> <span class='ocrx_word' id='word_1_434' title='bbox 2689 3024 2799 3081; x_wconf 87' lang='lat' dir='ltr'><strong>Deo</strong></span> <span class='ocrx_word' id='word_1_435' title='bbox 2848 3026 3201 3096; x_wconf 79' lang='lat' dir='ltr'><strong>cogitationes</strong></span> <span class='ocrx_word' id='word_1_436' title='bbox 3241 3027 3596 3091; x_wconf 81' lang='lat' dir='ltr'><strong>exoriuntur,</strong></span> <span class='ocrx_word' id='word_1_437' title='bbox 3645 3044 3711 3083; x_wconf 77' lang='lat' dir='ltr'><strong>ex</strong></span> 
     </span>
    </p>
   </div>
   <div class='ocr_carea' id='block_1_60' title="bbox 2151 3117 3713 3189">
    <p class='ocr_par' dir='ltr' id='par_1_60' title="bbox 2151 3117 3713 3189">
     <span class='ocr_line' id='line_1_60' title="bbox 2151 3117 3713 3189; baseline 0.002 -19"><span class='ocrx_word' id='word_1_438' title='bbox 2151 3117 2363 3188; x_wconf 88' lang='lat' dir='ltr'><strong>propria</strong></span> <span class='ocrx_word' id='word_1_439' title='bbox 2394 3127 2662 3171; x_wconf 88' lang='lat' dir='ltr'><strong>structura</strong></span> <span class='ocrx_word' id='word_1_440' title='bbox 2691 3118 2849 3183; x_wconf 88' lang='lat' dir='ltr'><strong>tollit,</strong></span> <span class='ocrx_word' id='word_1_441' title='bbox 2872 3119 2963 3187; x_wconf 87' lang='lat' dir='ltr'><strong>qui</strong></span> <span class='ocrx_word' id='word_1_442' title='bbox 3000 3134 3119 3173; x_wconf 91' lang='lat' dir='ltr'><strong>sese</strong></span> <span class='ocrx_word' id='word_1_443' title='bbox 3145 3127 3358 3189; x_wconf 87' lang='lat' dir='ltr'><strong>purgat.</strong></span> <span class='ocrx_word' id='word_1_444' title='bbox 3392 3119 3713 3174; x_wconf 80' lang='lat' dir='ltr'><strong>Matutinum</strong></span> 
     </span>
    </p>
   </div>
   <div class='ocr_carea' id='block_1_61' title="bbox 473 3209 2046 3296">
    <p class='ocr_par' dir='ltr' id='par_1_61' title="bbox 473 3214 2046 3289">
     <span class='ocr_line' id='line_1_61' title="bbox 473 3214 2046 3289; baseline 0.004 -24"><span class='ocrx_word' id='word_1_445' title='bbox 473 3215 717 3286; x_wconf 74' lang='grc' dir='ltr'><strong>εἴρηταιο</strong></span> <span class='ocrx_word' id='word_1_446' title='bbox 762 3214 823 3267; x_wconf 73' lang='grc' dir='ltr'><strong>οὐ</strong></span> <span class='ocrx_word' id='word_1_447' title='bbox 864 3215 973 3287; x_wconf 83' lang='grc' dir='ltr'><strong>γὰρ</strong></span> <span class='ocrx_word' id='word_1_448' title='bbox 1006 3216 1087 3269; x_wconf 83' lang='grc' dir='ltr'><strong>ὅτι</strong></span> <span class='ocrx_word' id='word_1_449' title='bbox 1138 3216 1259 3269; x_wconf 89' lang='grc' dir='ltr'><strong>καθ’</strong></span> <span class='ocrx_word' id='word_1_450' title='bbox 1306 3216 1542 3287; x_wconf 81' lang='grc' dir='ltr'><strong>ἑκάστην</strong></span> <span class='ocrx_word' id='word_1_451' title='bbox 1578 3216 1751 3287; x_wconf 82' lang='grc' dir='ltr'><strong>ἀρχὴν</strong></span> <span class='ocrx_word' id='word_1_452' title='bbox 1783 3218 1879 3288; x_wconf 78' lang='grc' dir='ltr'><strong>τῆς</strong></span> <span class='ocrx_word' id='word_1_453' title='bbox 1916 3217 2046 3289; x_wconf 80' lang='grc' dir='ltr'><strong>ὴμέ-</strong></span> 
     </span>
    </p>
   </div>
   <div class='ocr_carea' id='block_1_62' title="bbox 2146 3209 3716 3296">
    <p class='ocr_par' dir='ltr' id='par_1_62' title="bbox 2152 3209 3716 3284">
     <span class='ocr_line' id='line_1_62' title="bbox 2152 3209 3716 3284; baseline 0.005 -19"><span class='ocrx_word' id='word_1_454' title='bbox 2152 3221 2330 3267; x_wconf 87' lang='lat' dir='ltr'><strong>autem</strong></span> <span class='ocrx_word' id='word_1_455' title='bbox 2355 3220 2411 3265; x_wconf 91' lang='lat' dir='ltr'><strong>et</strong></span> <span class='ocrx_word' id='word_1_456' title='bbox 2433 3209 2721 3264; x_wconf 85' lang='lat' dir='ltr'><strong>diluculum</strong></span> <span class='ocrx_word' id='word_1_457' title='bbox 2753 3212 2805 3264; x_wconf 90' lang='lat' dir='ltr'><strong>in</strong></span> <span class='ocrx_word' id='word_1_458' title='bbox 2838 3214 3013 3266; x_wconf 88' lang='lat' dir='ltr'><strong>anima</strong></span> <span class='ocrx_word' id='word_1_459' title='bbox 3058 3221 3173 3281; x_wconf 87' lang='lat' dir='ltr'><strong>est,</strong></span> <span class='ocrx_word' id='word_1_460' title='bbox 3208 3217 3417 3284; x_wconf 84' lang='lat' dir='ltr'><strong>quoties</strong></span> <span class='ocrx_word' id='word_1_461' title='bbox 3458 3216 3716 3273; x_wconf 75' lang='lat' dir='ltr'><strong>salutaris</strong></span> 
     </span>
    </p>
   </div>
   <div class='ocr_carea' id='block_1_63' title="bbox 475 3306 2047 3383">
    <p class='ocr_par' dir='ltr' id='par_1_63' title="bbox 475 3306 2047 3383">
     <span class='ocr_line' id='line_1_63' title="bbox 475 3306 2047 3383; baseline 0.006 -27"><span class='ocrx_word' id='word_1_462' title='bbox 475 3322 575 3375; x_wconf 80' lang='grc' dir='ltr'><strong>ρας</strong></span> <span class='ocrx_word' id='word_1_463' title='bbox 615 3308 802 3376; x_wconf 82' lang='grc' dir='ltr'><strong>αἵματι</strong></span> <span class='ocrx_word' id='word_1_464' title='bbox 842 3306 1143 3378; x_wconf 81' lang='grc' dir='ltr'><strong>ἀνθρώπων</strong></span> <span class='ocrx_word' id='word_1_465' title='bbox 1194 3306 1294 3371; x_wconf 71' lang='grc' dir='ltr'><strong>τὰς</strong></span> <span class='ocrx_word' id='word_1_466' title='bbox 1334 3311 1521 3379; x_wconf 76' lang='grc' dir='ltr'><strong>χεῖρας</strong></span> <span class='ocrx_word' id='word_1_467' title='bbox 1580 3310 1950 3383; x_wconf 81' lang='grc' dir='ltr'><strong>ἐμολυνόμην,</strong></span> <span class='ocrx_word' id='word_1_468' title='bbox 1987 3313 2047 3366; x_wconf 80' lang='grc' dir='ltr'><strong>ού</strong></span> 
     </span>
    </p>
   </div>
   <div class='ocr_carea' id='block_1_64' title="bbox 472 3391 2047 3471">
    <p class='ocr_par' dir='ltr' id='par_1_64' title="bbox 472 3391 2047 3471">
     <span class='ocr_line' id='line_1_64' title="bbox 472 3391 2047 3471; baseline 0.006 -24"><span class='ocrx_word' id='word_1_469' title='bbox 472 3391 629 3448; x_wconf 83' lang='grc' dir='ltr'><strong>τοῦτό</strong></span> <span class='ocrx_word' id='word_1_470' title='bbox 673 3412 837 3465; x_wconf 81' lang='grc' dir='ltr'><strong>φησιν</strong></span> <span class='ocrx_word' id='word_1_471' title='bbox 879 3398 907 3448; x_wconf 89' lang='grc' dir='ltr'>ὁ</span> <span class='ocrx_word' id='word_1_472' title='bbox 948 3397 1125 3464; x_wconf 84' lang='grc' dir='ltr'><strong>λόγος.</strong></span> <span class='ocrx_word' id='word_1_473' title='bbox 1161 3397 1331 3449; x_wconf 88' lang='grc' dir='ltr'><strong>Τοῦτο</strong></span> <span class='ocrx_word' id='word_1_474' title='bbox 1373 3396 1515 3469; x_wconf 71' lang='grc' dir='ltr'><strong>γὰρ,</strong></span> <span class='ocrx_word' id='word_1_475' title='bbox 1557 3401 1692 3468; x_wconf 83' lang='grc' dir='ltr'><strong>πρὸς</strong></span> <span class='ocrx_word' id='word_1_476' title='bbox 1726 3400 1803 3471; x_wconf 84' lang='grc' dir='ltr'><strong>τῷ</strong></span> <span class='ocrx_word' id='word_1_477' title='bbox 1846 3404 2047 3470; x_wconf 83' lang='grc' dir='ltr'><strong>ἐναγεῖ,</strong></span> 
     </span>
    </p>
   </div>
   <div class='ocr_carea' id='block_1_65' title="bbox 472 3482 2051 3560">
    <p class='ocr_par' dir='ltr' id='par_1_65' title="bbox 472 3482 2051 3560">
     <span class='ocr_line' id='line_1_65' title="bbox 472 3482 2051 3560; baseline 0.006 -26"><span class='ocrx_word' id='word_1_478' title='bbox 472 3483 552 3535; x_wconf 72' lang='grc' dir='ltr'><strong>ἔτι</strong></span> <span class='ocrx_word' id='word_1_479' title='bbox 598 3483 691 3536; x_wconf 74' lang='grc' dir='ltr'><strong>καὶ</strong></span> <span class='ocrx_word' id='word_1_480' title='bbox 742 3483 804 3536; x_wconf 86' lang='grc' dir='ltr'><strong>τὸ</strong></span> <span class='ocrx_word' id='word_1_481' title='bbox 836 3483 1102 3538; x_wconf 79' lang='grc' dir='ltr'><strong>ἀπίθανον</strong></span> <span class='ocrx_word' id='word_1_482' title='bbox 1150 3482 1283 3554; x_wconf 70' lang='grc' dir='ltr'><strong>ἔχει.</strong></span> <span class='ocrx_word' id='word_1_483' title='bbox 1331 3484 1454 3546; x_wconf 86' lang='grc' dir='ltr'><strong>Πῶς</strong></span> <span class='ocrx_word' id='word_1_484' title='bbox 1516 3486 1624 3557; x_wconf 87' lang='grc' dir='ltr'><strong>γὰρ</strong></span> <span class='ocrx_word' id='word_1_485' title='bbox 1678 3488 1892 3541; x_wconf 89' lang='grc' dir='ltr'><strong>πάντων</strong></span> <span class='ocrx_word' id='word_1_486' title='bbox 1926 3491 2051 3560; x_wconf 78' lang='grc' dir='ltr'><strong>ἠδύ-</strong></span> 
     </span>
    </p>
   </div>
   <div class='ocr_carea' id='block_1_66' title="bbox 471 3576 2050 3650">
    <p class='ocr_par' dir='ltr' id='par_1_66' title="bbox 471 3576 2050 3650">
     <span class='ocr_line' id='line_1_66' title="bbox 471 3576 2050 3650; baseline 0.006 -22"><span class='ocrx_word' id='word_1_487' title='bbox 471 3592 600 3629; x_wconf 82' lang='grc' dir='ltr'><strong>νατο</strong></span> <span class='ocrx_word' id='word_1_488' title='bbox 642 3576 764 3629; x_wconf 85' lang='grc' dir='ltr'><strong>καθ’</strong></span> <span class='ocrx_word' id='word_1_489' title='bbox 809 3578 1044 3649; x_wconf 80' lang='grc' dir='ltr'><strong>ἑκάστην</strong></span> <span class='ocrx_word' id='word_1_490' title='bbox 1083 3578 1298 3650; x_wconf 86' lang='grc' dir='ltr'><strong>πρωίαν</strong></span> <span class='ocrx_word' id='word_1_491' title='bbox 1338 3577 1593 3650; x_wconf 73' lang='grc' dir='ltr'><strong>αὐτόχειρ</strong></span> <span class='ocrx_word' id='word_1_492' title='bbox 1645 3580 1888 3649; x_wconf 84' lang='grc' dir='ltr'><strong>γίνεσθαι</strong></span> <span class='ocrx_word' id='word_1_493' title='bbox 1941 3582 2050 3639; x_wconf 89' lang='grc' dir='ltr'><strong>τῶν</strong></span> 
     </span>
    </p>
   </div>
   <div class='ocr_carea' id='block_1_67' title="bbox 470 3666 2047 3741">
    <p class='ocr_par' dir='ltr' id='par_1_67' title="bbox 470 3666 2047 3741">
     <span class='ocr_line' id='line_1_67' title="bbox 470 3666 2047 3741; baseline 0.008 -24"><span class='ocrx_word' id='word_1_494' title='bbox 470 3666 807 3736; x_wconf 84' lang='grc' dir='ltr'><strong>ἁμαρτωλῶν</strong></span> <span class='ocrx_word' id='word_1_495' title='bbox 843 3670 943 3738; x_wconf 82' lang='grc' dir='ltr'><strong>τῆς</strong></span> <span class='ocrx_word' id='word_1_496' title='bbox 980 3669 1117 3739; x_wconf 82' lang='grc' dir='ltr'><strong>γῆς;</strong></span> <span class='ocrx_word' id='word_1_497' title='bbox 1146 3671 1221 3723; x_wconf 79' lang='grc' dir='ltr'><strong>Οὐ</strong></span> <span class='ocrx_word' id='word_1_498' title='bbox 1257 3669 1364 3741; x_wconf 84' lang='grc' dir='ltr'><strong>γὰρ</strong></span> <span class='ocrx_word' id='word_1_499' title='bbox 1414 3671 1787 3741; x_wconf 81' lang='grc' dir='ltr'><strong>περιγίνεσθαι</strong></span> <span class='ocrx_word' id='word_1_500' title='bbox 1823 3674 2047 3729; x_wconf 88' lang='grc' dir='ltr'><strong>πάντων</strong></span> 
     </span>
    </p>
   </div>
   <div class='ocr_carea' id='block_1_68' title="bbox 469 3756 2047 3832">
    <p class='ocr_par' dir='ltr' id='par_1_68' title="bbox 469 3756 2047 3832">
     <span class='ocr_line' id='line_1_68' title="bbox 469 3756 2047 3832; baseline 0.008 -24"><span class='ocrx_word' id='word_1_501' title='bbox 469 3756 692 3810; x_wconf 84' lang='grc' dir='ltr'><strong>δυνατὸν</strong></span> <span class='ocrx_word' id='word_1_502' title='bbox 708 3760 826 3826; x_wconf 67' lang='grc' dir='ltr'><strong>ἕνα,</strong></span> <span class='ocrx_word' id='word_1_503' title='bbox 860 3760 1068 3814; x_wconf 83' lang='grc' dir='ltr'><strong>πολλῶν</strong></span> <span class='ocrx_word' id='word_1_504' title='bbox 1100 3763 1208 3815; x_wconf 84' lang='grc' dir='ltr'><strong>τῶν</strong></span> <span class='ocrx_word' id='word_1_505' title='bbox 1246 3762 1730 3832; x_wconf 80' lang='grc' dir='ltr'><strong>ἐξαμαρτανόντων</strong></span> <span class='ocrx_word' id='word_1_506' title='bbox 1752 3766 1825 3828; x_wconf 82' lang='grc' dir='ltr'><strong>ὡς</strong></span> <span class='ocrx_word' id='word_1_507' title='bbox 1875 3768 1935 3820; x_wconf 82' lang='grc' dir='ltr'><strong>τὸ</strong></span> <span class='ocrx_word' id='word_1_508' title='bbox 1970 3770 2047 3820; x_wconf 86' lang='grc' dir='ltr'><strong>εί-</strong></span> 
     </span>
    </p>
   </div>
   <div class='ocr_carea' id='block_1_69' title="bbox 470 3848 2047 3926">
    <p class='ocr_par' dir='ltr' id='par_1_69' title="bbox 470 3848 2047 3926">
     <span class='ocr_line' id='line_1_69' title="bbox 470 3848 2047 3926; baseline 0.006 -25"><span class='ocrx_word' id='word_1_509' title='bbox 470 3848 566 3914; x_wconf 73' lang='grc' dir='ltr'><strong>κδς</strong></span> <span class='ocrx_word' id='word_1_510' title='bbox 594 3849 784 3916; x_wconf 75' lang='grc' dir='ltr'><strong>ὄντων,</strong></span> <span class='ocrx_word' id='word_1_511' title='bbox 829 3852 923 3905; x_wconf 77' lang='grc' dir='ltr'><strong>καὶ</strong></span> <span class='ocrx_word' id='word_1_512' title='bbox 956 3854 1005 3905; x_wconf 88' lang='grc' dir='ltr'><strong>εί</strong></span> <span class='ocrx_word' id='word_1_513' title='bbox 1048 3854 1266 3925; x_wconf 82' lang='grc' dir='ltr'><strong>πολέμῳ</strong></span> <span class='ocrx_word' id='word_1_514' title='bbox 1294 3853 1472 3906; x_wconf 77' lang='grc' dir='ltr'><strong>αὐτῶν</strong></span> <span class='ocrx_word' id='word_1_515' title='bbox 1514 3855 1918 3926; x_wconf 83' lang='grc' dir='ltr'><strong>κατεκράτησεν</strong></span> <span class='ocrx_word' id='word_1_516' title='bbox 1940 3896 1955 3923; x_wconf 91' lang='grc'><strong>,</strong></span> <span class='ocrx_word' id='word_1_517' title='bbox 1989 3860 2047 3912; x_wconf 83' lang='grc' dir='ltr'><strong>ἐν</strong></span> 
     </span>
    </p>
   </div>
   <div class='ocr_carea' id='block_1_70' title="bbox 473 3942 2045 4020">
    <p class='ocr_par' dir='ltr' id='par_1_70' title="bbox 473 3942 2045 4020">
     <span class='ocr_line' id='line_1_70' title="bbox 473 3942 2045 4020; baseline 0.005 -24"><span class='ocrx_word' id='word_1_518' title='bbox 473 3944 571 4013; x_wconf 82' lang='grc' dir='ltr'><strong>μιᾷ</strong></span> <span class='ocrx_word' id='word_1_519' title='bbox 602 3942 668 3997; x_wconf 81' lang='grc' dir='ltr'><strong>ἂν</strong></span> <span class='ocrx_word' id='word_1_520' title='bbox 700 3944 985 3999; x_wconf 81' lang='grc' dir='ltr'><strong>ἀπέκτεινε</strong></span> <span class='ocrx_word' id='word_1_521' title='bbox 1013 3945 1193 4018; x_wconf 82' lang='grc' dir='ltr'><strong>πρωίᾳ</strong></span> <span class='ocrx_word' id='word_1_522' title='bbox 1224 3947 1351 4010; x_wconf 83' lang='grc' dir='ltr'><strong>τοὺς</strong></span> <span class='ocrx_word' id='word_1_523' title='bbox 1398 3946 1716 4017; x_wconf 87' lang='grc' dir='ltr'><strong>σύμπαντας</strong></span> <span class='ocrx_word' id='word_1_524' title='bbox 1738 3987 1752 4012; x_wconf 93' lang='grc'><strong>,</strong></span> <span class='ocrx_word' id='word_1_525' title='bbox 1782 3947 1899 4003; x_wconf 82' lang='grc' dir='ltr'><strong>ἀλλ’</strong></span> <span class='ocrx_word' id='word_1_526' title='bbox 1926 3950 2045 4020; x_wconf 80' lang='grc' dir='ltr'><strong>οὐχὶ</strong></span> 
     </span>
    </p>
   </div>
   <div class='ocr_carea' id='block_1_71' title="bbox 470 4034 2043 4109">
    <p class='ocr_par' dir='ltr' id='par_1_71' title="bbox 470 4034 2043 4109">
     <span class='ocr_line' id='line_1_71' title="bbox 470 4034 2043 4109; baseline 0.006 -23"><span class='ocrx_word' id='word_1_527' title='bbox 470 4034 591 4086; x_wconf 84' lang='grc' dir='ltr'><strong>καθ’</strong></span> <span class='ocrx_word' id='word_1_528' title='bbox 628 4037 863 4106; x_wconf 73' lang='grc' dir='ltr'><strong>ἑκάστην</strong></span> <span class='ocrx_word' id='word_1_529' title='bbox 912 4039 1127 4107; x_wconf 84' lang='grc' dir='ltr'><strong>πρωίαν</strong></span> <span class='ocrx_word' id='word_1_530' title='bbox 1168 4039 1421 4109; x_wconf 81' lang='grc' dir='ltr'><strong>αὐτόχειρ</strong></span> <span class='ocrx_word' id='word_1_531' title='bbox 1471 4039 1647 4093; x_wconf 80' lang='grc' dir='ltr'><strong>αὐτῶν</strong></span> <span class='ocrx_word' id='word_1_532' title='bbox 1699 4042 1922 4109; x_wconf 88' lang='grc' dir='ltr'><strong>ἐγίνετο.</strong></span> <span class='ocrx_word' id='word_1_533' title='bbox 1978 4044 2043 4097; x_wconf 86' lang='grc' dir='ltr'><strong>Τί</strong></span> 
     </span>
    </p>
   </div>
   <div class='ocr_carea' id='block_1_72' title="bbox 467 4123 2041 4203">
    <p class='ocr_par' dir='ltr' id='par_1_72' title="bbox 467 4123 2041 4203">
     <span class='ocr_line' id='line_1_72' title="bbox 467 4123 2041 4203; baseline 0.006 -24"><span class='ocrx_word' id='word_1_534' title='bbox 467 4123 563 4180; x_wconf 80' lang='grc' dir='ltr'><strong>οὖν</strong></span> <span class='ocrx_word' id='word_1_535' title='bbox 587 4126 743 4180; x_wconf 89' lang='grc' dir='ltr'><strong>τοῦτό</strong></span> <span class='ocrx_word' id='word_1_536' title='bbox 786 4130 939 4193; x_wconf 65' lang='lat' dir='ltr'><strong>seu;</strong></span> <span class='ocrx_word' id='word_1_537' title='bbox 993 4127 1361 4199; x_wconf 84' lang='grc' dir='ltr'><strong>Συνετώτερον</strong></span> <span class='ocrx_word' id='word_1_538' title='bbox 1397 4131 1505 4185; x_wconf 85' lang='grc' dir='ltr'><strong>τῶν</strong></span> <span class='ocrx_word' id='word_1_539' title='bbox 1544 4131 1850 4203; x_wconf 78' lang='grc' dir='ltr'><strong>λεγομένων</strong></span> <span class='ocrx_word' id='word_1_540' title='bbox 1878 4136 2041 4188; x_wconf 85' lang='grc' dir='ltr'><strong>ἀκού-</strong></span> 
     </span>
    </p>
   </div>
   <div class='ocr_carea' id='block_1_73' title="bbox 469 4220 2043 4295">
    <p class='ocr_par' dir='ltr' id='par_1_73' title="bbox 469 4220 2043 4295">
     <span class='ocr_line' id='line_1_73' title="bbox 469 4220 2043 4295; baseline 0.003 -22"><span class='ocrx_word' id='word_1_541' title='bbox 469 4237 670 4290; x_wconf 80' lang='grc' dir='ltr'><strong>σωμεν,</strong></span> <span class='ocrx_word' id='word_1_542' title='bbox 700 4220 785 4274; x_wconf 83' lang='grc' dir='ltr'><strong>ῐνα</strong></span> <span class='ocrx_word' id='word_1_543' title='bbox 815 4221 889 4292; x_wconf 83' lang='grc' dir='ltr'><strong>μὴ</strong></span> <span class='ocrx_word' id='word_1_544' title='bbox 923 4223 1392 4294; x_wconf 84' lang='grc' dir='ltr'><strong>κατηγορήσωμεν</strong></span> <span class='ocrx_word' id='word_1_545' title='bbox 1428 4225 1515 4277; x_wconf 68' lang='grc' dir='ltr'><strong>ἐπὶ</strong></span> <span class='ocrx_word' id='word_1_546' title='bbox 1559 4224 1747 4295; x_wconf 81' lang='grc' dir='ltr'><strong>ψευδεί</strong></span> <span class='ocrx_word' id='word_1_547' title='bbox 1772 4224 1882 4277; x_wconf 90' lang='grc' dir='ltr'><strong>τῶν</strong></span> <span class='ocrx_word' id='word_1_548' title='bbox 1911 4242 2043 4292; x_wconf 78' lang='grc' dir='ltr'><strong>προ-</strong></span> 
     </span>
    </p>
   </div>
   <div class='ocr_carea' id='block_1_74' title="bbox 467 4310 2039 4387">
    <p class='ocr_par' dir='ltr' id='par_1_74' title="bbox 467 4310 2039 4387">
     <span class='ocr_line' id='line_1_74' title="bbox 467 4310 2039 4387; baseline 0.004 -25"><span class='ocrx_word' id='word_1_549' title='bbox 467 4310 713 4379; x_wconf 81' lang='grc' dir='ltr'><strong>φητικῶν</strong></span> <span class='ocrx_word' id='word_1_550' title='bbox 743 4311 971 4378; x_wconf 84' lang='grc' dir='ltr'><strong>λογίων,</strong></span> <span class='ocrx_word' id='word_1_551' title='bbox 1020 4312 1049 4363; x_wconf 80' lang='grc' dir='ltr'>ὃ</span> <span class='ocrx_word' id='word_1_552' title='bbox 1086 4311 1159 4383; x_wconf 81' lang='grc' dir='ltr'><strong>μὴ</strong></span> <span class='ocrx_word' id='word_1_553' title='bbox 1206 4311 1383 4382; x_wconf 83' lang='grc' dir='ltr'><strong>θέμις.</strong></span> <span class='ocrx_word' id='word_1_554' title='bbox 1437 4312 1596 4375; x_wconf 90' lang='grc' dir='ltr'><strong>Πόλις</strong></span> <span class='ocrx_word' id='word_1_555' title='bbox 1628 4314 1723 4367; x_wconf 88' lang='grc' dir='ltr'><strong>τοῦ</strong></span> <span class='ocrx_word' id='word_1_556' title='bbox 1769 4316 1973 4387; x_wconf 85' lang='grc' dir='ltr'><strong>Κυρίου</strong></span> <span class='ocrx_word' id='word_1_557' title='bbox 2006 4318 2039 4386; x_wconf 83' lang='grc' dir='ltr'><strong>ή</strong></span> 
     </span>
    </p>
   </div>
   <div class='ocr_carea' id='block_1_75' title="bbox 468 4396 2041 4476">
    <p class='ocr_par' dir='ltr' id='par_1_75' title="bbox 468 4396 2041 4476">
     <span class='ocr_line' id='line_1_75' title="bbox 468 4396 2041 4476; baseline 0.006 -26"><span class='ocrx_word' id='word_1_558' title='bbox 468 4396 727 4463; x_wconf 83' lang='grc' dir='ltr'><strong>σύστασις</strong></span> <span class='ocrx_word' id='word_1_559' title='bbox 771 4402 887 4453; x_wconf 84' lang='grc' dir='ltr'><strong>ἐστι</strong></span> <span class='ocrx_word' id='word_1_560' title='bbox 927 4400 1030 4470; x_wconf 82' lang='grc' dir='ltr'><strong>τῆς</strong></span> <span class='ocrx_word' id='word_1_561' title='bbox 1072 4401 1417 4474; x_wconf 80' lang='grc' dir='ltr'><strong>ἀνθρωπίνης</strong></span> <span class='ocrx_word' id='word_1_562' title='bbox 1454 4408 1831 4475; x_wconf 79' lang='grc' dir='ltr'><strong>κατασκευῆς·</strong></span> <span class='ocrx_word' id='word_1_563' title='bbox 1863 4408 2041 4476; x_wconf 80' lang='grc' dir='ltr'><strong>άμαρ-</strong></span> 
     </span>
    </p>
   </div>
   <div class='ocr_carea' id='block_1_76' title="bbox 453 4484 2040 4563">
    <p class='ocr_par' dir='ltr' id='par_1_76' title="bbox 453 4484 2040 4563">
     <span class='ocr_line' id='line_1_76' title="bbox 453 4484 2040 4563; baseline 0.003 -19"><span class='ocrx_word' id='word_1_564' title='bbox 453 4487 622 4545; x_wconf 65' lang='grc' dir='ltr'><strong>εωλοὶ</strong></span> <span class='ocrx_word' id='word_1_565' title='bbox 650 4489 744 4542; x_wconf 80' lang='grc' dir='ltr'><strong>καὶ</strong></span> <span class='ocrx_word' id='word_1_566' title='bbox 767 4490 890 4561; x_wconf 82' lang='grc' dir='ltr'><strong>γῆς,</strong></span> <span class='ocrx_word' id='word_1_567' title='bbox 928 4491 1054 4561; x_wconf 79' lang='grc' dir='ltr'><strong>περὶ</strong></span> <span class='ocrx_word' id='word_1_568' title='bbox 1084 4484 1158 4544; x_wconf 83' lang='grc' dir='ltr'><strong>ὧν</strong></span> <span class='ocrx_word' id='word_1_569' title='bbox 1192 4508 1355 4563; x_wconf 86' lang='grc' dir='ltr'><strong>φησιν</strong></span> <span class='ocrx_word' id='word_1_570' title='bbox 1398 4495 1427 4545; x_wconf 85' lang='grc' dir='ltr'><strong>ὸ</strong></span> <span class='ocrx_word' id='word_1_571' title='bbox 1467 4491 1690 4563; x_wconf 83' lang='grc' dir='ltr'><strong>Σωτὴρ,</strong></span> <span class='ocrx_word' id='word_1_572' title='bbox 1726 4495 1808 4547; x_wconf 86' lang='grc' dir='ltr'><strong>ὅτι</strong></span> <span class='ocrx_word' id='word_1_573' title='bbox 1851 4498 2040 4549; x_wconf 71' lang='lat' dir='ltr'><strong>&quot;Emu-</strong></span> 
     </span>
    </p>
   </div>
   <div class='ocr_carea' id='block_1_77' title="bbox 2151 3302 3716 3380">
    <p class='ocr_par' dir='ltr' id='par_1_77' title="bbox 2151 3302 3716 3380">
     <span class='ocr_line' id='line_1_77' title="bbox 2151 3302 3716 3380; baseline 0.003 -20"><span class='ocrx_word' id='word_1_574' title='bbox 2151 3305 2415 3375; x_wconf 88' lang='lat' dir='ltr'><strong>dogmatis</strong></span> <span class='ocrx_word' id='word_1_575' title='bbox 2438 3312 2590 3360; x_wconf 88' lang='lat' dir='ltr'><strong>ortus</strong></span> <span class='ocrx_word' id='word_1_576' title='bbox 2614 3302 2834 3370; x_wconf 87' lang='lat' dir='ltr'><strong>accidit,</strong></span> <span class='ocrx_word' id='word_1_577' title='bbox 2864 3316 2971 3371; x_wconf 90' lang='lat' dir='ltr'><strong>quo</strong></span> <span class='ocrx_word' id='word_1_578' title='bbox 3001 3320 3191 3361; x_wconf 89' lang='lat' dir='ltr'><strong>omnes</strong></span> <span class='ocrx_word' id='word_1_579' title='bbox 3212 3310 3566 3377; x_wconf 82' lang='lat' dir='ltr'><strong>cogitationes</strong></span> <span class='ocrx_word' id='word_1_580' title='bbox 3595 3327 3716 3380; x_wconf 63' lang='lat' dir='ltr'><strong>qua:</strong></span> 
     </span>
    </p>
   </div>
   <div class='ocr_carea' id='block_1_78' title="bbox 2149 3395 3715 3468">
    <p class='ocr_par' dir='ltr' id='par_1_78' title="bbox 2149 3395 3715 3468">
     <span class='ocr_line' id='line_1_78' title="bbox 2149 3395 3715 3468; baseline 0.003 -15"><span class='ocrx_word' id='word_1_581' title='bbox 2149 3407 2439 3467; x_wconf 76' lang='lat' dir='ltr'><strong>sperantur</strong></span> <span class='ocrx_word' id='word_1_582' title='bbox 2479 3396 2857 3465; x_wconf 89' lang='lat' dir='ltr'><strong>iniquitatem,</strong></span> <span class='ocrx_word' id='word_1_583' title='bbox 2886 3395 2952 3449; x_wconf 88' lang='lat' dir='ltr'><strong>de</strong></span> <span class='ocrx_word' id='word_1_584' title='bbox 2978 3398 3155 3450; x_wconf 88' lang='lat' dir='ltr'><strong>medio</strong></span> <span class='ocrx_word' id='word_1_585' title='bbox 3196 3399 3310 3451; x_wconf 89' lang='lat' dir='ltr'><strong>tolli</strong></span> <span class='ocrx_word' id='word_1_586' title='bbox 3339 3412 3569 3468; x_wconf 88' lang='lat' dir='ltr'><strong>oportet.</strong></span> <span class='ocrx_word' id='word_1_587' title='bbox 3600 3404 3715 3459; x_wconf 88' lang='lat' dir='ltr'><strong>Nisi</strong></span> 
     </span>
    </p>
   </div>
   <div class='ocr_carea' id='block_1_79' title="bbox 2150 3486 3713 3564">
    <p class='ocr_par' dir='ltr' id='par_1_79' title="bbox 2150 3486 3713 3564">
     <span class='ocr_line' id='line_1_79' title="bbox 2150 3486 3713 3564; baseline 0.005 -23"><span class='ocrx_word' id='word_1_588' title='bbox 2150 3488 2292 3541; x_wconf 88' lang='lat' dir='ltr'><strong>enim</strong></span> <span class='ocrx_word' id='word_1_589' title='bbox 2322 3487 2481 3557; x_wconf 90' lang='lat' dir='ltr'><strong>primi</strong></span> <span class='ocrx_word' id='word_1_590' title='bbox 2510 3487 2703 3542; x_wconf 73' lang='lat' dir='ltr'><strong>anima:</strong></span> <span class='ocrx_word' id='word_1_591' title='bbox 2728 3494 2905 3542; x_wconf 92' lang='lat' dir='ltr'><strong>motus</strong></span> <span class='ocrx_word' id='word_1_592' title='bbox 2934 3487 3000 3541; x_wconf 92' lang='lat' dir='ltr'><strong>ad</strong></span> <span class='ocrx_word' id='word_1_593' title='bbox 3028 3486 3284 3541; x_wconf 86' lang='lat' dir='ltr'><strong>malitiam</strong></span> <span class='ocrx_word' id='word_1_594' title='bbox 3311 3493 3713 3564; x_wconf 77' lang='lat' dir='ltr'><strong>exscindantur,</strong></span> 
     </span>
    </p>
   </div>
   <div class='ocr_carea' id='block_1_80' title="bbox 2150 3576 3714 3651">
    <p class='ocr_par' dir='ltr' id='par_1_80' title="bbox 2150 3576 3714 3651">
     <span class='ocr_line' id='line_1_80' title="bbox 2150 3576 3714 3651; baseline 0.01 -22"><span class='ocrx_word' id='word_1_595' title='bbox 2150 3576 2509 3631; x_wconf 89' lang='lat' dir='ltr'><strong>necessarium</strong></span> <span class='ocrx_word' id='word_1_596' title='bbox 2566 3587 2651 3632; x_wconf 88' lang='lat' dir='ltr'><strong>est</strong></span> <span class='ocrx_word' id='word_1_597' title='bbox 2719 3578 2998 3649; x_wconf 87' lang='lat' dir='ltr'><strong>cupidines</strong></span> <span class='ocrx_word' id='word_1_598' title='bbox 3052 3580 3119 3633; x_wconf 91' lang='lat' dir='ltr'><strong>ad</strong></span> <span class='ocrx_word' id='word_1_599' title='bbox 3187 3593 3324 3650; x_wconf 86' lang='lat' dir='ltr'><strong>opus</strong></span> <span class='ocrx_word' id='word_1_600' title='bbox 3397 3586 3714 3651; x_wconf 84' lang='lat' dir='ltr'><strong>procedere.</strong></span> 
     </span>
    </p>
   </div>
   <div class='ocr_carea' id='block_1_81' title="bbox 2146 3666 3717 3744">
    <p class='ocr_par' dir='ltr' id='par_1_81' title="bbox 2146 3666 3717 3744">
     <span class='ocr_line' id='line_1_81' title="bbox 2146 3666 3717 3744; baseline 0.007 -23"><span class='ocrx_word' id='word_1_601' title='bbox 2146 3666 2387 3738; x_wconf 77' lang='lat' dir='ltr'><strong>Exempli</strong></span> <span class='ocrx_word' id='word_1_602' title='bbox 2417 3682 2602 3737; x_wconf 89' lang='lat' dir='ltr'><strong>causa,</strong></span> <span class='ocrx_word' id='word_1_603' title='bbox 2647 3678 2897 3739; x_wconf 86' lang='lat' dir='ltr'><strong>peccator</strong></span> <span class='ocrx_word' id='word_1_604' title='bbox 2926 3680 3082 3726; x_wconf 70' lang='lat' dir='ltr'><strong>terrae</strong></span> <span class='ocrx_word' id='word_1_605' title='bbox 3131 3681 3215 3729; x_wconf 89' lang='lat' dir='ltr'><strong>est</strong></span> <span class='ocrx_word' id='word_1_606' title='bbox 3260 3674 3513 3744; x_wconf 83' lang='lat' dir='ltr'><strong>cogitatio</strong></span> <span class='ocrx_word' id='word_1_607' title='bbox 3542 3674 3717 3732; x_wconf 82' lang='lat' dir='ltr'><strong>forni-</strong></span> 
     </span>
    </p>
   </div>
   <div class='ocr_carea' id='block_1_82' title="bbox 2144 3758 3714 3833">
    <p class='ocr_par' dir='ltr' id='par_1_82' title="bbox 2144 3758 3714 3833">
     <span class='ocr_line' id='line_1_82' title="bbox 2144 3758 3714 3833; baseline 0.007 -21"><span class='ocrx_word' id='word_1_608' title='bbox 2144 3758 2409 3812; x_wconf 89' lang='lat' dir='ltr'><strong>cationem</strong></span> <span class='ocrx_word' id='word_1_609' title='bbox 2449 3772 2762 3828; x_wconf 88' lang='lat' dir='ltr'><strong>suggerens,</strong></span> <span class='ocrx_word' id='word_1_610' title='bbox 2791 3775 2912 3829; x_wconf 72' lang='lat' dir='ltr'><strong>quae</strong></span> <span class='ocrx_word' id='word_1_611' title='bbox 2956 3761 3117 3816; x_wconf 81' lang='lat' dir='ltr'><strong>eﬂlcit</strong></span> <span class='ocrx_word' id='word_1_612' title='bbox 3162 3772 3219 3817; x_wconf 90' lang='lat' dir='ltr'><strong>ut</strong></span> <span class='ocrx_word' id='word_1_613' title='bbox 3262 3766 3383 3833; x_wconf 90' lang='lat' dir='ltr'><strong>quis</strong></span> <span class='ocrx_word' id='word_1_614' title='bbox 3429 3767 3714 3823; x_wconf 89' lang='lat' dir='ltr'><strong>mulierem</strong></span> 
     </span>
    </p>
   </div>
   <div class='ocr_carea' id='block_1_83' title="bbox 2146 3846 3716 3927">
    <p class='ocr_par' dir='ltr' id='par_1_83' title="bbox 2146 3846 3716 3927">
     <span class='ocr_line' id='line_1_83' title="bbox 2146 3846 3716 3927; baseline 0.008 -28"><span class='ocrx_word' id='word_1_615' title='bbox 2146 3846 2399 3913; x_wconf 87' lang='lat' dir='ltr'><strong>respiciat</strong></span> <span class='ocrx_word' id='word_1_616' title='bbox 2443 3847 2511 3899; x_wconf 90' lang='lat' dir='ltr'><strong>ad</strong></span> <span class='ocrx_word' id='word_1_617' title='bbox 2553 3848 3038 3916; x_wconf 87' lang='lat' dir='ltr'><strong>concupiscendum</strong></span> <span class='ocrx_word' id='word_1_618' title='bbox 3093 3864 3210 3901; x_wconf 90' lang='lat' dir='ltr'><strong>eam</strong></span> <span class='ocrx_word' id='word_1_619' title='bbox 3247 3853 3293 3884; x_wconf 75' lang='lat'>“</span> <span class='ocrx_word' id='word_1_620' title='bbox 3329 3869 3341 3905; x_wconf 93' lang='lat'>:</span> <span class='ocrx_word' id='word_1_621' title='bbox 3384 3854 3501 3910; x_wconf 64' lang='lat' dir='ltr'><strong>haec</strong></span> <span class='ocrx_word' id='word_1_622' title='bbox 3548 3872 3716 3927; x_wconf 90' lang='lat' dir='ltr'><strong>porro</strong></span> 
     </span>
    </p>
   </div>
   <div class='ocr_carea' id='block_1_84' title="bbox 2145 3936 3717 4011">
    <p class='ocr_par' dir='ltr' id='par_1_84' title="bbox 2145 3936 3717 4011">
     <span class='ocr_line' id='line_1_84' title="bbox 2145 3936 3717 4011; baseline 0.008 -21"><span class='ocrx_word' id='word_1_623' title='bbox 2145 3936 2246 3991; x_wconf 89' lang='lat' dir='ltr'><strong>nisi</strong></span> <span class='ocrx_word' id='word_1_624' title='bbox 2283 3936 2336 3991; x_wconf 94' lang='lat' dir='ltr'><strong>in</strong></span> <span class='ocrx_word' id='word_1_625' title='bbox 2368 3936 2547 3991; x_wconf 88' lang='lat' dir='ltr'><strong>anima</strong></span> <span class='ocrx_word' id='word_1_626' title='bbox 2581 3938 2884 4001; x_wconf 88' lang='lat' dir='ltr'><strong>occidatur,</strong></span> <span class='ocrx_word' id='word_1_627' title='bbox 2911 3952 2975 3992; x_wconf 91' lang='lat' dir='ltr'><strong>ac</strong></span> <span class='ocrx_word' id='word_1_628' title='bbox 3006 3939 3214 3992; x_wconf 86' lang='lat' dir='ltr'><strong>ratione</strong></span> <span class='ocrx_word' id='word_1_629' title='bbox 3240 3954 3338 3995; x_wconf 90' lang='lat' dir='ltr'><strong>ceu</strong></span> <span class='ocrx_word' id='word_1_630' title='bbox 3369 3943 3547 4011; x_wconf 88' lang='lat' dir='ltr'><strong>gladio</strong></span> <span class='ocrx_word' id='word_1_631' title='bbox 3569 3949 3717 4003; x_wconf 87' lang='lat' dir='ltr'><strong>scin-</strong></span> 
     </span>
    </p>
   </div>
   <div class='ocr_carea' id='block_1_85' title="bbox 2142 4026 3715 4098">
    <p class='ocr_par' dir='ltr' id='par_1_85' title="bbox 2142 4026 3715 4098">
     <span class='ocr_line' id='line_1_85' title="bbox 2142 4026 3715 4098; baseline 0.006 -17"><span class='ocrx_word' id='word_1_632' title='bbox 2142 4028 2302 4082; x_wconf 87' lang='lat' dir='ltr'><strong>dente</strong></span> <span class='ocrx_word' id='word_1_633' title='bbox 2332 4036 2386 4083; x_wconf 90' lang='lat' dir='ltr'><strong>et</strong></span> <span class='ocrx_word' id='word_1_634' title='bbox 2412 4026 2637 4083; x_wconf 79' lang='lat' dir='ltr'><strong>affectus</strong></span> <span class='ocrx_word' id='word_1_635' title='bbox 2656 4027 2874 4083; x_wconf 89' lang='lat' dir='ltr'><strong>tollente</strong></span> <span class='ocrx_word' id='word_1_636' title='bbox 2897 4028 3151 4093; x_wconf 66' lang='lat' dir='ltr'><strong>caedatur,</strong></span> <span class='ocrx_word' id='word_1_637' title='bbox 3181 4029 3339 4098; x_wconf 92' lang='lat' dir='ltr'><strong>idque</strong></span> <span class='ocrx_word' id='word_1_638' title='bbox 3362 4030 3415 4085; x_wconf 91' lang='lat' dir='ltr'><strong>in</strong></span> <span class='ocrx_word' id='word_1_639' title='bbox 3447 4037 3715 4091; x_wconf 83' lang='lat' dir='ltr'><strong>matutino</strong></span> 
     </span>
    </p>
   </div>
   <div class='ocr_carea' id='block_1_86' title="bbox 2141 4104 3715 4193">
    <p class='ocr_par' dir='ltr' id='par_1_86' title="bbox 2141 4104 3715 4193">
     <span class='ocr_line' id='line_1_86' title="bbox 2141 4104 3715 4193; baseline 0.006 -19"><span class='ocrx_word' id='word_1_640' title='bbox 2141 4104 2425 4184; x_wconf 76' lang='lat' dir='ltr'><strong>efﬁciatur,</strong></span> <span class='ocrx_word' id='word_1_641' title='bbox 2453 4120 2660 4175; x_wconf 90' lang='lat' dir='ltr'><strong>scilicet</strong></span> <span class='ocrx_word' id='word_1_642' title='bbox 2689 4134 2813 4175; x_wconf 89' lang='lat' dir='ltr'><strong>cum</strong></span> <span class='ocrx_word' id='word_1_643' title='bbox 2842 4119 3075 4189; x_wconf 88' lang='lat' dir='ltr'><strong>primum</strong></span> <span class='ocrx_word' id='word_1_644' title='bbox 3101 4120 3186 4175; x_wconf 88' lang='lat' dir='ltr'><strong>illa</strong></span> <span class='ocrx_word' id='word_1_645' title='bbox 3218 4122 3393 4192; x_wconf 88' lang='lat' dir='ltr'><strong>palam</strong></span> <span class='ocrx_word' id='word_1_646' title='bbox 3418 4125 3715 4193; x_wconf 84' lang='lat' dir='ltr'><strong>deprehen-</strong></span> 
     </span>
    </p>
   </div>
   <div class='ocr_carea' id='block_1_87' title="bbox 2141 4210 3711 4285">
    <p class='ocr_par' dir='ltr' id='par_1_87' title="bbox 2141 4210 3711 4285">
     <span class='ocr_line' id='line_1_87' title="bbox 2141 4210 3711 4285; baseline 0.007 -21"><span class='ocrx_word' id='word_1_647' title='bbox 2141 4213 2282 4265; x_wconf 87' lang='lat' dir='ltr'><strong>ditur</strong></span> <span class='ocrx_word' id='word_1_648' title='bbox 2316 4210 2471 4282; x_wconf 88' lang='lat' dir='ltr'><strong>(nam</strong></span> <span class='ocrx_word' id='word_1_649' title='bbox 2494 4212 2708 4281; x_wconf 91' lang='lat' dir='ltr'><strong>quidvis</strong></span> <span class='ocrx_word' id='word_1_650' title='bbox 2739 4213 3089 4282; x_wconf 89' lang='lat' dir='ltr'><strong>conspicuum</strong></span> <span class='ocrx_word' id='word_1_651' title='bbox 3120 4214 3209 4268; x_wconf 79' lang='lat' dir='ltr'><strong>lux</strong></span> <span class='ocrx_word' id='word_1_652' title='bbox 3232 4226 3314 4269; x_wconf 90' lang='lat' dir='ltr'><strong>est</strong></span> <span class='ocrx_word' id='word_1_653' title='bbox 3336 4223 3377 4281; x_wconf 86' lang='lat'><strong>),</strong></span> <span class='ocrx_word' id='word_1_654' title='bbox 3416 4230 3536 4285; x_wconf 89' lang='lat' dir='ltr'><strong>post</strong></span> <span class='ocrx_word' id='word_1_655' title='bbox 3563 4219 3711 4276; x_wconf 89' lang='lat' dir='ltr'><strong>illam</strong></span> 
     </span>
    </p>
   </div>
   <div class='ocr_carea' id='block_1_88' title="bbox 2140 4290 3709 4376">
    <p class='ocr_par' dir='ltr' id='par_1_88' title="bbox 2140 4290 3709 4376">
     <span class='ocr_line' id='line_1_88' title="bbox 2140 4290 3709 4376; baseline 0.008 -21"><span class='ocrx_word' id='word_1_656' title='bbox 2140 4302 2193 4355; x_wconf 93' lang='lat' dir='ltr'><strong>in</strong></span> <span class='ocrx_word' id='word_1_657' title='bbox 2229 4305 2391 4360; x_wconf 89' lang='lat' dir='ltr'><strong>corde</strong></span> <span class='ocrx_word' id='word_1_658' title='bbox 2414 4303 2854 4367; x_wconf 83' lang='lat' dir='ltr'><strong>fornicationem,</strong></span> <span class='ocrx_word' id='word_1_659' title='bbox 2892 4305 2957 4357; x_wconf 91' lang='lat' dir='ltr'><strong>ad</strong></span> <span class='ocrx_word' id='word_1_660' title='bbox 2988 4306 3205 4373; x_wconf 86' lang='lat' dir='ltr'><strong>gravius</strong></span> <span class='ocrx_word' id='word_1_661' title='bbox 3238 4290 3398 4360; x_wconf 89' lang='lat' dir='ltr'><strong>etiam</strong></span> <span class='ocrx_word' id='word_1_662' title='bbox 3429 4323 3709 4376; x_wconf 90' lang='lat' dir='ltr'><strong>peccatum</strong></span> 
     </span>
    </p>
   </div>
   <div class='ocr_carea' id='block_1_89' title="bbox 2141 4392 3711 4469">
    <p class='ocr_par' dir='ltr' id='par_1_89' title="bbox 2141 4392 3711 4469">
     <span class='ocr_line' id='line_1_89' title="bbox 2141 4392 3711 4469; baseline 0.005 -20"><span class='ocrx_word' id='word_1_663' title='bbox 2141 4392 2228 4449; x_wconf 90' lang='lat' dir='ltr'><strong>illa</strong></span> <span class='ocrx_word' id='word_1_664' title='bbox 2274 4394 2543 4449; x_wconf 81' lang='lat' dir='ltr'><strong>hominem</strong></span> <span class='ocrx_word' id='word_1_665' title='bbox 2590 4393 2853 4457; x_wconf 87' lang='lat' dir='ltr'><strong>deducet,</strong></span> <span class='ocrx_word' id='word_1_666' title='bbox 2890 4392 2943 4447; x_wconf 92' lang='lat' dir='ltr'><strong>id</strong></span> <span class='ocrx_word' id='word_1_667' title='bbox 2992 4401 3073 4447; x_wconf 86' lang='lat' dir='ltr'><strong>est</strong></span> <span class='ocrx_word' id='word_1_668' title='bbox 3120 4395 3187 4448; x_wconf 93' lang='lat' dir='ltr'><strong>ad</strong></span> <span class='ocrx_word' id='word_1_669' title='bbox 3221 4409 3539 4466; x_wconf 89' lang='lat' dir='ltr'><strong>corporeum</strong></span> <span class='ocrx_word' id='word_1_670' title='bbox 3575 4417 3711 4469; x_wconf 82' lang='lat' dir='ltr'><strong>Opus</strong></span> 
     </span>
    </p>
   </div>
   <div class='ocr_carea' id='block_1_90' title="bbox 2135 4482 3714 4559">
    <p class='ocr_par' dir='ltr' id='par_1_90' title="bbox 2135 4482 3714 4559">
     <span class='ocr_line' id='line_1_90' title="bbox 2135 4482 3714 4559; baseline 0.004 -18"><span class='ocrx_word' id='word_1_671' title='bbox 2135 4485 2403 4541; x_wconf 89' lang='lat' dir='ltr'><strong>evocabit.</strong></span> <span class='ocrx_word' id='word_1_672' title='bbox 2440 4503 2461 4537; x_wconf 75' lang='grc' dir='ltr'><strong>ι</strong></span> <span class='ocrx_word' id='word_1_673' title='bbox 2507 4482 2632 4538; x_wconf 61' lang='lat' dir='ltr'><strong>Hac</strong></span> <span class='ocrx_word' id='word_1_674' title='bbox 2660 4485 2726 4538; x_wconf 89' lang='lat' dir='ltr'><strong>ad</strong></span> <span class='ocrx_word' id='word_1_675' title='bbox 2759 4484 2976 4539; x_wconf 84' lang='lat' dir='ltr'><strong>verbum</strong></span> <span class='ocrx_word' id='word_1_676' title='bbox 3027 4483 3277 4554; x_wconf 89' lang='lat' dir='ltr'><strong>leguntur</strong></span> <span class='ocrx_word' id='word_1_677' title='bbox 3312 4489 3451 4559; x_wconf 90' lang='lat' dir='ltr'><strong>apud</strong></span> <span class='ocrx_word' id='word_1_678' title='bbox 3487 4492 3714 4559; x_wconf 89' lang='lat' dir='ltr'><strong>pseudo-</strong></span> 
     </span>
    </p>
   </div>
   <div class='ocr_carea' id='block_1_91' title="bbox 464 4574 2046 4655">
    <p class='ocr_par' dir='ltr' id='par_1_91' title="bbox 464 4578 2037 4655">
     <span class='ocr_line' id='line_1_91' title="bbox 464 4578 2037 4655; baseline 0.004 -22"><span class='ocrx_word' id='word_1_679' title='bbox 464 4584 569 4634; x_wconf 86' lang='grc' dir='ltr'><strong>θεν</strong></span> <span class='ocrx_word' id='word_1_680' title='bbox 598 4580 667 4633; x_wconf 80' lang='grc' dir='ltr'><strong>ἐκ</strong></span> <span class='ocrx_word' id='word_1_681' title='bbox 692 4578 803 4648; x_wconf 85' lang='grc' dir='ltr'><strong>τῆς</strong></span> <span class='ocrx_word' id='word_1_682' title='bbox 830 4580 1076 4647; x_wconf 77' lang='grc' dir='ltr'><strong>καρδίας</strong></span> <span class='ocrx_word' id='word_1_683' title='bbox 1099 4581 1442 4651; x_wconf 79' lang='grc' dir='ltr'><strong>ἐξέρχονται</strong></span> <span class='ocrx_word' id='word_1_684' title='bbox 1464 4584 1742 4655; x_wconf 73' lang='grc' dir='ltr'><strong>λογισμοὶ</strong></span> <span class='ocrx_word' id='word_1_685' title='bbox 1766 4588 2037 4655; x_wconf 80' lang='grc' dir='ltr'><strong>πονηροὶ,</strong></span> 
     </span>
    </p>
   </div>
   <div class='ocr_carea' id='block_1_92' title="bbox 2146 4574 3711 4655">
    <p class='ocr_par' dir='ltr' id='par_1_92' title="bbox 2146 4574 3711 4653">
     <span class='ocr_line' id='line_1_92' title="bbox 2146 4574 3711 4653; baseline 0.006 -23"><span class='ocrx_word' id='word_1_686' title='bbox 2146 4576 2396 4631; x_wconf 90' lang='lat' dir='ltr'><strong>Basilium</strong></span> <span class='ocrx_word' id='word_1_687' title='bbox 2464 4588 2528 4629; x_wconf 86' lang='lat' dir='ltr'><strong>eo</strong></span> <span class='ocrx_word' id='word_1_688' title='bbox 2570 4575 2621 4629; x_wconf 90' lang='lat' dir='ltr'><strong>in</strong></span> <span class='ocrx_word' id='word_1_689' title='bbox 2676 4574 2825 4639; x_wconf 92' lang='lat' dir='ltr'><strong>loco,</strong></span> <span class='ocrx_word' id='word_1_690' title='bbox 2901 4574 2988 4629; x_wconf 91' lang='lat' dir='ltr'><strong>ubi</strong></span> <span class='ocrx_word' id='word_1_691' title='bbox 3044 4576 3231 4633; x_wconf 89' lang='lat' dir='ltr'><strong>ultima</strong></span> <span class='ocrx_word' id='word_1_692' title='bbox 3282 4579 3400 4636; x_wconf 86' lang='lat' dir='ltr'><strong>vice</strong></span> <span class='ocrx_word' id='word_1_693' title='bbox 3457 4584 3711 4653; x_wconf 77' lang='lat' dir='ltr'><strong>explanat</strong></span> 
     </span>
    </p>
   </div>
   <div class='ocr_carea' id='block_1_93' title="bbox 463 4671 2034 4747">
    <p class='ocr_par' dir='ltr' id='par_1_93' title="bbox 463 4671 2034 4747">
     <span class='ocr_line' id='line_1_93' title="bbox 463 4671 2034 4747; baseline 0.006 -25"><span class='ocrx_word' id='word_1_694' title='bbox 463 4673 655 4738; x_wconf 71' lang='grc' dir='ltr'><strong>φόνοι,</strong></span> <span class='ocrx_word' id='word_1_695' title='bbox 682 4671 959 4742; x_wconf 80' lang='grc' dir='ltr'><strong>μοιχεῖαι,</strong></span> <span class='ocrx_word' id='word_1_696' title='bbox 1012 4672 1297 4740; x_wconf 80' lang='grc' dir='ltr'><strong>πορνεῖαι,</strong></span> <span class='ocrx_word' id='word_1_697' title='bbox 1342 4675 1591 4741; x_wconf 73' lang='grc' dir='ltr'><strong>κλοπαὶ,</strong></span> <span class='ocrx_word' id='word_1_698' title='bbox 1626 4676 2034 4747; x_wconf 72' lang='grc' dir='ltr'><strong>ψευδομαρτυ-</strong></span> 
     </span>
    </p>
   </div>
   <div class='ocr_carea' id='block_1_94' title="bbox 454 4763 2037 4834">
    <p class='ocr_par' dir='ltr' id='par_1_94' title="bbox 454 4763 2037 4834">
     <span class='ocr_line' id='line_1_94' title="bbox 454 4763 2037 4834; baseline 0.006 -20"><span class='ocrx_word' id='word_1_699' title='bbox 454 4763 601 4830; x_wconf 80' lang='grc' dir='ltr'><strong>ρίαι,</strong></span> <span class='ocrx_word' id='word_1_700' title='bbox 626 4763 1031 4834; x_wconf 69' lang='grc' dir='ltr'><strong>βλασφημίαι.</strong></span> <span class='ocrx_word' id='word_1_701' title='bbox 1070 4763 1261 4819; x_wconf 80' lang='grc' dir='ltr'><strong>Ταῦτά</strong></span> <span class='ocrx_word' id='word_1_702' title='bbox 1294 4766 1425 4818; x_wconf 85' lang='grc' dir='ltr'><strong>ἐστι</strong></span> <span class='ocrx_word' id='word_1_703' title='bbox 1454 4767 1527 4819; x_wconf 85' lang='grc' dir='ltr'><strong>τὰ</strong></span> <span class='ocrx_word' id='word_1_704' title='bbox 1576 4768 1889 4823; x_wconf 81' lang='grc' dir='ltr'><strong>κοινοῦντα</strong></span> <span class='ocrx_word' id='word_1_705' title='bbox 1930 4769 2037 4823; x_wconf 87' lang='grc' dir='ltr'><strong>τὸν</strong></span> 
     </span>
    </p>
   </div>
   <div class='ocr_carea' id='block_1_95' title="bbox 460 4854 2037 4931">
    <p class='ocr_par' dir='ltr' id='par_1_95' title="bbox 460 4854 2037 4931">
     <span class='ocr_line' id='line_1_95' title="bbox 460 4854 2037 4931; baseline 0.005 -24"><span class='ocrx_word' id='word_1_706' title='bbox 460 4854 795 4923; x_wconf 74' lang='grc' dir='ltr'><strong>ἄνθρωπον.</strong></span> <span class='ocrx_word' id='word_1_707' title='bbox 835 4856 1069 4919; x_wconf 86' lang='grc' dir='ltr'><strong>Τούτους</strong></span> <span class='ocrx_word' id='word_1_708' title='bbox 1099 4857 1164 4929; x_wconf 85' lang='grc' dir='ltr'><strong>δὴ</strong></span> <span class='ocrx_word' id='word_1_709' title='bbox 1204 4856 1330 4920; x_wconf 75' lang='grc' dir='ltr'><strong>τοὺς</strong></span> <span class='ocrx_word' id='word_1_710' title='bbox 1363 4858 1425 4909; x_wconf 86' lang='grc' dir='ltr'><strong>ἐκ</strong></span> <span class='ocrx_word' id='word_1_711' title='bbox 1467 4858 1568 4927; x_wconf 84' lang='grc' dir='ltr'><strong>τῆς</strong></span> <span class='ocrx_word' id='word_1_712' title='bbox 1597 4861 1790 4931; x_wconf 82' lang='grc' dir='ltr'><strong>γηϊνης</strong></span> <span class='ocrx_word' id='word_1_713' title='bbox 1837 4860 2037 4931; x_wconf 83' lang='grc' dir='ltr'><strong>σαρκὸς</strong></span> 
     </span>
    </p>
   </div>
   <div class='ocr_carea' id='block_1_96' title="bbox 422 4948 2035 5025">
    <p class='ocr_par' dir='ltr' id='par_1_96' title="bbox 422 4948 2035 5025">
     <span class='ocr_line' id='line_1_96' title="bbox 422 4948 2035 5025; baseline 0.002 -26"><span class='ocrx_word' id='word_1_714' title='bbox 422 4948 423 4951; x_wconf 63' lang='grc'><em>“</em></span> <span class='ocrx_word' id='word_1_715' title='bbox 461 4948 765 5016; x_wconf 79' lang='grc' dir='ltr'><strong>προϊόντας,</strong></span> <span class='ocrx_word' id='word_1_716' title='bbox 807 4948 926 5002; x_wconf 89' lang='grc' dir='ltr'><strong>καθ’</strong></span> <span class='ocrx_word' id='word_1_717' title='bbox 971 4950 1205 5016; x_wconf 76' lang='grc' dir='ltr'><strong>ἑκάστην</strong></span> <span class='ocrx_word' id='word_1_718' title='bbox 1236 4949 1444 5004; x_wconf 76' lang='grc' dir='ltr'><strong>ἔννοιαν</strong></span> <span class='ocrx_word' id='word_1_719' title='bbox 1481 4948 1580 5021; x_wconf 76' lang='grc' dir='ltr'><strong>τὴν</strong></span> <span class='ocrx_word' id='word_1_720' title='bbox 1614 4954 1742 5025; x_wconf 81' lang='grc' dir='ltr'><strong>περὶ</strong></span> <span class='ocrx_word' id='word_1_721' title='bbox 1782 4952 1917 5005; x_wconf 88' lang='grc' dir='ltr'><strong>Θεοῦ</strong></span> <span class='ocrx_word' id='word_1_722' title='bbox 1951 4952 2035 5019; x_wconf 77' lang='grc' dir='ltr'><strong>ἐξ-</strong></span> 
     </span>
    </p>
   </div>
   <div class='ocr_carea' id='block_1_97' title="bbox 460 5038 2033 5115">
    <p class='ocr_par' dir='ltr' id='par_1_97' title="bbox 460 5038 2033 5115">
     <span class='ocr_line' id='line_1_97' title="bbox 460 5038 2033 5115; baseline 0.005 -23"><span class='ocrx_word' id='word_1_723' title='bbox 460 5038 710 5108; x_wconf 77' lang='grc' dir='ltr'><strong>αφανίζει</strong></span> <span class='ocrx_word' id='word_1_724' title='bbox 732 5042 794 5093; x_wconf 83' lang='grc' dir='ltr'><strong>ὲκ</strong></span> <span class='ocrx_word' id='word_1_725' title='bbox 808 5040 909 5111; x_wconf 78' lang='grc' dir='ltr'><strong>τῆς</strong></span> <span class='ocrx_word' id='word_1_726' title='bbox 927 5040 1061 5102; x_wconf 75' lang='grc' dir='ltr'><strong>ἰδίας</strong></span> <span class='ocrx_word' id='word_1_727' title='bbox 1082 5042 1391 5106; x_wconf 84' lang='grc' dir='ltr'><strong>συστάσεως</strong></span> <span class='ocrx_word' id='word_1_728' title='bbox 1411 5044 1439 5095; x_wconf 88' lang='grc' dir='ltr'><strong>ό</strong></span> <span class='ocrx_word' id='word_1_729' title='bbox 1459 5042 1649 5095; x_wconf 80' lang='grc' dir='ltr'><strong>ἑαυτὸν</strong></span> <span class='ocrx_word' id='word_1_730' title='bbox 1672 5044 2033 5115; x_wconf 84' lang='grc' dir='ltr'><strong>ἐκκαθαίρων.</strong></span> 
     </span>
    </p>
   </div>
   <div class='ocr_carea' id='block_1_98' title="bbox 459 5126 2038 5208">
    <p class='ocr_par' dir='ltr' id='par_1_98' title="bbox 459 5126 2038 5208">
     <span class='ocr_line' id='line_1_98' title="bbox 459 5126 2038 5208; baseline 0.003 -26"><span class='ocrx_word' id='word_1_731' title='bbox 459 5130 646 5199; x_wconf 85' lang='grc' dir='ltr'><strong>Πρωία</strong></span> <span class='ocrx_word' id='word_1_732' title='bbox 669 5126 762 5183; x_wconf 83' lang='grc' dir='ltr'><strong>οῦν</strong></span> <span class='ocrx_word' id='word_1_733' title='bbox 792 5133 884 5184; x_wconf 81' lang='grc' dir='ltr'><strong>καὶ</strong></span> <span class='ocrx_word' id='word_1_734' title='bbox 905 5131 1099 5204; x_wconf 76' lang='grc' dir='ltr'><strong>ὄρθρος</strong></span> <span class='ocrx_word' id='word_1_735' title='bbox 1126 5133 1183 5186; x_wconf 88' lang='grc' dir='ltr'><strong>ἐν</strong></span> <span class='ocrx_word' id='word_1_736' title='bbox 1208 5132 1352 5205; x_wconf 77' lang='grc' dir='ltr'><strong>ψυχῇ</strong></span> <span class='ocrx_word' id='word_1_737' title='bbox 1380 5135 1501 5188; x_wconf 83' lang='grc' dir='ltr'><strong>καθ’</strong></span> <span class='ocrx_word' id='word_1_738' title='bbox 1518 5134 1756 5207; x_wconf 74' lang='grc' dir='ltr'><strong>ἑκάστην</strong></span> <span class='ocrx_word' id='word_1_739' title='bbox 1780 5136 2038 5208; x_wconf 81' lang='grc' dir='ltr'><strong>ἀνατολὴν</strong></span> 
     </span>
    </p>
   </div>
   <div class='ocr_carea' id='block_1_99' title="bbox 461 5218 2035 5299">
    <p class='ocr_par' dir='ltr' id='par_1_99' title="bbox 461 5218 2035 5299">
     <span class='ocr_line' id='line_1_99' title="bbox 461 5218 2035 5299; baseline 0.006 -27"><span class='ocrx_word' id='word_1_740' title='bbox 461 5222 725 5291; x_wconf 82' lang='grc' dir='ltr'><strong>σωτηρίου</strong></span> <span class='ocrx_word' id='word_1_741' title='bbox 782 5222 1023 5291; x_wconf 87' lang='grc' dir='ltr'><strong>γίνεται·</strong></span> <span class='ocrx_word' id='word_1_742' title='bbox 1072 5226 1129 5277; x_wconf 84' lang='grc' dir='ltr'><strong>ὲν</strong></span> <span class='ocrx_word' id='word_1_743' title='bbox 1260 5225 1672 5295; x_wconf 74' lang='grc' dir='ltr'><strong>ἐξαφανίζεσθαι</strong></span> <span class='ocrx_word' id='word_1_744' title='bbox 1715 5229 1793 5281; x_wconf 81' lang='grc' dir='ltr'><strong>δεῖ</strong></span> <span class='ocrx_word' id='word_1_745' title='bbox 1830 5228 2035 5293; x_wconf 79' lang='grc' dir='ltr'><strong>πάντας</strong></span> 
     </span>
    </p>
   </div>
   <div class='ocr_carea' id='block_1_100' title="bbox 457 5314 2034 5390">
    <p class='ocr_par' dir='ltr' id='par_1_100' title="bbox 457 5314 2034 5390">
     <span class='ocr_line' id='line_1_100' title="bbox 457 5314 2034 5390; baseline 0.004 -25"><span class='ocrx_word' id='word_1_746' title='bbox 457 5314 581 5375; x_wconf 73' lang='grc' dir='ltr'><strong>τοὺς</strong></span> <span class='ocrx_word' id='word_1_747' title='bbox 611 5314 1011 5386; x_wconf 76' lang='grc' dir='ltr'><strong>ἐργαζομένους</strong></span> <span class='ocrx_word' id='word_1_748' title='bbox 1038 5318 1137 5388; x_wconf 83' lang='grc' dir='ltr'><strong>τὴν</strong></span> <span class='ocrx_word' id='word_1_749' title='bbox 1179 5318 1408 5389; x_wconf 82' lang='grc' dir='ltr'><strong>ἀνομίαν</strong></span> <span class='ocrx_word' id='word_1_750' title='bbox 1461 5318 1767 5390; x_wconf 86' lang='grc' dir='ltr'><strong>λογισμούς.</strong></span> <span class='ocrx_word' id='word_1_751' title='bbox 1820 5321 1885 5373; x_wconf 78' lang='lat' dir='ltr'><strong>Ei</strong></span> <span class='ocrx_word' id='word_1_752' title='bbox 1927 5320 2034 5390; x_wconf 86' lang='grc' dir='ltr'><strong>γὰρ</strong></span> 
     </span>
    </p>
   </div>
   <div class='ocr_carea' id='block_1_101' title="bbox 462 5404 2032 5482">
    <p class='ocr_par' dir='ltr' id='par_1_101' title="bbox 462 5404 2032 5482">
     <span class='ocr_line' id='line_1_101' title="bbox 462 5404 2032 5482; baseline 0.012 -27"><span class='ocrx_word' id='word_1_753' title='bbox 462 5404 534 5473; x_wconf 85' lang='grc' dir='ltr'><strong>μὴ</strong></span> <span class='ocrx_word' id='word_1_754' title='bbox 567 5405 635 5457; x_wconf 84' lang='grc' dir='ltr'><strong>τὰ</strong></span> <span class='ocrx_word' id='word_1_755' title='bbox 687 5406 877 5476; x_wconf 86' lang='grc' dir='ltr'><strong>πρῶτα</strong></span> <span class='ocrx_word' id='word_1_756' title='bbox 922 5406 1057 5479; x_wconf 73' lang='grc' dir='ltr'><strong>πρὸς</strong></span> <span class='ocrx_word' id='word_1_757' title='bbox 1090 5410 1353 5480; x_wconf 83' lang='grc' dir='ltr'><strong>πονηρίας</strong></span> <span class='ocrx_word' id='word_1_758' title='bbox 1398 5412 1674 5482; x_wconf 81' lang='grc' dir='ltr'><strong>κινήματα</strong></span> <span class='ocrx_word' id='word_1_759' title='bbox 1715 5410 1814 5480; x_wconf 80' lang='grc' dir='ltr'><strong>τῆς</strong></span> <span class='ocrx_word' id='word_1_760' title='bbox 1853 5411 2032 5481; x_wconf 78' lang='grc' dir='ltr'><strong>ψυχῆς</strong></span> 
     </span>
    </p>
   </div>
   <div class='ocr_carea' id='block_1_102' title="bbox 459 5492 2029 5572">
    <p class='ocr_par' dir='ltr' id='par_1_102' title="bbox 459 5492 2029 5572">
     <span class='ocr_line' id='line_1_102' title="bbox 459 5492 2029 5572; baseline 0.005 -29"><span class='ocrx_word' id='word_1_761' title='bbox 459 5492 774 5567; x_wconf 84' lang='grc' dir='ltr'><strong>ἐκτμηθείη,</strong></span> <span class='ocrx_word' id='word_1_762' title='bbox 803 5496 1015 5569; x_wconf 82' lang='grc' dir='ltr'><strong>ἀνάγκη</strong></span> <span class='ocrx_word' id='word_1_763' title='bbox 1050 5500 1129 5561; x_wconf 84' lang='grc' dir='ltr'><strong>είς</strong></span> <span class='ocrx_word' id='word_1_764' title='bbox 1158 5499 1313 5569; x_wconf 77' lang='grc' dir='ltr'><strong>ἔργον</strong></span> <span class='ocrx_word' id='word_1_765' title='bbox 1356 5504 1707 5572; x_wconf 77' lang='grc' dir='ltr'><strong>προχωρῆσαι</strong></span> <span class='ocrx_word' id='word_1_766' title='bbox 1742 5500 1839 5565; x_wconf 77' lang='grc' dir='ltr'><strong>τὰς</strong></span> <span class='ocrx_word' id='word_1_767' title='bbox 1872 5499 2029 5551; x_wconf 87' lang='grc' dir='ltr'><strong>ἐνθυ-</strong></span> 
     </span>
    </p>
   </div>
   <div class='ocr_carea' id='block_1_103' title="bbox 462 5581 2029 5663">
    <p class='ocr_par' dir='ltr' id='par_1_103' title="bbox 462 5581 2029 5663">
     <span class='ocr_line' id='line_1_103' title="bbox 462 5581 2029 5663; baseline 0.004 -27"><span class='ocrx_word' id='word_1_768' title='bbox 462 5584 672 5653; x_wconf 79' lang='grc' dir='ltr'><strong>μήσεις.</strong></span> <span class='ocrx_word' id='word_1_769' title='bbox 704 5581 845 5641; x_wconf 77' lang='grc' dir='ltr'><strong>Οἷον.</strong></span> <span class='ocrx_word' id='word_1_770' title='bbox 873 5588 978 5657; x_wconf 83' lang='grc' dir='ltr'><strong>γῆς</strong></span> <span class='ocrx_word' id='word_1_771' title='bbox 1023 5590 1340 5662; x_wconf 86' lang='grc' dir='ltr'><strong>ἁμαρτωλός</strong></span> <span class='ocrx_word' id='word_1_772' title='bbox 1378 5593 1528 5645; x_wconf 84' lang='grc' dir='ltr'><strong>ἐστιν</strong></span> <span class='ocrx_word' id='word_1_773' title='bbox 1562 5593 1590 5645; x_wconf 82' lang='grc' dir='ltr'><strong>ὁ</strong></span> <span class='ocrx_word' id='word_1_774' title='bbox 1636 5594 1732 5662; x_wconf 81' lang='grc' dir='ltr'><strong>τὴν</strong></span> <span class='ocrx_word' id='word_1_775' title='bbox 1787 5590 2029 5663; x_wconf 82' lang='grc' dir='ltr'><strong>μοιχείαν</strong></span> 
     </span>
    </p>
   </div>
   <div class='ocr_carea' id='block_1_104' title="bbox 461 5675 2031 5755">
    <p class='ocr_par' dir='ltr' id='par_1_104' title="bbox 461 5675 2031 5755">
     <span class='ocr_line' id='line_1_104' title="bbox 461 5675 2031 5755; baseline 0.009 -28"><span class='ocrx_word' id='word_1_776' title='bbox 461 5675 774 5731; x_wconf 60' lang='lat' dir='ltr'><strong>emissum</strong></span> <span class='ocrx_word' id='word_1_777' title='bbox 806 5680 1081 5751; x_wconf 84' lang='grc' dir='ltr'><strong>λογισμὸς,</strong></span> <span class='ocrx_word' id='word_1_778' title='bbox 1116 5684 1263 5744; x_wconf 77' lang='grc' dir='ltr'><strong>ὅστις</strong></span> <span class='ocrx_word' id='word_1_779' title='bbox 1294 5683 1505 5755; x_wconf 86' lang='grc' dir='ltr'><strong>ἐνεργεῖ</strong></span> <span class='ocrx_word' id='word_1_780' title='bbox 1536 5685 1596 5737; x_wconf 84' lang='grc' dir='ltr'><strong>τὸ</strong></span> <span class='ocrx_word' id='word_1_781' title='bbox 1634 5685 1897 5755; x_wconf 73' lang='grc' dir='ltr'><strong>ἐμϐλέψαι</strong></span> <span class='ocrx_word' id='word_1_782' title='bbox 1934 5702 2031 5753; x_wconf 81' lang='grc' dir='ltr'><strong>γυ-</strong></span> 
     </span>
    </p>
   </div>
   <div class='ocr_carea' id='block_1_105' title="bbox 460 5766 2027 5848">
    <p class='ocr_par' dir='ltr' id='par_1_105' title="bbox 460 5766 2027 5848">
     <span class='ocr_line' id='line_1_105' title="bbox 460 5766 2027 5848; baseline 0.006 -29"><span class='ocrx_word' id='word_1_783' title='bbox 460 5766 608 5819; x_wconf 76' lang='grc' dir='ltr'><strong>ναικὶ</strong></span> <span class='ocrx_word' id='word_1_784' title='bbox 638 5768 773 5839; x_wconf 75' lang='grc' dir='ltr'><strong>πρὸς</strong></span> <span class='ocrx_word' id='word_1_785' title='bbox 795 5770 857 5823; x_wconf 83' lang='grc' dir='ltr'><strong>τὸ</strong></span> <span class='ocrx_word' id='word_1_786' title='bbox 878 5772 1211 5845; x_wconf 81' lang='grc' dir='ltr'><strong>ἐπιθυμῆσαι</strong></span> <span class='ocrx_word' id='word_1_787' title='bbox 1240 5776 1406 5845; x_wconf 81' lang='grc' dir='ltr'><strong>αὐτῆς</strong></span> <span class='ocrx_word' id='word_1_788' title='bbox 1430 5794 1442 5807; x_wconf 89' lang='grc'><strong>·</strong></span> <span class='ocrx_word' id='word_1_789' title='bbox 1473 5769 1622 5839; x_wconf 74' lang='grc' dir='ltr'><strong>οὗτος</strong></span> <span class='ocrx_word' id='word_1_790' title='bbox 1651 5779 1745 5829; x_wconf 79' lang='grc' dir='ltr'><strong>ἐὰν</strong></span> <span class='ocrx_word' id='word_1_791' title='bbox 1787 5779 1861 5848; x_wconf 77' lang='grc' dir='ltr'><strong>μὴ</strong></span> <span class='ocrx_word' id='word_1_792' title='bbox 1896 5780 2027 5829; x_wconf 85' lang='grc' dir='ltr'><strong>ἀπο-</strong></span> 
     </span>
    </p>
   </div>
   <div class='ocr_carea' id='block_1_106' title="bbox 533 5878 999 5950">
    <p class='ocr_par' dir='ltr' id='par_1_106' title="bbox 533 5878 999 5950">
     <span class='ocr_line' id='line_1_106' title="bbox 533 5878 999 5950; baseline 0.017 -18"><span class='ocrx_word' id='word_1_793' title='bbox 533 5880 577 5910; x_wconf 82' lang='lat'><strong>&quot;</strong></span> <span class='ocrx_word' id='word_1_794' title='bbox 602 5878 737 5935; x_wconf 75' lang='lat' dir='ltr'><strong>Psal.</strong></span> <span class='ocrx_word' id='word_1_795' title='bbox 774 5897 883 5950; x_wconf 62' lang='lat' dir='ltr'><strong>ant,</strong></span> <span class='ocrx_word' id='word_1_796' title='bbox 911 5884 999 5940; x_wconf 77' lang='lat'><strong>‘26.</strong></span> 
     </span>
    </p>
   </div>
   <div class='ocr_carea' id='block_1_107' title="bbox 1077 5887 2487 5959">
    <p class='ocr_par' dir='ltr' id='par_1_107' title="bbox 1077 5887 2487 5959">
     <span class='ocr_line' id='line_1_107' title="bbox 1077 5887 2487 5959; baseline 0.001 -17"><span class='ocrx_word' id='word_1_797' title='bbox 1077 5888 1120 5918; x_wconf 81' lang='lat'>&quot;</span> <span class='ocrx_word' id='word_1_798' title='bbox 1155 5887 1255 5945; x_wconf 83' lang='lat' dir='ltr'><strong>lsa.</strong></span> <span class='ocrx_word' id='word_1_799' title='bbox 1292 5905 1349 5957; x_wconf 84' lang='lat' dir='ltr'><strong>tt,</strong></span> <span class='ocrx_word' id='word_1_800' title='bbox 1382 5889 1465 5944; x_wconf 78' lang='grc'><strong>16.</strong></span> <span class='ocrx_word' id='word_1_801' title='bbox 1544 5890 1587 5921; x_wconf 66' lang='grc'><strong>’⁸</strong></span> <span class='ocrx_word' id='word_1_802' title='bbox 1612 5888 1752 5946; x_wconf 76' lang='lat' dir='ltr'><strong>Psal.</strong></span> <span class='ocrx_word' id='word_1_803' title='bbox 1792 5907 1840 5959; x_wconf 71' lang='grc' dir='ltr'><strong>ς,</strong></span> <span class='ocrx_word' id='word_1_804' title='bbox 1865 5890 1916 5944; x_wconf 87' lang='lat'><strong>8.</strong></span> <span class='ocrx_word' id='word_1_805' title='bbox 1994 5891 2038 5921; x_wconf 82' lang='lat'><strong>&quot;</strong></span> <span class='ocrx_word' id='word_1_806' title='bbox 2065 5888 2252 5945; x_wconf 71' lang='lat' dir='ltr'><strong>Matth.</strong></span> <span class='ocrx_word' id='word_1_807' title='bbox 2283 5904 2368 5947; x_wconf 78' lang='lat' dir='ltr'><strong>xv,</strong></span> <span class='ocrx_word' id='word_1_808' title='bbox 2404 5890 2487 5943; x_wconf 70' lang='grc' dir='ltr'><strong>ω.</strong></span> 
     </span>
    </p>
   </div>
   <div class='ocr_carea' id='block_1_108' title="bbox 2138 4666 3705 4743">
    <p class='ocr_par' dir='ltr' id='par_1_108' title="bbox 2138 4666 3705 4743">
     <span class='ocr_line' id='line_1_108' title="bbox 2138 4666 3705 4743; baseline 0.003 -19"><span class='ocrx_word' id='word_1_809' title='bbox 2138 4668 2226 4725; x_wconf 85' lang='lat' dir='ltr'><strong>illa</strong></span> <span class='ocrx_word' id='word_1_810' title='bbox 2259 4669 2430 4735; x_wconf 89' lang='lat' dir='ltr'><strong>(num.</strong></span> <span class='ocrx_word' id='word_1_811' title='bbox 2462 4666 2587 4739; x_wconf 69' lang='lat'><strong>£65)</strong></span> <span class='ocrx_word' id='word_1_812' title='bbox 2614 4687 2627 4722; x_wconf 93' lang='lat'><strong>:</strong></span> <span class='ocrx_word' id='word_1_813' title='bbox 2667 4666 2855 4736; x_wconf 79' lang='lat' dir='ltr'><strong>Itaque</strong></span> <span class='ocrx_word' id='word_1_814' title='bbox 2882 4682 2958 4721; x_wconf 69' lang='lat' dir='ltr'><strong>uae</strong></span> <span class='ocrx_word' id='word_1_815' title='bbox 2988 4668 3055 4723; x_wconf 81' lang='lat' dir='ltr'><strong>iis</strong></span> <span class='ocrx_word' id='word_1_816' title='bbox 3099 4673 3187 4739; x_wconf 82' lang='lat' dir='ltr'><strong>qui</strong></span> <span class='ocrx_word' id='word_1_817' title='bbox 3221 4683 3441 4741; x_wconf 80' lang='lat' dir='ltr'><strong>surgunt</strong></span> <span class='ocrx_word' id='word_1_818' title='bbox 3468 4680 3705 4743; x_wconf 82' lang='lat' dir='ltr'><strong>mane&quot;,</strong></span> 
     </span>
    </p>
   </div>
   <div class='ocr_carea' id='block_1_109' title="bbox 2138 4759 3707 4835">
    <p class='ocr_par' dir='ltr' id='par_1_109' title="bbox 2138 4759 3707 4835">
     <span class='ocr_line' id='line_1_109' title="bbox 2138 4759 3707 4835; baseline 0.006 -20"><span class='ocrx_word' id='word_1_819' title='bbox 2138 4769 2239 4815; x_wconf 89' lang='lat' dir='ltr'><strong>etc.</strong></span> <span class='ocrx_word' id='word_1_820' title='bbox 2271 4759 2499 4815; x_wconf 89' lang='lat' dir='ltr'><strong>Necesse</strong></span> <span class='ocrx_word' id='word_1_821' title='bbox 2555 4775 2659 4815; x_wconf 91' lang='lat' dir='ltr'><strong>non</strong></span> <span class='ocrx_word' id='word_1_822' title='bbox 2717 4769 2845 4828; x_wconf 91' lang='lat' dir='ltr'><strong>puto</strong></span> <span class='ocrx_word' id='word_1_823' title='bbox 2898 4763 3189 4832; x_wconf 87' lang='lat' dir='ltr'><strong>quidquam</strong></span> <span class='ocrx_word' id='word_1_824' title='bbox 3257 4765 3479 4818; x_wconf 87' lang='lat' dir='ltr'><strong>addere.</strong></span> <span class='ocrx_word' id='word_1_825' title='bbox 3534 4768 3707 4835; x_wconf 85' lang='lat' dir='ltr'><strong>Spero</strong></span> 
     </span>
    </p>
   </div>
   <div class='ocr_carea' id='block_1_110' title="bbox 2140 4851 3704 4923">
    <p class='ocr_par' dir='ltr' id='par_1_110' title="bbox 2140 4851 3704 4923">
     <span class='ocr_line' id='line_1_110' title="bbox 2140 4851 3704 4923; baseline 0.003 -16"><span class='ocrx_word' id='word_1_826' title='bbox 2140 4852 2285 4907; x_wconf 90' lang='lat' dir='ltr'><strong>enim</strong></span> <span class='ocrx_word' id='word_1_827' title='bbox 2304 4866 2490 4906; x_wconf 90' lang='lat' dir='ltr'><strong>omnes</strong></span> <span class='ocrx_word' id='word_1_828' title='bbox 2515 4852 2761 4907; x_wconf 90' lang='lat' dir='ltr'><strong>homines</strong></span> <span class='ocrx_word' id='word_1_829' title='bbox 2788 4851 2919 4908; x_wconf 88' lang='lat' dir='ltr'><strong>mihi</strong></span> <span class='ocrx_word' id='word_1_830' title='bbox 2946 4868 3283 4917; x_wconf 88' lang='lat' dir='ltr'><strong>assensurus,</strong></span> <span class='ocrx_word' id='word_1_831' title='bbox 3310 4854 3704 4923; x_wconf 85' lang='lat' dir='ltr'><strong>ineptissimam</strong></span> 
     </span>
    </p>
   </div>
   <div class='ocr_carea' id='block_1_111' title="bbox 2141 4941 3704 5018">
    <p class='ocr_par' dir='ltr' id='par_1_111' title="bbox 2141 4941 3704 5018">
     <span class='ocr_line' id='line_1_111' title="bbox 2141 4941 3704 5018; baseline 0.005 -20"><span class='ocrx_word' id='word_1_832' title='bbox 2141 4943 2287 4998; x_wconf 89' lang='lat' dir='ltr'><strong>illam</strong></span> <span class='ocrx_word' id='word_1_833' title='bbox 2332 4941 2720 5013; x_wconf 90' lang='lat' dir='ltr'><strong>interpretandi</strong></span> <span class='ocrx_word' id='word_1_834' title='bbox 2770 4943 3029 4998; x_wconf 86' lang='lat' dir='ltr'><strong>rationem</strong></span> <span class='ocrx_word' id='word_1_835' title='bbox 3076 4959 3181 4998; x_wconf 90' lang='lat' dir='ltr'><strong>non</strong></span> <span class='ocrx_word' id='word_1_836' title='bbox 3220 4947 3413 5001; x_wconf 87' lang='lat' dir='ltr'><strong>decere</strong></span> <span class='ocrx_word' id='word_1_837' title='bbox 3454 4962 3704 5018; x_wconf 83' lang='lat' dir='ltr'><strong>magnum</strong></span> 
     </span>
    </p>
   </div>
   <div class='ocr_carea' id='block_1_112' title="bbox 2140 5034 3706 5107">
    <p class='ocr_par' dir='ltr' id='par_1_112' title="bbox 2140 5034 3706 5107">
     <span class='ocr_line' id='line_1_112' title="bbox 2140 5034 3706 5107; baseline 0.005 -16"><span class='ocrx_word' id='word_1_838' title='bbox 2140 5036 2288 5091; x_wconf 90' lang='lat' dir='ltr'><strong>illum</strong></span> <span class='ocrx_word' id='word_1_839' title='bbox 2318 5034 2569 5092; x_wconf 75' lang='lat' dir='ltr'><strong>Basiliam</strong></span> <span class='ocrx_word' id='word_1_840' title='bbox 2590 5075 2605 5102; x_wconf 92' lang='lat'><strong>,</strong></span> <span class='ocrx_word' id='word_1_841' title='bbox 2627 5050 2727 5090; x_wconf 89' lang='lat' dir='ltr'><strong>nec</strong></span> <span class='ocrx_word' id='word_1_842' title='bbox 2764 5038 2813 5090; x_wconf 91' lang='lat' dir='ltr'><strong>ei</strong></span> <span class='ocrx_word' id='word_1_843' title='bbox 2839 5036 2947 5089; x_wconf 93' lang='lat' dir='ltr'><strong>ullo</strong></span> <span class='ocrx_word' id='word_1_844' title='bbox 2981 5038 3138 5091; x_wconf 90' lang='lat' dir='ltr'><strong>modo</strong></span> <span class='ocrx_word' id='word_1_845' title='bbox 3170 5039 3329 5093; x_wconf 90' lang='lat' dir='ltr'><strong>tribui</strong></span> <span class='ocrx_word' id='word_1_846' title='bbox 3361 5055 3540 5107; x_wconf 91' lang='lat' dir='ltr'><strong>posse.</strong></span> <span class='ocrx_word' id='word_1_847' title='bbox 3572 5042 3706 5098; x_wconf 89' lang='lat' dir='ltr'><strong>Pro-</strong></span> 
     </span>
    </p>
   </div>
   <div class='ocr_carea' id='block_1_113' title="bbox 2143 5128 3705 5198">
    <p class='ocr_par' dir='ltr' id='par_1_113' title="bbox 2143 5128 3705 5198">
     <span class='ocr_line' id='line_1_113' title="bbox 2143 5128 3705 5198; baseline 0.001 -17"><span class='ocrx_word' id='word_1_848' title='bbox 2143 5129 2309 5184; x_wconf 82' lang='lat' dir='ltr'><strong>feram</strong></span> <span class='ocrx_word' id='word_1_849' title='bbox 2347 5137 2523 5185; x_wconf 89' lang='lat' dir='ltr'><strong>tamen</strong></span> <span class='ocrx_word' id='word_1_850' title='bbox 2552 5137 2607 5183; x_wconf 91' lang='lat' dir='ltr'><strong>et</strong></span> <span class='ocrx_word' id='word_1_851' title='bbox 2639 5128 2783 5183; x_wconf 90' lang='lat' dir='ltr'><strong>aliud</strong></span> <span class='ocrx_word' id='word_1_852' title='bbox 2822 5129 3184 5183; x_wconf 87' lang='lat' dir='ltr'><strong>testimonium</strong></span> <span class='ocrx_word' id='word_1_853' title='bbox 3217 5146 3246 5184; x_wconf 91' lang='lat' dir='ltr'><strong>c</strong></span> <span class='ocrx_word' id='word_1_854' title='bbox 3287 5131 3493 5198; x_wconf 87' lang='lat' dir='ltr'><strong>psalmo</strong></span> <span class='ocrx_word' id='word_1_855' title='bbox 3522 5147 3705 5191; x_wconf 64' lang='lat' dir='ltr'><strong>came.</strong></span> 
     </span>
    </p>
   </div>
   <div class='ocr_carea' id='block_1_114' title="bbox 2144 5220 3705 5293">
    <p class='ocr_par' dir='ltr' id='par_1_114' title="bbox 2144 5220 3705 5293">
     <span class='ocr_line' id='line_1_114' title="bbox 2144 5220 3705 5293; baseline 0.004 -18"><span class='ocrx_word' id='word_1_856' title='bbox 2144 5220 2281 5275; x_wconf 91' lang='lat' dir='ltr'><strong>simo</strong></span> <span class='ocrx_word' id='word_1_857' title='bbox 2319 5220 2475 5275; x_wconf 88' lang='lat' dir='ltr'><strong>tertio</strong></span> <span class='ocrx_word' id='word_1_858' title='bbox 2522 5222 2596 5289; x_wconf 78' lang='grc' dir='ltr'><strong>(ν.</strong></span> <span class='ocrx_word' id='word_1_859' title='bbox 2653 5221 2769 5289; x_wconf 70' lang='grc'><strong>54),</strong></span> <span class='ocrx_word' id='word_1_860' title='bbox 2819 5220 2908 5273; x_wconf 91' lang='lat' dir='ltr'><strong>ubi</strong></span> <span class='ocrx_word' id='word_1_861' title='bbox 2961 5221 3229 5275; x_wconf 75' lang='lat' dir='ltr'><strong>Eusebius</strong></span> <span class='ocrx_word' id='word_1_862' title='bbox 3272 5221 3324 5274; x_wconf 95' lang='lat' dir='ltr'><strong>in</strong></span> <span class='ocrx_word' id='word_1_863' title='bbox 3374 5226 3705 5293; x_wconf 76' lang='lat' dir='ltr'><strong>explicandis</strong></span> 
     </span>
    </p>
   </div>
   <div class='ocr_carea' id='block_1_115' title="bbox 2139 5312 3697 5382">
    <p class='ocr_par' dir='ltr' id='par_1_115' title="bbox 2139 5312 3697 5382">
     <span class='ocr_line' id='line_1_115' title="bbox 2139 5312 3697 5382; baseline 0.004 -17"><span class='ocrx_word' id='word_1_864' title='bbox 2139 5312 2319 5368; x_wconf 88' lang='lat' dir='ltr'><strong>verbis</strong></span> <span class='ocrx_word' id='word_1_865' title='bbox 2347 5312 2473 5377; x_wconf 89' lang='lat' dir='ltr'><strong>illis,</strong></span> <span class='ocrx_word' id='word_1_866' title='bbox 2502 5314 2806 5367; x_wconf 72' lang='lat' dir='ltr'><strong>Iucundum</strong></span> <span class='ocrx_word' id='word_1_867' title='bbox 2836 5312 2902 5366; x_wconf 82' lang='lat' dir='ltr'><strong>sit</strong></span> <span class='ocrx_word' id='word_1_868' title='bbox 2941 5315 2991 5367; x_wconf 82' lang='lat' dir='ltr'><strong>ei</strong></span> <span class='ocrx_word' id='word_1_869' title='bbox 3030 5314 3289 5382; x_wconf 79' lang='lat' dir='ltr'><strong>eloquium</strong></span> <span class='ocrx_word' id='word_1_870' title='bbox 3329 5330 3528 5381; x_wconf 83' lang='lat' dir='ltr'><strong>meum,</strong></span> <span class='ocrx_word' id='word_1_871' title='bbox 3568 5330 3697 5382; x_wconf 89' lang='lat' dir='ltr'><strong>etc.,</strong></span> 
     </span>
    </p>
   </div>
   <div class='ocr_carea' id='block_1_116' title="bbox 2136 5402 3702 5480">
    <p class='ocr_par' dir='ltr' id='par_1_116' title="bbox 2136 5402 3702 5480">
     <span class='ocr_line' id='line_1_116' title="bbox 2136 5402 3702 5480; baseline 0.004 -24"><span class='ocrx_word' id='word_1_872' title='bbox 2136 5403 2238 5457; x_wconf 85' lang='lat' dir='ltr'><strong>hoc</strong></span> <span class='ocrx_word' id='word_1_873' title='bbox 2266 5417 2322 5458; x_wconf 89' lang='lat' dir='ltr'><strong>se</strong></span> <span class='ocrx_word' id='word_1_874' title='bbox 2372 5404 2532 5458; x_wconf 91' lang='lat' dir='ltr'><strong>modo</strong></span> <span class='ocrx_word' id='word_1_875' title='bbox 2572 5402 2827 5471; x_wconf 73' lang='lat' dir='ltr'><strong>exprimit</strong></span> <span class='ocrx_word' id='word_1_876' title='bbox 2875 5423 2889 5460; x_wconf 89' lang='lat'>:</span> <span class='ocrx_word' id='word_1_877' title='bbox 2937 5402 3129 5457; x_wconf 75' lang='grc' dir='ltr'><strong>Πολλοὶ</strong></span> <span class='ocrx_word' id='word_1_878' title='bbox 3165 5407 3305 5459; x_wconf 76' lang='grc' dir='ltr'><strong>κατὰ</strong></span> <span class='ocrx_word' id='word_1_879' title='bbox 3347 5412 3702 5480; x_wconf 78' lang='grc' dir='ltr'><strong>συναρπαγὴν</strong></span> 
     </span>
    </p>
   </div>
   <div class='ocr_carea' id='block_1_117' title="bbox 2134 5480 3703 5571">
    <p class='ocr_par' dir='ltr' id='par_1_117' title="bbox 2134 5480 3703 5571">
     <span class='ocr_line' id='line_1_117' title="bbox 2134 5480 3703 5571; baseline 0.005 -27"><span class='ocrx_word' id='word_1_880' title='bbox 2134 5493 2602 5564; x_wconf 83' lang='grc' dir='ltr'><strong>παρηλλαγμένως</strong></span> <span class='ocrx_word' id='word_1_881' title='bbox 2631 5494 2729 5555; x_wconf 81' lang='grc' dir='ltr'><strong>τὰς</strong></span> <span class='ocrx_word' id='word_1_882' title='bbox 2763 5495 2970 5565; x_wconf 87' lang='grc' dir='ltr'><strong>κρίσεις</strong></span> <span class='ocrx_word' id='word_1_883' title='bbox 2999 5495 3307 5565; x_wconf 75' lang='grc' dir='ltr'><strong>ἐκφέρουσι,</strong></span> <span class='ocrx_word' id='word_1_884' title='bbox 3338 5498 3440 5567; x_wconf 84' lang='grc' dir='ltr'><strong>πρὸ</strong></span> <span class='ocrx_word' id='word_1_885' title='bbox 3468 5480 3703 5571; x_wconf 45' lang='lat' dir='ltr'><strong>meai}.-</strong></span> 
     </span>
    </p>
   </div>
   <div class='ocr_carea' id='block_1_118' title="bbox 2132 5584 3698 5662">
    <p class='ocr_par' dir='ltr' id='par_1_118' title="bbox 2132 5584 3698 5662">
     <span class='ocr_line' id='line_1_118' title="bbox 2132 5584 3698 5662; baseline 0.006 -25"><span class='ocrx_word' id='word_1_886' title='bbox 2132 5584 2275 5653; x_wconf 74' lang='grc' dir='ltr'><strong>ψεως</strong></span> <span class='ocrx_word' id='word_1_887' title='bbox 2289 5587 2386 5656; x_wconf 83' lang='grc' dir='ltr'><strong>τῆς</strong></span> <span class='ocrx_word' id='word_1_888' title='bbox 2405 5586 2463 5650; x_wconf 82' lang='grc' dir='ltr'><strong>ἐξ</strong></span> <span class='ocrx_word' id='word_1_889' title='bbox 2487 5586 2667 5639; x_wconf 79' lang='grc' dir='ltr'><strong>ἱκανοῦ</strong></span> <span class='ocrx_word' id='word_1_890' title='bbox 2690 5586 2866 5654; x_wconf 88' lang='grc' dir='ltr'><strong>λόγου,</strong></span> <span class='ocrx_word' id='word_1_891' title='bbox 2895 5588 2985 5640; x_wconf 81' lang='grc' dir='ltr'><strong>καὶ</strong></span> <span class='ocrx_word' id='word_1_892' title='bbox 3010 5587 3283 5641; x_wconf 85' lang='grc' dir='ltr'><strong>ὲπιπλείον</strong></span> <span class='ocrx_word' id='word_1_893' title='bbox 3306 5592 3698 5662; x_wconf 78' lang='grc' dir='ltr'><strong>ἐρευνηθέντος,</strong></span> 
     </span>
    </p>
   </div>
   <div class='ocr_carea' id='block_1_119' title="bbox 2132 5679 3701 5755">
    <p class='ocr_par' dir='ltr' id='par_1_119' title="bbox 2132 5679 3701 5755">
     <span class='ocr_line' id='line_1_119' title="bbox 2132 5679 3701 5755; baseline 0.006 -25"><span class='ocrx_word' id='word_1_894' title='bbox 2132 5679 2504 5750; x_wconf 80' lang='grc' dir='ltr'><strong>ἐγγινομένης,</strong></span> <span class='ocrx_word' id='word_1_895' title='bbox 2538 5680 2911 5742; x_wconf 73' lang='grc' dir='ltr'><strong>ἀϐασανίστως</strong></span> <span class='ocrx_word' id='word_1_896' title='bbox 2943 5682 3077 5733; x_wconf 72' lang='grc' dir='ltr'><strong>κατὰ</strong></span> <span class='ocrx_word' id='word_1_897' title='bbox 3104 5682 3428 5752; x_wconf 80' lang='grc' dir='ltr'><strong>προπέτειαν</strong></span> <span class='ocrx_word' id='word_1_898' title='bbox 3455 5686 3552 5747; x_wconf 72' lang='grc' dir='ltr'><strong>τὰς</strong></span> <span class='ocrx_word' id='word_1_899' title='bbox 3576 5689 3701 5755; x_wconf 73' lang='grc' dir='ltr'><strong>περὶ</strong></span> 
     </span>
    </p>
   </div>
   <div class='ocr_carea' id='block_1_120' title="bbox 2134 5771 3696 5843">
    <p class='ocr_par' dir='ltr' id='par_1_120' title="bbox 2134 5771 3696 5843">
     <span class='ocr_line' id='line_1_120' title="bbox 2134 5771 3696 5843; baseline 0.004 -21"><span class='ocrx_word' id='word_1_900' title='bbox 2134 5771 2359 5823; x_wconf 75' lang='grc' dir='ltr'><strong>ἑκάστου</strong></span> <span class='ocrx_word' id='word_1_901' title='bbox 2403 5771 2668 5843; x_wconf 74' lang='grc' dir='ltr'><strong>δόγματος</strong></span> <span class='ocrx_word' id='word_1_902' title='bbox 2708 5772 3019 5841; x_wconf 73' lang='grc' dir='ltr'><strong>ῥιπτοῦντες</strong></span> <span class='ocrx_word' id='word_1_903' title='bbox 3052 5776 3486 5837; x_wconf 70' lang='grc' dir='ltr'><strong>συγκαταθέσεις.</strong></span> <span class='ocrx_word' id='word_1_904' title='bbox 3535 5777 3596 5829; x_wconf 81' lang='lat' dir='ltr'><strong>&#39;ll</strong></span> <span class='ocrx_word' id='word_1_905' title='bbox 3642 5779 3696 5829; x_wconf 70' lang='grc' dir='ltr'>δὲ</span> 
     </span>
    </p>
   </div>
   <div class='ocr_carea' id='block_1_121' title="bbox 2565 5885 3476 5953">
    <p class='ocr_par' dir='ltr' id='par_1_121' title="bbox 2565 5885 3476 5953">
     <span class='ocr_line' id='line_1_121' title="bbox 2565 5885 3476 5953; baseline 0.002 -14"><span class='ocrx_word' id='word_1_906' title='bbox 2565 5888 2610 5919; x_wconf 79' lang='grc'>¹⁶</span> <span class='ocrx_word' id='word_1_907' title='bbox 2638 5885 2820 5941; x_wconf 79' lang='lat' dir='ltr'><strong>Matth.</strong></span> <span class='ocrx_word' id='word_1_908' title='bbox 2856 5901 2905 5951; x_wconf 71' lang='grc' dir='ltr'><strong>ν,</strong></span> <span class='ocrx_word' id='word_1_909' title='bbox 2938 5886 3027 5943; x_wconf 77' lang='lat'><strong>‘28.</strong></span> <span class='ocrx_word' id='word_1_910' title='bbox 3106 5889 3149 5917; x_wconf 70' lang='grc'><strong>³⁷</strong></span> <span class='ocrx_word' id='word_1_911' title='bbox 3176 5887 3275 5942; x_wconf 79' lang='lat' dir='ltr'><strong>lsa.</strong></span> <span class='ocrx_word' id='word_1_912' title='bbox 3310 5904 3357 5953; x_wconf 76' lang='grc' dir='ltr'><strong>ν,</strong></span> <span class='ocrx_word' id='word_1_913' title='bbox 3398 5889 3476 5941; x_wconf 89' lang='lat' dir='ltr'><strong>ll.</strong></span> 
     </span>
    </p>
   </div>
  </div>
