4040 6444
1278 352 1309 364 “
1343 372 1405 427 n.
1446 371 1586 427 ιω..
1628 367 1953 423 cannea"
1993 366 2377 421 rnmt‘nto.

3304 372 3472 412 εςττν

231 504 337 571 τῆς
380 499 721 569 διαλεκτικῆς
771 496 929 566 φύσις
974 493 1202 566 μάλιστα
1253 493 1601 545 πεπίστευται
1641 487 1812 542 ταῦτα

1919 486 2188 542 centesimi
2241 483 2357 538 fuse
2417 491 2471 536 et
2521 479 2898 549 intempestive
2942 476 3040 532 sibi
3102 476 3474 545 explicandam

233 593 498 664 παρέχειν
529 589 817 655 δύνασθαι,
848 589 1074 658 διαιρεῖν
1103 585 1343 658 ὰκριὸῶς
1387 583 1481 645 τὰς
1526 581 1634 634 τῶν
1680 597 1814 651 πρα-

232 685 463 755 γμάτων
489 684 698 751 φύσεις,
730 683 823 734 καὶ⁹
847 680 914 733 τὰ
938 681 1097 750 ὃμοια
1131 677 1435 748 γνωρίζειν,
1468 673 1562 727 καὶ
1593 671 1660 725 τὰ
1688 673 1812 725 ἑαυ-

231 777 335 846 τῆς
383 775 697 846 διακρίνειν.
747 773 945 842 Διόπερ
994 769 1245 831 συνειδὼς
1293 764 1468 835 ἑαυτῷ
1509 763 1607 835 τὴν
1660 762 1809 815 Θείαν

233 868 579 939 διαλεκτικὴν
622 868 828 937 ἔχοντι,
868 865 1051 933 ἔλεγεν
1095 865 1123 916 ὁ
1168 860 1330 914 Δαδὶδ
1371 859 1452 919 τὸ,
1494 854 1806 922 Ἡδυνθείη

235 980 335 1015 σοι
368 964 403 1027 ἡ
428 960 675 1030 διαλογὴ
700 978 836 1029 μου.
886 960 948 1012 Ἡ
972 958 1078 1027 γὰρ
1108 956 1213 1008 τῶν
1235 952 1519 1024 ἐριστικῶς
1547 951 1639 1003 καὶ
1670 948 1811 1017 φιλο-

236 1059 435 1119 νείκως
480 1054 916 1125 ἐπεμϐαινόντων
964 1054 1072 1111 τοῖς
1130 1046 1418 1117 πράγμασι
1478 1039 1806 1107 διαλεκτικὴ,

238 1149 339 1218 οὐχ
384 1148 558 1217 ἡδεῖα,
601 1145 735 1198 ἀλλὰ
763 1137 1270 1214 παραπικραίνουσά
1294 1136 1377 1199 τίς
1404 1136 1570 1187 ἐστιν.
1610 1151 1627 1183 ι
1661 1130 1809 1187 Multi

238 1249 479 1309 quaestus
508 1252 668 1293 causa
702 1246 951 1305 perverse
978 1230 1178 1301 judicia
1216 1228 1436 1290 ferunt,
1483 1224 1578 1280 sed
1622 1232 1672 1276 et
1707 1236 1809 1275 an-

242 1343 455 1400 tequam
488 1346 584 1399 per
621 1336 930 1384 accuratum
978 1336 1203 1377 examen
1244 1331 1299 1373 et
1341 1316 1808 1388 perquisitionem,

219 1432 344 1484 aqua
378 1418 444 1471 de
492 1431 550 1470 re
591 1426 781 1485 agatur
814 1410 1135 1479 intelligant,
1180 1418 1386 1462 temere
1422 1404 1646 1474 singulis
1686 1416 1811 1455 sen-

240 1509 428 1563 tentiis
458 1520 735 1562 assensum
767 1503 1030 1573 prabent.
1075 1501 1144 1554 At
1190 1514 1251 1554 ea
1285 1497 1579 1553 dialectica:
1619 1502 1809 1548 natura

239 1607 343 1665 est,
380 1608 435 1653 ut
464 1612 642 1651 rerum
672 1604 891 1648 naturas
915 1601 1169 1647 accurate
1200 1586 1583 1656 distinguendi,
1606 1595 1657 1640 et
1688 1599 1810 1653 quae

243 1692 310 1745 ad
354 1708 413 1746 se
466 1688 775 1756 pertineant
820 1683 1159 1740 discernendi
1206 1679 1513 1734 facultatem
1556 1687 1809 1748 praestare

241 1797 400 1855 posse
437 1788 669 1849 putetur.
720 1776 1081 1844 Quamobrem
1134 1773 1300 1828 David
1350 1786 1473 1827 cum
1520 1784 1581 1825 se
1626 1769 1805 1823 divina

1914 578 2292 647 praposuisse?
2313 575 2435 630 Haec
2464 584 2612 630 certe
2638 571 2890 641 scriptori
2922 568 3124 623 ultima
3154 566 3340 626 sortis.
3370 580 3474 618 nun

1912 668 2109 723 oratori
2140 667 2328 739 prima:
2362 674 2502 720 notae
2528 664 2579 719 in
2610 672 2843 718 mentem
2891 658 3076 715 venire
3112 666 3421 729 potuerunt.

1982 846 2072 900 6i.
2106 846 2324 902 Eusebii
2357 842 2779 899 commentarios
2823 849 2878 895 et
2909 836 3322 909 pseudo-Basilii
3350 851 3471 891 cum

1910 939 2225 1003 considero,
2272 951 2378 990 non
2406 950 2625 1004 possum
2682 934 2811 1004 quin
2858 933 3072 987 credam
3110 930 3253 985 hunc
3292 928 3360 983 ab
3386 928 3474 980 illo

1911 1033 2198 1085 maximam
2228 1028 2317 1083 sui
2340 1029 2520 1096 operis
2558 1034 2766 1096 partem
2799 1027 2867 1079 ad
2900 1022 3121 1077 verbum
3156 1020 3471 1090 sumpsisse.

1912 1123 2084 1178 Tanta
2111 1132 2195 1176 est
2213 1123 2356 1177 enim
2386 1120 2441 1176 in
2470 1130 2699 1188 utroque
2722 1114 3111 1173 commentario
3140 1112 3475 1168 convenien-

1914 1214 1988 1268 tia
2031 1212 2188 1284 styli,
2238 1219 2495 1281 tantaque
2531 1208 2863 1271 similitudo,
2912 1207 2964 1261 id
3001 1215 3061 1261 ut
3089 1204 3220 1260 mihi
3254 1204 3477 1257 minime

1912 1303 2131 1357 dubium
2164 1316 2286 1356 esse
2321 1300 2587 1355 videatur.
2617 1296 2723 1353 Sed
2764 1311 2887 1352 cum
2912 1311 3039 1367 pars
3075 1295 3332 1349 duntaxat
3366 1292 3476 1347 Eu-

1911 1393 2117 1449 sebiani
2155 1391 2529 1448 commentarii
2570 1390 2635 1445 ad
2684 1402 2782 1443 nos
2817 1387 3163 1458 pervenerit,
3196 1399 3358 1457 quam
3407 1399 3477 1439 ex

1911 1484 2117 1537 catenis
2170 1483 2430 1537 edendam
2499 1480 2708 1536 curavit
2774 1478 3243 1544 Montfauconius,
3296 1479 3475 1533 omnia

1910 1572 2326 1645 pseudo-Basilii
2378 1573 2520 1641 furta
2576 1574 2832 1642 detegere
2882 1572 3081 1626 frustra
3134 1586 3473 1629 conaremur.

1908 1668 2157 1720 Attamen
2192 1674 2387 1733 praeter
2412 1680 2476 1718 ea
2504 1680 2625 1731 qua:
2648 1664 2756 1734 iam
2790 1664 3118 1728 notavimus,
3141 1671 3196 1718 et
3221 1662 3322 1717 alia
3342 1676 3449 1731 quo
3466 1692 3478 1701 -

1909 1770 2015 1825 que
2058 1771 2162 1809 non
2202 1770 2368 1826 pauca
2411 1756 2600 1811 eodem
2642 1770 2709 1810 ex
2757 1754 2908 1811 fonte
2950 1756 3017 1810 ab
3069 1754 3252 1810 eodem
3285 1754 3477 1809 hausta

241 1848 524 1926 dialectica
577 1872 899 1924 instructum
940 1882 1060 1922 esse
1112 1872 1496 1935 cognosceret,
1548 1859 1758 1913 dicebat
1788 1873 1803 1910 :
1837 1848 1880 1904 Β
1908 1864 2029 1906 esse
2071 1850 2218 1905 nullo
2256 1851 2503 1921 negotio,
2550 1851 2652 1905 nisi
2709 1850 2863 1905 valde
2910 1850 3103 1913 fallor,
3146 1850 3477 1920 pervincam.

240 1961 548 2017 Iucundum
576 1960 641 2012 sit
687 1959 779 2011 tibi
823 1958 1083 2023 eloquium
1120 1971 1326 2019 meum,
1369 1953 1482 2006 sive
1524 1948 1806 2005 dialectica

243 2068 387 2109 mea.
420 2051 557 2107 Nam
589 2049 869 2105 dialectica
906 2063 1091 2103 eorum
1131 2046 1221 2114 qui
1253 2041 1550 2098 altercandi
1583 2056 1648 2097 ac
1677 2054 1808 2096 con-

243 2146 497 2203 tendendi
530 2145 707 2199 animo
733 2157 820 2198 res
849 2138 1398 2211 aggrediuntur,'non
1422 2133 1678 2204 jucunda,
1714 2131 1808 2187 sed

241 2242 422 2311 putius
447 2250 775 2305 exasperatis
802 2245 903 2287 est.
941 2250 959 2283 ι
996 2230 1062 2284 Et
1087 2232 1199 2284 haec
1222 2242 1439 2299 quoque
1472 2225 1807 2296 pseudo-Ba-

242 2334 399 2389 silius
431 2333 484 2385 in
509 2343 666 2384 suum
696 2323 1144 2380 commentarium
1186 2321 1481 2376 transferre
1522 2334 1624 2373 non
1654 2318 1808 2371 dubi-

242 2424 383 2480 tavit
418 2423 589 2490 (num.
626 2417 770 2487 1T5),
812 2431 933 2469 cum
977 2413 1088 2477 illa,
1135 2411 1227 2467 Vw
1273 2413 1365 2482 qui
1392 2410 1567 2464 dicitis
1610 2409 1808 2461 malum

242 2523 434 2571 bonum
450 2512 517 2578 ⁸⁸,
546 2518 673 2575 etc.,
698 2508 1011 2578 explicaret.
1033 2504 1346 2573 Exemplum
1367 2501 1609 2555 ultimum
1631 2508 1807 2569 petam

243 2622 274 2660 e
302 2602 514 2675 psalmo
541 2600 834 2655 centesimo
864 2598 1132 2662 secundo,
1177 2594 1333 2663 cujus
1372 2592 1581 2646 initium
1611 2592 1688 2645 sic
1723 2591 1808 2643 in-

244 2706 578 2767 terpretatur
619 2692 923 2746 Eusebius:
964 2688 1087 2751 Τοῖς
1136 2685 1285 2751 ἐντὸς
1333 2683 1495 2737 αὑτοῦ
1541 2682 1813 2755 προστάσ-

244 2807 328 2844 σει
393 2786 636 2854 εὐλογεῖν
682 2782 741 2835 τὸ
786 2781 955 2850 ὄνομα
996 2778 1221 2850 Κυρίου,
1266 2775 1513 2830 τουτέστι
1546 2777 1612 2844 τῇ
1654 2772 1812 2840 φύσει

242 2880 354 2933 τῶν
398 2876 600 2931 ἔσωθεν
645 2869 1007 2942 ἐξερχομένων
1050 2864 1442 2935 διαλογισμῶν,
1482 2856 1557 2915 ὧν
1593 2859 1812 2914 διπλοῦν

244 2974 364 3025 ἐστι
419 2969 481 3021 τὸ
537 2966 742 3036 τάγμα.
792 2965 855 3015 Oi
906 2962 1003 3033 μὲν
1061 2959 1167 3028 γὰρ
1218 2953 1478 3025 μοχθηροί
1529 2952 1670 3013 είσι,
1720 2950 1813 3021 φό-

244 3081 347 3125 νοι,
373 3062 638 3132 μοιχεῖαι,
677 3054 901 3109 κλοπαί·
955 3052 1002 3102 οἱ
1041 3048 1096 3101 δὲ
1136 3048 1338 3099 ἀστεῖοι
1394 3042 1489 3097 καὶ
1536 3042 1812 3113 σωτήριοι,

246 3131 658 3225 φιλανθρωπία,
706 3144 1056 3216 σωφροσύνη,
1089 3140 1148 3193 τὸ
1178 3139 1508 3193 κοινωνικόν.
1543 3131 1613 3209 Ὦ
1638 3137 1815 3189 τοίνυν

1912 1942 2116 1998 Monuit
2151 1942 2204 1997 in
2234 1942 2375 1997 notis
2398 1944 2513 1998 suis
2543 1943 2681 1997 idem
2702 1941 2807 2006 ille,
2832 1955 2992 2011 quem
3022 1955 3144 1995 mox
3178 1942 3475 2002 nominavi,

1911 2034 2216 2091 Bernardus
2258 2032 2710 2100 Hontfauconius,
2766 2032 3152 2105 Hieronymum
3199 2031 3366 2086 multa
3409 2048 3475 2083 ex

1911 2128 2127 2184 Eusebii
2178 2130 2235 2183 in
2291 2126 2494 2182 Isaiam
2544 2126 2939 2180 commentario
2998 2126 3064 2179 ad
3111 2125 3330 2179 verbum
3363 2122 3479 2179 fere

1912 2219 2279 2286 convertisse,
2304 2233 2473 2288 eaque
2513 2217 2566 2272 in
2607 2232 2764 2272 suum
2814 2216 3156 2271 transtulisse
3188 2232 3203 2270 :
3238 2218 3381 2286 quod
3412 2231 3473 2273 ex

1912 2312 2152 2367 locorum
2190 2312 2477 2368 collatione
2516 2309 2856 2381 perspicuum
2898 2319 3001 2364 est.
3043 2309 3183 2379 Ergo
3226 2310 3272 2364 si
3298 2320 3479 2365 osten-

1913 2406 2043 2459 dero
2078 2402 2241 2458 multa
2300 2403 2401 2472 legi
2436 2404 2575 2472 apud
2608 2401 3018 2473 Hieronymum,
3053 2416 3173 2472 quae
3202 2410 3384 2471 aperte
3410 2416 3475 2456 ex

1912 2494 2328 2566 pseudo-Basilii
2361 2494 2772 2550 commentariis
2810 2508 3066 2564 expressa
3094 2495 3234 2560 sint,
3267 2494 3389 2563 jure
3416 2509 3479 2546 ac

1914 2590 2108 2643 merito
2137 2596 2361 2657 uterque
2393 2597 2505 2641 tum
2551 2585 2911 2658 Hieronymus
2954 2594 3065 2640 tum
3098 2585 3481 2655 pseudooﬂasi-

1913 2681 2019 2737 lius
2062 2682 2176 2737 haec
2216 2682 2283 2736 ab
2334 2678 2565 2734 Eusebio
2626 2678 2922 2749 sumpsisse
2982 2678 3330 2747 putabuntur.
3372 2676 3482 2730 Nec

1915 2788 2243 2845 quemquam
2291 2774 2562 2828 dicturum
2600 2782 2761 2842 puto,
2794 2772 3179 2840 Hieronymum
3214 2767 3478 2839 ejusmodi

1916 2864 2031 2919 loca
2070 2878 2134 2917 ex
2181 2864 2281 2917 hoc
2321 2865 2437 2933 ipso
2468 2865 2561 2934 qui
2603 2864 2788 2919 Basilii
2844 2864 3061 2918 nomine
3104 2858 3483 2916 circumfertur

1916 2953 2309 3009 commentario
2349 2953 2584 3007 mutuari
2631 2953 2910 3023 potuisse,
2953 2967 3074 3007 cum
3118 2951 3167 3004 id
3211 2965 3346 3019 opus
3378 2951 3481 3021 ipsi

1918 3053 2103 3100 notum
2133 3059 2237 3099 non
2264 3042 2427 3099 fuisse
2444 3044 2741 3099 videamus.
2782 3043 3139 3114 Hieronymus
3164 3043 3307 3098 enim
3332 3041 3485 3098 Isaiae

1922 3136 2242 3205 interpretes
2267 3137 2318 3189 in
2351 3150 2449 3190 suo
2477 3136 2697 3206 prologo
2740 3148 3047 3197 recensens,
3079 3134 3193 3203 ejus
3215 3135 3306 3205 qui
3330 3132 3483 3190 Basi—

249 3199 658 3225 τυν-η-ι-π-ντνίν
797 3199 840 3216 ιι
1014 3199 1055 3212 -ι
1588 3199 1599 3209 .

248 3248 426 3301 πάντα
457 3242 527 3295 τὰ
559 3240 706 3302 ἐντὸς
726 3235 1080 3307 κατώρθωται
1107 3234 1185 3296 είς
1211 3230 1531 3302 ἑτοιμότητα
1555 3228 1649 3281 τοῦ
1678 3227 1815 3279 εὐλο-

1920 3225 1975 3279 lii
2004 3240 2193 3279 nomen
2218 3224 2437 3295 praefert
2465 3225 2836 3280 commentarii
2857 3224 3053 3279 nullam
3084 3225 3298 3280 omnino
3328 3239 3481 3279 men-

247 3331 366 3410 γεῖν
404 3338 465 3388 τὸ
488 3334 660 3405 ὄνομα
680 3330 776 3384 τοῦ
806 3327 941 3383 Θεοῦ
978 3328 1037 3381 τὸ
1076 3326 1247 3393 ἅγιον.
1284 3317 1435 3386 οὗτος
1464 3320 1644 3383 καλῶς
1685 3336 1820 3387 συμ-

250 3406 671 3501 παραλαμϐάνει
706 3424 805 3494 τὴν
838 3421 985 3475 ἔνδον
1022 3417 1287 3479 διάθεσιν,
1331 3416 1410 3478 είς
1430 3412 1528 3485 τὴν
1553 3410 1646 3466 τοῦ
1678 3406 1819 3501 ,Θεοῦ

249 3518 623 3592 εὐχαριστίαν.
688 3531 707 3564 ι
753 3509 965 3565 Nemini
1032 3505 1621 3585 Dominiqbenedicere
1670 3500 1823 3569 jubet

250 3591 512 3668 interiora
546 3619 671 3669 sua,
701 3602 753 3655 id
794 3608 875 3652 est
920 3595 1272 3665 cogitationes
1301 3608 1448 3656 suas,
1478 3606 1597 3659 quae
1642 3592 1711 3644 ab
1741 3591 1821 3642 in—

252 3712 336 3755 tus
376 3692 709 3765 procedunt,
747 3700 971 3755 quarum
1004 3683 1197 3752 duplex
1222 3692 1306 3737 est
1330 3681 1481 3735 ordo.
1510 3680 1640 3734 Aliae
1677 3679 1818 3732 enim

251 3804 431 3861 prava:
460 3790 623 3847 sunt,
662 3794 854 3849 nempe
886 3776 1088 3837 caades,
1137 3773 1518 3829 fornicationes
1561 3781 1618 3828 et
1680 3771 1821 3826 furta

251 3887 593 3952 spectantes;
634 3872 753 3928 alia:
805 3884 934 3926 vero
968 3870 1185 3923 urbana:
1217 3877 1271 3921 et
1303 3866 1600 3928 salutares,
1631 3878 1823 3933 nempe

253 3971 584 4034 humanitas,
636 3962 990 4034 temperantia
1027 3969 1082 4015 et
1121 3957 1499 4013 communitas.
1555 3955 1603 4009 Is
1643 3956 1823 4023 itaque

256 4067 413 4135 cujus
444 4060 624 4117 omnia
656 4057 915 4112 interiora
946 4060 1091 4107 recta
1121 4058 1318 4105 suntet
1347 4056 1533 4116 parata
1563 4046 1629 4099 ad
1661 4046 1823 4099 liene-

252 4132 541 4213 dicendum
580 4147 782 4204 nomini
826 4151 1015 4198 sancto
1050 4140 1181 4207 Dei,
1229 4137 1473 4193 interiori
1505 4148 1602 4189 suo
1626 4132 1819 4187 affectu

254 4256 398 4303 recte
430 4243 601 4296 utitur
631 4238 698 4292 ad
738 4234 1030 4305 gratiarum
1074 4232 1317 4285 actiones
1357 4228 1464 4282 Deo
1502 4226 1755 4296 agendas.
1795 4242 1816 4277 ι

254 4339 380 4394 Haec
413 4332 637 4390 totidem
667 4324 888 4399 syllabis
917 4331 970 4377 et
994 4320 1216 4374 vocibus
1248 4319 1585 4389 reperiuntur
1607 4315 1819 4385 quidem

254 4432 393 4504 apud
423 4418 916 4498 pseudo-Basiliam
948 4415 1120 4486 (num.
1146 4412 1293 4481 5H),
1329 4413 1490 4465 verba
1531 4410 1618 4464 illa
1649 4424 1662 4460 :
1692 4406 1821 4460 Ideo

254 4502 428 4579 tenter
448 4534 594 4571 meus
620 4529 776 4580 super
798 4509 954 4565 Moab
977 4506 1126 4576 quasi
1148 4504 1352 4558 cithara
1377 4502 1580 4556 sonabit
1606 4502 1672 4565 ³⁸,
1690 4509 1819 4563 etc.,

255 4590 703 4679 interpretantem
745 4621 759 4656 :
802 4602 896 4657 sed
952 4601 1031 4654 sic
1078 4606 1293 4660 tamen,
1344 4603 1404 4646 ut
1458 4594 1511 4647 in
1554 4607 1620 4647 eo
1668 4590 1824 4661 paulo

254 4707 364 4761 sint
391 4698 616 4756 fnsiora.
653 4695 730 4749 Ex
757 4708 862 4763 quo
898 4692 976 4755 fit,
1009 4700 1066 4743 ut
1105 4687 1357 4742 librarios
1399 4686 1489 4753 qui
1520 4684 1821 4739 Euscbiaua

254 4798 687 4865 exscripserunt,
732 4786 932 4854 aliquid
971 4783 1072 4836 hoc
1125 4781 1245 4835 loco
1286 4775 1531 4833 omisisse
1560 4776 1822 4845 suspicer.

256 4889 402 4942 Satis
430 4894 548 4947 est,
575 4882 627 4936 ui
664 4876 851 4940 fallor,
884 4876 999 4928 ltzec
1032 4871 1307 4937 retulisse,
1338 4878 1395 4923 ut
1426 4866 1724 4935 imperfecti
1760 4865 1824 4919 il-

258 4985 359 5039 lius
390 4981 444 5033 in
488 4976 677 5030 Isaiam
712 4965 1082 5026 commentarii
1114 4962 1296 5017 νοθεία
1332 4960 1685 5025 ostendatur;
1726 4970 1825 5013 nec

260 5075 444 5131 multis
501 5068 675 5122 verbis
725 5076 861 5133 opus
908 5072 1029 5114 esse
1077 5058 1142 5111 ad
1208 5055 1259 5109 id
1300 5054 1634 5123 probandum
1678 5051 1823 5106 arbi-

260 5179 395 5223 tror.
426 5161 561 5216 Nam
595 5171 680 5213 res
725 5157 839 5225 ipsa
876 5152 1106 5214 clamat,
1151 5148 1594 5203 facundissimum
1637 5155 1817 5198 orato-

263 5275 375 5314 rem
432 5252 723 5312 Basiliam,
766 5247 811 5299 si
862 5244 1051 5298 Isaiam
1095 5241 1478 5309 interpretatus
1529 5246 1711 5300 esset,
1760 5236 1826 5290 de

262 5346 602 5417 compilando
631 5336 1017 5397 commentario
1045 5333 1258 5388 Eusebii
1289 5333 1342 5386 in
1371 5327 1611 5383 Psalmos
1645 5341 1711 5383 ne
1736 5341 1827 5382 co-

264 5446 555 5511 gitaturum
578 5434 791 5502 quidem
808 5431 992 5485 fuisse.
1010 5428 1233 5487 Etvero,
1254 5434 1309 5477 ut
1342 5437 1406 5476 ne
1422 5422 1609 5489 loquar
1637 5424 1699 5474 de
1723 5435 1827 5474 caa-

268 5537 417 5597 teris,
460 5528 580 5600 quis
601 5526 699 5579 sibi
739 5524 892 5577 facile
917 5518 1259 5591 persuadebit
1278 5515 1525 5569 Basiliam
1552 5512 1825 5581 Magnum,

267 5643 383 5680 cum
417 5623 605 5679 Isaiam
652 5614 996 5686 interpretari
1038 5612 1345 5675 debuisset,
1386 5618 1592 5678 partem
1636 5608 1825 5676 psalmi

336 5804 377 5835 ’³
408 5805 502 5856 Isa.
528 5800 616 5855 20.
691 5799 734 5830 ’θ
770 5798 867 5851 lsa.
911 5811 1017 5858 xw,
1050 5793 1134 5848 ii.

1921 3314 2120 3368 tione'm
2160 3314 2305 3367 facit.
2357 3312 2542 3383 Neque
2576 3327 2704 3368 vero
2732 3313 2880 3369 credi
2915 3313 3107 3370 merito
3148 3322 3323 3385 potest
3352 3313 3480 3368 Hie-

1922 3419 2176 3477 ronymus
2207 3404 2325 3459 ideo
2367 3405 2435 3459 de
2463 3404 2565 3460 hoc
2602 3406 2995 3458 commentario
3041 3414 3248 3471 tacere,
3284 3414 3344 3459 ut
3385 3418 3483 3458 sua

1921 3496 2063 3551 furta
2111 3496 2278 3563 celet;
2322 3512 2447 3552 cum
2502 3495 2568 3553 de
2621 3493 2923 3550 Eusebiano
2972 3494 3362 3549 commentario
3408 3493 3487 3549 lo-

1921 3601 2139 3657 quatur,
2184 3603 2215 3643 e
2256 3603 2364 3656 quo
2403 3587 2668 3657 permulta
2727 3595 3044 3642 convertere
3094 3602 3197 3640 non
3257 3586 3483 3642 dubitat.

1922 3680 2129 3736 ltursns
2180 3680 2378 3735 dixerit
2423 3693 2616 3741 nemo,
2668 3678 2967 3744 imperfecti
3024 3679 3166 3732 illius
3209 3692 3488 3732 commen-

1924 3773 2045 3828 tarii
2080 3782 2349 3828 auctorem
2390 3785 2452 3827 ea
2511 3785 2631 3841 qua;
2683 3769 2872 3825 Latine
2933 3769 2987 3823 in
3034 3769 3360 3841 Hieronymo
3405 3769 3486 3824 leo

1922 3876 2093 3936 gerat,
2114 3865 2299 3921 Graece
2327 3864 2641 3921 reddidisse.
2681 3862 3082 3919 Alienissimum
3110 3863 3253 3919 enim
3291 3863 3343 3917 id
3367 3877 3490 3918 esse

1923 3973 1952 4011 a
1992 3956 2304 4011 Graecorum
2360 3956 2604 4011 moribus
2645 3971 2856 4018 omnes,
2907 3967 2965 4009 ut
3007 3956 3223 4024 opinor,
3277 3955 3481 4010 sciunt.

1922 4048 2189 4105 Praeterea
2245 4061 2369 4101 cum
2423 4056 2698 4101 exstarent
2761 4046 3094 4116 temporibus
3162 4045 3269 4101 illis
3334 4047 3487 4100 multi

1924 4141 2097 4198 Graeci
2127 4141 2180 4195 in
2214 4138 2409 4194 lsaiam
2439 4140 2836 4206 commentarii,
2868 4138 3086 4194 dubium
3112 4154 3219 4195 non
3247 4147 3331 4196 est
3356 4140 3486 4210 quin

1923 4235 2159 4304 scriptor
2203 4234 2425 4292 Graecus
2473 4231 2691 4289 Grzecos
2742 4232 2921 4305 potius
2982 4232 3287 4302 compilarit
3328 4248 3488 4302 quam

1924 4342 2092 4382 unum
2119 4326 2352 4398 aliquem
2392 4326 2711 4397 scriptorem
2769 4324 3044 4380 Latinum.
3080 4323 3365 4394 Reliquum
3405 4337 3490 4380 est

1926 4420 2087 4490 igitur
2113 4429 2170 4473 ut
2200 4429 2452 4486 uterque,
2506 4416 2869 4486 Hieronymus
2917 4425 2972 4470 et
3024 4415 3491 4488 pseudo-Basilius

1925 4511 2045 4566 loca
2081 4512 2169 4566 illa
2223 4509 2322 4566 sibi
2356 4510 2667 4563 communia
2706 4510 2774 4564 ab
2828 4507 3011 4578 aliquo
3059 4520 3332 4563 mutuatus
3367 4509 3438 4561 sit
3472 4525 3488 4560 :

1924 4613 2082 4668 quem
2105 4614 2207 4669 ego
2242 4595 2506 4651 afﬁrmare
2544 4612 2705 4669 posse
2742 4598 2931 4654 videor
2960 4600 3121 4653 alium
3156 4598 3223 4651 ab
3260 4598 3492 4653 Eusebio

1926 4704 2032 4743 non
2055 4704 2197 4752 esse,
2223 4698 2416 4743 cumet
2439 4687 2822 4759 Hieronymum
2850 4699 2903 4745 et
2926 4689 3295 4744 commentarii
3318 4690 3487 4743 Graeci

1928 4781 2246 4851 scriptorem
2310 4783 2477 4835 multa
2545 4783 2615 4837 ab
2667 4782 2900 4837 Eusebio
2942 4779 3237 4849 sumpsisse
3276 4781 3492 4836 aliunde

1926 4882 2160 4928 constet.
2193 4869 2311 4927 Jam
2363 4871 2702 4943 proferamus
2729 4871 2994 4941 exempla,
3030 4871 3225 4942 quibus
3280 4880 3489 4925 utrum-

1927 4975 2035 5030 que
2067 4962 2134 5016 ab
2165 4962 2354 5018 eodem
2384 4963 2532 5019 fonte
2558 4963 2800 5018 hausisse
2830 4971 2981 5019 certo
3018 4963 3268 5033 cognosci
3302 4962 3491 5032 possit.

1929 5050 2025 5107 Sic
2048 5054 2210 5118 igitur
2240 5053 2479 5122 loquitur
2495 5052 2963 5122 pseudo-Basilius
2980 5052 3057 5123 (ει,
3087 5052 3174 5115 15,
3204 5066 3353 5105 num.
3376 5050 3487 5121 9|):

1927 5145 2088 5216 Φέρει
2115 5146 2171 5199 δὲ
2201 5145 2261 5198 τὸ
2286 5146 2500 5216 δένδρον
2528 5144 2687 5198 τοῦτο
2715 5144 2946 5215 καρπὸν,
2973 5143 3109 5197 ἀλλὰ
3149 5141 3343 5213 χοίρων
3372 5159 3493 5215 τρο-

1931 5239 2060 5308 φήν.
2090 5235 2188 5289 Διὰ
2230 5236 2388 5290 τοῦτο
2431 5235 2644 5307 δένδρον
2674 5233 2934 5304 αἰσχύνης
2972 5232 3243 5303 ὠνόμασε.
3270 5231 3343 5284 Τὸ
3384 5231 3495 5302 γὰρ

1926 5326 2108 5382 Βασὰν
2129 5330 2206 5390 εἰς
2234 5329 2332 5397 τὴν
2356 5328 2616 5397 αἰσχύνην
2648 5323 3170 5397 μεταλαμϐάνουσιν.
3200 5316 3298 5387 Ὧν
3330 5316 3421 5376 οὖν
3456 5325 3490 5391 ἡ

1930 5422 2055 5487 δόξα
2077 5422 2175 5491 τῆς
2212 5421 2586 5490 καρποφορίας
2609 5420 2836 5489 αἰσχύνη
2872 5417 3011 5483 ἐστὶ,
3043 5418 3133 5470 καὶ
3164 5416 3254 5467 ἐπὶ
3286 5414 3494 5477 τούτοις

1934 5513 2083 5567 ἔσται
2109 5515 2142 5584 ἡ
2178 5510 2358 5583 ἡμέρα
2385 5511 2479 5564 τοῦ
2522 5508 2892 5580 Kupiou.Qn:e
2920 5510 2997 5561 sic
3026 5519 3282 5575 expressa
3313 5504 3495 5573 legun-

1935 5616 2024 5661 tur
2055 5606 2193 5677 apud
2256 5602 2639 5675 Hieronymum
2699 5618 2818 5672 pag.
2879 5600 2971 5664 27,
3024 5598 3271 5660 liberius,
3309 5595 3359 5650 id
3389 5604 3495 5661 est,
