4040 6478
537 406 731 446 CCXX"

1888 391 2418 450 PROLEGOMENA.

541 504 847 575 Hieronymi
894 518 1087 560 more:
1123 523 1143 556 ι
1183 504 1310 572 Quae
1342 505 1442 561 etsi
1494 506 1717 562 fecerint
1749 509 1973 575 fructus,
2004 524 2097 580 pe-
2129 516 2175 571 Α
2202 510 2369 563 ditum
2416 523 2533 562 esse
2582 510 2651 563 ab
2700 509 3024 580 Hieronymo
3069 527 3557 582 παραφραστικως,
3598 525 3765 580 quem

539 610 725 648 eorum
757 603 884 648 sunt
906 594 1227 649 alimenta...
1258 605 1310 650 et
1346 596 1726 667 interpretatur
1754 600 2006 672 αἰσχύνη,
2049 601 2100 655 id

540 695 647 751 est,
672 686 1033 755 ignominia...
1088 684 1260 755 Super
1288 702 1479 743 omnes
1510 704 1638 759 ergo
1681 691 1772 759 qui
1818 693 2101 762 eriguntur

542 778 594 829 in
626 776 954 845 superbiam,
988 785 1044 832 et
1076 777 1278 831 faciunt
1317 793 1479 847 opera
1506 779 1828 851 ignominiaa,
1863 784 2097 852 atquein

542 881 699 921 emno
728 867 1010 921 libidinum
1042 866 1374 932 volutantur,
1423 868 1634 923 Domini
1679 870 1912 925 vindicta
1971 888 2101 927 con-

544 966 750 1025 surget.
794 974 813 1009 s
852 957 991 1023 Quin
1027 966 1081 1012 et
1109 956 1465 1028 Hieronymus
1509 972 1631 1013 cum
1666 961 1826 1029 paulo
1868 973 1987 1030 post
2020 962 2100 1017 sic

543 1046 805 1102 scriberet
839 1062 854 1099 :
889 1064 909 1099 ι
941 1047 1007 1101 Ει
1029 1062 1171 1102 nunc
1191 1047 1336 1103 diem
1362 1047 1570 1102 Domini
1594 1064 1757 1118 super
1782 1052 1975 1105 cedrus
2012 1050 2101 1105 Li-

541 1136 668 1192 bani
702 1152 882 1192 sermo
920 1138 1265 1206 propheticus
1316 1138 1707 1206 comminetur;
1749 1158 1766 1191 s
1805 1141 2101 1209 respexisse

538 1229 753 1285 videtur
786 1230 853 1283 ad
907 1228 1093 1284 Graeca
1132 1228 1246 1292 illa,
1280 1244 1398 1297 qua:
1452 1230 1651 1284 ibidem
1696 1218 1987 1301 leguiitur:
2034 1231 2101 1285 'H

537 1319 635 1375 τοῦ
664 1322 870 1393 Κυρίου
913 1321 1097 1393 ἡμέρα
1134 1322 1227 1374 καὶ
1257 1324 1368 1385 τοῖς
1409 1321 1650 1393 δένδροις
1696 1326 1794 1393 τῆς
1840 1323 2101 1394 αἰσχύνης

539 1415 617 1480 ὡς
654 1415 862 1487 φοϐερὰ
917 1414 1238 1468 ἀπειλεῖται.
1278 1414 1746 1471 Pseudo-Basilius
1785 1432 1971 1471 rursus
2024 1417 2104 1470 sic

539 1509 779 1577 loquitur
812 1508 887 1576 (5,
933 1507 985 1571 9,
1028 1523 1176 1561 num.
1238 1507 1359 1575 H3)
1394 1526 1407 1561 :
1441 1508 1649 1579 Ὠσπερ
1681 1509 1947 1563 ἐκεῖνοι...
1983 1508 2103 1577 οὐχ).

542 1601 780 1671 ῥήμασιν
812 1599 1183 1671 εὐπροσώποις
1221 1601 1319 1671 τὴν
1352 1599 1635 1668 ἀσέλγειαν
1683 1600 2099 1654 συνεκάλυπτον.

540 1692 650 1745 Ποῦ
689 1693 795 1764 γάρ
835 1694 959 1755 εἰσι,
996 1694 1182 1761 φησὶν,
1210 1695 1259 1744 οἱ
1288 1692 1479 1762 ἄνδρες
1513 1692 1562 1744 οἰ
1593 1690 1919 1754 εἰσελθόντες
1952 1690 2103 1763 παρὰ

542 1784 657 1848 σοί;
695 1784 957 1852 Ἐξάγαγε
999 1784 1198 1846 αὐτοὺς
1230 1782 1364 1854 πρὸς
1399 1784 1564 1853 ἡμᾶς,
1589 1782 1675 1835 ἵνα
1697 1782 1879 1845 αὐτοῖς
1902 1799 2099 1851 συγγε-

2203 600 2369 654 multo
2413 610 2657 668 tempore
2739 602 3188 656 desideraverant.
3252 603 3605 675 Hieronymus
3636 620 3764 672 pag.

2201 688 2292 753 44,
2326 684 2378 743 in
2415 688 2571 743 verba
2612 688 2739 743 illa:
2765 688 2894 742 Cum
2940 690 3164 743 nbluerit
3202 690 3453 745 Dominus
3479 694 3655 746 sordes
3694 693 3767 761 [i-

2202 780 2394 833 liarum
2420 779 2549 835 Sion
2586 780 2652 845 “,
2684 782 2760 835 sic
2790 782 3005 849 scripsit
3034 800 3046 835 :
3082 800 3101 834 ι
3145 783 3210 837 Ει
3248 792 3373 839 nota
3402 785 3543 853 quod
3570 786 3769 839 sordes

2203 872 2433 928 ﬁliarum
2461 873 2655 927 laverit
2680 872 2876 942 spiritu
2902 873 3110 941 iudicii,
3129 875 3442 944 sanguinem
3469 883 3645 928 autem
3673 872 3769 928 Je-

2203 964 2434 1019 rusalem
2510 964 2699 1034 spiritu
2760 964 3174 1020 combustionis.
3236 965 3387 1032 Quod
3449 966 3591 1019 enim
3645 966 3767 1020 leve

2200 1063 2302 1118 est,
2339 1056 2591 1107 lavatur:
2638 1050 2779 1121 quod
2830 1053 3070 1121 gravius,
3099 1053 3365 1117 exuritur,
3418 1062 3548 1117 etc.,
3587 1070 3608 1104 s
3644 1066 3770 1119 qua:

2200 1144 2328 1214 quin
2359 1158 2390 1199 e
2429 1140 2633 1197 Graecis
2664 1157 2919 1212 expressa
2975 1142 3104 1206 sint,
3157 1141 3388 1195 dubitari
3446 1156 3604 1211 posse
3656 1158 3769 1195 non

2203 1247 2352 1304 puto.
2381 1233 2485 1288 Sed
2518 1247 2639 1303 qua:
2701 1232 2822 1288 fuse
2855 1232 2991 1287 dixit
3038 1230 3523 1299 pseudo-Basilius,
3576 1235 3770 1289 eadem

2204 1319 2563 1391 Hieronymus
2591 1320 2826 1376 breviter
2858 1322 3197 1391 perstrinxit.
3231 1319 3359 1391 Legi
3401 1329 3575 1390 potest
3601 1337 3770 1391 pseu-

2203 1412 2529 1466 do-Basilius
2578 1414 2631 1466 in
2689 1413 2833 1467 hunc
2888 1414 3062 1479 ipsum
3108 1410 3257 1466 Isaiae
3304 1412 3501 1468 locum.
3538 1412 3766 1467 Dubium

2203 1517 2417 1570 quoque
2447 1517 2551 1556 non
2592 1513 2674 1557 est
2702 1503 2832 1572 quin
2866 1500 3222 1573 Hieronymus
3248 1516 3368 1572 pag.
3393 1500 3461 1555 49
3493 1501 3769 1572 exemplar

2202 1592 2448 1648 Graecum
2502 1593 2755 1649 habuerit
2806 1596 2875 1649 ob
2930 1595 3137 1659 oculos,
3195 1610 3319 1649 cum
3360 1595 3445 1648 illa
3487 1609 3501 1645 :
3547 1593 3634 1647 Vc
3676 1597 3769 1664 qui

2202 1683 2521 1752 eonjungitis
2549 1683 2761 1736 domum
2796 1686 2865 1736 ad
2899 1685 3109 1737 domum
3133 1684 3200 1753 “,
3231 1695 3362 1749 etc.,
3392 1685 3461 1738 ita
3506 1686 3773 1753 interpre-

2206 1781 2413 1827 taretur
2443 1789 2458 1828 :
2490 1789 2509 1824 ‹
2548 1770 2707 1826 Juxta
2740 1772 3093 1841 tropologiam
3133 1782 3317 1829 contra
3344 1773 3623 1828 hzeretieos
3646 1774 3771 1841 qui-

541 1872 779 1944 νὼμεθα.
818 1847 1060 1943 ’Ὲκείνην
1093 1847 1400 1943 ἐμιμήσατο
1420 1847 1519 1943 τὴν
1540 1872 1809 1943 ἁμαρτίαν
1827 1888 1839 1901 ·
1874 1847 2103 1944 τὴνγγὰρ

2206 1864 2329 1918 dam
2355 1870 2457 1919 hoc
2484 1864 2685 1917 dictum
2717 1863 3143 1917 arbitrantur....
3177 1874 3232 1917 et
3265 1866 3486 1919 audiunt
3514 1866 3613 1919 sub
3648 1864 3771 1917 aliis

540 1967 811 2037 ἁμαρτίαν
837 1965 1033 2029 αὐτῶν,
1066 1965 1140 2029 ὼς
1164 1965 1408 2035 Σοδόμων
1442 1962 1769 2035 άνήγγειλαν
1797 1964 1888 2017 καὶ
1918 1966 2109 2033 ὲνεφά·

544 2075 718 2111 νισαν.
762 2056 1122 2127 Hieronymus
1166 2072 1287 2125 pag.
1320 2055 1388 2110 58
1428 2078 1439 2109 ;
1476 2072 1495 2105 ι
1535 2055 1601 2108 Ει
1632 2056 1900 2124 quomodo
1938 2054 2109 2108 Sodo-

544 2151 709 2212 Inita,
732 2165 854 2203 cum
879 2152 1023 2203 omni
1053 2149 1295 2203 libertate
1326 2157 1628 2217 peccantes,
1664 2156 1719 2201 et
1756 2161 1823 2200 ne
1852 2146 2107 2214 pudorem

544 2240 760 2309 quidem
790 2240 952 2295 ullum
986 2241 1241 2296 habentes
1264 2241 1314 2294 in
1343 2241 1566 2305 scelere,
1594 2241 1845 2294 dixerunt
1872 2239 1938 2293 ad
1968 2238 2105 2293 Lot:

544 2331 693 2385 Educ
722 2331 864 2397 fores
886 2332 1043 2396 viros,
1074 2340 1131 2385 ut
1162 2331 1561 2383 concumbamus
1589 2346 1703 2382 cum
1733 2329 1808 2382 eis
1840 2328 1904 2382 ’°.
1933 2328 2022 2382 Sic
2055 2335 2109 2382 et

547 2422 636 2477 isti
661 2422 874 2492 publice
903 2421 1318 2490 proclamantes,
1349 2434 1504 2473 suum
1530 2419 1895 2489 praedicavere
1914 2432 2107 2489 pecca-

543 2523 677 2567 tum.
724 2531 743 2565 i
775 2513 960 2567 Priora
1005 2523 1183 2567 autem
1238 2510 1550 2582 Hieronymi
1604 2512 1768 2567 verba
1799 2512 1943 2565 credi
1980 2526 2107 2581 pos-

542 2615 670 2659 sunt
695 2618 950 2674 expressa
981 2603 1147 2659 fuisse
1181 2618 1247 2657 ex
1279 2602 1489 2659 Graecis
1524 2603 1627 2659 illis
1664 2618 1785 2673 qua
1823 2603 2011 2656 eodem
2050 2604 2105 2656 in

544 2695 661 2751 loco
698 2694 943 2765 leguntur
973 2712 987 2747 :
1027 2695 1327 2766 Ἀμαρτίαν
1349 2695 1416 2764 ἢν
1455 2694 1578 2763 οὐχ).
1595 2694 1771 2763 λάθρα
1796 2692 1917 2744 οὐδὲ
1947 2693 2106 2745 ὲπαι-

543 2787 851 2858 σχυνόμενοι
868 2788 1245 2857 πεποιήκασιν.
1263 2783 1729 2840 Pseudo-Basilius
1748 2783 1823 2851 (ὃ,
1846 2785 1936 2847 23,
1958 2798 2103 2839 unm.

543 2876 665 2947 129)
694 2895 707 2930 :
736 2878 920 2928 Ἐοικε
960 2876 1021 2928 τὸ
1054 2875 1334 2947 θέριστρον
1372 2874 1648 2944 ἐπίϐλημα
1686 2869 1825 2927 εἶναι
1877 2873 2105 2946 θερινὸν,

540 2967 616 3031 ὡς
638 2967 730 3019 καὶ
758 2966 1100 3039 περιϐάλλειν
1138 2968 1333 3027 δοκεῖν,
1368 2967 1463 3020 καὶ
1504 2967 1577 3037 μὴ
1626 2964 1877 3037 βαρύνειν
1924 2969 1981 3019 ὲν
2029 2965 2107 3036 τῷ

540 3058 808 3113 καύσωνι·
862 3060 937 3122 ὠς
965 3059 1059 3111 καὶ
1106 3061 1163 3111 ὲν
1188 3062 1254 3130 τῇ
1304 3059 1521 3112 Γενέσει
1566 3058 1967 3129 μεμαθήκαμεν
2008 3056 2106 3126 τὴν

551 3149 841 3202 Ῥεϐέκκαν
874 3150 1338 3221 περιϐαλλομένην
1373 3150 1433 3200 τὸ
1482 3147 1786 3219 θέριστρον.
1840 3147 2103 3237 Hierony-
2131 3179 2173 3237 Ο

542 3258 658 3296 IIIIS
680 3258 799 3311 pag.
831 3242 938 3295 42:
980 3260 999 3293 ι
1034 3241 1245 3294 Habent
1284 3250 1339 3291 et
1374 3237 1645 3295 theristra.
1687 3251 1807 3306 quae
1851 3250 1948 3290 nos
1981 3236 2099 3305 pal-

545 3329 612 3382 lia
662 3345 942 3399 possumus
991 3329 1262 3398 appellare
1301 3344 1315 3379 :
1362 3341 1469 3396 quo
1502 3326 1750 3382 obvoluta
1779 3336 1862 3381 est
1908 3336 1962 3381 et
1989 3325 2099 3381 Re-

542 3422 769 3475 becca...
795 3421 980 3477 Grece
1010 3420 1270 3492 Oéptcrtpa
1307 3436 1320 3473 :
1354 3418 1422 3473 ab
1457 3432 1523 3473 eo
1546 3419 1688 3487 quod
1718 3418 1769 3471 in
1798 3417 1965 3486 θέρει,
1994 3418 2100 3471 hoc

539 3519 640 3571 est,
677 3512 728 3564 in
761 3519 947 3565 testate
984 3522 1041 3565 et
1065 3520 1339 3573 caumate,
1363 3522 1591 3577 corpora
1618 3515 1909 3577 protegunt
1940 3505 2102 3559 femi-

541 3616 792 3656 narum.»
830 3599 1306 3655 Pseudo-Basilius
1337 3616 1350 3653 :
1386 3599 1613 3670 Εἴρηται
1639 3597 1696 3651 δέ
1724 3614 1884 3659 τισιν,
1929 3597 2011 3651 ὅτι
2046 3597 2100 3649 αἰ

539 3692 679 3745 ἑπτά
698 3694 973 3762 γυναῖκες,
1008 3692 1148 3745 ἑπτὰ
1166 3692 1454 3763 πνεύματά
1487 3693 1643 3755 εἰσιν,
1670 3690 1705 3743 ἃ
1735 3691 1925 3762 μικρὸν
1949 3688 2103 3743 ὓστε-

541 3802 631 3857 ρον
660 3785 690 3838 ὸ
722 3785 881 3847 αὐτὸς
908 3776 1063 3848 οὗτος
1084 3784 1372 3853 προφήτης
1402 3782 1854 3851 καταριθμεῖσθαι
1899 3782 2099 3851 μέλλει,

536 3878 612 3938 ὼς
649 3876 1147 3945 ἐπαναπαυόμενα
1182 3875 1281 3929 ἐπί
1313 3874 1428 3941 τὴν
1451 3873 1519 3927 ἐκ
1550 3871 1658 3941 τῆς
1672 3871 1841 3941 ῥίζης
1886 3874 2103 3927 Ἰεσσαί

535 3965 894 4032 ἐξανθήσειν
921 3966 1241 4034 μέλλοντα.
1271 3965 1511 4034 Πνεῦμα
1560 3966 1780 4035 σοφίας
1822 3965 1918 4020 καί
1958 3980 2105 4019 συν-

534 4054 743 4122 έσεως,
772 4055 1008 4125 πνεῦμα
1030 4053 1269 4122 ,βουλῆς
1300 4056 1397 4108 καὶ
1440 4057 1670 4125 ἰσχύος,
1696 4056 1931 4125 πνεῦμα
1958 4056 2103 4126 γνώ-

533 4162 689 4213 σεως
726 4149 822 4200 καὶ
848 4148 1179 4214 εὐσεϐείας,
1222 4147 1456 4216 πνεῦμα
1500 4150 1684 4217 φόϐου
1726 4149 1891 4203 Θεοῦ.
1927 4149 2103 4220 Ἀπερ

534 4236 702 4290 διὰτὸ
734 4238 937 4300 πάντας
980 4237 1245 4302 ἐκκλῖναι,
1289 4238 1382 4291 καὶ
1433 4237 1551 4308 ἅμα
1596 4237 1978 4309 ἀχρειωθῆναι,
2006 4238 2106 4292 οὐκ

536 4327 724 4397 έχοντα
769 4322 813 4395 ᾧ
857 4328 1309 4382 ὲπαναπαύσεται
1348 4327 1669 4401 ἀγαπητῶς,
1717 4328 1812 4380 τοῦ
1847 4329 1989 4382 κατὰ
2014 4330 2105 4383 τὸν

536 4415 739 4486 Κύριον
783 4416 1069 4491 ἀνθρώπου
1124 4417 1422 4489 λαϐόμενα,
1468 4421 1611 4471 ποιεῖ
1629 4417 1695 4472 τὰ
1756 4418 2105 4489 ἀναγεγραμ-

2205 1956 2385 2011 verbis
2412 1971 2427 2010 :
2454 1954 2645 2008 Audite
2678 1954 2810 2018 hazc,
2854 1959 3009 2007 duces
3051 1954 3235 2007 domus
3265 1953 3450 2017 Jacob,
3484 1966 3531 2007 et
3576 1956 3773 2009 residui

2205 2050 2388 2099 domus
2418 2043 2609 2109 Israel,
2640 2045 2729 2112 qui
2781 2044 3157 2097 abominamini
3200 2044 3487 2112 judicium,
3509 2056 3555 2096 et
3586 2048 3767 2097 omnia

2210 2144 2353 2186 recta
2390 2133 2706 2203 pervertitis,
2729 2134 2817 2202 qui
2846 2133 3121 2199 azdiﬁcatis
3150 2130 3277 2186 Sion
3311 2135 3365 2186 in
3404 2134 3771 2201 sanguinibus,

2206 2232 2251 2276 et
2276 2221 2571 2277 Jerusalem
2602 2224 2657 2275 in
2682 2225 2952 2294 iniquitate
2982 2224 3047 2277 “.
3085 2221 3177 2277 lsti
3209 2226 3396 2277 domos
3421 2224 3687 2287 domibus,
3722 2228 3772 2276 id

2206 2324 2309 2377 est,
2335 2314 2584 2381 dogmata
2614 2315 2950 2382 coniungunt
2987 2315 3325 2383 dogmatibus
3359 2332 3372 2367 :
3410 2315 3602 2383 quibus
3634 2316 3771 2369 dici-

2210 2409 2299 2454 tur
2320 2414 2422 2469 per
2452 2398 2731 2454 Miehteam
2780 2418 2792 2453 :
2850 2399 3028 2455 Nolite
3077 2405 3342 2469 aediﬁcare
3388 2405 3441 2457 in
3498 2406 3652 2458 domo
3698 2408 3774 2457 ri-

2205 2509 2321 2546 sum
2354 2492 2398 2524 “
2428 2509 2442 2546 :
2471 2506 2539 2547 ne
2576 2508 2740 2563 supra
2777 2493 3180 2549 fundamentum
3222 2494 3422 2551 Christi
3453 2498 3594 2565 quod
3633 2512 3770 2567 apo-

2207 2584 2377 2639 stolus
2412 2585 2609 2639 Paulus
2656 2586 2851 2653 posuit,
2874 2594 2927 2640 et
2953 2587 3003 2641 in
3032 2602 3140 2656 quo
3176 2587 3471 2642 debuerant
3499 2588 3777 2643 adilicare

2208 2690 2421 2741 aurum,
2454 2685 2755 2743 argentum,
2801 2677 3004 2745 lapides
3062 2680 3322 2745 pretiosos
3346 2719 3362 2745 ,
3437 2694 3468 2733 e
3501 2681 3779 2733 contrario

2206 2767 2473 2822 tediﬂcent
2505 2767 2667 2837 ligna,
2695 2767 2896 2831 fenum,
2927 2769 3196 2836 stipulam.
3224 2786 3246 2821 s
3268 2769 3601 2824 Ascribimus
3626 2770 3778 2824 Cra:-

2207 2874 2270 2914 ca
2298 2868 2356 2913 ut
2377 2873 2497 2912 cum
2533 2858 2965 2929 Hieronymianis
2989 2860 3195 2929 possint
3218 2860 3539 2929 comparari.
3574 2859 3650 2912 lia
3680 2861 3729 2927 ig
3754 2882 3780 2899 ι

2209 2960 2296 3005 tur
2323 2950 2512 3006 eadem
2549 2951 2826 3021 propheta:
2874 2952 3036 3005 verba
3073 2950 3327 3018 explanat
3380 2950 3775 3017 pseudo-Basi-

2206 3043 2309 3097 lius
2338 3042 2511 3111 (num.
2553 3042 2677 3111 152)
2711 3059 2723 3094 :
2756 3042 2989 3095 Δυνατδν
3018 3041 3168 3112 δὲτῷ
3199 3040 3468 3112 φιλοπόνῳ
3506 3042 3652 3094 κατὰ
3694 3042 3781 3094 ἁν-

2207 3134 2426 3203 αγωγὴν
2448 3133 2540 3185 ἐπὶ
2562 3133 2740 3186 πλεῖον
2761 3134 2913 3203 ἄγειν
2937 3134 2995 3186 τὸ
3028 3134 3135 3187 ἀπὸ
3165 3132 3264 3205 τῆς
3287 3133 3621 3205 προφητείας
3643 3136 3783 3205 χρή-

2207 3240 2382 3295 σιμον.
2439 3222 2668 3277 Δύναται
2723 3227 2831 3296 γὰρ
2884 3226 3032 3278 οἰκία
3062 3226 3293 3279 ἑκάστου
3333 3225 3569 3281 νοεῖσθαι
3597 3226 3666 3278 τὰ
3691 3226 3781 3277 δό-

2200 3334 2452 3388 γματα...
2488 3319 2644 3371 Ὀσοι
2669 3311 2761 3368 οὖν
2794 3316 2854 3367 τὸ
2876 3316 2971 3384 τῆς
3000 3315 3233 3378 πίστεως
3269 3317 3463 3385 δόγμα,
3491 3318 3630 3387 ὅπερ
3663 3316 3778 3387 ἔχει

2201 3408 2446 3479 θεμέλιον
2468 3409 2562 3464 καὶ
2588 3406 2761 3479 ἀρχὴν
2788 3407 2879 3460 τὸν
2901 3405 3270 3478 Κύριονὴμῶν
3296 3405 3499 3475 Ἰησοῦν
3522 3407 3779 3475 Χριστὸν,

2200 3501 2461 3572 δόγμασιν
2483 3502 2779 3574 ἀλλοτρίοις
2807 3500 2901 3554 καὶ
2929 3499 3098 3567 ξένοις
3120 3499 3217 3569 τῆς
3238 3496 3543 3558 θεοσεϐείας
3560 3498 3775 3552 ἐπισυν-

2202 3593 2527 3648 άπτουσιν...
2563 3596 2611 3646 εἰ
2648 3594 2703 3646 δέ
2763 3612 2847 3657 τις
2887 3592 3229 3663 ἐποικοδομεί
3274 3591 3366 3643 ἐπὶ
3396 3590 3484 3643 τὸν
3530 3588 3781 3660 θεμέλιον

2201 3685 2388 3740 τοῦτον
2430 3685 2654 3757 χρυσὸν,
2688 3685 2949 3756 ἄργυρον,
2990 3683 3169 3746 λίθους
3204 3682 3440 3753 τιμίους,
3472 3681 3625 3747 ξύλα,
3656 3682 3784 3754 χόρ-

2201 3796 2312 3841 τον,
2334 3778 2648 3849 καλάμην...
2673 3779 2701 3829 ὁ
2734 3777 2973 3847 Μιχαίας
2997 3775 3270 3847 καθαίρων
3303 3774 3373 3827 τὰ
3399 3776 3636 3845 οἰήματα
3662 3774 3772 3826 τῶν

2205 3869 2642 3937 καταγελάστων,
2679 3870 2764 3919 Ἐν
2804 3869 2927 3933 Γὲθ,
2964 3868 3118 3939 φησὶ,
3154 3868 3227 3938 μὴ
3264 3866 3650 3937 μεγαλύνεσθε,
3686 3866 3782 3918 καὶ

2204 3963 2251 4015 οἰ
2281 3962 2337 4014 ὲν
2361 3958 2628 4030 Ἀκαρεὶμ
2663 3958 2737 4027 μὴ
2777 3958 3172 4027 ἀνοικοδομεῖτε
3221 3957 3281 4021 ἐξ
3320 3957 3468 4008 οἴκου
3500 3957 3644 4011 κατὰ
3683 3959 3780 4026 γέ-

2203 4056 2349 4109 λωτα
2399 4052 2571 4125 ὑμῶν.
2628 4052 2739 4104 Καὶ⁵
2772 4050 2930 4105 πάλιν
2960 4052 2988 4103 ὁ
3010 4049 3170 4112 αὐτὸς
3200 4048 3542 4117 ἐπιπλήττων
3578 4049 3783 4120 μοχθη-

2208 4151 2319 4219 ροῖς
2348 4145 2707 4211 διδασκάλοις,
2747 4143 2910 4215 φησίν
2932 4159 2943 4171 '
2990 4142 3317 4195 Ἀκούσατε
3354 4139 3430 4209 δὴ
3482 4141 3691 4205 ταῦτα,
3725 4144 3782 4195 οἰ

2205 4238 2519 4305 ἡγούμενοι
2550 4237 2719 4289 οἰκον
2757 4234 2972 4296 Ἰακὼϐ,
2996 4232 3095 4285 καὶ
3126 4234 3179 4285 ol
3212 4230 3563 4287 κατάλοιποι
3601 4233 3778 4286 οἷκον

2218 4328 2476 4397 Ἰσραὴλ,
2506 4330 2561 4380 οἰ
2582 4324 3076 4393 ,ϐδελυσσόμενοι
3104 4324 3303 4395 κρῖμα,
3335 4325 3432 4378 καὶ
3472 4324 3670 4377 πάντα
3708 4325 3781 4375 τὰ

2206 4418 2350 4486 ὀρθὰ
2394 4416 2876 4485 διαστρέφοντες,
2920 4420 2975 4471 οἰ
3019 4417 3475 4484 οἰκοδομοῦντες
3517 4413 3672 4465 Σιὼν
3709 4414 3780 4467 ἐν·

537 4505 699 4577 μένα.
732 4503 1091 4575 Hieronymus
1120 4523 1245 4577 pag.
1292 4508 1363 4563 45
1393 4517 1603 4561 tantum
1633 4523 1736 4562 non
1780 4508 1846 4561 ad
1879 4511 2098 4563 verbum

2204 4509 2411 4578 αἵμασι
2442 4505 2544 4559 καί
2570 4507 2956 4577 Ἰερουσαλὴμ
2979 4508 3048 4561 ὲν
3079 4506 3356 4569 ἀδικίαις.
3384 4502 3592 4559 Pseudo
3622 4503 3776 4559 Basi-

536 4596 654 4653 hatc
696 4597 770 4651 ita
825 4596 1095 4651 convertit
1127 4614 1141 4650 :
1179 4615 1197 4647 ι
1238 4598 1457 4667 Septem
1491 4597 1767 4663 mulieres,
1793 4598 1846 4653 id
1877 4606 1982 4663 est,
2022 4613 2103 4653 se-

536 4696 678 4758 ptem
699 4689 885 4757 gratia:
902 4688 1139 4759 Spiritus
1167 4689 1363 4752 sancti,
1379 4689 1445 4741 de
1469 4689 1662 4756 quibus
1683 4688 1736 4741 in
1768 4702 2101 4755 consequeno

536 4777 680 4831 tibus
712 4776 851 4829 idem
876 4776 1139 4846 propheta
1162 4776 1407 4832 dicturus
1426 4788 1508 4831 est
1535 4792 1550 4829 :
1582 4776 1734 4830 Exiet
1752 4778 1897 4847 virga
1928 4780 1991 4829 de
2019 4794 2106 4831 ra-

534 4868 650 4921 dice
675 4866 856 4923 Jesse:
894 4877 942 4922 et
976 4871 1072 4938 ﬂos
1103 4870 1169 4924 de
1198 4871 1376 4925 radice
1412 4868 1525 4939 ejus
1574 4872 1876 4923 conscendet
1905 4885 1919 4923 :
1949 4878 1995 4922 et
2025 4884 2104 4923 re-

532 4959 759 5026 quiescet
783 4975 937 5029 super
956 4975 1070 5013 eum
1096 4960 1323 5029 Spiritus
1348 4961 1577 5024 Domini,
1596 4960 1813 5026 spiritus
1836 4960 2103 5029 sapientia:

536 5061 583 5103 et
611 5050 924 5119 intellectus,
956 5052 1173 5122 spiritus
1202 5054 1407 5107 consilii
1459 5064 1506 5107 et
1547 5052 1895 5122 fortitudinis,
1942 5050 2101 5113 spiri-

535 5151 621 5193 tus
649 5142 881 5195 scicntia
910 5152 958 5195 et
980 5143 1185 5211 pictatis
1214 5153 1295 5195 :et
1320 5142 1548 5211 implebit
1572 5158 1689 5195 eum
1703 5142 1916 5209 spiritus
1948 5140 2100 5194 timo-

536 5232 609 5285 ris
657 5231 865 5285 Domini
922 5234 998 5298 “;
1048 5235 1458 5303 apprehendent
1516 5232 1697 5287 Jesum
1737 5246 1895 5299 quem
1932 5232 2096 5285 multo

538 5332 777 5393 tempore
809 5324 1272 5390 desideraverant,
1304 5327 1431 5396 quia
1482 5325 1684 5379 nullum
1722 5324 1882 5379 alium
1940 5337 2093 5395 puto-

537 5424 658 5467 rant
707 5415 967 5484 invenire,
1006 5416 1061 5468 in
1101 5432 1206 5485 quo
1242 5414 1441 5473 arterna
1502 5417 1735 5470 statione
1786 5417 2095 5485 requiesce—

539 5516 673 5560 rent.
710 5524 731 5560 ι
769 5508 1185 5565 Animadvertas
1225 5509 1381 5565 velim
1425 5508 1575 5574 illud,
1607 5508 1933 5580 ἀγαπητῶς,
1971 5510 2095 5564 red-

642 5725 685 5756 “
710 5726 845 5781 Gen.
875 5746 982 5795 xix,
1017 5731 1067 5783 5.
1140 5730 1209 5788 [δ’
1244 5728 1343 5780 lsa.
1373 5742 1446 5788 ιι,
1482 5726 1595 5779 1-5.
1696 5730 1738 5761 ³³
1764 5729 1865 5786 lsa.
1894 5745 1962 5789 tv,
1997 5733 2049 5783 δ.

538 5793 581 5827 ³⁸
608 5791 804 5847 lerunt.
852 5791 1047 5857 χιιξῶ,
1128 5800 1167 5829 ⁸⁷
1218 5796 1359 5850 Psal.
1392 5810 1469 5861 nt,
1502 5798 1555 5849 6.

2183 5730 2226 5761 ³³
2260 5729 2361 5785 lsa.
2410 5747 2459 5798 v,
2500 5738 2558 5787 8.

2207 4599 2310 4654 lius
2339 4600 2422 4668 (ν,
2458 4597 2546 4664 12,
2576 4614 2721 4652 num.
2761 4598 2883 4669 159)
2926 4617 2939 4651 :
2977 4593 3141 4660 Οὗτος
3171 4593 3433 4668 [Ἰουϐάλ]
3457 4590 3571 4667 ἦνὸ
3609 4612 3778 4650 κατα-

2204 4688 2377 4753 δείξας
2419 4687 2713 4760 ψαλτήριον
2745 4690 2838 4741 καὶ
2887 4689 3140 4759 κιθάραν.
3189 4684 3552 4758 Hieronymus
3578 4688 3772 4755 pagina

2206 4796 2302 4836 seu
2340 4777 2588 4833 columna
2617 4780 2677 4833 5|
2714 4796 2728 4832 :
2761 4798 2779 4831 ι
2804 4778 3047 4849 Requirit
3077 4779 3339 4831 citharam
3368 4788 3423 4831 et
3448 4776 3767 4844 psalterium

2212 4871 2367 4939 cujus
2416 4882 2661 4938 repertor
2708 4879 2791 4925 est
2838 4870 3046 4927 Joubal.
3090 4888 3109 4920 ι
3148 4868 3503 4939 Hieronymus
3525 4865 3777 4920 columna

2207 4964 2416 5025 eadem,
2445 4979 2463 5012 ι
2498 4963 2650 5029 Quod
2685 4975 2866 5017 autem
2915 4962 3146 5030 primum
3180 4972 3388 5029 tempus
3413 4960 3664 5013 humanae
3689 4974 3777 5013 sa-

2207 5050 2446 5121 pientiae,
2467 5052 2682 5120 quando
2711 5052 3021 5122 egredimur
3056 5052 3365 5119 pueritiam,
3404 5061 3459 5103 et
3491 5051 3558 5102 ad
3599 5047 3769 5101 ratio-

2207 5142 2380 5196 nalem
2415 5144 2663 5198 venimus
2691 5151 2929 5207 aetatem,
2962 5157 3118 5197 mane
3144 5142 3196 5194 in
3234 5138 3532 5208 Scripturis
3574 5138 3773 5193 intellio

2202 5244 2388 5304 gatur.
2420 5235 2585 5288 multa
2634 5234 2941 5288 testimonia
2993 5238 3188 5288 docere
3241 5247 3335 5287 nos
3373 5238 3627 5301 poterunt
3662 5249 3675 5283 :
3708 5235 3773 5283 de

2200 5324 2397 5396 quibus
2424 5328 2653 5397 exempli
2686 5341 2847 5380 causa
2874 5326 3120 5396 ponenda
3154 5336 3281 5380 sunt
3306 5338 3471 5392 pauca
3508 5337 3522 5375 :
3558 5340 3577 5374 ι
3615 5321 3772 5374 Mane

2199 5418 2471 5472 mittebam
2497 5424 2773 5487 prophetas
2807 5418 2874 5485 ³⁸,
2908 5429 2996 5474 et:
3024 5416 3179 5473 Mane
3202 5416 3452 5471 exaudies
3477 5417 3770 5468 orationem

2202 5528 2408 5579 meum,
2461 5527 2616 5566 mane
2670 5513 2913 5567 assistam
2953 5511 3068 5578 tibi,
3104 5522 3150 5567 et
3197 5509 3374 5564 uidebo
3424 5506 3504 5574 ’7;
3539 5516 3596 5561 et
3637 5521 3651 5556 :
3698 5501 3772 5557 De

2678 5733 2722 5772 ιι
2755 5731 2911 5787 uich.
2954 5748 3033 5797 ιιι,
3072 5734 3126 5797 9,
3176 5731 3258 5785 to.
3360 5733 3405 5765 ιε
3441 5732 3596 5789 Μίριι.
3638 5747 3679 5801 ι,
3713 5732 3767 5791 9.
