  <div class='ocr_page' id='page_1' title='image "/cluster/home/n/w/nwhite01/storage/ocr_20150623/29/ien.35556001660547/239.png"; bbox 0 0 4040 6484; ppageno 0'>
   <div class='ocr_carea' id='block_1_1' title="bbox 1402 378 2438 436">
    <p class='ocr_par' dir='ltr' id='par_1_1' title="bbox 1402 378 2438 436">
     <span class='ocr_line' id='line_1_1' title="bbox 1402 378 2438 436; baseline 0.005 -5"><span class='ocrx_word' id='word_1_1' title='bbox 1402 379 1461 435; x_wconf 91' lang='lat' dir='ltr'><strong>D.</strong></span> <span class='ocrx_word' id='word_1_2' title='bbox 1502 380 1645 434; x_wconf 74' lang='grc' dir='ltr'>ιυι..</span> <span class='ocrx_word' id='word_1_3' title='bbox 1685 378 2007 436; x_wconf 81' lang='lat' dir='ltr'><strong>GARNERII</strong></span> <span class='ocrx_word' id='word_1_4' title='bbox 2045 378 2438 436; x_wconf 67' lang='lat' dir='ltr'><strong>anEFATIO.</strong></span> 
     </span>
    </p>
   </div>
   <div class='ocr_carea' id='block_1_2' title="bbox 3301 397 3515 437">
    <p class='ocr_par' dir='ltr' id='par_1_2' title="bbox 3301 397 3515 437">
     <span class='ocr_line' id='line_1_2' title="bbox 3301 397 3515 437; baseline -0.005 -1"><span class='ocrx_word' id='word_1_5' title='bbox 3301 397 3515 437; x_wconf 62' lang='lat' dir='ltr'><strong>CCXXVII</strong></span> 
     </span>
    </p>
   </div>
   <div class='ocr_carea' id='block_1_3' title="bbox 281 492 1830 571">
    <p class='ocr_par' dir='ltr' id='par_1_3' title="bbox 281 492 1829 564">
     <span class='ocr_line' id='line_1_3' title="bbox 281 492 1829 564; baseline 0.007 -22"><span class='ocrx_word' id='word_1_6' title='bbox 281 501 433 546; x_wconf 87' lang='lat' dir='ltr'><strong>nocte</strong></span> <span class='ocrx_word' id='word_1_7' title='bbox 456 504 729 564; x_wconf 88' lang='lat' dir='ltr'><strong>consurget</strong></span> <span class='ocrx_word' id='word_1_8' title='bbox 747 492 965 562; x_wconf 79' lang='lat' dir='ltr'><strong>spiritus</strong></span> <span class='ocrx_word' id='word_1_9' title='bbox 986 509 1131 549; x_wconf 90' lang='lat' dir='ltr'><strong>meus</strong></span> <span class='ocrx_word' id='word_1_10' title='bbox 1152 495 1222 558; x_wconf 67' lang='lat'><strong>’3;</strong></span> <span class='ocrx_word' id='word_1_11' title='bbox 1240 501 1323 549; x_wconf 87' lang='lat' dir='ltr'><strong>et:</strong></span> <span class='ocrx_word' id='word_1_12' title='bbox 1350 494 1509 563; x_wconf 85' lang='lat' dir='ltr'><strong>Deus,</strong></span> <span class='ocrx_word' id='word_1_13' title='bbox 1531 494 1667 550; x_wconf 89' lang='lat' dir='ltr'><strong>Deus</strong></span> <span class='ocrx_word' id='word_1_14' title='bbox 1686 512 1829 553; x_wconf 76' lang='lat' dir='ltr'><strong>meus</strong></span> 
     </span>
    </p>
   </div>
   <div class='ocr_carea' id='block_1_4' title="bbox 1935 492 3520 571">
    <p class='ocr_par' dir='ltr' id='par_1_4' title="bbox 1958 494 3520 571">
     <span class='ocr_line' id='line_1_4' title="bbox 1958 494 3520 571; baseline 0.002 -22"><span class='ocrx_word' id='word_1_15' title='bbox 1958 512 2104 553; x_wconf 91' lang='lat' dir='ltr'><strong>num.</strong></span> <span class='ocrx_word' id='word_1_16' title='bbox 2135 495 2258 564; x_wconf 87' lang='grc'>166)</span> <span class='ocrx_word' id='word_1_17' title='bbox 2299 512 2311 547; x_wconf 88' lang='lat'><strong>:</strong></span> <span class='ocrx_word' id='word_1_18' title='bbox 2343 496 2417 548; x_wconf 84' lang='grc' dir='ltr'><strong>Οὐ</strong></span> <span class='ocrx_word' id='word_1_19' title='bbox 2446 497 2553 569; x_wconf 85' lang='grc' dir='ltr'><strong>γὰρ</strong></span> <span class='ocrx_word' id='word_1_20' title='bbox 2581 497 2645 569; x_wconf 84' lang='grc' dir='ltr'>δὴ</span> <span class='ocrx_word' id='word_1_21' title='bbox 2672 494 2807 561; x_wconf 80' lang='grc' dir='ltr'>ζῶόν</span> <span class='ocrx_word' id='word_1_22' title='bbox 2828 514 2880 550; x_wconf 88' lang='grc' dir='ltr'><strong>τι</strong></span> <span class='ocrx_word' id='word_1_23' title='bbox 2907 499 2935 552; x_wconf 83' lang='grc' dir='ltr'>ὁ</span> <span class='ocrx_word' id='word_1_24' title='bbox 2965 498 3117 571; x_wconf 79' lang='grc' dir='ltr'>ᾆδης,</span> <span class='ocrx_word' id='word_1_25' title='bbox 3142 497 3262 552; x_wconf 78' lang='grc' dir='ltr'>οὐδὲ</span> <span class='ocrx_word' id='word_1_26' title='bbox 3292 498 3520 569; x_wconf 82' lang='grc' dir='ltr'>δύναμις</span> 
     </span>
    </p>
   </div>
   <div class='ocr_carea' id='block_1_5' title="bbox 278 584 1859 657">
    <p class='ocr_par' dir='ltr' id='par_1_5' title="bbox 278 584 1859 657">
     <span class='ocr_line' id='line_1_5' title="bbox 278 584 1859 657; baseline 0.006 -23"><span class='ocrx_word' id='word_1_27' title='bbox 278 584 354 637; x_wconf 84' lang='lat' dir='ltr'><strong>ad</strong></span> <span class='ocrx_word' id='word_1_28' title='bbox 388 598 438 641; x_wconf 89' lang='lat' dir='ltr'><strong>te</strong></span> <span class='ocrx_word' id='word_1_29' title='bbox 477 591 543 641; x_wconf 88' lang='lat' dir='ltr'><strong>de</strong></span> <span class='ocrx_word' id='word_1_30' title='bbox 582 586 700 638; x_wconf 85' lang='lat' dir='ltr'><strong>luce</strong></span> <span class='ocrx_word' id='word_1_31' title='bbox 745 585 904 655; x_wconf 83' lang='lat' dir='ltr'><strong>vigilo</strong></span> <span class='ocrx_word' id='word_1_32' title='bbox 927 585 1002 655; x_wconf 88' lang='grc'><strong>³⁹;</strong></span> <span class='ocrx_word' id='word_1_33' title='bbox 1027 598 1080 643; x_wconf 91' lang='lat' dir='ltr'><strong>et</strong></span> <span class='ocrx_word' id='word_1_34' title='bbox 1110 605 1123 643; x_wconf 92' lang='lat'><strong>:</strong></span> <span class='ocrx_word' id='word_1_35' title='bbox 1150 586 1219 641; x_wconf 85' lang='lat' dir='ltr'><strong>In</strong></span> <span class='ocrx_word' id='word_1_36' title='bbox 1257 589 1529 643; x_wconf 89' lang='lat' dir='ltr'><strong>matutinis</strong></span> <span class='ocrx_word' id='word_1_37' title='bbox 1579 588 1859 657; x_wconf 79' lang='lat' dir='ltr'><strong>interficie-</strong></span> 
     </span>
    </p>
   </div>
   <div class='ocr_carea' id='block_1_6' title="bbox 278 678 1857 748">
    <p class='ocr_par' dir='ltr' id='par_1_6' title="bbox 278 678 1857 748">
     <span class='ocr_line' id='line_1_6' title="bbox 278 678 1857 748; baseline 0.004 -18"><span class='ocrx_word' id='word_1_38' title='bbox 278 678 399 733; x_wconf 88' lang='lat' dir='ltr'><strong>bam</strong></span> <span class='ocrx_word' id='word_1_39' title='bbox 426 694 604 733; x_wconf 90' lang='lat' dir='ltr'><strong>omnes</strong></span> <span class='ocrx_word' id='word_1_40' title='bbox 633 691 930 745; x_wconf 83' lang='lat' dir='ltr'><strong>peccatores</strong></span> <span class='ocrx_word' id='word_1_41' title='bbox 960 692 1114 736; x_wconf 75' lang='lat' dir='ltr'><strong>terra:</strong></span> <span class='ocrx_word' id='word_1_42' title='bbox 1166 696 1185 735; x_wconf 90' lang='lat'><em>:</em></span> <span class='ocrx_word' id='word_1_43' title='bbox 1226 690 1281 734; x_wconf 93' lang='lat' dir='ltr'><strong>ut</strong></span> <span class='ocrx_word' id='word_1_44' title='bbox 1306 681 1656 748; x_wconf 82' lang='lat' dir='ltr'><strong>disperderem</strong></span> <span class='ocrx_word' id='word_1_45' title='bbox 1680 681 1743 735; x_wconf 85' lang='lat' dir='ltr'><strong>de</strong></span> <span class='ocrx_word' id='word_1_46' title='bbox 1780 683 1857 736; x_wconf 89' lang='lat' dir='ltr'><strong>ci-</strong></span> 
     </span>
    </p>
   </div>
   <div class='ocr_carea' id='block_1_7' title="bbox 276 770 1855 844">
    <p class='ocr_par' dir='ltr' id='par_1_7' title="bbox 276 770 1855 844">
     <span class='ocr_line' id='line_1_7' title="bbox 276 770 1855 844; baseline 0.002 -18"><span class='ocrx_word' id='word_1_47' title='bbox 276 774 440 826; x_wconf 79' lang='lat' dir='ltr'><strong>vitate</strong></span> <span class='ocrx_word' id='word_1_48' title='bbox 471 770 688 824; x_wconf 85' lang='lat' dir='ltr'><strong>Domini</strong></span> <span class='ocrx_word' id='word_1_49' title='bbox 708 788 889 829; x_wconf 87' lang='lat' dir='ltr'><strong>omnes</strong></span> <span class='ocrx_word' id='word_1_50' title='bbox 912 775 1001 844; x_wconf 89' lang='lat' dir='ltr'><strong>qui</strong></span> <span class='ocrx_word' id='word_1_51' title='bbox 1026 783 1312 840; x_wconf 77' lang='lat' dir='ltr'><strong><em>operantur</em></strong></span> <span class='ocrx_word' id='word_1_52' title='bbox 1338 773 1669 842; x_wconf 77' lang='lat' dir='ltr'><strong>iniquitatem</strong></span> <span class='ocrx_word' id='word_1_53' title='bbox 1698 772 1744 804; x_wconf 74' lang='lat'>“</span> <span class='ocrx_word' id='word_1_54' title='bbox 1764 790 1779 838; x_wconf 91' lang='lat'><strong>;</strong></span> <span class='ocrx_word' id='word_1_55' title='bbox 1801 784 1855 829; x_wconf 92' lang='lat' dir='ltr'><strong>et</strong></span> 
     </span>
    </p>
   </div>
   <div class='ocr_carea' id='block_1_8' title="bbox 276 860 1853 933">
    <p class='ocr_par' dir='ltr' id='par_1_8' title="bbox 276 860 1853 933">
     <span class='ocr_line' id='line_1_8' title="bbox 276 860 1853 933; baseline 0.001 -16"><span class='ocrx_word' id='word_1_56' title='bbox 276 865 335 918; x_wconf 88' lang='lat' dir='ltr'><strong>in</strong></span> <span class='ocrx_word' id='word_1_57' title='bbox 362 861 469 917; x_wconf 89' lang='lat' dir='ltr'><strong>alio</strong></span> <span class='ocrx_word' id='word_1_58' title='bbox 498 860 651 918; x_wconf 90' lang='lat' dir='ltr'><strong>loco:</strong></span> <span class='ocrx_word' id='word_1_59' title='bbox 688 865 768 919; x_wconf 74' lang='lat' dir='ltr'><strong>Ad</strong></span> <span class='ocrx_word' id='word_1_60' title='bbox 794 879 1061 933; x_wconf 74' lang='lat' dir='ltr'><strong>uesperam</strong></span> <span class='ocrx_word' id='word_1_61' title='bbox 1092 864 1452 919; x_wconf 79' lang='lat' dir='ltr'><strong>demorabitur</strong></span> <span class='ocrx_word' id='word_1_62' title='bbox 1493 863 1666 932; x_wconf 79' lang='lat' dir='ltr'><strong>ﬂetus,</strong></span> <span class='ocrx_word' id='word_1_63' title='bbox 1706 872 1755 916; x_wconf 90' lang='lat' dir='ltr'><strong>et</strong></span> <span class='ocrx_word' id='word_1_64' title='bbox 1784 866 1853 919; x_wconf 85' lang='lat' dir='ltr'><strong>ad</strong></span> 
     </span>
    </p>
   </div>
   <div class='ocr_carea' id='block_1_9' title="bbox 274 951 1854 1009">
    <p class='ocr_par' dir='ltr' id='par_1_9' title="bbox 274 951 1854 1009">
     <span class='ocr_line' id='line_1_9' title="bbox 274 951 1854 1009; baseline 0.001 -3"><span class='ocrx_word' id='word_1_65' title='bbox 274 954 602 1007; x_wconf 74' lang='lat' dir='ltr'><strong>matutinum</strong></span> <span class='ocrx_word' id='word_1_66' title='bbox 654 955 841 1009; x_wconf 73' lang='lat' dir='ltr'><strong>lwtitia</strong></span> <span class='ocrx_word' id='word_1_67' title='bbox 883 952 951 1005; x_wconf 67' lang='grc' dir='ltr'>δ’.</span> <span class='ocrx_word' id='word_1_68' title='bbox 985 952 1461 1009; x_wconf 84' lang='lat' dir='ltr'><strong>Pseudo-Basilius</strong></span> <span class='ocrx_word' id='word_1_69' title='bbox 1492 968 1505 1005; x_wconf 92' lang='lat'>:</span> <span class='ocrx_word' id='word_1_70' title='bbox 1546 954 1663 1005; x_wconf 85' lang='grc' dir='ltr'>Ἵνα</span> <span class='ocrx_word' id='word_1_71' title='bbox 1689 951 1745 1005; x_wconf 82' lang='grc' dir='ltr'>δὲ</span> <span class='ocrx_word' id='word_1_72' title='bbox 1772 953 1854 1008; x_wconf 80' lang='grc' dir='ltr'>ἔτι</span> 
     </span>
    </p>
   </div>
   <div class='ocr_carea' id='block_1_10' title="bbox 276 1042 1846 1119">
    <p class='ocr_par' dir='ltr' id='par_1_10' title="bbox 276 1042 1846 1119">
     <span class='ocr_line' id='line_1_10' title="bbox 276 1042 1846 1119; baseline 0.002 -24"><span class='ocrx_word' id='word_1_73' title='bbox 276 1042 481 1113; x_wconf 72' lang='grc' dir='ltr'>μᾶλλον</span> <span class='ocrx_word' id='word_1_74' title='bbox 516 1046 646 1118; x_wconf 83' lang='grc' dir='ltr'>ἡμῖν</span> <span class='ocrx_word' id='word_1_75' title='bbox 695 1045 754 1097; x_wconf 85' lang='grc' dir='ltr'>τὸ</span> <span class='ocrx_word' id='word_1_76' title='bbox 793 1044 895 1114; x_wconf 80' lang='grc' dir='ltr'>τῆς</span> <span class='ocrx_word' id='word_1_77' title='bbox 940 1046 1151 1119; x_wconf 94' lang='grc' dir='ltr'>πρωίας</span> <span class='ocrx_word' id='word_1_78' title='bbox 1186 1047 1360 1115; x_wconf 72' lang='grc' dir='ltr'>ὄνομα</span> <span class='ocrx_word' id='word_1_79' title='bbox 1398 1045 1672 1116; x_wconf 80' lang='grc' dir='ltr'>τρανωθῇ,</span> <span class='ocrx_word' id='word_1_80' title='bbox 1700 1045 1781 1098; x_wconf 83' lang='grc' dir='ltr'>ὅτι</span> <span class='ocrx_word' id='word_1_81' title='bbox 1813 1049 1846 1119; x_wconf 83' lang='grc' dir='ltr'>ή</span> 
     </span>
    </p>
   </div>
   <div class='ocr_carea' id='block_1_11' title="bbox 272 1132 1851 1208">
    <p class='ocr_par' dir='ltr' id='par_1_11' title="bbox 272 1132 1851 1208">
     <span class='ocr_line' id='line_1_11' title="bbox 272 1132 1851 1208; baseline 0.001 -21"><span class='ocrx_word' id='word_1_82' title='bbox 272 1132 383 1187; x_wconf 79' lang='grc' dir='ltr'><strong>ἀπὸ</strong></span> <span class='ocrx_word' id='word_1_83' title='bbox 408 1136 633 1197; x_wconf 83' lang='grc' dir='ltr'>σκότους</span> <span class='ocrx_word' id='word_1_84' title='bbox 670 1134 945 1202; x_wconf 80' lang='grc' dir='ltr'>ἐπάνοδος,</span> <span class='ocrx_word' id='word_1_85' title='bbox 978 1137 1089 1189; x_wconf 82' lang='grc' dir='ltr'>εἴτε</span> <span class='ocrx_word' id='word_1_86' title='bbox 1125 1134 1222 1187; x_wconf 82' lang='grc' dir='ltr'><strong>τοῦ</strong></span> <span class='ocrx_word' id='word_1_87' title='bbox 1243 1134 1385 1188; x_wconf 84' lang='grc' dir='ltr'>κατὰ</span> <span class='ocrx_word' id='word_1_88' title='bbox 1406 1135 1503 1208; x_wconf 84' lang='grc' dir='ltr'>τὴν</span> <span class='ocrx_word' id='word_1_89' title='bbox 1534 1137 1597 1188; x_wconf 85' lang='grc' dir='ltr'><strong>ἐκ</strong></span> <span class='ocrx_word' id='word_1_90' title='bbox 1618 1134 1717 1203; x_wconf 83' lang='grc' dir='ltr'>τῆς</span> <span class='ocrx_word' id='word_1_91' title='bbox 1743 1136 1851 1188; x_wconf 88' lang='grc' dir='ltr'>νεό-</span> 
     </span>
    </p>
   </div>
   <div class='ocr_carea' id='block_1_12' title="bbox 269 1226 1847 1297">
    <p class='ocr_par' dir='ltr' id='par_1_12' title="bbox 269 1226 1847 1297">
     <span class='ocr_line' id='line_1_12' title="bbox 269 1226 1847 1297; baseline 0.002 -20"><span class='ocrx_word' id='word_1_92' title='bbox 269 1242 435 1297; x_wconf 87' lang='grc' dir='ltr'>τητος</span> <span class='ocrx_word' id='word_1_93' title='bbox 482 1227 727 1294; x_wconf 81' lang='grc' dir='ltr'><strong>ἀλογίαν,</strong></span> <span class='ocrx_word' id='word_1_94' title='bbox 762 1229 869 1281; x_wconf 75' lang='grc' dir='ltr'>εἴτε</span> <span class='ocrx_word' id='word_1_95' title='bbox 898 1226 990 1282; x_wconf 79' lang='grc' dir='ltr'><strong>τοῦ</strong></span> <span class='ocrx_word' id='word_1_96' title='bbox 1024 1229 1088 1280; x_wconf 90' lang='grc' dir='ltr'><strong>ἐκ</strong></span> <span class='ocrx_word' id='word_1_97' title='bbox 1132 1226 1231 1295; x_wconf 84' lang='grc' dir='ltr'>τῆς</span> <span class='ocrx_word' id='word_1_98' title='bbox 1266 1229 1537 1297; x_wconf 78' lang='grc' dir='ltr'><strong>ἀγνωσίας</strong></span> <span class='ocrx_word' id='word_1_99' title='bbox 1582 1226 1673 1280; x_wconf 83' lang='grc' dir='ltr'>τοῦ</span> <span class='ocrx_word' id='word_1_100' title='bbox 1714 1226 1847 1281; x_wconf 83' lang='grc' dir='ltr'>Θεοῦ</span> 
     </span>
    </p>
   </div>
   <div class='ocr_carea' id='block_1_13' title="bbox 269 1320 1843 1394">
    <p class='ocr_par' dir='ltr' id='par_1_13' title="bbox 269 1320 1843 1394">
     <span class='ocr_line' id='line_1_13' title="bbox 269 1320 1843 1394; baseline 0.003 -24"><span class='ocrx_word' id='word_1_101' title='bbox 269 1321 393 1382; x_wconf 89' lang='grc' dir='ltr'>ταῖς</span> <span class='ocrx_word' id='word_1_102' title='bbox 431 1320 634 1389; x_wconf 81' lang='grc' dir='ltr'>ψυχαῖς</span> <span class='ocrx_word' id='word_1_103' title='bbox 680 1320 1052 1389; x_wconf 79' lang='grc' dir='ltr'>ἐγγινομένου,</span> <span class='ocrx_word' id='word_1_104' title='bbox 1086 1320 1119 1391; x_wconf 82' lang='grc' dir='ltr'>ὴ</span> <span class='ocrx_word' id='word_1_105' title='bbox 1158 1320 1347 1391; x_wconf 86' lang='grc' dir='ltr'>πρώτη</span> <span class='ocrx_word' id='word_1_106' title='bbox 1388 1321 1594 1384; x_wconf 73' lang='grc' dir='ltr'>εἴσοδος</span> <span class='ocrx_word' id='word_1_107' title='bbox 1630 1321 1709 1383; x_wconf 84' lang='grc' dir='ltr'><strong>είς</strong></span> <span class='ocrx_word' id='word_1_108' title='bbox 1744 1320 1843 1394; x_wconf 84' lang='grc' dir='ltr'>τὴν</span> 
     </span>
    </p>
   </div>
   <div class='ocr_carea' id='block_1_14' title="bbox 269 1408 1846 1485">
    <p class='ocr_par' dir='ltr' id='par_1_14' title="bbox 269 1408 1846 1485">
     <span class='ocr_line' id='line_1_14' title="bbox 269 1408 1846 1485; baseline 0.004 -23"><span class='ocrx_word' id='word_1_109' title='bbox 269 1408 532 1481; x_wconf 78' lang='grc' dir='ltr'>ἀλήθειαν</span> <span class='ocrx_word' id='word_1_110' title='bbox 552 1410 733 1480; x_wconf 88' lang='grc' dir='ltr'>πρωία</span> <span class='ocrx_word' id='word_1_111' title='bbox 754 1410 991 1479; x_wconf 84' lang='grc' dir='ltr'>λέγεται,</span> <span class='ocrx_word' id='word_1_112' title='bbox 1016 1412 1272 1480; x_wconf 79' lang='grc' dir='ltr'>Συνάξεις</span> <span class='ocrx_word' id='word_1_113' title='bbox 1294 1414 1351 1467; x_wconf 86' lang='grc' dir='ltr'>δὲ</span> <span class='ocrx_word' id='word_1_114' title='bbox 1374 1415 1443 1469; x_wconf 87' lang='grc' dir='ltr'>τὰ</span> <span class='ocrx_word' id='word_1_115' title='bbox 1456 1413 1721 1485; x_wconf 89' lang='grc' dir='ltr'>πολλαχοῦ</span> <span class='ocrx_word' id='word_1_116' title='bbox 1739 1415 1846 1469; x_wconf 85' lang='grc' dir='ltr'>τῶν</span> 
     </span>
    </p>
   </div>
   <div class='ocr_carea' id='block_1_15' title="bbox 269 1500 1843 1578">
    <p class='ocr_par' dir='ltr' id='par_1_15' title="bbox 269 1500 1843 1578">
     <span class='ocr_line' id='line_1_15' title="bbox 269 1500 1843 1578; baseline 0.005 -27"><span class='ocrx_word' id='word_1_117' title='bbox 269 1500 567 1570; x_wconf 84' lang='grc' dir='ltr'><strong>προφητῶν</strong></span> <span class='ocrx_word' id='word_1_118' title='bbox 596 1505 721 1576; x_wconf 78' lang='grc' dir='ltr'>περὶ</span> <span class='ocrx_word' id='word_1_119' title='bbox 752 1503 984 1575; x_wconf 82' lang='grc' dir='ltr'>πρωίας,</span> <span class='ocrx_word' id='word_1_120' title='bbox 1015 1506 1048 1577; x_wconf 76' lang='grc' dir='ltr'>ἦ</span> <span class='ocrx_word' id='word_1_121' title='bbox 1084 1506 1211 1575; x_wconf 70' lang='grc' dir='ltr'>περὶ</span> <span class='ocrx_word' id='word_1_122' title='bbox 1238 1506 1454 1576; x_wconf 77' lang='grc' dir='ltr'>ὄρθρου,</span> <span class='ocrx_word' id='word_1_123' title='bbox 1486 1508 1625 1578; x_wconf 77' lang='grc' dir='ltr'>ὑπὲρ</span> <span class='ocrx_word' id='word_1_124' title='bbox 1646 1507 1739 1560; x_wconf 83' lang='grc' dir='ltr'>τοῦ</span> <span class='ocrx_word' id='word_1_125' title='bbox 1777 1509 1843 1578; x_wconf 76' lang='grc' dir='ltr'>τῇ</span> 
     </span>
    </p>
   </div>
   <div class='ocr_carea' id='block_1_16' title="bbox 268 1591 1839 1668">
    <p class='ocr_par' dir='ltr' id='par_1_16' title="bbox 268 1591 1839 1668">
     <span class='ocr_line' id='line_1_16' title="bbox 268 1591 1839 1668; baseline 0.005 -26"><span class='ocrx_word' id='word_1_126' title='bbox 268 1591 380 1645; x_wconf 86' lang='grc' dir='ltr'>τῶν</span> <span class='ocrx_word' id='word_1_127' title='bbox 407 1592 671 1650; x_wconf 87' lang='grc' dir='ltr'>πλειόνων</span> <span class='ocrx_word' id='word_1_128' title='bbox 716 1596 1015 1668; x_wconf 82' lang='grc' dir='ltr'>παραθέσει</span> <span class='ocrx_word' id='word_1_129' title='bbox 1065 1597 1297 1665; x_wconf 83' lang='grc' dir='ltr'>φανῆναι</span> <span class='ocrx_word' id='word_1_130' title='bbox 1340 1597 1400 1649; x_wconf 80' lang='grc' dir='ltr'>τὸ</span> <span class='ocrx_word' id='word_1_131' title='bbox 1447 1598 1839 1668; x_wconf 83' lang='grc' dir='ltr'>προκείμενον·</span> 
     </span>
    </p>
   </div>
   <div class='ocr_carea' id='block_1_17' title="bbox 266 1676 1840 1753">
    <p class='ocr_par' dir='ltr' id='par_1_17' title="bbox 266 1676 1840 1753">
     <span class='ocr_line' id='line_1_17' title="bbox 266 1676 1840 1753; baseline 0.006 -20"><span class='ocrx_word' id='word_1_132' title='bbox 266 1676 397 1747; x_wconf 73' lang='grc' dir='ltr'>οἷον,</span> <span class='ocrx_word' id='word_1_133' title='bbox 448 1684 843 1740; x_wconf 76' lang='grc' dir='ltr'>Ἀπέστελλον</span> <span class='ocrx_word' id='word_1_134' title='bbox 872 1686 1084 1752; x_wconf 81' lang='grc' dir='ltr'>ὄρθρου</span> <span class='ocrx_word' id='word_1_135' title='bbox 1117 1684 1259 1750; x_wconf 84' lang='grc' dir='ltr'>τοὺς</span> <span class='ocrx_word' id='word_1_136' title='bbox 1279 1685 1617 1753; x_wconf 69' lang='grc' dir='ltr'><strong>προφήτας⁸</strong></span> <span class='ocrx_word' id='word_1_137' title='bbox 1648 1688 1741 1741; x_wconf 78' lang='grc' dir='ltr'>καὶ</span> <span class='ocrx_word' id='word_1_138' title='bbox 1761 1687 1840 1753; x_wconf 75' lang='grc' dir='ltr'>τὸ,</span> 
     </span>
    </p>
   </div>
   <div class='ocr_carea' id='block_1_18' title="bbox 266 1771 1841 1846">
    <p class='ocr_par' dir='ltr' id='par_1_18' title="bbox 266 1771 1841 1846">
     <span class='ocr_line' id='line_1_18' title="bbox 266 1771 1841 1846; baseline 0.004 -21"><span class='ocrx_word' id='word_1_139' title='bbox 266 1772 425 1839; x_wconf 74' lang='grc' dir='ltr'>Πρωὶ</span> <span class='ocrx_word' id='word_1_140' title='bbox 469 1775 801 1841; x_wconf 81' lang='grc' dir='ltr'>εὶσακούσῃ</span> <span class='ocrx_word' id='word_1_141' title='bbox 849 1771 960 1839; x_wconf 81' lang='grc' dir='ltr'>τῆς</span> <span class='ocrx_word' id='word_1_142' title='bbox 1008 1772 1213 1841; x_wconf 70' lang='grc' dir='ltr'>φωνῆς</span> <span class='ocrx_word' id='word_1_143' title='bbox 1253 1791 1400 1842; x_wconf 83' lang='grc' dir='ltr'>μου·</span> <span class='ocrx_word' id='word_1_144' title='bbox 1431 1776 1525 1828; x_wconf 75' lang='grc' dir='ltr'>καὶ</span> <span class='ocrx_word' id='word_1_145' title='bbox 1578 1776 1657 1843; x_wconf 86' lang='grc' dir='ltr'>τὸ,</span> <span class='ocrx_word' id='word_1_146' title='bbox 1689 1778 1841 1846; x_wconf 78' lang='grc' dir='ltr'>Πρωὶ</span> 
     </span>
    </p>
   </div>
   <div class='ocr_carea' id='block_1_19' title="bbox 1956 586 3521 661">
    <p class='ocr_par' dir='ltr' id='par_1_19' title="bbox 1956 586 3521 661">
     <span class='ocr_line' id='line_1_19' title="bbox 1956 586 3521 661; baseline 0.002 -22"><span class='ocrx_word' id='word_1_147' title='bbox 1956 586 2354 657; x_wconf 85' lang='grc' dir='ltr'>ἐπιτεταγμένη</span> <span class='ocrx_word' id='word_1_148' title='bbox 2383 591 2493 651; x_wconf 85' lang='grc' dir='ltr'>τοῖς</span> <span class='ocrx_word' id='word_1_149' title='bbox 2536 589 2955 660; x_wconf 83' lang='grc' dir='ltr'>ἀποθνήσκουσι,</span> <span class='ocrx_word' id='word_1_150' title='bbox 3014 590 3158 645; x_wconf 87' lang='grc' dir='ltr'>κατὰ</span> <span class='ocrx_word' id='word_1_151' title='bbox 3202 591 3303 661; x_wconf 80' lang='grc' dir='ltr'>τὴν</span> <span class='ocrx_word' id='word_1_152' title='bbox 3355 591 3521 661; x_wconf 77' lang='grc' dir='ltr'>μυθο-</span> 
     </span>
    </p>
   </div>
   <div class='ocr_carea' id='block_1_20' title="bbox 1956 677 3519 757">
    <p class='ocr_par' dir='ltr' id='par_1_20' title="bbox 1956 677 3519 757">
     <span class='ocr_line' id='line_1_20' title="bbox 1956 677 3519 757; baseline 0.004 -26"><span class='ocrx_word' id='word_1_153' title='bbox 1956 681 2139 734; x_wconf 85' lang='grc' dir='ltr'>ποιίαν</span> <span class='ocrx_word' id='word_1_154' title='bbox 2167 679 2275 733; x_wconf 86' lang='grc' dir='ltr'><strong>τῶν</strong></span> <span class='ocrx_word' id='word_1_155' title='bbox 2306 677 2526 742; x_wconf 77' lang='grc' dir='ltr'>ἔξωθεν.</span> <span class='ocrx_word' id='word_1_156' title='bbox 2566 681 2717 738; x_wconf 85' lang='lat' dir='ltr'><strong>Haud</strong></span> <span class='ocrx_word' id='word_1_157' title='bbox 2753 680 2910 736; x_wconf 84' lang='lat' dir='ltr'><strong>aliter</strong></span> <span class='ocrx_word' id='word_1_158' title='bbox 2948 681 3330 757; x_wconf 81' lang='lat' dir='ltr'><strong>Hieronymus,</strong></span> <span class='ocrx_word' id='word_1_159' title='bbox 3364 684 3519 754; x_wconf 81' lang='lat' dir='ltr'><strong><em>cujus</em></strong></span> 
     </span>
    </p>
   </div>
   <div class='ocr_carea' id='block_1_21' title="bbox 1953 766 3516 830">
    <p class='ocr_par' dir='ltr' id='par_1_21' title="bbox 1953 766 3516 830">
     <span class='ocr_line' id='line_1_21' title="bbox 1953 766 3516 830; baseline 0.004 -9"><span class='ocrx_word' id='word_1_160' title='bbox 1953 777 2082 822; x_wconf 84' lang='lat' dir='ltr'><strong>sunt</strong></span> <span class='ocrx_word' id='word_1_161' title='bbox 2110 768 2223 825; x_wconf 65' lang='lat' dir='ltr'><strong>haec</strong></span> <span class='ocrx_word' id='word_1_162' title='bbox 2269 767 2517 823; x_wconf 89' lang='lat' dir='ltr'><strong>columna</strong></span> <span class='ocrx_word' id='word_1_163' title='bbox 2552 766 2661 822; x_wconf 63' lang='grc' dir='ltr'><strong>δὶς</strong></span> <span class='ocrx_word' id='word_1_164' title='bbox 2693 789 2710 822; x_wconf 74' lang='grc' dir='ltr'><strong>ι</strong></span> <span class='ocrx_word' id='word_1_165' title='bbox 2752 770 3002 830; x_wconf 80' lang='lat' dir='ltr'><strong>Infernus</strong></span> <span class='ocrx_word' id='word_1_166' title='bbox 3040 786 3218 829; x_wconf 85' lang='lat' dir='ltr'><strong>autem</strong></span> <span class='ocrx_word' id='word_1_167' title='bbox 3274 774 3516 829; x_wconf 88' lang='lat' dir='ltr'><strong>animam</strong></span> 
     </span>
    </p>
   </div>
   <div class='ocr_carea' id='block_1_22' title="bbox 1952 857 3514 928">
    <p class='ocr_par' dir='ltr' id='par_1_22' title="bbox 1952 857 3514 928">
     <span class='ocr_line' id='line_1_22' title="bbox 1952 857 3514 928; baseline 0.002 -15"><span class='ocrx_word' id='word_1_168' title='bbox 1952 857 2153 913; x_wconf 88' lang='lat' dir='ltr'><strong>habere</strong></span> <span class='ocrx_word' id='word_1_169' title='bbox 2180 861 2397 925; x_wconf 89' lang='lat' dir='ltr'><strong>dicitur,</strong></span> <span class='ocrx_word' id='word_1_170' title='bbox 2432 874 2538 911; x_wconf 88' lang='lat' dir='ltr'><strong>non</strong></span> <span class='ocrx_word' id='word_1_171' title='bbox 2568 859 2712 927; x_wconf 92' lang='lat' dir='ltr'><strong>quod</strong></span> <span class='ocrx_word' id='word_1_172' title='bbox 2742 860 2941 917; x_wconf 80' lang='lat' dir='ltr'><strong>animal</strong></span> <span class='ocrx_word' id='word_1_173' title='bbox 2967 860 3061 927; x_wconf 89' lang='lat' dir='ltr'><strong>sit,</strong></span> <span class='ocrx_word' id='word_1_174' title='bbox 3088 862 3236 928; x_wconf 81' lang='lat' dir='ltr'><strong>juxta</strong></span> <span class='ocrx_word' id='word_1_175' title='bbox 3268 873 3514 921; x_wconf 84' lang='lat' dir='ltr'><strong>errorem</strong></span> 
     </span>
    </p>
   </div>
   <div class='ocr_carea' id='block_1_23' title="bbox 1952 948 3510 1028">
    <p class='ocr_par' dir='ltr' id='par_1_23' title="bbox 1952 948 3510 1028">
     <span class='ocr_line' id='line_1_23' title="bbox 1952 948 3510 1028; baseline 0.005 -27"><span class='ocrx_word' id='word_1_176' title='bbox 1952 950 2326 1018; x_wconf 88' lang='lat' dir='ltr'><strong>quormndam.</strong></span> <span class='ocrx_word' id='word_1_177' title='bbox 2378 969 2396 1003; x_wconf 80' lang='grc' dir='ltr'><strong>ι</strong></span> <span class='ocrx_word' id='word_1_178' title='bbox 2427 948 2899 1007; x_wconf 85' lang='lat' dir='ltr'><strong>Pseudo-Basilius</strong></span> <span class='ocrx_word' id='word_1_179' title='bbox 2926 960 3002 1024; x_wconf 81' lang='grc' dir='ltr'>(ν,</span> <span class='ocrx_word' id='word_1_180' title='bbox 3047 954 3136 1018; x_wconf 91' lang='grc'><strong>17,</strong></span> <span class='ocrx_word' id='word_1_181' title='bbox 3167 970 3315 1011; x_wconf 88' lang='lat' dir='ltr'><strong>num.</strong></span> <span class='ocrx_word' id='word_1_182' title='bbox 3338 957 3464 1028; x_wconf 77' lang='grc' dir='ltr'><strong>ΠΟ)</strong></span> <span class='ocrx_word' id='word_1_183' title='bbox 3498 974 3510 1009; x_wconf 93' lang='lat'><strong>:</strong></span> 
     </span>
    </p>
   </div>
   <div class='ocr_carea' id='block_1_24' title="bbox 1949 1041 3514 1115">
    <p class='ocr_par' dir='ltr' id='par_1_24' title="bbox 1949 1041 3514 1115">
     <span class='ocr_line' id='line_1_24' title="bbox 1949 1041 3514 1115; baseline 0.004 -19"><span class='ocrx_word' id='word_1_184' title='bbox 1949 1041 2202 1105; x_wconf 83' lang='grc' dir='ltr'>Δεθέντες</span> <span class='ocrx_word' id='word_1_185' title='bbox 2250 1044 2444 1115; x_wconf 84' lang='grc' dir='ltr'>χειρῶν</span> <span class='ocrx_word' id='word_1_186' title='bbox 2482 1043 2577 1097; x_wconf 78' lang='grc' dir='ltr'>καὶ</span> <span class='ocrx_word' id='word_1_187' title='bbox 2612 1041 2786 1095; x_wconf 75' lang='grc' dir='ltr'>ποδῶν</span> <span class='ocrx_word' id='word_1_188' title='bbox 2821 1043 2872 1095; x_wconf 82' lang='grc' dir='ltr'>οἰ</span> <span class='ocrx_word' id='word_1_189' title='bbox 2918 1047 3396 1112; x_wconf 78' lang='grc' dir='ltr'><strong>καταδικασθέντες</strong></span> <span class='ocrx_word' id='word_1_190' title='bbox 3422 1050 3514 1103; x_wconf 71' lang='grc' dir='ltr'>ἐκ-</span> 
     </span>
    </p>
   </div>
   <div class='ocr_carea' id='block_1_25' title="bbox 1950 1132 3514 1207">
    <p class='ocr_par' dir='ltr' id='par_1_25' title="bbox 1950 1132 3514 1207">
     <span class='ocr_line' id='line_1_25' title="bbox 1950 1132 3514 1207; baseline 0.003 -20"><span class='ocrx_word' id='word_1_191' title='bbox 1950 1133 2231 1188; x_wconf 78' lang='grc' dir='ltr'>ϐάλλονται</span> <span class='ocrx_word' id='word_1_192' title='bbox 2262 1136 2341 1197; x_wconf 86' lang='grc' dir='ltr'><strong>είς</strong></span> <span class='ocrx_word' id='word_1_193' title='bbox 2386 1136 2445 1188; x_wconf 88' lang='grc' dir='ltr'>τὸ</span> <span class='ocrx_word' id='word_1_194' title='bbox 2486 1133 2676 1199; x_wconf 83' lang='grc' dir='ltr'>σκότος</span> <span class='ocrx_word' id='word_1_195' title='bbox 2710 1133 2771 1187; x_wconf 77' lang='grc' dir='ltr'>τὸ</span> <span class='ocrx_word' id='word_1_196' title='bbox 2818 1132 3100 1207; x_wconf 83' lang='grc' dir='ltr'>ἐξώτερον.</span> <span class='ocrx_word' id='word_1_197' title='bbox 3152 1137 3514 1207; x_wconf 75' lang='lat' dir='ltr'><strong>Hieronymus</strong></span> 
     </span>
    </p>
   </div>
   <div class='ocr_carea' id='block_1_26' title="bbox 1948 1224 3510 1297">
    <p class='ocr_par' dir='ltr' id='par_1_26' title="bbox 1948 1224 3510 1297">
     <span class='ocr_line' id='line_1_26' title="bbox 1948 1224 3510 1297; baseline 0.004 -17"><span class='ocrx_word' id='word_1_198' title='bbox 1948 1225 2052 1280; x_wconf 89' lang='lat' dir='ltr'><strong>col.</strong></span> <span class='ocrx_word' id='word_1_199' title='bbox 2088 1225 2193 1280; x_wconf 75' lang='lat'><strong>53:</strong></span> <span class='ocrx_word' id='word_1_200' title='bbox 2229 1245 2248 1277; x_wconf 87' lang='grc'><strong><em>‹</em></strong></span> <span class='ocrx_word' id='word_1_201' title='bbox 2275 1224 2508 1281; x_wconf 82' lang='lat' dir='ltr'><strong>Conviva</strong></span> <span class='ocrx_word' id='word_1_202' title='bbox 2530 1241 2742 1297; x_wconf 90' lang='lat' dir='ltr'><strong>quoque</strong></span> <span class='ocrx_word' id='word_1_203' title='bbox 2765 1239 2939 1282; x_wconf 70' lang='lat' dir='ltr'><strong>omna:</strong></span> <span class='ocrx_word' id='word_1_204' title='bbox 2970 1226 3275 1297; x_wconf 77' lang='lat' dir='ltr'><strong>Dominicte,</strong></span> <span class='ocrx_word' id='word_1_205' title='bbox 3306 1241 3510 1286; x_wconf 81' lang='lat' dir='ltr'><strong>vestem</strong></span> 
     </span>
    </p>
   </div>
   <div class='ocr_carea' id='block_1_27' title="bbox 1949 1317 3511 1389">
    <p class='ocr_par' dir='ltr' id='par_1_27' title="bbox 1949 1317 3511 1389">
     <span class='ocr_line' id='line_1_27' title="bbox 1949 1317 3511 1389; baseline 0.002 -15"><span class='ocrx_word' id='word_1_206' title='bbox 1949 1334 2053 1374; x_wconf 93' lang='lat' dir='ltr'><strong>non</strong></span> <span class='ocrx_word' id='word_1_207' title='bbox 2086 1319 2289 1374; x_wconf 83' lang='lat' dir='ltr'><strong>habens</strong></span> <span class='ocrx_word' id='word_1_208' title='bbox 2312 1317 2628 1387; x_wconf 85' lang='lat' dir='ltr'><strong>nuptialem,</strong></span> <span class='ocrx_word' id='word_1_209' title='bbox 2659 1320 2872 1375; x_wconf 85' lang='lat' dir='ltr'><strong>vinctus</strong></span> <span class='ocrx_word' id='word_1_210' title='bbox 2900 1319 3125 1389; x_wconf 84' lang='lat' dir='ltr'><strong>pedibus</strong></span> <span class='ocrx_word' id='word_1_211' title='bbox 3160 1334 3224 1373; x_wconf 89' lang='lat' dir='ltr'><strong>ac</strong></span> <span class='ocrx_word' id='word_1_212' title='bbox 3261 1321 3511 1377; x_wconf 85' lang='lat' dir='ltr'><strong>manibus</strong></span> 
     </span>
    </p>
   </div>
   <div class='ocr_carea' id='block_1_28' title="bbox 1947 1409 3509 1481">
    <p class='ocr_par' dir='ltr' id='par_1_28' title="bbox 1947 1409 3509 1481">
     <span class='ocr_line' id='line_1_28' title="bbox 1947 1409 3509 1481; baseline 0.001 -14"><span class='ocrx_word' id='word_1_213' title='bbox 1947 1411 2164 1481; x_wconf 76' lang='lat' dir='ltr'><strong>eiicitur</strong></span> <span class='ocrx_word' id='word_1_214' title='bbox 2188 1411 2241 1466; x_wconf 92' lang='lat' dir='ltr'><strong>in</strong></span> <span class='ocrx_word' id='word_1_215' title='bbox 2274 1411 2529 1467; x_wconf 78' lang='lat' dir='ltr'><strong>tenebras</strong></span> <span class='ocrx_word' id='word_1_216' title='bbox 2550 1412 2845 1467; x_wconf 82' lang='lat' dir='ltr'><strong>exteriores</strong></span> <span class='ocrx_word' id='word_1_217' title='bbox 2868 1413 2933 1466; x_wconf 76' lang='lat'><strong>&quot;.</strong></span> <span class='ocrx_word' id='word_1_218' title='bbox 2973 1432 2993 1466; x_wconf 75' lang='grc' dir='ltr'><strong>ι</strong></span> <span class='ocrx_word' id='word_1_219' title='bbox 3030 1409 3121 1467; x_wconf 90' lang='lat' dir='ltr'><strong>Sic</strong></span> <span class='ocrx_word' id='word_1_220' title='bbox 3166 1415 3509 1481; x_wconf 85' lang='lat' dir='ltr'><strong>prosequitur</strong></span> 
     </span>
    </p>
   </div>
   <div class='ocr_carea' id='block_1_29' title="bbox 1946 1502 3510 1575">
    <p class='ocr_par' dir='ltr' id='par_1_29' title="bbox 1946 1502 3510 1575">
     <span class='ocr_line' id='line_1_29' title="bbox 1946 1502 3510 1575; baseline -0.001 -16"><span class='ocrx_word' id='word_1_221' title='bbox 1946 1504 2309 1575; x_wconf 84' lang='lat' dir='ltr'><strong>Hieronymus</strong></span> <span class='ocrx_word' id='word_1_222' title='bbox 2335 1523 2349 1558; x_wconf 89' lang='lat'><strong>:</strong></span> <span class='ocrx_word' id='word_1_223' title='bbox 2381 1522 2400 1556; x_wconf 84' lang='grc'><strong>‹</strong></span> <span class='ocrx_word' id='word_1_224' title='bbox 2444 1502 2512 1558; x_wconf 85' lang='lat' dir='ltr'><strong>Et</strong></span> <span class='ocrx_word' id='word_1_225' title='bbox 2544 1502 2804 1558; x_wconf 88' lang='lat' dir='ltr'><strong>Dominus</strong></span> <span class='ocrx_word' id='word_1_226' title='bbox 2833 1506 3000 1568; x_wconf 84' lang='lat' dir='ltr'><strong>venit,</strong></span> <span class='ocrx_word' id='word_1_227' title='bbox 3033 1512 3093 1559; x_wconf 92' lang='lat' dir='ltr'><strong>ut</strong></span> <span class='ocrx_word' id='word_1_228' title='bbox 3124 1504 3208 1559; x_wconf 90' lang='lat' dir='ltr'><strong>his</strong></span> <span class='ocrx_word' id='word_1_229' title='bbox 3234 1503 3324 1572; x_wconf 90' lang='lat' dir='ltr'><strong>qui</strong></span> <span class='ocrx_word' id='word_1_230' title='bbox 3355 1515 3510 1557; x_wconf 90' lang='lat' dir='ltr'><strong>erant</strong></span> 
     </span>
    </p>
   </div>
   <div class='ocr_carea' id='block_1_30' title="bbox 1945 1595 3507 1665">
    <p class='ocr_par' dir='ltr' id='par_1_30' title="bbox 1945 1595 3507 1665">
     <span class='ocr_line' id='line_1_30' title="bbox 1945 1595 3507 1665; baseline -0.003 -13"><span class='ocrx_word' id='word_1_231' title='bbox 1945 1598 1999 1652; x_wconf 92' lang='lat' dir='ltr'><strong>in</strong></span> <span class='ocrx_word' id='word_1_232' title='bbox 2026 1595 2253 1651; x_wconf 87' lang='lat' dir='ltr'><strong>vinculis</strong></span> <span class='ocrx_word' id='word_1_233' title='bbox 2274 1596 2495 1661; x_wconf 86' lang='lat' dir='ltr'><strong>diceret,</strong></span> <span class='ocrx_word' id='word_1_234' title='bbox 2527 1595 2680 1649; x_wconf 77' lang='lat' dir='ltr'><strong>Exite</strong></span> <span class='ocrx_word' id='word_1_235' title='bbox 2706 1596 2773 1662; x_wconf 79' lang='lat'><strong>“,</strong></span> <span class='ocrx_word' id='word_1_236' title='bbox 2822 1606 2879 1651; x_wconf 90' lang='lat' dir='ltr'><strong>et</strong></span> <span class='ocrx_word' id='word_1_237' title='bbox 2920 1598 3012 1665; x_wconf 85' lang='lat' dir='ltr'><strong>qui</strong></span> <span class='ocrx_word' id='word_1_238' title='bbox 3043 1597 3410 1653; x_wconf 84' lang='lat' dir='ltr'><strong>versabantur</strong></span> <span class='ocrx_word' id='word_1_239' title='bbox 3454 1596 3507 1649; x_wconf 92' lang='lat' dir='ltr'><strong>in</strong></span> 
     </span>
    </p>
   </div>
   <div class='ocr_carea' id='block_1_31' title="bbox 1948 1683 3509 1753">
    <p class='ocr_par' dir='ltr' id='par_1_31' title="bbox 1948 1683 3509 1753">
     <span class='ocr_line' id='line_1_31' title="bbox 1948 1683 3509 1753; baseline -0.003 -11"><span class='ocrx_word' id='word_1_240' title='bbox 1948 1689 2207 1753; x_wconf 84' lang='lat' dir='ltr'><strong>tenebris,</strong></span> <span class='ocrx_word' id='word_1_241' title='bbox 2252 1687 2581 1741; x_wconf 79' lang='lat' dir='ltr'><strong>Reuelamini</strong></span> <span class='ocrx_word' id='word_1_242' title='bbox 2611 1685 2678 1740; x_wconf 76' lang='lat'><strong>“.</strong></span> <span class='ocrx_word' id='word_1_243' title='bbox 2720 1704 2739 1737; x_wconf 75' lang='grc' dir='ltr'><strong>ι</strong></span> <span class='ocrx_word' id='word_1_244' title='bbox 2776 1684 2907 1752; x_wconf 70' lang='lat' dir='ltr'><strong>Quae</strong></span> <span class='ocrx_word' id='word_1_245' title='bbox 2934 1685 3102 1740; x_wconf 88' lang='lat' dir='ltr'><strong>verba</strong></span> <span class='ocrx_word' id='word_1_246' title='bbox 3149 1687 3291 1740; x_wconf 88' lang='lat' dir='ltr'><strong>haud</strong></span> <span class='ocrx_word' id='word_1_247' title='bbox 3345 1683 3509 1740; x_wconf 86' lang='lat' dir='ltr'><strong>dubie</strong></span> 
     </span>
    </p>
   </div>
   <div class='ocr_carea' id='block_1_32' title="bbox 1943 1775 3504 1848">
    <p class='ocr_par' dir='ltr' id='par_1_32' title="bbox 1943 1775 3504 1848">
     <span class='ocr_line' id='line_1_32' title="bbox 1943 1775 3504 1848; baseline -0.001 -17"><span class='ocrx_word' id='word_1_248' title='bbox 1943 1794 2199 1848; x_wconf 82' lang='lat' dir='ltr'><strong>expressa</strong></span> <span class='ocrx_word' id='word_1_249' title='bbox 2234 1792 2448 1848; x_wconf 87' lang='lat' dir='ltr'><strong>quoque</strong></span> <span class='ocrx_word' id='word_1_250' title='bbox 2475 1787 2602 1833; x_wconf 90' lang='lat' dir='ltr'><strong>sunt</strong></span> <span class='ocrx_word' id='word_1_251' title='bbox 2650 1792 2716 1832; x_wconf 89' lang='lat' dir='ltr'><strong>ex</strong></span> <span class='ocrx_word' id='word_1_252' title='bbox 2767 1775 2972 1833; x_wconf 68' lang='lat' dir='ltr'><strong>Graecis</strong></span> <span class='ocrx_word' id='word_1_253' title='bbox 3001 1776 3106 1830; x_wconf 88' lang='lat' dir='ltr'><strong>illis</strong></span> <span class='ocrx_word' id='word_1_254' title='bbox 3130 1776 3207 1847; x_wconf 91' lang='lat' dir='ltr'><strong>(v,</strong></span> <span class='ocrx_word' id='word_1_255' title='bbox 3236 1777 3321 1842; x_wconf 84' lang='grc'><strong>17,</strong></span> <span class='ocrx_word' id='word_1_256' title='bbox 3352 1791 3504 1830; x_wconf 90' lang='lat' dir='ltr'><strong>num.</strong></span> 
     </span>
    </p>
   </div>
   <div class='ocr_carea' id='block_1_33' title="bbox 267 1863 3506 1943">
    <p class='ocr_par' dir='ltr' id='par_1_33' title="bbox 267 1863 3506 1943">
     <span class='ocr_line' id='line_1_33' title="bbox 267 1863 3506 1943; baseline 0.002 -30"><span class='ocrx_word' id='word_1_257' title='bbox 267 1863 738 1930; x_wconf 79' lang='grc' dir='ltr'>παραστήσομαι</span> <span class='ocrx_word' id='word_1_258' title='bbox 789 1879 908 1926; x_wconf 86' lang='grc' dir='ltr'>σοι,</span> <span class='ocrx_word' id='word_1_259' title='bbox 945 1865 1043 1917; x_wconf 79' lang='grc' dir='ltr'>καὶ</span> <span class='ocrx_word' id='word_1_260' title='bbox 1092 1864 1293 1933; x_wconf 74' lang='grc' dir='ltr'>ἐπόψῃ</span> <span class='ocrx_word' id='word_1_261' title='bbox 1327 1883 1436 1934; x_wconf 83' lang='grc' dir='ltr'>με·</span> <span class='ocrx_word' id='word_1_262' title='bbox 1478 1869 1571 1921; x_wconf 72' lang='grc' dir='ltr'>καὶ</span> <span class='ocrx_word' id='word_1_263' title='bbox 1611 1868 1692 1932; x_wconf 80' lang='grc' dir='ltr'>τὸ,</span> <span class='ocrx_word' id='word_1_264' title='bbox 1742 1871 1836 1922; x_wconf 84' lang='grc' dir='ltr'>Ἐκ</span> <span class='ocrx_word' id='word_1_265' title='bbox 1868 1868 2060 1940; x_wconf 71' lang='grc'>13171)</span> <span class='ocrx_word' id='word_1_266' title='bbox 2093 1889 2106 1925; x_wconf 89' lang='lat'><strong>:</strong></span> <span class='ocrx_word' id='word_1_267' title='bbox 2142 1872 2373 1927; x_wconf 86' lang='grc' dir='ltr'>Δυνατὸν</span> <span class='ocrx_word' id='word_1_268' title='bbox 2405 1871 2587 1943; x_wconf 76' lang='grc' dir='ltr'>μέντοι</span> <span class='ocrx_word' id='word_1_269' title='bbox 2634 1871 2923 1941; x_wconf 86' lang='grc' dir='ltr'>γενόμενον</span> <span class='ocrx_word' id='word_1_270' title='bbox 2976 1868 3193 1940; x_wconf 81' lang='grc' dir='ltr'>δέσμιον</span> <span class='ocrx_word' id='word_1_271' title='bbox 3236 1867 3506 1940; x_wconf 81' lang='grc' dir='ltr'>ἁμαρτίας</span> 
     </span>
    </p>
   </div>
   <div class='ocr_carea' id='block_1_34' title="bbox 265 1949 1833 2025">
    <p class='ocr_par' dir='ltr' id='par_1_34' title="bbox 265 1949 1833 2025">
     <span class='ocr_line' id='line_1_34' title="bbox 265 1949 1833 2025; baseline 0.004 -23"><span class='ocrx_word' id='word_1_272' title='bbox 265 1950 491 2016; x_wconf 78' lang='grc' dir='ltr'>νυκτὸς</span> <span class='ocrx_word' id='word_1_273' title='bbox 520 1949 763 2019; x_wconf 81' lang='grc' dir='ltr'>ὀρθρίζει</span> <span class='ocrx_word' id='word_1_274' title='bbox 800 1954 863 2006; x_wconf 86' lang='grc' dir='ltr'>τὸ</span> <span class='ocrx_word' id='word_1_275' title='bbox 888 1952 1122 2023; x_wconf 75' lang='grc' dir='ltr'>πνεῦμά</span> <span class='ocrx_word' id='word_1_276' title='bbox 1136 1972 1255 2025; x_wconf 79' lang='grc' dir='ltr'><strong>μου</strong></span> <span class='ocrx_word' id='word_1_277' title='bbox 1294 1954 1443 2025; x_wconf 77' lang='grc' dir='ltr'>πρὸς</span> <span class='ocrx_word' id='word_1_278' title='bbox 1472 1956 1564 2019; x_wconf 86' lang='grc' dir='ltr'>σὲ,</span> <span class='ocrx_word' id='word_1_279' title='bbox 1589 1957 1802 2024; x_wconf 75' lang='grc' dir='ltr'><strong>ὀ-Θεός</strong></span> <span class='ocrx_word' id='word_1_280' title='bbox 1820 1974 1833 1987; x_wconf 91' lang='grc'><strong>·</strong></span> 
     </span>
    </p>
   </div>
   <div class='ocr_carea' id='block_1_35' title="bbox 267 2043 1838 2119">
    <p class='ocr_par' dir='ltr' id='par_1_35' title="bbox 267 2043 1838 2119">
     <span class='ocr_line' id='line_1_35' title="bbox 267 2043 1838 2119; baseline 0.006 -26"><span class='ocrx_word' id='word_1_281' title='bbox 267 2044 386 2105; x_wconf 75' lang='grc' dir='ltr'>καὶ,</span> <span class='ocrx_word' id='word_1_282' title='bbox 424 2043 477 2095; x_wconf 91' lang='lat'><strong>&#39;0</strong></span> <span class='ocrx_word' id='word_1_283' title='bbox 512 2046 678 2112; x_wconf 84' lang='grc' dir='ltr'><strong>Θεὸς,</strong></span> <span class='ocrx_word' id='word_1_284' title='bbox 721 2048 754 2100; x_wconf 81' lang='grc' dir='ltr'><em>ὁ</em></span> <span class='ocrx_word' id='word_1_285' title='bbox 789 2047 932 2112; x_wconf 83' lang='grc' dir='ltr'>Θεός</span> <span class='ocrx_word' id='word_1_286' title='bbox 957 2065 1097 2115; x_wconf 86' lang='grc' dir='ltr'>μου,</span> <span class='ocrx_word' id='word_1_287' title='bbox 1130 2050 1279 2117; x_wconf 84' lang='grc' dir='ltr'>πρὸς</span> <span class='ocrx_word' id='word_1_288' title='bbox 1326 2049 1402 2103; x_wconf 87' lang='grc' dir='ltr'>σὲ</span> <span class='ocrx_word' id='word_1_289' title='bbox 1441 2048 1707 2119; x_wconf 77' lang='grc' dir='ltr'>ὀρθρίζω’</span> <span class='ocrx_word' id='word_1_290' title='bbox 1744 2049 1838 2103; x_wconf 79' lang='grc' dir='ltr'>καὶ</span> 
     </span>
    </p>
   </div>
   <div class='ocr_carea' id='block_1_36' title="bbox 262 2130 1836 2213">
    <p class='ocr_par' dir='ltr' id='par_1_36' title="bbox 262 2130 1836 2213">
     <span class='ocr_line' id='line_1_36' title="bbox 262 2130 1836 2213; baseline 0.008 -28"><span class='ocrx_word' id='word_1_291' title='bbox 262 2130 344 2196; x_wconf 71' lang='grc' dir='ltr'><strong>τὸ,</strong></span> <span class='ocrx_word' id='word_1_292' title='bbox 364 2136 469 2201; x_wconf 77' lang='grc' dir='ltr'><strong>Εἰς</strong></span> <span class='ocrx_word' id='word_1_293' title='bbox 501 2134 608 2201; x_wconf 86' lang='grc' dir='ltr'>τὰς</span> <span class='ocrx_word' id='word_1_294' title='bbox 627 2137 849 2206; x_wconf 81' lang='grc' dir='ltr'>πρωίας</span> <span class='ocrx_word' id='word_1_295' title='bbox 865 2137 1218 2193; x_wconf 77' lang='grc' dir='ltr'><strong>ἀπέκτεινον</strong></span> <span class='ocrx_word' id='word_1_296' title='bbox 1242 2140 1470 2207; x_wconf 80' lang='grc' dir='ltr'><em>πάντας</em></span> <span class='ocrx_word' id='word_1_297' title='bbox 1500 2142 1641 2208; x_wconf 86' lang='grc' dir='ltr'>τοὺς</span> <span class='ocrx_word' id='word_1_298' title='bbox 1654 2143 1836 2213; x_wconf 81' lang='grc' dir='ltr'>ἀμαρ-</span> 
     </span>
    </p>
   </div>
   <div class='ocr_carea' id='block_1_37' title="bbox 262 2227 1836 2299">
    <p class='ocr_par' dir='ltr' id='par_1_37' title="bbox 262 2227 1836 2299">
     <span class='ocr_line' id='line_1_37' title="bbox 262 2227 1836 2299; baseline 0.005 -20"><span class='ocrx_word' id='word_1_299' title='bbox 262 2228 495 2293; x_wconf 77' lang='grc' dir='ltr'>τωλοὺς</span> <span class='ocrx_word' id='word_1_300' title='bbox 520 2227 626 2295; x_wconf 82' lang='grc' dir='ltr'>τῆς</span> <span class='ocrx_word' id='word_1_301' title='bbox 651 2228 763 2298; x_wconf 74' lang='grc' dir='ltr'>γῆς</span> <span class='ocrx_word' id='word_1_302' title='bbox 783 2245 797 2261; x_wconf 81' lang='lat'><strong><em>&#39;</em></strong></span> <span class='ocrx_word' id='word_1_303' title='bbox 825 2232 920 2283; x_wconf 73' lang='grc' dir='ltr'>καὶ</span> <span class='ocrx_word' id='word_1_304' title='bbox 958 2231 1041 2294; x_wconf 84' lang='grc' dir='ltr'>τὸ,</span> <span class='ocrx_word' id='word_1_305' title='bbox 1078 2231 1365 2297; x_wconf 77' lang='grc' dir='ltr'>Ἑσπέρας</span> <span class='ocrx_word' id='word_1_306' title='bbox 1406 2234 1836 2299; x_wconf 79' lang='grc' dir='ltr'>αὑλισθήσεται</span> 
     </span>
    </p>
   </div>
   <div class='ocr_carea' id='block_1_38' title="bbox 260 2320 1834 2391">
    <p class='ocr_par' dir='ltr' id='par_1_38' title="bbox 260 2320 1834 2391">
     <span class='ocr_line' id='line_1_38' title="bbox 260 2320 1834 2391; baseline 0.004 -20"><span class='ocrx_word' id='word_1_307' title='bbox 260 2321 593 2388; x_wconf 69' lang='grc' dir='ltr'>κλαυθμὸς,</span> <span class='ocrx_word' id='word_1_308' title='bbox 608 2320 704 2373; x_wconf 77' lang='grc' dir='ltr'>καὶ</span> <span class='ocrx_word' id='word_1_309' title='bbox 716 2324 800 2387; x_wconf 81' lang='grc' dir='ltr'><strong>είς</strong></span> <span class='ocrx_word' id='word_1_310' title='bbox 812 2322 876 2374; x_wconf 85' lang='grc' dir='ltr'>τὸ</span> <span class='ocrx_word' id='word_1_311' title='bbox 888 2322 1034 2389; x_wconf 74' lang='grc' dir='ltr'>πρωί</span> <span class='ocrx_word' id='word_1_312' title='bbox 1051 2322 1245 2391; x_wconf 60' lang='lat' dir='ltr'><strong>dra.“</strong></span> <span class='ocrx_word' id='word_1_313' title='bbox 1255 2320 1695 2387; x_wconf 72' lang='lat' dir='ltr'><strong>la0t¢.0rdinem</strong></span> <span class='ocrx_word' id='word_1_314' title='bbox 1710 2339 1834 2377; x_wconf 90' lang='lat' dir='ltr'><strong>eum</strong></span> 
     </span>
    </p>
   </div>
   <div class='ocr_carea' id='block_1_39' title="bbox 264 2409 1835 2481">
    <p class='ocr_par' dir='ltr' id='par_1_39' title="bbox 264 2409 1835 2481">
     <span class='ocr_line' id='line_1_39' title="bbox 264 2409 1835 2481; baseline 0.004 -19"><span class='ocrx_word' id='word_1_315' title='bbox 264 2425 375 2478; x_wconf 91' lang='lat' dir='ltr'><strong>quo</strong></span> <span class='ocrx_word' id='word_1_316' title='bbox 418 2410 537 2464; x_wconf 91' lang='lat' dir='ltr'><strong>loca</strong></span> <span class='ocrx_word' id='word_1_317' title='bbox 572 2409 866 2481; x_wconf 80' lang='lat' dir='ltr'><strong>Scriptura:</strong></span> <span class='ocrx_word' id='word_1_318' title='bbox 906 2412 1217 2466; x_wconf 79' lang='lat' dir='ltr'><strong>referuntur</strong></span> <span class='ocrx_word' id='word_1_319' title='bbox 1246 2413 1491 2481; x_wconf 89' lang='lat' dir='ltr'><strong>quisquis</strong></span> <span class='ocrx_word' id='word_1_320' title='bbox 1520 2414 1835 2470; x_wconf 81' lang='lat' dir='ltr'><strong>considera-</strong></span> 
     </span>
    </p>
   </div>
   <div class='ocr_carea' id='block_1_40' title="bbox 260 2502 1834 2573">
    <p class='ocr_par' dir='ltr' id='par_1_40' title="bbox 260 2502 1834 2573">
     <span class='ocr_line' id='line_1_40' title="bbox 260 2502 1834 2573; baseline 0.004 -20"><span class='ocrx_word' id='word_1_321' title='bbox 260 2502 427 2565; x_wconf 88' lang='lat' dir='ltr'><strong>verit,</strong></span> <span class='ocrx_word' id='word_1_322' title='bbox 461 2502 529 2565; x_wconf 89' lang='lat' dir='ltr'><strong>is,</strong></span> <span class='ocrx_word' id='word_1_323' title='bbox 566 2502 778 2573; x_wconf 84' lang='lat' dir='ltr'><strong>opinor,</strong></span> <span class='ocrx_word' id='word_1_324' title='bbox 809 2502 998 2558; x_wconf 83' lang='lat' dir='ltr'><strong>Latina</strong></span> <span class='ocrx_word' id='word_1_325' title='bbox 1023 2519 1053 2559; x_wconf 91' lang='lat' dir='ltr'><strong>e</strong></span> <span class='ocrx_word' id='word_1_326' title='bbox 1074 2502 1279 2559; x_wconf 68' lang='lat' dir='ltr'><strong>Graecis</strong></span> <span class='ocrx_word' id='word_1_327' title='bbox 1306 2518 1569 2560; x_wconf 83' lang='lat' dir='ltr'><strong>conversa</strong></span> <span class='ocrx_word' id='word_1_328' title='bbox 1596 2521 1715 2560; x_wconf 89' lang='lat' dir='ltr'><strong>esse</strong></span> <span class='ocrx_word' id='word_1_329' title='bbox 1748 2505 1834 2560; x_wconf 80' lang='lat' dir='ltr'><strong>fa-</strong></span> 
     </span>
    </p>
   </div>
   <div class='ocr_carea' id='block_1_41' title="bbox 260 2592 1832 2665">
    <p class='ocr_par' dir='ltr' id='par_1_41' title="bbox 260 2592 1832 2665">
     <span class='ocr_line' id='line_1_41' title="bbox 260 2592 1832 2665; baseline 0.004 -20"><span class='ocrx_word' id='word_1_330' title='bbox 260 2592 368 2646; x_wconf 88' lang='lat' dir='ltr'><strong>cile</strong></span> <span class='ocrx_word' id='word_1_331' title='bbox 422 2592 699 2649; x_wconf 72' lang='lat' dir='ltr'><strong>fatebitur.</strong></span> <span class='ocrx_word' id='word_1_332' title='bbox 751 2594 1059 2651; x_wconf 90' lang='lat' dir='ltr'><strong>Notandum</strong></span> <span class='ocrx_word' id='word_1_333' title='bbox 1111 2596 1289 2651; x_wconf 87' lang='lat' dir='ltr'><strong>obiter</strong></span> <span class='ocrx_word' id='word_1_334' title='bbox 1342 2594 1832 2665; x_wconf 87' lang='lat' dir='ltr'><strong>pseudo-Basilium</strong></span> 
     </span>
    </p>
   </div>
   <div class='ocr_carea' id='block_1_42' title="bbox 260 2683 1831 2757">
    <p class='ocr_par' dir='ltr' id='par_1_42' title="bbox 260 2683 1831 2757">
     <span class='ocr_line' id='line_1_42' title="bbox 260 2683 1831 2757; baseline 0.006 -22"><span class='ocrx_word' id='word_1_335' title='bbox 260 2683 339 2749; x_wconf 82' lang='lat'><strong>(5,</strong></span> <span class='ocrx_word' id='word_1_336' title='bbox 368 2683 458 2747; x_wconf 73' lang='grc'><strong>12,</strong></span> <span class='ocrx_word' id='word_1_337' title='bbox 494 2701 642 2739; x_wconf 83' lang='grc' dir='ltr'>ιιιιιιι.</span> <span class='ocrx_word' id='word_1_338' title='bbox 702 2686 825 2757; x_wconf 88' lang='grc'>161)</span> <span class='ocrx_word' id='word_1_339' title='bbox 861 2687 1023 2741; x_wconf 89' lang='lat' dir='ltr'><strong>etiam</strong></span> <span class='ocrx_word' id='word_1_340' title='bbox 1056 2687 1272 2742; x_wconf 86' lang='lat' dir='ltr'><strong>Eusebii</strong></span> <span class='ocrx_word' id='word_1_341' title='bbox 1325 2688 1382 2741; x_wconf 89' lang='lat' dir='ltr'><strong>in</strong></span> <span class='ocrx_word' id='word_1_342' title='bbox 1414 2686 1655 2742; x_wconf 85' lang='lat' dir='ltr'><strong>Psalmos</strong></span> <span class='ocrx_word' id='word_1_343' title='bbox 1683 2703 1831 2743; x_wconf 84' lang='lat' dir='ltr'><strong>com-</strong></span> 
     </span>
    </p>
   </div>
   <div class='ocr_carea' id='block_1_43' title="bbox 264 2776 1826 2848">
    <p class='ocr_par' dir='ltr' id='par_1_43' title="bbox 264 2776 1826 2848">
     <span class='ocr_line' id='line_1_43' title="bbox 264 2776 1826 2848; baseline 0.006 -21"><span class='ocrx_word' id='word_1_344' title='bbox 264 2776 617 2843; x_wconf 88' lang='lat' dir='ltr'><strong>mentarium,</strong></span> <span class='ocrx_word' id='word_1_345' title='bbox 647 2787 705 2831; x_wconf 91' lang='lat' dir='ltr'><strong>ut</strong></span> <span class='ocrx_word' id='word_1_346' title='bbox 745 2778 999 2847; x_wconf 87' lang='lat' dir='ltr'><strong>vidimus,</strong></span> <span class='ocrx_word' id='word_1_347' title='bbox 1030 2781 1130 2832; x_wconf 89' lang='lat' dir='ltr'><strong>hoc</strong></span> <span class='ocrx_word' id='word_1_348' title='bbox 1159 2780 1277 2833; x_wconf 91' lang='lat' dir='ltr'><strong>loco</strong></span> <span class='ocrx_word' id='word_1_349' title='bbox 1331 2780 1422 2833; x_wconf 87' lang='lat' dir='ltr'><strong>hic</strong></span> <span class='ocrx_word' id='word_1_350' title='bbox 1470 2781 1826 2848; x_wconf 83' lang='lat' dir='ltr'><strong>compilasse:</strong></span> 
     </span>
    </p>
   </div>
   <div class='ocr_carea' id='block_1_44' title="bbox 257 2867 1831 2939">
    <p class='ocr_par' dir='ltr' id='par_1_44' title="bbox 257 2867 1831 2939">
     <span class='ocr_line' id='line_1_44' title="bbox 257 2867 1831 2939; baseline 0.004 -20"><span class='ocrx_word' id='word_1_351' title='bbox 257 2882 425 2935; x_wconf 90' lang='lat' dir='ltr'><strong>quam</strong></span> <span class='ocrx_word' id='word_1_352' title='bbox 458 2867 754 2921; x_wconf 85' lang='lat' dir='ltr'><strong>inauditam</strong></span> <span class='ocrx_word' id='word_1_353' title='bbox 808 2868 1205 2938; x_wconf 85' lang='lat' dir='ltr'><strong>interpretandi</strong></span> <span class='ocrx_word' id='word_1_354' title='bbox 1238 2868 1505 2923; x_wconf 88' lang='lat' dir='ltr'><strong>rationem</strong></span> <span class='ocrx_word' id='word_1_355' title='bbox 1556 2870 1831 2939; x_wconf 87' lang='lat' dir='ltr'><strong>sapienter</strong></span> 
     </span>
    </p>
   </div>
   <div class='ocr_carea' id='block_1_45' title="bbox 259 2958 1824 3032">
    <p class='ocr_par' dir='ltr' id='par_1_45' title="bbox 259 2958 1824 3032">
     <span class='ocr_line' id='line_1_45' title="bbox 259 2958 1824 3032; baseline 0.003 -21"><span class='ocrx_word' id='word_1_356' title='bbox 259 2958 668 3029; x_wconf 87' lang='lat' dir='ltr'><strong>prudenterque</strong></span> <span class='ocrx_word' id='word_1_357' title='bbox 690 2959 834 3013; x_wconf 86' lang='lat' dir='ltr'><strong>cavit</strong></span> <span class='ocrx_word' id='word_1_358' title='bbox 871 2961 1107 3028; x_wconf 89' lang='lat' dir='ltr'><strong>optimus</strong></span> <span class='ocrx_word' id='word_1_359' title='bbox 1139 2961 1407 3030; x_wconf 86' lang='lat' dir='ltr'><strong>interpres</strong></span> <span class='ocrx_word' id='word_1_360' title='bbox 1443 2958 1824 3032; x_wconf 80' lang='lat' dir='ltr'><strong>Hieronymus.</strong></span> 
     </span>
    </p>
   </div>
   <div class='ocr_carea' id='block_1_46' title="bbox 259 3046 1831 3124">
    <p class='ocr_par' dir='ltr' id='par_1_46' title="bbox 259 3046 1831 3124">
     <span class='ocr_line' id='line_1_46' title="bbox 259 3046 1831 3124; baseline 0.002 -19"><span class='ocrx_word' id='word_1_361' title='bbox 259 3046 437 3106; x_wconf 85' lang='lat' dir='ltr'><strong>Unum</strong></span> <span class='ocrx_word' id='word_1_362' title='bbox 468 3050 711 3106; x_wconf 90' lang='lat' dir='ltr'><strong>omnium</strong></span> <span class='ocrx_word' id='word_1_363' title='bbox 747 3052 1212 3123; x_wconf 89' lang='lat' dir='ltr'><strong>imperitissimum</strong></span> <span class='ocrx_word' id='word_1_364' title='bbox 1248 3054 1569 3124; x_wconf 84' lang='lat' dir='ltr'><strong>scriptorem</strong></span> <span class='ocrx_word' id='word_1_365' title='bbox 1594 3053 1831 3124; x_wconf 86' lang='lat' dir='ltr'><strong>pseudo-</strong></span> 
     </span>
    </p>
   </div>
   <div class='ocr_carea' id='block_1_47' title="bbox 256 3140 1827 3213">
    <p class='ocr_par' dir='ltr' id='par_1_47' title="bbox 256 3140 1827 3213">
     <span class='ocr_line' id='line_1_47' title="bbox 256 3140 1827 3213; baseline -0.002 -16"><span class='ocrx_word' id='word_1_366' title='bbox 256 3141 515 3197; x_wconf 87' lang='lat' dir='ltr'><strong>Basilium</strong></span> <span class='ocrx_word' id='word_1_367' title='bbox 546 3151 693 3196; x_wconf 89' lang='lat' dir='ltr'><strong>tanta</strong></span> <span class='ocrx_word' id='word_1_368' title='bbox 722 3142 922 3212; x_wconf 87' lang='lat' dir='ltr'><strong>ineptia</strong></span> <span class='ocrx_word' id='word_1_369' title='bbox 946 3141 1185 3197; x_wconf 89' lang='lat' dir='ltr'><strong>decebat.</strong></span> <span class='ocrx_word' id='word_1_370' title='bbox 1206 3140 1567 3213; x_wconf 84' lang='lat' dir='ltr'><strong>Hieronymus</strong></span> <span class='ocrx_word' id='word_1_371' title='bbox 1583 3141 1827 3197; x_wconf 91' lang='lat' dir='ltr'><strong>columna</strong></span> 
     </span>
    </p>
   </div>
   <div class='ocr_carea' id='block_1_48' title="bbox 1943 1958 3504 2033">
    <p class='ocr_par' dir='ltr' id='par_1_48' title="bbox 1943 1958 3504 2033">
     <span class='ocr_line' id='line_1_48' title="bbox 1943 1958 3504 2033; baseline -0.002 -21"><span class='ocrx_word' id='word_1_372' title='bbox 1943 1960 2299 2031; x_wconf 84' lang='grc' dir='ltr'>ἀκολουθῆσαι</span> <span class='ocrx_word' id='word_1_373' title='bbox 2345 1960 2563 2033; x_wconf 84' lang='grc' dir='ltr'>Χριστῷ</span> <span class='ocrx_word' id='word_1_374' title='bbox 2607 1960 2683 2031; x_wconf 79' lang='grc' dir='ltr'>τῷ</span> <span class='ocrx_word' id='word_1_375' title='bbox 2716 1960 2927 2031; x_wconf 77' lang='grc' dir='ltr'>ἐροῦντι</span> <span class='ocrx_word' id='word_1_376' title='bbox 2974 1963 3087 2025; x_wconf 85' lang='grc' dir='ltr'>τοῖς</span> <span class='ocrx_word' id='word_1_377' title='bbox 3144 1961 3202 2014; x_wconf 92' lang='grc' dir='ltr'><strong>ἐν</strong></span> <span class='ocrx_word' id='word_1_378' title='bbox 3243 1958 3504 2029; x_wconf 80' lang='grc' dir='ltr'>δεσμίοις,</span> 
     </span>
    </p>
   </div>
   <div class='ocr_carea' id='block_1_49' title="bbox 1956 2049 3503 2121">
    <p class='ocr_par' dir='ltr' id='par_1_49' title="bbox 1956 2049 3503 2121">
     <span class='ocr_line' id='line_1_49' title="bbox 1956 2049 3503 2121; baseline -0.001 -15"><span class='ocrx_word' id='word_1_379' title='bbox 1956 2051 2279 2115; x_wconf 76' lang='grc' dir='ltr'>Ἐξέλθετε,</span> <span class='ocrx_word' id='word_1_380' title='bbox 2302 2052 2394 2105; x_wconf 70' lang='grc' dir='ltr'>καὶ</span> <span class='ocrx_word' id='word_1_381' title='bbox 2420 2055 2529 2114; x_wconf 85' lang='grc' dir='ltr'>τοῖς</span> <span class='ocrx_word' id='word_1_382' title='bbox 2544 2054 2601 2104; x_wconf 83' lang='grc' dir='ltr'><strong>ἐν</strong></span> <span class='ocrx_word' id='word_1_383' title='bbox 2628 2051 2706 2121; x_wconf 84' lang='grc' dir='ltr'>τῷ</span> <span class='ocrx_word' id='word_1_384' title='bbox 2738 2051 2936 2115; x_wconf 78' lang='grc' dir='ltr'>σκότει,</span> <span class='ocrx_word' id='word_1_385' title='bbox 2971 2049 3503 2121; x_wconf 73' lang='grc' dir='ltr'>Ἀποκαλυφθῆναι.</span> 
     </span>
    </p>
   </div>
   <div class='ocr_carea' id='block_1_50' title="bbox 1941 2140 3505 2212">
    <p class='ocr_par' dir='ltr' id='par_1_50' title="bbox 1941 2140 3505 2212">
     <span class='ocr_line' id='line_1_50' title="bbox 1941 2140 3505 2212; baseline 0 -15"><span class='ocrx_word' id='word_1_386' title='bbox 1941 2140 2300 2212; x_wconf 84' lang='lat' dir='ltr'><strong>Hieronymus</strong></span> <span class='ocrx_word' id='word_1_387' title='bbox 2322 2143 2509 2196; x_wconf 88' lang='lat' dir='ltr'><strong>eadem</strong></span> <span class='ocrx_word' id='word_1_388' title='bbox 2540 2140 2644 2195; x_wconf 88' lang='lat' dir='ltr'><strong>col.</strong></span> <span class='ocrx_word' id='word_1_389' title='bbox 2671 2141 2741 2196; x_wconf 79' lang='grc'><strong>55</strong></span> <span class='ocrx_word' id='word_1_390' title='bbox 2772 2159 2786 2196; x_wconf 90' lang='lat'><strong>:</strong></span> <span class='ocrx_word' id='word_1_391' title='bbox 2821 2159 2839 2193; x_wconf 85' lang='grc'>‹</span> <span class='ocrx_word' id='word_1_392' title='bbox 2862 2141 3179 2211; x_wconf 87' lang='lat' dir='ltr'><strong>Achitophel</strong></span> <span class='ocrx_word' id='word_1_393' title='bbox 3211 2157 3424 2211; x_wconf 88' lang='lat' dir='ltr'><strong>quoque</strong></span> <span class='ocrx_word' id='word_1_394' title='bbox 3451 2152 3505 2197; x_wconf 90' lang='lat' dir='ltr'><strong>et</strong></span> 
     </span>
    </p>
   </div>
   <div class='ocr_carea' id='block_1_51' title="bbox 1937 2232 3503 2303">
    <p class='ocr_par' dir='ltr' id='par_1_51' title="bbox 1937 2232 3503 2303">
     <span class='ocr_line' id='line_1_51' title="bbox 1937 2232 3503 2303; baseline -0.001 -15"><span class='ocrx_word' id='word_1_395' title='bbox 1937 2233 2171 2289; x_wconf 74' lang='lat' dir='ltr'><strong>ludas...</strong></span> <span class='ocrx_word' id='word_1_396' title='bbox 2204 2233 2414 2301; x_wconf 88' lang='lat' dir='ltr'><strong>periere</strong></span> <span class='ocrx_word' id='word_1_397' title='bbox 2446 2233 2761 2301; x_wconf 87' lang='lat' dir='ltr'><strong>suspendio,</strong></span> <span class='ocrx_word' id='word_1_398' title='bbox 2818 2240 3071 2303; x_wconf 76' lang='lat' dir='ltr'><strong>putantes</strong></span> <span class='ocrx_word' id='word_1_399' title='bbox 3124 2232 3322 2286; x_wconf 89' lang='lat' dir='ltr'><strong>malum</strong></span> <span class='ocrx_word' id='word_1_400' title='bbox 3370 2247 3503 2286; x_wconf 80' lang='lat' dir='ltr'><strong>con-</strong></span> 
     </span>
    </p>
   </div>
   <div class='ocr_carea' id='block_1_52' title="bbox 1938 2323 3505 2395">
    <p class='ocr_par' dir='ltr' id='par_1_52' title="bbox 1938 2323 3505 2395">
     <span class='ocr_line' id='line_1_52' title="bbox 1938 2323 3505 2395; baseline 0.001 -18"><span class='ocrx_word' id='word_1_401' title='bbox 1938 2325 2181 2380; x_wconf 71' lang='lat' dir='ltr'><strong>scientia:</strong></span> <span class='ocrx_word' id='word_1_402' title='bbox 2235 2324 2485 2395; x_wconf 62' lang='lat' dir='ltr'><strong>praesenti</strong></span> <span class='ocrx_word' id='word_1_403' title='bbox 2522 2334 2696 2377; x_wconf 85' lang='lat' dir='ltr'><strong>morte</strong></span> <span class='ocrx_word' id='word_1_404' title='bbox 2725 2323 2888 2392; x_wconf 81' lang='lat' dir='ltr'><strong>ﬁniri,</strong></span> <span class='ocrx_word' id='word_1_405' title='bbox 2930 2333 2985 2379; x_wconf 91' lang='lat' dir='ltr'><strong>et</strong></span> <span class='ocrx_word' id='word_1_406' title='bbox 3038 2323 3176 2378; x_wconf 90' lang='lat' dir='ltr'><strong>nihil</strong></span> <span class='ocrx_word' id='word_1_407' title='bbox 3223 2337 3346 2378; x_wconf 89' lang='lat' dir='ltr'><strong>esse</strong></span> <span class='ocrx_word' id='word_1_408' title='bbox 3382 2332 3505 2391; x_wconf 86' lang='lat' dir='ltr'><strong>post</strong></span> 
     </span>
    </p>
   </div>
   <div class='ocr_carea' id='block_1_53' title="bbox 1940 2413 3505 2486">
    <p class='ocr_par' dir='ltr' id='par_1_53' title="bbox 1940 2413 3505 2486">
     <span class='ocr_line' id='line_1_53' title="bbox 1940 2413 3505 2486; baseline 0 -20"><span class='ocrx_word' id='word_1_409' title='bbox 1940 2426 2188 2468; x_wconf 85' lang='lat' dir='ltr'><strong>mortem.</strong></span> <span class='ocrx_word' id='word_1_410' title='bbox 2222 2434 2242 2469; x_wconf 74' lang='grc' dir='ltr'><strong>ι</strong></span> <span class='ocrx_word' id='word_1_411' title='bbox 2277 2413 2736 2471; x_wconf 79' lang='lat' dir='ltr'><strong>Pseudo—Basilius</strong></span> <span class='ocrx_word' id='word_1_412' title='bbox 2768 2413 3014 2486; x_wconf 86' lang='lat' dir='ltr'><strong>(ibidem)</strong></span> <span class='ocrx_word' id='word_1_413' title='bbox 3047 2431 3061 2469; x_wconf 92' lang='lat'><strong>:</strong></span> <span class='ocrx_word' id='word_1_414' title='bbox 3107 2414 3386 2485; x_wconf 81' lang='grc' dir='ltr'>Ἀχιτόφελ</span> <span class='ocrx_word' id='word_1_415' title='bbox 3410 2414 3505 2467; x_wconf 76' lang='grc' dir='ltr'>καὶ</span> 
     </span>
    </p>
   </div>
   <div class='ocr_carea' id='block_1_54' title="bbox 1952 2504 3503 2580">
    <p class='ocr_par' dir='ltr' id='par_1_54' title="bbox 1952 2504 3503 2580">
     <span class='ocr_line' id='line_1_54' title="bbox 1952 2504 3503 2580; baseline 0.002 -25"><span class='ocrx_word' id='word_1_416' title='bbox 1952 2504 2214 2567; x_wconf 86' lang='grc' dir='ltr'>Ἰούδας...</span> <span class='ocrx_word' id='word_1_417' title='bbox 2269 2506 2359 2559; x_wconf 84' lang='grc' dir='ltr'>τὸν</span> <span class='ocrx_word' id='word_1_418' title='bbox 2390 2509 2457 2560; x_wconf 84' lang='grc' dir='ltr'><strong>δι’</strong></span> <span class='ocrx_word' id='word_1_419' title='bbox 2496 2508 2733 2580; x_wconf 82' lang='grc' dir='ltr'><strong>ἀγχόνης</strong></span> <span class='ocrx_word' id='word_1_420' title='bbox 2786 2506 3015 2562; x_wconf 85' lang='grc' dir='ltr'>θάνατον</span> <span class='ocrx_word' id='word_1_421' title='bbox 3059 2506 3153 2560; x_wconf 83' lang='grc' dir='ltr'>τοῦ</span> <span class='ocrx_word' id='word_1_422' title='bbox 3198 2506 3503 2577; x_wconf 82' lang='grc' dir='ltr'>αὐτομάτου</span> 
     </span>
    </p>
   </div>
   <div class='ocr_carea' id='block_1_55' title="bbox 1936 2596 3505 2671">
    <p class='ocr_par' dir='ltr' id='par_1_55' title="bbox 1936 2596 3505 2671">
     <span class='ocr_line' id='line_1_55' title="bbox 1936 2596 3505 2671; baseline 0.002 -24"><span class='ocrx_word' id='word_1_423' title='bbox 1936 2596 2328 2667; x_wconf 87' lang='grc' dir='ltr'>προετίμησαν.</span> <span class='ocrx_word' id='word_1_424' title='bbox 2358 2596 2469 2649; x_wconf 80' lang='grc' dir='ltr'>Οὐκ</span> <span class='ocrx_word' id='word_1_425' title='bbox 2501 2598 2564 2649; x_wconf 85' lang='grc' dir='ltr'>ἂν</span> <span class='ocrx_word' id='word_1_426' title='bbox 2590 2599 2698 2669; x_wconf 78' lang='grc' dir='ltr'><strong>γὰρ</strong></span> <span class='ocrx_word' id='word_1_427' title='bbox 2732 2599 3075 2663; x_wconf 72' lang='grc' dir='ltr'>πιστεύοντες</span> <span class='ocrx_word' id='word_1_428' title='bbox 3104 2596 3232 2671; x_wconf 70' lang='grc' dir='ltr'>περὶ</span> <span class='ocrx_word' id='word_1_429' title='bbox 3259 2597 3350 2652; x_wconf 79' lang='grc' dir='ltr'><strong>τοῦ</strong></span> <span class='ocrx_word' id='word_1_430' title='bbox 3385 2597 3505 2670; x_wconf 82' lang='grc' dir='ltr'>μέλ-</span> 
     </span>
    </p>
   </div>
   <div class='ocr_carea' id='block_1_56' title="bbox 1936 2687 3494 2759">
    <p class='ocr_par' dir='ltr' id='par_1_56' title="bbox 1936 2687 3494 2759">
     <span class='ocr_line' id='line_1_56' title="bbox 1936 2687 3494 2759; baseline -0.001 -17"><span class='ocrx_word' id='word_1_431' title='bbox 1936 2687 2116 2753; x_wconf 84' lang='grc' dir='ltr'>λοντος</span> <span class='ocrx_word' id='word_1_432' title='bbox 2145 2687 2339 2751; x_wconf 78' lang='grc' dir='ltr'>αἰῶνος</span> <span class='ocrx_word' id='word_1_433' title='bbox 2367 2687 2824 2758; x_wconf 85' lang='grc' dir='ltr'>ἀπηγχονίσαντο.</span> <span class='ocrx_word' id='word_1_434' title='bbox 2857 2688 3210 2759; x_wconf 69' lang='lat' dir='ltr'><strong>llieroiiymus</strong></span> <span class='ocrx_word' id='word_1_435' title='bbox 3244 2691 3349 2746; x_wconf 84' lang='lat' dir='ltr'><strong>col.</strong></span> <span class='ocrx_word' id='word_1_436' title='bbox 3388 2690 3494 2743; x_wconf 84' lang='lat'><strong>55:</strong></span> 
     </span>
    </p>
   </div>
   <div class='ocr_carea' id='block_1_57' title="bbox 1941 2779 3503 2851">
    <p class='ocr_par' dir='ltr' id='par_1_57' title="bbox 1941 2779 3503 2851">
     <span class='ocr_line' id='line_1_57' title="bbox 1941 2779 3503 2851; baseline 0.001 -19"><span class='ocrx_word' id='word_1_437' title='bbox 1941 2799 1960 2832; x_wconf 77' lang='grc' dir='ltr'><strong>ι</strong></span> <span class='ocrx_word' id='word_1_438' title='bbox 2005 2779 2165 2835; x_wconf 80' lang='lat' dir='ltr'><strong>Juxta</strong></span> <span class='ocrx_word' id='word_1_439' title='bbox 2200 2780 2552 2851; x_wconf 81' lang='lat' dir='ltr'><strong>tr0pologiam</strong></span> <span class='ocrx_word' id='word_1_440' title='bbox 2601 2789 2729 2834; x_wconf 91' lang='lat' dir='ltr'><strong>ante</strong></span> <span class='ocrx_word' id='word_1_441' title='bbox 2780 2780 2891 2851; x_wconf 90' lang='lat' dir='ltr'><strong>jam</strong></span> <span class='ocrx_word' id='word_1_442' title='bbox 2934 2781 3190 2846; x_wconf 79' lang='lat' dir='ltr'><strong>diximus,</strong></span> <span class='ocrx_word' id='word_1_443' title='bbox 3225 2779 3367 2851; x_wconf 87' lang='lat' dir='ltr'><strong>quod</strong></span> <span class='ocrx_word' id='word_1_444' title='bbox 3412 2794 3503 2834; x_wconf 86' lang='lat' dir='ltr'><strong>sa-</strong></span> 
     </span>
    </p>
   </div>
   <div class='ocr_carea' id='block_1_58' title="bbox 1939 2870 3491 2941">
    <p class='ocr_par' dir='ltr' id='par_1_58' title="bbox 1939 2870 3491 2941">
     <span class='ocr_line' id='line_1_58' title="bbox 1939 2870 3491 2941; baseline 0.001 -16"><span class='ocrx_word' id='word_1_445' title='bbox 1939 2872 2188 2926; x_wconf 86' lang='lat' dir='ltr'><strong>cerdotes</strong></span> <span class='ocrx_word' id='word_1_446' title='bbox 2231 2873 2524 2941; x_wconf 77' lang='lat' dir='ltr'><strong>ingressuri</strong></span> <span class='ocrx_word' id='word_1_447' title='bbox 2557 2870 2961 2926; x_wconf 88' lang='lat' dir='ltr'><strong>tabernaculum</strong></span> <span class='ocrx_word' id='word_1_448' title='bbox 2987 2871 3105 2937; x_wconf 82' lang='lat' dir='ltr'><strong>Dei,</strong></span> <span class='ocrx_word' id='word_1_449' title='bbox 3136 2886 3243 2927; x_wconf 92' lang='lat' dir='ltr'><strong>non</strong></span> <span class='ocrx_word' id='word_1_450' title='bbox 3259 2872 3491 2929; x_wconf 89' lang='lat' dir='ltr'><strong>debeant</strong></span> 
     </span>
    </p>
   </div>
   <div class='ocr_carea' id='block_1_59' title="bbox 1938 2960 3497 3028">
    <p class='ocr_par' dir='ltr' id='par_1_59' title="bbox 1938 2960 3497 3028">
     <span class='ocr_line' id='line_1_59' title="bbox 1938 2960 3497 3028; baseline 0.002 -13"><span class='ocrx_word' id='word_1_451' title='bbox 1938 2962 2125 3015; x_wconf 91' lang='lat' dir='ltr'><strong>viuum</strong></span> <span class='ocrx_word' id='word_1_452' title='bbox 2175 2960 2361 3015; x_wconf 87' lang='lat' dir='ltr'><strong>bibere</strong></span> <span class='ocrx_word' id='word_1_453' title='bbox 2406 2972 2461 3014; x_wconf 92' lang='lat' dir='ltr'><strong>et</strong></span> <span class='ocrx_word' id='word_1_454' title='bbox 2508 2964 2759 3016; x_wconf 81' lang='lat' dir='ltr'><strong>siceram.</strong></span> <span class='ocrx_word' id='word_1_455' title='bbox 2794 2962 2997 3028; x_wconf 82' lang='lat' dir='ltr'><strong>Quibus</strong></span> <span class='ocrx_word' id='word_1_456' title='bbox 3051 2979 3195 3016; x_wconf 89' lang='lat' dir='ltr'><strong>nunc</strong></span> <span class='ocrx_word' id='word_1_457' title='bbox 3227 2965 3497 3028; x_wconf 89' lang='lat' dir='ltr'><strong>addimus,</strong></span> 
     </span>
    </p>
   </div>
   <div class='ocr_carea' id='block_1_60' title="bbox 1933 3050 3503 3123">
    <p class='ocr_par' dir='ltr' id='par_1_60' title="bbox 1933 3050 3503 3123">
     <span class='ocr_line' id='line_1_60' title="bbox 1933 3050 3503 3123; baseline 0.003 -18"><span class='ocrx_word' id='word_1_458' title='bbox 1933 3053 2078 3123; x_wconf 90' lang='lat' dir='ltr'><strong>quod</strong></span> <span class='ocrx_word' id='word_1_459' title='bbox 2109 3050 2381 3107; x_wconf 62' lang='lat' dir='ltr'><strong>Nazareis</strong></span> <span class='ocrx_word' id='word_1_460' title='bbox 2406 3066 2619 3122; x_wconf 90' lang='lat' dir='ltr'><strong>quoque</strong></span> <span class='ocrx_word' id='word_1_461' title='bbox 2665 3060 2996 3122; x_wconf 85' lang='lat' dir='ltr'><strong>praeceptum</strong></span> <span class='ocrx_word' id='word_1_462' title='bbox 3044 3052 3137 3118; x_wconf 88' lang='lat' dir='ltr'><strong>sit,</strong></span> <span class='ocrx_word' id='word_1_463' title='bbox 3167 3053 3258 3123; x_wconf 92' lang='lat' dir='ltr'><strong>qui</strong></span> <span class='ocrx_word' id='word_1_464' title='bbox 3289 3068 3348 3110; x_wconf 92' lang='lat' dir='ltr'><strong>se</strong></span> <span class='ocrx_word' id='word_1_465' title='bbox 3377 3069 3503 3112; x_wconf 84' lang='lat' dir='ltr'><strong>san-</strong></span> 
     </span>
    </p>
   </div>
   <div class='ocr_carea' id='block_1_61' title="bbox 1933 3142 3499 3211">
    <p class='ocr_par' dir='ltr' id='par_1_61' title="bbox 1933 3142 3499 3211">
     <span class='ocr_line' id='line_1_61' title="bbox 1933 3142 3499 3211; baseline 0.003 -12"><span class='ocrx_word' id='word_1_466' title='bbox 1933 3145 2179 3199; x_wconf 80' lang='lat' dir='ltr'><strong>ctiﬁcant</strong></span> <span class='ocrx_word' id='word_1_467' title='bbox 2225 3144 2473 3211; x_wconf 91' lang='lat' dir='ltr'><strong>Domino,</strong></span> <span class='ocrx_word' id='word_1_468' title='bbox 2496 3153 2554 3197; x_wconf 91' lang='lat' dir='ltr'><strong>ut</strong></span> <span class='ocrx_word' id='word_1_469' title='bbox 2593 3142 2775 3197; x_wconf 88' lang='lat' dir='ltr'><strong>viuum</strong></span> <span class='ocrx_word' id='word_1_470' title='bbox 2825 3152 2882 3198; x_wconf 91' lang='lat' dir='ltr'><strong>et</strong></span> <span class='ocrx_word' id='word_1_471' title='bbox 2934 3144 3190 3211; x_wconf 82' lang='lat' dir='ltr'><strong>siceram,</strong></span> <span class='ocrx_word' id='word_1_472' title='bbox 3241 3155 3295 3201; x_wconf 86' lang='lat' dir='ltr'><strong>et</strong></span> <span class='ocrx_word' id='word_1_473' title='bbox 3338 3162 3499 3203; x_wconf 86' lang='lat' dir='ltr'><strong>omne</strong></span> 
     </span>
    </p>
   </div>
   <div class='ocr_carea' id='block_1_62' title="bbox 255 3226 3497 3303">
    <p class='ocr_par' dir='ltr' id='par_1_62' title="bbox 255 3226 3497 3303">
     <span class='ocr_line' id='line_1_62' title="bbox 255 3226 3497 3303; baseline 0.002 -15"><span class='ocrx_word' id='word_1_474' title='bbox 255 3234 445 3288; x_wconf 87' lang='lat' dir='ltr'><strong>itidem</strong></span> <span class='ocrx_word' id='word_1_475' title='bbox 472 3233 534 3288; x_wconf 85' lang='grc'>51</span> <span class='ocrx_word' id='word_1_476' title='bbox 574 3252 587 3288; x_wconf 90' lang='lat'><strong>:</strong></span> <span class='ocrx_word' id='word_1_477' title='bbox 627 3251 647 3286; x_wconf 73' lang='grc' dir='ltr'><strong>ι</strong></span> <span class='ocrx_word' id='word_1_478' title='bbox 686 3234 811 3288; x_wconf 59' lang='lat' dir='ltr'><strong>Haec</strong></span> <span class='ocrx_word' id='word_1_479' title='bbox 840 3234 993 3295; x_wconf 82' lang='lat' dir='ltr'><strong>juxta</strong></span> <span class='ocrx_word' id='word_1_480' title='bbox 1034 3234 1268 3288; x_wconf 89' lang='lat' dir='ltr'><strong>litteram</strong></span> <span class='ocrx_word' id='word_1_481' title='bbox 1320 3235 1587 3289; x_wconf 87' lang='lat' dir='ltr'><strong>accidisse</strong></span> <span class='ocrx_word' id='word_1_482' title='bbox 1631 3234 1829 3303; x_wconf 90' lang='lat' dir='ltr'><strong>populo</strong></span> <span class='ocrx_word' id='word_1_483' title='bbox 1856 3226 1898 3285; x_wconf 78' lang='grc' dir='ltr'><strong>α</strong></span> <span class='ocrx_word' id='word_1_484' title='bbox 1933 3236 2075 3302; x_wconf 88' lang='lat' dir='ltr'><strong>quod</strong></span> <span class='ocrx_word' id='word_1_485' title='bbox 2105 3234 2171 3289; x_wconf 89' lang='lat' dir='ltr'><strong>de</strong></span> <span class='ocrx_word' id='word_1_486' title='bbox 2205 3234 2323 3290; x_wconf 91' lang='lat' dir='ltr'><strong>uvis</strong></span> <span class='ocrx_word' id='word_1_487' title='bbox 2346 3246 2450 3301; x_wconf 93' lang='lat' dir='ltr'><strong>est,</strong></span> <span class='ocrx_word' id='word_1_488' title='bbox 2476 3250 2580 3290; x_wconf 89' lang='lat' dir='ltr'><strong>non</strong></span> <span class='ocrx_word' id='word_1_489' title='bbox 2600 3234 2784 3290; x_wconf 89' lang='lat' dir='ltr'><strong>bibant</strong></span> <span class='ocrx_word' id='word_1_490' title='bbox 2807 3237 3224 3303; x_wconf 85' lang='lat' dir='ltr'><strong>neccomedant,</strong></span> <span class='ocrx_word' id='word_1_491' title='bbox 3244 3252 3497 3293; x_wconf 77' lang='lat' dir='ltr'><strong>ne&#39;uvam</strong></span> 
     </span>
    </p>
   </div>
   <div class='ocr_carea' id='block_1_63' title="bbox 252 3323 1826 3395">
    <p class='ocr_par' dir='ltr' id='par_1_63' title="bbox 252 3323 1826 3395">
     <span class='ocr_line' id='line_1_63' title="bbox 252 3323 1826 3395; baseline -0.001 -15"><span class='ocrx_word' id='word_1_492' title='bbox 252 3325 565 3381; x_wconf 65' lang='lat' dir='ltr'><strong>Iudaeorum</strong></span> <span class='ocrx_word' id='word_1_493' title='bbox 596 3326 694 3380; x_wconf 90' lang='lat' dir='ltr'><strong>sub</strong></span> <span class='ocrx_word' id='word_1_494' title='bbox 724 3323 1055 3395; x_wconf 81' lang='lat' dir='ltr'><strong>Vespasiano</strong></span> <span class='ocrx_word' id='word_1_495' title='bbox 1088 3335 1146 3379; x_wconf 91' lang='lat' dir='ltr'><strong>et</strong></span> <span class='ocrx_word' id='word_1_496' title='bbox 1168 3324 1291 3378; x_wconf 89' lang='lat' dir='ltr'><strong>Tito</strong></span> <span class='ocrx_word' id='word_1_497' title='bbox 1324 3324 1586 3381; x_wconf 83' lang='lat' dir='ltr'><strong>Romanis</strong></span> <span class='ocrx_word' id='word_1_498' title='bbox 1621 3326 1826 3395; x_wconf 72' lang='lat' dir='ltr'><strong>princi-</strong></span> 
     </span>
    </p>
   </div>
   <div class='ocr_carea' id='block_1_64' title="bbox 255 3416 1825 3488">
    <p class='ocr_par' dir='ltr' id='par_1_64' title="bbox 255 3416 1825 3488">
     <span class='ocr_line' id='line_1_64' title="bbox 255 3416 1825 3488; baseline -0.001 -16"><span class='ocrx_word' id='word_1_499' title='bbox 255 3418 437 3488; x_wconf 88' lang='lat' dir='ltr'><strong>pibus,</strong></span> <span class='ocrx_word' id='word_1_500' title='bbox 493 3426 600 3471; x_wconf 89' lang='lat' dir='ltr'><strong>tam</strong></span> <span class='ocrx_word' id='word_1_501' title='bbox 652 3416 839 3472; x_wconf 68' lang='lat' dir='ltr'><strong>Graeca</strong></span> <span class='ocrx_word' id='word_1_502' title='bbox 875 3431 1040 3487; x_wconf 87' lang='lat' dir='ltr'><strong>quam</strong></span> <span class='ocrx_word' id='word_1_503' title='bbox 1095 3416 1285 3471; x_wconf 86' lang='lat' dir='ltr'><strong>Latina</strong></span> <span class='ocrx_word' id='word_1_504' title='bbox 1341 3426 1527 3471; x_wconf 86' lang='lat' dir='ltr'><strong>narrat</strong></span> <span class='ocrx_word' id='word_1_505' title='bbox 1577 3417 1825 3471; x_wconf 74' lang='lat' dir='ltr'><strong>historia.</strong></span> 
     </span>
    </p>
   </div>
   <div class='ocr_carea' id='block_1_65' title="bbox 258 3509 1827 3582">
    <p class='ocr_par' dir='ltr' id='par_1_65' title="bbox 258 3509 1827 3582">
     <span class='ocr_line' id='line_1_65' title="bbox 258 3509 1827 3582; baseline -0.001 -17"><span class='ocrx_word' id='word_1_506' title='bbox 258 3513 417 3580; x_wconf 75' lang='lat' dir='ltr'><strong>Quod</strong></span> <span class='ocrx_word' id='word_1_507' title='bbox 448 3512 669 3582; x_wconf 88' lang='lat' dir='ltr'><strong>quidem</strong></span> <span class='ocrx_word' id='word_1_508' title='bbox 706 3518 761 3565; x_wconf 90' lang='lat' dir='ltr'><strong>et</strong></span> <span class='ocrx_word' id='word_1_509' title='bbox 798 3509 1159 3579; x_wconf 83' lang='lat' dir='ltr'><strong>spiritualiter</strong></span> <span class='ocrx_word' id='word_1_510' title='bbox 1186 3509 1343 3565; x_wconf 89' lang='lat' dir='ltr'><strong>hodie</strong></span> <span class='ocrx_word' id='word_1_511' title='bbox 1366 3524 1581 3579; x_wconf 89' lang='lat' dir='ltr'><strong>quoque</strong></span> <span class='ocrx_word' id='word_1_512' title='bbox 1610 3509 1827 3580; x_wconf 87' lang='lat' dir='ltr'><strong>patiun-</strong></span> 
     </span>
    </p>
   </div>
   <div class='ocr_carea' id='block_1_66' title="bbox 257 3603 1825 3672">
    <p class='ocr_par' dir='ltr' id='par_1_66' title="bbox 257 3603 1825 3672">
     <span class='ocr_line' id='line_1_66' title="bbox 257 3603 1825 3672; baseline -0.002 -13"><span class='ocrx_word' id='word_1_513' title='bbox 257 3615 365 3672; x_wconf 90' lang='lat' dir='ltr'><strong>tur,</strong></span> <span class='ocrx_word' id='word_1_514' title='bbox 384 3604 711 3659; x_wconf 81' lang='lat' dir='ltr'><strong>sustinentes</strong></span> <span class='ocrx_word' id='word_1_515' title='bbox 739 3617 844 3658; x_wconf 93' lang='lat' dir='ltr'><strong>non</strong></span> <span class='ocrx_word' id='word_1_516' title='bbox 874 3603 1067 3657; x_wconf 66' lang='lat' dir='ltr'><strong>{alitem</strong></span> <span class='ocrx_word' id='word_1_517' title='bbox 1092 3604 1266 3672; x_wconf 87' lang='lat' dir='ltr'><strong>panis,</strong></span> <span class='ocrx_word' id='word_1_518' title='bbox 1292 3617 1464 3672; x_wconf 89' lang='lat' dir='ltr'><strong>neque</strong></span> <span class='ocrx_word' id='word_1_519' title='bbox 1489 3604 1633 3658; x_wconf 86' lang='lat' dir='ltr'><strong>sitim</strong></span> <span class='ocrx_word' id='word_1_520' title='bbox 1652 3618 1825 3672; x_wconf 60' lang='lat' dir='ltr'><strong>aqum,</strong></span> 
     </span>
    </p>
   </div>
   <div class='ocr_carea' id='block_1_67' title="bbox 255 3694 1823 3752">
    <p class='ocr_par' dir='ltr' id='par_1_67' title="bbox 255 3694 1823 3752">
     <span class='ocr_line' id='line_1_67' title="bbox 255 3694 1823 3752; baseline -0.003 0"><span class='ocrx_word' id='word_1_521' title='bbox 255 3698 351 3752; x_wconf 89' lang='lat' dir='ltr'><strong>sed</strong></span> <span class='ocrx_word' id='word_1_522' title='bbox 386 3697 583 3751; x_wconf 81' lang='lat' dir='ltr'><strong>famem</strong></span> <span class='ocrx_word' id='word_1_523' title='bbox 621 3696 873 3751; x_wconf 88' lang='lat' dir='ltr'><strong>audiendi</strong></span> <span class='ocrx_word' id='word_1_524' title='bbox 913 3697 1178 3751; x_wconf 87' lang='lat' dir='ltr'><strong>sermonis</strong></span> <span class='ocrx_word' id='word_1_525' title='bbox 1224 3696 1338 3750; x_wconf 90' lang='lat' dir='ltr'><strong>Dei.</strong></span> <span class='ocrx_word' id='word_1_526' title='bbox 1382 3714 1402 3748; x_wconf 83' lang='lat' dir='ltr'><strong>s</strong></span> <span class='ocrx_word' id='word_1_527' title='bbox 1431 3694 1823 3750; x_wconf 84' lang='lat' dir='ltr'><strong>Pseudo-Basi-</strong></span> 
     </span>
    </p>
   </div>
   <div class='ocr_carea' id='block_1_68' title="bbox 256 3786 1826 3859">
    <p class='ocr_par' dir='ltr' id='par_1_68' title="bbox 256 3786 1826 3859">
     <span class='ocr_line' id='line_1_68' title="bbox 256 3786 1826 3859; baseline -0.004 -15"><span class='ocrx_word' id='word_1_528' title='bbox 256 3790 358 3844; x_wconf 89' lang='lat' dir='ltr'><strong>lius</strong></span> <span class='ocrx_word' id='word_1_529' title='bbox 384 3793 462 3859; x_wconf 90' lang='lat' dir='ltr'><strong>(v,</strong></span> <span class='ocrx_word' id='word_1_530' title='bbox 492 3789 580 3854; x_wconf 79' lang='grc'><strong>15,</strong></span> <span class='ocrx_word' id='word_1_531' title='bbox 610 3804 758 3843; x_wconf 88' lang='lat' dir='ltr'><strong>num.</strong></span> <span class='ocrx_word' id='word_1_532' title='bbox 787 3788 909 3857; x_wconf 82' lang='grc'>165)</span> <span class='ocrx_word' id='word_1_533' title='bbox 935 3806 948 3843; x_wconf 89' lang='lat'><strong>:</strong></span> <span class='ocrx_word' id='word_1_534' title='bbox 984 3786 1170 3840; x_wconf 73' lang='grc' dir='ltr'>Ταῦτα</span> <span class='ocrx_word' id='word_1_535' title='bbox 1186 3786 1307 3841; x_wconf 84' lang='grc' dir='ltr'>καθ’</span> <span class='ocrx_word' id='word_1_536' title='bbox 1339 3786 1579 3857; x_wconf 83' lang='grc' dir='ltr'>ἱστορίαν</span> <span class='ocrx_word' id='word_1_537' title='bbox 1607 3786 1826 3839; x_wconf 86' lang='grc' dir='ltr'>δυνατὸν</span> 
     </span>
    </p>
   </div>
   <div class='ocr_carea' id='block_1_69' title="bbox 251 3876 1827 3951">
    <p class='ocr_par' dir='ltr' id='par_1_69' title="bbox 251 3876 1827 3951">
     <span class='ocr_line' id='line_1_69' title="bbox 251 3876 1827 3951; baseline -0.002 -19"><span class='ocrx_word' id='word_1_538' title='bbox 251 3882 437 3951; x_wconf 81' lang='grc' dir='ltr'>τυχεῖν</span> <span class='ocrx_word' id='word_1_539' title='bbox 482 3879 581 3949; x_wconf 82' lang='grc' dir='ltr'>τῆς</span> <span class='ocrx_word' id='word_1_540' title='bbox 631 3878 939 3951; x_wconf 77' lang='grc' dir='ltr'>ἐξηγήσεως</span> <span class='ocrx_word' id='word_1_541' title='bbox 963 3879 1052 3931; x_wconf 77' lang='grc' dir='ltr'>ἐπὶ</span> <span class='ocrx_word' id='word_1_542' title='bbox 1085 3877 1191 3930; x_wconf 85' lang='grc' dir='ltr'><strong>τῶν</strong></span> <span class='ocrx_word' id='word_1_543' title='bbox 1221 3877 1428 3949; x_wconf 87' lang='grc' dir='ltr'>καιρῶν</span> <span class='ocrx_word' id='word_1_544' title='bbox 1452 3877 1553 3947; x_wconf 85' lang='grc' dir='ltr'>τῆς</span> <span class='ocrx_word' id='word_1_545' title='bbox 1590 3876 1827 3946; x_wconf 80' lang='grc' dir='ltr'>ἐσχάτης</span> 
     </span>
    </p>
   </div>
   <div class='ocr_carea' id='block_1_70' title="bbox 252 3969 1825 4045">
    <p class='ocr_par' dir='ltr' id='par_1_70' title="bbox 252 3969 1825 4045">
     <span class='ocr_line' id='line_1_70' title="bbox 252 3969 1825 4045; baseline -0.003 -20"><span class='ocrx_word' id='word_1_546' title='bbox 252 3972 573 4045; x_wconf 81' lang='grc' dir='ltr'>πολιορκίας</span> <span class='ocrx_word' id='word_1_547' title='bbox 618 3972 726 4025; x_wconf 85' lang='grc' dir='ltr'>τῶν</span> <span class='ocrx_word' id='word_1_548' title='bbox 762 3970 1049 4035; x_wconf 87' lang='grc' dir='ltr'>Ἰουδαίων,</span> <span class='ocrx_word' id='word_1_549' title='bbox 1080 3970 1186 4023; x_wconf 88' lang='grc' dir='ltr'><strong>τῶν</strong></span> <span class='ocrx_word' id='word_1_550' title='bbox 1211 3970 1309 4041; x_wconf 83' lang='grc' dir='ltr'>μὲν</span> <span class='ocrx_word' id='word_1_551' title='bbox 1347 3974 1427 4033; x_wconf 85' lang='grc' dir='ltr'><strong>είς</strong></span> <span class='ocrx_word' id='word_1_552' title='bbox 1452 3969 1825 4040; x_wconf 73' lang='grc' dir='ltr'>αἰχμαλωσίαν</span> 
     </span>
    </p>
   </div>
   <div class='ocr_carea' id='block_1_71' title="bbox 250 4062 1823 4135">
    <p class='ocr_par' dir='ltr' id='par_1_71' title="bbox 250 4062 1823 4135">
     <span class='ocr_line' id='line_1_71' title="bbox 250 4062 1823 4135; baseline -0.003 -16"><span class='ocrx_word' id='word_1_553' title='bbox 250 4066 675 4135; x_wconf 83' lang='grc' dir='ltr'>ἁπαχθέντων...</span> <span class='ocrx_word' id='word_1_554' title='bbox 730 4064 870 4135; x_wconf 80' lang='grc' dir='ltr'>τάχα</span> <span class='ocrx_word' id='word_1_555' title='bbox 909 4064 964 4117; x_wconf 86' lang='grc' dir='ltr'>δὲ</span> <span class='ocrx_word' id='word_1_556' title='bbox 1014 4064 1169 4134; x_wconf 83' lang='grc' dir='ltr'>καὶή</span> <span class='ocrx_word' id='word_1_557' title='bbox 1206 4063 1411 4135; x_wconf 83' lang='grc' dir='ltr'>ἀληθὴς</span> <span class='ocrx_word' id='word_1_558' title='bbox 1455 4063 1719 4135; x_wconf 83' lang='grc' dir='ltr'>νέκρωσις</span> <span class='ocrx_word' id='word_1_559' title='bbox 1761 4062 1823 4115; x_wconf 86' lang='grc' dir='ltr'>οὐ</span> 
     </span>
    </p>
   </div>
   <div class='ocr_carea' id='block_1_72' title="bbox 249 4152 1821 4230">
    <p class='ocr_par' dir='ltr' id='par_1_72' title="bbox 249 4152 1821 4230">
     <span class='ocr_line' id='line_1_72' title="bbox 249 4152 1821 4230; baseline -0.003 -19"><span class='ocrx_word' id='word_1_560' title='bbox 249 4158 339 4211; x_wconf 83' lang='grc' dir='ltr'><strong>διὰ</strong></span> <span class='ocrx_word' id='word_1_561' title='bbox 365 4158 519 4227; x_wconf 79' lang='grc' dir='ltr'>λιμὸν</span> <span class='ocrx_word' id='word_1_562' title='bbox 548 4156 738 4230; x_wconf 78' lang='grc' dir='ltr'>ἄρτου,</span> <span class='ocrx_word' id='word_1_563' title='bbox 780 4156 900 4210; x_wconf 86' lang='grc' dir='ltr'>οὐδέ</span> <span class='ocrx_word' id='word_1_564' title='bbox 932 4154 1019 4209; x_wconf 74' lang='grc' dir='ltr'><strong>διὰ</strong></span> <span class='ocrx_word' id='word_1_565' title='bbox 1059 4154 1217 4225; x_wconf 73' lang='grc' dir='ltr'>δίψαν</span> <span class='ocrx_word' id='word_1_566' title='bbox 1250 4154 1441 4218; x_wconf 78' lang='grc' dir='ltr'>ὓδατος</span> <span class='ocrx_word' id='word_1_567' title='bbox 1491 4154 1682 4208; x_wconf 84' lang='grc' dir='ltr'>τούτου</span> <span class='ocrx_word' id='word_1_568' title='bbox 1725 4152 1821 4207; x_wconf 83' lang='grc' dir='ltr'>τοῦ</span> 
     </span>
    </p>
   </div>
   <div class='ocr_carea' id='block_1_73' title="bbox 252 4244 1817 4321">
    <p class='ocr_par' dir='ltr' id='par_1_73' title="bbox 252 4244 1817 4321">
     <span class='ocr_line' id='line_1_73' title="bbox 252 4244 1817 4321; baseline -0.001 -18"><span class='ocrx_word' id='word_1_569' title='bbox 252 4249 532 4319; x_wconf 74' lang='grc' dir='ltr'>αἰσθητοῦ,</span> <span class='ocrx_word' id='word_1_570' title='bbox 554 4249 689 4304; x_wconf 85' lang='grc' dir='ltr'>ἀλλὰ</span> <span class='ocrx_word' id='word_1_571' title='bbox 708 4249 795 4303; x_wconf 77' lang='grc' dir='ltr'><strong>διὰ</strong></span> <span class='ocrx_word' id='word_1_572' title='bbox 819 4249 1003 4321; x_wconf 81' lang='grc' dir='ltr'>λοιμὸν</span> <span class='ocrx_word' id='word_1_573' title='bbox 1023 4247 1116 4302; x_wconf 77' lang='grc' dir='ltr'>τοῦ</span> <span class='ocrx_word' id='word_1_574' title='bbox 1144 4246 1374 4302; x_wconf 79' lang='grc' dir='ltr'>ἀκοῦσαι</span> <span class='ocrx_word' id='word_1_575' title='bbox 1399 4245 1555 4315; x_wconf 83' lang='grc' dir='ltr'>λόγον</span> <span class='ocrx_word' id='word_1_576' title='bbox 1589 4244 1817 4315; x_wconf 83' lang='grc' dir='ltr'>Κυρίου.</span> 
     </span>
    </p>
   </div>
   <div class='ocr_carea' id='block_1_74' title="bbox 252 4339 1820 4410">
    <p class='ocr_par' dir='ltr' id='par_1_74' title="bbox 252 4339 1820 4410">
     <span class='ocr_line' id='line_1_74' title="bbox 252 4339 1820 4410; baseline -0.004 -13"><span class='ocrx_word' id='word_1_577' title='bbox 252 4341 735 4397; x_wconf 82' lang='lat' dir='ltr'><strong>Pseudo-Basilius</strong></span> <span class='ocrx_word' id='word_1_578' title='bbox 760 4344 947 4396; x_wconf 85' lang='lat' dir='ltr'><strong>eodem</strong></span> <span class='ocrx_word' id='word_1_579' title='bbox 973 4342 1027 4396; x_wconf 92' lang='lat' dir='ltr'><strong>in</strong></span> <span class='ocrx_word' id='word_1_580' title='bbox 1051 4342 1169 4396; x_wconf 82' lang='lat' dir='ltr'><strong>loco</strong></span> <span class='ocrx_word' id='word_1_581' title='bbox 1194 4341 1526 4410; x_wconf 87' lang='lat' dir='ltr'><strong>sicloquitur</strong></span> <span class='ocrx_word' id='word_1_582' title='bbox 1554 4355 1569 4393; x_wconf 90' lang='lat'><strong>:</strong></span> <span class='ocrx_word' id='word_1_583' title='bbox 1607 4339 1820 4392; x_wconf 83' lang='grc' dir='ltr'>Ἐκεῖνα</span> 
     </span>
    </p>
   </div>
   <div class='ocr_carea' id='block_1_75' title="bbox 248 4431 1820 4505">
    <p class='ocr_par' dir='ltr' id='par_1_75' title="bbox 248 4431 1820 4505">
     <span class='ocr_line' id='line_1_75' title="bbox 248 4431 1820 4505; baseline -0.003 -18"><span class='ocrx_word' id='word_1_584' title='bbox 248 4435 501 4505; x_wconf 84' lang='grc' dir='ltr'>λέγομεν,</span> <span class='ocrx_word' id='word_1_585' title='bbox 521 4434 604 4487; x_wconf 85' lang='grc' dir='ltr'>ὅτι</span> <span class='ocrx_word' id='word_1_586' title='bbox 628 4435 677 4486; x_wconf 79' lang='grc' dir='ltr'>οἱ</span> <span class='ocrx_word' id='word_1_587' title='bbox 694 4432 977 4497; x_wconf 79' lang='grc' dir='ltr'>διώκοντες</span> <span class='ocrx_word' id='word_1_588' title='bbox 1006 4433 1067 4487; x_wconf 82' lang='grc' dir='ltr'>τὸ</span> <span class='ocrx_word' id='word_1_589' title='bbox 1084 4434 1404 4504; x_wconf 84' lang='grc' dir='ltr'>μέθυσμα...</span> <span class='ocrx_word' id='word_1_590' title='bbox 1423 4434 1535 4495; x_wconf 90' lang='grc' dir='ltr'>τοῖς</span> <span class='ocrx_word' id='word_1_591' title='bbox 1561 4431 1617 4485; x_wconf 86' lang='grc' dir='ltr'><strong>δέ</strong></span> <span class='ocrx_word' id='word_1_592' title='bbox 1637 4431 1820 4503; x_wconf 83' lang='grc' dir='ltr'>ἐργοις</span> 
     </span>
    </p>
   </div>
   <div class='ocr_carea' id='block_1_76' title="bbox 1933 3324 3498 3396">
    <p class='ocr_par' dir='ltr' id='par_1_76' title="bbox 1933 3324 3498 3396">
     <span class='ocr_line' id='line_1_76' title="bbox 1933 3324 3498 3396; baseline 0.001 -16"><span class='ocrx_word' id='word_1_593' title='bbox 1933 3328 2147 3396; x_wconf 87' lang='lat' dir='ltr'><strong>quidem</strong></span> <span class='ocrx_word' id='word_1_594' title='bbox 2177 3340 2416 3396; x_wconf 88' lang='lat' dir='ltr'><strong>passam,</strong></span> <span class='ocrx_word' id='word_1_595' title='bbox 2440 3336 2495 3383; x_wconf 91' lang='lat' dir='ltr'><strong>et</strong></span> <span class='ocrx_word' id='word_1_596' title='bbox 2531 3335 2741 3381; x_wconf 89' lang='lat' dir='ltr'><strong>acetum</strong></span> <span class='ocrx_word' id='word_1_597' title='bbox 2782 3341 2848 3381; x_wconf 86' lang='lat' dir='ltr'><strong>ex</strong></span> <span class='ocrx_word' id='word_1_598' title='bbox 2883 3326 3026 3381; x_wconf 90' lang='lat' dir='ltr'><strong>vino.</strong></span> <span class='ocrx_word' id='word_1_599' title='bbox 3063 3324 3167 3381; x_wconf 86' lang='lat' dir='ltr'><strong>Sed</strong></span> <span class='ocrx_word' id='word_1_600' title='bbox 3198 3337 3251 3382; x_wconf 89' lang='lat' dir='ltr'><strong>et</strong></span> <span class='ocrx_word' id='word_1_601' title='bbox 3283 3327 3336 3381; x_wconf 93' lang='lat' dir='ltr'><strong>in</strong></span> <span class='ocrx_word' id='word_1_602' title='bbox 3366 3326 3498 3382; x_wconf 71' lang='lat' dir='ltr'><strong>Pro~</strong></span> 
     </span>
    </p>
   </div>
   <div class='ocr_carea' id='block_1_77' title="bbox 1934 3416 3499 3489">
    <p class='ocr_par' dir='ltr' id='par_1_77' title="bbox 1934 3416 3499 3489">
     <span class='ocr_line' id='line_1_77' title="bbox 1934 3416 3499 3489; baseline 0.001 -19"><span class='ocrx_word' id='word_1_603' title='bbox 1934 3418 2137 3474; x_wconf 89' lang='lat' dir='ltr'><strong>verbiis</strong></span> <span class='ocrx_word' id='word_1_604' title='bbox 2167 3418 2475 3489; x_wconf 59' lang='lat' dir='ltr'><strong>praecipitur</strong></span> <span class='ocrx_word' id='word_1_605' title='bbox 2507 3435 2521 3471; x_wconf 90' lang='lat'><strong>:</strong></span> <span class='ocrx_word' id='word_1_606' title='bbox 2551 3416 2825 3484; x_wconf 75' lang='lat' dir='ltr'><strong>Potentes,</strong></span> <span class='ocrx_word' id='word_1_607' title='bbox 2862 3420 2952 3488; x_wconf 85' lang='lat' dir='ltr'><strong>qui</strong></span> <span class='ocrx_word' id='word_1_608' title='bbox 2975 3419 3217 3474; x_wconf 78' lang='lat' dir='ltr'><strong>iracundi</strong></span> <span class='ocrx_word' id='word_1_609' title='bbox 3244 3429 3385 3486; x_wconf 88' lang='lat' dir='ltr'><strong>sunt,</strong></span> <span class='ocrx_word' id='word_1_610' title='bbox 3424 3422 3499 3473; x_wconf 82' lang='lat' dir='ltr'><strong>vi-</strong></span> 
     </span>
    </p>
   </div>
   <div class='ocr_carea' id='block_1_78' title="bbox 1933 3510 3498 3577">
    <p class='ocr_par' dir='ltr' id='par_1_78' title="bbox 1933 3510 3498 3577">
     <span class='ocr_line' id='line_1_78' title="bbox 1933 3510 3498 3577; baseline 0 -13"><span class='ocrx_word' id='word_1_611' title='bbox 1933 3526 2057 3565; x_wconf 91' lang='lat' dir='ltr'><strong>num</strong></span> <span class='ocrx_word' id='word_1_612' title='bbox 2094 3528 2197 3565; x_wconf 88' lang='lat' dir='ltr'><strong>non</strong></span> <span class='ocrx_word' id='word_1_613' title='bbox 2229 3511 2426 3575; x_wconf 82' lang='lat' dir='ltr'><strong>bibant,</strong></span> <span class='ocrx_word' id='word_1_614' title='bbox 2453 3527 2534 3577; x_wconf 88' lang='lat' dir='ltr'><strong>ne,</strong></span> <span class='ocrx_word' id='word_1_615' title='bbox 2568 3527 2686 3564; x_wconf 80' lang='lat' dir='ltr'><strong>cum</strong></span> <span class='ocrx_word' id='word_1_616' title='bbox 2730 3510 2975 3574; x_wconf 83' lang='lat' dir='ltr'><strong>biberint,</strong></span> <span class='ocrx_word' id='word_1_617' title='bbox 3016 3511 3389 3564; x_wconf 82' lang='lat' dir='ltr'><strong>obliviscantur</strong></span> <span class='ocrx_word' id='word_1_618' title='bbox 3409 3528 3498 3564; x_wconf 92' lang='lat' dir='ltr'><strong>sa-</strong></span> 
     </span>
    </p>
   </div>
   <div class='ocr_carea' id='block_1_79' title="bbox 1928 3600 3497 3673">
    <p class='ocr_par' dir='ltr' id='par_1_79' title="bbox 1928 3600 3497 3673">
     <span class='ocr_line' id='line_1_79' title="bbox 1928 3600 3497 3673; baseline 0 -17"><span class='ocrx_word' id='word_1_619' title='bbox 1928 3604 2136 3672; x_wconf 76' lang='grc' dir='ltr'>ρὶεηιίω</span> <span class='ocrx_word' id='word_1_620' title='bbox 2163 3603 2228 3656; x_wconf 72' lang='grc'><strong>⁸⁵.</strong></span> <span class='ocrx_word' id='word_1_621' title='bbox 2265 3622 2283 3655; x_wconf 79' lang='grc' dir='ltr'><strong>ι</strong></span> <span class='ocrx_word' id='word_1_622' title='bbox 2315 3602 2524 3657; x_wconf 86' lang='lat' dir='ltr'><strong>Pseudo</strong></span> <span class='ocrx_word' id='word_1_623' title='bbox 2545 3600 2774 3655; x_wconf 87' lang='lat' dir='ltr'><strong>Basilius</strong></span> <span class='ocrx_word' id='word_1_624' title='bbox 2794 3600 2869 3671; x_wconf 80' lang='grc' dir='ltr'><strong>(ν,</strong></span> <span class='ocrx_word' id='word_1_625' title='bbox 2897 3600 2985 3664; x_wconf 74' lang='lat'><strong>22,</strong></span> <span class='ocrx_word' id='word_1_626' title='bbox 3012 3616 3161 3656; x_wconf 90' lang='lat' dir='ltr'><strong>num.</strong></span> <span class='ocrx_word' id='word_1_627' title='bbox 3194 3600 3352 3673; x_wconf 68' lang='lat'><strong>176):</strong></span> <span class='ocrx_word' id='word_1_628' title='bbox 3385 3603 3497 3659; x_wconf 75' lang='grc' dir='ltr'><strong>Καὶ</strong></span> 
     </span>
    </p>
   </div>
   <div class='ocr_carea' id='block_1_80' title="bbox 1927 3686 3497 3761">
    <p class='ocr_par' dir='ltr' id='par_1_80' title="bbox 1927 3686 3497 3761">
     <span class='ocr_line' id='line_1_80' title="bbox 1927 3686 3497 3761; baseline 0.001 -19"><span class='ocrx_word' id='word_1_629' title='bbox 1927 3693 2038 3752; x_wconf 87' lang='grc' dir='ltr'>τοῖς</span> <span class='ocrx_word' id='word_1_630' title='bbox 2071 3689 2303 3759; x_wconf 83' lang='grc' dir='ltr'>ίερεῠσιν</span> <span class='ocrx_word' id='word_1_631' title='bbox 2349 3686 2683 3760; x_wconf 82' lang='grc' dir='ltr'>ἀπαγορεύει</span> <span class='ocrx_word' id='word_1_632' title='bbox 2721 3688 2750 3741; x_wconf 88' lang='grc' dir='ltr'>ὁ</span> <span class='ocrx_word' id='word_1_633' title='bbox 2799 3689 2960 3759; x_wconf 85' lang='grc' dir='ltr'>νόμος</span> <span class='ocrx_word' id='word_1_634' title='bbox 2990 3688 3388 3761; x_wconf 76' lang='grc' dir='ltr'>εἰσερχομένοις</span> <span class='ocrx_word' id='word_1_635' title='bbox 3415 3692 3497 3756; x_wconf 80' lang='grc' dir='ltr'><strong>είς</strong></span> 
     </span>
    </p>
   </div>
   <div class='ocr_carea' id='block_1_81' title="bbox 1928 3778 3494 3852">
    <p class='ocr_par' dir='ltr' id='par_1_81' title="bbox 1928 3778 3494 3852">
     <span class='ocr_line' id='line_1_81' title="bbox 1928 3778 3494 3852; baseline 0.002 -19"><span class='ocrx_word' id='word_1_636' title='bbox 1928 3779 1997 3833; x_wconf 86' lang='grc' dir='ltr'>τὰ</span> <span class='ocrx_word' id='word_1_637' title='bbox 2028 3779 2179 3847; x_wconf 83' lang='grc' dir='ltr'>ἆγια,</span> <span class='ocrx_word' id='word_1_638' title='bbox 2212 3778 2339 3848; x_wconf 77' lang='grc' dir='ltr'>οἴνῳ</span> <span class='ocrx_word' id='word_1_639' title='bbox 2378 3779 2472 3832; x_wconf 79' lang='grc' dir='ltr'>καὶ</span> <span class='ocrx_word' id='word_1_640' title='bbox 2507 3778 2701 3850; x_wconf 75' lang='grc' dir='ltr'>σικέρα</span> <span class='ocrx_word' id='word_1_641' title='bbox 2738 3779 3066 3851; x_wconf 83' lang='grc' dir='ltr'>κεχρῆσθαι·</span> <span class='ocrx_word' id='word_1_642' title='bbox 3091 3780 3190 3852; x_wconf 44' lang='grc' dir='ltr'>,καὶ</span> <span class='ocrx_word' id='word_1_643' title='bbox 3234 3783 3346 3843; x_wconf 82' lang='grc' dir='ltr'>τοῖς</span> <span class='ocrx_word' id='word_1_644' title='bbox 3392 3796 3494 3836; x_wconf 78' lang='grc' dir='ltr'>κα·</span> 
     </span>
    </p>
   </div>
   <div class='ocr_carea' id='block_1_82' title="bbox 1928 3870 3494 3944">
    <p class='ocr_par' dir='ltr' id='par_1_82' title="bbox 1928 3870 3494 3944">
     <span class='ocr_line' id='line_1_82' title="bbox 1928 3870 3494 3944; baseline 0.001 -20"><span class='ocrx_word' id='word_1_645' title='bbox 1928 3872 2205 3944; x_wconf 83' lang='grc' dir='ltr'>λουμένοις</span> <span class='ocrx_word' id='word_1_646' title='bbox 2255 3870 2667 3944; x_wconf 77' lang='grc' dir='ltr'>Ναζωραίσις...</span> <span class='ocrx_word' id='word_1_647' title='bbox 2702 3873 2795 3926; x_wconf 81' lang='grc' dir='ltr'>καὶ</span> <span class='ocrx_word' id='word_1_648' title='bbox 2848 3873 2906 3926; x_wconf 90' lang='grc' dir='ltr'><strong>ἐν</strong></span> <span class='ocrx_word' id='word_1_649' title='bbox 2948 3874 3068 3936; x_wconf 90' lang='grc' dir='ltr'>ταῖς</span> <span class='ocrx_word' id='word_1_650' title='bbox 3105 3872 3433 3944; x_wconf 88' lang='grc' dir='ltr'>Παροιμίαις</span> <span class='ocrx_word' id='word_1_651' title='bbox 3464 3874 3494 3926; x_wconf 87' lang='grc' dir='ltr'><strong>ὀ</strong></span> 
     </span>
    </p>
   </div>
   <div class='ocr_carea' id='block_1_83' title="bbox 1926 3961 3491 4035">
    <p class='ocr_par' dir='ltr' id='par_1_83' title="bbox 1926 3961 3491 4035">
     <span class='ocr_line' id='line_1_83' title="bbox 1926 3961 3491 4035; baseline 0.001 -17"><span class='ocrx_word' id='word_1_652' title='bbox 1926 3964 2176 4035; x_wconf 79' lang='grc' dir='ltr'>Σολομὼν</span> <span class='ocrx_word' id='word_1_653' title='bbox 2222 3981 2418 4035; x_wconf 79' lang='grc' dir='ltr'>φησιν’</span> <span class='ocrx_word' id='word_1_654' title='bbox 2469 3964 2531 4018; x_wconf 79' lang='lat' dir='ltr'><strong>Oi</strong></span> <span class='ocrx_word' id='word_1_655' title='bbox 2563 3963 2816 4018; x_wconf 87' lang='grc' dir='ltr'>δυνάσται</span> <span class='ocrx_word' id='word_1_656' title='bbox 2846 3963 3112 4034; x_wconf 84' lang='grc' dir='ltr'>Θυμώδεις</span> <span class='ocrx_word' id='word_1_657' title='bbox 3166 3964 3323 4030; x_wconf 81' lang='grc' dir='ltr'>είσὶν,</span> <span class='ocrx_word' id='word_1_658' title='bbox 3348 3961 3491 4019; x_wconf 76' lang='grc' dir='ltr'>οἶνον</span> 
     </span>
    </p>
   </div>
   <div class='ocr_carea' id='block_1_84' title="bbox 1930 4054 3484 4129">
    <p class='ocr_par' dir='ltr' id='par_1_84' title="bbox 1930 4054 3484 4129">
     <span class='ocr_line' id='line_1_84' title="bbox 1930 4054 3484 4129; baseline 0.002 -21"><span class='ocrx_word' id='word_1_659' title='bbox 1930 4056 2004 4127; x_wconf 81' lang='grc' dir='ltr'>μὴ</span> <span class='ocrx_word' id='word_1_660' title='bbox 2037 4055 2361 4119; x_wconf 83' lang='grc' dir='ltr'>πινέτωσαν,</span> <span class='ocrx_word' id='word_1_661' title='bbox 2392 4056 2478 4110; x_wconf 84' lang='grc' dir='ltr'>τνα</span> <span class='ocrx_word' id='word_1_662' title='bbox 2512 4055 2587 4129; x_wconf 78' lang='grc' dir='ltr'>μὴ</span> <span class='ocrx_word' id='word_1_663' title='bbox 2614 4056 2831 4119; x_wconf 88' lang='grc' dir='ltr'>πίοντες</span> <span class='ocrx_word' id='word_1_664' title='bbox 2867 4054 3228 4109; x_wconf 84' lang='grc' dir='ltr'>ἐπιλάθωνται</span> <span class='ocrx_word' id='word_1_665' title='bbox 3261 4055 3361 4128; x_wconf 86' lang='grc' dir='ltr'><strong>τῆς</strong></span> <span class='ocrx_word' id='word_1_666' title='bbox 3400 4075 3484 4111; x_wconf 82' lang='grc' dir='ltr'>σο-</span> 
     </span>
    </p>
   </div>
   <div class='ocr_carea' id='block_1_85' title="bbox 1925 4150 3491 4224">
    <p class='ocr_par' dir='ltr' id='par_1_85' title="bbox 1925 4150 3491 4224">
     <span class='ocr_line' id='line_1_85' title="bbox 1925 4150 3491 4224; baseline -0.002 -19"><span class='ocrx_word' id='word_1_667' title='bbox 1925 4152 2072 4223; x_wconf 81' lang='grc' dir='ltr'>φίας.</span> <span class='ocrx_word' id='word_1_668' title='bbox 2105 4153 2466 4224; x_wconf 84' lang='lat' dir='ltr'><strong>Hieronymus</strong></span> <span class='ocrx_word' id='word_1_669' title='bbox 2506 4151 2756 4207; x_wconf 89' lang='lat' dir='ltr'><strong>columna</strong></span> <span class='ocrx_word' id='word_1_670' title='bbox 2786 4151 2856 4206; x_wconf 85' lang='lat'><strong>56</strong></span> <span class='ocrx_word' id='word_1_671' title='bbox 2903 4173 2916 4207; x_wconf 91' lang='lat'><strong>:</strong></span> <span class='ocrx_word' id='word_1_672' title='bbox 2960 4169 2981 4204; x_wconf 70' lang='grc' dir='ltr'><strong>ι</strong></span> <span class='ocrx_word' id='word_1_673' title='bbox 3021 4150 3087 4206; x_wconf 87' lang='lat' dir='ltr'><strong>Et</strong></span> <span class='ocrx_word' id='word_1_674' title='bbox 3119 4152 3173 4207; x_wconf 90' lang='lat' dir='ltr'><strong>in</strong></span> <span class='ocrx_word' id='word_1_675' title='bbox 3226 4151 3334 4207; x_wconf 88' lang='lat' dir='ltr'><strong>alio</strong></span> <span class='ocrx_word' id='word_1_676' title='bbox 3367 4152 3491 4207; x_wconf 77' lang='lat' dir='ltr'><strong>loco</strong></span> 
     </span>
    </p>
   </div>
   <div class='ocr_carea' id='block_1_86' title="bbox 1921 4242 3486 4317">
    <p class='ocr_par' dir='ltr' id='par_1_86' title="bbox 1921 4242 3486 4317">
     <span class='ocr_line' id='line_1_86' title="bbox 1921 4242 3486 4317; baseline -0.001 -18"><span class='ocrx_word' id='word_1_677' title='bbox 1921 4244 2147 4317; x_wconf 75' lang='lat' dir='ltr'><strong>legimus</strong></span> <span class='ocrx_word' id='word_1_678' title='bbox 2185 4261 2200 4298; x_wconf 91' lang='lat'><strong>:</strong></span> <span class='ocrx_word' id='word_1_679' title='bbox 2239 4244 2480 4309; x_wconf 86' lang='lat' dir='ltr'><strong>Domine,</strong></span> <span class='ocrx_word' id='word_1_680' title='bbox 2506 4259 2567 4297; x_wconf 91' lang='lat' dir='ltr'><strong>ne</strong></span> <span class='ocrx_word' id='word_1_681' title='bbox 2591 4242 2649 4296; x_wconf 88' lang='lat' dir='ltr'><strong>in</strong></span> <span class='ocrx_word' id='word_1_682' title='bbox 2683 4242 2862 4312; x_wconf 77' lang='lat' dir='ltr'><strong>furore</strong></span> <span class='ocrx_word' id='word_1_683' title='bbox 2890 4250 2980 4299; x_wconf 86' lang='lat' dir='ltr'><strong>tuo</strong></span> <span class='ocrx_word' id='word_1_684' title='bbox 3020 4260 3213 4315; x_wconf 82' lang='lat' dir='ltr'><strong>arguas</strong></span> <span class='ocrx_word' id='word_1_685' title='bbox 3238 4260 3342 4309; x_wconf 89' lang='lat' dir='ltr'><strong>me,</strong></span> <span class='ocrx_word' id='word_1_686' title='bbox 3393 4260 3486 4297; x_wconf 88' lang='lat' dir='ltr'><strong>ne-</strong></span> 
     </span>
    </p>
   </div>
   <div class='ocr_carea' id='block_1_87' title="bbox 1918 4332 3483 4405">
    <p class='ocr_par' dir='ltr' id='par_1_87' title="bbox 1918 4332 3483 4405">
     <span class='ocr_line' id='line_1_87' title="bbox 1918 4332 3483 4405; baseline -0.003 -16"><span class='ocrx_word' id='word_1_687' title='bbox 1918 4353 2017 4405; x_wconf 87' lang='lat' dir='ltr'><strong>que</strong></span> <span class='ocrx_word' id='word_1_688' title='bbox 2046 4339 2100 4389; x_wconf 90' lang='lat' dir='ltr'><strong>in</strong></span> <span class='ocrx_word' id='word_1_689' title='bbox 2123 4336 2204 4388; x_wconf 92' lang='lat' dir='ltr'><strong>ira</strong></span> <span class='ocrx_word' id='word_1_690' title='bbox 2237 4345 2327 4387; x_wconf 91' lang='lat' dir='ltr'><strong>tua</strong></span> <span class='ocrx_word' id='word_1_691' title='bbox 2349 4334 2603 4403; x_wconf 80' lang='lat' dir='ltr'><strong>corripias</strong></span> <span class='ocrx_word' id='word_1_692' title='bbox 2623 4332 2689 4389; x_wconf 80' lang='lat'><strong>“.</strong></span> <span class='ocrx_word' id='word_1_693' title='bbox 2713 4332 2780 4389; x_wconf 86' lang='lat' dir='ltr'><strong>Et</strong></span> <span class='ocrx_word' id='word_1_694' title='bbox 2809 4333 3072 4390; x_wconf 81' lang='lat' dir='ltr'><strong>Jeremias</strong></span> <span class='ocrx_word' id='word_1_695' title='bbox 3095 4349 3111 4388; x_wconf 89' lang='lat'><strong>:</strong></span> <span class='ocrx_word' id='word_1_696' title='bbox 3140 4333 3354 4402; x_wconf 76' lang='lat' dir='ltr'><strong>Corripe</strong></span> <span class='ocrx_word' id='word_1_697' title='bbox 3371 4349 3451 4387; x_wconf 67' lang='lat' dir='ltr'><strong>no:</strong></span> <span class='ocrx_word' id='word_1_698' title='bbox 3468 4373 3483 4399; x_wconf 95' lang='lat'><strong>,</strong></span> 
     </span>
    </p>
   </div>
   <div class='ocr_carea' id='block_1_88' title="bbox 1921 4425 3484 4496">
    <p class='ocr_par' dir='ltr' id='par_1_88' title="bbox 1921 4425 3484 4496">
     <span class='ocr_line' id='line_1_88' title="bbox 1921 4425 3484 4496; baseline -0.003 -13"><span class='ocrx_word' id='word_1_699' title='bbox 1921 4428 2117 4496; x_wconf 89' lang='lat' dir='ltr'><strong>inquit,</strong></span> <span class='ocrx_word' id='word_1_700' title='bbox 2164 4425 2407 4493; x_wconf 85' lang='lat' dir='ltr'><strong>Domine,</strong></span> <span class='ocrx_word' id='word_1_701' title='bbox 2440 4435 2793 4482; x_wconf 79' lang='lat' dir='ltr'><strong>uerumtamen</strong></span> <span class='ocrx_word' id='word_1_702' title='bbox 2827 4428 2884 4480; x_wconf 89' lang='lat' dir='ltr'><strong>in</strong></span> <span class='ocrx_word' id='word_1_703' title='bbox 2928 4425 3161 4494; x_wconf 85' lang='lat' dir='ltr'><strong>judicio,</strong></span> <span class='ocrx_word' id='word_1_704' title='bbox 3188 4432 3238 4477; x_wconf 91' lang='lat' dir='ltr'><strong>et</strong></span> <span class='ocrx_word' id='word_1_705' title='bbox 3284 4441 3387 4480; x_wconf 87' lang='lat' dir='ltr'><strong>non</strong></span> <span class='ocrx_word' id='word_1_706' title='bbox 3428 4426 3484 4479; x_wconf 85' lang='lat' dir='ltr'><strong>in</strong></span> 
     </span>
    </p>
   </div>
   <div class='ocr_carea' id='block_1_89' title="bbox 246 4516 1830 4624">
    <p class='ocr_par' dir='ltr' id='par_1_89' title="bbox 246 4523 1817 4599">
     <span class='ocr_line' id='line_1_89' title="bbox 246 4523 1817 4599; baseline -0.003 -18"><span class='ocrx_word' id='word_1_707' title='bbox 246 4528 456 4599; x_wconf 81' lang='grc' dir='ltr'>Κυρίου</span> <span class='ocrx_word' id='word_1_708' title='bbox 498 4526 788 4597; x_wconf 73' lang='grc' dir='ltr'>ἐμϐλέπειν</span> <span class='ocrx_word' id='word_1_709' title='bbox 835 4525 907 4596; x_wconf 82' lang='grc' dir='ltr'>μὴ</span> <span class='ocrx_word' id='word_1_710' title='bbox 945 4526 1283 4596; x_wconf 82' lang='grc' dir='ltr'>ἀνεχόμενοι,</span> <span class='ocrx_word' id='word_1_711' title='bbox 1323 4524 1411 4577; x_wconf 73' lang='grc' dir='ltr'><strong>διὰ</strong></span> <span class='ocrx_word' id='word_1_712' title='bbox 1439 4523 1499 4577; x_wconf 77' lang='grc' dir='ltr'><strong>τὸ</strong></span> <span class='ocrx_word' id='word_1_713' title='bbox 1541 4523 1817 4592; x_wconf 88' lang='grc' dir='ltr'>φιλήδονοι</span> 
     </span>
    </p>
   </div>
   <div class='ocr_carea' id='block_1_90' title="bbox 1935 4516 3480 4624">
    <p class='ocr_par' dir='ltr' id='par_1_90' title="bbox 1935 4516 3480 4582">
     <span class='ocr_line' id='line_1_90' title="bbox 1935 4516 3480 4582; baseline -0.004 -6"><span class='ocrx_word' id='word_1_714' title='bbox 1935 4523 2101 4576; x_wconf 70' lang='lat' dir='ltr'><strong>Furore</strong></span> <span class='ocrx_word' id='word_1_715' title='bbox 2136 4520 2205 4574; x_wconf 71' lang='grc'><strong>⁵⁷.</strong></span> <span class='ocrx_word' id='word_1_716' title='bbox 2260 4518 2464 4574; x_wconf 88' lang='lat' dir='ltr'><strong>Furere</strong></span> <span class='ocrx_word' id='word_1_717' title='bbox 2512 4528 2691 4575; x_wconf 87' lang='lat' dir='ltr'><strong>autem</strong></span> <span class='ocrx_word' id='word_1_718' title='bbox 2728 4518 2989 4573; x_wconf 89' lang='lat' dir='ltr'><strong>Dominus</strong></span> <span class='ocrx_word' id='word_1_719' title='bbox 3037 4516 3237 4572; x_wconf 89' lang='lat' dir='ltr'><strong>dicitur</strong></span> <span class='ocrx_word' id='word_1_720' title='bbox 3265 4516 3330 4582; x_wconf 74' lang='lat'><strong>“,</strong></span> <span class='ocrx_word' id='word_1_721' title='bbox 3374 4532 3480 4572; x_wconf 90' lang='lat' dir='ltr'><strong>non</strong></span> 
     </span>
    </p>
   </div>
   <div class='ocr_carea' id='block_1_91' title="bbox 245 4610 1830 4692">
    <p class='ocr_par' dir='ltr' id='par_1_91' title="bbox 245 4614 1815 4692">
     <span class='ocr_line' id='line_1_91' title="bbox 245 4614 1815 4692; baseline -0.005 -18"><span class='ocrx_word' id='word_1_722' title='bbox 245 4619 386 4674; x_wconf 78' lang='grc' dir='ltr'>ιῖναι</span> <span class='ocrx_word' id='word_1_723' title='bbox 425 4620 685 4692; x_wconf 78' lang='grc' dir='ltr'>μᾶλλονῆ</span> <span class='ocrx_word' id='word_1_724' title='bbox 744 4619 1000 4691; x_wconf 76' lang='grc' dir='ltr'>φιλόθεοι,</span> <span class='ocrx_word' id='word_1_725' title='bbox 1043 4617 1378 4687; x_wconf 71' lang='grc' dir='ltr'>αἰχμάλωτοι</span> <span class='ocrx_word' id='word_1_726' title='bbox 1428 4614 1670 4682; x_wconf 90' lang='grc' dir='ltr'>γίνονται</span> <span class='ocrx_word' id='word_1_727' title='bbox 1719 4615 1815 4667; x_wconf 72' lang='grc' dir='ltr'>καὶ</span> 
     </span>
    </p>
   </div>
   <div class='ocr_carea' id='block_1_92' title="bbox 1935 4610 3483 4692">
    <p class='ocr_par' dir='ltr' id='par_1_92' title="bbox 1935 4610 3483 4686">
     <span class='ocr_line' id='line_1_92' title="bbox 1935 4610 3483 4686; baseline -0.001 -17"><span class='ocrx_word' id='word_1_728' title='bbox 1935 4616 2063 4686; x_wconf 61' lang='lat' dir='ltr'><strong>quod</strong></span> <span class='ocrx_word' id='word_1_729' title='bbox 2100 4615 2348 4670; x_wconf 90' lang='lat' dir='ltr'><strong>humanis</strong></span> <span class='ocrx_word' id='word_1_730' title='bbox 2403 4614 2895 4685; x_wconf 86' lang='lat' dir='ltr'><strong>perturbationibus</strong></span> <span class='ocrx_word' id='word_1_731' title='bbox 2950 4610 3289 4681; x_wconf 83' lang='lat' dir='ltr'><strong>subjaceat...</strong></span> <span class='ocrx_word' id='word_1_732' title='bbox 3352 4610 3483 4680; x_wconf 67' lang='lat' dir='ltr'><strong>Quae</strong></span> 
     </span>
    </p>
   </div>
   <div class='ocr_carea' id='block_1_93' title="bbox 245 4705 1818 4783">
    <p class='ocr_par' dir='ltr' id='par_1_93' title="bbox 245 4705 1818 4783">
     <span class='ocr_line' id='line_1_93' title="bbox 245 4705 1818 4783; baseline -0.004 -20"><span class='ocrx_word' id='word_1_733' title='bbox 245 4713 534 4783; x_wconf 87' lang='grc' dir='ltr'>ἐπιχείριοι</span> <span class='ocrx_word' id='word_1_734' title='bbox 557 4716 668 4777; x_wconf 84' lang='grc' dir='ltr'>τοῖς</span> <span class='ocrx_word' id='word_1_735' title='bbox 698 4711 1057 4775; x_wconf 84' lang='grc' dir='ltr'>ὑπεναντίοις.</span> <span class='ocrx_word' id='word_1_736' title='bbox 1089 4708 1247 4762; x_wconf 83' lang='grc' dir='ltr'>Ἀλλὰ</span> <span class='ocrx_word' id='word_1_737' title='bbox 1276 4708 1368 4762; x_wconf 62' lang='grc' dir='ltr'><strong>καλ⁵</strong></span> <span class='ocrx_word' id='word_1_738' title='bbox 1406 4705 1609 4777; x_wconf 82' lang='grc' dir='ltr'>πλῆθος</span> <span class='ocrx_word' id='word_1_739' title='bbox 1639 4707 1697 4759; x_wconf 90' lang='grc' dir='ltr'><strong>ἐν</strong></span> <span class='ocrx_word' id='word_1_740' title='bbox 1721 4706 1818 4758; x_wconf 88' lang='grc' dir='ltr'>αύ-</span> 
     </span>
    </p>
   </div>
   <div class='ocr_carea' id='block_1_94' title="bbox 243 4796 1810 4875">
    <p class='ocr_par' dir='ltr' id='par_1_94' title="bbox 243 4796 1810 4875">
     <span class='ocr_line' id='line_1_94' title="bbox 243 4796 1810 4875; baseline -0.001 -20"><span class='ocrx_word' id='word_1_741' title='bbox 243 4805 357 4865; x_wconf 81' lang='grc' dir='ltr'>τοῖς</span> <span class='ocrx_word' id='word_1_742' title='bbox 377 4803 586 4873; x_wconf 85' lang='grc' dir='ltr'>νεκρῶν</span> <span class='ocrx_word' id='word_1_743' title='bbox 614 4803 845 4875; x_wconf 81' lang='grc' dir='ltr'>ἐγενήθη</span> <span class='ocrx_word' id='word_1_744' title='bbox 878 4803 965 4857; x_wconf 82' lang='grc' dir='ltr'><strong>διὰ</strong></span> <span class='ocrx_word' id='word_1_745' title='bbox 995 4801 1203 4873; x_wconf 79' lang='grc' dir='ltr'>λοιμὸν,</span> <span class='ocrx_word' id='word_1_746' title='bbox 1228 4800 1322 4854; x_wconf 77' lang='grc' dir='ltr'>καὶ</span> <span class='ocrx_word' id='word_1_747' title='bbox 1338 4799 1530 4862; x_wconf 76' lang='grc' dir='ltr'>ὓδατος</span> <span class='ocrx_word' id='word_1_748' title='bbox 1551 4796 1810 4869; x_wconf 82' lang='grc' dir='ltr'>ἀπορίαν.</span> 
     </span>
    </p>
   </div>
   <div class='ocr_carea' id='block_1_95' title="bbox 246 4888 1809 4962">
    <p class='ocr_par' dir='ltr' id='par_1_95' title="bbox 246 4888 1809 4962">
     <span class='ocr_line' id='line_1_95' title="bbox 246 4888 1809 4962; baseline -0.005 -14"><span class='ocrx_word' id='word_1_749' title='bbox 246 4893 608 4961; x_wconf 84' lang='lat' dir='ltr'><strong>Hieronymus</strong></span> <span class='ocrx_word' id='word_1_750' title='bbox 666 4893 951 4948; x_wconf 82' lang='lat' dir='ltr'><strong>manifeste</strong></span> <span class='ocrx_word' id='word_1_751' title='bbox 990 4892 1237 4962; x_wconf 81' lang='lat' dir='ltr'><strong>vestigiis</strong></span> <span class='ocrx_word' id='word_1_752' title='bbox 1294 4890 1485 4945; x_wconf 87' lang='lat' dir='ltr'><strong>iisdem</strong></span> <span class='ocrx_word' id='word_1_753' title='bbox 1531 4888 1809 4952; x_wconf 88' lang='lat' dir='ltr'><strong>insistens,</strong></span> 
     </span>
    </p>
   </div>
   <div class='ocr_carea' id='block_1_96' title="bbox 242 4978 1819 5050">
    <p class='ocr_par' dir='ltr' id='par_1_96' title="bbox 242 4978 1819 5050">
     <span class='ocr_line' id='line_1_96' title="bbox 242 4978 1819 5050; baseline -0.004 -13"><span class='ocrx_word' id='word_1_754' title='bbox 242 4984 323 5037; x_wconf 89' lang='lat' dir='ltr'><strong>sic</strong></span> <span class='ocrx_word' id='word_1_755' title='bbox 356 4982 571 5050; x_wconf 82' lang='lat' dir='ltr'><strong>scripsit</strong></span> <span class='ocrx_word' id='word_1_756' title='bbox 601 4982 703 5036; x_wconf 89' lang='lat' dir='ltr'><strong>col.</strong></span> <span class='ocrx_word' id='word_1_757' title='bbox 735 4982 805 5037; x_wconf 76' lang='lat'><strong>52</strong></span> <span class='ocrx_word' id='word_1_758' title='bbox 832 4999 847 5037; x_wconf 91' lang='lat'><strong>:</strong></span> <span class='ocrx_word' id='word_1_759' title='bbox 887 5001 905 5034; x_wconf 74' lang='grc' dir='ltr'><strong>ι</strong></span> <span class='ocrx_word' id='word_1_760' title='bbox 934 4981 1035 5049; x_wconf 84' lang='lat' dir='ltr'><strong>Qui</strong></span> <span class='ocrx_word' id='word_1_761' title='bbox 1064 4990 1416 5037; x_wconf 82' lang='lat' dir='ltr'><strong>surrexerunt</strong></span> <span class='ocrx_word' id='word_1_762' title='bbox 1439 4993 1597 5034; x_wconf 90' lang='lat' dir='ltr'><strong>mane</strong></span> <span class='ocrx_word' id='word_1_763' title='bbox 1636 4978 1703 5032; x_wconf 91' lang='lat' dir='ltr'><strong>ad</strong></span> <span class='ocrx_word' id='word_1_764' title='bbox 1734 4993 1819 5032; x_wconf 87' lang='lat' dir='ltr'><strong>se-</strong></span> 
     </span>
    </p>
   </div>
   <div class='ocr_carea' id='block_1_97' title="bbox 243 5072 1817 5145">
    <p class='ocr_par' dir='ltr' id='par_1_97' title="bbox 243 5072 1817 5145">
     <span class='ocr_line' id='line_1_97' title="bbox 243 5072 1817 5145; baseline -0.001 -18"><span class='ocrx_word' id='word_1_765' title='bbox 243 5077 496 5128; x_wconf 87' lang='lat' dir='ltr'><strong>ctandam</strong></span> <span class='ocrx_word' id='word_1_766' title='bbox 518 5074 769 5139; x_wconf 89' lang='lat' dir='ltr'><strong>siceram,</strong></span> <span class='ocrx_word' id='word_1_767' title='bbox 794 5084 843 5129; x_wconf 88' lang='lat' dir='ltr'><strong>et</strong></span> <span class='ocrx_word' id='word_1_768' title='bbox 864 5084 1273 5145; x_wconf 86' lang='lat' dir='ltr'><strong>permanserunt</strong></span> <span class='ocrx_word' id='word_1_769' title='bbox 1294 5074 1345 5127; x_wconf 90' lang='lat' dir='ltr'><strong>in</strong></span> <span class='ocrx_word' id='word_1_770' title='bbox 1366 5072 1627 5128; x_wconf 82' lang='lat' dir='ltr'><strong>ebrietate</strong></span> <span class='ocrx_word' id='word_1_771' title='bbox 1649 5085 1817 5141; x_wconf 78' lang='lat' dir='ltr'><strong>usque</strong></span> 
     </span>
    </p>
   </div>
   <div class='ocr_carea' id='block_1_98' title="bbox 241 5164 1808 5237">
    <p class='ocr_par' dir='ltr' id='par_1_98' title="bbox 241 5164 1808 5237">
     <span class='ocr_line' id='line_1_98' title="bbox 241 5164 1808 5237; baseline -0.002 -18"><span class='ocrx_word' id='word_1_772' title='bbox 241 5167 308 5219; x_wconf 88' lang='lat' dir='ltr'><strong>ad</strong></span> <span class='ocrx_word' id='word_1_773' title='bbox 352 5180 651 5236; x_wconf 80' lang='lat' dir='ltr'><strong>vesperam,</strong></span> <span class='ocrx_word' id='word_1_774' title='bbox 670 5178 724 5221; x_wconf 91' lang='lat' dir='ltr'><strong>et</strong></span> <span class='ocrx_word' id='word_1_775' title='bbox 750 5167 1023 5237; x_wconf 83' lang='lat' dir='ltr'><strong>voluptate</strong></span> <span class='ocrx_word' id='word_1_776' title='bbox 1052 5181 1117 5222; x_wconf 92' lang='lat' dir='ltr'><strong>ac</strong></span> <span class='ocrx_word' id='word_1_777' title='bbox 1155 5166 1361 5222; x_wconf 89' lang='lat' dir='ltr'><strong>deliciis</strong></span> <span class='ocrx_word' id='word_1_778' title='bbox 1387 5164 1654 5235; x_wconf 86' lang='lat' dir='ltr'><strong>occupati,</strong></span> <span class='ocrx_word' id='word_1_779' title='bbox 1676 5177 1808 5231; x_wconf 88' lang='lat' dir='ltr'><strong>opus</strong></span> 
     </span>
    </p>
   </div>
   <div class='ocr_carea' id='block_1_99' title="bbox 1919 4705 3479 4776">
    <p class='ocr_par' dir='ltr' id='par_1_99' title="bbox 1919 4705 3479 4776">
     <span class='ocr_line' id='line_1_99' title="bbox 1919 4705 3479 4776; baseline -0.002 -14"><span class='ocrx_word' id='word_1_780' title='bbox 1919 4709 1991 4763; x_wconf 87' lang='lat' dir='ltr'><strong>sit</strong></span> <span class='ocrx_word' id='word_1_781' title='bbox 2021 4716 2196 4762; x_wconf 85' lang='lat' dir='ltr'><strong>autem</strong></span> <span class='ocrx_word' id='word_1_782' title='bbox 2251 4721 2440 4761; x_wconf 90' lang='lat' dir='ltr'><strong>manus</strong></span> <span class='ocrx_word' id='word_1_783' title='bbox 2474 4721 2594 4776; x_wconf 58' lang='lat' dir='ltr'><strong>quas</strong></span> <span class='ocrx_word' id='word_1_784' title='bbox 2628 4706 2962 4771; x_wconf 80' lang='lat' dir='ltr'><strong>extenditur,</strong></span> <span class='ocrx_word' id='word_1_785' title='bbox 2997 4705 3081 4762; x_wconf 91' lang='lat' dir='ltr'><strong>vel</strong></span> <span class='ocrx_word' id='word_1_786' title='bbox 3121 4705 3366 4762; x_wconf 89' lang='lat' dir='ltr'><strong>elevatur</strong></span> <span class='ocrx_word' id='word_1_787' title='bbox 3390 4719 3479 4761; x_wconf 87' lang='lat' dir='ltr'><strong>su-</strong></span> 
     </span>
    </p>
   </div>
   <div class='ocr_carea' id='block_1_100' title="bbox 1918 4796 3477 4870">
    <p class='ocr_par' dir='ltr' id='par_1_100' title="bbox 1918 4796 3477 4870">
     <span class='ocr_line' id='line_1_100' title="bbox 1918 4796 3477 4870; baseline -0.002 -16"><span class='ocrx_word' id='word_1_788' title='bbox 1918 4814 2016 4870; x_wconf 92' lang='lat' dir='ltr'><strong>per</strong></span> <span class='ocrx_word' id='word_1_789' title='bbox 2040 4798 2288 4869; x_wconf 87' lang='lat' dir='ltr'><strong>p0pulum</strong></span> <span class='ocrx_word' id='word_1_790' title='bbox 2318 4808 2677 4867; x_wconf 86' lang='lat' dir='ltr'><strong>peccatorem,</strong></span> <span class='ocrx_word' id='word_1_791' title='bbox 2703 4796 2805 4853; x_wconf 82' lang='lat' dir='ltr'><strong>Job</strong></span> <span class='ocrx_word' id='word_1_792' title='bbox 2838 4797 3071 4868; x_wconf 91' lang='lat' dir='ltr'><strong>loquitur</strong></span> <span class='ocrx_word' id='word_1_793' title='bbox 3101 4796 3477 4852; x_wconf 80' lang='lat' dir='ltr'><strong>manifestius:</strong></span> 
     </span>
    </p>
   </div>
   <div class='ocr_carea' id='block_1_101' title="bbox 1920 4884 3480 4956">
    <p class='ocr_par' dir='ltr' id='par_1_101' title="bbox 1920 4884 3480 4956">
     <span class='ocr_line' id='line_1_101' title="bbox 1920 4884 3480 4956; baseline -0.003 -13"><span class='ocrx_word' id='word_1_794' title='bbox 1920 4889 2113 4943; x_wconf 78' lang='lat' dir='ltr'><strong>Manus</strong></span> <span class='ocrx_word' id='word_1_795' title='bbox 2138 4891 2276 4942; x_wconf 88' lang='lat' dir='ltr'><strong>enim</strong></span> <span class='ocrx_word' id='word_1_796' title='bbox 2306 4888 2517 4942; x_wconf 89' lang='lat' dir='ltr'><strong>Domini</strong></span> <span class='ocrx_word' id='word_1_797' title='bbox 2540 4888 2710 4956; x_wconf 85' lang='lat' dir='ltr'><strong>tetigit</strong></span> <span class='ocrx_word' id='word_1_798' title='bbox 2753 4902 2833 4941; x_wconf 88' lang='lat' dir='ltr'><strong>me</strong></span> <span class='ocrx_word' id='word_1_799' title='bbox 2857 4886 2923 4942; x_wconf 58' lang='grc' dir='ltr'><strong>ι’.</strong></span> <span class='ocrx_word' id='word_1_800' title='bbox 2966 4884 3117 4941; x_wconf 92' lang='lat' dir='ltr'><strong>Unde</strong></span> <span class='ocrx_word' id='word_1_801' title='bbox 3148 4894 3203 4943; x_wconf 92' lang='lat' dir='ltr'><strong>et</strong></span> <span class='ocrx_word' id='word_1_802' title='bbox 3231 4884 3480 4940; x_wconf 87' lang='lat' dir='ltr'><strong>diabolus</strong></span> 
     </span>
    </p>
   </div>
   <div class='ocr_carea' id='block_1_102' title="bbox 1915 4976 3475 5049">
    <p class='ocr_par' dir='ltr' id='par_1_102' title="bbox 1915 4976 3475 5049">
     <span class='ocr_line' id='line_1_102' title="bbox 1915 4976 3475 5049; baseline -0.003 -16"><span class='ocrx_word' id='word_1_803' title='bbox 1915 4980 2092 5033; x_wconf 91' lang='lat' dir='ltr'><strong>sciens</strong></span> <span class='ocrx_word' id='word_1_804' title='bbox 2126 4988 2399 5049; x_wconf 89' lang='lat' dir='ltr'><strong>potentem</strong></span> <span class='ocrx_word' id='word_1_805' title='bbox 2426 4993 2645 5033; x_wconf 87' lang='lat' dir='ltr'><strong>manum</strong></span> <span class='ocrx_word' id='word_1_806' title='bbox 2672 4976 2906 5043; x_wconf 87' lang='lat' dir='ltr'><strong>Domini,</strong></span> <span class='ocrx_word' id='word_1_807' title='bbox 2938 4985 2993 5032; x_wconf 93' lang='lat' dir='ltr'><strong>et</strong></span> <span class='ocrx_word' id='word_1_808' title='bbox 3030 4976 3312 5033; x_wconf 88' lang='lat' dir='ltr'><strong>brachium</strong></span> <span class='ocrx_word' id='word_1_809' title='bbox 3335 4976 3475 5046; x_wconf 89' lang='lat' dir='ltr'><strong>quod</strong></span> 
     </span>
    </p>
   </div>
   <div class='ocr_carea' id='block_1_103' title="bbox 1916 5070 3471 5143">
    <p class='ocr_par' dir='ltr' id='par_1_103' title="bbox 1916 5070 3471 5143">
     <span class='ocr_line' id='line_1_103' title="bbox 1916 5070 3471 5143; baseline -0.001 -17"><span class='ocrx_word' id='word_1_810' title='bbox 1916 5074 2181 5128; x_wconf 84' lang='lat' dir='ltr'><strong>universis</strong></span> <span class='ocrx_word' id='word_1_811' title='bbox 2203 5075 2452 5143; x_wconf 75' lang='lat' dir='ltr'><strong>gentibus</strong></span> <span class='ocrx_word' id='word_1_812' title='bbox 2477 5071 2773 5127; x_wconf 84' lang='lat' dir='ltr'><strong>revelatum</strong></span> <span class='ocrx_word' id='word_1_813' title='bbox 2799 5082 2900 5138; x_wconf 87' lang='lat' dir='ltr'><strong>est,</strong></span> <span class='ocrx_word' id='word_1_814' title='bbox 2923 5072 3053 5127; x_wconf 91' lang='lat' dir='ltr'><strong>dicit</strong></span> <span class='ocrx_word' id='word_1_815' title='bbox 3078 5071 3146 5126; x_wconf 91' lang='lat' dir='ltr'><strong>ad</strong></span> <span class='ocrx_word' id='word_1_816' title='bbox 3162 5070 3439 5126; x_wconf 90' lang='lat' dir='ltr'><strong>Dominum</strong></span> <span class='ocrx_word' id='word_1_817' title='bbox 3456 5086 3471 5101; x_wconf 90' lang='grc'><strong>·</strong></span> 
     </span>
    </p>
   </div>
   <div class='ocr_carea' id='block_1_104' title="bbox 1915 5162 3475 5234">
    <p class='ocr_par' dir='ltr' id='par_1_104' title="bbox 1915 5162 3475 5234">
     <span class='ocr_line' id='line_1_104' title="bbox 1915 5162 3475 5234; baseline -0.002 -16"><span class='ocrx_word' id='word_1_818' title='bbox 1915 5164 2065 5218; x_wconf 75' lang='lat' dir='ltr'><strong>Mitte</strong></span> <span class='ocrx_word' id='word_1_819' title='bbox 2093 5181 2304 5218; x_wconf 86' lang='lat' dir='ltr'><strong>manum</strong></span> <span class='ocrx_word' id='word_1_820' title='bbox 2332 5176 2498 5228; x_wconf 90' lang='lat' dir='ltr'><strong>tuam,</strong></span> <span class='ocrx_word' id='word_1_821' title='bbox 2546 5172 2594 5218; x_wconf 92' lang='lat' dir='ltr'><strong>et</strong></span> <span class='ocrx_word' id='word_1_822' title='bbox 2632 5173 2785 5234; x_wconf 81' lang='lat' dir='ltr'><strong>tange</strong></span> <span class='ocrx_word' id='word_1_823' title='bbox 2812 5164 2990 5218; x_wconf 89' lang='lat' dir='ltr'><strong>omnia</strong></span> <span class='ocrx_word' id='word_1_824' title='bbox 3019 5178 3135 5233; x_wconf 68' lang='lat' dir='ltr'><strong>qua:</strong></span> <span class='ocrx_word' id='word_1_825' title='bbox 3168 5162 3342 5226; x_wconf 74' lang='lat' dir='ltr'><strong>habet,</strong></span> <span class='ocrx_word' id='word_1_826' title='bbox 3374 5164 3475 5216; x_wconf 87' lang='lat' dir='ltr'><strong>nisi</strong></span> 
     </span>
    </p>
   </div>
   <div class='ocr_carea' id='block_1_105' title="bbox 243 5252 3470 5326">
    <p class='ocr_par' dir='ltr' id='par_1_105' title="bbox 243 5252 3470 5326">
     <span class='ocr_line' id='line_1_105' title="bbox 243 5252 3470 5326; baseline -0.002 -15"><span class='ocrx_word' id='word_1_827' title='bbox 243 5257 461 5311; x_wconf 89' lang='lat' dir='ltr'><strong>Domini</strong></span> <span class='ocrx_word' id='word_1_828' title='bbox 512 5258 776 5326; x_wconf 88' lang='lat' dir='ltr'><strong>respicere</strong></span> <span class='ocrx_word' id='word_1_829' title='bbox 831 5258 1137 5323; x_wconf 89' lang='lat' dir='ltr'><strong>noluerunt,</strong></span> <span class='ocrx_word' id='word_1_830' title='bbox 1191 5272 1291 5312; x_wconf 89' lang='lat' dir='ltr'><strong>nec</strong></span> <span class='ocrx_word' id='word_1_831' title='bbox 1344 5270 1505 5326; x_wconf 91' lang='lat' dir='ltr'><strong>opera</strong></span> <span class='ocrx_word' id='word_1_832' title='bbox 1552 5270 1806 5310; x_wconf 89' lang='lat' dir='ltr'><strong>manuum</strong></span> <span class='ocrx_word' id='word_1_833' title='bbox 1910 5256 1965 5308; x_wconf 92' lang='lat' dir='ltr'><strong>in</strong></span> <span class='ocrx_word' id='word_1_834' title='bbox 2003 5256 2190 5323; x_wconf 81' lang='lat' dir='ltr'><strong>faciem</strong></span> <span class='ocrx_word' id='word_1_835' title='bbox 2247 5255 2567 5309; x_wconf 70' lang='lat' dir='ltr'><strong>benedixerit</strong></span> <span class='ocrx_word' id='word_1_836' title='bbox 2622 5255 2715 5309; x_wconf 89' lang='lat' dir='ltr'><strong>tibi</strong></span> <span class='ocrx_word' id='word_1_837' title='bbox 2767 5256 2836 5311; x_wconf 82' lang='lat'><strong>”.</strong></span> <span class='ocrx_word' id='word_1_838' title='bbox 2890 5274 2910 5307; x_wconf 74' lang='grc' dir='ltr'><strong>ι</strong></span> <span class='ocrx_word' id='word_1_839' title='bbox 2956 5252 3470 5311; x_wconf 88' lang='lat' dir='ltr'><strong>Pseudo-Basilius:</strong></span> 
     </span>
    </p>
   </div>
   <div class='ocr_carea' id='block_1_106' title="bbox 242 5347 1802 5419">
    <p class='ocr_par' dir='ltr' id='par_1_106' title="bbox 242 5347 1802 5419">
     <span class='ocr_line' id='line_1_106' title="bbox 242 5347 1802 5419; baseline -0.003 -16"><span class='ocrx_word' id='word_1_840' title='bbox 242 5351 363 5418; x_wconf 87' lang='lat' dir='ltr'><strong>ejus</strong></span> <span class='ocrx_word' id='word_1_841' title='bbox 391 5350 736 5419; x_wconf 85' lang='lat' dir='ltr'><strong>contemplati</strong></span> <span class='ocrx_word' id='word_1_842' title='bbox 772 5362 898 5404; x_wconf 89' lang='lat' dir='ltr'><strong>sunt</strong></span> <span class='ocrx_word' id='word_1_843' title='bbox 927 5365 941 5401; x_wconf 90' lang='lat'><strong>:</strong></span> <span class='ocrx_word' id='word_1_844' title='bbox 978 5358 1265 5418; x_wconf 84' lang='lat' dir='ltr'><strong>propterea</strong></span> <span class='ocrx_word' id='word_1_845' title='bbox 1297 5348 1440 5403; x_wconf 89' lang='lat' dir='ltr'><strong>ducti</strong></span> <span class='ocrx_word' id='word_1_846' title='bbox 1468 5357 1593 5402; x_wconf 89' lang='lat' dir='ltr'><strong>sunt</strong></span> <span class='ocrx_word' id='word_1_847' title='bbox 1622 5347 1674 5401; x_wconf 91' lang='lat' dir='ltr'><strong>in</strong></span> <span class='ocrx_word' id='word_1_848' title='bbox 1707 5360 1802 5401; x_wconf 84' lang='lat' dir='ltr'><strong>ca—</strong></span> 
     </span>
    </p>
   </div>
   <div class='ocr_carea' id='block_1_107' title="bbox 1908 5343 3472 5413">
    <p class='ocr_par' dir='ltr' id='par_1_107' title="bbox 1908 5343 3472 5413">
     <span class='ocr_line' id='line_1_107' title="bbox 1908 5343 3472 5413; baseline 0.001 -16"><span class='ocrx_word' id='word_1_849' title='bbox 1908 5344 2060 5398; x_wconf 81' lang='grc' dir='ltr'><strong>Οὐδὲ</strong></span> <span class='ocrx_word' id='word_1_850' title='bbox 2092 5344 2203 5412; x_wconf 81' lang='grc' dir='ltr'><strong>τὰρ</strong></span> <span class='ocrx_word' id='word_1_851' title='bbox 2225 5343 2416 5409; x_wconf 80' lang='grc' dir='ltr'>πάθος</span> <span class='ocrx_word' id='word_1_852' title='bbox 2442 5344 2611 5413; x_wconf 83' lang='grc' dir='ltr'>Θεοῦ,</span> <span class='ocrx_word' id='word_1_853' title='bbox 2644 5344 2790 5398; x_wconf 83' lang='grc' dir='ltr'>οὐδὲ</span> <span class='ocrx_word' id='word_1_854' title='bbox 2807 5343 2961 5413; x_wconf 81' lang='grc' dir='ltr'><strong>αὐτῇ</strong></span> <span class='ocrx_word' id='word_1_855' title='bbox 2984 5344 3059 5413; x_wconf 75' lang='grc' dir='ltr'>τῇ</span> <span class='ocrx_word' id='word_1_856' title='bbox 3080 5345 3259 5411; x_wconf 80' lang='grc' dir='ltr'>οὐσίᾳ</span> <span class='ocrx_word' id='word_1_857' title='bbox 3287 5343 3472 5398; x_wconf 82' lang='grc' dir='ltr'>αὐτοῦ</span> 
     </span>
    </p>
   </div>
   <div class='ocr_carea' id='block_1_108' title="bbox 238 5435 1830 5511">
    <p class='ocr_par' dir='ltr' id='par_1_108' title="bbox 238 5439 1803 5511">
     <span class='ocr_line' id='line_1_108' title="bbox 238 5439 1803 5511; baseline 0 -18"><span class='ocrx_word' id='word_1_858' title='bbox 238 5443 611 5509; x_wconf 85' lang='lat' dir='ltr'><strong>ptivitatem...</strong></span> <span class='ocrx_word' id='word_1_859' title='bbox 635 5452 689 5495; x_wconf 90' lang='lat' dir='ltr'><strong>et</strong></span> <span class='ocrx_word' id='word_1_860' title='bbox 721 5443 774 5496; x_wconf 90' lang='lat' dir='ltr'><strong>in</strong></span> <span class='ocrx_word' id='word_1_861' title='bbox 817 5442 932 5510; x_wconf 86' lang='lat' dir='ltr'><strong>ipsa</strong></span> <span class='ocrx_word' id='word_1_862' title='bbox 974 5441 1289 5511; x_wconf 82' lang='lat' dir='ltr'><strong>captivitate</strong></span> <span class='ocrx_word' id='word_1_863' title='bbox 1341 5440 1489 5494; x_wconf 80' lang='lat' dir='ltr'><strong>fame</strong></span> <span class='ocrx_word' id='word_1_864' title='bbox 1522 5439 1803 5507; x_wconf 89' lang='lat' dir='ltr'><strong>perierunt</strong></span> 
     </span>
    </p>
   </div>
   <div class='ocr_carea' id='block_1_109' title="bbox 1935 5435 3473 5511">
    <p class='ocr_par' dir='ltr' id='par_1_109' title="bbox 1935 5435 3473 5509">
     <span class='ocr_line' id='line_1_109' title="bbox 1935 5435 3473 5509; baseline -0.001 -19"><span class='ocrx_word' id='word_1_865' title='bbox 1935 5437 2347 5505; x_wconf 74' lang='grc' dir='ltr'>ὐμϐεϐηκός...</span> <span class='ocrx_word' id='word_1_866' title='bbox 2402 5436 2545 5491; x_wconf 81' lang='grc' dir='ltr'>κατὰ</span> <span class='ocrx_word' id='word_1_867' title='bbox 2586 5436 2647 5490; x_wconf 82' lang='grc' dir='ltr'><strong>τὸ</strong></span> <span class='ocrx_word' id='word_1_868' title='bbox 2697 5436 3003 5509; x_wconf 81' lang='grc' dir='ltr'>εἰρημένον,</span> <span class='ocrx_word' id='word_1_869' title='bbox 3049 5439 3131 5491; x_wconf 83' lang='grc' dir='ltr'>ὅτι</span> <span class='ocrx_word' id='word_1_870' title='bbox 3172 5437 3269 5490; x_wconf 83' lang='grc' dir='ltr'><strong>Ἐν</strong></span> <span class='ocrx_word' id='word_1_871' title='bbox 3309 5435 3473 5505; x_wconf 80' lang='grc' dir='ltr'>θυμῷ</span> 
     </span>
    </p>
   </div>
   <div class='ocr_carea' id='block_1_110' title="bbox 236 5526 1796 5606">
    <p class='ocr_par' dir='ltr' id='par_1_110' title="bbox 236 5526 1796 5606">
     <span class='ocr_line' id='line_1_110' title="bbox 236 5526 1796 5606; baseline -0.001 -21"><span class='ocrx_word' id='word_1_872' title='bbox 236 5550 300 5587; x_wconf 91' lang='lat' dir='ltr'><strong>ac</strong></span> <span class='ocrx_word' id='word_1_873' title='bbox 342 5542 602 5587; x_wconf 87' lang='lat' dir='ltr'><strong>aruerunt</strong></span> <span class='ocrx_word' id='word_1_874' title='bbox 620 5526 977 5606; x_wconf 53' lang='lat' dir='ltr'><strong>sitiuPergrt</strong></span> <span class='ocrx_word' id='word_1_875' title='bbox 1000 5530 1460 5604; x_wconf 79' lang='lat' dir='ltr'><strong>pseudo-Basilius</strong></span> <span class='ocrx_word' id='word_1_876' title='bbox 1495 5531 1572 5586; x_wconf 91' lang='lat' dir='ltr'><strong>sic</strong></span> <span class='ocrx_word' id='word_1_877' title='bbox 1601 5530 1681 5602; x_wconf 86' lang='lat'><strong>(5,</strong></span> <span class='ocrx_word' id='word_1_878' title='bbox 1708 5530 1796 5597; x_wconf 76' lang='grc'>14,</span> 
     </span>
    </p>
   </div>
   <div class='ocr_carea' id='block_1_111' title="bbox 309 5729 1830 5799">
    <p class='ocr_par' dir='ltr' id='par_1_111' title="bbox 309 5730 1830 5799">
     <span class='ocr_line' id='line_1_111' title="bbox 309 5730 1830 5799; baseline -0.002 -13"><span class='ocrx_word' id='word_1_879' title='bbox 309 5732 355 5763; x_wconf 77' lang='grc'><strong>⁸⁸</strong></span> <span class='ocrx_word' id='word_1_880' title='bbox 399 5732 503 5786; x_wconf 86' lang='lat' dir='ltr'><strong>lsa.</strong></span> <span class='ocrx_word' id='word_1_881' title='bbox 540 5748 688 5794; x_wconf 62' lang='grc' dir='ltr'>τινι,</span> <span class='ocrx_word' id='word_1_882' title='bbox 720 5732 772 5787; x_wconf 89' lang='grc'><strong>9.</strong></span> <span class='ocrx_word' id='word_1_883' title='bbox 847 5733 889 5763; x_wconf 79' lang='grc'><strong>⁸’</strong></span> <span class='ocrx_word' id='word_1_884' title='bbox 923 5731 1065 5785; x_wconf 79' lang='lat' dir='ltr'><strong>Psal.</strong></span> <span class='ocrx_word' id='word_1_885' title='bbox 1101 5746 1232 5789; x_wconf 79' lang='lat' dir='ltr'><strong>an.</strong></span> <span class='ocrx_word' id='word_1_886' title='bbox 1260 5732 1313 5785; x_wconf 73' lang='grc'>2.</span> <span class='ocrx_word' id='word_1_887' title='bbox 1389 5731 1435 5763; x_wconf 75' lang='grc' dir='ltr'><strong>⁸ο</strong></span> <span class='ocrx_word' id='word_1_888' title='bbox 1472 5730 1610 5785; x_wconf 83' lang='lat' dir='ltr'><strong>Psal.</strong></span> <span class='ocrx_word' id='word_1_889' title='bbox 1646 5747 1697 5794; x_wconf 81' lang='grc' dir='ltr'><strong>ε,</strong></span> <span class='ocrx_word' id='word_1_890' title='bbox 1738 5730 1791 5784; x_wconf 88' lang='grc'>8.</span> <span class='ocrx_word' id='word_1_891' title='bbox 1822 5798 1830 5799; x_wconf 16' lang='grc' dir='ltr'>ί</span> 
     </span>
    </p>
   </div>
   <div class='ocr_carea' id='block_1_112' title="bbox 1935 5729 3190 5799">
    <p class='ocr_par' dir='ltr' id='par_1_112' title="bbox 1965 5731 3190 5799">
     <span class='ocr_line' id='line_1_112' title="bbox 1965 5731 3190 5799; baseline 0.004 -14"><span class='ocrx_word' id='word_1_892' title='bbox 1965 5731 2101 5785; x_wconf 74' lang='lat' dir='ltr'><strong>Psal.</strong></span> <span class='ocrx_word' id='word_1_893' title='bbox 2152 5749 2299 5797; x_wconf 68' lang='grc' dir='ltr'>χιιι,</span> <span class='ocrx_word' id='word_1_894' title='bbox 2344 5733 2395 5787; x_wconf 86' lang='grc'><strong>6.</strong></span> <span class='ocrx_word' id='word_1_895' title='bbox 2472 5735 2518 5766; x_wconf 69' lang='grc' dir='ltr'>δ’</span> <span class='ocrx_word' id='word_1_896' title='bbox 2552 5734 2740 5789; x_wconf 82' lang='lat' dir='ltr'><strong>Matth.</strong></span> <span class='ocrx_word' id='word_1_897' title='bbox 2800 5735 3062 5799; x_wconf 63' lang='lat'><strong>“11,12,</strong></span> <span class='ocrx_word' id='word_1_898' title='bbox 3104 5735 3190 5790; x_wconf 82' lang='grc'>15.</span> 
     </span>
    </p>
   </div>
   <div class='ocr_carea' id='block_1_113' title="bbox 242 5798 1830 5878">
    <p class='ocr_par' dir='ltr' id='par_1_113' title="bbox 242 5798 1830 5878">
     <span class='ocr_line' id='line_1_113' title="bbox 242 5798 1830 5878; baseline 0 -23"><span class='ocrx_word' id='word_1_899' title='bbox 242 5819 387 5867; x_wconf 80' lang='lat' dir='ltr'><strong>thx,</strong></span> <span class='ocrx_word' id='word_1_900' title='bbox 416 5804 465 5858; x_wconf 91' lang='lat'><strong>9.</strong></span> <span class='ocrx_word' id='word_1_901' title='bbox 505 5802 705 5857; x_wconf 79' lang='lat' dir='ltr'><strong>“ibid.</strong></span> <span class='ocrx_word' id='word_1_902' title='bbox 780 5802 824 5837; x_wconf 73' lang='grc'><strong>⁸⁵</strong></span> <span class='ocrx_word' id='word_1_903' title='bbox 854 5801 1012 5878; x_wconf 69' lang='lat' dir='ltr'><strong>Prov.</strong></span> <span class='ocrx_word' id='word_1_904' title='bbox 1045 5818 1189 5864; x_wconf 65' lang='grc' dir='ltr'>χχιιι,</span> <span class='ocrx_word' id='word_1_905' title='bbox 1215 5801 1267 5856; x_wconf 73' lang='grc' dir='ltr'><strong>ι.</strong></span> <span class='ocrx_word' id='word_1_906' title='bbox 1307 5802 1352 5833; x_wconf 76' lang='grc'><strong>⁸⁸</strong></span> <span class='ocrx_word' id='word_1_907' title='bbox 1382 5801 1523 5858; x_wconf 76' lang='lat' dir='ltr'><strong>l‘sal.</strong></span> <span class='ocrx_word' id='word_1_908' title='bbox 1561 5817 1632 5862; x_wconf 70' lang='lat' dir='ltr'><strong>vn.</strong></span> <span class='ocrx_word' id='word_1_909' title='bbox 1660 5802 1713 5855; x_wconf 81' lang='grc'><strong>2.</strong></span> <span class='ocrx_word' id='word_1_910' title='bbox 1749 5798 1830 5855; x_wconf 72' lang='grc'><strong>’⁵⁷]</strong></span> 
     </span>
    </p>
   </div>
   <div class='ocr_carea' id='block_1_114' title="bbox 1935 5798 3037 5878">
    <p class='ocr_par' dir='ltr' id='par_1_114' title="bbox 1951 5798 3037 5872">
     <span class='ocr_line' id='line_1_114' title="bbox 1951 5798 3037 5872; baseline 0.005 -17"><span class='ocrx_word' id='word_1_911' title='bbox 1951 5817 2005 5867; x_wconf 89' lang='lat' dir='ltr'><strong>x,</strong></span> <span class='ocrx_word' id='word_1_912' title='bbox 2034 5802 2123 5856; x_wconf 72' lang='grc'><strong>24.</strong></span> <span class='ocrx_word' id='word_1_913' title='bbox 2177 5805 2221 5835; x_wconf 68' lang='grc'><strong><em>⁵⁸</em></strong></span> <span class='ocrx_word' id='word_1_914' title='bbox 2251 5804 2388 5859; x_wconf 84' lang='lat' dir='ltr'><strong>Psal.</strong></span> <span class='ocrx_word' id='word_1_915' title='bbox 2429 5820 2487 5871; x_wconf 90' lang='grc' dir='ltr'><strong>ιι,</strong></span> <span class='ocrx_word' id='word_1_916' title='bbox 2515 5805 2569 5861; x_wconf 89' lang='grc'>5.</span> <span class='ocrx_word' id='word_1_917' title='bbox 2657 5806 2701 5838; x_wconf 73' lang='grc'><strong>’⁵⁸</strong></span> <span class='ocrx_word' id='word_1_918' title='bbox 2733 5803 2832 5861; x_wconf 77' lang='lat' dir='ltr'><strong>Job</strong></span> <span class='ocrx_word' id='word_1_919' title='bbox 2857 5798 3037 5872; x_wconf 61' lang='lat'><strong>18,21.</strong></span> 
     </span>
    </p>
   </div>
   <div class='ocr_carea' id='block_1_115' title="bbox 1900 5526 3474 5597">
    <p class='ocr_par' dir='ltr' id='par_1_115' title="bbox 1900 5526 3474 5597">
     <span class='ocr_line' id='line_1_115' title="bbox 1900 5526 3474 5597; baseline 0 -16"><span class='ocrx_word' id='word_1_920' title='bbox 1900 5528 2086 5582; x_wconf 84' lang='grc' dir='ltr'>αὐτοῦ</span> <span class='ocrx_word' id='word_1_921' title='bbox 2138 5528 2374 5597; x_wconf 79' lang='grc' dir='ltr'>ταράξει</span> <span class='ocrx_word' id='word_1_922' title='bbox 2426 5528 2713 5597; x_wconf 85' lang='grc' dir='ltr'>αὐτοὺς...</span> <span class='ocrx_word' id='word_1_923' title='bbox 2745 5531 2826 5584; x_wconf 82' lang='grc' dir='ltr'>ὅτι</span> <span class='ocrx_word' id='word_1_924' title='bbox 2859 5531 2997 5584; x_wconf 87' lang='grc' dir='ltr'>Τότε</span> <span class='ocrx_word' id='word_1_925' title='bbox 3030 5528 3292 5597; x_wconf 70' lang='grc' dir='ltr'>λαλήσει</span> <span class='ocrx_word' id='word_1_926' title='bbox 3320 5526 3474 5597; x_wconf 76' lang='grc' dir='ltr'>πρὸς</span> 
     </span>
    </p>
   </div>
   <div class='ocr_carea' id='block_1_116' title="bbox 3290 5733 3464 5789">
    <p class='ocr_par' dir='ltr' id='par_1_116' title="bbox 3290 5733 3464 5789">
     <span class='ocr_line' id='line_1_116' title="bbox 3290 5733 3464 5789; baseline 0.006 -1"><span class='ocrx_word' id='word_1_927' title='bbox 3290 5735 3337 5767; x_wconf 79' lang='lat'>“</span> <span class='ocrx_word' id='word_1_928' title='bbox 3361 5733 3464 5789; x_wconf 82' lang='lat' dir='ltr'><strong>lsa.</strong></span> 
     </span>
    </p>
   </div>
   <div class='ocr_carea' id='block_1_117' title="bbox 3130 5801 3465 5872">
    <p class='ocr_par' dir='ltr' id='par_1_117' title="bbox 3130 5801 3465 5872">
     <span class='ocr_line' id='line_1_117' title="bbox 3130 5801 3465 5872; baseline 0.009 -14"><span class='ocrx_word' id='word_1_929' title='bbox 3130 5806 3177 5837; x_wconf 79' lang='lat'><em>&quot;</em></span> <span class='ocrx_word' id='word_1_930' title='bbox 3201 5801 3380 5872; x_wconf 86' lang='lat' dir='ltr'><strong>Jobu,</strong></span> <span class='ocrx_word' id='word_1_931' title='bbox 3409 5804 3465 5861; x_wconf 82' lang='grc' dir='ltr'>ὅ.</span> 
     </span>
    </p>
   </div>
  </div>
