4040 6462
556 414 786 457 τπυτιιι

1899 380 2425 441 PROLECOMENA.

551 521 774 586 αὐτοὺς
794 519 866 573 ἐν
892 516 1037 587 ὀργῆ
1058 514 1242 569 αὑτοῦ
1262 530 1274 544 ·
1305 515 1456 583 χεῖρα
1474 511 1645 580 λέγων
1676 510 1769 579 τὴν
1801 508 2124 577 κολαστικὴν

2226 517 2315 561 aut
2343 515 2601 571 expressa
2627 514 2768 557 esse.
2802 499 2933 557 Cum
2976 498 3140 566 igitur
3166 497 3611 557 commentarium
3652 516 3777 556 eum

551 612 799 684 δύναμιν,
830 620 973 665 κατα
1015 608 1107 660 τὸν
1136 605 1255 660 Ἰὼϐ
1274 622 1287 635 θ
1327 602 1463 671 Χείρ
1493 604 1604 673 γὰρ
1646 600 1865 667 Κυρίου
1894 598 1933 669 ἡ
1962 599 2119 667 ἀψα-

549 703 703 776 m
737 705 855 774 μού
883 703 1035 764 ἐστι,
1058 700 1154 754 καὶ
1185 702 1244 753 ὲν
1264 696 1438 767 τούτῳ
1460 697 1555 751 τοῦ
1576 693 1818 750 διαϐόλου
1852 697 2007 765 χεῖρα
2035 690 2121 744 λέ-

558 812 745 864 γοντος
778 796 835 848 εν
882 792 961 864 τῷ
1000 792 1177 865 καιρῷ
1222 790 1319 860 τῆς
1368 788 1640 851 κολάσεως
1662 803 1675 816 °
1721 787 1805 838 Οὐ
1858 786 1985 855 μὴν
2031 782 2118 849 δὲ,

554 887 720 942 ἀλλά
768 886 1134 941 ἀπόστειλον
1158 881 1274 949 τὴν
1319 879 1485 950 χεῖρά
1515 896 1653 944 σου,
1693 875 1792 929 καὶ
1830 875 1979 943 ἅψαι
2007 872 2123 928 τῶν

556 979 752 1035 ὀστῶν
777 978 987 1036 αὐτοῦ.
1021 977 1383 1049 Hieronymus
1404 974 1507 1029 col.
1539 973 1601 1028 61
1632 984 1647 1024 :
1683 988 1703 1021 t
1730 970 1793 1023 Et
1827 970 2122 1035 Abraham,

559 1082 850 1142 postquam
882 1070 1023 1126 vidit
1066 1070 1369 1131 Dominum,
1402 1078 1457 1122 et
1506 1061 1715 1120 audivit
1755 1075 1941 1117 vocem
1986 1060 2122 1128 ejus,

560 1174 763 1222 terram
795 1173 851 1220 et
904 1165 1143 1218 cinerem
1170 1174 1292 1216 esse
1318 1174 1377 1214 se
1409 1160 1537 1213 dicit
1562 1156 1630 1209 “.
1680 1173 1698 1207 ι
1735 1150 2128 1208 Pseudo-Basi-

559 1259 663 1312 lius
687 1257 785 1327 (Vl,
822 1254 873 1319 1,
908 1269 1055 1309 num.
1091 1253 1216 1325 182)
1258 1273 1270 1309 :
1312 1250 1464 1306 Ἐπεὶ
1521 1247 1615 1301 καὶ
1646 1248 1677 1300 ὁ
1713 1244 1986 1315 Ἀϐραὰμ,
2039 1244 2127 1297 ὅτε

557 1345 715 1419 ὤφθη
746 1344 895 1416 αὐτῷ
920 1346 950 1398 ὸ
981 1345 1135 1410 Θεὸς,
1169 1344 1289 1397 τότε
1319 1341 1735 1410 ἀναγέγραπται
1766 1335 2003 1407 εἰρηκὼς
2044 1336 2124 1400 τὸ,

570 1438 711 1509 Ἐγὼ
735 1437 801 1492 δέ
830 1439 948 1508 είμι
976 1438 1053 1506 γῆ
1094 1435 1192 1489 καί
1222 1432 1468 1497 σποδός.
1501 1430 1857 1499 Hieronymus
1884 1426 1987 1492 col,
2014 1425 2084 1481 69
2107 1441 2122 1478 :

572 1545 584 1581 t
620 1527 764 1601 Ergo
790 1532 933 1585 sicut
965 1524 1312 1596 profundum,
1371 1521 1641 1576 infernum
1694 1517 2000 1590 signiﬁcat;
2050 1518 2125 1571 ita

557 1620 834 1675 excelsum
857 1631 1024 1687 supra
1069 1614 1238 1670 cmlos
1289 1612 1591 1684 intelligere
1617 1609 1943 1667 debemus...
1973 1607 2125 1675 Quod

559 1722 855 1779 utrumque
898 1712 965 1764 ad
1022 1717 1204 1778 typum
1272 1708 1510 1776 pertinet
1564 1703 1756 1759 mortis
1800 1702 2011 1756 Domini
2070 1708 2127 1755 et

557 1800 892 1860 ascensionis
939 1798 1099 1866 :Qui
1151 1800 1287 1855 enim
1339 1796 1625 1855 descendit.
1682 1795 1791 1865 ipse
1825 1802 1903 1846 est
1941 1791 2029 1862 qui
2076 1802 2124 1845 et

2218 600 2308 670 qui
2329 610 2523 651 nomen
2548 594 2730 649 Basilii
2755 592 2999 666 praefert,
3027 607 3135 645 non
3163 595 3369 647 noverit
3393 590 3775 660 Hieronymus,

2219 688 2319 747 nec
2352 688 2608 743 credibile
2654 686 2725 741 sit
2756 683 3131 741 commentarii
3171 687 3488 753 scriptorem
3515 682 3782 745 Hieroiiy-

2220 783 2400 837 miana
2429 778 2617 835 Grmce
2649 776 2968 841 reddidisse,
3021 776 3314 847 prmsertim
3350 792 3474 834 cum
3520 779 3573 832 in
3610 780 3781 831 mani-

2221 873 2321 928 bus
2351 872 2589 927 omnium
2620 876 2802 923 essent
2830 868 3199 925 commentarii
3230 866 3428 932 Graeci,
3470 872 3611 926 unde
3648 868 3769 923 faci-

2221 962 2325 1017 lius
2356 965 2572 1017 Itaurire
2614 967 2846 1031 poterat,
2892 971 3040 1015 certe
3097 969 3287 1017 neuter
3330 958 3398 1013 ab
3426 960 3597 1017 altero
3626 962 3780 1032 quiil-

2221 1068 2386 1123 quatn
2421 1054 2716 1121 sumpsisse
2746 1050 3011 1123 putandus
3050 1061 3154 1107 est.
3188 1053 3385 1120 Quare,
3416 1059 3473 1104 ut
3505 1053 3634 1106 mihi
3665 1068 3785 1122 qui-

2223 1145 2344 1200 dem
2378 1142 2610 1209 videtur,
2642 1144 2874 1199 dubitari
2924 1142 3015 1195 vix
3065 1153 3242 1210 potest
3281 1144 3409 1214 quin
3452 1150 3701 1210 uterque,
3731 1155 3784 1197 ιιι

2224 1233 2581 1304 Hieronymus
2595 1241 2649 1288 et
2677 1231 3049 1288 commentarii
3079 1232 3315 1299 scriptor
3345 1248 3410 1288 ea
3440 1245 3561 1302 quae
3588 1236 3787 1286 exscri-

2224 1324 2429 1393 psimus
2459 1323 2574 1380 loca
2616 1322 2684 1378 ab
2716 1322 2950 1377 Eusebio
2992 1322 3303 1389 sumpserit,
3348 1322 3782 1393 quandoquidem

2223 1413 2339 1483 ejus
2365 1416 2419 1469 in
2446 1414 2644 1469 Isaiam
2671 1412 3087 1468 commentarios
3116 1414 3185 1467 ab
3210 1422 3436 1482 utroque
3464 1413 3785 1486 compilatos

2224 1521 2345 1562 esse
2390 1506 2603 1561 aliunde
2646 1504 2908 1559 novimus.
2969 1505 3103 1558 Illud
3135 1513 3311 1559 tamen
3362 1517 3601 1563 notatum
3639 1507 3781 1572 volo,

2224 1598 2539 1667 scriptorem
2571 1594 2942 1649 commentarii
2983 1593 3051 1648 ab
3086 1593 3410 1664 Hieronymo
3449 1596 3503 1649 in
3528 1612 3592 1652 eo
3624 1601 3783 1653 dissi-

2225 1690 2374 1754 dere,
2401 1688 2541 1759 quod
2562 1688 2649 1742 ille
2673 1687 2886 1742 Eusebii
2920 1688 3214 1759 fragmenta
3250 1688 3303 1743 in
3328 1703 3480 1745 suum
3513 1704 3788 1746 commen-

2228 1781 2421 1836 tarium
2448 1780 2511 1832 ad
2529 1779 2749 1834 verbum
2778 1780 3101 1850 transferat;
3136 1782 3221 1837 hic
3245 1796 3370 1836 vero
3397 1780 3467 1836 ita
3485 1780 3785 1836 Eusebiaua

557 1893 792 1950 ascendit
825 1893 895 1947 “.
928 1892 996 1947 Et
1022 1891 1075 1945 in
1129 1886 1387 1959 Apostolo
1416 1887 1644 1957 legimus
1676 1903 1694 1943 :
1725 1883 1809 1939 Ne
1839 1884 2036 1937 dixeris
2068 1884 2124 1937 in

2230 1883 2524 1938 mutuetur,
2558 1884 2614 1924 ut
2646 1887 2709 1925 ea
2761 1881 2815 1927 et
2867 1877 3112 1931 ornando
3139 1885 3195 1931 et
3234 1875 3477 1931 addendo
3525 1889 3619 1929 sua
3649 1890 3785 1943 quo-

557 1986 715 2039 corde
732 1993 825 2038 tuo
852 1997 872 2036 :
898 1981 1027 2047 Quis
1050 1978 1291 2033 ascendet
1316 1982 1369 2032 in
1398 1978 1627 2033 mlum?
1652 1976 1747 2028 hoc
1768 1985 1842 2029 est
1866 1974 2129 2029 Christum

555 2078 839 2137 deducere;
883 2081 997 2138 aut,
1033 2070 1167 2137 Quis
1197 2070 1471 2126 descendet
1507 2070 1560 2121 in
1583 2067 1873 2137 abyssum?
1916 2069 2013 2121 hoc
2052 2076 2129 2119 est

557 2165 824 2222 Christum
874 2165 939 2219 de
983 2163 1206 2218 mortuis
1252 2162 1496 2215 reducere
1546 2159 1612 2213 ⁸³.
1661 2181 1682 2212 ο
1744 2158 2131 2213 Pseudo-Basi-

559 2259 663 2314 lius
687 2258 766 2329 (7,
802 2258 889 2322 11,
930 2270 1081 2309 num.
1118 2252 1240 2323 198)
1276 2269 1291 2306 :
1324 2253 1397 2306 Ἢ
1424 2251 1567 2322 τάχα
1590 2250 1752 2323 βάθος
1781 2250 2031 2320 σημαίνει
2061 2247 2129 2300 τὰ

556 2348 844 2403 κατώτατα
883 2344 977 2399 τοῦ
1029 2344 1179 2416 ᾅδου,
1224 2342 1358 2415 ὕψος
1390 2344 1446 2397 δὲ
1485 2344 1583 2415 τὴν
1613 2342 1999 2413 ὑπερουράνιον
2025 2337 2131 2408 χὼ-

560 2440 780 2514 ραν,ὡς
813 2442 842 2495 ὁ
877 2439 1200 2503 Ἀπόστολος
1237 2441 1368 2511 ἡμῖν
1412 2438 1706 2509 παρίστησι
1758 2435 1965 2503 λέγων·
2029 2433 2128 2502 Μὴ

555 2536 737 2605 είπῃς
792 2535 863 2589 ἐν
909 2532 987 2602 τῇ
1035 2531 1249 2599 καρδίᾳ
1292 2544 1447 2593 σου,
1493 2528 1583 2594 τίς
1638 2526 2001 2594 ἀναϐήσεται
2043 2529 2131 2595 είς

554 2626 664 2681 τὸν
703 2625 999 2695 οὐρανόν;
1042 2622 1319 2685 τουτέστι
1356 2621 1617 2691 Χριστὸν
1667 2620 2053 2693 καταγαγεῖν-ο
2090 2619 2128 2689 ἢ

556 2718 651 2787 τίς
701 2718 1101 2789 καταϐήσεται
1174 2719 1256 2785 είς
1306 2715 1420 2785 τὴν
1469 2716 1786 2779 “trador;
1854 2714 2130 2768 τουτέστι

555 2806 816 2875 Χριστὸν
854 2808 922 2860 ἐκ
974 2804 1203 2874 νεκρῶν
1252 2802 1596 2872 ἀναγαγεῖν.
1653 2803 1803 2854 Ἐπεὶ
1834 2796 1924 2853 οὖν
1965 2802 1995 2852 ὀ
2030 2816 2129 2852 κα-

553 2896 729 2960 ταϐὰς
769 2897 934 2960 αὐτός
984 2898 1101 2948 ἐστι
1157 2896 1250 2949 καὶ
1303 2893 1530 2957 ἀναϐὰς,
1571 2892 1633 2945 τὸ
1688 2894 1769 2956 είς
1824 2891 1985 2962 βάθος
2034 2894 2129 2946 καὶ

556 2987 639 3052 είς
667 2983 800 3057 ὕψος
828 2986 1051 3058 σημεῖον
1079 2983 1208 3056 περὶ
1236 2983 1338 3054 τῆς
1366 2982 1590 3037 καθόδου
1617 2982 1683 3035 ἂν
1712 2982 1798 3052 εἴη
1840 2981 2129 3052 λεγόμενον

557 3078 659 3151 τῆς
682 3075 778 3132 τοῦ
804 3075 1013 3148 Κυρίου
1034 3092 1048 3106 ·
1083 3076 1177 3129 καὶ
1197 3077 1226 3129 ὁ
1260 3073 1468 3139 ἀναϐὰς
1503 3072 1665 3137 αὐτός
1700 3075 1846 3127 ἐστιν
1878 3071 2129 3143 ὑπεράνω

559 3168 779 3222 πάντων
813 3168 923 3221 τῶν
970 3166 1235 3237 οὐρανῶν.
1283 3165 1642 3236 Hieronymus
1693 3167 1798 3219 col.
1845 3162 1915 3218 70
1944 3182 1957 3218 :
1990 3180 2009 3216 t
2063 3162 2130 3217 Et

563 3257 670 3313 hoc
699 3256 995 3312 notandum
1026 3255 1172 3324 quod
1204 3255 1385 3309 Acha:
1415 3270 1541 3325 rege
1565 3256 1882 3324 inipiissimo
1919 3255 2130 3308 nolente

555 3349 771 3419 signum
798 3355 1002 3418 petere,
1036 3358 1217 3401 sermo
1266 3344 1615 3414 propheticus
1655 3342 1722 3396 ad
1771 3344 1990 3395 domum
2028 3342 2129 3395 Da-

560 3439 714 3493 vid.'..
750 3445 1119 3491 convertatur.
1170 3453 1191 3489 ι
1225 3431 1793 3503 Pseudo-Basilius(1,
1844 3430 1933 3496 η,
1977 3447 2124 3486 num.

562 3528 686 3598 I99)
714 3544 728 3581 :
753 3528 829 3582 οὐ
863 3526 975 3599 γὰρ
1016 3525 1275 3597 εὐλαϐείᾳ
1311 3526 1418 3579 τινὶ
1458 3526 1753 3596 παρῃτεῖτο
1784 3522 1881 3594 τὴν
1915 3522 2128 3593 αἴτησιν

558 3620 655 3675 τοῦ
680 3619 910 3692 σημείου
965 3621 995 3674 ὁ
1036 3618 1271 3690 Ἄχας...
1314 3615 1664 3687 ἀποστρέψας
1704 3614 1813 3687 γὰρ
1850 3614 1939 3668 τὸν
1974 3615 2127 3683 λόγον

561 3711 656 3765 ἐπὶ
685 3711 783 3765 τοῦ
812 3710 999 3778 Δασίδ,
1027 3720 1135 3768 etc.
1167 3711 1296 3780 Quae
1322 3707 1489 3766 refert
1516 3707 1893 3780 Hieronymus,
1922 3705 2128 3773 eol.7l,

562 3803 631 3856 de
660 3801 844 3872 puella
868 3801 1025 3882 cujus
1055 3801 1115 3857 tit
1162 3802 1365 3858 mentio
1412 3801 1468 3856 in
1502 3801 1943 3865 Deuteronomio,
1978 3808 2033 3856 et
2064 3801 2129 3855 de

563 3892 786 3965 Abisag,
827 3906 893 3949 ea
939 3893 1054 3965 ipsa
1086 3907 1303 3963 quoque
1322 3909 1351 3948 e
1380 3892 1584 3949 Graecis
1610 3905 1861 3961 expressa
1890 3906 2009 3947 esse
2031 3904 2130 3946 ne-

562 3986 679 4056 gari
709 4000 816 4042 non
837 3994 1037 4057 potest.
1071 3984 1239 4040 Velim
1276 3981 1529 4038 conferas
1559 3980 1747 4035 Latina
1778 3998 1899 4036 cum
1926 3982 2131 4039 Grecis

563 4089 717 4132 num.
746 4075 875 4132 201.
902 4075 1259 4147 Hieronymus
1278 4072 1383 4130 col.
1415 4070 1526 4127 76:
1565 4089 1585 4124 ι
1623 4069 1849 4137 Quidam
1896 4073 2127 4142 prophe—

564 4164 751 4220 tissam
774 4176 1019 4220 sanctam
1061 4163 1288 4218 lariam
1335 4161 1777 4232 interpretantur,
1812 4173 1971 4228 quam
2002 4174 2130 4229 pro-

566 4255 755 4327 phetiu
801 4255 971 4311 fuisse
999 4269 1108 4310 non
1136 4254 1354 4309 dubium
1384 4262 1507 4310 est:
1543 4252 1656 4323 ipsa
1700 4251 1845 4306 enim
1894 4250 2130 4321 loquitur

569 4349 620 4401 in
653 4346 945 4417 Evangelio
978 4363 993 4400 :
1020 4345 1159 4401 Ecce
1191 4347 1327 4400 enim
1355 4344 1557 4398 «modo
1579 4345 1780 4397 beatam
1829 4333 1908 4397 ine
1958 4343 2128 4396 dicent

565 4456 744 4495 omnes
788 4439 1170 4510 generationes.
1203 4455 1219 4490 ι
1270 4435 1737 4493 Pseudo—Basilius
1765 4433 1842 4502 (8,
1878 4433 1934 4497 3,
1978 4447 2125 4487 num.

2229 1965 2514 2019 dummodo
2548 1962 2764 2020 etiiciat.
2806 1967 2880 2020 Ex
2920 1967 3117 2037 quibus
3137 1968 3387 2023 omnibus
3424 1968 3680 2039 colligere
3706 1968 3789 2020 ‘li-

2228 2064 2315 2109 cet
2338 2067 2479 2119 eum,
2499 2054 2587 2123 qui
2622 2056 2995 2125 imperfectum
3026 2058 3175 2111 illum
3204 2060 3258 2111 in
3283 2058 3480 2113 Isaiam
3510 2075 3790 2114 commcn-

2232 2146 2424 2199 tarium
2480 2146 2718 2215 scripsit,
2757 2150 3047 2203 maximam
3095 2150 3178 2202 sui
3223 2150 3403 2216 operis
3455 2162 3664 2239 paritem
3720 2154 3789 2204 ab

2227 2234 2463 2291 Eusebio
2493 2242 2558 2290 ad
2586 2240 2805 2293 verbum
2833 2248 3132 2292 mutuatum
3166 2253 3307 2293 esse.
3335 2238 3483 2304 Quod
3519 2234 3664 2293 enim
3692 2255 3791 2294 no-

2230 2328 2461 2383 lavimus
2488 2340 2754 2398 sumptum
2791 2330 2954 2384 fuisse
2991 2331 3059 2384 ab
3089 2328 3417 2403 Hieronymo
3447 2345 3477 2384 e
3512 2346 3790 2388 commen-

2233 2422 2387 2475 tariis
2420 2422 2654 2484 Eusebii,
2684 2422 2732 2473 id
2775 2434 2989 2490 quoque
3028 2431 3222 2491 praeter
3259 2432 3449 2477 cetera
3495 2422 3597 2478 sibi
3644 2437 3790 2478 sum-

2230 2514 2336 2582 psit
2360 2512 2445 2566 hic
2466 2512 2774 2583 plagiarius.
2811 2513 2942 2579 Quis
2967 2523 3147 2570 autem
3179 2513 3388 2570 futurus
3430 2523 3514 2572 est
3545 2523 3653 2569 tam
3685 2516 3788 2567 ini-

2229 2617 2367 2672 quus
2392 2618 2571 2659 rerqu
2600 2606 2919 2670 mstimator,
2953 2615 3291 2673 ut'magnum
3324 2606 3577 2659 Basilium
3613 2614 3691 2659 tot
3720 2620 3785 2661 ac

2232 2703 2504 2749 tantorum
2540 2696 2819 2750 furtorum-
2840 2712 2993 2751 reum
3025 2696 3336 2751 existimet?

2300 2862 2390 2919 62.
2423 2862 2649 2919 Temere
2678 2879 2781 2919 non
2831 2865 2956 2930 fuit,
2990 2866 3135 2937 quod
3173 2868 3475 2923 notavimus
3510 2868 3790 2941 aliquanto

2229 2968 2375 3025 ante,
2410 2973 2557 3012 num.
2594 2957 2686 3022 66,
2746 2969 3018 3014 auctorem
3058 2960 3355 3031 imperfecti
3414 2965 3788 3019 commentarii

2227 3051 2585 3121 e.variorum
2658 3052 2978 3122 scriptorum
3036 3052 3349 3124 fragmentis
3415 3070 3551 3125 opus
3630 3072 3789 3111 suum

2228 3145 2615 3213 composuisse.
2638 3144 2714 3216 (a)
2754 3145 2819 3200 Et
2851 3145 3062 3215 quidem
3100 3160 3161 3199 ea
3203 3157 3284 3200 est
3310 3147 3593 3201 verborum
3627 3156 3791 3217 atque

2155 3224 2197 3283 C
2230 3236 2612 3291 sententiarum
2650 3234 2896 3291 confusio
2949 3236 3000 3289 in
3057 3236 3159 3289 hoc
3206 3236 3618 3303 commentario,
3652 3247 3792 3292 tam-

2229 3342 2335 3397 que
2364 3341 2506 3396 saepe
2528 3328 2716 3383 eadem
2750 3326 3043 3396 Scriptura
3074 3326 3194 3383 loca
3229 3327 3313 3384 bis
3341 3338 3434 3384 aut
3464 3338 3546 3386 ter
3566 3341 3659 3386 aut
3681 3346 3793 3387 am-

2227 3417 2368 3486 plius
2394 3418 2754 3485 explicantur,
2777 3426 2836 3472 ut
2861 3418 3094 3488 quodam
3134 3423 3289 3490 quasi
3317 3420 3519 3491 impetu
3549 3423 3601 3479 in
3642 3425 3791 3493 ejus-

2229 3507 2370 3561 modi
2417 3507 2778 3577 suspicionem
2832 3509 3049 3566 adducti
3099 3512 3288 3569 simus.
3329 3511 3402 3567 Ita
3435 3523 3613 3570 autem
3647 3531 3791 3582 esse,

2226 3612 2348 3669 quae
2381 3615 2445 3655 es
2478 3600 2593 3671 ipso
2640 3599 2843 3656 Basilio
2892 3602 3209 3669 subiicimus
3231 3604 3473 3673 exempla
3514 3606 3794 3662 evidenter

2227 3691 2479 3761 probant.
2515 3691 2696 3746 Basilii
2732 3694 2893 3760 igitur
2916 3693 3032 3746 haec
3062 3702 3187 3747 sunt
3232 3708 3263 3748 e
3317 3695 3488 3763 prima
3546 3698 3794 3755 oratiOue

2228 3782 2283 3835 in
2308 3780 2567 3851 jejunium
2598 3798 2616 3835 :
2642 3780 2811 3834 Τοῦτο
2833 3782 2939 3853 γάρ
2967 3784 3112 3835 ἔστιν
3138 3783 3167 3836 ὅ
3210 3800 3371 3853 φησιν
3394 3786 3422 3839 ὀ
3449 3785 3792 3855 Ἀπόστολος,

2230 3876 2313 3930 ὅτι
2340 3877 2520 3931 Ὅσον
2558 3879 2592 3931 ὀ
2633 3876 2854 3941 ἔξωθεν
2890 3877 3198 3946 ἅνθρωπος
3241 3876 3659 3948 διαφθείρεται,
3698 3898 3794 3936 το-

2230 3968 2454 4023 σοῦτον
2494 3971 2528 4023 ό
2568 3968 2796 4023 ἔσωθεν
2843 3969 3287 4024 ἀνακαινοῦται.
3326 3971 3435 4025 Καὶ
3480 3972 3561 4039 τὸ,
3607 3972 3797 4027 ὀταν

2230 4061 2483 4127 ἀσθενῶ,
2519 4063 2651 4117 τότε
2680 4063 2938 4130 δυνατός
2969 4066 3153 4134 ειμι...
3194 4065 3287 4118 Ἐκ
3311 4064 3419 4139 γὰρ
3440 4067 3539 4138 τῆς
3563 4068 3796 4139 παχείας

2229 4155 2435 4225 τροφῆς
2458 4151 2567 4209 οἷον
2589 4155 2904 4221 αἰθαλώδεις
2923 4139 3310 4229 ἀναθυμιάσεις
3322 4162 3791 4233 ἀναπεμπόμεναι,

2229 4244 2455 4315 νεφέλης
2480 4245 2635 4315 δίκην
2658 4249 2889 4317 πυκνῆς,
2929 4248 3025 4312 τὰς
3045 4250 3153 4303 ἀπὸ
3176 4250 3268 4305 τοῦ
3294 4253 3448 4321 ἁγίου
3480 4253 3795 4325 Πνεύματος

2230 4334 2581 4407 ἐγγινομένας
2622 4337 2915 4407 ὲλλαμψεις
2962 4340 3055 4393 ἐπὶ
3096 4341 3189 4393 τὸν
3228 4341 3353 4395 νοῦν
3389 4344 3791 4399 διακᾶπτουσιν.

2236 4445 2256 4479 ι
2287 4427 2399 4483 Hoc
2418 4430 2561 4483 enim
2583 4439 2669 4484 est
2700 4432 2841 4499 quod
2890 4431 2965 4485 ait
3006 4431 3317 4500 Apostolus,
3352 4438 3495 4503 quod
3528 4437 3793 4501 Quantum

563 4528 781 4600 208)”:
814 4530 937 4583 Ὀτι
965 4528 1021 4583 δὲ
1050 4528 1366 4602 προφῆτιςή
1401 4527 1655 4599 Μαρία...
1688 4525 1861 4590 οὐδεὶς
1894 4524 2128 4596 ἀντερεῖ,

2230 4528 2474 4574 externus
2502 4520 2656 4574 homo
2678 4525 3050 4591 corrumpitur,
3081 4532 3284 4578 tantum
3310 4527 3541 4583 interitus
3573 4545 3793 4583 renova—

572 4620 919 4693 μεμνημένος
935 4620 1103 4693 αὐτῆς
1116 4619 1224 4675 τῶν
1239 4620 1569 4692 ῥημάτων...
1587 4618 1741 4674 Ἰδοὺ
1761 4618 1871 4688 γὰρ
1888 4617 2006 4673 ἀπὸ
2022 4616 2129 4671 τοῦ

570 4716 688 4772 νῦν
700 4715 1066 4786 μακαριοῦσι
1092 4730 1169 4786 με
1190 4712 1378 4770 πᾶσαι
1412 4716 1472 4767 ai
1505 4713 1724 4782 γενεαί.
1776 4709 2133 4782 Hieronymus

570 4805 676 4862 col.
704 4805 775 4861 82
803 4822 817 4859 :
854 4824 873 4858 ι
911 4805 1021 4860 Hoc
1041 4807 1185 4861 scire
1209 4803 1433 4871 debetis,
1460 4802 1604 4872 quod
1635 4814 1972 4871 unaquaeque
1999 4814 2133 4871 gens

575 4895 825 4967 proprios
858 4894 1106 4949 consulat
1137 4894 1289 4959 deos,
1318 4904 1373 4948 et
1400 4893 1468 4948 de
1496 4893 1739 4946 vivorum
1779 4890 1952 4945 salute
1985 4905 2133 4943 mor-

578 4998 699 5043 tuos
722 4985 1045 5043 sciscitetur.
1060 5004 1080 5039 D
1098 4984 1563 5040 Pseudo-Basilius
1588 4981 1664 5055 (8,
1696 4980 1781 5049 l9,
1802 4995 1948 5035 num.
1969 4978 2132 5051 218):

576 5078 848 5132 'Enaa'rov
882 5076 1031 5141 ῐθνος
1051 5075 1130 5147 τῷ
1164 5075 1359 5130 ἑαυτοῦ
1399 5074 1507 5146 Θεῷ
1548 5074 1808 5146 προσάγει
1854 5070 1954 5142 τὴν
2006 5070 2135 5142 περὶ

574 5163 636 5225 οὗ
665 5170 912 5242 βούλεται
931 5170 1117 5242 μαθεῖν
1143 5168 1436 5239 ζήτησιν...
1463 5167 1686 5237 νεκροὺς
1708 5165 1817 5238 γὰρ
1842 5163 1993 5227 Θεοὺς
2013 5163 2136 5215 ὑπο-

575 5260 815 5333 θέμενοι,
844 5260 1041 5326 αὐτοὺς
1059 5258 1370 5331 ὶπερωτῶσι
1393 5258 1520 5328 περὶ
1545 5257 1654 5311 τῶν
1679 5256 1911 5323 ζώντων.
1942 5254 2007 5310 Ει
2032 5254 2135 5308 alia

583 5351 637 5405 id
666 5364 834 5421 genus
858 5364 1155 5422 congerere
1187 5363 1540 5419 paraveram;
1571 5348 1667 5403 sed
1698 5347 1980 5417 nihilopus
2011 5358 2131 5401 esse

581 5439 837 5507 arbitror,
860 5456 979 5497 cum
1004 5456 1067 5497 ex
1098 5441 1277 5498 allatis
1320 5438 1641 5497 testimoniis
1694 5438 1829 5494 satis
1861 5451 2127 5508 superque

577 5543 793 5590 constet
816 5533 982 5589 multa
1012 5534 1079 5589 ab
1114 5532 1442 5601 Hieronymo
1471 5547 1503 5589 e
1532 5530 1737 5589 Graecis
1760 5540 1853 5585 aut
1876 5543 2128 5585 conversa

2230 4622 2318 4666 tur
2358 4612 2427 4668 ".
2483 4614 2619 4667 item
2674 4614 2804 4668 illud
2856 4632 2870 4670 :
2919 4613 3053 4671 Cum
3108 4617 3370 4686 inﬁrmor,
3432 4629 3558 4673 tunc
3612 4631 3793 4687 potens

2229 4720 2345 4759 sum
2383 4704 2499 4759 “...
2542 4702 2678 4760 Nam
2741 4706 3035 4777 fuliginosa:
3085 4710 3329 4778 quaedam
3366 4710 3737 4767 exbalationes
3764 4728 3795 4766 e

2230 4797 2413 4867 pingui
2458 4797 2711 4853 alimento
2750 4802 2983 4865 emissae,
3018 4800 3197 4856 densa:
3234 4801 3394 4856 nubis
3448 4802 3618 4857 instar
3654 4804 3797 4858 infu-

2232 4900 2349 4941 sam
2382 4888 2577 4943 animze
2598 4906 2627 4943 a
2660 4889 2867 4959 Spiritu
2896 4879 3087 4948 sancto
3116 4893 3535 4949 illustrationem
3567 4896 3794 4952 interci-

2231 4977 2408 5047 piunt.
2430 4997 2449 5031 ο
2485 4977 2609 5034 Haec
2625 4980 2724 5035 sibi
2750 4982 2977 5051 sumpsit
3004 4983 3459 5052 pseudo-Basilius
3484 4986 3660 5056 (num.
3678 4986 3791 5053 32),

2234 5083 2355 5124 cum
2381 5072 2826 5141 interpretaretur
2850 5075 2976 5131 illud
3006 5092 3019 5127 :
3055 5075 3328 5147 Jejunium
3360 5088 3408 5133 et
3442 5080 3605 5133 otium
3635 5090 3681 5132 et
3710 5096 3796 5131 su-

2232 5161 2521 5218 lentnitates
2559 5174 2753 5221 vestras
2795 5168 2903 5221 odit
2945 5168 3124 5222 animo
3164 5187 3277 5224 mea
3302 5170 3370 5226 ".
3402 5169 3541 5238 Quin
3591 5180 3648 5225 et
3691 5170 3791 5223 alia

2234 5254 2395 5322 adjici
2440 5268 2662 5324 possunt
2706 5274 2736 5311 e
2774 5261 3007 5313 secunda
3050 5262 3296 5316 oratione
3330 5264 3396 5317 de
3434 5261 3658 5330 jejunio,
3704 5263 3791 5316 ubi

2234 5343 2313 5398 sic
2336 5346 2526 5417 legitur
2548 5348 2646 5403 sub
2669 5347 2827 5402 iiucin
2860 5365 2874 5402 :
2904 5351 2979 5404 Οὔ
2996 5353 3178 5421 μέντοι
3203 5353 3423 5425 ἐξαρκεί
3445 5353 3566 5408 καθ’
3594 5356 3795 5429 ἑαυτὴν

2229 5438 2264 5508 ἠ
2288 5439 2457 5511 ὲτιοχὴ
2482 5440 2588 5493 τῶν
2609 5440 2909 5514 βρωμάτων
2937 5446 3073 5517 πρὸς
3099 5446 3196 5517 τὴν
3220 5447 3504 5518 ἐπαινετὴν
3517 5452 3790 5519 νηστείαν·

2231 5529 2366 5584 ἀλλὰ
2418 5532 2763 5602 νηστεύωμεν
2812 5538 3067 5608 νηστείαν
3120 5539 3331 5611 δεκτὴν,
3382 5541 3676 5611 εὐάρεστον
3716 5544 3793 5615 τῷ

630 5648 672 5728 ’ξ
700 5647 1117 5728 Gen._xvni,27.
1188 5651 1233 5683 "
1271 5648 1464 5718 Ephes.
1494 5664 1572 5714 tv,
1594 5648 1682 5703 io.
1773 5647 1822 5680 ⁸³
1848 5647 2002 5703 Rom.
2032 5645 2159 5713 1,6,
2188 5645 2243 5702 7.
2315 5647 2362 5681 “
2392 5647 2521 5705 Luc.
2564 5666 2601 5719 ι,
2626 5650 2714 5707 i8.
2789 5654 2889 5709 "ll
2916 5654 3036 5711 Cor.
3070 5672 3143 5723 tv,
3172 5655 3257 5711 16.
3332 5658 3377 5690 ⁸⁸
3402 5657 3445 5712 ll
3468 5657 3592 5715 Cor.
3617 5676 3672 5728 ι,
3705 5662 3789 5716 li.

576 5720 621 5752 ⁸⁷
654 5718 754 5773 lsa.
788 5734 829 5784 ι,
853 5720 936 5773 ιι.

646 5816 725 5887 (α)
747 5812 887 5885 Lege
918 5812 1415 5883 interpretationem
1438 5810 1628 5881 capitis
1659 5824 1711 5864 v.
