4040 6462
1394 394 1453 446 D.
1496 393 1639 449 ιω..
1667 390 2013 449 ιϐΛΒΝΕΒΙΙ
2054 390 2438 448 ΡΙΗΕΡΑΤΙΟ.

3349 410 3541 449 CCX“!

537 510 667 565 ’Δπδ
690 510 869 582 μέντοι
902 510 999 579 τῆς
1031 512 1087 565 ὲν
1118 509 1196 580 τῷ
1224 509 1451 581 κρυπτῷ
1484 511 1737 582 νηστείας
1768 529 1860 581 φυ-

1970 518 2150 566 natum
2180 508 2535 580 expendendi,
2567 517 2623 563 ut
2651 524 2715 564 ex
2752 520 2899 566 recto
2927 510 3119 566 borum
3148 513 3337 567 ordine
3381 512 3544 584 Opili-

305 602 616 673 λαεώμεθα,
666 605 793 674 περὶ
833 598 899 675 ἦς
937 606 966 657 ό
1011 606 1293 674 προφήτης
1321 603 1622 676 ἀπεύχεται
1668 606 1865 674 λέγων·

306 697 390 750 Οὐ
422 695 843 765 ⁵ιιοιιοκτονήσνει
884 697 1093 761 Κύριος
1121 696 1324 765 ψυχὰς
1346 696 1592 750 δικαίων
1611 714 1625 729 σ
1669 698 1764 751 καὶ
1788 696 1869 761 τὸ,

303 788 427 842 οὐκ
452 781 616 843 εἶδον
675 786 906 842 δίκαιον
948 785 1572 858 ἐγκαταλεειειμμένον,
1621 789 1763 846 οὐδὲ
1805 788 1872 845 τὸ

298 879 539 950 σπέρμα
578 879 763 951 αὐτρῦ
787 878 1000 948 ζητοῦν
1034 880 1271 949 ἄρτους.
1299 901 1317 934 ι
1360 884 1613 938 Attamen
1645 884 1712 938 ad
1744 884 1869 946 bar,

305 978 366 1024 ut
399 968 612 1025 laudem
667 981 1042 1037 promereatur
1093 970 1375 1039 jejunium,
1408 986 1512 1027 non
1566 981 1646 1027 est
1691 987 1787 1042 per
1812 987 1871 1025 se

300 1060 435 1116 satis
469 1059 743 1116 abstinere
778 1075 808 1114 a
833 1061 990 1126 cibis,
1023 1063 1116 1116 sed
1151 1063 1414 1133 jejunium
1444 1062 1745 1133 iejnnemus
1773 1078 1869 1119 ac-

300 1151 594 1221 ceptabile,
633 1148 742 1206 Deo
771 1162 1056 1222 gratum...
1101 1153 1305 1209 Rursus
1334 1153 1400 1207 ab
1431 1154 1644 1209 interno
1675 1155 1870 1210 mentis

291 1241 500 1310 jejunio
554 1258 863 1309 caveamus,
917 1247 1059 1314 quod
1111 1255 1165 1299 et
1210 1246 1469 1315 propheta
1526 1246 1867 1315 deprecatur,

300 1333 381 1385 his
413 1335 593 1389 verbis
624 1352 637 1389 :
680 1334 803 1391 Non
831 1337 1024 1391 occidet
1055 1335 1310 1390 Dominus
1337 1337 1475 1405 [ante
1519 1339 1728 1393 (mimos
1776 1339 1871 1408 ju-

299 1437 500 1478 storum
530 1427 598 1492 ⁸³,
628 1443 689 1482 ac
718 1443 906 1482 rursus
939 1449 951 1482 :
989 1424 1110 1481 Non
1156 1428 1263 1480 uidi
1291 1429 1501 1497 justum
1542 1429 1866 1495 derelictum,

300 1532 391 1571 nec
429 1534 604 1572 semen
634 1518 747 1586 ejus
776 1533 1015 1586 qurerens
1035 1534 1221 1583 partem
1243 1519 1310 1571 ³⁸.
1344 1536 1363 1571 ι
1396 1517 1520 1573 Haec
1543 1534 1757 1589 quoque
1781 1534 1867 1573 re-

298 1615 477 1679 perire
500 1620 585 1664 est
612 1611 751 1679 apud
789 1609 1273 1678 pseudo-Basilium
1320 1608 1383 1683 (t,
1412 1612 1501 1675 ιι,
1534 1628 1680 1666 ιιιιιιι.
1707 1613 1771 1667 51
1815 1622 1870 1667 et

294 1699 387 1770 52)
418 1701 471 1752 in
507 1699 696 1754 eadem
720 1698 869 1754 Isaia:
902 1698 1085 1767 verba,
1113 1701 1193 1755 sic
1233 1709 1431 1763 tamen,
1465 1710 1523 1755 ut
1554 1702 1620 1757 de
1647 1716 1745 1757 suo
1772 1702 1869 1755 ali-

296 1810 398 1863 qua
434 1794 747 1849 interserat.
783 1793 1103 1865 Exemplum
1126 1793 1269 1847 aliud
1307 1793 1395 1850 hic
1419 1807 1721 1865 praponere
1750 1793 1867 1847 libi-

1974 615 2090 658 cem
2126 600 2440 671 intelligant.
2473 600 2578 655 Sed
2610 603 2792 656 statim
2824 602 3114 672 incipiente
3142 604 3225 657 die
3266 604 3540 660 convivio-

1976 709 2093 748 rum
2120 708 2338 751 suorum
2372 693 2489 748 loca
2542 694 2806 763 tapetibus
2836 695 2999 750 variis
3032 711 3097 748 ac
3124 695 3329 750 ﬂoridis
3362 694 3545 753 aulaeis

1973 794 2205 852 ornant;
2254 796 2417 857 atque
2468 787 2702 842 studium
2742 802 2805 841 ac
2855 787 3179 857 diligentiam
3235 788 3288 841 in
3341 786 3545 857 poculis

1974 878 2293 948 apparandis
2320 880 2631 943 ostendunt,
2663 894 2790 932 vasa
2813 881 2877 933 ad
2908 877 3332 948 refrigerandum
3362 879 3543 934 vinum

1972 980 2319 1040 craterasque
2343 981 2395 1026 et
2424 970 2629 1041 phialas
2654 971 2797 1024 velut
2819 970 2871 1025 in
2894 985 3083 1040 pompa
3110 971 3286 1041 aliqua
3319 986 3385 1027 ac
3413 986 3544 1027 con-

1971 1068 2130 1117 ventu
2160 1061 2374 1132 publico
2398 1063 2763 1131 disponentes,
2792 1069 2848 1116 ut
2871 1076 3123 1118 vasorum
3153 1061 3435 1120 diversitas
3460 1079 3545 1119 sa-

1973 1153 2207 1208 tietatem
2239 1153 2366 1220 ipsis
2396 1153 2672 1220 surripiat.
2715 1164 2768 1207 et
2809 1152 3095 1207 alternatio
3138 1153 3446 1222 poculorum
3478 1170 3542 1207 ae

1969 1245 2293 1312 permutatio
2324 1256 2419 1298 eos
2450 1244 2536 1297 ditt
2570 1244 2621 1297 in
2652 1242 2881 1297 bibendo
2910 1243 3167 1298 detineat.
3222 1245 3430 1300 Adsunt
3462 1246 3543 1298 in-

1969 1347 2131 1402 super
2180 1333 2399 1403 quidam
2450 1333 2679 1387 convivii
2736 1333 2999 1402 magistri,
3053 1349 3118 1388 ac
3162 1319 3541 1404 pincernarum

1970 1420 2263 1490 principes,
2302 1436 2509 1485 necnon
2557 1421 2911 1478 architricliui
2947 1441 2961 1477 :
2991 1425 3099 1479 into
3147 1424 3277 1481 ordo
3331 1426 3381 1478 in
3408 1441 3540 1481 con-

1968 1511 2199 1578 fusione,
2233 1526 2297 1568 ac
2325 1512 2603 1584 dispositio
2626 1513 2678 1567 in
2704 1526 2760 1566 re
2788 1513 3140 1582 incomposita
3172 1516 3539 1585 excogitatur:

1971 1614 2028 1657 ut
2057 1605 2513 1674 quemadmodum
2544 1604 2725 1659 seculi
2757 1604 3157 1675 magistratibus
3191 1620 3260 1660 ex
3287 1607 3540 1662 satelliti-

1965 1695 2067 1750 bus
2125 1695 2297 1764 major
2353 1698 2648 1753 auctoritas
2705 1699 2930 1762 accedit,
2974 1700 3043 1753 ita
3084 1701 3247 1755 etiam
3289 1701 3539 1758 ebrietati

1970 1787 2117 1842 velut
2157 1788 2358 1859 reginae
2401 1788 2617 1844 cuidam
2647 1790 2972 1845 latitulitium
3010 1794 3336 1861 praebentes,
3362 1796 3541 1850 studin

297 1897 408 1939 tum
440 1894 525 1941 est
548 1899 617 1941 ex
663 1885 910 1941 oratione
966 1886 1019 1940 in
1063 1886 1383 1940 ebrietatem
1432 1894 1489 1939 et
1538 1884 1743 1950 luxum,
1777 1884 1867 1940 ubi
1898 1874 1941 1930 Β
1969 1895 2128 1950 quam
2164 1882 2397 1937 maximo
2422 1882 2652 1938 dedecus
2683 1883 2801 1953 ejus
2837 1899 2902 1939 ac
2933 1886 3316 1955 turpitudinem
3353 1897 3542 1943 comes

294 1975 532 2033 Basilius
562 1979 643 2033 sic
670 1977 907 2048 loquitur
932 1996 946 2033 :
973 1978 1194 2049 Σίκερα,
1226 1978 1334 2029 πᾶν
1362 1973 1424 2029 τὸ
1450 1974 1744 2047 δυνάμενον
1778 1976 1871 2049 μό-

291 2073 393 2142 οην
418 2069 717 2142 ἐμποιῆσαι
734 2070 883 2142 πόμα
904 2072 1017 2132 τοῖς
1044 2067 1607 2139 Ἐὁραίοιςὸνομάζειν
1622 2068 1866 2141 σύνηθες.

288 2163 356 2217 Οἱ
390 2158 485 2217 οὖν
504 2162 812 2234 ἀρχομένης
836 2161 1046 2232 ἡμέρας
1075 2159 1558 2231 περισκοποῦντες,
1584 2160 1685 2216 ποῦ
1719 2160 1868 2215 πότοι

291 2254 554 2321 γίνονται,
582 2250 675 2305 καὶ
691 2249 979 2302 οίνοπὼλια
1003 2250 1095 2303 καὶ
1122 2250 1393 2323 καπηλεῖα
1426 2249 1866 2322 περιαθροῦντες,

290 2345 386 2398 καὶ
432 2342 693 2412 ἀλλήλους
726 2340 819 2394 ἐπὶ
868 2341 929 2393 τὸ
979 2341 1156 2395 πίνειν
1189 2341 1724 2414 παραλαμϐάνοντες,
1774 2342 1869 2395 καὶ

288 2436 471 2489 πᾶσαν
498 2432 598 2505 τῆς
640 2431 819 2504 ψυχῆς
845 2432 943 2503 τὴν
982 2434 1249 2503 μέριμναν
1279 2433 1407 2503 περὶ
1440 2432 1538 2503 τὴν
1566 2431 1673 2485 τῶν
1694 2432 1868 2485 τοιού-

284 2541 394 2577 των
418 2523 675 2595 φροντίδα
710 2524 1216 2585 καταναλίσκοντες,
1264 2515 1412 2575 οὗτοι
1461 2521 1565 2575 ὑπὸ
1602 2521 1696 2575 τοῦ
1729 2539 1863 2594 προ-

290 2616 460 2686 φήτου
502 2612 988 2687 καταθρηνοῦνται,
1049 2614 1126 2676 ὡς
1174 2613 1364 2685 καιρὸν
1418 2612 1608 2668 οὐδένα
1652 2614 1866 2677 ἑαυτοῖς

289 2707 428 2780 πρὸς
484 2708 583 2778 τὴν
640 2706 750 2761 τῶν
802 2705 1122 2777 θαυμασίων
1170 2705 1262 2760 τοῦ
1326 2706 1463 2761 Θεοῦ
1539 2706 1865 2779 κατανόησιν

285 2800 695 2861 ἀπολείποντες.
744 2797 821 2851 Οὐ
870 2798 978 2871 γὰρ
1022 2798 1227 2868 ἀγουσι.
1265 2798 1459 2869 σχολὴν
1504 2799 1554 2851 οῖ
1600 2798 1865 2869 ὀφθαλμοὶ

286 2890 466 2945 αὐτῶν
513 2888 805 2945 ἀνανεῦσαι
859 2890 995 2963 πρὸς
1040 2890 1289 2961 οὐρανὸν,
1340 2890 1435 2943 καὶ
1487 2888 1559 2943 τὰ
1605 2890 1663 2943 ιν
1716 2890 1863 2960 αὐτῷ

283 2982 457 3055 κάλλη
518 2982 880 3055 καταμαθεῖν,
938 2984 1031 3038 καὶ
1084 2983 1267 3035 πᾶσαν
1319 2981 1419 3053 τὴν
1458 2982 1515 3035 ιν
1573 2984 1684 3045 τοῖς
1742 2976 1860 3036 οὖσι

282 3076 647 3149 διακόσμησιν
694 3072 1116 3144 ιπισκὲψασθαι,
1161 3073 1302 3127 ὥστε
1361 3076 1425 3128 ὲκ
1486 3074 1584 3146 τῆς
1651 3074 1860 3131 τούτων

280 3166 538 3235 εὐταξίας
565 3162 1005 3236 τδνΔημιουργδν
1032 3164 1312 3236 ἐννοῆσαι-
1350 3164 1467 3220 ἀλλ’
1500 3164 1660 3228 εὐθὺς
1694 3166 1855 3237 ἀρχο-

284 3259 454 3331 μένης
484 3256 716 3329 ἡμέρας,
737 3254 1033 3327 κοσμοῦσιν
1063 3255 1269 3312 ἑαυτῶν
1299 3256 1366 3311 τὰ
1388 3256 1662 3328 συμπόσια
1694 3257 1863 3329 τάπη-

283 3364 338 3403 σι
370 3345 635 3412 ποικίλοις
661 3347 756 3402 καὶ
777 3344 1013 3412 ἀνθίνοις
1037 3348 1523 3418 παραπετάσμασι,
1544 3347 1777 3418 σπονδήν
1800 3364 1860 3401 τε

279 3446 378 3497 καὶ
402 3438 719 3512 ἐπιμέλειαν
764 3441 845 3505 είς
880 3440 978 3511 τὴν
1001 3437 1111 3494 τῶν
1131 3439 1476 3509 ικπωμάτων
1511 3439 1860 3510 παρασκευὴν

279 3531 998 3602 ιπιδείκνυνται,ψυκτῆρας
1014 3532 1105 3583 καὶ
1123 3531 1296 3603 κρατῆ
1305 3546 1402 3601 ρας
1420 3531 1512 3583 καὶ
1541 3528 1758 3599 φιάλας,
1784 3529 1858 3595 ὼς

278 3631 343 3684 ιν
366 3629 559 3699 πομπῇ
585 3643 690 3681 τινι
728 3626 823 3680 καὶ⁵
858 3624 1179 3697 πανηγύρει,
1208 3625 1557 3690 διατιθέντες,
1605 3627 1681 3690 ὡς
1706 3626 1769 3681 ἂν
1798 3628 1860 3682 τὺ

278 3716 390 3772 τῶν
422 3714 661 3786 ἀγγείων
699 3714 955 3787 διάφορον
990 3714 1081 3768 τδν
1110 3714 1271 3788 κόρον
1305 3716 1488 3781 αὐτοῖς
1522 3715 1856 3789 ὑποκλέπτῃ,

278 3807 375 3863 καὶ
406 3809 443 3879 ἡ
476 3806 583 3861 τῶν
606 3806 950 3878 εκπωμάτων
977 3805 1261 3880 ὑπαλλαγὴ
1288 3808 1383 3862 καὶ
1413 3808 1707 3879 μετάϐασις
1739 3811 1860 3862 ἱκα-

275 3899 376 3973 νὴν
416 3900 599 3964 αὐτοῖς
630 3900 712 3964 είς
752 3898 814 3953 τὸ
844 3899 1019 3955 πίνειν
1058 3899 1337 3973 διατριϐὴν
1369 3902 1590 3973 ἐμποιῇ.
1641 3902 1856 3971 Συμπο-

278 3991 497 4064 σίαρχοι
527 3990 583 4047 δέ
613 3991 874 4056 τινεςὲπὶ
896 3990 1106 4056 τούτοις
1133 3992 1229 4045 καὶ
1250 3992 1625 4064 ἀρχιοινοχόοι,
1653 3993 1747 4045 καὶ
1765 3994 1857 4061 ἀρ-

275 4083 618 4157 χιτρίκλινοι,
668 4084 765 4139 καὶ
822 4082 972 4150 τάξις
1022 4085 1080 4135 ιν
1131 4081 1345 4153 ἀταξία,
1390 4083 1483 4137 καὶ
1524 4082 1760 4145 διάθεσις
1797 4083 1855 4132 ἐν

274 4175 503 4245 ἀκόσμῳ
536 4177 820 4245 πράγματι
848 4173 1187 4244 ἐπινενόηται
1207 4189 1219 4203 ο
1259 4173 1345 4236 ἵν’,
1379 4173 1569 4245 ὥσπερ
1610 4171 1730 4236 ταῖς
1758 4174 1856 4245 ἀρ-

274 4267 401 4339 χαῖς
438 4268 556 4331 ταῖς
589 4264 787 4330 ῑξωθεν
818 4266 882 4319 ὲκ
906 4263 1012 4318 τῶν
1040 4263 1478 4337 δορυφορούντων
1513 4265 1547 4336 ἡ
1589 4266 1855 4338 σεμνότης

275 4354 628 4423 συναύξεται,
660 4353 804 4409 οὕτω
831 4354 927 4408 καὶ
954 4356 1022 4427 τῇ
1048 4355 1189 4430 μέθῃ
1222 4349 1334 4409 οἷον
1364 4354 1594 4426 βασιλίδι
1624 4356 1729 4410 τινὶ
1767 4358 1855 4410 θε-

276 4448 508 4519 ραπείαν
546 4447 989 4519 περιστήσαντες,
1043 4445 1105 4499 τὸ
1146 4446 1505 4499 ἐπονείδιστον
1556 4446 1727 4516 αὐτῆς
1776 4442 1853 4515 τῷ

275 4540 667 4612 ὑπερϐάλλοντι
712 4540 811 4609 τῆς
861 4538 1097 4607 σπουδῆς
1142 4537 1549 4611 περιστέλλωσι.
1591 4538 1849 4608 Στέφανοι
1880 4554 1927 4613 ι)

270 4632 367 4686 ἐπὶ
412 4628 620 4693 τούτοις
669 4629 763 4684 καὶ
798 4628 931 4700 ἀνθη
964 4630 1058 4681 καὶ
1091 4629 1236 4701 μύρα
1266 4632 1359 4684 καὶ
1386 4629 1725 4701 θυμιάματα,
1756 4629 1850 4683 καὶ

274 4718 471 4790 μυρίαι
530 4719 677 4783 τινὲς
712 4718 907 4786 ἔξωθεν
939 4716 1229 4790 θυμηδίαι,
1269 4719 1489 4773 πλείονα
1538 4721 1638 4791 τὴν
1688 4722 1851 4791 ἀσχο-

269 4811 394 4865 λίαν
434 4811 545 4873 τοῖς
590 4810 979 4881 ἀπολλυμένοις
1020 4809 1545 4885 παρασκευάζουσιν.
1597 4829 1615 4861 ι
1662 4811 1849 4865 Potnm

267 4917 508 4969 omnem,
544 4902 635 4973 qui
671 4901 937 4956 inebriare
969 4912 1161 4971 potest,
1182 4902 1357 4957 solent
1387 4902 1592 4958 Hebraei
1622 4904 1847 4959 siceram

269 4992 559 5062 appellare.
589 4992 775 5063 Itaque
816 4993 906 5060 qui
945 4994 1161 5047 ineunte
1183 4993 1269 5047 die
1297 4992 1580 5059 explorant
1610 4994 1695 5047 ubi
1724 4994 1853 5046 ﬂant

267 5085 719 5155 computationes,
775 5084 977 5154 quique
1034 5095 1089 5141 et
1131 5084 1399 5155 (enopolia
1460 5099 1523 5138 ac
1575 5100 1844 5153 caupones

266 5174 669 5239 collustrantes.
720 5192 779 5232 se
824 5186 1007 5229 mutuo
1055 5176 1121 5231 ad
1160 5177 1572 5243 computandum
1612 5176 1842 5246 conjun-

266 5277 421 5335 gunt,
452 5281 517 5322 ac
552 5282 712 5323 Omne
746 5268 913 5323 animi
946 5267 1181 5322 studium
1230 5268 1751 5337 sollicitudinemque
1790 5269 1842 5322 in

266 5356 533 5423 ejusmodi
585 5359 729 5416 curis
772 5359 1067 5422 insumunt,
1111 5360 1210 5415 bos
1263 5362 1521 5429 pr0plieta
1578 5362 1843 5430 deplorat,

268 5458 525 5515 tanquam
570 5451 661 5521 qui
702 5450 904 5505 nullum
944 5451 1044 5506 sibi
1078 5461 1288 5521 tempus
1334 5454 1400 5505 ad
1442 5449 1533 5503 Dei
1584 5450 1841 5505 miracula

265 5541 656 5597 consideranda
715 5552 1007 5597 reservent.
1067 5540 1178 5597 Nec
1231 5543 1375 5596 enim
1432 5540 1602 5596 oculis
1652 5555 1839 5595 eorum

263 5632 435 5685 otium
474 5638 557 5685 cst
585 5632 906 5700 suspicicndi
947 5632 998 5685 in
1032 5632 1250 5693 malum,
1282 5632 1504 5701 ejusque
1542 5630 1838 5699 pulchritu-

262 5724 440 5778 dinem
462 5722 827 5787 condiscendi,
850 5734 901 5777 et
924 5738 1136 5777 omnem
1169 5739 1345 5777 rerum
1382 5722 1718 5777 canditarutn
1750 5738 1838 5777 or-

332 5815 380 5849 ⁸³
404 5812 564 5871 Prov.
600 5829 653 5878 κ,
688 5815 740 5868 5.
816 5817 862 5848 "
902 5817 1040 5872 l‘sal.
1075 5834 1257 5883 svnt,
1286 5820 1375 5877 93.
1454 5822 1499 5852 "
1532 5820 1629 5875 lsa.
1662 5837 1711 5887 v,
1744 5821 1829 5875 Η.

509 5909 779 5967 Ρετιιοι..
814 5909 933 5969 Gtt.
980 5907 1219 5975 XXIX.

1968 1982 2115 2043 gant.
2157 1972 2424 2029 Praeterea
2471 1990 2704 2041 coronae,
2727 1975 2907 2041 ﬂores,
2941 1988 3230 2046 unguenta,
3257 1980 3465 2037 sumtus
3487 1993 3542 2037 et

1971 2066 2255 2121 innumera
2306 2068 2550 2137 qutedam
2596 2080 2821 2125 externa
2874 2070 3263 2127 oblectamenta
3302 2074 3539 2143 perdito:

1968 2157 2168 2212 diutius
2200 2170 2487 2229 occupant.
2527 2179 2545 2212 ι
2605 2158 2731 2218 Haec
2782 2163 2961 2233 legere
3004 2175 3087 2220 est
3136 2169 3274 2238 apud
3312 2169 3535 2238 pseudo.

1940 2290 1943 2291 ν
1969 2244 2222 2301 Basiliqu
2248 2263 2312 2304 eo
2345 2249 2485 2318 loco,
2514 2251 2600 2305 ubi
2630 2252 3014 2321 interpretatur
3047 2256 3133 2309 illa
3163 2259 3237 2331 (v,
3272 2261 3357 2327 Η,
3387 2276 3535 2317 num.

1969 2334 2091 2407 154)
2125 2354 2139 2392 :
2183 2335 2296 2403 ναι,
2323 2339 2417 2408 qui
2440 2353 2660 2410 surgunt
2688 2359 2857 2410 mane,
2888 2354 2937 2399 et
2968 2346 3193 2402 siceram
3226 2365 3530 2420 sequuntur,

1964 2428 2057 2496 qui
2122 2436 2420 2496 exspectant
2476 2434 2843 2502 uesperam",
2906 2444 3011 2494 etc.
3079 2436 3271 2496 Videas
3322 2443 3536 2512 quidem

1966 2518 2455 2587 pseudo-Basilium
2492 2534 2548 2579 ut
2579 2527 2846 2595 superius,
2888 2529 2961 2583 ita
3006 2530 3095 2587 bic
3128 2549 3293 2604 pauca
3337 2538 3403 2591 de
3439 2553 3537 2593 snu

1965 2612 2247 2671 Basilianis
2284 2616 2639 2675 immiscuisse
2675 2638 2688 2675 :
2730 2624 2822 2677 sed
2854 2637 3037 2680 eorum
3084 2641 3209 2696 pars
3252 2630 3305 2685 in
3348 2634 3536 2689 eadem

1963 2706 2206 2762 oratione
2237 2709 2419 2763 statim
2443 2710 2652 2781 legitur.
2684 2713 2850 2779 Quale
2872 2726 2955 2772 est
2979 2718 3106 2773 illud
3142 2736 3158 2773 :
3190 2723 3254 2774 0i
3284 2722 3531 2796 ἡττώμε-

1963 2813 2063 2860 νοι,
2089 2797 2365 2864 νικῶντες,
2393 2800 2593 2866 πάντες
2633 2804 2943 2873 μεθύουσιν.
2973 2808 3101 2865 Item
3123 2810 3250 2867 illud
3283 2832 3297 2869 :
3339 2815 3532 2870 Ἐλεει-

1962 2888 2052 2943 νὸν
2084 2889 2261 2963 θέαμα
2290 2893 2630 2965 Χριστιανῶν
2668 2897 2985 2971 ὀφθαλμοῖς.
3028 2902 3210 2975 Neque
3246 2922 3375 2965 vero
3402 2914 3533 2966 satis

1963 2977 2063 3031 fuit
2090 2981 2524 3049 pseudo-Basilio
2550 2984 2908 3056 fragmentsm
2933 2998 3135 3045 tantum
3168 3008 3231 3047 ex
3259 2996 3358 3049 bac
3381 2997 3525 3051 Basio

1963 3069 2017 3125 lii
2052 3071 2300 3126 oratione
2328 3072 2429 3128 sibi
2457 3089 2691 3133 sumere.
2720 3078 2917 3134 Ibidem
2944 3095 3009 3137 ex
3036 3095 3098 3139 ea
3126 3088 3356 3156 sumpsit
3383 3100 3441 3146 et
3468 3091 3532 3144 il-

1964 3161 2011 3257 la
2044 3181 2058 3218 :
2087 3165 2160 3257 0i
2176 3164 2425 3257 μένοντες
2450 3166 2509 3221 τὸ
2533 3168 2651 3239 ὀψε,
2675 3170 2770 3225 καὶ
2791 3170 3195 3244 διημερεύοντες
3216 3181 3275 3231 ὲν
3295 3183 3358 3252 τῇ
3392 3184 3530 3257 μέθη

1962 3254 2037 3315 ὡς
2068 3256 2495 3346 μηδόναῗκαιρὸν
2524 3262 2734 3324 ἑαυτοῖς
2766 3265 3027 3336 παρέχειν
3064 3270 3145 3333 είς
3179 3271 3241 3324 τὸ
3280 3273 3349 3326 τὰ
3392 3254 3531 3346 ἔργα

1962 3344 2165 3415 Κυρίου
2192 3345 2503 3415 ἐμϐλέπειν,
2532 3351 2626 3403 καὶ
2644 3350 2713 3403 τά
2737 3351 2871 3423 ιργα
2892 3355 3000 3411 τῶν
3028 3360 3225 3432 χειρῶν
3244 3364 3406 3418 αὑτοῦ
3426 3344 3529 3421 νά-

1961 3438 2187 3489 τανοεῖν.
2235 3438 2287 3490 '0
2320 3438 2430 3507 γὰρ
2451 3435 2613 3507 οἶνος
2640 3440 2861 3510 αὐτοὺς
2888 3452 3250 3517 συγκαύσειο
3289 3454 3423 3510 διότι
3468 3461 3530 3511 τὸ

1962 3527 2027 3621 ἐκ
2066 3528 2159 3582 τοῦ
2197 3530 2338 3584 οἴνου
2374 3529 2577 3603 θερμὸν
2613 3534 2960 3608 ἐγγινόμενον
2990 3544 3055 3613 τῇ
3094 3545 3277 3615 σαρκὶ,
3312 3547 3531 3621 ἔξαμμα

1959 3618 2169 3713 γίνεται
2188 3622 2297 3675 τῶν
2322 3626 2729 3713 πεπυρωμένων
2758 3627 2927 3698 βελῶν
2946 3632 3037 3687 τοῦ
3062 3635 3253 3707 ἐχθροῦ
3269 3654 3283 3670 ο
3312 3618 3527 3713 τὸνμὲν

1960 3710 2069 3784 γάρ
2129 3711 2387 3784 λογισμὸν
2437 3715 2532 3769 καὶ
2584 3717 2676 3770 τὸν
2726 3720 2848 3773 νοῦν
2906 3724 2935 3775 ὁ
2985 3719 3124 3786 οἶνος
3192 3710 3531 3785 καταδαπτίο

1961 3800 2064 3866 ζει.
2097 3821 2117 3855 ι
2144 3802 2245 3869 Qui
2282 3814 2587 3874 respectant
2611 3822 2910 3878 vesperam,
2935 3819 2990 3864 et
3017 3812 3157 3867 diem
3186 3816 3237 3870 in
3266 3819 3529 3875 ebrietate

1960 3894 2259 3963 transigunt
2292 3896 2391 3958 sic,
2416 3907 2468 3949 ut
2496 3896 2697 3951 nullum
2730 3900 2830 3954 sibi
2864 3901 2992 3958 deut
3022 3914 3230 3974 tempus
3260 3909 3327 3963 ad
3361 3926 3527 3981 opera

1959 3982 2169 4038 Domini
2201 3983 2529 4054 inspicienda
2560 3997 2615 4042 et
2644 3989 2710 4043 ad
2736 4005 2898 4061 opera
2929 4011 3180 4050 manuum
3206 3998 3323 4068 ejus
3350 4016 3529 4057 contir-

1956 4073 2218 4129 denmda.
2264 4072 2456 4129 Vinum
2477 4078 2614 4132 enim
2635 4096 2720 4133 eos
2749 4082 3036 4147 comburat,
3076 4097 3356 4155 propterea
3385 4094 3526 4159 quod

1959 4164 2066 4219 vini
2121 4165 2269 4221 calor
2322 4169 2471 4222 carni
2520 4171 2804 4234 accedens,
2851 4173 3112 4243 igniculus
3153 4178 3525 4248 titignitorum

1957 4257 2159 4313 inimici
2190 4258 2513 4329 jaculorum.
2541 4258 2737 4316 Vinum
2769 4279 2996 4334 namque
3033 4280 3293 4324 rationem
3320 4272 3529 4328 demer-

1954 4347 2033 4416 git
2063 4358 2119 4402 et
2143 4358 2395 4403 mentem.
2438 4369 2457 4401 ι
2496 4348 2640 4412 llaec.
2670 4353 2909 4418 inquam,
2933 4354 3075 4411 edita
3108 4358 3351 4415 invenias
3385 4368 3525 4432 apud

1955 4440 2440 4507 pseudo-Basilum
2493 4442 2543 4493 in
2592 4456 2655 4494 eo
2700 4457 2864 4510 quem
2904 4444 3131 4502 iudicavi
3168 4451 3285 4505 loco
3325 4452 3399 4519 (ν,
3433 4454 3522 4511 il.

1955 4546 2103 4585 num.
2129 4531 2274 4600 156),
2314 4546 2418 4585 non
2441 4531 2783 4589 continenter
2805 4535 3041 4605 quidem,
3072 4544 3165 4594 sed
3192 4543 3377 4608 paucis
3399 4545 3522 4612 qui-

1952 4622 2181 4677 busdam
2213 4621 2529 4688 interjectis.
2570 4625 2643 4679 Ex
2677 4626 2761 4681 bis
2785 4636 2949 4697 patet,
2990 4630 3130 4698 quod
3166 4632 3398 4689 maxime
3423 4652 3523 4691 no-

1956 4723 2123 4769 latum
2152 4714 2289 4777 volo,
2314 4716 2635 4784 scriptorem
2668 4722 3039 4774 commentarii
3074 4722 3143 4776 ita
3176 4728 3406 4794 psalmos
3431 4730 3523 4783 ali-

1952 4819 2087 4873 quos
2122 4804 2294 4860 citare
2316 4806 2369 4860 in
2400 4808 2802 4878 interpretando
2828 4808 2985 4877 Isaia,
3023 4825 3082 4868 ut
3118 4815 3239 4870 inde
3275 4822 3521 4875 occasio-

1955 4911 2076 4950 nem
2131 4897 2359 4969 arripiat
2410 4899 2696 4955 Eusebiani
2740 4902 2796 4957 in
2851 4900 3093 4959 Psalmos
3146 4917 3518 4967 commentarii

1953 4990 2298 5057 compilandi.
2341 4993 2453 5061 Ego
2492 5004 2669 5048 autem
2720 5004 2974 5065 praestare
3006 4998 3203 5064 ausim,
3243 5001 3518 5065 Basiliurn.

1945 5094 2068 5131 cum
2128 5090 2235 5135 tam
2294 5096 2435 5149 saepe
2484 5082 2535 5136 in
2595 5084 2707 5138 suis
2756 5084 3011 5152 operibus
3056 5103 3161 5142 non
3208 5100 3520 5148 controver-

1946 5170 2021 5222 sis
2085 5173 2319 5239 psalmos
2384 5173 2549 5239 citet,
2616 5189 2888 5241 nunquam
2953 5186 3128 5231 tamen
3191 5179 3294 5235 hac
3358 5198 3517 5239 occa-

1946 5260 2096 5313 sione
2151 5263 2427 5316 inductum
2478 5264 2664 5329 fuis~e,
2720 5276 2778 5319 ut
2824 5282 2969 5332 eum,
3010 5283 3168 5337 quem
3218 5287 3339 5326 mox
3383 5276 3515 5334 disi.

1947 5348 2163 5406 Eusebii
2228 5357 2673 5409 commentarium
2732 5371 2965 5427 unquam
3032 5361 3363 5430 compilaret.
3410 5365 3519 5421 Cur

1944 5458 2074 5513 ergo
2110 5444 2161 5498 in
2198 5446 2602 5515 interpretando
2628 5446 2815 5503 Isaiam
2847 5452 3003 5503 aliter
3029 5466 3088 5505 sc
3116 5456 3413 5524 gessisset?

2018 5536 2107 5589 63.
2152 5536 2275 5591 llaec
2313 5550 2460 5603 sunt,
2496 5539 2690 5606 quibus
2732 5543 3018 5607 adductus,
3048 5559 3075 5596 a
3114 5550 3382 5600 communi
3423 5564 3512 5600 vn-

1948 5629 2155 5699 ter-ique
2184 5634 2450 5685 sententia
2484 5633 2761 5689 discedere
2800 5651 2905 5689 non
2930 5636 3186 5693 dubitavi.
3232 5639 3337 5696 Nec
3370 5658 3513 5697 ennn

1946 5722 2073 5776 inibi
2108 5722 2427 5790 persuadere
2456 5738 2694 5792 possum,
2742 5743 2837 5782 nec
2872 5744 3101 5799 Uttqttuttt
3140 5741 3348 5799 potero,
3388 5748 3513 5801 gri-

3167 5940 3196 5978 υ
