4040 6464
488 402 661 442 θεας

1861 391 2398 450 PROLEUOMENA.

489 503 768 557 vissimum
792 505 1146 574 eumdemque
1172 507 1588 563 disertissimum
1617 509 1931 578 scriptorem
1963 513 2061 564 Ba-
2090 523 2135 578 Α
2165 511 2482 564 Sententiam
2518 512 2920 578 stabiliendum,
2952 515 3074 567 nolo
3132 523 3328 569 tamen.
3365 515 3565 572 Vereor
3596 519 3750 573 enim

488 591 667 644 silium
704 603 809 646 tam
845 593 1023 662 inepte
1047 605 1262 664 tamque
1298 596 1626 666 ineleganter
1657 599 1890 653 locutum
1931 601 2064 654 fuis-

487 697 580 745 se,
615 698 845 752 eumque
880 701 983 738 non
1017 701 1138 738 raro
1164 688 1352 742 eadem
1383 687 1678 757 Scriptura:
1723 691 1836 745 loca
1867 703 1947 746 ter
1975 704 2067 748 aut

487 783 679 840 quater
722 787 1048 842 prmpostere
1088 777 1430 844 explanasse.
1473 778 1657 848 Neque
1702 797 1932 850 unquam
1966 784 2063 836 ad-

488 863 656 915 ducar
687 877 741 915 ut
774 865 987 918 credam
1020 866 1190 934 ipsum
1232 871 1521 924 maximam
1564 873 1644 925 sui
1691 875 2061 927 commentarii

484 964 692 1020 partem
724 969 786 1007 ex
814 953 1114 1010 Eusebiana
1148 961 1582 1028 interpretatione
1602 963 1666 1015 ad
1693 965 1916 1016 verbum
1951 981 2064 1016 unt-

486 1055 691 1097 tuatum
729 1062 864 1100 esse.
905 1049 969 1101 Et
1000 1065 1128 1103 vero
1156 1051 1280 1103 mihi
1314 1054 1785 1119 persuasissimum
1823 1064 1923 1118 est,
1949 1065 2061 1108 tum

481 1136 550 1188 ob
593 1135 892 1205 fragmenta
927 1156 1045 1208 qua:
1081 1141 1382 1203 retulimus,
1411 1155 1518 1196 tum
1558 1149 1626 1198 ob
1651 1146 1772 1215 styli
1809 1146 2055 1200 similitu-

481 1227 686 1288 dinem.
718 1229 1012 1296 imperfecti
1044 1234 1185 1286 illius
1228 1235 1280 1287 in
1304 1232 1500 1288 Isaiam
1529 1240 1901 1291 commentarii
1939 1255 2061 1307 par-

481 1327 588 1372 tem
639 1321 925 1376 maximam
967 1340 1033 1377 ex
1078 1324 1294 1380 Eusebii
1342 1328 1394 1379 in
1440 1329 1688 1383 eumdem
1743 1331 2057 1400 prophetam

477 1415 872 1468 commentario
931 1417 997 1467 ad
1051 1418 1270 1470 verbum
1317 1431 1586 1488 sumptam
1633 1436 1786 1486 esse;
1834 1432 1887 1476 et
1923 1439 2060 1491 prae-

476 1510 622 1554 stare
690 1505 898 1568 ausim,
962 1507 1004 1558 si
1065 1523 1299 1574 unquam
1365 1509 1702 1565 Eusebianus
1752 1511 1842 1566 ille
1908 1529 2057 1566 com-

475 1594 773 1648 mentarius
825 1600 1027 1665 integer
1081 1600 1131 1651 in
1184 1599 1354 1653 lucem
1416 1602 1656 1671 prodeat,
1710 1618 1822 1658 rem
1863 1619 2054 1659 eventu

475 1687 880 1754 comprobatmn
921 1689 1006 1740 iri.
1036 1690 1176 1743 Sane
1209 1692 1421 1752 quidvis
1442 1695 1640 1762 potius,
1667 1710 1828 1764 quam
1867 1707 1922 1750 ut
1955 1698 2056 1752 Ba-

472 1775 650 1829 silium
690 1787 764 1830 tot
797 1777 1060 1832 furtorutn
1117 1794 1422 1850 suspectum
1480 1785 1724 1840 habeam.
1777 1787 1840 1841 Et
1887 1790 2053 1843 multo

2171 615 2259 663 ne,
2295 601 2385 668 qui
2413 602 2524 655 haec
2553 601 2750 669 legent,
2783 605 2834 656 in
2871 619 2928 658 re
2953 615 3138 674 aperta
3183 607 3298 676 plus
3327 609 3456 662 satis
3494 610 3758 665 immora-

2171 701 2280 746 tum
2313 707 2438 747 esse
2467 709 2549 748 me
2574 695 2818 761 judicent
2850 700 2979 751 :sed
3014 698 3355 753 meminerint
3383 702 3561 765 velim,
3595 711 3754 756 vetc-

2169 799 2281 839 rem
2315 786 2647 854 opinionem.
2683 797 2760 842 tot
2802 790 3170 844 celeberrimis
3200 791 3330 844 viris
3365 794 3540 847 omnis
3563 796 3749 848 aetatis

2166 878 2470 944 probatam,
2509 880 2718 934 nonnisi
2749 884 2798 935 vi
2847 894 3290 949 argumentorum
3317 897 3476 954 atque
3498 889 3652 956 c0pia
3679 903 3748 942 ex

2165 971 2347 1022 animo
2376 972 2554 1025 evelli.

2235 1061 2321 1116 64.
2359 1063 2432 1118 De
2456 1065 2573 1133 ipso
2594 1071 3006 1136 commentario,
3043 1071 3214 1141 deque
3240 1072 3357 1140 ejus
3392 1081 3612 1126 auctore
3640 1072 3746 1125 ali-

2167 1155 2290 1220 quid
2323 1157 2434 1225 jam
2463 1159 2644 1214 dicere
2689 1176 2864 1230 operae
2903 1165 3133 1231 pretium
3163 1174 3264 1219 est.
3303 1166 3412 1220 Etsi
3453 1168 3598 1220 enim
3640 1168 3746 1222 hoc

2164 1259 2297 1312 opus
2341 1247 2391 1298 iu
2430 1263 2655 1304 numero
2685 1253 2992 1321 spuriorum
3034 1271 3061 1307 a
3097 1257 3249 1309 nobis
3301 1257 3594 1323 reponitur,
3629 1271 3746 1311 sta-

2167 1337 2258 1390 tim
2311 1346 2486 1392 tatnen
2532 1343 2786 1410 rejectum
2847 1346 2920 1408 id,
2964 1356 3056 1400 aut
3091 1349 3313 1401 omnino
3371 1359 3745 1418 contemptum

2163 1425 2432 1480 nolumus.
2467 1429 2531 1482 Et
2565 1433 2779 1499 quidem
2815 1437 2856 1488 si
2883 1437 3015 1490 nihil
3049 1437 3212 1500 aliud,
3259 1449 3405 1493 certe
3448 1439 3747 1507 antiquitas

2162 1517 2288 1572 illud
2321 1524 2685 1580 commendat.
2717 1526 2988 1595 Scriptum
3015 1530 3159 1584 enim
3207 1531 3375 1598 ipsum
3418 1530 3585 1585 fuisse
3629 1533 3743 1601 ipsa

2160 1610 2340 1664 Basilii
2374 1622 2533 1667 astate
2560 1617 2849 1670 obscurum
2877 1635 2982 1673 non
3018 1629 3122 1676 est.
3146 1622 3278 1675 Nam
3308 1623 3450 1692 quod
3476 1631 3736 1676 narratur

2158 1701 2222 1753 de
2250 1702 2404 1757 idolis
2433 1704 2577 1773 (pag.
2613 1705 2762 1774 ΗΞ),
2785 1722 2902 1775 ψιέε
2929 1710 3038 1776 jam
3077 1713 3318 1780 neglecta
3367 1713 3418 1766 in
3454 1714 3743 1782 speluncas

2158 1806 2532 1864 cavernasque
2561 1806 2617 1850 et
2651 1799 3055 1853 abstrusissima
3085 1800 3200 1854 loca
3241 1803 3658 1872 dejiciebantur,
3688 1803 3742 1856 id

473 1867 643 1935 magis
672 1867 722 1919 in
761 1868 862 1922 bac
889 1859 1003 1922 mea
1043 1873 1308 1926 sententia
1340 1875 1655 1940 confirmor,
1684 1877 1810 1930 dum
1837 1879 1968 1932 mihi
2001 1880 2050 1932 in
2085 1905 2126 1957 Β
2155 1883 2352 1938 saeculo
2381 1895 2578 1954 quarto
2627 1889 2832 1955 optime
2879 1890 3149 1943 convenit.
3186 1859 3367 1959 Neque
3415 1908 3520 1948 non
3552 1903 3743 1962 aperte

474 1968 708 2012 mentem
737 1961 900 2022 venit,
931 1961 1045 2028 ejus
1088 1964 1153 2017 de
1187 1980 1294 2033 quo
1324 1968 1534 2032 agimus
1561 1969 1744 2034 operis
1776 1981 2050 2024 auctorem

471 2049 639 2105 multa
689 2054 850 2106 etiam
913 2071 974 2110 ex
1009 2056 1248 2123 ejusdem
1284 2057 1499 2112 Eusebii
1548 2059 1603 2112 in
1635 2057 1877 2114 Psalmos
1909 2076 2054 2116 com-

469 2145 749 2198 nientariis
777 2149 842 2197 ad
865 2148 1086 2199 verbum
1118 2149 1472 2218 compilasse;
1506 2153 1646 2221 quod
1676 2167 1837 2222 quam
1863 2155 2053 2209 absur-

471 2237 597 2289 dttnt
629 2239 701 2292 sit
730 2249 782 2291 et
820 2237 1015 2293 Basilio
1049 2241 1238 2313 Magno
1274 2245 1574 2314 indignum,
1615 2261 1793 2312 nemo,
1835 2247 2046 2314 opinor,

472 2343 577 2382 non
632 2329 793 2384 videt.
832 2331 1006 2386 Nolim
1058 2336 1230 2401 dicas,
1281 2339 1325 2390 si
1393 2347 1469 2390 tot
1518 2352 1582 2391 ac
1629 2347 1775 2391 tanta
1833 2338 2050 2394 Eusebii

469 2421 767 2491 fragmenta
818 2426 975 2480 hodie
1032 2427 1082 2481 itt
1132 2431 1384 2485 omnibus
1445 2432 1604 2500 hujus
1671 2434 2048 2489 commentarii

467 2517 868 2584 exemplaribus
898 2528 1009 2570 tum
1041 2523 1274 2584 excusis,
1301 2532 1410 2575 tum
1447 2539 1604 2576 manu
1633 2526 1871 2578 exaratis
1897 2526 2047 2580 inve-

468 2610 708 2673 niantur,
733 2611 942 2679 culpam
977 2626 1098 2665 esse
1120 2627 1224 2666 non
1249 2613 1416 2681 ipsius
1441 2616 1742 2683 scriptoris,
1767 2618 1861 2670 sed
1886 2617 2050 2670 libra-

467 2704 691 2768 riorum,
721 2708 812 2774 qui
839 2708 1127 2773 interdum,
1154 2718 1210 2761 ut
1245 2716 1430 2761 notum
1469 2715 1572 2770 est,
1603 2707 1778 2762 aliena
1803 2708 2049 2777 genuinis

469 2807 766 2853 attexuere.
795 2799 989 2854 Fateor
1017 2803 1160 2853 enim
1200 2800 1469 2861 librarios,
1506 2815 1626 2855 cum
1671 2800 1849 2870 aliqua
1879 2816 2040 2870 opera

465 2892 858 2956 exscriberent,
889 2909 1273 2960 nonnunquam
1301 2895 1502 2962 aliquid
1533 2894 1803 2948 addidisse
1838 2897 1966 2950 :sed
1995 2895 2045 2948 id

468 2985 580 3038 fere
600 2984 828 3055 contigit
859 2985 910 3038 in
942 2985 1006 3038 iis
1047 2985 1407 3049 orationibus,
1436 3000 1553 3054 qua:
1593 2984 1792 3038 habita:
1821 2996 1946 3041 sunt
1979 2988 2045 3041 ad

466 3079 746 3145 populum,
769 3091 996 3146 qumque
1024 3082 1240 3147 scripta:
1269 3088 1392 3131 sunt
1432 3092 1535 3130 non
1567 3077 1634 3129 ab
1662 3077 1774 3145 ipso
1803 3087 2044 3138 auctore,

464 3170 556 3222 sed
583 3169 841 3238 abaliquo
866 3171 1168 3224 auditorum
1188 3172 1277 3240 qui
1307 3172 1447 3225 notis
1463 3171 1699 3224 scribere
1723 3177 1924 3224 nosset.
1950 3167 2044 3221 Et-

2159 1973 2400 2028 eamdem
2426 1978 2682 2044 temporis
2709 1987 2888 2033 notam
2922 1978 3145 2045 indicat,
3175 1982 3314 2048 quod
3355 1982 3505 2035 initio
3542 1985 3740 2050 capitis

2154 2061 2346 2118 decimi
2374 2067 2576 2120 editum
2612 2069 2936 2134 invenimus,
2970 2074 3359 2124 Anomaaorum
3389 2072 3598 2126 scilicet
3623 2075 3736 2126 ba:-

2158 2156 2318 2210 resim
2375 2164 2500 2211 tunc
2544 2160 2804 2229 temporis
2858 2160 3170 2230 pullulasse.
3225 2160 3395 2215 Nemo
3447 2161 3589 2214 enim
3644 2163 3736 2229 qtzi

2155 2263 2337 2302 rerum
2369 2249 2861 2308 ecclesiasticarum
2889 2271 2992 2308 non
3025 2256 3248 2310 omnino
3283 2257 3432 2309 rudis
3453 2255 3544 2318 sit,
3570 2256 3744 2324 pessi—

2155 2353 2296 2392 mam
2343 2339 2487 2393 illam
2539 2343 2784 2397 haaresim
2842 2356 3038 2413 quarto
3083 2348 3284 2403 smeulo
3343 2359 3517 2403 ortam
3569 2347 3742 2401 fuisse

2155 2429 2392 2499 ignorat.
2421 2434 2601 2498 Quare
2633 2438 2675 2488 si
2705 2437 2832 2504 quid
2863 2453 2927 2491 eo
2963 2439 3015 2492 in
3053 2442 3445 2494 commentario
3469 2441 3736 2497 occurrit.

2151 2523 2294 2590 quod
2351 2535 2444 2577 aut
2487 2528 2551 2579 ad
2601 2527 2814 2594 dogma,
2865 2541 2956 2583 aut
2999 2530 3066 2583 ad
3111 2533 3472 2598 traditionem,
3521 2541 3613 2586 aut
3671 2533 3738 2584 ad

2154 2616 2492 2684 disciplinam
2521 2619 2946 2677 ecclesiasticam
2975 2626 3258 2694 pertineat,
3298 2626 3348 2680 id
3392 2626 3462 2680 ob
3490 2627 3736 2694 antiqui-

2154 2706 2280 2759 tatis
2347 2710 2701 2762 reverentiam
2753 2711 2970 2778 plurimi
3025 2715 3324 2770 faciendum
3354 2731 3475 2770 esse
3510 2717 3738 2771 arbitra-

2151 2810 2292 2848 mur.
2349 2794 2464 2849 Non
2517 2812 2776 2868 negamus
2818 2802 3033 2870 quidem
3083 2804 3132 2855 id
3172 2818 3306 2871 Opus
3361 2805 3619 2859 indiserte
3665 2808 3737 2864 ab

2151 2887 2419 2942 indiserto
2479 2898 2702 2945 auctore
2766 2893 3129 2959 conscriptum
3189 2893 3391 2958 fuisse,
3456 2897 3550 2948 sed
3622 2911 3732 2949 non

2147 2990 2431 3049 propterea
2483 2985 2808 3039 auctoritate
2859 2987 3004 3040 omni
3057 3001 3245 3040 carere
3283 2986 3462 3049 debet,
3496 3001 3617 3040 cum
3665 2991 3736 3041 ab

2148 3073 2366 3128 homine
2407 3084 2455 3128 et
2489 3077 2870 3146 antiquissimo
2913 3088 2964 3133 et
2998 3079 3322 3146 probissimo
3359 3079 3727 3146 conscriptum

2149 3161 2316 3218 fuisse
2349 3167 2619 3220 videatur.
2650 3169 2772 3223 [lare
2798 3172 2862 3225 de
2885 3173 3273 3226 commentario
3301 3187 3315 3225 :
3349 3187 3491 3226 nunc
3521 3173 3586 3227 de
3615 3171 3735 3239 ejus

464 3262 606 3314 enim
638 3263 834 3330 siquid
863 3264 1150 3316 excidisset
1187 3265 1435 3331 imperito
1459 3264 1614 3316 alicui
1639 3263 1870 3327 notario,
1901 3261 1949 3314 id
1979 3275 2044 3314 ex
2073 3247 2115 3304 C
2150 3268 2370 3312 auctore
2401 3259 2666 3329 reliquum
2703 3271 2786 3314 est
2837 3273 2893 3316 ut
2932 3265 3194 3318 dicamus.
3242 3265 3380 3319 Sunt
3410 3266 3500 3332 qui
3537 3267 3730 3318 existi-

463 3353 691 3406 aliorum
732 3354 950 3422 scriptis
997 3354 1247 3422 supplere
1287 3368 1390 3407 non
1443 3354 1766 3406 verebantur
1809 3353 2038 3406 librarii.

463 3440 614 3506 Quod
643 3456 818 3497 autem
851 3444 1042 3498 attinet
1063 3445 1130 3498 ad
1165 3444 1404 3514 longiora
1430 3457 1616 3512 opera,
1653 3457 1774 3510 qua:
1807 3443 1874 3496 ab
1913 3444 2044 3512 ipsis

465 3533 774 3586 auctoribus
804 3534 1197 3599 scribebantur,
1232 3548 1330 3587 nec
1361 3533 1858 3602 pronuntiabantur
1880 3533 2047 3603 publi-

469 3637 552 3687 ce,
587 3621 637 3675 in
675 3623 756 3676 his
786 3638 889 3677 non
927 3625 998 3677 ita
1031 3624 1197 3677 multa
1234 3639 1263 3676 a
1287 3623 1522 3677 librariis
1552 3624 1729 3676 addita
1759 3624 1927 3680 fuisse
1963 3627 2044 3680 itt-

464 3714 735 3769 vcnimus.
774 3713 959 3784 Neque
990 3731 1116 3770 vero
1143 3715 1357 3770 dillicile
1389 3725 1529 3778 erat,
1570 3730 1614 3768 sn
1649 3716 1778 3784 quid
1807 3717 2042 3769 additum

464 3805 678 3868 fuisset,
726 3805 1068 3858 librariorum
1124 3806 1303 3860 dolum
1354 3822 1417 3860 ac
1476 3804 1716 3859 fraudem
1771 3805 2040 3874 detegere,

465 3913 586 3950 cum
635 3911 820 3950 eorum
863 3898 1192 3966 exemplaria
1234 3913 1354 3952 cum
1393 3898 1743 3967 autographis
1794 3897 2044 3952 conferre.

466 3990 660 4058 cuique
694 3988 899 4044 liceret.
944 3988 1231 4054 Praeterea,
1279 4000 1336 4045 ut
1383 3991 1511 4044 mibi
1557 3991 1772 4060 quidem
1809 3992 2041 4057 videtur,

466 4093 739 4145 nunquam
789 4076 1028 4130 librariis
1087 4075 1138 4128 in
1191 4085 1423 4128 mentem
1465 4077 1703 4129 venisset
1744 4076 1958 4129 Eusebii
1989 4079 2043 4130 in

468 4167 708 4222 Psalmos
759 4168 1209 4224 commentarium
1247 4166 1558 4236 compilare.
1618 4165 1729 4220 Hoc
1763 4166 1904 4220 enim
1937 4183 2042 4222 non

467 4262 519 4314 in
543 4264 704 4316 alium
732 4263 1003 4326 convenit,
1031 4277 1190 4332 quam
1218 4260 1269 4313 in
1291 4260 1464 4330 ipsum
1490 4269 1788 4323 auctorem,
1814 4259 2040 4326 quicum

465 4353 734 4406 scribendi
792 4353 966 4421 inopia
1003 4352 1293 4413 laboraret,
1328 4350 1455 4405 hinc
1489 4353 1610 4406 inde
1644 4350 1711 4405 ad
1752 4349 2044 4403 conticieu~

465 4449 590 4498 dum
625 4445 820 4498 librum
853 4445 1161 4514 adjumenta
1199 4444 1496 4514 quazrebat.
1536 4442 1786 4497 Arbitror
1814 4440 2040 4511 proferri

2149 3358 2297 3402 ment
2323 3351 2698 3406 commentarii
2731 3353 3051 3420 scriptorem
3079 3355 3386 3422 episcopum
3417 3354 3613 3409 fuisse:
3637 3355 3731 3410 sed

2148 3441 2198 3494 id
2235 3457 2300 3495 ex
2329 3441 2474 3496 illius
2503 3444 2683 3499 verbis
2715 3444 2894 3514 colligi
2921 3455 3071 3498 certo
3098 3459 3254 3513 posse
3292 3459 3396 3498 non
3422 3455 3548 3511 puto
3580 3445 3728 3515 (pag.

2143 3531 2248 3584 417
2283 3541 2337 3587 et
2369 3532 2514 3601 509).
2542 3533 2706 3589 Docet
2727 3535 2940 3604 quidem
2973 3535 3262 3606 aliquando
3293 3549 3351 3589 se
3377 3533 3555 3604 populi
3583 3536 3733 3602 priu-

2144 3623 2319 3692 cipem
2356 3639 2499 3688 esse,
2532 3641 2698 3693 seque
2745 3627 2794 3680 ei
2847 3627 3048 3697 praefici
3087 3647 3099 3680 :
3138 3636 3192 3681 at
3224 3642 3326 3681 noa
3358 3627 3594 3696 episcopi
3642 3642 3732 3680 so-

2145 3711 2277 3774 lum,
2305 3713 2396 3764 sed
2423 3714 2521 3781 ipsi
2545 3716 2705 3766 etiam
2744 3716 3042 3783 presbyteri
3069 3732 3164 3770 suo
3199 3719 3358 3769 modo
3382 3716 3553 3784 plebis
3580 3716 3732 3783 priu-

2146 3800 2292 3868 cipes
2319 3812 2465 3866 sunt,
2493 3803 2652 3870 eique
2679 3803 3065 3871 praaficiuutur.
3101 3807 3360 3873 Equidem
3391 3823 3452 3861 ea
3477 3810 3543 3861 de
3567 3822 3623 3860 re
3651 3807 3734 3858 ni-

2148 3891 2224 3946 hil
2257 3892 2392 3947 certi
2425 3894 2584 3947 statui
2621 3893 3001 3962 possejudico,
3026 3898 3118 3948 sed
3163 3898 3289 3950 mihi
3328 3908 3505 3952 tamen
3543 3899 3732 3952 nescio

2146 3987 2418 4056 quomodo
2482 3985 2831 4041 verisimilius
2893 3986 2952 4040 ﬁt
3019 3986 3164 4039 illum
3235 3988 3578 4058 interpretem
3623 4005 3730 4043 non

2145 4077 2307 4128 alium
2359 4090 2520 4144 quatn
2573 4076 2872 4146 presbyteri
2915 4076 3140 4147 gradum
3184 4077 3502 4130 obtinuisse.
3547 4079 3734 4146 quue

2144 4165 2398 4220 libentius
2432 4166 2486 4219 in
2512 4169 2779 4221 sententia
2809 4183 3117 4236 permaneo,
3153 4168 3296 4237 quod
3321 4168 3515 4223 litteris
3539 4170 3728 4237 prodi~

2146 4267 2259 4312 tum
2296 4260 2367 4313 sit
2390 4260 2532 4312 hunc
2563 4261 3015 4316 commentarium
3038 4276 3067 4314 a
3095 4261 3297 4315 Basilio
3325 4261 3542 4332 quidem
3575 4275 3730 4314 com-

2145 4351 2378 4420 positum
2408 4351 2597 4416 fuisse,
2620 4354 2712 4407 sed
2744 4361 2866 4421 post
2889 4352 3008 4416 eius
3037 4363 3264 4406 mortem
3299 4355 3600 4424 presbyteri
3627 4368 3730 4408 (εηῆ

2139 4439 2355 4510 jusdam
2402 4457 2564 4510 opera
2617 4444 2670 4496 in
2724 4441 2895 4496 lucem
2949 4442 3216 4513 prodiisse
3260 4442 3354 4511 (α).
3409 4441 3536 4494 Mitti
3577 4445 3726 4497 enim

465 4556 568 4593 non
609 4553 764 4607 posse
787 4535 930 4590 aliud
953 4536 1116 4589 ullum
1147 4536 1450 4603 exemplum
1479 4535 1763 4598 scriptoris
1788 4533 2038 4601 alicujus,
2075 4567 2118 4620 Β
2144 4533 2636 4601 probabilissimum
2661 4534 2894 4598 videtur,
2928 4535 3322 4605 presbyterum,
3354 4532 3444 4600 qui
3477 4534 3579 4588 hoc
3596 4549 3733 4603 opus

465 4631 578 4698 qui,
609 4645 730 4683 cum
759 4629 949 4684 Isaiam
974 4627 1316 4697 interpretari
1340 4627 1516 4690 vellet,
1547 4627 1714 4680 multa
1735 4641 1800 4680 ex
1824 4625 2040 4679 Eusebii

463 4725 520 4776 iu
559 4722 800 4776 Psalmos
846 4719 1238 4776 commentario
1280 4720 1591 4787 sumpserit.
1636 4717 1743 4773 Res
1773 4728 1861 4773 est
1898 4717 2040 4770 enim

467 4827 574 4868 tam
600 4830 759 4878 nova,
807 4822 863 4867 ut
897 4812 1000 4866 nisi
1035 4813 1203 4867 oculis
1234 4813 1365 4881 ipsis
1391 4822 1725 4876 cerneretur,
1758 4811 1917 4864 fidem
1957 4809 2040 4862 vix

470 4909 711 4960 haberet.
750 4907 810 4959 Et
841 4903 1057 4975 quidem
1089 4902 1445 4974 Hieronymus
1490 4913 1543 4958 et
1579 4903 1894 4972 Proc0pius,
1928 4901 2040 4970 qui,

467 5014 590 5053 cum
621 4995 815 5051 Isaiam
851 4999 1354 5065 interpretarentur,
1389 5005 1494 5049 tam
1525 4995 1690 5047 multa
1726 5009 1791 5048 ex
1826 4992 2043 5047 Eusebii

470 5094 522 5146 ia
553 5089 802 5147 eumdem
835 5091 1150 5158 prophetam
1195 5089 1585 5142 commentario
1636 5087 1861 5140 mutuati
1897 5094 2043 5151 sunt,

470 5198 647 5237 tamen
679 5197 743 5236 ne
765 5181 1071 5250 cogitarunt
1106 5179 1321 5247 quidem
1363 5178 1653 5246 quidquam
1704 5191 1769 5230 ex
1801 5177 2042 5241 ejusdem

469 5275 684 5332 Eusebii
718 5276 773 5328 in
809 5274 1054 5329 Psalmos
1106 5271 1498 5327 commentario
1526 5268 1778 5323 mutuari.
1809 5268 1921 5323 Hoc
1954 5270 2045 5320 de-

467 5371 625 5424 cebat
655 5365 926 5422 hominem
963 5367 1077 5435 qui,
1101 5379 1220 5418 cum
1243 5364 1308 5417 de
1332 5377 1429 5416 suo
1455 5361 1694 5415 scribere
1719 5358 1864 5413 nullo
1888 5358 2046 5412 modo

471 5470 674 5526 posset,
701 5469 754 5512 et
791 5469 969 5510 tamen
1012 5457 1252 5511 scribere
1294 5451 1636 5513 instituisset,
1676 5451 1867 5503 saltem
1911 5450 2047 5503 alio-

473 5568 589 5605 rum
621 5553 820 5620 scripta
858 5549 1215 5616 undecunque
1248 5546 1594 5613 compilabat.
1638 5544 1798 5598 Certe
1828 5545 2044 5612 quidem

472 5643 601 5697 mihi
658 5642 810 5697 facile
857 5641 1018 5695 fuerit
1074 5641 1224 5708 plura
1273 5639 1474 5694 addere
1513 5635 1581 5689 ad
1633 5637 1770 5688 hanc
1809 5643 2045 5688 nostram

2145 4632 2362 4680 mortuo
2382 4623 2491 4692 jam
2520 4623 2721 4682 Basilio
2749 4627 2799 4680 in
2833 4626 3006 4679 lucem
3043 4627 3283 4681 edidisse
3313 4627 3545 4692 dicitur,
3573 4641 3729 4681 eum-

2148 4716 2266 4770 dem
2291 4729 2434 4780 esse,
2460 4717 2548 4784 qui
2571 4725 2625 4770 et
2656 4717 2782 4770 illud
2814 4716 3032 4786 proprio
3061 4726 3235 4770 marte
3267 4717 3625 4771 elucubravit.
3664 4715 3732 4769 tlt

2149 4816 2208 4859 ut
2252 4807 2366 4861 hinc
2415 4816 2565 4870 sunt,
2607 4808 2840 4861 dubitari
2891 4824 2996 4862 non
3039 4817 3214 4877 potest
3276 4807 3408 4876 quin
3474 4807 3729 4873 scriptor,

2150 4898 2396 4966 quisquis
2422 4908 2530 4964 est,
2555 4898 2811 4952 Basiliam
2837 4899 2890 4954 in
2915 4898 3182 4966 aliquibus
3211 4899 3411 4953 imitari
3438 4898 3728 4953 studuerit.

2150 4989 2346 5043 Notum
2385 5001 2468 5045 est
2516 4991 2660 5045 enim
2711 4991 2850 5046 hanc
2895 4990 3108 5044 dicendi
3157 4990 3465 5052 formulam,
3517 4991 3575 5041 ὲν
3621 4993 3733 5052 τοῖς

2153 5085 2406 5148 κατόπιν,
2447 5085 2646 5139 Basilio
2697 5099 2955 5155 perquam
2997 5084 3318 5140 familiarem
3346 5098 3466 5138 esse
3499 5100 3513 5136 :
3547 5097 3654 5151 qua
3679 5094 3734 5135 ct

2153 5181 2243 5234 ille
2290 5177 2670 5234 commentarii
2730 5180 2964 5247 scriptor
3013 5179 3312 5247 sazpissime
3379 5191 3508 5231 usus
3565 5175 3734 5229 fuisse

2147 5269 2497 5332 comperitur.
2531 5266 2640 5322 Nec
2671 5269 3100 5336 praetereundum
3128 5267 3365 5333 silentio,
3396 5267 3564 5321 videri
3599 5269 3730 5320 scri-

2149 5375 2355 5433 ptorem
2385 5360 2782 5430 Cappadociam
2822 5362 3052 5428 patriam
3086 5360 3357 5415 habuisse.
3400 5359 3532 5412 Nam
3563 5358 3732 5410 alicu—

2151 5455 2201 5508 bi
2236 5454 2413 5508 varias
2435 5460 2622 5522 gentes
2640 5465 2960 5505 enumerare
2983 5466 3104 5504 cum
3132 5451 3455 5505 instituisset
3479 5449 3555 5516 (p.
3579 5449 3726 5518 425),

2150 5545 2302 5612 quasi
2340 5541 2688 5610 popularibus
2723 5543 2836 5596 suis
2873 5540 3167 5609 gratificari
3218 5540 3398 5600 vellet,
3446 5535 3732 5609 Cappado-

2153 5637 2290 5685 ciam
2321 5633 2547 5698 primam
2587 5630 2854 5686 nominat.

546 5851 620 5913 (α)
672 5847 811 5917 Lege
846 5847 1015 5900 Vitam
1059 5846 1235 5900 Basilii
1289 5862 1313 5896 a
1357 5844 1702 5898 Tillentontio
1747 5840 2033 5896 vernacula
2082 5837 2258 5909 lingua
2293 5837 2573 5904 scriptam,
2615 5851 2732 5905 pag.
2765 5834 2886 5888 685.
