4040 6458
1379 404 1443 458 D.
1481 405 1626 461 JUL.
1673 400 1996 457 GARNERII
2040 396 2422 454 PREFATIO.

621 525 651 596 ᾗ
682 522 772 578 XI.
808 521 884 576 De
916 520 1059 575 libris
1089 518 1141 574 in
1171 517 1513 574 Euuomium.

353 617 442 671 65.
482 616 734 685 Egregios
766 615 981 683 quidem
1023 613 1078 665 in
1125 610 1445 664 Eunomium
1494 611 1657 664 libros
1690 626 1719 664 a
1747 610 1846 663 Ba-

276 710 405 762 silio
434 707 627 775 Magno
654 706 994 774 conscriptos
1026 703 1211 767 fuisse,
1246 717 1368 757 cum
1403 719 1469 756 ex
1501 704 1727 757 aliorum
1760 718 1848 755 ve-

280 811 482 866 terum,
519 810 629 853 tum
674 814 739 852 ex
790 796 1099 865 Hieronymi
1142 794 1447 848 testimonio
1499 804 1679 848 notum
1721 803 1843 848 est:

276 893 376 945 sed
417 901 547 959 quot
577 891 643 943 ab
674 903 741 944 eo
767 889 895 942 editi
936 888 1081 949 sint,
1129 900 1299 954 neque
1337 885 1710 957 Hieronymus,
1753 900 1845 939 ne-

279 999 386 1052 que
413 985 554 1037 ullus
578 982 713 1036 alius
737 990 924 1035 auctor
948 980 1172 1034 idoneus
1195 978 1384 1032 litteris
1403 979 1653 1046 prodidit.
1687 977 1843 1043 Hinc,

279 1087 340 1130 ut
370 1077 450 1138 lit,
498 1084 632 1128 ortae
665 1082 791 1127 sunt
833 1073 1206 1127 contentiones
1248 1071 1386 1125 inter
1428 1072 1685 1134 eruditos,
1728 1071 1849 1125 aliis

281 1168 439 1222 aliam
486 1167 792 1236 opinionem
832 1164 1265 1219 defendentibus.
1316 1163 1448 1218 Pars
1486 1165 1697 1231 quidem
1744 1180 1850 1218 ma-

280 1259 425 1311 xima
461 1257 702 1325 vulgatos
747 1256 985 1324 quinque
1025 1255 1195 1309 libros
1246 1256 1485 1309 tribuunt
1520 1254 1717 1309 Basilio
1749 1270 1849 1309 ηοο

281 1359 396 1402 stro
425 1366 439 1401 :
472 1349 566 1401 sed
606 1345 844 1400 nonnulli
877 1356 1051 1397 tamen
1073 1383 1089 1409 ,
1121 1344 1258 1397 inter
1287 1358 1419 1411 quos
1444 1344 1725 1398 Erasmum
1752 1361 1849 1398 nu-

3318 412 3509 454 οειιιι

1874 524 1921 577 Α
1951 526 2151 569 tantam
2173 529 2311 580 esse,
2336 522 2393 567 ut
2412 517 2453 566 si
2475 511 2704 567 Basilius
2725 513 2914 567 horum
2934 521 3121 567 auctor
3142 527 3263 569 esse
3279 514 3509 576 dicatur.

1947 622 2068 660 cum
2094 607 2173 660 sui
2202 605 2615 661 dissimillimurii
2639 604 2800 659 fuisse
2816 613 3080 674 oporteat.
3105 605 3312 660 Etvero
3326 608 3513 671 verba,

1952 699 2139 760 dictio,
2179 698 2409 767 phrasis,
2453 707 2526 758 et,
2555 706 2614 749 ut
2642 699 2828 765 paucis
2854 697 3149 761 absolvam,
3180 700 3358 752 omnia
3385 712 3515 754 con-

1947 791 2162 858 spicuas
2193 804 2256 843 ac
2282 798 2462 843 certas
2488 788 2892 857 peregrinitatis
2918 797 3069 843 notas
3099 790 3355 844 videntur
3379 806 3516 859 prae-

1953 881 2114 935 ferre.
2153 879 2298 933 Nova
2330 891 2454 934 sunt
2487 883 2649 934 verba
2689 888 2741 931 et
2773 881 2911 948 apud
2938 880 3193 935 Basilium
3234 869 3517 945 inusitata,

1952 987 2087 1027 nova
2122 985 2336 1040 quoque
2380 971 2631 1039 loquendi
2678 985 2906 1039 genera;
2935 959 3009 1025 .et
3038 972 3289 1027 universe
3314 973 3516 1032 dicam.

1951 1073 2153 1117 tantum
2186 1078 2303 1117 esse
2333 1062 2699 1121 diversitatem
2728 1062 3011 1126 dictionis,
3059 1073 3117 1116 ut
3144 1063 3237 1133 qui
3264 1079 3381 1118 eam
3409 1081 3516 1120 non

1950 1157 2111 1219 videt,
2155 1155 2340 1224 lippiat
2372 1169 2591 1209 necesse
2628 1155 2719 1207 sit.
2755 1153 2886 1209 Nolo
2924 1154 3056 1208 mihi
3090 1155 3199 1209 cito
3223 1161 3516 1213 credatur:

1952 1247 2091 1299 malo
2116 1245 2454 1300 doctissimos
2471 1259 2715 1313 quosque
2732 1246 2878 1299 viros
2899 1246 3224 1314 eosdemque
3251 1250 3519 1303 acerrimo

1944 1336 2147 1406 judicio
2174 1337 2428 1405 praeditos
2454 1350 2549 1404 per
2569 1349 2627 1390 se
2654 1337 2891 1405 experiri
2935 1338 2986 1390 id
3025 1339 3164 1405 quod
3192 1338 3351 1393 dico:
3374 1342 3518 1408 quod

283 1454 497 1492 merare
543 1438 689 1501 licet,
744 1437 1026 1490 adversam
1058 1437 1383 1490 sententiam
1415 1436 1485 1488 ita
1515 1444 1753 1501 tuentur,
1793 1447 1849 1491 ut
1950 1430 1992 1483 Si
2044 1428 2304 1493 fecerint.
2346 1443 2505 1498 Spero
2556 1441 2743 1482 omnes
2795 1428 2925 1481 mihi
2987 1429 3142 1483 ἷεείῐθ
3178 1444 3515 1494 “sensuros.

276 1531 324 1583 ei
363 1528 582 1598 quidem
622 1525 895 1579 ascribant
926 1534 1035 1580 tres
1084 1526 1293 1591 priores
1328 1524 1493 1577 libros
1519 1562 1535 1588 ,
1591 1525 1685 1578 sed
1717 1526 1851 1581 duos

276 1621 606 1691 posteriores
660 1617 759 1687 ipsi
817 1616 978 1672 tribui
1045 1617 1239 1672 debere
1298 1625 1511 1687 negent.
1582 1616 1854 1672 Dissident

276 1725 494 1780 quoque
530 1710 671 1763 inter
710 1724 767 1763 se
801 1718 911 1763 tum
956 1710 1161 1764 calamo
1190 1709 1393 1769 notati,
1428 1717 1539 1761 tum
1572 1711 1714 1779 typis
1762 1711 1853 1763 de-

274 1802 463 1872 scripti
500 1801 642 1855 libri.
676 1800 1029 1857 Combelisius
1050 1800 1193 1853 enim
1226 1801 1277 1852 in
1316 1814 1415 1853 suo
1439 1799 1642 1853 Basilio
1673 1817 1847 1854 recen-

273 1894 372 1947 sito
396 1932 413 1957 ,
475 1903 621 1948 tomo
646 1893 687 1947 11
712 1934 728 1957 ,
778 1909 898 1963 pag.
928 1892 1029 1954 27,
1062 1899 1243 1944 monet
1275 1892 1491 1943 ultimos
1518 1892 1649 1944 duos
1681 1892 1847 1945 libros

276 1984 327 2037 in
360 1999 468 2038 uno
496 1985 684 2039 codice
711 1983 877 2053 Regio
905 1982 1200 2037 desiderari
1241 2000 1253 2034 :
1289 1982 1541 2035 similiter
1573 1992 1629 2036 et
1656 1984 1707 2035 in
1730 1983 1845 2036 edi-

274 2082 421 2130 tloue
443 2076 677 2139 Veneta,
724 2091 841 2145 qua:
870 2089 935 2128 ex
974 2072 1231 2142 Stephani
1268 2072 1413 2127 Sabii
1458 2072 1669 2128 olIicina
1704 2089 1847 2129 anno

274 2167 416 2223 1555
447 2169 682 2236 prodiit,
710 2178 821 2220 tres
852 2175 1057 2219 tantum
1091 2167 1302 2233 priores
1348 2177 1564 2220 exstare
1614 2176 1843 2220 constat.

271 2256 526 2312 Codicem
575 2269 717 2317 eum,
771 2255 822 2307 in
879 2270 1009 2323 quo,
1062 2263 1198 2309 teste
1227 2253 1587 2320 Combeflsio,
1643 2255 1845 2308 exarati

270 2356 401 2400 sunt
430 2346 602 2400 solum
649 2344 858 2412 priores
905 2354 1014 2399 tres
1064 2344 1224 2405 libri,
1277 2360 1381 2398 non
1435 2346 1611 2413 reperi
1659 2359 1757 2414 ego
1793 2344 1843 2396 in

270 2436 599 2491 bibliotheca
652 2434 814 2504 Regia
861 2438 1006 2491 :sed
1056 2435 1360 2489 inciderunt
1414 2437 1466 2487 in
1516 2450 1709 2489 manus
1754 2435 1843 2488 alii

270 2541 367 2581 sex
420 2536 617 2596 praeter
647 2541 811 2581 unum
835 2525 1227 2586 Colbertinum,
1260 2524 1312 2577 in
1346 2525 1541 2594 quibus
1564 2526 1842 2588 omnibus,

271 2629 547 2672 utverum
596 2616 790 2683 fatear,
846 2617 899 2670 hi
951 2615 1192 2685 quinque
1245 2614 1367 2670 libri
1410 2616 1613 2685 pariter
1646 2616 1846 2671 Basilio

272 2710 469 2779 Magno
498 2708 826 2762 tribuuntur.
880 2706 1101 2762 Monere
1133 2708 1309 2778 juvat,
1342 2708 1568 2777 reperiri
1595 2709 1647 2763 in
1679 2709 1845 2779 Regio

268 2802 464 2870 quinto
508 2800 697 2855 codice
740 2798 895 2853 initio
929 2798 1053 2854 libri
1097 2800 1273 2869 quarti
1322 2810 1501 2853 nolam
1532 2801 1842 2869 quamdam,

270 2904 437 2957 quam
491 2890 578 2942 hic
626 2888 1042 2943 exscribendatn
1084 2890 1288 2943 censui.
1346 2890 1433 2942 Est
1484 2899 1660 2942 autem
1703 2890 1844 2959 ejus-

272 2980 458 3033 modi:
492 2980 601 3033 Καὶ
652 2980 777 3050 περὶ
833 2978 1022 3033 τούτου
1071 2978 1164 3030 τοῦ
1215 2978 1371 3045 λόγου
1410 2979 1661 3049 διάφορος
1692 2978 1845 3051 παρὰ

277 3071 488 3136 πολλοῖς
527 3071 653 3138 δόξα
698 3073 907 3142 κρατεῖ,
950 3068 1057 3121 τῶν
1108 3069 1205 3139 μὲν
1250 3067 1513 3137 λεγόντων
1553 3070 1714 3125 αὑτὸν
1749 3072 1843 3126 τοῦ

267 3161 431 3228 ἁγίου
489 3160 801 3221 Βασιλείου,
867 3156 971 3208 τῶν
1022 3155 1080 3209 δὲ
1144 3155 1528 3225 ἀντιλεγόντων
1586 3158 1718 3228 μὲν,
1780 3161 1841 3212 οὐ

264 3250 723 3320 κατηγορούντων
743 3250 818 3314 δὲ,
843 3248 918 3313 ὣς
938 3266 993 3302 τι
1011 3250 1351 3319 ἀπεμφαῖνον
1372 3249 1604 3321 ἔχοντος.
1638 3270 1656 3302 r
1671 3252 1841 3305 Etiam

276 3343 341 3395 de
382 3342 485 3396 hoc
536 3340 673 3397 libro
730 3342 882 3396 multi
922 3342 1074 3395 varie
1127 3342 1368 3395 sentiunt
1416 3359 1431 3392 :
1485 3343 1573 3396 alii
1626 3343 1842 3412 quidem

273 3436 466 3491 dicunt
496 3434 650 3489 illum
699 3449 820 3489 esse
848 3435 1020 3489 sancti
1052 3431 1268 3498 Basilii,
1310 3432 1399 3485 alii
1434 3446 1562 3485 vero
1607 3444 1839 3501 negant;

274 3526 369 3581 sed
407 3536 586 3579 tamen
612 3540 733 3580 eum
764 3540 870 3578 non
894 3524 1274 3589 condemnant,
1310 3522 1462 3592 quasi
1496 3522 1711 3577 absurdi
1748 3525 1844 3578 ali-

276 3616 403 3685 quid
439 3617 733 3669 contineat.
770 3632 789 3664 ι
834 3613 912 3667 Ex
937 3614 1134 3683 quibus
1162 3614 1514 3684 intelligitur,
1548 3628 1651 3668 non
1677 3630 1841 3669 unam

273 3706 516 3760 omnium
552 3706 617 3759 de
651 3705 751 3760 hoc
792 3705 932 3761 libro
977 3705 1142 3762 fuisse
1174 3706 1496 3760 sententiam
1526 3706 1668 3775 apud
1698 3704 1846 3762 Grae-

273 3812 372 3851 cos
401 3813 416 3851 :
450 3796 541 3850 sed
585 3796 721 3852 alios
752 3798 894 3852 aliud
928 3799 1181 3854 sensisse.
1223 3798 1398 3853 Nolim
1430 3798 1641 3865 quidem
1676 3813 1741 3852 ex
1774 3799 1846 3853 si-

277 3885 496 3941 milibus
542 3888 687 3942 notis
736 3888 952 3956 probari
1008 3889 1191 3941 statim
1235 3888 1539 3956 opinionem
1585 3887 1843 3957 aliquam,

272 3988 370 4032 aut
418 3980 756 4048 improbari:
787 3980 881 4033 sed
930 3993 1024 4033 eas
1069 3987 1247 4032 tamen
1304 3992 1408 4031 non
1439 3978 1659 4031 omnino
1712 3993 1843 4032 con-

275 4071 597 4127 temnendas
640 4084 762 4125 esse
798 4081 947 4139 puto.
1007 4069 1219 4125 Etenim
1267 4069 1311 4125 si
1349 4069 1477 4123 nihil
1526 4069 1669 4123 aliud
1721 4070 1846 4125 inde

272 4162 679 4230 consequimur,
712 4170 860 4216 certe
896 4162 1124 4216 eruditis
1167 4160 1476 4216 hominibus
1530 4160 1606 4215 rei
1637 4161 1842 4216 exami-

273 4252 469 4307 nanda
515 4251 675 4306 datur
724 4252 960 4307 occasio.
1024 4251 1381 4321 Percuperem
1433 4268 1535 4320 ego
1584 4252 1842 4320 ejusmodi

270 4344 631 4414 quaestionem
660 4344 951 4399 obscuram
983 4357 1115 4398 sane
1143 4351 1197 4399 et
1245 4342 1608 4411 perdifﬁcilem
1636 4359 1700 4399 ea
1739 4359 1843 4413 qua

274 4450 379 4505 par
403 4445 485 4491 est
521 4434 793 4505 diligentia
832 4434 945 4505 jam
977 4435 1236 4502 agitatam
1282 4432 1450 4487 fuisse
1480 4436 1547 4489 ab
1574 4433 1844 4504 aliquibus

1880 1860 1920 1917 Β

1870 3201 1911 3257 C

1950 1520 2086 1574 duos
2122 1520 2221 1574 bos
2247 1520 2314 1573 de
2344 1519 2537 1588 quibus
2564 1520 2746 1589 agitur
2772 1519 2938 1573 libros
2962 1519 3166 1577 Basilio
3200 1522 3387 1593 Magno
3419 1526 3520 1577 tri-

1953 1611 2040 1663 liui
2073 1610 2221 1664 nullo
2257 1610 2417 1664 modo
2454 1624 2628 1678 posse.
2658 1608 2778 1662 .lam
2820 1610 3056 1666 rationes
3087 1624 3142 1665 et
3177 1624 3516 1683 argumenta,

1949 1700 2143 1768 quibus
2172 1700 2286 1754 liaac
2327 1710 2513 1754 nostra
2550 1700 2784 1769 suspicio
2816 1702 3034 1768 nititur,
3067 1703 3120 1756 in
3150 1706 3384 1761 medium
3421 1710 3519 1763 ad-

1950 1789 2148 1844 ducere
2198 1805 2376 1859 opera:
2427 1792 2659 1859 pretium
2703 1801 2804 1845 est.
2869 1792 3088 1863 Legenti
3146 1798 3272 1850 mihi
3318 1798 3518 1853 librum

1949 1887 2199 1947 quartum
2240 1880 2481 1934 occurrit
2536 1882 2768 1949 primum
2813 1882 3073 1949 particula
3114 1888 3200 1947 el,
3241 1902 3360 1956 quae
3407 1899 3519 1943 tant

1948 1985 2089 2040 saepe
2114 1980 2302 2025 contra
2345 1986 2690 2027 communem
2730 1989 2886 2027 usum
2929 1974 3222 2044 repetitur,
3268 1988 3328 2031 ut
3376 1981 3520 2035 nulla

1950 2061 2063 2117 fere
2093 2062 2345 2129 periodus
2393 2062 2736 2130 inveniatur,
2784 2080 2904 2133 quae
2952 2066 3056 2121 hac
3090 2068 3276 2122 vocula
3315 2073 3361 2123 εἰ
3410 2088 3519 2125 non

1949 2154 2185 2224 incipiat.
2219 2153 2286 2207 Et
2310 2163 2454 2210 certe
2481 2169 2545 2209 eo
2575 2156 2743 2226 magis
2768 2164 2876 2210 tam
2904 2156 3172 2229 frequenti
3196 2160 3354 2231 hujus
3368 2165 3518 2220 vocis

1950 2245 2267 2315 repetitione
2298 2244 2645 2312 offendebar,
2686 2248 2825 2315 quod
2852 2262 2920 2302 ex
2949 2264 3012 2304 ea
3054 2252 3239 2307 brevia
3269 2258 3518 2324 quadam

1948 2349 2267 2407 argumenta
2310 2339 2613 2403 ducantur,
2660 2340 2793 2394 nihil
2844 2350 2938 2395 aut
2973 2343 3260 2411 exquisiti,
3299 2357 3394 2401 aut
3426 2363 3520 2399 va-

1947 2427 2041 2480 lidi
2072 2427 2361 2493 habentia,
2403 2438 2459 2483 et
2505 2446 2728 2499 prorsus
2760 2433 2977 2503 indigna
3001 2476 3018 2495 .
3060 2450 3289 2504 quorum
3329 2449 3520 2495 auctor

1949 2518 2165 2572 dicatur
2215 2528 2491 2573 oratorum
2541 2524 3020 2589 praestantissimus
3065 2526 3316 2584 Basilius.
3370 2530 3520 2587 Hane

1947 2626 2133 2666 vocem
2164 2611 2454 2682 aliquoties
2482 2612 2725 2666 adhiberi
2752 2614 2885 2668 nihil
2914 2627 3094 2670 vetat:
3127 2620 3218 2673 sed
3249 2635 3367 2674 eam
3397 2638 3519 2690 pas-

1946 2702 2047 2756 sim
2099 2711 2155 2756 et
2212 2703 2454 2771 quolibet
2494 2704 2616 2758 loco
2651 2705 2718 2759 ad
2766 2706 3070 2763 satietatem
3109 2725 3279 2780 usque
3324 2715 3519 2782 repeti,

1945 2801 2001 2846 ut
2039 2792 2366 2861 optimorum
2422 2808 2764 2862 quorumque
2814 2798 3171 2866 scriptorum,
3227 2802 3300 2855 ita
3335 2803 3520 2857 Basilii

1944 2882 2275 2937 consuetudo
2307 2897 2413 2937 non
2464 2884 2695 2953 patitur.
2728 2884 2846 2938 Alia
2879 2888 3141 2943 orationis
3172 2892 3298 2945 vitia
3332 2910 3522 2962 perse-

1944 2972 2035 3041 qui
2066 2975 2245 3028 omnia
2276 2974 2493 3043 longnm
2520 2990 2641 3030 cum
2669 2976 2765 3041 sit,
2798 2992 2966 3047 pauca
2995 2995 3025 3033 e
3049 2981 3251 3049 multis,
3282 2994 3341 3038 ut
3362 2988 3522 3054 quid-

1945 3078 2049 3129 que
2073 3076 2344 3125 occurret,
2370 3064 2728 3133 proferemus.
2746 3065 2869 3121 Haec
2900 3068 3124 3139 legimus
3149 3088 3255 3128 non
3277 3075 3431 3145 lange
3452 3078 3520 3131 ab

1947 3151 2100 3205 initio
2124 3149 2201 3220 (p.
2227 3151 2352 3221 279)
2382 3170 2395 3205 :
2430 3152 2494 3204 El
2527 3152 2602 3223 μὴ
2628 3154 2929 3224 γεννήσεως
2954 3159 3016 3209 τὸ
3043 3160 3343 3227 μονογενὲς,
3382 3161 3520 3214 ἀλλὰ

1944 3238 2031 3293 διὰ
2059 3240 2118 3292 τὸ
2146 3239 2494 3310 ἀσύγκριτον,
2529 3241 2821 3310 μονογενὴς
2854 3244 2947 3297 καὶ
2992 3245 3019 3295 ὁ
3066 3245 3276 3316 Πατήρ.
3323 3247 3522 3317 Ἀσὺγ-

1944 3347 2129 3405 κριτςος
2172 3332 2302 3401 γάρ.
2348 3350 2364 3380 ι
2394 3333 2448 3384 Si
2496 3331 2828 3399 unigenitum
2871 3336 3238 3403 generationis
3271 3353 3375 3393 non
3409 3350 3519 3402 est,

1944 3422 2041 3475 sed
2090 3435 2375 3492 propterea
2411 3425 2554 3493 quod
2606 3435 2689 3481 est
2736 3426 3177 3494 incomparabile,
3205 3429 3519 3497 unigenitus

1945 3511 2105 3565 etiam
2124 3511 2281 3567 Pater
2303 3525 2441 3569 est.»
2474 3513 2601 3572 Scio
2630 3531 2780 3573 suam
2806 3517 3000 3586 cuique
3016 3518 3338 3572 sententiain
3363 3533 3514 3585 esse,

1942 3611 2000 3657 et
2026 3604 2161 3659 alios
2200 3605 2358 3660 aliter
2384 3609 2588 3662 sentire
2618 3609 2805 3662 solitos
2829 3622 2848 3660 :
2882 3618 3010 3677 puto
3038 3620 3221 3664 tamen
3247 3613 3522 3668 neminem

1946 3698 2179 3753 futurum
2203 3738 2218 3761 ,
2252 3700 2339 3766 qui
2378 3699 2427 3753 id
2474 3697 2725 3768 loquendi
2761 3716 2928 3769 genus
2950 3740 2967 3765 ,
3006 3702 3068 3754 El
3101 3702 3175 3773 μὴ
3211 3704 3521 3773 γεννήσεως

1943 3790 2003 3842 τὸ
2029 3788 2332 3859 μονογενὲς,
2368 3789 2693 3844 Basilianum
2722 3805 2843 3847 esse
2877 3792 3042 3845 dicat.
3090 3791 3258 3847 Paulo
3289 3804 3409 3864 post
3445 3796 3521 3849 ita

1948 3881 2142 3950 legitur
2167 3884 2244 3951 (p.
2260 3880 2387 3949 279)
2414 3875 2544 3933 εὮν
2564 3881 2672 3952 γὰρ
2690 3884 2718 3934 ὁ
2744 3881 3072 3955 δημιουργὸς
3087 3884 3147 3936 οὐ
3164 3885 3305 3938 κατὰ
3336 3886 3521 3955 φύσιν,

1947 3975 2064 4037 πῶς
2127 3974 2194 4025 τὰ
2244 3973 2715 4043 δημιουργηθέντα
2773 3976 2913 4029 κατὰ
2964 3974 3163 4044 φύσιν;
3223 3994 3242 4027 ι
3280 3977 3521 4042 Quorum

1942 4067 2090 4121 enim
2131 4064 2382 4120 conditor
2430 4080 2539 4120 non
2580 4068 2874 4123 secundum
2926 4078 3173 4122 naturam
3217 4080 3339 4133 est,
3384 4085 3520 4139 quo—

1950 4156 2109 4211 modo
2141 4155 2356 4211 condita
2395 4159 2686 4211 secundum
2727 4167 2975 4212 naturam
3021 4159 3222 4213 erunt?
3255 4179 3275 4213 ι
3315 4160 3521 4226 Quibus

1943 4249 2001 4304 in
2057 4250 2233 4304 verbis
2277 4248 2465 4303 vitium
2510 4249 2689 4304 inesse
2759 4249 2976 4315 vident,
3022 4251 3249 4321 opinor,
3303 4267 3514 4309 omnes.

1944 4341 2194 4411 Scriptor
2226 4341 2393 4407 enim,
2421 4343 2466 4397 si
2506 4352 2652 4397 recte
2685 4342 2828 4412 l'oqui
2859 4343 3135 4410 voluisset,
3169 4354 3262 4399 aut
3290 4360 3388 4400 sua
3432 4345 3517 4401 fa-

1952 4434 2148 4489 miliari
2180 4436 2439 4504 particula
2469 4436 2517 4487 sl
2555 4435 2629 4487 uti
2661 4435 2943 4501 debuerat,
2971 4437 3073 4490 hoc
3096 4439 3288 4492 modo:
3314 4439 3375 4492 El
3404 4440 3513 4512 γὰρ

274 4526 411 4578 viris
442 4527 631 4578 harum
674 4542 858 4580 rerum
884 4526 1095 4596 peritis,
1126 4535 1181 4581 et
1202 4526 1393 4594 linguae
1417 4524 1621 4581 Graecas
1658 4528 1840 4596 iuipri-
1872 4545 1924 4606 υ
1948 4528 1977 4579 ὁ
1999 4527 2344 4598 δημιουργός,
2371 4535 2477 4580 etc.
2521 4543 2539 4576 ι
2569 4524 2624 4581 Si
2656 4527 2797 4581 enim
2826 4528 3072 4584 conditor
3092 4544 3197 4584 non
3224 4532 3517 4586 secundum

275 4620 383 4672 mis
408 4616 843 4685 intelligentibus,
878 4619 970 4689 qui
1004 4618 1137 4674 mihi
1172 4630 1422 4688 tanquam
1456 4616 1512 4670 in
1545 4618 1690 4673 bivio
1722 4635 1844 4673 ver-
1948 4628 2193 4670 naturam
2225 4627 2348 4683 est,
2381 4618 2651 4687 quomodo
2694 4620 2907 4673 condita
2938 4622 3231 4677 secundum
3268 4632 3515 4676 naturam

276 4708 421 4765 santi
459 4706 624 4761 duces
668 4718 850 4764 essent
889 4718 947 4763 et
1004 4709 1247 4779 signiferi
1281 4727 1295 4763 :
1325 4708 1419 4765 sed
1465 4723 1574 4780 quo
1628 4713 1844 4779 gravius

275 4811 401 4859 erat
425 4811 826 4869 argumentum,
875 4814 942 4856 eo
990 4802 1163 4868 magis
1196 4801 1497 4870 neglectum
1538 4799 1708 4856 fuisse
1738 4802 1843 4857 dici

278 4902 480 4965 potest.
532 4890 683 4947 Nunc
720 4908 849 4965 ergo
887 4890 1155 4949 celebrem
1205 4891 1271 4946 de
1314 4893 1553 4961 quinque
1586 4894 1640 4945 in
1665 4892 1846 4945 Euno-

278 4987 448 5039 mium
500 4985 653 5040 libris
695 4986 1045 5053 quaestionem
1081 4982 1390 5052 diligentius
1418 4985 1725 5039 examinare
1753 4997 1847 5037 co-

284 5079 484 5145 nabor;
519 5089 573 5133 et
602 5077 857 5149 quoniam
888 5079 943 5133 in
972 5094 1031 5134 re
1060 5078 1154 5132 tali
1186 5077 1481 5146 quidquam
1508 5076 1847 5133 dissimulare

284 5182 395 5221 non
430 5168 574 5233 licet,
602 5169 774 5223 dicam
803 5166 1021 5237 quidem
1048 5168 1186 5223 bona
1219 5165 1323 5220 fide
1348 5167 1491 5235 quod
1519 5165 1715 5229 sentio,
1754 5168 1847 5221 sed

283 5260 367 5312 sic
387 5296 403 5319 .
439 5267 497 5310 ut
526 5274 700 5313 meam
726 5257 1051 5313 sententiam
1106 5271 1400 5329 proponam
1446 5259 1658 5327 potius,
1688 5273 1848 5327 quam

281 5345 581 5417 proferam.

357 5436 448 5491 66.
476 5435 709 5491 Fatebor
731 5439 901 5509 igitur
932 5453 1019 5493 me
1044 5478 1058 5502 ,
1091 5454 1214 5493 cum
1246 5441 1461 5495 ultimos
1490 5441 1626 5496 duos
1651 5442 1706 5494 iu
1739 5440 1849 5493 Eu-

286 5528 521 5581 aomium
568 5528 735 5582 libros
781 5531 1048 5599 legerem,
1104 5530 1360 5587 incidisse
1405 5530 1485 5585 vel
1520 5533 1744 5587 invitum
1798 5534 1851 5585 in

285 5620 670 5687 suspicionem.
700 5621 1069 5677 Animadverti
1099 5624 1265 5687 enim,
1297 5625 1443 5693 quod
1466 5623 1576 5691 iam
1611 5626 1853 5679 animad-

286 5722 565 5765 verterant
606 5714 795 5777 multi,
826 5728 919 5767 eos
951 5731 980 5769 a
1028 5716 1198 5770 tribus
1247 5718 1516 5785 prioribus
1554 5732 1750 5784 genere
1780 5719 1856 5772 di-

286 5803 449 5859 cendi
481 5817 640 5870 quam
669 5805 901 5859 maxime
930 5804 1147 5863 dill'erre
1167 5847 1182 5871 ,
1212 5820 1441 5875 eamque
1481 5807 1848 5863 diversitatem

1938 4718 2104 4761 erunt
2124 4708 2147 4761 Υ
2170 4716 2262 4761 aut
2281 4707 2326 4763 si
2353 4724 2486 4765 voce
2520 4702 2594 4762 ὧν
2628 4710 2703 4765 uti
2734 4710 2912 4773 vellet,
2951 4712 3033 4765 sic
3060 4712 3319 4780 scriptum
3352 4728 3518 4780 opor-

1950 4807 2125 4853 tuerat
2153 4814 2167 4853 :
2200 4792 2304 4853 Ὧν
2330 4800 2438 4870 γὰρ
2470 4800 2498 4850 ὁ
2541 4799 2869 4872 δημιουργὸς
2910 4801 2971 4853 οὑ
3010 4800 3150 4855 κατὰ
3184 4800 3365 4869 φύσιν,
3401 4804 3519 4868 πῶς

1943 4888 2118 4944 ταῦτα
2145 4890 2284 4944 κατὰ
2311 4889 2501 4958 φύσιν;
2540 4906 2558 4939 t
2581 4888 2815 4955 Quorum
2846 4893 2987 4946 enim
3022 4892 3271 4947 conditor
3303 4909 3407 4947 non
3429 4911 3517 4949 se-

1949 4982 2180 5035 cundum
2196 4992 2437 5034 naturam
2469 4991 2572 5048 est,
2590 4984 2857 5051 quomodo
2875 4998 2935 5038 ea
2950 4986 3242 5039 secundum
3268 4994 3517 5040 naturam

1946 5071 2289 5127 erunthSed
2314 5073 2416 5128 alia
2450 5090 2862 5144 prosequamur.
2894 5076 2965 5127 lta
2991 5075 3309 5145 igiturlibro
3330 5079 3519 5145 quinto

1944 5164 2183 5233 loquitur
2199 5165 2274 5236 (p.
2293 5165 2418 5237 300)
2450 5168 2547 5221 :Ol
2576 5168 2696 5237 ἐμοὶ
2711 5167 2855 5235 λόγοι
2875 5207 2889 5231 ,
2922 5166 3171 5239 Σολομὼν
3199 5185 3382 5236 φησιν,
3415 5170 3521 5223 ὑπὸ

1944 5256 2083 5311 Θεοῦ
2104 5261 2368 5331 εἴρηνται.
2391 5261 2499 5312 Καὶ
2520 5261 2547 5311 ὁ
2562 5257 2791 5322 Παῦλος,
2817 5260 2920 5313 ὑπὸ
2940 5259 3174 5332 Χριστοῦ
3195 5275 3209 5289 ·
3243 5260 3386 5323 ὲπεί,
3410 5273 3517 5317 etc.

1953 5366 1974 5399 ‹
2000 5348 2292 5404 Sermones
2334 5351 2434 5403 mei
2461 5388 2476 5412 ,
2505 5349 2679 5417 inquit
2703 5349 2978 5411 Salomon,
3006 5350 3132 5404 dicti
3161 5362 3290 5407 sunt
3324 5368 3351 5404 a
3381 5353 3516 5413 Deo.

1952 5440 2017 5494 Et
2043 5440 2260 5503 Paulus,
2289 5442 2333 5493 Α
2360 5441 2598 5496 Christo.
2630 5460 2649 5493 ›
2681 5440 2860 5496 Potuit
2885 5456 3016 5496 sane
3038 5451 3146 5496 tam
3176 5444 3356 5513 inepte
3387 5454 3519 5498 tam-

1951 5547 2054 5600 que
2100 5534 2326 5588 absurde
2375 5534 2521 5602 loqui
2574 5536 2803 5603 scriptor
2837 5534 3032 5589 infimae
3080 5545 3240 5599 notae,
3285 5537 3377 5590 sed
3411 5552 3515 5589 non

1953 5639 2178 5694 magnus
2216 5625 2305 5678 ille
2335 5624 2593 5689 Basilius,
2628 5626 2739 5694 qui,
2777 5624 2821 5677 si
2844 5625 3146 5693 eloquentia
3190 5640 3295 5678 non
3327 5640 3521 5679 omnes

1953 5718 2245 5784 superavit,
2281 5729 2425 5770 certe
2453 5732 2483 5767 a
2517 5716 2665 5770 nullo
2698 5731 2929 5784 unquam
2962 5725 3246 5783 superatus
3273 5727 3374 5771 est.
3408 5716 3514 5770 Nec

1954 5808 2173 5862 meliora
2218 5819 2344 5877 puto
2388 5807 2496 5871 illa,
2542 5823 2661 5876 qua
2695 5823 2798 5863 non
2836 5811 2904 5861 ita
2940 5807 3106 5861 multo
3138 5807 3274 5863 infra
3327 5809 3517 5879 legun-
