4040 6468
508 436 723 480 ccxxx”

1861 412 2376 471 PROLLGOMENA

511 550 598 595 tur
626 535 841 609 (p.506)
863 553 875 589 :
900 533 1125 606 Εἴρηται
1146 532 1336 595 ταῦτα,
1369 534 1462 587 καὶ
1478 533 1593 585 ἐστι
1624 532 1827 597 καλῶς,
1854 532 1929 596 ὡς
1952 533 2085 601 ἔστι,

2198 543 2483 605 ganterque
2504 552 2566 592 ac
2602 539 2825 608 copiose
2854 539 3132 608 probasset
3158 554 3340 593 vocem
3380 559 3398 593 ι
3436 541 3709 614 ingenitus
3734 565 3755 599 ι

509 629 624 691 τοῖς
671 624 1013 697 ἀπεριέργως
1068 623 1416 677 πιστεύουσιν
1454 625 1534 687 είς
1573 622 1737 688 Θεόν,
1775 634 1881 677 etc.
1928 625 2088 680 «Haec

511 724 653 777 dicta
683 729 829 786 sunt,
861 726 917 772 et
954 730 1078 771 sunt
1112 726 1279 784 recte,
1316 718 1475 771 siculi
1529 726 1676 783 sunt,
1714 715 1803 782 iis,
1854 718 1943 785 qui
1972 716 2089 771 sine

512 810 724 867 curiosa
756 810 1175 880 investigatione
1207 809 1433 863 credunt
1466 808 1518 861 in
1556 809 1743 873 Deum,
1771 826 1789 860 ι
1827 817 1933 862 etc.
1966 806 2088 864 Haec

515 909 661 965 enim
686 923 811 963 cum
840 907 976 977 lego,
1004 905 1305 961 Grazculum
1334 906 1718 961 balbutientem
1749 907 1938 960 audire
1961 905 2087 960 mihi

517 1001 725 1056 videor.
748 999 902 1053 Libet
925 998 1125 1052 referre
1160 1009 1215 1053 ct
1259 996 1369 1063 illa,
1408 1013 1527 1066 qua:
1563 1012 1682 1051 mox
1701 996 2086 1066 sequuntur-(p.

517 1091 644 1155 508)
669 1109 681 1144 :
699 1088 858 1143 Ἀλλὰ
874 1090 963 1143 καὶ
984 1088 1059 1159 τῷ
1075 1088 1229 1142 ὕδατι
1262 1087 1705 1161 συναριθμεῖσθαι
1722 1088 1853 1141 αὐτὸ
1869 1089 1994 1160 φῂς,
2016 1088 2091 1152 ὼς

517 1183 619 1255 τῆς
645 1181 871 1246 κτίσεως
897 1180 975 1235 6v.
1020 1198 1038 1233 ι
1069 1181 1175 1235 Sed
1199 1189 1395 1236 etcum
1428 1197 1564 1252 aqua
1592 1184 1729 1239 dicis
1749 1198 1873 1238 eum
1904 1199 2091 1238 nume-

519 1275 629 1330 rari
679 1284 935 1344 tanquam
986 1274 1076 1341 qui
1124 1282 1386 1327 creatura:
1441 1274 1529 1328 sit.
1562 1291 1582 1327 ι
1636 1273 1978 1345 Interpretari
2023 1274 2090 1326 ad

517 1366 741 1420 verbum
800 1365 972 1429 volui,
1038 1374 1096 1423 ut
1138 1366 1402 1421 sermonis
1448 1365 1845 1421 inconcinnitas
1887 1365 2091 1435 asperi-

519 1467 709 1528 tasque
736 1457 992 1512 lectorem
1027 1454 1197 1525 aitagis
1231 1465 1463 1512 moveat.
1514 1455 1646 1510 Nam
1678 1457 1851 1512 libens
1883 1470 2090 1526 quaere-

521 1565 633 1605 rem
667 1549 794 1619 quid
820 1548 919 1602 sibi
945 1547 1074 1601 velit
1104 1547 1257 1613 illud,
1297 1546 1384 1611 Ὠς
1415 1545 1514 1618 τῆς
1544 1547 1773 1611 κτίσεως
1800 1547 1881 1612 δν,
1921 1565 1940 1599 ο
1980 1556 2092 1600 tau-

518 1653 682 1709 quam
719 1635 808 1708 qui
835 1644 1102 1692 creatura:
1142 1636 1246 1690 sit:
1275 1654 1293 1687 ι
1327 1645 1418 1689 aut
1464 1637 1642 1705 putius
1674 1652 1989 1707 quaererem,
2020 1653 2087 1692 an

518 1733 781 1789 barbarus
824 1740 917 1786 aut
950 1731 1153 1802 Scytha
1181 1731 1551 1787 inconcinnius
1586 1747 1819 1801 unquam
1842 1742 1895 1786 et
1925 1731 2088 1786 inele-

519 1825 735 1896 gantius
762 1824 973 1879 locutus
1001 1823 1092 1879 sit.

589 1916 678 1971 67.
716 1916 1004 1971 Auctorem
1053 1913 1193 1968 male
1235 1913 1541 1983 loquentem
1591 1913 1853 1969 hactenus
1883 1912 2085 1969 audivi-

522 2025 643 2064 mus
673 2024 688 2063 :
723 2022 864 2062 nunc
894 2007 1142 2061 eumdem
1168 2005 1323 2075 pejus
1353 2004 1761 2059 ratiocinantem
1792 2008 2090 2062 audiamus.

518 2104 594 2157 tta
650 2103 811 2173 igitur
861 2100 1131 2170 loquitur,
1191 2098 1277 2152 ubi
1333 2096 1570 2152 ostendit
1601 2110 1786 2151 vocem
1834 2096 2091 2167 ingenitus

520 2191 879 2248 substantiam
922 2190 1093 2259 ipsam
1141 2202 1249 2242 non
1297 2201 1454 2251 esse,
1498 2186 1591 2241 sed
1628 2202 1792 2241 unum
1824 2188 2091 2257 quoddam

520 2302 587 2339 cx
623 2283 964 2348 nominibus,
1024 2295 1116 2336 seu
1163 2279 1380 2334 modum
1430 2280 1715 2347 quemdam
1762 2280 2089 2333 exsistendi:

519 2378 584 2431 Et
609 2378 638 2431 6
667 2375 847 2447 γνοὺς,
880 2374 963 2427 δτι
997 2370 1288 2443 ἀγέννητὸς
1340 2371 1489 2423 ἐστιν
1539 2373 1568 2423 6
1612 2369 1762 2433 Θεὸς,
1809 2369 1837 2423 ὃ
1880 2369 1934 2423 τί
1965 2370 2095 2422 ποτέ

519 2469 669 2522 ἐστιν
692 2466 721 2517 6
745 2463 876 2527 Θεὸς
906 2461 1149 2534 ἀκριὸὦς
1182 2459 1352 2528 ἔγνω,
1383 2456 1569 2531 μεῖξον
1594 2458 1651 2513 δὲ
1676 2459 1826 2512 οὐδέν
1858 2461 1972 2513 ἐστι
2002 2458 2094 2512 τοῦ

520 2560 610 2614 τὸν
639 2557 771 2612 Θεὸν
802 2555 940 2610 κατὰ
979 2555 1077 2625 τὴν
1123 2551 1288 2607 αὐτοῦ
1330 2552 1490 2622 φύσιν
1535 2552 1771 2622 γνῶναι,
1806 2552 1921 2607 ἀλλ’
1955 2551 2095 2623 αὕτη

519 2653 668 2710 ἔστιν
706 2652 739 2723 ἠ
772 2646 988 2713 αἰώνιος
1017 2647 1127 2719 ζωή
1154 2665 1166 2677 ·
1197 2649 1225 2701 6
1257 2645 1472 2711 διδάξας
1499 2647 1666 2716 ἡμᾶς.
1698 2645 1778 2699 ὅτι
1804 2645 2095 2716 ἀγέννητός

520 2746 668 2800 ἔστιν
699 2742 730 2795 6
762 2740 914 2803 Θεὸς,
964 2736 1164 2810 μείζων
1199 2737 1551 2810 εὑρεθήσεται
1590 2730 1663 2790 ὧν
1704 2738 1733 2790 6
1772 2736 1902 2802 Θεὸς
1944 2738 2095 2810 ἡτοί-

523 2852 664 2910 μασε
690 2836 804 2897 τοῖς
838 2832 1125 2901 ἀγαπῶσιν
1173 2830 1355 2886 αὐτόν.
1400 2830 1651 2885 Ἐκείνων
1679 2831 1786 2903 γὰρ
1813 2832 1962 2885 οὐδὲν
2001 2832 2094 2886 δυ-

522 2932 680 2987 νατὸν
707 2929 989 3002 ἄνθρωπον
1022 2928 1151 2982 ὄντα
1178 2926 1411 2996 γνῶναι·
1455 2920 1530 2979 ὧν
1569 2924 1691 2978 οὔτε
1719 2924 1990 2994 ὀφθαλμός
2016 2940 2097 2986 τις

522 3018 685 3086 εἶδεν,
720 3018 844 3073 οὔτε
868 3014 960 3082 οὖς
990 3019 1245 3087 ἧκουσεν,
1279 3015 1403 3068 οὕτε
1435 3015 1528 3068 ἐπὶ
1553 3014 1781 3085 καρδίαν
1809 3012 2096 3086 ἀνθρώπου

524 3111 711 3182 ἀνέϐη.
751 3110 911 3163 Ἀλλὰ
937 3110 1044 3180 μὴν
1070 3108 1164 3161 καὶ
1185 3105 1500 3181 ἁμαρτωλοὶ
1524 3106 1583 3161 τὸ
1609 3107 1902 3179 ἀγέννητὸς
1928 3107 2096 3178 ὄνομα

2190 628 2553 683 substantiam
2590 630 2762 700 ipsam
2807 644 2913 685 non
2969 644 3108 697 esse,
3155 632 3250 686 sed
3288 631 3500 702 aliquod
3533 650 3757 703 nomen,

2189 726 2373 788 postea
2416 720 2481 773 de
2521 720 2707 775 eodem
2753 731 3072 791 argumento
3103 722 3156 775 in
3206 721 3343 776 libro
3379 736 3570 792 quarto
3614 729 3758 783 scri-

2187 811 2385 880 psisset
2434 813 2662 869 obscure
2707 825 2869 884 atque
2905 814 3275 884 ineleganter?
3310 815 3415 869 Sed
3467 831 3573 872 non
3618 834 3757 889 opus

2187 912 2269 957 est
2290 903 2492 958 nostris
2518 905 2719 972 verbis,
2753 904 3151 960 utostendatur
3170 920 3355 960 eorum
3391 922 3510 975 quae
3535 908 3586 961 in
3615 910 3759 966 libro

2188 994 2364 1061 primo
2393 1004 2447 1049 et
2484 1005 2678 1063 quarto
2710 998 2956 1066 leguntur
2980 1011 3084 1050 non
3109 1011 3274 1050 unum
3295 1004 3348 1049 et
3375 998 3623 1052 eumdem
3656 1014 3754 1054 au-

2189 1095 2394 1138 ctorem
2428 1100 2588 1141 esse:
2630 1090 2724 1140 sed
2762 1089 2893 1143 satis
2940 1097 3045 1152 est,
3078 1087 3125 1142 si
3170 1087 3304 1141 alter
3335 1086 3484 1143 locus
3512 1104 3636 1143 cum
3679 1089 3762 1144 al-

2192 1186 2307 1231 tero
2331 1186 2693 1246 comparetur.
2722 1176 2853 1232 Nam
2898 1178 3299 1234 eruditissimus
3338 1181 3569 1248 quisque
3599 1190 3659 1235 ut
3704 1180 3759 1235 in

2191 1270 2361 1338 primo
2396 1270 2535 1324 libro
2574 1269 2870 1324 masculum
2920 1270 3190 1341 quoddam
3222 1271 3433 1326 dicendi
3472 1285 3641 1341 genus
3665 1272 3763 1327 mi-

2191 1363 2419 1429 rabitur,
2469 1362 2541 1415 ita
2584 1362 2639 1417 in
2668 1370 2863 1432 quarto
2891 1362 3095 1419 debiles
3126 1364 3386 1433 quasdam
3428 1362 3762 1419 ratiunculas

2192 1457 2316 1513 huic
2363 1457 2614 1528 scriptori
2670 1456 3067 1527 perfamiliares
3119 1457 3383 1514 fastidiet.
3408 1456 3575 1512 Paulo
3618 1458 3760 1512 infra

2191 1566 2313 1605 eum
2364 1566 2520 1621 quem
2570 1552 2729 1606 citavi
2780 1550 2979 1617 locum,
3034 1553 3288 1624 leguntur
3328 1553 3417 1606 illa
3474 1553 3550 1621 (p.
3580 1551 3759 1623 286):

2191 1644 2253 1696 Εί
2283 1643 2537 1698 ἐλάττονα
2558 1647 2585 1699 6
2612 1644 2745 1708 Θεὸς
2774 1645 3123 1715 δημιουργεῖν
3143 1646 3242 1697 οὐκ
3273 1644 3507 1715 ἠδύνατο
3526 1644 3620 1697 τοῦ
3639 1642 3762 1707 ἑνὸς

2192 1734 2343 1799 Υίοῦ,
2374 1735 2462 1789 διὰ
2490 1735 2548 1788 τὸ
2580 1736 2653 1807 μὴ
2683 1734 3004 1806 πεφυκέναι,
3044 1734 3164 1788 οὐδὲ
3201 1737 3229 1788 6
3268 1735 3396 1799 Υἱὸς
3429 1736 3538 1806 ἄρα
3566 1733 3759 1805 διάφο-

2195 1845 2263 1899 ρα
2305 1828 2717 1899 δημιουργήσει,
2771 1827 2907 1883 ἀλλὰ
2939 1826 2997 1883 ἓν
3038 1844 3109 1880 τι.
3150 1845 3169 1878 ι
3216 1827 3274 1882 Si
3315 1827 3455 1883 Deus
3494 1827 3758 1897 pauciora

2195 1935 2301 1976 uno
2334 1920 2472 1976 Filio
2516 1921 2749 1977 condere
2782 1936 2889 1976 non
2931 1928 3179 1991 poterat,
3216 1920 3359 1990 quod
3405 1928 3611 1974 naturae
3646 1934 3763 1975 sua

2194 2026 2301 2068 non
2338 2009 2631 2068 convenit:
2671 2010 2834 2081 igitur
2866 2027 2965 2069 nec
2994 2013 3166 2069 Filius
3188 2014 3382 2068 condet
3412 2011 3761 2076 diversa,sed

2193 2114 2357 2154 unum
2403 2100 2553 2172 quid.
2598 2118 2618 2153 ι
2664 2098 2791 2155 Haec
2832 2104 3107 2170 quomodo
3154 2102 3296 2157 inter
3326 2116 3384 2156 se
3426 2099 3760 2161 cohereant,

2194 2192 2331 2248 alius
2374 2194 2592 2269 viderit.
2648 2191 2744 2248 His
2796 2194 3116 2265 suljungam
3161 2195 3250 2250 illa
3294 2193 3371 2266 (p.
3413 2192 3541 2263 291)
3569 2210 3582 2245 :
3612 2192 3676 2245 Et
3704 2189 3769 2244 τὸ

2194 2284 2406 2355 θέλημα
2448 2283 2542 2337 τοῦ
2585 2284 2798 2356 Πατρός
2840 2286 2973 2351 ἐστι,
3000 2286 3062 2339 τὸ
3084 2286 3355 2340 πιστεύειν
3391 2286 3540 2357 ἡμᾶς
3566 2284 3649 2349 είς
3671 2282 3768 2339 τὸν

2196 2377 2325 2431 Υἱὸν
2355 2375 2519 2431 αὑτοῦ
2559 2378 2765 2450 (Τοῦτο
2806 2376 2916 2448 γάρ
2960 2378 3093 2431 ἐστι
3128 2378 3194 2431 τὸ
3229 2378 3456 2448 θέλημα
3486 2378 3593 2433 τοῦ
3620 2376 3769 2448 πέμ-

2194 2469 2427 2536 ψαντός
2443 2487 2538 2540 με,
2574 2470 2675 2525 ἵνα
2714 2468 2835 2538 πᾶς
2866 2472 2899 2524 d
2932 2465 3165 2538 θεωρῶν
3192 2469 3300 2523 τὸν
3343 2470 3498 2534 flor,
3540 2469 3640 2523 καί
3670 2484 3765 2522 πι-

2194 2546 2426 2614 στεύων
2452 2564 2537 2628 είς
2566 2561 2770 2629 αὐτὸν,
2806 2560 2918 2631 ἔχῃ
2947 2558 3101 2628 ζωὴν
3128 2558 3410 2625 αἰώνιον),
3451 2560 3551 2615 οὐκ
3583 2560 3649 2614 ὲκ
3678 2558 3768 2612 θε-

2196 2652 2435 2723 λήματος
2466 2654 2494 2706 ὸ
2522 2653 2667 2717 Υίὸς,
2712 2654 2833 2707 ἐπεὶ
2878 2655 2937 2707 τὸ
2979 2652 3255 2708 πιστεύειν
3286 2655 3435 2726 ἡμᾶς
3459 2653 3537 2718 είς
3576 2652 3768 2718 αὐτὸν,

2194 2744 2228 2816 ἢ
2264 2744 2361 2799 σὺν
2386 2741 2554 2814 αὐτῷ,
2585 2742 2618 2813 ἢ
2646 2743 2751 2813 πρὸ
2776 2743 2941 2796 αὐτοῦ
2988 2744 3321 2814 εὑρίσκεται.
3365 2763 3383 2796 ι
3421 2743 3477 2798 Si
3510 2744 3769 2797 voluntas

2196 2835 2371 2892 Patris
2404 2844 2509 2901 est,
2543 2843 2603 2889 ut
2642 2849 2740 2890 nos
2773 2835 2825 2889 in
2870 2834 2989 2904 ejus
3030 2834 3225 2890 Filium
3284 2836 3573 2891 credamus
3613 2831 3772 2903 (Hice

2195 2938 2267 2981 est
2292 2927 2427 2981 enim
2449 2926 2690 2982 uoluntas
2723 2926 2841 2995 ejus
2866 2926 2953 2993 qui
2982 2939 3064 2977 me
3095 2925 3257 2988 misit,
3285 2936 3341 2978 ut
3366 2925 3534 2977 omnis
3563 2925 3653 2993 qui
3702 2926 3771 2977 vi-

2194 3020 2277 3074 det
2316 3017 2552 3083 Filium,
2589 3029 2635 3072 et
2658 3017 2826 3072 credit
2852 3019 2907 3072 in
2941 3017 3137 3086 ipsum,
3181 3015 3367 3069 habent
3407 3016 3568 3068 vitam
3613 3023 3763 3068 teter-

2197 3110 2418 3183 nam“),
2463 3123 2569 3164 non
2619 3118 2798 3164 tamen
2837 3120 2920 3165 est
2946 3123 3012 3164 ex
3040 3108 3315 3165 voluntate
3340 3106 3770 3178 Filiuszquippe

527 3204 786 3274 ἥκουσαν.
808 3201 880 3254 Τὸ
904 3199 1086 3271 μεῖζον
1107 3195 1200 3253 οὖν
1218 3199 1252 3269 ἦ
1268 3200 1334 3253 δι’
1358 3198 1549 3252 ἑαυτοῦ
1564 3199 1597 3268 ἢ
1612 3198 1677 3251 δι’
1697 3198 1882 3268 ἑτέρου
1908 3199 1935 3248 6
1966 3197 2094 3261 Θεὸς

2199 3202 2421 3256 credere
2449 3213 2547 3255 nos
2579 3199 2633 3252 in
2662 3200 2858 3268 ipsum,
2889 3213 2981 3255 aut
3008 3217 3129 3255 cum
3163 3202 3296 3272 ipso,
3324 3210 3416 3255 aut
3439 3209 3565 3261 ante
3595 3200 3772 3269 ipsum

526 3294 651 3355 τοὺς
674 3291 1031 3362 ἁμαρτωλοὺς
1046 3288 1284 3353 διδάξας,
1301 3289 1363 3340 τὸ
1375 3282 1536 3359 ἧττον
1566 3288 1658 3339 καὶ
1677 3286 1842 3357 μηδὲν
1860 3287 1939 3350 είς
1953 3286 2094 3359 ζωὴν

2206 3289 2494 3347 invenitur.
2533 3306 2553 3342 ι
2588 3287 2717 3355 Quae
2744 3289 2908 3342 verba
2935 3290 3064 3356 quid
3094 3292 3198 3344 sibi
3232 3293 3416 3356 velint,
3444 3306 3509 3346 ne
3548 3291 3769 3361 Mopsus

526 3383 741 3440 αἰώνιον
781 3381 1065 3436 συντελοῦν
1109 3382 1219 3444 τοῖς
1253 3379 1480 3444 δικαίοις
1525 3378 1775 3451 ἐφύλαξε.
1824 3380 1934 3434 Καὶ
1979 3380 2095 3444 πῶς

526 3477 625 3530 οὐκ
649 3474 880 3541 ἄτοπον;
920 3492 939 3527 ι
964 3471 1021 3529 Si
1048 3472 1095 3529 is
1127 3472 1222 3542 qui
1251 3472 1503 3542 cognovit
1537 3471 1703 3528 Deum
1727 3484 1847 3528 esse
1888 3471 2094 3542 ingeni-

531 3582 668 3635 tum,
700 3566 827 3635 quid
863 3565 1077 3619 tandem
1107 3564 1181 3620 sit
1217 3562 1358 3619 Deus
1391 3570 1645 3618 accurate
1675 3560 1949 3634 cognovit,
1978 3576 2096 3616 rur-

531 3673 624 3714 sus
673 3657 719 3713 si
761 3655 891 3710 nihil
924 3652 1096 3722 majus
1118 3662 1202 3709 est
1227 3667 1387 3723 quam
1421 3653 1585 3707 Deum
1624 3652 1917 3708 secundum
1946 3660 2097 3705 natu-

530 3766 646 3806 ram
670 3748 840 3821 ipsius
864 3756 1214 3815 cognoscere,
1248 3742 1360 3796 imo
1385 3743 1431 3796 si
1463 3742 1577 3796 haac
1604 3751 1690 3797 est
1718 3744 1824 3796 vita
1858 3751 2093 3795 aeterna:

530 3843 623 3914 qui
669 3856 768 3897 nos
807 3838 991 3895 docuit
1029 3834 1323 3907 ingenitum
1352 3844 1473 3889 esse
1508 3832 1673 3886 Deum
1694 3869 1710 3896 ,
1744 3830 1791 3887 is
1820 3829 1991 3899 major
2019 3831 2101 3883 in-

530 3933 776 3990 venietur
833 3932 900 3989 iis
952 3945 1073 4001 quae
1132 3928 1273 3984 Deus
1326 3926 1671 3998 diligentibus
1730 3925 1903 3994 ipsum
1962 3937 2100 3993 pra:-

528 4026 758 4097 paravit.
801 4024 932 4079 Nam
980 4022 1097 4077 fieri
1144 4036 1248 4076 nou
1298 4029 1473 4090 potest
1518 4030 1577 4075 ut
1614 4023 1776 4076 homo
1804 4018 2096 4090 quidquam

528 4123 817 4189 cognoscat
872 4127 1079 4179 eorum,
1128 4126 1246 4183 qua
1298 4124 1398 4167 nec
1430 4111 1621 4166 oculus
1648 4111 1800 4177 vidit,
1849 4126 1950 4167 nec
1998 4125 2099 4166 au-

530 4212 609 4265 ris
667 4206 908 4269 audivit,
958 4220 1078 4277 qua:
1126 4219 1226 4261 nec
1272 4203 1329 4258 in
1389 4216 1485 4259 cor
1552 4200 1788 4257 hominis
1837 4202 2097 4257 ascende-

531 4310 658 4359 runt
687 4300 755 4354 ⁶¹.
805 4298 966 4366 Atqui
1014 4304 1324 4367 peccatores
1369 4294 1532 4348 etiam
1586 4302 1780 4347 nomen
1833 4290 2100 4358 ingenitus

532 4392 805 4447 audivere.
864 4390 1015 4457 Quod
1065 4389 1230 4459 igitur
1277 4385 1452 4452 majus
1500 4392 1604 4451 est,
1661 4383 1713 4437 id
1772 4390 1865 4434 aut
1910 4394 2005 4450 per
2041 4393 2101 4435 se

533 4484 707 4553 ipsum
741 4486 835 4534 aut
863 4491 959 4548 per
989 4476 1152 4530 alium
1188 4474 1328 4532 Deus
1354 4485 1667 4545 peccatores
1696 4472 1876 4528 docuit
1911 4485 1925 4523 :
1958 4468 2099 4540 quod

2203 3382 2420 3453 quidem
2448 3389 2542 3437 aut
2582 3378 2821 3450 (Edipus
2869 3377 3049 3442 facile,
3089 3380 3302 3446 opinor,
3348 3382 3629 3434 divinarit.
3656 3382 3771 3434 An-

2202 3486 2317 3531 ctor
2345 3476 2410 3530 de
2440 3473 2713 3529 Abraham
2740 3471 2986 3541 loquens,
3022 3468 3101 3525 sic
3134 3469 3411 3539 scribit(p.
3436 3468 3564 3539 5H)
3585 3487 3599 3523 :
3618 3469 3775 3523 Ἐπί-

2204 3583 2391 3621 στευσε
2417 3565 2474 3620 δὲ
2501 3564 2752 3637 Ἀϐραὰμ
2772 3562 2850 3635 τῷ
2873 3560 3012 3635 Θεῷ,
3035 3560 3354 3615 ἐπίστευσεν
3372 3558 3448 3625 ὡς
3470 3559 3654 3625 αὐτὸς,
3677 3561 3777 3615 καὶ

2201 3660 2300 3713 οὐκ
2328 3659 2623 3730 ἠπίστησεν
2648 3657 2723 3722 ὡς
2753 3658 2929 3727 ὑμεῖς.
2958 3674 2979 3709 ι
3012 3654 3252 3711 Credidit
3284 3664 3464 3710 autem
3495 3653 3774 3709 Abraham

2204 3752 2335 3817 Deo,
2360 3751 2591 3808 credidit
2621 3762 2680 3805 ut
2704 3753 2850 3820 ipse,
2877 3764 2977 3804 nec
3004 3747 3315 3805 incredulus
3358 3746 3461 3804 fuit
3503 3756 3563 3804 ut
3595 3761 3711 3803 vos.
3746 3764 3774 3798 ι

2204 3843 2319 3899 Non
2346 3842 2497 3898 valde
2530 3843 2814 3896 admodum
2853 3841 3037 3895 dubito
3074 3839 3202 3908 quin
3232 3840 3335 3906 vir,
3369 3855 3488 3895 cum
3515 3840 3597 3897 sic
3624 3839 3776 3896 locu-

2204 3945 2292 3991 tus
2329 3942 2434 4000 est,
2463 3947 2562 4002 pro
2602 3930 2897 3987 salsissimo
2921 3931 3187 4002 scriptore
3229 3939 3285 3985 et
3327 3929 3644 3983 acutissimo
3675 3928 3774 3983 ha-

2204 4024 2318 4081 beri
2374 4021 2636 4087 voluerit;
2706 4023 2800 4077 sed
2854 4034 3048 4075 vereor
3102 4033 3193 4085 ne,
3232 4033 3353 4074 cum
3384 4017 3488 4072 sibi
3535 4016 3771 4071 maxime

2204 4115 2422 4185 placuit,
2456 4115 2574 4169 aliis
2615 4124 2668 4168 et
2705 4112 2931 4181 frigidus
2978 4122 3033 4166 et
3076 4110 3289 4177 ineptus
3334 4121 3458 4162 esse
3502 4106 3772 4160 videatur.

2204 4207 2467 4262 Praeclara
2503 4212 2631 4261 sunt
2665 4216 2785 4272 qua:
2819 4201 3002 4254 videre
3034 4210 3116 4255 est
3142 4201 3421 4268 aliquanto
3453 4204 3599 4249 ante.
3632 4194 3777 4249 Sunt

2205 4308 2384 4353 autem
2423 4291 2687 4363 ejusmodi
2716 4289 2791 4362 (p.
2818 4287 2945 4357 512)
2976 4307 2989 4342 ι
3026 4288 3095 4339 Ἣ
3122 4286 3197 4350 ὡς
3226 4287 3353 4339 ὅταν
3376 4282 3487 4337 ἀπὸ
3526 4282 3715 4347 ὓδατος
3736 4283 3775 4355 ἢ

2205 4389 2352 4443 λίθου
2388 4386 2518 4459 πῦρ,
2552 4385 2583 4455 ἢ
2610 4382 2776 4455 ἄλλης
2808 4380 2952 4443 τινὸς
2982 4378 3113 4450 ὕλης
3148 4377 3405 4440 ὡσαύτως
3432 4376 3494 4430 τὸ
3535 4375 3776 4431 τοιοῦτον

2206 4482 2429 4553 γένηται
2459 4479 2586 4550 πῦρ.
2629 4495 2647 4528 ι
2683 4477 2792 4530 Aut
2828 4475 2967 4528 sicut
3014 4488 3136 4528 cum
3185 4486 3254 4528 ex
3282 4485 3418 4539 aqua
3463 4478 3556 4523 aut
3595 4468 3777 4540 lapide

531 4586 661 4629 vero
694 4570 874 4627 minus
906 4576 991 4624 est
1018 4566 1260 4635 nihilque
1290 4567 1356 4621 ad
1390 4565 1555 4621 vitam
1578 4576 1833 4622 aternam
1861 4563 2097 4626 cunt’ert,
2128 4590 2175 4646 ι)
2211 4572 2368 4640 ignis,
2408 4580 2501 4623 aut
2543 4585 2608 4625 ex
2663 4568 2767 4622 alia
2813 4566 3000 4635 quavis
3034 4564 3287 4631 materia,
3341 4562 3594 4619 similiter
3634 4562 3777 4632 ignis

534 4666 585 4719 id
612 4663 779 4733 justis
828 4660 1083 4717 servavit.
1136 4657 1201 4713 Et
1230 4656 1497 4727 quomodo
1526 4656 1628 4711 hoc
1653 4657 1944 4712 absurdum
1993 4671 2098 4712 non

2206 4665 2375 4717 tieret.
2416 4679 2434 4712 ι
2473 4661 2698 4729 Reliqua
2737 4657 2952 4726 quidem
2977 4673 3085 4713 non
3113 4656 3489 4713 incommode:
3516 4654 3611 4710 sed
3641 4666 3776 4725 puto

532 4752 657 4807 est?
692 4768 711 4803 ι
747 4750 894 4815 Hec,
924 4748 1026 4803 etsi
1047 4744 1632 4818 longiora,exscribere
1651 4761 1751 4799 non
1786 4747 1971 4815 piguit,
1997 4761 2105 4815 quo
2202 4751 2475 4810 hominem
2514 4752 2708 4808 mentis
2749 4761 3049 4827 compotem
3106 4765 3213 4804 non
3254 4748 3443 4811 fuisse,
3497 4748 3541 4802 si
3594 4749 3681 4803 cui
3714 4762 3775 4800 se

535 4845 708 4912 tuagis
738 4843 1023 4897 character
1050 4839 1330 4909 scriptoris
1373 4838 1676 4893 innotescat
1708 4848 1762 4891 et
1806 4839 2101 4907 ingenium.

534 4934 674 5003 Quid
718 4932 890 5003 magis
917 4931 969 4985 in
1010 4930 1093 4984 his
1123 4931 1303 4983 mirari
1337 4932 1567 4993 subeat,
1602 4929 1806 4995 nescio,
1839 4930 2102 4984 inutilita-

537 5038 643 5084 tem
671 5040 740 5080 an
784 5022 1079 5092 ineptiam?
1109 5020 1270 5087 Quid,
1300 5036 1503 5088 quaeso,
1537 5030 1644 5076 tam
1681 5019 1902 5075 verbosa
1937 5022 2101 5075 ratio-

537 5118 737 5175 cinatio
777 5114 843 5169 ad
895 5129 1007 5169 rem
1050 5112 1210 5168 facit?
1262 5110 1402 5174 Quid
1449 5124 1668 5166 causam
1717 5110 1915 5181 juvat?
1958 5110 2097 5178 Quid

538 5211 699 5265 habet
722 5205 1016 5261 momenti?
1037 5202 1230 5257 Verbis
1252 5202 1419 5273 ipsius
1448 5200 1729 5269 scriptoris
1754 5209 1896 5265 utar,
1925 5218 1943 5252 ι
1968 5216 2101 5271 quo-

537 5298 695 5353 modo
740 5296 843 5349 hoc
890 5293 1179 5348 absurdum
1223 5307 1327 5348 non
1383 5290 1504 5348 est?
1538 5311 1556 5343 ι
1600 5292 1780 5363 Neque
1826 5293 2100 5361 indignum

536 5399 677 5459 puto.
718 5386 859 5455 quod
904 5394 1146 5447 notetur,
1190 5386 1407 5438 tractari
1438 5397 1652 5454 quoque
1681 5385 1732 5439 in
1765 5386 1940 5457 primo
1963 5384 2101 5439 libro

538 5480 641 5534 hoc
684 5478 823 5533 idem
851 5484 1226 5542 argumentum
1269 5479 1345 5544 (p.
1378 5475 1475 5529 2‘21
1524 5485 1576 5530 et
1614 5480 1822 5547 seqq.),
1854 5476 2105 5530 videlicet

538 5584 725 5626 vocem
764 5586 782 5621 ι
821 5568 1089 5637 ingenitus
1124 5586 1141 5615 ι
1186 5567 1540 5622 substantiam
1583 5567 1751 5636 ipsam
1807 5582 1911 5621 non
1958 5581 2099 5629 esse,

537 5664 633 5718 scd
663 5674 855 5715 nomen
888 5658 1175 5728 quoddam.
1197 5659 1287 5719 At.
1318 5673 1517 5727 quasso,
1551 5658 1677 5729 quid
1708 5659 1896 5716 fuisset
1922 5660 2100 5714 homi-

539 5757 626 5812 nis
656 5752 902 5815 Basilius,
931 5750 998 5811 si,
1038 5760 1317 5820 postquam
1351 5750 1402 5805 in
1424 5751 1599 5820 primo
1634 5751 1770 5809 libro
1811 5751 1955 5807 clare
1982 5750 2090 5806 ele-

610 5871 654 5906 ⁶¹
686 5867 706 5923 ι
738 5866 861 5921 Cor.
897 5880 957 5930 ll,
994 5864 1047 5920 9.
1135 5867 1176 5899 "
1205 5864 1361 5922 Joan.
1389 5866 1572 5933 vnto.

2205 4848 2304 4902 hoc
2331 4847 2564 4917 probare
2586 4856 2741 4912 posse
2768 4845 3084 4914 speraverit,
3118 4842 3369 4897 videlicet
3391 4842 3505 4897 ﬂeri
3536 4856 3604 4897 ex
3632 4854 3774 4909 aqua

2203 4939 2404 5007 ignem.
2463 4935 2612 4991 Unus
2652 4938 2892 4992 omnium
2940 4932 3286 4990 felicissimus
3332 4944 3416 4991 est
3458 4931 3689 4989 Basilius
3718 4929 3774 4985 in

2205 5025 2491 5098 seligendis
2520 5026 2782 5096 exemplis
2808 5025 2949 5095 aptis
2978 5040 2992 5077 :
3030 5021 3122 5092 qui
3152 5032 3283 5095 ergo
3317 5022 3433 5079 fieri
3481 5021 3677 5091 potuit,
3713 5032 3777 5077 ut

2206 5115 2453 5185 exemplo
2478 5124 2585 5169 tam
2615 5114 2795 5186 inepto
2828 5124 3049 5181 tamque
3076 5098 3313 5169 absurdo
3346 5126 3473 5166 usus
3501 5109 3608 5165 sit?
3638 5110 3773 5179 Quae

2208 5216 2385 5263 autem
2417 5205 2576 5261 fuerit
2608 5206 2885 5277 scriptoris
2925 5204 3201 5278 diligentia
3224 5246 3240 5271 ,
3271 5201 3422 5273 quasi
3450 5203 3770 5274 praeteriens

2209 5302 2493 5355 adnotabo.
2515 5299 2605 5354 Sic
2630 5302 2796 5368 igitur
2818 5298 3004 5353 scribit
3027 5298 3101 5370 (p.
3119 5296 3244 5363 318)
3266 5313 3279 5347 :
3299 5294 3405 5348 Καὶ
3428 5294 3529 5371 τῆς
3548 5292 3772 5365 Μαρίας

2208 5391 2498 5461 λεγούσης·
2542 5391 2695 5445 Κατὰ
2742 5389 2793 5442 τί
2834 5388 3111 5459 γνώσομαι
3151 5385 3326 5451 τοῦτο,
3366 5389 3487 5441 ἐπεὶ
3508 5386 3679 5458 ἄνδρα
3706 5386 3771 5445 οὐ

2209 5485 2487 5551 γινώσκω;
2529 5500 2547 5533 ι
2601 5483 2815 5535 Etcum
2860 5480 3026 5534 Maria
3061 5479 3263 5533 diceret
3308 5495 3323 5533 :
3367 5476 3644 5545 Quomodo
3675 5493 3767 5533 co-

2206 5589 2457 5643 gnoscam
2477 5574 2641 5635 istud,
2666 5572 3092 5642 quandoquidem
3116 5569 3286 5625 virum
3310 5586 3416 5626 non
3433 5568 3763 5638 cognosco‘h

2209 5661 2406 5717 Ultima
2440 5665 2625 5725 verba,
2666 5682 2684 5712 ι
2725 5659 3168 5730 Quandoquidem
3217 5660 3391 5713 virum
3423 5673 3525 5712 non
3565 5671 3769 5728 cogno-

2201 5768 2313 5819 sco,
2335 5772 2355 5807 ›
2380 5752 2557 5810 Mariae
2586 5753 2799 5825 quidem
2816 5766 2932 5809 esse
2964 5766 3124 5808 nemo
3151 5750 3485 5807 inﬁciabitur
3511 5749 3600 5821 (ex
3628 5747 3764 5805 Luc.
