4040 6472
1393 389 1455 441 D.
1496 390 1635 442 JUL.
1675 388 1995 444 GARNERII
2035 390 2420 445 PREFATIO.

3243 414 3476 451 εειιιιιι

256 513 307 567 ι,
336 500 429 572 δι)
462 520 475 556 :
510 502 601 554 sed
629 500 833 567 priora,
868 518 885 551 ι
919 498 1197 565 Quomodo
1251 510 1575 566 cognoscam
1610 500 1769 559 istud,
1803 515 1818 546 ι
1854 502 1901 554 A
1931 501 2021 563 qui
2054 502 2151 554 nos
2190 501 2355 553 libros
2381 501 2580 556 Basilio
2611 503 2871 565 tribuunt,
2905 520 2998 559 cur
3019 504 3105 558 hic
3135 504 3291 558 aliter
3323 521 3482 573 quam

250 588 537 647 Zacharize
562 601 682 642 esse
710 596 923 643 constat
946 602 1010 640 ex
1039 585 1168 641 Luc.
1201 602 1237 648 ι,
1272 586 1358 639 18.

326 683 419 739 68.
458 680 727 739 Hactenus
768 683 884 737 loca
928 678 1194 748 quaedam,
1243 691 1362 748 qua:
1406 676 1641 744 phrasim
1673 676 1821 733 Basi-

250 776 462 831 lianam
499 774 677 829 minus
699 772 933 841 sapiant,
965 771 1248 825 retulimus
1281 788 1293 823 :
1326 784 1470 822 nunc
1502 782 1661 822 voces
1687 772 1820 822 mul-

254 878 361 928 tas,
398 878 533 934 quas
564 866 616 919 in
653 861 897 933 genuinis
947 858 1132 916 Basilii
1171 859 1426 927 operibus
1466 858 1692 913 inveniri
1716 875 1818 914 non

251 966 530 1025 putamus,
563 958 649 1011 hic
673 952 834 1009 simul
858 967 1151 1026 congerere
1181 950 1334 1005 nobis
1366 954 1694 1021 propositum
1714 964 1817 1006 est.

257 1047 376 1103 Vox
412 1048 559 1114 Θὲσις
594 1047 770 1118 prima
816 1046 1068 1104 occurrit.
1103 1044 1242 1099 Nihil
1289 1054 1433 1100 certe
1475 1059 1535 1097 ea
1574 1059 1705 1100 voce
1737 1046 1818 1098 fa-

254 1141 523 1196 miliarius
557 1148 640 1193 est
675 1139 954 1210 scriptori,
988 1152 1084 1205 pro
1113 1151 1178 1191 eo
1211 1139 1350 1207 quod
1382 1145 1502 1191 esti
1527 1135 1762 1204 adoptio.
1794 1156 1811 1190 ι

255 1230 645 1303 Frequentiora
681 1241 805 1287 sunt
828 1230 1098 1295 exetupla,
1135 1243 1291 1295 quam
1323 1237 1381 1281 ut
1408 1227 1583 1297 aliqua
1612 1227 1664 1280 in
1704 1242 1815 1281 me-

254 1326 404 1377 dium
434 1321 676 1391 proferre
710 1335 933 1378 necesse
957 1321 1048 1373 sit.
1086 1319 1359 1388 Nusquam
1387 1328 1586 1383 tamen,
1606 1317 1813 1385 opinor,

251 1431 319 1468 ea
384 1428 483 1466 vox
538 1430 635 1485 pro
698 1413 983 1481 adoptione
1038 1412 1091 1467 in
1148 1411 1383 1467 sinceris
1437 1426 1499 1465 ac
1550 1410 1817 1478 germanis

252 1504 437 1558 Basilii
471 1505 619 1559 libris
646 1510 955 1573 usurpatur.
987 1502 1183 1559 Vocem
1205 1502 1461 1565 υἱοθεσία,
1508 1517 1612 1556 nou
1632 1514 1813 1554 vocem

249 1595 426 1661 θέσις,
464 1610 530 1651 eo
572 1594 843 1650 intellectu
893 1593 1149 1648 adbibere
1177 1595 1310 1647 solet
1352 1605 1537 1647 orator
1562 1592 1813 1662 optimus.

248 1684 415 1742 Certe
453 1687 497 1741 si
530 1686 685 1750 alias,
717 1683 947 1736 maxime
986 1681 1039 1733 in
1096 1680 1232 1735 libro
1283 1679 1358 1733 De
1388 1681 1592 1747 Spiritu
1634 1692 1812 1736 sancto

248 1788 306 1833 et
346 1780 399 1832 in
441 1776 614 1828 tribus
646 1773 834 1841 primis
870 1773 922 1825 in
971 1768 1285 1825 Eunomittm
1311 1770 1464 1825 libris
1505 1787 1695 1827 nomen
1728 1769 1812 1822 θέ-

1930 586 2136 640 solebat
2166 587 2376 641 locutus
2400 588 2490 648 sit,
2532 607 2696 657 seque
2744 591 2825 640 sni
2860 592 3175 645 dissimilem
3222 594 3487 658 praestite-

1926 675 2015 727 rit.
2053 673 2182 729 Illud
2213 678 2287 747 (p.
2322 675 2448 745 505)
2478 679 2622 730 :Ka‘t
2638 680 2697 732 τὸ
2731 678 2818 732 διὰ
2848 679 2974 730 Υἱοῦ
2999 680 3295 752 πεφηνέναι
3321 681 3489 748 σαφὲς

1927 764 2244 835 πεποίηκεν.
2273 788 2291 820 t
2322 766 2389 822 Et
2409 781 2502 837 per
2525 766 2715 821 Filium
2750 770 3014 825 effulsisse
3039 771 3241 825 cla‘rutn
3276 769 3429 836 fecit,
3463 790 3482 822 ι

1925 857 2138 910 videtur
2196 862 2326 914 mihi
2379 873 2485 915 non
2546 874 2731 926 parum
2782 878 2809 916 a
2860 862 3128 917 Basiliana
3180 863 3486 933 eloquentia

1937 949 2193 1003 alienum.
2222 948 2331 1007 Hac
2361 951 2571 1028 dicendi
2607 952 2854 1018 formula,
2886 955 3053 1025 σαφὲς
3088 956 3373 1027 πεποίηκε,
3393 970 3487 1028 p0-

1927 1042 2024 1093 tuit
2057 1042 2129 1094 uti
2171 1042 2400 1110 scriptor
2429 1025 2753 1107 indisertus,
2804 1060 2907 1097 non
2941 1047 3171 1103 Basilius
3209 1025 3483 1103 oratorum

1925 1133 2336 1188 disertissimus.
2396 1134 2842 1203 Peregriuitatem
2902 1136 3012 1190 olet
3077 1141 3208 1194 illttd
3274 1151 3487 1207 quoque

1922 1224 1995 1292 (p.
2032 1223 2153 1292 507)
2186 1242 2199 1277 :
2238 1223 2529 1295 Ἐκπομπῇ
2571 1226 2679 1296 γὰρ
2709 1227 2801 1279 καὶ
2855 1224 3132 1294 μεταδόσει
3171 1228 3488 1300 Πνεύματος

1919 1315 1988 1369 τὰ
2021 1317 2279 1388 γινόμενα
2312 1316 2537 1385 γίνεται.
2579 1336 2599 1368 ι
2633 1318 2763 1372 Nam
2819 1335 2938 1390 quae
2988 1320 3143 1389 fiunt,
3197 1324 3485 1378 emissione

1918 1414 2079 1474 atque
2137 1407 2551 1475 participatione
2605 1405 2835 1475 Spiritus
2890 1412 3040 1463 tiuut.
3075 1427 3093 1461 ι
3141 1408 3208 1463 Ει
3252 1426 3396 1477 vero,
3438 1417 3482 1469 si

1919 1496 2057 1563 bene
2089 1499 2468 1563 commemini,
2501 1512 2630 1553 voce
2666 1501 2921 1571 ἐκπομπή
2976 1516 3083 1557 non
3132 1502 3302 1555 utitur
3337 1502 3485 1559 Basi-

1918 1588 2037 1643 lius.
2082 1587 2235 1642 llaud
2284 1590 2489 1657 procul,
2526 1590 2590 1644 de
2643 1589 2843 1645 Davide
2885 1592 3105 1660 loquens
3159 1603 3350 1649 auctor
3408 1594 3486 1647 sic

1916 1680 2102 1734 scribit
2136 1680 2211 1748 (p.
2239 1679 2362 1751 509)
2394 1673 2407 1735 ἐ
2440 1681 2562 1735 Οὐδ’
2586 1681 2652 1735 ἂν
2682 1679 2779 1752 τὴν
2797 1681 2889 1734 τοῦ
2930 1682 3242 1752 Πνεῦματος
3280 1700 3487 1756 παρου-

1917 1771 2057 1837 σῐαν,
2092 1769 2276 1823 δούλου
2304 1772 2397 1825 καὶ
2425 1774 2722 1844 κτίσματος
2753 1773 2923 1838 ὄντος,
2957 1775 3048 1827 ἐπὶ
3084 1775 3259 1829 πάντα.
3278 1775 3485 1847 διήκειν

249 1885 336 1930 σις
370 1881 399 1919 a
427 1864 627 1919 Basilio
665 1866 911 1932 usurpari
948 1864 1225 1929 debuerat,
1257 1872 1378 1917 cum
1412 1862 1462 1915 in
1496 1861 1559 1918 iis
1586 1863 1654 1918 de
1688 1863 1797 1916 ador

1913 1863 2487 1935 ἔφαηενόὐμνῳδὸς.
2540 1843 2565 1915 ι
2601 1866 2782 1934 Neque
2830 1866 3066 1936 Spiritus
3115 1843 3481 1936 prmsentiam,

250 1960 436 2027 ptione
467 1955 721 2026 frequens
748 1956 820 2011 sit
844 1968 1025 2011 sermo
1058 1973 1073 2012 :
1108 1965 1308 2018 tamen,
1341 1954 1477 2021 quod
1511 1956 1578 2008 ab
1621 1954 1810 2008 borum

250 2049 483 2105 lectione
516 2064 705 2105 recens
732 2064 873 2113 sum,
902 2058 1160 2119 prtestare
1191 2047 1364 2100 audeo
1394 2048 1510 2117 ejus
1548 2061 1617 2103 ne
1644 2048 1807 2102 vesti-

247 2144 393 2212 gium
443 2142 661 2213 quidem
696 2141 751 2196 in
798 2142 884 2195 his
926 2149 1159 2195 exstare.
1195 2136 1455 2197 Similiter
1499 2154 1598 2194 vox
1631 2140 1810 2203 Θεῖκός

245 2234 687 2304 frequentissime
742 2232 794 2285 iu
851 2232 1061 2284 duobus
1100 2230 1188 2286 bis
1243 2230 1630 2299 pOsterioribus
1658 2231 1809 2285 libris

244 2335 508 2395 usurpata
552 2324 842 2379 invenitur.
879 2320 1052 2387 Quam
1084 2332 1262 2377 autem
1311 2320 1542 2376 alienum
1593 2320 1643 2375 id
1670 2321 1739 2374 sit
1776 2335 1808 2374 a

241 2414 429 2471 Basilii
484 2416 750 2479 instituto,
802 2426 868 2468 ex
915 2412 1032 2484 ejus
1079 2413 1321 2482 genuinis
1374 2412 1527 2466 libris
1574 2409 1806 2479 perspici

241 2516 440 2574 potest.
476 2504 710 2560 Fatebor
734 2503 947 2574 quidem
978 2518 1162 2558 vocem
1180 2502 1359 2567 θεῖκός
1388 2502 1441 2558 in
1471 2517 1531 2557 ea
1563 2502 1806 2556 oratione

238 2612 363 2663 qum
425 2597 566 2649 inter
620 2594 860 2651 diversas
908 2594 1119 2651 decima
1179 2593 1409 2665 septima
1471 2601 1801 2660 numeratur,

237 2691 347 2761 legi
379 2689 515 2744 :sed
550 2704 728 2744 causae
775 2697 902 2744 sunt
932 2703 1040 2742 non
1069 2687 1233 2751 leves,
1282 2702 1380 2743 cur
1409 2688 1461 2742 id
1486 2686 1800 2756 opusculum

236 2795 509 2853 ponamus
553 2788 608 2835 et
645 2780 819 2848 ipsum
852 2779 905 2832 iu
958 2778 1273 2833 subdititiis.
1329 2776 1604 2844 Nusquam
1651 2779 1800 2841 alibi,

235 2874 382 2942 quod
417 2872 623 2938 sciam,
655 2886 719 2927 ea
760 2886 861 2928 vox
894 2873 1180 2942 reperitur.
1209 2868 1323 2926 Non
1356 2870 1427 2924 ita
1466 2869 1708 2941 pridem,
1745 2878 1804 2923 ut

240 2985 365 3024 mox
405 2968 638 3032 aiebam,
671 2965 870 3020 librum
896 2962 972 3019 De
996 2962 1197 3033 Spiritu
1226 2969 1406 3017 sancto
1439 2970 1495 3016 et
1527 2969 1637 3015 tres
1654 2960 1799 3031 prio-

233 3076 326 3115 res
374 3062 429 3113 in
475 3057 793 3113 Eunomium
838 3056 1004 3111 libros
1043 3055 1329 3123 diligenter
1362 3053 1487 3123 legi,
1524 3053 1575 3107 in
1605 3052 1799 3122 quibus

233 3161 297 3206 ut
325 3152 379 3204 in
414 3150 635 3218 reliquis
679 3148 929 3218 genuinis
977 3144 1157 3200 Basilii
1188 3145 1402 3212 scriptis
1441 3160 1545 3234 non
1577 3144 1793 3199 memini
1821 3176 1864 3234 ο

236 3241 388 3295 vocis
418 3238 597 3303 θεῖκός
626 3238 793 3293 ullum
837 3234 1120 3307 vestigium
1176 3235 1460 3291 invenisse.
1503 3233 1653 3302 Rogo
1684 3234 1793 3304 jam

230 3328 473 3398 optimos
490 3341 731 3399 quosque
746 3325 892 3381 viros
905 3325 1229 3397 eosdemque
1247 3326 1298 3380 iu
1317 3324 1552 3396 legendis
1564 3326 1767 3381 auctori
1778 3353 1797 3367 -

236 3422 337 3477 bus
365 3420 787 3484 versatissimos,
821 3433 945 3473 num
977 3418 1029 3473 in
1065 3432 1215 3475 more
1232 3427 1514 3473 auctorum
1561 3419 1794 3489 positum

232 3513 329 3578 sit,
357 3523 417 3567 ut
439 3510 759 3581 quibusdam
792 3509 1016 3566 vocibus
1044 3507 1097 3564 in
1129 3522 1238 3564 uno
1262 3517 1353 3564 aut
1369 3507 1541 3566 altero
1564 3524 1794 3582 opuscu-

236 3604 291 3659 lo
323 3603 623 3672 saepissime
650 3608 907 3669 utantur,
941 3599 1156 3657 easdem
1186 3613 1315 3656 vero
1344 3601 1399 3656 in
1437 3602 1656 3672 reliquis
1680 3603 1794 3656 suis

235 3693 391 3749 libris
428 3707 700 3762 nunquam
744 3695 1057 3757 adhibeant,
1093 3694 1325 3749 maxime
1377 3693 1422 3749 si
1474 3693 1560 3749 bis
1608 3694 1789 3749 utendi

235 3782 439 3851 passim
475 3782 629 3837 detur
662 3784 898 3837 occasio.
948 3782 1091 3837 Fieri
1125 3782 1354 3852 quidem-
1377 3790 1553 3851 potest
1586 3790 1646 3838 ut
1693 3781 1791 3837 fal-

232 3876 315 3928 lar
348 3893 363 3929 :
400 3874 495 3929 sed
528 3874 762 3928 arbitror
795 3873 871 3929 rei
904 3881 1014 3928 tam
1045 3886 1197 3928 novae
1231 3872 1458 3943 proferri
1487 3872 1787 3943 exemplum

233 3966 440 4020 nullum
481 3981 660 4036 posse,
700 3964 860 4033 idque
884 3962 1096 4028 νοθείας
1130 3977 1251 4019 esse
1277 3973 1646 4034 argumentum
1672 3978 1791 4019 cer-

232 4056 523 4112 tissimum.
557 4056 692 4112 Cum
720 4056 879 4126 igitur
916 4056 998 4111 ba:
1025 4053 1144 4110 dua;
1175 4068 1363 4119 voces,
1395 4053 1540 4118 θέσις
1582 4063 1637 4109 et
1679 4052 1788 4107 θεῖ-

230 4146 350 4211 κός,
392 4149 693 4216 smpissime
717 4154 1009 4203 occurrant
1043 4146 1096 4200 iu
1123 4145 1327 4203 ultimis
1354 4144 1558 4202 duobus
1587 4148 1643 4199 in
1675 4146 1788 4200 Eu-

234 4238 470 4291 nomium
504 4238 678 4303 libris,
710 4253 810 4293 nec
853 4246 1033 4292 tamen
1081 4236 1326 4305 legantur
1360 4236 1413 4293 in
1453 4236 1621 4292 tribus
1650 4237 1788 4306 prio-

227 4330 403 4395 ribus,
434 4342 609 4397 neque
633 4328 686 4383 in
708 4329 830 4383 aliis
860 4326 1043 4383 Basilii
1086 4328 1299 4396 scriptis
1331 4341 1437 4381 non
1471 4337 1782 4382 controver-

227 4422 324 4485 sis,
360 4420 415 4474 in
455 4419 652 4487 quibus
686 4427 864 4472 tamen
890 4416 975 4471 bis
1010 4417 1194 4471 utendi
1226 4415 1477 4486 frequens
1507 4415 1600 4471 fuit
1626 4430 1785 4473 occa-

1914 1954 1958 2004 si
1985 1968 2173 2010 servus
2196 1965 2253 2010 et
2278 1965 2525 2010 creatura
2555 1963 2720 2020 esset,
2752 1958 2935 2009 omnia
2984 1957 3282 2025 pervadere
3315 1957 3484 2013 dixis-

1910 2056 1993 2098 set
2021 2043 2339 2115 hymnorum
2374 2058 2584 2102 cantor.
2620 2064 2635 2097 ι
2670 2046 2784 2100 Vox
2814 2046 3054 2117 ὑμνῳδός
3083 2049 3241 2103 alieni
3276 2049 3479 2121 aliquid

1909 2144 1963 2191 et
1986 2135 2256 2206 peregrini
2283 2137 2495 2194 videtur
2518 2122 2800 2208 praeferre;
2827 2151 2927 2191 nec
2956 2154 3074 2191 eam
3107 2150 3232 2207 puto
3249 2155 3474 2210 usquam

1910 2218 2282 2281 inventum'iri
2308 2227 2447 2293 apud
2475 2227 2751 2281 Basiliutn.
2789 2226 2900 2282 Hoc
2940 2226 3080 2280 idem
3114 2226 3316 2280 dictum
3358 2228 3478 2283 volo

1906 2314 1973 2370 de
1991 2315 2100 2381 illo,
2127 2314 2324 2385 ὁᾶγιος
2348 2314 2580 2380 Παῦλος,
2605 2333 2624 2367 ι
2659 2326 2875 2371 sanctus
2904 2316 3118 2371 Paulus.
3155 2334 3174 2370 ι
3198 2315 3309 2371 Etsi
3333 2317 3475 2372 enim

1907 2404 2133 2464 Basilius
2190 2408 2623 2478 frequentissime
2680 2405 2905 2462 Paulum
2958 2410 3228 2473 nominat;
3294 2419 3473 2465 tamen

1906 2495 2199 2564 epithetu-m
2247 2500 2402 2565 illud,
2436 2501 2621 2570 ἅγιος,
2682 2515 2992 2570 nunquam,
3043 2501 3255 2568 opinor,
3298 2502 3345 2555 ei
3386 2502 3476 2554 tri-

1904 2587 2039 2645 buit.
2072 2587 2187 2645 Non
2220 2605 2355 2660 nego
2382 2593 2594 2661 quidem
2630 2594 2726 2646 has
2766 2609 2947 2660 voces,
2982 2595 3009 2648 ὀ
3040 2593 3195 2662 ἅγιος
3237 2593 3470 2658 Παῦλος,

1903 2682 2151 2754 conjungi
2187 2681 2348 2737 simul
2381 2683 2433 2736 in
2471 2681 2611 2736 libro
2634 2681 2709 2737 De
2744 2681 2943 2750 Spiritu
2967 2696 3148 2739 sancto
3171 2726 3186 2751 ,
3222 2703 3343 2758 cap.
3376 2688 3470 2741 de-

1901 2772 2041 2826 cimo
2065 2783 2260 2827 sexto:
2306 2773 2400 2827 sed
2450 2788 2632 2828 vocem
2675 2773 2827 2842 ἅγιος
2866 2778 3277 2844 expungendum
3326 2792 3467 2842 esse,

1900 2875 1964 2918 ex
1991 2860 2143 2917 libris
2172 2864 2407 2934 antiquis
2435 2876 2670 2919 constat.
2712 2864 2822 2920 Nec
2862 2868 3292 2936 praetereundum
3339 2867 3467 2923 illud

1900 2952 1975 3023 (p.
2007 2954 2154 3026 515),
2192 2956 2358 3012 Deum
2397 2956 2501 3012 dici
2555 2957 2622 3012 ab
2678 2968 2897 3012 auctore
2946 2960 3211 3027 πανάγιον
3253 2976 3266 3013 :
3304 2974 3465 3030 quam

1900 3059 2082 3100 vocem
2113 3047 2253 3115 apud
2287 3046 2542 3103 Basilium
2585 3049 2676 3116 qui
2710 3048 2987 3115 quasierit
3009 3088 3024 3113 ,
3056 3050 3231 3103 oleum
3280 3052 3468 3119 perdet

1898 3143 1952 3189 et
1972 3148 2210 3202 operam.
2245 3135 2350 3189 Sed
2398 3136 2651 3206 quoniam
2691 3137 2805 3192 haec
2850 3137 3078 3194 fortasse
3112 3138 3310 3195 leviora
3347 3142 3467 3211 qui-

1900 3222 2119 3280 busdam
2180 3226 2521 3293 videbuntur,
2556 3242 2617 3282 ea
2647 3238 2700 3283 et
2752 3228 2856 3283 alia
2902 3228 2957 3282 id
2992 3243 3161 3299 genus
3202 3231 3463 3299 permulta

1895 3317 2225 3375 omittamus.

1966 3407 2051 3463 70.
2087 3408 2255 3465 Paulo
2281 3413 2498 3481 gravius
2530 3412 2676 3479 quod
2709 3411 2974 3479 sequitur,
3011 3411 3083 3464 ita
3117 3413 3273 3466 citari
3302 3416 3463 3468 verba

1894 3496 2190 3568 Scriptura:
2216 3503 2271 3555 in
2302 3500 2508 3555 ultimis
2535 3501 2743 3556 duobus
2772 3503 2825 3554 iu
2851 3500 3170 3556 Eunomium
3199 3501 3372 3565 libris,
3403 3515 3462 3555 ut

1892 3606 2079 3647 eorum
2104 3600 2295 3647 auctor
2316 3607 2347 3646 a
2375 3590 2648 3647 Basiliano
2696 3607 2845 3648 more
2880 3602 3025 3650 totus
3056 3595 3320 3650 discedat.
3350 3590 3458 3645 Res

1892 3682 2152 3752 exemplis
2186 3683 2377 3737 evadet
2428 3685 2645 3739 clarior.
2685 3685 2775 3740 Sic
2825 3686 2989 3757 igitur
3038 3690 3279 3761 loquitur
3321 3704 3457 3752 scri-

1889 3783 2010 3842 ptor
2046 3775 2123 3844 (p.
2170 3775 2296 3846 517)
2332 3793 2346 3841 ;
2380 3778 2512 3833 Οὐδὲ
2547 3781 2652 3853 γὰρ
2705 3785 3100 3855 προσκυνήσεις
3142 3787 3262 3859 Θεῷ
3306 3789 3461 3845 ἀλλο-

1888 3863 2043 3936 τρίῳ,
2075 3866 2403 3937 γέγραπται,
2427 3872 2494 3925 ad
2521 3872 2765 3940 verbum,
2808 3892 2826 3925 ι
2859 3874 3044 3947 Neque
3079 3879 3225 3933 enim
3261 3883 3457 3936 adora-

1888 3956 1973 4012 bis
2008 3957 2171 4013 Deum
2208 3960 2469 4029 alienum,
2524 3966 2787 4035 scriptum
2832 3976 2933 4023 est.
2990 3987 3008 4020 ι
3051 3968 3284 4028 Basilius
3332 3989 3453 4029 cum

1891 4045 2222 4118 Scripturam
2257 4052 2407 4121 citat,
2447 4055 2622 4123 primo
2672 4055 2790 4112 loco
2828 4060 2979 4127 ponit
3008 4062 3148 4130 quod
3199 4062 3286 4119 hic
3314 4065 3455 4120 vide-

1889 4153 2010 4195 mus
2038 4140 2248 4195 ultimo.
2274 4140 2382 4196 Nec
2424 4144 2553 4197 mihi
2582 4144 2801 4201 dubium
2827 4158 2929 4213 eat,
2963 4152 3007 4204 si
3043 4150 3234 4206 borum
3263 4164 3456 4209 auctor

1886 4241 2064 4298 esset,
2111 4233 2237 4299 quin
2268 4235 2573 4303 scripsisset
2604 4236 2708 4293 hoc
2751 4238 2866 4294 fere
2914 4242 3109 4296 modo:
3140 4243 3454 4314 Γέγραπται

1887 4322 1996 4394 γάρ
2019 4341 2031 4354 ·
2063 4322 2198 4376 Οὐδὲ
2221 4326 2613 4397 προσκυνήσεις
2643 4327 2761 4399 Θεῷ
2802 4329 3086 4401 ἀλλοτρίῳ.
3126 4351 3143 4382 ι
3184 4331 3451 4402 Scriptum

1886 4422 1970 4467 est
1995 4413 2155 4475 _enitu
2184 4430 2196 4465 :
2223 4412 2406 4482 Neque
2459 4415 2713 4469 adorabis
2740 4415 2904 4469 Deum
2930 4418 3159 4471 alienum
3189 4419 3252 4470 “.
3284 4438 3301 4468 ι
3344 4417 3452 4475 Nec

226 4516 342 4576 sio;
380 4510 507 4565 hinc
545 4508 681 4565 emci
715 4509 948 4572 videtur,
976 4509 1111 4563 duos
1143 4508 1243 4563 hos
1270 4507 1436 4563 libros
1458 4510 1782 4578 posteriores
1814 4506 1856 4561 Ι)
1889 4503 2065 4569 aptius
2114 4513 2299 4557 auctor
2350 4504 2535 4556 citavit
2582 4504 2941 4571 Scripturam.
2971 4521 3090 4559 eum
3125 4507 3197 4561 ita
3240 4509 3451 4562 loculus

224 4600 427 4656 Basilio
458 4600 616 4654 tribui
648 4613 751 4653 non
780 4597 994 4653 debere.

296 4688 386 4745 69.
428 4688 678 4757 Ejusdem
722 4687 936 4757 generis
976 4697 1101 4741 sunt
1135 4695 1190 4741 et
1244 4687 1348 4741 alia
1394 4688 1590 4756 multa,
1641 4705 1777 4759 quae,

223 4776 368 4846 quod
420 4787 473 4830 et
522 4780 633 4845 ipsa
665 4776 907 4831 nonnihil
937 4776 1004 4829 ad
1036 4791 1149 4830 rem
1189 4776 1411 4843 faciant,
1442 4792 1547 4831 non
1581 4779 1781 4849 pigebit

220 4869 503 4922 adnotare.
532 4868 730 4921 Ducam
768 4867 975 4920 initium
1004 4867 1071 4921 ab
1102 4867 1185 4920 bis
1215 4869 1396 4920 verbis
1419 4867 1493 4937 (p.
1526 4867 1654 4939 298)
1679 4889 1690 4922 :
1718 4871 1778 4922 Et

216 4955 393 5010 τοίνυν
418 4954 477 5007 τὸ
504 4955 867 5025 ὑπερκόσμιον
894 4953 1049 5025 σῶμα
1084 4955 1316 5027 Χριστοῦ
1358 4959 1422 5011 ἐκ
1465 4958 1779 5027 Ηνεύματός

218 5051 365 5100 ἐστιν
422 5046 597 5114 ἁγίου.
648 5065 667 5098 ι
716 5046 772 5100 Si
823 5046 987 5117 igitur
1034 5050 1522 5116 supermuudauum
1576 5050 1774 5106 Christi

218 5152 416 5205 corpus
446 5152 511 5192 ex
536 5136 739 5207 Spiritu
772 5148 961 5193 sancto
991 5148 1095 5193 est.
1132 5155 1151 5190 ι
1191 5138 1494 5207 Nunquam,
1530 5142 1633 5196 nisi
1664 5143 1776 5196 val-

216 5229 283 5281 de
328 5228 503 5294 fallor,
542 5232 623 5285 sic
646 5245 841 5300 corpus
864 5231 1062 5285 Christi
1100 5231 1333 5299 appellat
1380 5230 1631 5288 Basilius.
1665 5232 1773 5288 Nec

213 5331 375 5373 secus
402 5320 751 5387 iudicandum
781 5322 847 5377 de
871 5322 961 5377 illo
982 5322 1060 5394 (p.
1082 5322 1206 5393 299)
1234 5340 1247 5378 :
1279 5322 1499 5394 Ἐπειδὴ
1541 5324 1597 5378 δὲ
1642 5323 1772 5389 Θεὸς

214 5406 352 5461 Θεοῦ
384 5411 512 5473 παῖς
535 5410 765 5481 Ἰησοῦς,
784 5420 890 5467 etc.
927 5430 946 5465 ‹
984 5412 1116 5467 Cum
1148 5422 1326 5468 autem
1358 5415 1497 5469 Deus
1526 5417 1613 5470 Dei
1640 5434 1772 5487 puer

211 5497 393 5567 Jesus,
437 5521 455 5553 ι
489 5511 592 5559 etc.
630 5502 861 5559 Basilius
893 5508 1163 5561 sexcentis
1191 5506 1325 5562 locis
1358 5508 1629 5563 Christum
1664 5512 1767 5565 Do-

216 5592 420 5646 minum
468 5604 622 5649 vocat
653 5594 745 5651 Dei
787 5612 807 5648 ι
841 5594 1033 5651 Filium
1071 5616 1085 5652 :
1124 5616 1142 5649 ι
1193 5599 1285 5654 sed
1336 5615 1593 5669 nusquam
1646 5617 1767 5656 eum

211 5682 445 5751 appellat
479 5685 571 5741 Dei
605 5703 623 5737 ι
660 5701 904 5757 puerum,
950 5708 969 5740 ι
1002 5690 1134 5743 Θεοῦ
1165 5690 1345 5745 παῖδα.
1383 5694 1568 5748 Dicant
1608 5692 1769 5764 igitur

281 5798 327 5830 ⁸³
352 5798 543 5855 Matth.
576 5816 646 5865 tv,
677 5802 737 5872 9,;
774 5802 921 5857 Deut.
958 5819 1026 5871 vr,
1058 5805 1139 5859 15.

1881 4603 1964 4646 est
1990 4594 2064 4663 (p.
2088 4593 2212 4665 506)
2245 4613 2258 4648 :
2290 4596 2386 4647 ’Ἑν
2418 4595 2473 4647 δὲ
2503 4596 2595 4647 καὶ
2634 4596 2694 4647 τὸ
2741 4595 2960 4667 Πνεῦμα
3000 4599 3059 4650 τὸ
3092 4598 3268 4666 ἄτιον,
3314 4600 3449 4672 ἁλη-

1881 4684 1988 4748 Οῶς
2016 4685 2170 4753 ἅγιον
2200 4686 2442 4755 Πνεῦμα,
2487 4685 2626 4738 κατὰ
2668 4686 2727 4739 τὸ
2774 4689 3177 4758 γεγραμμένον,
3206 4690 3265 4743 τὸ
3310 4693 3447 4762 μετὰ

1881 4778 2093 4848 Πατρὸς
2127 4780 2220 4832 καὶ
2251 4776 2378 4831 Υἱοῦ
2424 4778 2891 4849 συνδοξαζόμενον.
2941 4799 2959 4831 ι
3002 4782 3068 4836 Ει
3098 4798 3231 4838 unus
3270 4783 3445 4853 Spiri-

1882 4884 1965 4927 tus
1999 4882 2257 4938 sanctus,
2295 4885 2418 4928 vere
2455 4872 2689 4942 Spiritus
2742 4883 2995 4938 sanctus,
3042 4874 3341 4929 secundum
3392 4875 3443 4929 id

1879 4967 2018 5033 quod
2052 4964 2305 5033 scriptum
2337 4975 2440 5027 est,
2473 4964 2562 5033 qui
2593 4978 2713 5017 eum
2741 4961 2902 5017 Patre
2926 4977 2979 5017 et
3017 4964 3151 5018 Filio
3174 4965 3442 5035 conglori-

1876 5057 2087 5112 fteatur.
2111 5077 2128 5108 ι
2166 5054 2336 5111 Velim
2360 5060 2570 5111 discere
2594 5057 2661 5110 ab
2690 5060 2890 5127 aliquo,
2916 5058 3004 5110 ubi
3037 5056 3434 5126 Scripturarutu

1877 5150 1947 5202 ita
1981 5148 2241 5216 scriptum
2272 5148 2366 5212 sit,
2402 5165 2420 5198 ι
2463 5146 2563 5214 Qui
2598 5163 2717 5201 cum
2749 5147 2909 5203 Patre
2935 5156 2989 5201 et
3023 5145 3223 5217 Spiritu
3251 5156 3440 5201 sancto

1874 5242 2372 5311 congloriticatur.»
2412 5239 2578 5295 Erunt
2636 5241 2864 5295 fortasse
2930 5240 3021 5307 qui
3077 5239 3259 5292 dicant
3317 5238 3433 5293 haec

1871 5334 2032 5387 verba
2095 5347 2200 5385 non
2264 5331 2315 5385 in
2386 5329 2675 5398 Seripturis
2740 5329 2953 5398 quidem
3028 5326 3273 5395 reperiri,
3342 5328 3435 5383 sed

1872 5424 1923 5476 iu
1961 5423 2187 5479 concilio
2223 5422 2809 5493 Constantinpolitano
2870 5423 3073 5492 primo;
3140 5419 3207 5473 ob
3271 5418 3433 5486 idque

1871 5514 1984 5585 ipsa
2017 5516 2086 5571 ob
2135 5515 2509 5573 auctoritatem
2559 5516 2770 5571 concilii
2804 5515 2963 5569 citari
3012 5513 3265 5583 potuisse.
3318 5507 3423 5564 Sed

1870 5608 1913 5661 si
1962 5607 2033 5662 ita
2060 5617 2163 5674 est,
2192 5608 2460 5663 fateantur
2483 5606 2567 5663 vel
2598 5608 2746 5662 inviti
2777 5607 3059 5671 Basiliam,
3094 5608 3183 5678 qui
3217 5616 3342 5661 ante
3375 5609 3428 5659 iet

1872 5708 2079 5770 tempus
2105 5710 2345 5757 mortuus
2381 5701 2471 5767 sit,
2499 5703 2688 5757 ltorum
2725 5701 2979 5758 librorum
3014 5714 3290 5761 auctorem
3318 5722 3431 5762 non
