4040 6454
536 432 767 471 CCXXX”!

1890 411 2415 468 PROLEGOMENA.

530 547 668 584 esse.
700 534 809 600 Ego
838 521 1051 598 quidem
1080 570 1093 590 ,
1140 540 1199 583 ut
1242 531 1451 585 sincere
1493 531 1700 596 loquar,
1732 545 1832 583 non
1864 532 2100 584 arbitror
2128 537 2174 590 Α
2202 528 2407 581 citandi
2462 524 2669 578 ratione
2729 522 2928 588 aliquid
2971 534 2999 571 a
3048 516 3316 571 Basiliana
3372 518 3767 571 consuetudine

529 623 866 688 scriptorem,
898 622 1202 689 quicunque
1251 622 1340 674 ille
1381 621 1500 677 fuit.
1530 622 1595 673 ad
1633 621 1915 675 concilium
1955 622 2095 676 Con-

530 713 1064 781 stantinopolitanum
1114 715 1342 781 primum
1393 714 1727 781 respexisse,
1768 714 1859 769 sed
1895 718 1961 768 ad
2009 713 2097 767 illa

531 805 807 869 Davidica,
845 804 1007 857 Verbo
1061 806 1269 857 Domini
1302 806 1412 859 caeli
1455 805 1655 873 ﬁrmati
1704 816 1856 870 sunt,
1891 819 1939 859 et
1988 806 2099 873 api-4

530 898 636 948 ritu
675 899 777 949 oris
822 898 935 957 eius
968 899 1139 950 omnis
1176 898 1335 951 virtus
1376 915 1552 950 eorum
1577 899 1643 955 ⁸⁵.
1680 898 1825 951 Satis
1871 901 2010 953 enim
2042 911 2100 950 se

532 989 644 1057 ipse
704 989 975 1057 explicat,
1030 1004 1149 1041 cum
1222 990 1497 1057 aliquanto
1574 999 1693 1059 post
1770 990 1839 1041 ita
1914 989 2099 1045 scribit

533 1079 802 1148 (p.507):
852 1080 1001 1131 Ἐπεὶ
1056 1082 1147 1132 καὶ
1202 1083 1229 1131 6
1285 1078 1446 1132 Δαδὶδ
1498 1082 1667 1147 Λόγον
1722 1081 1816 1132 καὶ
1876 1080 2099 1150 Πνεῦμα

530 1170 790 1236 δοξάζων,
835 1171 913 1241 τῷ
960 1172 1117 1240 Λόγῳ
1160 1171 1363 1243 Κυρίου
1408 1173 1534 1233 τοὺς
1577 1172 1839 1241 οὐρανοὺς
1884 1172 2101 1243 εἴρηκεν

534 1264 917 1334 ἐπερεῶσθαι,
947 1266 1038 1318 καὶ
1068 1262 1146 1334 τῷ
1183 1263 1459 1334 Πνεύματι
1505 1262 1598 1315 τοῦ
1632 1262 1896 1334 στόματος
1936 1261 2098 1315 αὑτοῦ

535 1360 716 1412 πᾶσαν
743 1357 840 1428 τὴν
869 1357 1097 1427 δύναμιν
1131 1357 1329 1410 αὐτῶν.
1370 1374 1386 1406 ι
1414 1354 1544 1408 Nam
1569 1363 1623 1408 et
1666 1354 1832 1410 David
1868 1356 2098 1408 Verbum

536 1460 591 1505 et
626 1449 886 1517 Spiritum
932 1449 1092 1505 simul
1142 1447 1481 1517 gloriﬁcans,
1532 1447 1667 1503 dixit
1714 1447 1880 1504 caelos
1926 1446 2103 1499 Verbo

536 1539 750 1595 Domini
788 1539 1035 1593 ﬁrmatos
1065 1554 1204 1606 esse,
1234 1553 1300 1593 ac
1328 1537 1535 1607 Spiritu
1568 1540 1680 1594 oris
1708 1540 1825 1608 ejus
1852 1538 2102 1591 virtutem

537 1647 725 1688 eorum
756 1646 991 1686 omnem.
1024 1649 1043 1682 ι
1086 1631 1190 1685 Sed
1240 1632 1569 1697 notandum,
1614 1641 1913 1694 auctorem,
1959 1628 2106 1697 quis-

539 1725 663 1795 quis
691 1734 793 1787 est,
837 1738 942 1777 non
976 1723 1188 1793 propria
1220 1722 1437 1777 Davidis
1475 1723 1633 1775 verba
1671 1720 1981 1789 protulisse,
2011 1721 2104 1775 sed

540 1817 668 1870 illud
706 1832 859 1871 suum
890 1818 1175 1887 glossema,
1214 1834 1231 1867 ι
1259 1817 1357 1881 Qui
1405 1830 1526 1868 cum
1560 1813 1720 1868 Patre
1762 1822 1817 1868 et
1854 1812 1990 1866 Filio
2027 1814 2100 1865 si-

2202 615 2588 672 alienissimum
2625 611 2948 682 proferatur.
2992 608 3109 676 Qua
3139 607 3206 661 de
3255 622 3313 661 re
3354 618 3411 661 ut
3454 606 3767 662 existimare

2200 709 2395 778 cuique
2441 707 2636 766 liceat,
2682 703 2947 758 ascribam
2986 699 3223 756 auctoris
3272 700 3453 765 verba,
3486 713 3605 770 quae
3649 698 3768 752 hinc

2201 810 2326 852 sunt
2353 818 2367 852 :
2392 798 2454 848 Τί
2480 796 2537 847 δὲ
2561 796 2588 846 6
2619 791 2919 865 Ζοροϐάϐελ
2945 792 3037 843 καὶ
3060 794 3093 861 ή
3121 788 3215 844 τοῦ
3242 789 3543 860 Ζοροϐάϐελ
3572 788 3765 859 σοφίας

2200 886 2311 958 ἆρά
2344 905 2423 940 σοι
2457 887 2687 956 μετρίως
2716 884 2807 938 καὶ
2835 883 2895 934 οὐ
2928 881 3114 949 σαφῶς
3146 879 3471 953 παριστάναι
3496 882 3642 935 δοκεῖ
3664 880 3766 950 τὴν

2203 981 2495 1032 ὑπόστασιν
2539 978 2633 1029 καὶ
2672 977 2813 1047 ζωὴν
2840 976 2938 1045 τῆς
2980 972 3254 1044 ἀληθείας,
3286 975 3375 1027 ὅτε
3409 975 3539 1040 φησί
3561 992 3573 1003 ·
3609 976 3770 1027 Πᾶσα

2202 1072 2368 1143 ἡγῆ,
2412 1082 2515 1125 etc.
2558 1090 2575 1120 ι
2608 1070 2743 1135 Quid
2792 1085 2920 1124 vero
2966 1066 3260 1121 Zorobabel
3309 1077 3364 1122 et
3410 1064 3764 1121 Zorobahelis

2203 1164 2498 1232 sapientia?
2534 1177 2657 1217 num
2686 1162 3014 1216 subobscure
3039 1166 3094 1213 et
3122 1171 3226 1211 non
3256 1158 3402 1212 clare
3429 1155 3523 1210 tibi
3555 1155 3770 1210 videtur

2202 1255 2534 1325 bypostasim
2566 1268 2629 1308 ac
2657 1252 2825 1305 vitam
2861 1250 3105 1306 veritatis
3135 1248 3397 1313 indicare,
3433 1261 3557 1303 cum
3588 1245 3723 1299 dicit
3751 1266 3765 1301 :

2203 1344 2389 1400 Omnis
2418 1352 2585 1411 terra,
2611 1362 2629 1395 ι
2657 1352 2780 1404 _etc.
2820 1341 2899 1396 Do
2931 1343 3136 1411 reliqua
3175 1338 3444 1393 Basiliana
3476 1353 3595 1393 esse
3627 1353 3641 1390 :
3670 1339 3769 1391 sed

2203 1436 2351 1491 illum
2383 1435 2585 1489 citandi
2618 1433 2855 1497 modum,
2889 1433 2954 1485 Tt
2981 1434 3037 1484 δὲ
3062 1435 3092 1485 6
3129 1427 3433 1503 Ζοροϐάϐελ
3478 1424 3571 1483 καὶ
3598 1429 3631 1497 ἡ
3671 1425 3768 1479 τοῦ

2206 1524 2504 1598 Ζοροὸάὸελ
2545 1528 2734 1596 σοφίας
2779 1544 2798 1577 ι
2837 1523 2972 1590 Quid
3014 1538 3143 1578 vero
3184 1521 3477 1576 Zorobabe!
3509 1531 3563 1574 et
3603 1519 3770 1573 Zoro-

2207 1621 2407 1675 babelis
2423 1619 2734 1687 sapientia?)
2755 1620 2817 1670 ad
2843 1615 3057 1669 Patrem
3076 1613 3448 1685 gravissimum
3475 1613 3766 1678 pertinere,

2210 1726 2387 1773 nemo,
2431 1708 2644 1777 opinor,
2694 1708 2907 1761 dixerit.
2940 1704 3149 1760 Norunt
3194 1703 3337 1758 enim
3367 1701 3456 1771 qui
3509 1698 3767 1752 Basilium

2210 1803 2290 1857 vel
2344 1802 2684 1871 primoribus
2725 1797 2890 1851 labris
2924 1799 3251 1866 attigerunt,
3293 1809 3414 1850 eum
3472 1790 3770 1861 simplicius

540 1907 657 1962 mul
700 1906 1155 1974 congloriﬁcatur.
1182 1922 1201 1956 ι
1251 1902 1366 1957 Jam
1414 1920 1543 1959 vero
1592 1919 1688 1957 nec
1723 1903 1972 1967 Basilius,
2010 1918 2107 1955 nec

2229 1894 2351 1963 oqni
2384 1892 2626 1957 solitum,
2663 1893 2761 1946 hoc
2812 1887 2926 1942 fere
2975 1888 3157 1950 modo,
3183 1889 3211 1938 6
3252 1884 3500 1955 Σολομὼν
3552 1899 3708 1954 φησι,
3742 1880 3772 1933 6

542 1997 681 2052 alius
705 1999 843 2051 ullus
866 1997 1098 2064 scriptor
1121 1994 1369 2066 diligens,
1395 2011 1490 2049 sua
1521 1995 1757 2061 ipsorum
1786 1992 2107 2061 glossemata

542 2102 642 2152 pro
682 2085 813 2153 ipsis
862 2085 1154 2154 Scriptura:
1202 2085 1378 2137 verbis
1429 2098 1664 2150 unquam
1726 2080 1997 2150 protulere
2042 2084 2109 2137 ad

540 2178 760 2245 aliquod
796 2178 983 2246 dogma
1012 2176 1489 2243 comprobandum.
1516 2174 1701 2241 Neque
1730 2189 1858 2228 vero
1885 2175 1950 2228 ad
1983 2190 2111 2228 con-

544 2265 797 2321 futandos
826 2265 1104 2318 haereticos
1135 2274 1259 2331 apta
1292 2273 1375 2317 est
1412 2265 1523 2317 hzec
1554 2264 1754 2317 citandi
1794 2264 1948 2317 ratio.
1976 2264 2111 2316 Alio-

544 2358 637 2426 qui
674 2357 812 2409 enim
848 2356 973 2408 illud
1004 2356 1071 2408 ah
1103 2356 1231 2423 ipsis
1268 2356 1579 2424 responderi
1613 2367 1795 2423 posset
1829 2355 1969 2421 quod
1999 2352 2109 2418 jam

546 2466 577 2501 a
617 2448 797 2501 multis
828 2448 880 2501 in
917 2449 1131 2502 modum
1181 2448 1449 2517 proverbii
1484 2446 1588 2498 dici
1638 2446 1813 2510 video,
1847 2444 2112 2514 glossema

546 2540 699 2609 pejus
743 2555 863 2596 esse
914 2549 1188 2595 contextu.
1241 2540 1306 2591 Et
1349 2538 1606 2606 quoniam
1657 2550 1747 2591 res
1798 2545 1880 2591 est
1934 2535 2113 2605 magni

546 2633 844 2696 momenti,
894 2631 1069 2685 simile
1102 2630 1407 2700 exemplum
1460 2644 1653 2684 rursus
1689 2629 1971 2685 adducam.
2026 2627 2117 2682 Sic

546 2730 728 2775 autem
756 2720 988 2789 scriptor
1027 2719 1265 2788 loquitur
1290 2720 1367 2791 (p.
1392 2721 1516 2789 505)
1547 2740 1559 2774 :
1595 2719 1753 2772 Κατὰ
1782 2720 1846 2770 τὸ·
1871 2735 2116 2787 γεγραμ-

551 2815 712 2884 μένον
734 2830 748 2843 ’
774 2814 894 2883 Ζωὴ
932 2814 992 2865 τὸ
1032 2814 1273 2884 Πνεῦμα,
1315 2814 1374 2864 τὸ
1409 2813 1516 2864 τῶν
1544 2810 1808 2879 οὐρανίων
1836 2808 2116 2876 δυνάμεων

547 2905 981 2969 ἀποτελεστικόν,
1023 2925 1038 2955 ι
1070 2904 1372 2957 Secundum
1399 2902 1539 2971 quod
1574 2902 1834 2970 scriptum
1867 2909 1969 2965 est,
1997 2898 2116 2952 Vita

549 3005 635 3050 est
689 2994 954 3065 Spiritus,
1010 2995 1101 3063 qui
1171 3002 1463 3063 potestates
1523 2992 1774 3048 caelestes
1832 2992 2109 3062 perﬁcit”

550 3088 703 3152 Quis,
746 3104 949 3157 quasso,
992 3089 1036 3141 si
1072 3086 1288 3157 paulum
1334 3088 1492 3141 modo
1525 3087 1578 3140 in
1620 3085 1856 3155 legendis
1901 3092 2118 3140 sancto-

552 3169 673 3232 tuin
700 3178 919 3231 Patrum
950 3180 1168 3245 scriptis
1197 3188 1443 3233 versatus
1471 3180 1564 3245 sit,
1594 3196 1699 3233 non
1727 3182 1908 3234 statim
1938 3181 2121 3234 credat

2210 1982 2418 2044 Παῦλος
2472 1981 2765 2042 ἀπόστολος
2818 1995 2986 2047 φησι,
3048 1989 3309 2042 nusquam
3364 1991 3491 2028 vero
3548 1976 3623 2027 uti
3671 1974 3775 2027 hoc

2211 2074 2480 2141 grandiori
2527 2073 2684 2138 stylo,
2724 2074 2752 2123 6
2788 2067 3036 2139 Σολομὼν
3080 2067 3175 2119 κα)⁸
3207 2068 3240 2136 ὴ
3288 2062 3381 2116 τοῦ
3430 2065 3775 2134 Σολομῶντος

2213 2165 2372 2233 σοφία
2404 2166 2558 2235 φησί,
2587 2174 2693 2221 etc.
2732 2182 2749 2215 ι
2777 2160 3031 2215 Salomon
3064 2168 3119 2213 et
3155 2155 3481 2211 Salomontis
3510 2157 3774 2223 sapientia

2212 2259 2363 2323 dicit,
2390 2276 2408 2309 ι
2444 2269 2547 2312 elc.

2284 2349 2370 2403 Ἡ.
2415 2349 2606 2403 Filium
2655 2364 2759 2401 non
2802 2360 2925 2400 raro
2978 2352 3132 2398 vocat
3185 2363 3202 2395 ι
3231 2341 3528 2413 genituram
3557 2355 3577 2389 ›
3636 2337 3777 2390 scri-

2214 2449 2369 2509 ptor;
2403 2439 2509 2492 imo
2546 2440 2593 2493 ei
2632 2439 2683 2492 id
2715 2453 2909 2492 nomen
2951 2436 3230 2506 dignitatis
3276 2434 3392 2489 loco
3427 2432 3664 2485 tribuere
3700 2430 3780 2482 vi-

2215 2532 2392 2586 detur.
2424 2530 2553 2601 Ejus
2582 2532 2684 2593 rei,
2715 2541 2771 2584 ut
2802 2546 2861 2585 se
2894 2530 3041 2585 dabit
3068 2528 3300 2591 occasio,
3326 2523 3569 2591 exempla
3599 2522 3779 2591 aliqua

2218 2624 2579 2692 subjiciemus.
2614 2623 2971 2678 Exordiemur
3013 2623 3080 2675 ah
3111 2621 3210 2673 hoc
3245 2618 3383 2679 loco,
3410 2616 3496 2668 ubi
3530 2615 3601 2667 ita
3651 2613 3783 2682 legi-

2221 2727 2303 2769 tur
2332 2717 2405 2783 (p.
2432 2716 2559 2782 280)
2586 2735 2597 2769 :
2637 2716 2698 2767 Εί
2729 2715 2933 2783 κτίσμα
2973 2712 3223 2778 λέγοντες
3268 2708 3359 2760 τὸν
3393 2706 3540 2770 Υίὸν,
3571 2705 3669 2775 οὐχ
3706 2704 3784 2768 ὡς

2217 2806 2273 2858 ἓν
2312 2806 2417 2857 τῶν
2450 2808 2761 2874 κτισμάτων
2796 2805 3041 2871 λέγουσι’
3075 2802 3217 2854 διατί
3249 2800 3492 2869 γέννημα
3516 2798 3784 2867 λεγόντων

2219 2897 2392 2969 ήμῶν,
2417 2899 2491 2961 ὼς
2526 2897 2581 2951 ἓν
2613 2896 2719 2950 τῶν
2744 2894 3099 2965 γεννημάτων
3123 2890 3369 2957 νοοῦσιν,
3407 2910 3424 2943 ι
3449 2892 3503 2945 Si
3541 2904 3663 2944 cum
3703 2886 3787 2940 Fi-

2220 2992 2346 3046 lium
2377 2994 2559 3046 dicunt
2593 2999 2916 3052 creaturam,
2955 3002 3063 3041 non
3097 2995 3159 3040 ut
3192 2999 3356 3039 unam
3403 2998 3470 3037 ex
3519 2976 3789 3035 creaturis

2221 3084 2438 3147 dicunt;
2470 3097 2568 3137 cur
2610 3096 2732 3136 cum
2778 3080 3009 3133 dicimus
3045 3091 3145 3131 nos
3194 3075 3517 3144 genituram,
3556 3081 3678 3121 eum
3728 3074 3791 3118 ut

2223 3191 2378 3229 unam
2416 3190 2481 3229 ex
2520 3173 2781 3243 genituris
2820 3168 3154 3237 intelligunt?
3180 3184 3197 3217 ι
3248 3165 3318 3218 Et
3350 3163 3625 3231 aliquanto
3670 3169 3790 3227 post

554 3271 681 3337 illa,
734 3288 753 3322 ι
784 3269 901 3324 Vita
952 3280 1033 3323 est
1069 3269 1331 3337 Spiritus,
1391 3272 1481 3339 qui
1536 3278 1830 3337 potestates
1876 3272 2121 3326 crelestes

2229 3282 2305 3337 ῳ.
2329 3266 2455 3330 285)
2485 3284 2497 3319 :
2533 3265 2595 3316 Ei
2648 3263 2852 3331 κτίσμα
2905 3260 2997 3312 κα)⁵
3051 3258 3111 3310 οὑ
3147 3256 3391 3326 γέννημα
3432 3256 3460 3306 6
3490 3252 3645 3316 Υἱὸς,
3696 3250 3791 3303 καὶ

553 3366 827 3433 perﬁcit,»
878 3363 1073 3418 alicubi
1112 3365 1161 3416 in
1219 3361 1512 3432 Scripturis
1565 3364 1789 3417 totidem
1845 3363 2023 3417 verbis
2070 3376 2124 3417 et

558 3455 782 3526 syllabis
815 3455 1087 3511 inveniri?
1132 3455 1262 3509 Nam
1306 3467 1364 3508 ut
1394 3466 1714 3510 cancrorum
1763 3454 2002 3518 Patrum,
2052 3454 2123 3507 ita

558 3548 741 3603 Basilii
776 3565 891 3604 mos
917 3560 1021 3611 est.
1062 3559 1142 3614 ut,
1193 3564 1314 3603 cum
1365 3559 1587 3603 utuntur
1626 3548 1709 3602 bis
1755 3546 1965 3601 dicendi
2016 3546 2127 3601 foro

562 3640 741 3705 mulis,
786 3641 927 3693 κατὰ
962 3642 1021 3692 τὸ
1075 3640 1480 3711 γεγραμμένον,
1526 3639 1601 3702 ὡς
1650 3640 1987 3711 γέγραπται,
2039 3648 2129 3691 aut

562 3731 868 3796 similibus,
924 3743 1049 3785 tunc
1084 3748 1273 3785 eorum
1310 3744 1589 3787 auctorum
1638 3734 1728 3801 qui
1777 3733 1845 3785 ab
1879 3732 2008 3802 ipsis
2050 3732 2127 3785 ci-

562 3828 746 3876 tantur
800 3824 1018 3892 propria
1069 3821 1228 3876 verba
1280 3823 1577 3891 proferant.
1621 3826 1793 3876 Aliter
1846 3834 2023 3877 tamen
2074 3839 2132 3877 se

566 3915 734 3983 gessit
762 3916 1011 3986 scriptor,
1036 3915 1111 3968 sic
1138 3922 1194 3966 ut
1222 3914 1333 3968 haec
1362 3916 1545 3977 verba,
1579 3931 1596 3963 ι
1624 3914 1742 3967 Vita
1770 3924 1851 3968 est
1878 3916 2131 3982 Spiritus,

564 4007 656 4075 qui
694 4015 985 4075 potestates
1017 4006 1262 4059 caelestes
1296 4004 1521 4072 perlicit,
1553 4022 1569 4053 ι
1608 4004 1821 4073 propria
1859 4019 1962 4056 non
2002 4005 2131 4067 sint,

564 4113 741 4165 neque
768 4096 1025 4158 Matthxi,
1051 4111 1224 4164 neque
1248 4093 1435 4161 Marci,
1461 4109 1633 4164 neque
1656 4095 1812 4148 ullius
1838 4095 1972 4149 alius
2002 4096 2134 4149 scri-

566 4190 736 4259 ptoris
760 4188 926 4250 sacri,
949 4188 1038 4241 sed
1058 4202 1152 4240 sua
1180 4188 1345 4255 ipsius
1369 4188 1527 4241 verba
1556 4188 1683 4252 sint,
1714 4187 1763 4240 id
1788 4197 1887 4250 est,
1910 4187 2137 4242 hominis

568 4283 906 4350 Scripturam
945 4279 1331 4334 commentario
1357 4294 1456 4332 suo
1484 4282 1897 4348 corrumpentis.
1928 4279 1992 4333 Et
2012 4294 2137 4333 vero

568 4388 692 4425 cum
728 4381 919 4425 auctor
964 4371 1036 4423 ita
1070 4370 1276 4423 locutus
1306 4380 1406 4433 est,
1448 4387 1465 4419 ι
1490 4367 1609 4421 Vita
1656 4382 1740 4423 est
1776 4370 2008 4437 Spiritus
2047 4370 2139 4438 qui

568 4475 865 4534 potestates
913 4462 1159 4516 caelestes
1194 4460 1465 4530 perﬁcit,»
1512 4460 1643 4512 nihil
1686 4460 1828 4513 aliud
1856 4475 2013 4527 quam
2056 4460 2141 4511 illa

2226 3360 2401 3412 πάντα
2428 3358 2482 3410 δὲ
2511 3356 2580 3409 τὰ
2602 3356 2731 3409 ὄντα
2774 3354 3065 3424 κτίσματα,
3098 3351 3273 3420 μάτην
3304 3347 3593 3415 ἀγέννητος
3624 3344 3651 3392 ὁ
3686 3343 3793 3393 Ila-

2226 3452 2328 3521 τὴρ
2360 3451 2595 3518 λέγεται,
2641 3450 2741 3500 οὐκ
2792 3448 2943 3509 ὗντος
2993 3445 3129 3507 ὅλως
3188 3442 3547 3509 γεννήματος,
3596 3433 3731 3504 πρὸς
3761 3431 3792 3483 6

2228 3544 2469 3595 καλεῖται
2502 3541 2813 3609 ἀγέννητος.
2859 3556 2877 3589 ι
2909 3538 2963 3591 Si
3016 3536 3185 3589 Filius
3236 3543 3486 3586 creatura
3533 3537 3649 3591 est,
3686 3536 3794 3575 non

2227 3634 2502 3703 genitura,
2533 3642 2588 3684 et
2615 3641 2807 3684 cuncta
2851 3642 2971 3697 qua:
3019 3634 3163 3688 sunt,
3207 3631 3469 3676 creatura
3504 3626 3651 3679 sunt,
3683 3615 3797 3667 fru-

2232 3735 2343 3779 stra
2376 3723 2534 3776 Pater
2583 3721 2853 3792 ingenitus
2883 3718 3103 3783 dicitur,
3149 3730 3270 3769 cum
3309 3726 3413 3766 non
3458 3710 3528 3764 sit
3574 3707 3796 3761 omnino

2232 3817 2513 3886 genitura,
2568 3811 2720 3880 cuius
2787 3818 3030 3880 reSpectu
3094 3804 3394 3875 appelletur
3447 3800 3738 3869 ingenitus.
3770 3815 3791 3848 ι

2233 3909 2388 3964 Haud
2423 3908 2578 3977 longe
2606 3907 2677 3959 ita
2712 3905 2904 3972 legitur
2933 3903 3005 3971 (p.
3030 3899 3157 3969 284)
3182 3913 3195 3950 :
3221 3898 3283 3950 Εί
3317 3894 3475 3964 φύσει
3504 3892 3801 3961 ὰγέννητος

2234 4005 2262 4054 6
2308 4000 2513 4069 Πατὴρ,
2569 3997 2725 4065 φύσει
2773 3994 3027 4064 γεννητὸς
3076 3991 3168 4043 καὶ
3201 3991 3229 4041 6
3258 3988 3413 4049 Υἱός·
3450 3986 3497 4037 εἰ
3547 3985 3603 4037 δὲ
3640 3981 3801 4052 φύσει

2235 4094 2497 4163 γέννημα,
2535 4092 2716 4144 οὐκέτι
2760 4088 2982 4157 κτίσμα.
3009 4087 3196 4145 Ὄντος
3228 4077 3319 4134 οὖν
3348 4079 3441 4132 τοῦ
3478 4078 3636 4146 φύσει
3677 4091 3802 4142 γεν-

2235 4187 2495 4257 νήματος,
2524 4183 2734 4250 ἀνάγκη
2771 4181 2863 4232 καὶ
2894 4181 2981 4231 τὸν
3010 4179 3343 4246 γεννήσαντα
3367 4170 3525 4225 εἶναι.
3564 4187 3581 4217 ι
3614 4168 3671 4219 Si
3706 4180 3802 4219 tta-

2240 4288 2356 4331 tura
2392 4275 2661 4345 ingenitus
2688 4281 2769 4326 est
2814 4269 2995 4333 Pater,
3032 4268 3199 4321 Filius
3227 4278 3441 4334 quoque
3485 4268 3677 4315 natura
3717 4265 3802 4310 est

2240 4370 2450 4440 genitus
2488 4386 2501 4420 :
2536 4365 2629 4421 sed
2674 4364 2718 4418 si
2754 4362 2998 4433 genitura
3052 4368 3134 4413 est
3181 4365 3408 4420 natura,
3453 4365 3797 4421 nequaquam

2243 4469 2325 4515 est
2354 4467 2615 4514 creatura.
2663 4454 2795 4509 Cum
2830 4450 2993 4521 igitur
3044 4448 3294 4518 genitura
3338 4445 3411 4500 sit
3451 4454 3661 4504 natura,
3708 4452 3808 4491 ne-

569 4561 687 4629 ipsa
734 4559 947 4612 Davidis
995 4559 1191 4620 verba,
1239 4553 1459 4608 «Verbo
1509 4554 1717 4608 Domini
1765 4554 1885 4607 coeli
1939 4553 2137 4607 ﬁrmati
2170 4590 2215 4646 Β
2244 4566 2395 4607 cesse
2439 4560 2520 4604 est
2552 4556 2606 4603 et
2647 4547 2941 4617 genitorem
2973 4554 3152 4595 esse.»
3198 4538 3486 4606 Aliquanto
3538 4538 3659 4600 post
3706 4544 3804 4581 eo-

1579 4644 1608 4646 ”
1908 4644 1918 4646 μ
2106 4645 2130 4646 η
2516 4642 2525 4646 -
2712 4638 2723 4646 .
2901 4635 2913 4646 .
3030 4634 3061 4646 ι.
3185 4628 3227 4646 [Α
3281 4625 3403 4646 an!“
3434 4642 3447 4646 _
3490 4622 3654 4646 nlkL“
3703 4622 3804 4646 Ξ-..

570 4663 721 4714 sunt,
750 4672 768 4702 ι
803 4661 932 4715 etc.,
985 4649 1293 4718 signiﬁcare
1338 4647 1525 4699 voluit.
1572 4644 1822 4700 Fortasse
1873 4644 2135 4711 ejusmodi

570 4745 790 4802 licentia
848 4755 1118 4812 utcunque
1179 4740 1452 4795 toleranda
1509 4749 1627 4802 est,
1679 4753 1799 4792 cum
1858 4745 2137 4790 auctorum

574 4836 921 4907 profanorum
980 4833 1285 4889 teStimonia
1342 4831 1692 4902 proferuntur
1735 4847 1751 4883 :
1805 4830 1901 4883 sed
1954 4830 2005 4882 in
2060 4829 2137 4881 ci-

579 4928 756 4983 tandis
788 4927 1147 4995 scriptoribus
1183 4925 1355 4979 sacris
1392 4939 1510 4978 eam
1533 4924 1657 4992 quis
1685 4921 1863 4975 ferat?
1890 4919 2141 4974 Profecto

576 5022 623 5072 si
658 5020 877 5086 propria
914 5017 1320 5084 Scripturarum
1358 5014 1520 5069 verba
1555 5014 1631 5067 sic
1662 5013 1949 5066 immutare
1978 5009 2144 5064 semel

575 5111 761 5173 liceat,
790 5108 1004 5175 quidvis
1050 5106 1303 5174 probare,
1333 5106 1549 5175 quidvis
1586 5118 1781 5173 negare
1830 5100 2141 5156 facillimum

577 5203 703 5257 erit.
750 5200 828 5253 Ex
880 5214 987 5267 quo
1042 5206 1387 5267 sequeretur,
1445 5206 1503 5249 ut
1555 5194 1939 5250 controversiis
1988 5199 2145 5258 atque

578 5288 1017 5345 contentionibus
1051 5302 1151 5342 nec
1186 5288 1308 5341 ﬁnis
1338 5295 1517 5356 posset
1550 5286 1773 5353 imponi,
1807 5299 1905 5337 nec
1935 5280 2145 5336 modus.

580 5381 788 5436 Addant
824 5381 968 5449 (nam
1001 5380 1053 5434 id
1083 5394 1298 5449 quoque
1342 5380 1447 5433 huc
1480 5377 1669 5432 referri
1708 5377 1927 5445 potest),
1956 5374 2146 5429 librum

580 5475 801 5528 tertium
840 5473 1022 5527 Esdrze
1055 5473 1121 5526 ab
1163 5473 1253 5525 illo
1299 5481 1518 5524 auctore
1560 5469 1639 5522 bis
1677 5470 1831 5521 citari
1878 5470 1952 5537 (p.
1978 5466 2102 5537 '5l6)
2134 5485 2147 5520 :

581 5583 743 5637 quem
778 5577 957 5619 tamen
1001 5581 1029 5618 a
1070 5565 1265 5621 Basilio
1311 5579 1575 5633 nusquam
1624 5562 1896 5615 laudatum
1946 5560 2151 5614 inveni-

582 5674 725 5714 mus.
754 5658 860 5712 Nec
886 5659 1056 5711 solum
1089 5659 1285 5711 citatur
1315 5658 1400 5712 hic
1432 5656 1586 5711 liber.
1617 5654 1708 5711 sed
1742 5654 1837 5719 sic,
1866 5662 1922 5706 ut
1953 5654 2003 5707 in
2037 5652 2149 5720 ipsa

654 5832 704 5865 “
742 5832 881 5888 Psal.
916 5850 1089 5901 xxx”,
1113 5834 1166 5887 6.

2243 4648 2359 4699 dem
2409 4642 2565 4694 modo
2620 4638 2852 4705 scriptor
2901 4634 3136 4701 loquitur
3180 4625 3449 4699 (p.286):
3490 4622 3654 4674 Οὐδὲν
3697 4622 3805 4691 ἄρα

2245 4735 2419 4789 κοινόν
2463 4735 2605 4784 ἐστιν
2638 4728 2766 4781 Υἱοῦ
2808 4727 2902 4779 καὶ
2933 4722 3172 4792 Πατρὸς,
3214 4716 3392 4784 οὐδὲὴ
3427 4714 3619 4776 κτίσις,
3650 4712 3805 4783 εἴπερ

2244 4826 2451 4894 ποίημα
2486 4823 2576 4875 καὶ
2606 4821 2663 4871 οὐ
2695 4819 2936 4885 γέννημα
2963 4815 2991 4866 6
3027 4813 3185 4875 Υἱός..
3211 4811 3275 4864 Εἰ
3306 4811 3545 4878 γέννημα
3573 4807 3600 4856 ὁ
3646 4804 3804 4865 Υἱὸς,

2246 4918 2343 4986 οὐχ
2403 4916 2475 4977 ὡς
2540 4915 2596 4965 ἓν
2659 4910 2764 4962 τῶν
2837 4907 3221 4977 γεννημάτων,
3277 4904 3383 4955 πᾶν
3446 4901 3502 4953 δὲ
3560 4898 3808 4966 γέννημα

2248 5010 2476 5076 κτίσμα,
2525 5006 2585 5055 οὒ
2645 5002 2848 5070 κτίσμα
2880 5003 2908 5052 6
2951 4998 3097 5061 Υἱός.
3127 4995 3260 5049 Οὐδὲ
3306 4994 3415 5064 γὰρ
3455 4992 3700 5059 γέννημα
3731 4986 3806 5048 ὡς

2244 5103 2443 5153 ἐκεῖνα,
2473 5118 2489 5148 ι
2520 5095 2659 5149 Nihil
2684 5110 2810 5163 ergo
2837 5104 3116 5147 commune
3140 5097 3222 5143 est
3244 5085 3387 5141 Patri
3414 5098 3533 5138 cum
3562 5080 3716 5143 Filio,
3739 5093 3808 5131 ue

2246 5191 2448 5246 creatio
2473 5189 2709 5257 quidem,
2743 5186 2785 5239 si
2822 5184 3026 5237 factura
3073 5195 3181 5234 non
3217 5177 3460 5248 genitura
3500 5172 3667 5227 Filius
3701 5178 3804 5223 est.

2251 5285 2305 5337 Si
2339 5282 2505 5335 Filius
2523 5278 2763 5347 genitura
2796 5284 2896 5337 est,
2927 5288 3029 5327 non
3062 5281 3313 5339 tanquam
3348 5282 3449 5320 una
3476 5261 3807 5332 egenituris,

2249 5372 2425 5425 omnis
2470 5378 2642 5423 autem
2689 5366 2932 5436 genitura
2966 5371 3211 5415 creatura
3264 5366 3375 5420 est,
3408 5368 3511 5407 non
3557 5358 3808 5404 creatura

2249 5464 2415 5517 Filius
2453 5471 2553 5523 est,
2596 5472 2764 5527 neque
2809 5456 2952 5509 enim
2990 5453 3232 5523 genitura
3281 5458 3363 5503 est
3395 5455 3451 5497 ut
3492 5443 3603 5496 illa.
3635 5460 3653 5491 δ
3690 5441 3809 5493 Dis.

2252 5554 2425 5607 simile
2467 5567 2568 5605 non
2608 5559 2690 5604 est
2732 5547 2871 5617 quod
2914 5545 3159 5614 sequitur
3205 5542 3289 5607 (p.
3316 5538 3479 5607 9.87):
3518 5535 3577 5585 Εἰ
3625 5533 3652 5584 6
3683 5530 3810 5591 Υἱὸς

2252 5644 2546 5715 ἐνέργημα,
2578 5642 2668 5695 καὶ
2697 5642 2754 5693 οὐ
2788 5640 3047 5708 γέννημα,
3094 5633 3213 5687 οὔτε
3242 5632 3269 5682 6
3316 5627 3645 5696 ἐνεργήσας,
3688 5620 3809 5673 οὔτε
