4040 6458
1428 417 1487 467 1).
1528 415 1669 468 JU..
1723 415 2049 470 CARNERII
2091 417 2484 471 PBIEFATIO.

3280 435 3486 474 ταχυ

247 529 361 602 μὴν
401 535 460 586 τὸ
508 535 801 606 ἐνεργηθὲν
867 533 1029 594 αὐτός
1097 534 1262 586 ἐστιν.
1321 555 1338 584 ι
1371 534 1426 586 Si
1493 535 1658 592 Filius
1704 555 1832 609 ορθ-

1951 538 2146 590 'itatem
2197 535 2371 602 palam
2408 545 2705 604 Oppugnat,
2758 535 2857 586 sibi
2918 533 3014 602 ipsi
3051 542 3226 584 tamen
3261 547 3491 584 consona

247 625 387 680 ratio
414 637 531 692 est,
575 639 680 678 non
727 623 1007 692 genitura,
1059 637 1233 692 neque
1282 623 1372 694 qui
1408 635 1662 692 operatus
1706 637 1819 695 est,

245 731 422 788 neque
453 727 588 785 opus
635 713 810 772 iDSum
857 713 970 783 ipse
1017 724 1162 768 est”
1205 715 1399 769 Statim
1438 715 1510 768 ita
1559 716 1820 786 scriptum

245 807 521 864 invenitur
563 810 639 873 (p.
663 804 793 877 287)
821 824 836 860 :
867 807 1230 869 Μονόκτιστος
1278 803 1608 878 κυριώτερον
1643 807 1708 860 ἂν
1739 809 1823 863 λέ‹

247 915 416 968 γοιτο,
472 898 675 970 κτίσμα
722 899 820 971 μὲν
861 899 1076 970 ἀληθῶς
1121 901 1242 952 κατ’
1282 899 1543 968 Εὐνόμιον
1574 899 1669 968 ὢν,
1700 904 1822 971 γέν-

247 1009 311 1059 νη
321 1006 398 1059 μα
421 989 479 1042 δὲ
503 991 853 1063 ψευδονύμως
879 990 1230 1060 καλούμενος.
1263 1009 1279 1040 ι
1305 989 1627 1047 Unicreatus
1656 998 1824 1062 magis

248 1081 470 1150 proprie
497 1083 789 1149 diceretur,
829 1098 952 1138 cum
999 1081 1294 1135 secundum
1343 1083 1662 1139 Eunomium
1702 1100 1828 1141 vere

249 1183 506 1230 creatura
533 1177 624 1240 sit,
653 1175 785 1229 falso
814 1186 994 1230 autem
1029 1175 1244 1229 nomine
1273 1178 1516 1245 genitura
1545 1186 1786 1233 vocetur.
1805 1199 1823 1232 ι

253 1264 461 1323 Rursus
494 1267 576 1322 sic
615 1267 801 1320 scribit
848 1267 925 1336 (p.
949 1265 1077 1333 292)
1106 1284 1118 1321 :
1152 1267 1213 1320 Et
1254 1267 1360 1340 πρὸ
1392 1269 1491 1338 τῆς
1542 1268 1769 1334 κτίσεως
1801 1274 1830 1325 ὁ

251 1355 383 1423 Υἱὸς
411 1360 474 1411 οὐ
504 1357 750 1430 γέννημά
785 1361 952 1422 ἐστιν,
995 1359 1130 1412 ἀλλά
1160 1360 1364 1431 κτίσμα
1383 1376 1399 1392 °
1433 1361 1830 1430 πρωτόκτιστος

254 1449 322 1504 ἂν
375 1450 593 1517 ἐλέγετο
648 1451 742 1504 καὶ
781 1450 841 1502 οὐ
891 1450 1252 1520 πρωτότοκος.
1312 1471 1332 1502 ‹
1377 1450 1434 1505 Si
1489 1451 1656 1508 Filius
1707 1465 1833 1509 ante

254 1552 560 1596 creaturam
607 1544 852 1615 genitura
898 1556 1004 1596 non
1047 1552 1216 1613 esset,
1270 1543 1362 1596 sed
1396 1555 1687 1598 creatura:
1725 1547 1835 1615 pri-

256 1643 564 1690 mocreatus
613 1635 798 1705 utique
851 1633 1158 1699 diceretur,
1209 1648 1313 1685 non
1371 1636 1780 1704 primogenitus.
1810 1655 1829 1688 ι

258 1723 510 1792 Unicum,
541 1743 661 1782 cum
699 1727 900 1796 possim
938 1726 1118 1794 plura,
1150 1724 1454 1793 exemplum
1485 1725 1703 1793 addam,
1741 1730 1828 1785 ubi

257 1819 336 1874 sic
370 1819 565 1887 legitur
595 1822 670 1887 (p.
694 1815 817 1886 506)
849 1835 861 1869 :
891 1818 1000 1868 Καὶ
1020 1818 1081 1869 τὸ
1108 1819 1352 1890 γέννημα
1375 1817 1433 1885 ἐξ
1456 1818 1619 1872 αὐτοῦ
1645 1823 1834 1891 Exeat-

256 1928 338 1962 νει
368 1912 458 1963 τὸν
485 1909 678 1976 Λόγον.
717 1928 734 1960 ι
764 1908 830 1963 Ει
858 1909 1104 1979 genimen
1134 1915 1274 1978 quod
1316 1927 1379 1966 ex
1415 1911 1530 1981 ipso
1560 1924 1671 1980 est,
1701 1916 1830 1980 edit,

263 2002 497 2053 Verbum
537 1998 806 2054 videlicet.
832 2017 851 2050 ι
898 1999 974 2052 Ex
1029 1997 1116 2052 bis
1155 2010 1210 2053 et
1249 2001 1515 2055 similibus
1563 2002 1696 2056 locis
1747 2003 1828 2056 in-

263 2087 546 2158 telligitur.
591 2087 788 2144 Filium
834 2105 860 2143 a
895 2089 1183 2159 scriptore,
1228 2090 1538 2158 quicunque
1587 2091 1677 2146 ille
1713 2087 1832 2157 fuit,

263 2191 509 2237 vocatum
571 2197 691 2238 esse
750 2199 769 2235 ι
811 2180 1194 2253 genituram,»
1251 2180 1407 2248 eique
1468 2198 1662 2236 nomen
1714 2183 1834 2250 γέν-

261 2292 415 2346 νημα
440 2277 722 2346 probatum
752 2274 936 2330 fuisse.
965 2272 1097 2328 Nam
1127 2272 1180 2327 in
1211 2273 1385 2343 primo
1411 2272 1656 2341 exemplo
1682 2273 1838 2329 docet

266 2367 460 2423 Filium
495 2371 562 2424 ab
600 2368 954 2423 Eunomianis
985 2369 1166 2422 vocari
1206 2376 1536 2432 creaturam,
1569 2365 1676 2420 dici
1708 2381 1837 2422 vero

266 2477 293 2512 a
328 2476 385 2514 se
417 2461 742 2529 genituram.
771 2458 836 2511 Et
864 2457 1080 2528 quidem
1113 2459 1187 2512 ita
1231 2459 1399 2527 loqui,
1429 2460 1475 2511 st
1516 2458 1722 2529 κτίσμα
1750 2458 1830 2512 λέ-

266 2566 456 2618 γοντες
485 2549 576 2601 τὸν
635 2548 782 2611 Υῐόν,
812 2559 940 2612 etc.,
973 2548 1048 2598 uti
1091 2548 1251 2612 paulo
1300 2558 1422 2602 ante
1468 2548 1686 2616 legitur,
1723 2550 1840 2617 ejus

267 2651 374 2705 est,
404 2641 495 2711 qui
531 2639 584 2692 in
616 2653 681 2693 eo
707 2639 774 2692 ab
813 2636 1165 2691 Eunomianis
1192 2636 1566 2704 dissentiebat,
1595 2639 1736 2707 quod
1765 2637 1837 2690 illi

266 2730 460 2784 Filium
507 2727 748 2784 dicerent
778 2737 1105 2793 creaturam,
1156 2728 1270 2797 ipse
1307 2741 1433 2782 vero
1477 2744 1600 2782 eum
1634 2731 1844 2796 genitu-

271 2835 382 2872 ram
422 2821 644 2875 diceret.
684 2819 841 2875 Patet
872 2835 1084 2890 quoque
1109 2836 1170 2875 ex
1206 2820 1315 2885 illo,
1362 2820 1708 2891 μονόκτιστος
1747 2839 1841 2875 κυ-

271 2911 528 2985 ριώτερον
576 2913 640 2966 ἂν
687 2911 918 2981 λέγοιτο,
970 2920 1111 2978 etc.,
1179 2929 1362 2967 vocem
1411 2913 1657 2982 γέννημα
1707 2913 1843 2966 Filio

279 3020 536 3076 tanquam
564 3007 810 3059 decoram
840 3021 902 3058 ac
927 3006 1198 3059 decentem
1224 3005 1291 3058 ab
1322 3003 1411 3057 illo
1438 3012 1658 3058 auctore
1684 3003 1846 3058 fuisse

269 3099 548 3154 tributam.
578 3097 751 3152 Vertit
797 3096 941 3151 enim
985 3096 1114 3150 vitio
1161 3094 1444 3159 Eunomio,
1489 3095 1631 3163 quod
1681 3094 1845 3149 Filius

1927 631 2183 700 loquitur.
2215 627 2675 696 Quemadmodum
2707 625 2852 678 enim
2900 624 2951 676 in
3001 620 3368 691 superioribus
3407 621 3497 670 de-

1927 725 2203 790 cernebat,
2235 725 2288 776 in
2322 721 2430 774 Deo
2461 718 2838 774 universorum
2869 714 3227 769 substantiam
3256 709 3372 776 ejus
3408 723 3501 778 per

1929 819 2396 886 ingenerationem
2428 811 2728 882 siguilicari
2758 829 2769 864 :
2800 812 2871 864 ita
2900 808 2988 863 hic
3016 822 3230 875 quoque
3259 801 3502 856 substan-

1931 908 2058 962 tiam
2091 906 2212 961 Filii
2251 921 2346 978 per
2376 904 2684 974 genituram
2722 897 3016 968 significari
3053 895 3202 960 dicit,
3233 905 3286 948 ut
3332 890 3499 962 geniti

1928 1001 1995 1055 ad
2038 1001 2332 1068 ingenitum
2385 994 2760 1065 oppositione,
2810 988 3157 1059 Unigenitum
3204 985 3500 1038 secundum

1930 1097 2100 1166 ipsam
2150 1091 2505 1145 substantiam
2555 1083 2826 1138 contrario
2875 1083 3032 1136 modo
3079 1079 3146 1133 ad
3188 1075 3400 1128 Patrem
3446 1089 3504 1127 se

1931 1165 2131 1242 habere
2158 1185 2426 1236 ostendat.
2457 1181 2794 1248 Quapropter
2825 1187 2942 1225 cum
2973 1171 3171 1226 Filium
3203 1165 3504 1237 genituram

1932 1277 2182 1349 appellat,
2213 1274 2372 1328 verba
2413 1289 2530 1341 quae
2571 1290 2598 1326 a
2633 1269 2813 1324 divino
2857 1264 3057 1333 Spiritu
3104 1264 3362 1329 usurpata
3400 1267 3504 1307 non

1933 1347 2090 1434 sunt,
2143 1363 2463 1437 przescribit.
2517 1363 2668 1418 Unde
2701 1361 2814 1414 haec
2863 1355 3102 1424 accepit?
3151 1369 3215 1407 ex
3269 1365 3374 1419 qua
3413 1347 3509 1400 do-

1935 1459 2150 1516 ctrina?
2190 1476 2218 1512 a
2264 1471 2371 1528 quo
2411 1453 2711 1523 propheta?
2746 1466 2773 1504 a
2809 1461 2916 1519 quo
2968 1444 3232 1513 apostolo,
3265 1441 3356 1510 qui
3397 1441 3499 1491 hoc

1935 1555 1983 1607 ei
2017 1565 2311 1621 cognomen
2347 1546 2631 1601 tribuerit?
2659 1545 2770 1614 Ego
2799 1541 3019 1612 quidem
3056 1545 3204 1590 certe
3235 1534 3373 1585 hanc
3416 1545 3508 1581 vo-

1937 1664 2051 1704 cem
2079 1647 2158 1702 sic
2186 1658 2497 1714 expressam
2530 1639 2676 1694 nullo
2707 1638 3002 1707 Scriptura:
3031 1633 3146 1686 loco
3176 1623 3505 1683 invenio.....

1936 1742 2150 1797 Patrem
2177 1739 2393 1810 quidem
2422 1732 2696 1805 genuisse,
2720 1744 2784 1782 ex
2814 1728 2995 1781 multis
3023 1725 3155 1779 locis
3181 1716 3507 1775 didicimus:

1941 1837 2132 1890 Filium
2166 1848 2293 1887 vero
2325 1831 2629 1896 genituram
2658 1838 2780 1880 esse
2811 1819 3035 1875 necdum
3065 1815 3131 1868 ad
3167 1813 3310 1866 hunc
3341 1817 3513 1874 usque

1940 1928 2082 1981 diem
2127 1923 2528 1977 audivimus....
2575 1918 2680 1975 Sed
2721 1916 2800 1980 si,
2851 1910 3059 1982 inquit,
3107 1904 3248 1958 Deus
3295 1896 3513 1968 gemulo

1942 2017 2212 2092 quomodo
2254 2029 2352 2084 par
2386 2027 2489 2066 non
2540 2022 2621 2066 est
2657 2010 2898 2081 genitum
2943 2003 3248 2075 genituram
3289 1984 3516 2045 vocare?

1944 2084 2079 2179 Quia
2132 2103 2460 2162 horrendum
2509 2109 2592 2155 est
2643 2101 2796 2154 nobis
2827 2110 2982 2157 eum,
3031 2093 3114 2144 cui
3164 2084 3392 2153 largitus
3433 2084 3516 2133 est

1946 2205 2086 2258 Deus
2119 2211 2311 2255 nomen
2357 2193 2498 2265 quod
2529 2201 2612 2246 est
2642 2205 2800 2258 super
2845 2198 3006 2243 omne
3053 2193 3268 2241 nomen,
3313 2170 3514 2227 nostris

1944 2292 2254 2351 nominibus
2291 2286 2678 2358 appellare.....
2704 2281 2854 2346 Quod
2889 2280 3053 2346 igitur
3091 2287 3189 2326 nec
3216 2259 3518 2322 communis

1945 2381 2316 2444 consuetudo,
2363 2392 2460 2432 nec
2510 2375 2916 2442 Scripturarum
2973 2380 3102 2419 usus
3159 2355 3412 2418 admisit,
3466 2349 3518 2403 id

1945 2483 2164 2543 audere,
2199 2488 2375 2544 nonne
2422 2480 2646 2526 summa:
2688 2461 2971 2520 dementia:
3019 2456 3176 2511 est?»
3228 2451 3517 2538 Postquam

1949 2582 2126 2625 autem
2152 2539 2386 2618 'Basiliu's
2414 2561 2528 2614 hznc
2557 2565 2611 2612 et
2647 2553 2750 2608 alia
2782 2551 2833 2604 id
2883 2560 3052 2619 genus
3091 2539 3280 2600 multa,
3310 2545 3517 2625 quae-iu

1949 2664 2067 2731 ipso
2114 2658 2261 2711 fonte
2291 2651 2393 2721 legi
2421 2662 2598 2718 oper-ae
2626 2645 2858 2715 pretium
2889 2648 2991 2702 est,
3020 2645 3079 2690 ut
3108 2633 3408 2700 eleganter,
3445 2619 3520 2731 ita

1948 2711 2166 2822 ciipiose
2208 2762 2293 2808 eo,
2323 2755 2482 2814 quem
2515 2738 2646 2802 dixi,
2678 2736 2793 2788 loco
2824 2730 3041 2800 scripsit
3071 2727 3136 2780 ad
3169 2733 3353 2778 vocem
3399 2711 3519 2782 γέν-

1947 2864 2096 2919 νημα
2136 2836 2539 2910 repudiandam,
2581 2831 2658 2885 sic
2705 2827 2920 2881 tandem
2962 2830 3266 2876 sermonem
3303 2806 3522 2919 coqclu-

1951 2898 2066 2994 dii:
2097 2898 2252 2990 Οὕτω
2282 2933 2377 3002 μὲν
2408 2924 2497 2981 οὖν
2528 2921 2781 2994 ἀλλοτρία
2807 2919 2902 2988 τῆς
2937 2931 2994 2966 τε
3028 2909 3212 2974 κοινῆς
3239 2898 3524 3002 συνηθείας

1953 3032 2045 3085 καὶ
2068 3030 2163 3099 τῆς
2187 2995 2293 3078 τῶν
2316 3020 2545 3092 Γραψῶν
2569 3019 2813 3088 χρήσεως
2843 3013 2876 3080 ἡ
2900 3006 3051 3080 φωνὴ
3071 3001 3163 3099 sou
3191 2995 3527 3068 γεννήματος

1953 3094 2378 3190 ἀπελή-λεγκται.
2419 3130 2436 3162 ι
2469 3108 2583 3162 Hoc
2620 3109 2800 3173 itaque
2848 3102 3004 3156 modo
3039 3094 3297 3166 geniturte
3339 3097 3526 3153 vocem

271 3205 338 3244 ex
369 3189 487 3258 ejus
529 3188 799 3296 sententia
829 3202 955 3292 vere
985 3187 1257 3242 diceretur
1300 3197 1569 3250 creatura,
1604 3186 1838 3256 appella-
1872 3236 1920 3296 α
1955 3224 2009 3270 ει
2036 3228 2065 3266 a
2099 3186 2372 3266 c'ommun-l
2411 3197 2804 3257 consuetudine
2833 3204 2888 3247 ει
2920 3207 2948 3243 a
2979 3189 3382 3256 scripturarum
3426 3189 3525 3228 usu

275 3290 428 3339 retur
461 3296 592 3335 vero
621 3281 759 3335 {also
787 3279 1002 3336 nomine
1037 3280 1281 3350 genitura
1311 3296 1322 3332 :
1364 3293 1523 3348 quem
1553 3275 1683 3332 sane
1711 3294 1845 3330 nunc

272 3386 435 3440 quam
497 3373 578 3425 sic
625 3374 922 3441 arguisset,
967 3372 1068 3426 nisi
1120 3371 1434 3426 credidisset
1488 3371 1599 3440 ipse
1656 3370 1846 3424 Filium

274 3463 494 3533 proprio
536 3478 598 3516 ac
627 3477 755 3517 vero
787 3465 1004 3517 nomine
1034 3462 1334 3531 genituram
1382 3463 1660 3531 appellari.
1696 3460 1848 3514 Basi-

279 3554 388 3610 lius
435 3563 614 3608 autem
651 3569 758 3607 non
797 3554 954 3607 modo
1011 3569 1115 3607 non
1162 3568 1289 3606 usus
1331 3561 1412 3604 est
1473 3553 1688 3606 nomine
1731 3551 1850 3619 γέν-

275 3662 450 3716 νημα,
485 3644 580 3699 sed
608 3660 672 3700 eo
694 3645 768 3698 uti
806 3659 909 3698 noa
943 3644 1106 3699 licere
1132 3644 1327 3697 docuit.
1355 3644 1424 3696 At
1455 3643 1628 3713 ipsum
1659 3643 1850 3699 audire

276 3745 518 3807 pralslat.
565 3736 692 3803 Ejus
736 3736 895 3804 igitur
927 3735 1040 3790 haec
1073 3743 1197 3790 sunt
1245 3733 1339 3787 lib.
1381 3749 1439 3799 ιι,
1474 3749 1621 3786 num.
1649 3733 1703 3797 6,
1734 3734 1763 3785 7
1799 3743 1853 3787 et

275 3830 308 3881 8
340 3847 354 3882 :
394 3829 504 3880 Καὶ
550 3828 606 3878 ὲν
633 3825 840 3889 τούτοις
882 3827 1059 3880 τοίνυν
1101 3829 1167 3897 τῇ
1207 3827 1305 3896 μὲν
1337 3824 1564 3897 ἀληθείᾳ
1603 3825 1852 3896 φανερῶς

274 3919 620 3992 διαμάχεται,
657 3916 833 3984 ἑαυτῷ
861 3916 916 3967 δὲ
947 3917 1094 3985 ὅμως
1125 3915 1392 3970 ἀκόλουθα
1418 3915 1584 3983 λέγει.
1627 3916 1712 3979 Ὠς
1744 3915 1852 3988 γὰρ

276 4012 336 4062 έν
375 4011 487 4070 τοῖς
531 4006 643 4060 ἅνω
680 4006 856 4073 λόγοις
886 4006 947 4057 τὸ
979 4006 1268 4075 ἀγέννητον
1302 4009 1393 4059 ἐπὶ
1435 4009 1528 4060 τοῦ
1569 4007 1701 4060 Θεοῦ
1747 4009 1851 4060 τῶν

277 4102 436 4165 ὅλων,
468 4099 566 4170 τῆς
599 4100 784 4162 οὐσίας
821 4097 980 4150 αὐτοῦ
1012 4097 1292 4168 διωρίζετο
1328 4096 1464 4152 εἶναι
1497 4102 1850 4169 σημαντικὸν,

277 4192 421 4246 οὕτω
455 4194 548 4244 καὶ
593 4189 824 4243 ἐνταῦθα
853 4190 912 4242 τὸ
935 4189 1180 4258 γέννημα
1223 4188 1323 4259 τὴν
1357 4190 1541 4242 οὐσίαν
1586 4191 1678 4242 τοῦ
1725 4191 1852 4252 Υίῴ

280 4284 566 4353 σημαίνειν
613 4281 790 4349 λέγει·
843 4283 907 4333 ἵν’
955 4279 1011 4333 ὲν
1057 4284 1123 4351 τῇ
1167 4280 1260 4332 τοῦ
1307 4281 1562 4353 γεννητοῦ
1616 4282 1750 4354 πρὸς
1797 4283 1856 4334 τὸ

279 4375 576 4445 ἀγέννητον
602 4372 892 4437 ἀντιθέσει,
923 4374 1176 4436 ἐναντίως
1221 4373 1408 4443 ἔχοντα
1439 4374 1516 4444 τῷ
1558 4375 1732 4444 Πατρὶ
1767 4375 1857 4427 τὸν

280 4465 565 4533 Μονογενῆ
616 4463 754 4517 κατὰ
802 4465 902 4534 τὴν
965 4465 1151 4516 οὐσίαν
1205 4465 1375 4534 αὐτὴν
1449 4465 1711 4539 ἐπιδείξῃ.
1761 4466 1856 4518 Διὰ

281 4559 456 4611 ταῦτα
495 4555 773 4627 νομοθετεῖ
808 4557 1027 4625 ῥήματα
1062 4555 1164 4619 ἔξω
1199 4557 1295 4626 τῆς
1328 4558 1571 4626 χρήσεως
1605 4558 1730 4610 ὄντα
1765 4557 1855 4610 τοῦ

283 4650 430 4702 θείου
498 4647 844 4718 Πνεύματος,
904 4647 1148 4717 γέννημα
1219 4649 1308 4699 τὸν
1364 4648 1488 4699 Υἱὺν
1554 4649 1856 4718 ὀνομάζων.

282 4740 455 4794 Πόθεν
476 4739 655 4793 λαϐών
678 4758 689 4804 ;
712 4742 774 4791 ἐκ
792 4739 948 4801 ποίας
981 4737 1322 4803 διδασκαλίας
1346 4756 1358 4801 ;
1386 4739 1526 4801 τίνος
1550 4745 1823 4810 προφήτου
1848 4758 1859 4803 ;

283 4834 429 4894 τίνος
462 4831 568 4883 τῶν
599 4831 912 4885 ἀποστόλων
944 4830 1148 4899 ταύτην
1184 4828 1331 4897 αὐτῷ
1353 4830 1450 4899 τὴν
1484 4833 1864 4900 προσωνυμίαν

288 4926 756 4996 ὲπιφημίσαντοςς
805 4923 945 4994 Ἐγὼ
983 4926 1077 4995 μὲν
1114 4924 1220 4997 γὰρ
1250 4922 1484 4992 οὐδαμοῦ
1515 4925 1611 4993 τῆς
1646 4925 1864 4995 Γραφῆς

284 5019 547 5090 κειμένην
589 5018 728 5071 οὕτω
754 5016 850 5088 τὴν
886 5018 1065 5086 φωνὴν
1107 5016 1308 5084 ταύτην
1349 5011 1571 5086 εὖρον...
1604 5016 1863 5084 Γεγεννη-

288 5111 439 5166 κέναι
485 5110 582 5180 μὲν
619 5110 726 5180 γὰρ
766 5111 853 5162 τὸν
886 5109 1126 5179 Πατέρα,
1180 5107 1443 5178 πολλαχοῦ
1474 5106 1860 5177 δεδιδάγμεθα·

285 5205 534 5274 γέννημα
565 5202 623 5255 δὲ
656 5198 793 5255 εἶναι
820 5203 909 5254 τὸν
941 5202 1084 5266 Υἱὸν,
1113 5200 1320 5254 οὐδέπω
1345 5201 1436 5253 καὶ
1464 5203 1700 5271 τήμερον
1729 5201 1865 5268 ἀκη-

287 5296 495 5366 κόαμεν
663 5293 799 5345 Ἀλλ’
819 5296 866 5346 εἰ
896 5293 1171 5362 ἐγέννησε,
1198 5293 1381 5363 φησὶν,
1408 5295 1436 5346 ὁ
1463 5293 1617 5355 Θεὸς,
1644 5290 1762 5354 πῶς
1802 5291 1861 5342 οὐ

285 5385 394 5457 χρὴ
421 5385 510 5437 τὸν
533 5384 858 5454 γεννηθέντα
882 5383 1303 5454 προσαγορεύειν
1336 5385 1610 5454 γέννημα;
1634 5385 1752 5435 Ὀτι
1772 5400 1864 5450 φο-

285 5477 448 5546 ϐερὸν
491 5477 622 5546 ἡμῖν
647 5475 934 5547 ἡμετέροις
977 5476 1135 5528 αὐτὸν
1169 5477 1394 5546 ὀνόμασι
1431 5478 1791 5548 προσφωνεῖν,

287 5569 582 5639 ἐχαρίσατο
628 5569 657 5621 ὁ
702 5567 831 5631 Θεὸς
861 5567 1030 5639 ὄνομα
1059 5571 1117 5622 τὺ
1156 5570 1294 5639 ὑπὲρ
1333 5571 1437 5621 πᾶν
1485 5568 1766 5637 δνομα.....
1800 5569 1862 5619 Ὃ

290 5656 469 5710 τοίνυν
498 5655 619 5709 οὐτε
667 5658 700 5727 ἡ
749 5657 899 5726 κοινὴ
940 5656 1212 5728 συνήθεια,
1259 5655 1378 5708 οὐτε
1429 5654 1599 5724 ήτῶν
1631 5647 1862 5722 Γραφῶν

291 5750 486 5820 κρῆδις
522 5749 933 5818 παραδέδεκται,
968 5748 1155 5803 τούτου
1192 5747 1558 5818 κατατολμᾷν,
1597 5745 1710 5808 πῶς
1745 5742 1863 5814 οὐχὶ

292 5839 392 5910 τῆς
431 5840 663 5911 ἐσχάτης
697 5839 952 5903 ἀπονοίας
985 5839 1133 5905 seti;
1176 5858 1190 5890 ι
1224 5839 1288 5893 Ει
1329 5839 1379 5892 in
1431 5838 1510 5902 his
1560 5837 1738 5907 utique
1784 5849 1867 5888 ve-

1956 3307 2183 3362 alienam
2232 3313 2351 3355 esse
2403 3297 2826 3350 demonstratum
2872 3292 3017 3337 est.»
3073 3279 3201 3344 Quae
3252 3265 3528 3362 omnia-si

1956 3402 2095 3455 inter
2122 3409 2180 3450 se
2220 3396 2621 3457 comparentur,
2669 3378 3014 3452 perspicuum
3056 3371 3160 3426 erit
3203 3381 3268 3418 ex
3310 3362 3412 3415 hac
3451 3356 3532 3411 lo-

1957 3504 2141 3545 corum
2170 3484 2476 3543 collatione,
2509 3476 2765 3532 Basilinm
2801 3479 2894 3524 aut
2922 3465 3023 3520 sibi
3056 3475 3161 3516 non
3196 3451 3528 3512 consentire,

1959 3593 2068 3646 aut,
2115 3575 2258 3649 quod
2303 3574 2482 3628 verius
2521 3579 2622 3635 est,
2671 3570 2861 3620 borum
2910 3560 3196 3616 librorum,
3242 3551 3294 3602 in
3336 3544 3533 3614 quibus

1956 3635 2320 3740 vox'yé-vvrjna
2342 3676 2593 3732 tanquam
2631 3658 2870 3712 solemne
2895 3651 3152 3720 quiddam
3185 3653 3240 3697 et
3268 3635 3534 3693 familiare

1959 3765 2158 3836 passim
2192 3760 2499 3817 adhibetur,
2537 3761 2814 3804 auctorem
2845 3758 2949 3797 non
2982 3753 3120 3795 esse.

2031 3856 2121 3909 7-2.
2159 3851 2382 3909 Ostendi
2419 3849 2683 3902 hactenus
2724 3847 2998 3894 auctorem
3056 3833 3317 3887 librorum
3355 3819 3531 3893 quarti

1959 4006 2013 4052 et
2044 3994 2212 4063 quinti
2249 3999 2435 4044 contra
2471 3983 2789 4038 Eunomium
2842 3978 2916 4032 uti
2955 3975 3138 4044 aliquo
3181 3966 3389 4023 dicendi
3438 3977 3531 4033 ge-

1962 4103 2106 4146 nere.
2142 4101 2249 4153 quo
2298 4097 2402 4135 non
2439 4079 2573 4133 solet
2603 4075 2682 4129 uti
2711 4071 2941 4126 Basilius
2994 4082 3008 4118 :
3071 4079 3233 4124 nunc,
3281 4059 3534 4127 quoniam

1961 4180 2194 4232 varietas
2222 4175 2335 4243 ipsa
2373 4185 2469 4240 per
2499 4183 2558 4222 se
2591 4166 2784 4236 placet,
2814 4159 3101 4217 ostendere
3125 4154 3362 4210 conabor
3385 4167 3536 4206 eum-

1963 4273 2083 4326 dem
2121 4283 2225 4320 non
2249 4242 2330 4318 luti
2355 4260 2624 4330 aliquibus
2658 4253 2868 4311 dicendi
2905 4249 3170 4311 formulis,
3207 4262 3324 4314 qua:
3351 4242 3536 4310 sa‘pis-

1963 4361 2098 4415 sitne
2127 4356 2265 4427 apud
2312 4353 2568 4406 Basilium
2620 4349 2889 4419 leguntur.
2939 4343 3046 4397 Res
3079 4348 3255 4393 autem
3304 4335 3369 4389 iis
3419 4346 3538 4401 quae

1964 4426 2243 4520 subjiciam
2268 4443 2530 4510 exentplis
2561 4441 2651 4495 lict
2676 4439 2891 4494 clarior.
2927 4435 3218 4500 Postquam
3252 4428 3412 4498 igitur
3438 4426 3538 4480 Ba-

1965 4546 2115 4598 silius
2150 4540 2349 4609 aliquid
2385 4545 2476 4590 aut
2507 4532 2772 4603 probavit,
2824 4539 2916 4583 aut
2951 4523 3271 4585 confutavit,
3314 4531 3404 4574 aut
3442 4534 3540 4573 ex-

1967 4635 2226 4707 planavit,
2269 4632 2569 4685 orationem
2603 4624 2928 4682 concludere
2967 4617 3243 4677 consuevit
3297 4616 3378 4668 his
3416 4627 3539 4665 ver-

1969 4729 2050 4782 bis
2093 4745 2105 4780 :
2147 4725 2257 4778 Καὶ
2290 4722 2464 4776 ταῦτα
2506 4721 2602 4791 μὲν
2653 4718 2744 4772 ἐπὶ
2773 4714 3047 4777 τοσοῦτον,
3091 4710 3192 4775 vel,
3237 4711 3314 4772 είς
3353 4705 3539 4760 τοσοῦ-

1965 4836 2092 4884 τον;
2128 4817 2275 4871 verbi
2307 4814 2500 4886 gratia,
2542 4821 2827 4881 postquam
2864 4805 3090 4860 Basilius
3140 4802 3275 4856 libro
3310 4799 3383 4851 De
3412 4797 3538 4863 Spi-

1967 4917 2072 4966 ritu
2096 4919 2296 4971 sancto,
2328 4922 2448 4976 cap.
2475 4905 2564 4970 M,
2617 4903 2684 4957 de
2735 4901 2930 4970 Moysis
2967 4896 3286 4965 baptismate
3329 4891 3541 4944 locutus

1967 5015 2070 5066 est,
2102 5002 2403 5056 orationem
2447 4997 2791 5052 absoluturus
2821 4995 2898 5045 sic
2922 4989 3136 5058 scripsit
3169 4985 3284 5041 :sz
3322 4984 3420 5055 μὲν
3444 4978 3539 5036 οὖν

1965 5097 2094 5167 περὶ
2124 5094 2332 5158 τύπων,
2390 5092 2484 5143 ἐπὶ
2516 5087 2788 5150 τοσοῦτον,
2838 5105 2855 5136 ι
2882 5084 3064 5153 Itaque
3108 5083 3173 5135 de
3201 5079 3386 5148 ﬁguris
3415 5076 3539 5144 qui-

1968 5190 2088 5243 dem
2129 5189 2411 5241 hactenus.
2447 5204 2465 5236 ι
2504 5181 2612 5236 Nec
2642 5182 2798 5235 aliter
2823 5180 3085 5246 scriptum
3117 5173 3391 5229 invenitur
3419 5184 3537 5238 cap.

1967 5277 2057 5330 '29.
2092 5273 2380 5341 Postquam
2402 5271 2544 5324 enim
2573 5280 2807 5323 veterum
2835 5265 3038 5334 aliquot
3058 5265 3382 5332 scriptorum
3417 5273 3538 5310 ver-

1968 5370 2033 5419 ba
2065 5366 2272 5427 retulit,
2307 5363 2428 5418 fecit
2451 5378 2552 5414 non
2581 5359 2839 5419 insolens.
2870 5368 2927 5410 ut
2953 5358 3065 5411 ιιωο
3094 5352 3356 5408 addiderit
3383 5367 3395 5403 :
3431 5351 3540 5404 Kal.

1970 5459 2140 5513 ταῦτα
2175 5459 2272 5528 μὲν
2303 5458 2382 5519 είς
2404 5454 2670 5516 τοσοῦτον,
2702 5470 2720 5503 ι
2751 5453 2810 5505 Et
2834 5453 2945 5504 hinc
2973 5450 3191 5519 quidem
3215 5447 3490 5500 hactenus.
3516 5463 3535 5494 ι

1973 5552 2222 5620 Ejusdem
2256 5550 2331 5604 rei
2392 5558 2443 5601 et
2477 5546 2580 5601 alia
2609 5546 2854 5612 exempla
2885 5543 2985 5610 legi
3041 5549 3263 5608 possunt
3291 5538 3390 5592 hoc
3425 5538 3540 5603 ipso

1971 5646 2022 5698 in
2055 5643 2194 5698 libro
2241 5656 2360 5710 cap.
2390 5640 2476 5695 50.
2527 5639 2680 5702 Item,
2716 5637 2768 5689 in
2807 5635 2899 5688 lib.
2941 5633 3116 5701 primo
3142 5642 3322 5684 contra
3362 5627 3543 5685 Euno-

1970 5739 2151 5802 mium,
2188 5752 2334 5789 num.
2363 5734 2418 5798 5,
2455 5732 2543 5787 ubi
2594 5734 2705 5786 haec
2749 5728 2998 5796 loquendi
3035 5727 3168 5778 ratio
3209 5724 3290 5778 bis
3317 5722 3542 5775 adhibe-

1973 5839 2076 5884 tur.
2116 5827 2246 5885 Cum
2281 5826 2439 5896 igitur
2481 5823 2706 5877 Basilius
2744 5820 2844 5874 hac
2884 5816 3263 5873 concludendac
3285 5814 3544 5870 orationis
