4040 6486
526 456 749 497 ισιηνι

1884 439 2411 496 PliOLliGOMENA.

523 551 749 603 formula
783 551 943 604 unice
990 549 1281 604 delectatus
1326 551 1491 605 fuisse
1521 554 1785 617 videatur,
1818 571 1910 608 cur
1950 572 2088 607 nuu-
2121 566 2168 619 Α
2203 556 2368 609 uomii
2424 555 2739 625 opusculum
2791 556 3056 610 edendum
3103 556 3427 609 curavimus.
3482 554 3572 609 Sic
3606 559 3773 625 igitur

517 654 678 708 quam
706 654 768 694 ea
797 639 851 694 in
884 640 1085 694 ultimis
1114 642 1321 696 duobus
1344 646 1397 695 in
1421 643 1738 699 Eunomium
1778 647 1925 699 libris
1960 662 2089 704 usus

2195 646 2430 714 loquitur
2473 648 2705 716 scriptor
2762 662 2912 702 num.
2953 644 3017 699 12
3063 664 3076 699 :
3127 648 3246 700 Ὅτι
3294 648 3353 702 δι
3384 647 3477 701 καὶ
3525 640 3607 710 εἷς
3639 648 3770 715 rte;

516 729 632 784 est?
669 727 837 786 Paulo
868 732 1036 801 magis
1074 749 1290 787 movere
1317 736 1496 798 debet,
1542 738 1685 803 quod
1729 740 1915 792 horum
1952 754 2069 809 quo:

2194 735 2525 808 (Μονογενὴς
2538 736 2689 808 γὰρ),
2720 734 2849 806 ἆνῆν
2889 739 2988 807 μὲν
3012 736 3111 801 τὰς
3136 736 3244 790 τῶν
3269 739 3439 807 ἁγίων
3461 739 3643 810 φωνὰς
3665 757 3771 794 πα-

516 835 639 874 mox
676 822 787 875 dixi
820 820 1077 878 librorum
1106 837 1293 880 auctor
1327 843 1510 880 νυειειη
1557 830 1788 883 κατόπιν
1822 845 2084 900 numquam

514 911 769 966 adhibeat
798 928 811 967 :
846 929 965 984 qua:
994 925 1171 969 tamen
1201 932 1299 970 vox
1329 918 1400 969 ita
1437 929 1521 971 est
1570 919 1852 974 familiaris
1887 920 2087 978 Basilio

517 1001 726 1071 Magno,
758 1018 809 1058 ut
842 1008 895 1059 in
930 1006 1046 1073 ejus
1080 1009 1300 1077 scriptis
1329 1022 1543 1064 sursum
1578 1014 1830 1067 deorsum
1858 1014 2081 1086 legatur.

514 1094 830 1167 Quanquam
875 1109 1051 1151 autem
1094 1099 1320 1163 Basilius
1364 1115 1483 1155 eain
1533 1118 1716 1158 vocem
1770 1105 1950 1160 multis
2001 1123 2081 1159 va-

515 1186 717 1255 riisque
746 1186 917 1240 modis
963 1199 1206 1255 usurpet,
1237 1192 1535 1255 przesertim
1582 1204 1761 1247 tamen
1798 1209 1859 1249 ea
1892 1196 2080 1261 utitur,

516 1293 636 1330 cum
668 1277 977 1347 significare
1004 1281 1117 1334 vult
1144 1296 1201 1337 se
1235 1283 1459 1354 alicujus
1492 1286 1566 1338 rei
1596 1284 1711 1352 jam
1748 1299 1904 1341 antea
1935 1303 2083 1339 tuen-

517 1370 713 1420 tinnem
751 1368 962 1422 fecisse.
988 1371 1127 1450 Ergo
1151 1373 1239 1427 tibi
1284 1375 1527 1443 plerique
1552 1375 1638 1428 alii
1668 1379 1957 1445 scriptores
1985 1391 2083 1430 sa:-

514 1457 631 1520 pius
668 1459 914 1513 scribunt
948 1461 1024 1525 ὡς
1064 1464 1405 1532 προείρηται,
1451 1474 1545 1516 aut
1584 1465 1901 1535 simpliciter
1926 1466 2080 1538 εἴρη-

510 1561 622 1609 ται,
660 1564 680 1598 ι
705 1557 763 1601 ιιι
796 1547 907 1617 jam
941 1561 1097 1603 antea
1129 1551 1333 1604 dictum
1357 1561 1460 1615 est,
1503 1561 1563 1606 ut
1583 1552 1788 1607 dictum
1811 1564 1910 1619 est,
1938 1572 1957 1607 ι
1999 1556 2083 1609 ille

510 1653 665 1692 suam
690 1641 989 1693 orationem
1026 1639 1104 1695 sic
1128 1642 1428 1713 componit,
1459 1656 1516 1697 ut
1542 1646 1721 1715 potius
1753 1647 1823 1699 ita
1852 1647 2080 1710 scribat,

522 1730 611 1784 Ἐν
653 1735 765 1795 τοῖς
798 1731 1028 1788 κατόπιν
1066 1734 1266 1804 λόγοις,
1299 1747 1393 1791 attt
1426 1738 1762 1806 simpliciter,
1827 1738 1914 1791 Ἐν
1969 1742 2083 1802 τοῖς

2194 825 2549 898 ραθεμένους,
2594 827 2663 881 δι’
2697 821 2771 883 ὧν
2826 826 2953 880 Υιὸν
3005 829 3100 881 καὶ
3144 827 3387 898 γέννημα
3435 831 3529 885 καὶ
3558 830 3771 902 ποίημα

2194 918 2651 989 καταγγέλλουσιν
2689 960 2703 974 .
2727 956 2778 974 ..
2819 918 3164 990 ἀπηλλάχθαι
3211 920 3507 990 φροντίδος,
3573 923 3767 991 «Quod

2187 1018 2365 1062 autem
2398 1010 2563 1065 Filius
2589 1024 2730 1065 unus
2767 1013 2839 1066 sit
2863 1025 3075 1080 quoque
3100 1010 3442 1080 (Unigenitus
3462 1023 3545 1067 est
3570 1014 3762 1085 enim).

2185 1099 2408 1154 vocibus
2441 1106 2748 1154 sanctorum
2769 1102 2820 1155 in
2844 1101 3077 1155 medium
3118 1100 3317 1167 allatis,
3341 1101 3532 1171 quibus
3564 1103 3762 1160 Filium

2186 1199 2296 1243 tum
2312 1190 2610 1258 genituram
2631 1200 2739 1245 tum
2763 1203 3066 1247 creaturam
3098 1193 3460 1263 praedicant...
3494 1198 3765 1261 possimus

2183 1294 2312 1335 cura
2340 1280 2574 1337 liberari.
2606 1299 2624 1333 ι
2660 1280 2801 1351 Ergo
2821 1285 2887 1339 de
2920 1283 3161 1341 Eunomii
3195 1284 3481 1349 sententia,
3512 1292 3571 1337 ut
3595 1281 3765 1342 Filius

2183 1384 2308 1425 vere
2348 1374 2672 1441 praedicatur
2698 1382 2977 1437 creatura,
3023 1375 3093 1429 ita
3125 1374 3289 1431 etiam
3339 1376 3478 1443 idem
3510 1390 3638 1432 vere
3671 1391 3765 1445 ge-

2186 1460 2367 1516 nitura
2401 1464 2621 1519 dicitur.
2658 1463 2822 1516 Paulo
2857 1471 2978 1533 post
3019 1466 3189 1535 magis
3220 1466 3499 1536 perspicue
3525 1476 3761 1522 mentem

2182 1566 2334 1607 suam
2376 1557 2544 1625 aperit
2576 1554 2893 1620 Euuntnius,
2943 1556 3027 1610 his
3057 1559 3236 1613 verbis
3266 1575 3281 1612 ι
3311 1555 3561 1626 Γέννημα
3584 1558 3763 1613 τοίνυν

2182 1644 2273 1699 τὸν
2309 1646 2436 1701 Υίόν
2466 1663 2666 1715 φαμεν,
2694 1650 2836 1702 κατὰ
2858 1650 2957 1719 τὴν
2987 1646 3093 1701 τῶν
3126 1648 3354 1721 Γραφῶν
3390 1646 3758 1715 διδασκαλίαν,

2183 1738 2281 1810 οὐχ
2319 1740 2504 1809 ἕτερον
2541 1737 2642 1807 μέν
2671 1756 2723 1792 τι
2758 1742 2856 1811 τὴν
2890 1740 3075 1795 οὐσίαν
3104 1740 3368 1803 νοοῦντες,
3410 1738 3594 1809 ἕτερον
3624 1741 3680 1794 δέ
3706 1760 3760 1796 τι

512 1822 761 1892 κατόπιν,
804 1843 824 1878 ι
852 1836 909 1880 ιιι
942 1831 1190 1896 superius
1225 1832 1425 1883 dictum
1472 1840 1573 1882 est.
1603 1847 1622 1880 ι
1658 1828 1792 1883 Cum
1836 1831 1995 1900 igitur
2026 1831 2069 1884 in

2186 1830 2315 1902 παρ’
2348 1828 2519 1887 αὐτὴν
2547 1830 2609 1881 τὸ
2643 1830 3057 1902 σημαινόμενον,
3108 1830 3221 1885 αλλ’
3246 1828 3413 1901 αὐτὴν
3468 1824 3607 1883 εἶναι
3658 1832 3760 1903 τὴν

511 1913 715 1969 ultimis
740 1916 945 1971 duobus
997 1917 1050 1968 in
1095 1914 1413 1971 Eunamium
1462 1917 1614 1973 libris
1646 1934 1786 1990 smpe
1824 1922 2069 1989 scriptum

2185 1900 2498 1981 ὑπόστασιν,
2547 1918 2612 1989 ἢν
2637 1920 2888 1991 σημαίνει
2926 1918 3182 1991 τοῦνομα,
3211 1918 3650 1993 ὲπαληθευούσης
3689 1922 3755 1992 τῇ

508 2006 581 2058 sit
621 2016 715 2060 aut
743 2009 1083 2077 προείρηται,
1113 2020 1205 2063 aut
1235 2010 1556 2081 simpliciter
1581 2011 1817 2084 εἴρηται,
1863 2027 1961 2068 nec
1989 2029 2081 2069 us-

506 2112 669 2166 quam
722 2098 773 2151 in
815 2100 899 2153 his
938 2101 1205 2157 scribatur
1238 2102 1297 2156 iv
1339 2106 1454 2167 τοῖς
1501 2103 1754 2172 κατόπιν,
1793 2108 2081 2176 quomodo,

508 2202 710 2255 quaso,
739 2188 965 2246 Basilius
996 2194 1255 2262 ejusmodi
1289 2193 1549 2249 librorum
1588 2205 1781 2250 auctor
1816 2196 1921 2251 dici
1961 2212 2075 2253 me.

508 2276 614 2331 rito
641 2281 846 2347 possit?

574 2366 661 2423 75.
696 2368 916 2425 Monere
951 2371 1124 2440 juvat,
1170 2372 1382 2429 libellos
1419 2375 1555 2433 duos
1606 2376 1771 2434 fuisse
1802 2380 1976 2437 editos
2009 2382 2079 2436 ab

504 2458 790 2517 Eunomia.
818 2461 1014 2527 Unum,
1046 2478 1205 2535 quem
1229 2468 1523 2524 confutavit
1549 2467 1799 2535 Basilius,
1828 2470 2075 2533 alterum.

502 2564 663 2616 quem
689 2551 972 2609 confutare
1006 2569 1112 2610 non
1154 2557 1351 2624 potuit,
1380 2572 1501 2609 cum
1532 2572 1637 2612 non
1669 2557 1845 2613 editus
1874 2556 1947 2615 sit
1973 2558 2077 2613 nisi

504 2651 626 2709 post
678 2645 847 2713 ipsius
891 2658 1137 2701 mortem.
1176 2646 1300 2700 llaec
1332 2660 1539 2702 mecum
1593 2663 1713 2703 cum
1751 2659 2076 2720 reputarem,

502 2734 677 2788 ultimi
716 2736 823 2790 duo
869 2738 925 2789 in
951 2737 1266 2791 Eunomium
1296 2738 1417 2792 libri
1464 2740 1594 2794 mihi
1626 2743 1797 2813 magis
1820 2757 1883 2798 ac
1907 2743 2079 2812 magis

503 2826 738 2895 suspecti
763 2825 890 2882 facti
920 2835 1068 2888 sunt.
1095 2828 1281 2886 Putavi
1304 2830 1446 2886 enim
1476 2832 1743 2887 confutari
1782 2833 1836 2887 in
1868 2833 2075 2891 ultimis

502 2917 711 2974 duobus
739 2931 922 2973 contra
962 2918 1284 2976 Eunomium
1323 2922 1476 2979 libris
1513 2938 1618 2979 non
1655 2923 1888 2992 primum
1920 2926 2073 2982 libel-

498 3005 611 3061 lum
642 3008 915 3075 Eunomii,
944 3010 1039 3064 sed
1071 3014 1399 3078 secundum;
1444 3014 1514 3070 ob
1542 3015 1703 3085 idque
1726 3018 1947 3072 secundi
1976 3017 2076 3073 lm-

491 3098 584 3168 jus
609 3096 773 3154 libelli
805 3098 1230 3155 confutationem
1259 3104 1419 3157 tribui
1445 3121 1550 3160 non
1576 3122 1734 3176 posse
1755 3106 1975 3177 Basilio,
2003 3111 2074 3167 ob

498 3205 618 3244 eam
649 3205 811 3259 quam
839 3192 991 3246 attuli
1017 3193 1302 3247 rationem.
1336 3194 1397 3246 Et
1426 3195 1642 3264 quidem
1669 3200 1925 3267 scriptor,
1954 3202 2073 3272 qui-

498 3292 711 3349 cunque
761 3279 851 3337 ille
894 3280 1016 3346 fuit,
1044 3283 1134 3352 qui
1165 3282 1385 3339 ultimos
1409 3284 1546 3339 duos
1575 3287 1628 3338 in
1651 3284 1972 3343 Eunomium
2004 3294 2071 3346 li-

498 3372 627 3427 bros
664 3372 926 3444 vulgavit,
971 3376 1042 3429 ita
1092 3375 1333 3430 confutat
1365 3376 1711 3446 Eunomium,
1745 3390 1801 3434 ut
1829 3396 1951 3436 eum
1981 3398 2071 3438 re—

495 3460 819 3525 prehendat,
847 3464 989 3530 quod
1017 3464 1211 3518 Filium
1246 3482 1369 3521 vere
1396 3468 1599 3523 diceret
1631 3482 1957 3541 creaturam,
1989 3472 2070 3528 af-

495 3550 744 3607 lirmaret
787 3567 919 3609 vero
966 3556 1214 3609 eumdem
1273 3558 1411 3612 falso
1469 3560 1690 3616 nomine
1764 3566 2067 3632 genituram

496 3643 624 3699 dici.
647 3644 800 3711 Quod
844 3656 906 3701 ut
948 3647 1282 3704 manifestius
1323 3648 1436 3716 fiat,
1478 3648 1589 3717 ipsa
1637 3654 1916 3723 scriptoris
1942 3671 2067 3712 vero

496 3736 591 3801 lia,
618 3751 737 3807 quae
757 3736 868 3807 jam
892 3740 1196 3809 retulimus,
1222 3757 1408 3797 rursus
1427 3742 1496 3799 ob
1519 3743 1704 3800 oculos
1734 3760 1931 3815 ponere
1959 3763 2063 3804 non

496 3828 717 3897 pigebit.
754 3827 877 3881 licet:
913 3841 1090 3884 autem
1136 3844 1260 3887 sunt
1291 3834 1386 3889 lib.
1418 3845 1611 3905 quarto
1635 3851 1756 3909 pag.
1784 3838 1891 3894 287
1917 3859 1931 3895 :
1960 3842 2063 3897 Mo-

492 3917 769 3981 νόκτιστος
800 3918 1129 3991 κυριώτερον
1160 3922 1225 3975 ἂν
1248 3923 1478 3990 λέγοιτο,
1511 3926 1712 3995 κτίσμα
1737 3928 1834 3997 μὲν
1854 3930 2065 4002 ἀληθῶς

495 4008 614 4059 κατ’
636 4008 894 4079 Εὐνόμιον
928 4010 1023 4078 ὢν,
1054 4011 1298 4083 γέννημα
1322 4014 1379 4066 δὲ
1414 4015 1776 4087 ψευδωνύμως
1806 4022 2068 4094 καλούμε-

494 4114 605 4163 νος.
668 4118 688 4152 ι
716 4099 1035 4158 Unicreatus
1066 4106 1234 4173 magis
1263 4108 1476 4175 proprie
1506 4108 1794 4173 diceretur,
1830 4126 1952 4165 cum
1983 4128 2065 4167 se-

498 4192 733 4246 cundum
768 4192 1087 4249 Eunomium
1112 4210 1239 4252 vere
1291 4207 1541 4251 creatura
1588 4200 1679 4264 sit,
1718 4198 1858 4255 falso
1882 4210 2061 4256 autem

494 4282 714 4337 nomine
756 4283 1000 4353 genitura
1056 4299 1297 4341 vocetur.
1328 4306 1346 4339 ι
1394 4286 1642 4360 Scriptor
1683 4290 1865 4360 igitur,
1916 4291 2065 4361 quis-

494 4370 620 4439 quis
648 4383 755 4437 est,
798 4374 1107 4430 confutabat
1140 4391 1264 4431 eum
1311 4377 1559 4435 Eunomii
1588 4380 1847 4446 libellum,
1876 4382 1929 4436 in
1955 4397 2064 4453 quo

495 4461 785 4519 haereticus
816 4465 905 4520 ille
937 4466 1166 4520 docebat
1192 4465 1386 4520 Filium
1430 4468 1571 4523 falso
1606 4471 1824 4525 nomine
1850 4470 2066 4541 genitu-

2183 2011 2340 2080 οὐσίᾳ
2370 2008 2470 2080 τῆς
2499 2011 2883 2083 προσηγορίας.
2931 2030 2949 2062 ι
2980 2011 3295 2068 Genituram
3331 2012 3512 2082 itaque
3559 2012 3754 2068 Filium

2183 2100 2432 2164 dicimus,
2464 2113 2532 2153 ea
2574 2098 2973 2169 Scripturarum
3012 2100 3283 2168 doctrina,
3316 2114 3420 2153 non
3454 2099 3597 2152 aliud
3624 2098 3755 2168 quid

2182 2183 2471 2241 essentiam
2518 2186 2903 2257 intelligentes,
2952 2184 3096 2241 aliud
3151 2186 3278 2255 quid
3332 2196 3527 2255 prater
3557 2188 3752 2256 ipsam,

2184 2280 2240 2334 id
2268 2278 2409 2348 quod
2440 2278 2799 2349 signiﬁcatur,
2856 2279 2949 2336 sed
2982 2278 3151 2347 ipsam
3206 2291 3326 2333 esse
3370 2277 3751 2346 substantiam,

2181 2384 2340 2439 quam
2368 2384 2566 2425 nomen
2595 2369 2887 2443 signiﬁcat,
2920 2384 3043 2425 cum
3068 2369 3314 2425 essentia:
3338 2383 3467 2423 vere
3492 2380 3754 2440 congruat

2181 2459 2283 2513 ista
2315 2460 2626 2530 appellatio.
2654 2481 2673 2515 ι
2724 2461 2888 2518 Certe
2922 2462 3180 2533 genitura:
3225 2458 3637 2530 appellationem
3666 2474 3754 2514 es-

2178 2550 2367 2607 sentia:
2390 2549 2513 2607 Filii
2548 2567 2678 2609 vere
2710 2567 3011 2625 congruere
3050 2553 3140 2622 qui
3172 2554 3323 2619 dicit,
3345 2551 3390 2607 is
3411 2549 3606 2607 Filium
3631 2563 3752 2619 pro-

2178 2642 2321 2710 prio,
2349 2657 2455 2698 non
2486 2641 2634 2700 falso
2680 2643 2898 2700 nomine
2930 2643 3229 2714 genituram
3257 2652 3433 2696 vocat.
3468 2640 3752 2710 Leguntur

2179 2749 2326 2791 num.
2355 2734 2420 2789 l7
2468 2736 2583 2792 hac
2623 2737 2784 2791 verba
2831 2755 2843 2789 :
2887 2735 2947 2789 '0
2982 2734 3081 2805 μὲν
3132 2734 3242 2805 γάρ
3271 2733 3418 2786 ἐστιν
3454 2732 3751 2805 ἁγεννήτου

2178 2826 2271 2879 καὶ
2302 2826 2563 2897 ἀποιήτου
2602 2826 2846 2897 γέννημα
2888 2826 2982 2879 καὶ
3017 2826 3242 2894 ποίημα.
3282 2840 3301 2875 ι
3332 2822 3429 2878 Est
3453 2824 3595 2878 enim
3635 2823 3751 2898 [Fi-

2177 2914 2304 2987 lius]
2336 2916 2561 2986 ingeniti
2595 2925 2651 2969 et
2690 2915 2875 2969 infacti
2910 2916 3155 2983 genitura
3185 2923 3240 2970 et
3286 2915 3525 2972 factura:
3576 2933 3596 2967 ι
3632 2931 3751 2985 quas

2176 3004 2421 3061 Eunomil
2452 3006 2616 3061 verba
2672 3015 2729 3059 ut
2763 3004 3149 3075 intelligantur,
3202 3021 3306 3061 non
3356 3021 3492 3077 opus
3528 3016 3613 3061 εει
3643 3007 3747 3059 ulla

2176 3095 2646 3165 interpretatione.
2674 3094 2807 3152 Cum
2832 3096 2974 3151 enim
3003 3098 3164 3153 homo
3188 3098 3383 3167 impius
3404 3097 3596 3152 Filium
3622 3109 3747 3149 vere

2177 3185 2439 3244 facturam
2470 3186 2694 3253 diceret,
2731 3202 2889 3243 nemo
2925 3203 3030 3243 non
3083 3189 3228 3244 videt
3270 3189 3515 3242 eumdem
3543 3186 3748 3256 pariter

2178 3278 2246 3332 ab
2287 3294 2352 3333 eo
2380 3293 2506 3336 vere
2540 3280 2842 3349 genituram
2874 3291 3123 3335 vocatum
3156 3278 3345 3344 fuisse,
3410 3293 3535 3334 cum
3569 3280 3743 3350 ipsum

2170 3373 2356 3424 eodem
2403 3371 2563 3426 modo
2613 3379 2668 3426 et
2706 3369 3007 3439 genituram
3068 3380 3121 3423 et
3180 3368 3442 3424 facturam
3478 3372 3732 3440 appellet.

2171 3459 2365 3514 Statim
2410 3462 2489 3515 sic
2534 3461 2872 3530 persequitur
2909 3477 2921 3513 :
2970 3458 3127 3515 Οὕτω
3179 3462 3290 3534 γὰρ
3334 3461 3401 3516 ἂν
3437 3466 3561 3527 ταῖς
3600 3464 3743 3535 Γρα-

2169 3552 2294 3620 φαῐς
2322 3550 2383 3605 τὸ
2426 3552 2677 3621 ἀψευδεῖν
2727 3550 3068 3621 φυλάττοιτο,
3115 3554 3325 3626 ποίημα
3367 3555 3459 3607 καὶ
3500 3555 3745 3625 γέννημα

2167 3643 2448 3713 λεγούσαις
2472 3645 2565 3698 τὸν
2593 3645 2741 3700 Υίόν.
2780 3664 2799 3697 ι
2821 3644 2912 3700 Sic
2936 3646 3078 3700 enim
3119 3661 3213 3700 sua
3252 3646 3521 3701 constabit
3540 3648 3742 3701 veritas

2165 3737 2481 3808 Scripturis,
2524 3753 2643 3807 qua:
2676 3737 2866 3794 Filium
2911 3736 3179 3794 facturam
3214 3736 3397 3793 dicunt
3440 3739 3740 3819 et’genitu.

2163 3845 2303 3885 ram.
2330 3850 2348 3882 ι
2405 3828 2595 3885 Videre
2623 3830 2743 3885 licet
2780 3829 2870 3884 illa
2913 3845 3062 3885 num.
3094 3829 3161 3887 l9
3195 3848 3209 3886 :
3241 3828 3397 3884 Κατὰ
3437 3830 3493 3885 δὲ
3533 3830 3626 3885 τὸν
3651 3832 3742 3885 αὐ·

2163 3918 2252 3971 τὸν
2297 3918 2452 3988 λόγον
2490 3918 2625 3973 κάπὶ
2666 3919 2758 3973 τοῦ
2797 3917 3153 3989 Μονογενοῦς,
3194 3920 3355 3975 αὐτὸν
3402 3920 3482 3991 τῷ
3532 3922 3696 3992 γεννή

2168 4025 2318 4079 ματι.
2355 4028 2373 4061 ι
2397 4008 2593 4064 Eadem
2615 4024 2827 4081 quoque
2870 4012 3076 4065 ratione
3104 4012 3387 4065 dicendum
3417 4020 3501 4064 est
3524 4011 3589 4065 de
3616 4009 3740 4066 Uni-

2164 4102 2367 4169 gcnito,
2403 4102 2544 4170 quod
2583 4102 2724 4156 idem
2777 4104 2922 4156 valet
2951 4102 3092 4169 quod
3118 4102 3388 4171 genitura.
3417 4120 3437 4154 ι
3477 4101 3740 4173 Sequun-

2166 4195 2253 4238 tur
2300 4186 2387 4239 illa
2436 4201 2582 4240 num.
2615 4187 2686 4239 22
2724 4204 2738 4240 :
2784 4188 3095 4259 Μονογενὴς
3142 4189 3289 4255 Υίὸς,
3350 4192 3537 4263 ἐπειδὴ
3574 4193 3736 4262 μόνος

2162 4276 2455 4347 ἀγεννήτου
2476 4277 2741 4348 γέννημα.
2780 4297 2798 4329 ι
2821 4276 3136 4348 Unigonitus
3158 4279 3350 4345 Filius,
3370 4287 3621 4352 quoniam
3652 4301 3733 4340 so-

2164 4365 2245 4421 lus
2282 4370 2498 4438 ingeniti
2544 4371 2789 4436 genitura
2824 4381 2926 4427 est.
2956 4390 2974 4423 ι
3009 4370 3099 4426 Sic
3122 4373 3297 4443 pergit
3337 4376 3574 4430 num.24
3603 4396 3617 4431 :
3647 4377 3733 4430 Et-

2164 4457 2297 4510 κόνα
2329 4458 2506 4511 τοίνυν
2544 4458 2741 4529 φαμὲν,
2782 4459 2880 4530 οὐχ
2919 4458 2993 4524 ὡς
3033 4458 3313 4533 ἀγεννήτῳ
3347 4461 3591 4534 γέννημα
3634 4480 3734 4516 πα-

494 4565 614 4641 ram
655 4558 932 4624 appellari.
965 4558 1422 4623 Quemadmodum
1454 4560 1597 4616 enim
1646 4563 1798 4627 illud,
1843 4563 2063 4635 Κτίσμα

2172 4550 2546 4623 ραϐάλλοντες.
2596 4550 2924 4623 «imaginem
2972 4553 3136 4624 igitur
3186 4552 3427 4628 [Filium]
3476 4556 3727 4619 dicimus,

494 4640 599 4712 μὲν
635 4643 852 4713 ἀληθῶς
881 4648 999 4701 κατ’
1028 4646 1292 4717 Εὐνόμιον
1330 4647 1430 4714 ὧν,
1463 4650 1543 4704 sic
1584 4651 1755 4718 accipi
1797 4652 1975 4717 debet,
2007 4663 2065 4707 ut

2172 4661 2271 4697 non
2320 4645 2459 4713 quod
2505 4646 2738 4714 ingenito
2776 4645 3079 4713 genituram
3126 4660 3521 4717 comparemus.
3554 4667 3572 4699 ι
3631 4646 3729 4703 His

493 4732 789 4792 Eunomius
826 4736 1121 4794 atiirmaret
1161 4739 1354 4793 Filimu
1399 4754 1523 4794 vere
1548 4750 1853 4795 creaturam
1895 4757 2061 4798 esse:

494 4828 565 4880 ita
589 4828 729 4897 quod
758 4830 1018 4897 sequitur,
1048 4833 1291 4902 γέννημα
1319 4832 1375 4884 δὲ
1406 4831 1776 4903 ψευδωνύμως
1803 4832 2063 4905 καλούμε-

490 4936 602 4984 νος,
637 4920 715 4973 sic
749 4922 961 4975 videtur
1003 4922 1431 4992 intelligendum,
1481 4933 1539 4977 ut
1572 4924 1685 4993 ipse
1728 4939 1943 4995 quoque
1975 4927 2059 4979 di-

489 5019 638 5067 ceret
679 5010 871 5066 Filium
905 5010 1042 5067 falso
1072 5015 1287 5067 nomine
1325 5017 1627 5082 genituram
1672 5014 1876 5070 vocari.
1914 5013 2059 5070 Nihil

486 5109 668 5157 autem
704 5100 810 5155 tale
857 5102 1076 5157 tradidit
1108 5102 1160 5156 in
1186 5107 1361 5172 primo
1392 5121 1491 5160 sua
1523 5104 1703 5160 libello
1738 5104 2055 5169 Eunomius,

486 5190 631 5247 unde
659 5204 999 5261 consequens
1025 5202 1127 5259 est,
1157 5204 1215 5246 ut
1250 5196 1299 5247 id
1328 5194 1571 5249 docuerit
1599 5195 1650 5249 in
1683 5198 1938 5259 secundo,
1964 5197 2054 5267 qui

485 5292 637 5339 certe
689 5284 794 5338 dici
851 5299 957 5338 non
989 5292 1164 5354 potest
1192 5287 1560 5341 confutatusa
1614 5287 1813 5343 Basilio
1867 5287 2052 5350 fuisse,

483 5387 610 5427 cum
644 5371 817 5429 solum
851 5382 970 5443 post
1006 5374 1125 5443 ejus
1166 5375 1442 5428 interitum
1474 5377 1733 5446 prodierit
1776 5379 1825 5430 in
1861 5378 2050 5432 lucem.

486 5459 597 5517 Nec
627 5464 762 5519 satis
792 5463 890 5517 fuit
937 5464 1141 5531 dicere,
1188 5465 1318 5519 nihil
1369 5469 1474 5520 tale
1504 5470 1558 5520 in
1604 5470 1779 5537 primo
1809 5468 2050 5525 Eunomii

484 5554 623 5609 libro
660 5555 914 5624 reperiri,
953 5571 1071 5611 cum
1124 5558 1307 5612 dicere
1359 5558 1544 5613 liceret
1596 5560 1796 5629 aliquid
1835 5563 2052 5617 omnino

482 5646 818 5700 contrarium
850 5647 903 5700 in
944 5662 1009 5702 eo
1037 5647 1141 5717 legi
1175 5648 1244 5702 ab
1269 5650 1527 5703 omnibus
1556 5666 1732 5719 posse.
1775 5650 1893 5706 iam
1924 5668 2048 5721 pro-

485 5736 659 5791 banda
696 5752 786 5792 res
813 5748 900 5791 est
938 5739 1207 5809 aliquibus
1236 5742 1520 5810 exemplis.
1545 5758 1665 5810 quas
1690 5744 1884 5815 cuique
1918 5746 2049 5802 libe-

487 5842 602 5881 rum
633 5827 730 5884 erit
764 5828 946 5883 videre
974 5831 1025 5885 in
1052 5830 1375 5899 Appendice,
1406 5833 1492 5887 tibi
1524 5835 1755 5903 primum
1800 5836 1899 5891 hoc
1934 5837 2039 5891 Eu-

2166 4736 2286 4789 atltli
2318 4744 2492 4804 potest
2519 4736 2649 4790 illud
2691 4756 2702 4789 :
2733 4736 2801 4789 Ἦ
2833 4735 2961 4790 ἄλλο
2989 4737 3089 4807 μὲν
3114 4739 3265 4810 παρὰ
3297 4739 3388 4791 τὸν
3420 4738 3563 4794 Υἱόν.
3599 4738 3729 4793 Γέν-

2164 4844 2311 4898 νημα
2336 4825 2392 4879 δέ
2420 4844 2432 4858 ο
2477 4820 2555 4889 εἷς
2608 4826 2713 4897 γὰρ
2757 4828 2847 4879 καὶ
2885 4830 3175 4901 μονογενὴς
3223 4832 3251 4883 ό
3292 4829 3495 4900 Κύριος
3543 4830 3719 4900 ἡμῶν.

2171 4920 2316 4970 «Aut
2348 4917 2488 4971 aliud
2530 4932 2660 4971 sane
2690 4930 2885 4985 praeter
2938 4920 3152 4975 Filium.
3208 4921 3300 4975 Est
3346 4932 3523 4974 autem
3564 4922 3723 4993 genio

2164 5019 2282 5062 tura
2318 5029 2329 5064 :
2363 5010 2559 5079 quippe
2602 5025 2737 5063 unus
2769 5021 2823 5065 et
2866 5013 3171 5081 unigenitus
3217 5021 3299 5065 est
3337 5011 3592 5066 Dominus
3627 5028 3725 5066 no-

2161 5111 2291 5150 ster.
2326 5118 2345 5150 ι
2414 5098 2637 5151 Maxime
2690 5102 2980 5153 notandum
3031 5100 3170 5167 quod
3230 5098 3424 5167 legitur
3470 5098 3720 5156 num.”

2160 5189 2262 5244 hoc
2293 5189 2449 5242 modo
2478 5210 2491 5244 :
2520 5187 2652 5241 Οὔτε
2688 5188 2740 5242 δὲ
2772 5191 3023 5259 γεννητὸς
3050 5190 3077 5241 ό
3104 5191 3311 5263 Πατὴρ,
3348 5191 3470 5244 οὔτε
3490 5190 3718 5260 ἀγέννη·

2156 5298 2247 5344 τος
2274 5283 2301 5333 ὁ
2344 5282 2486 5345 Υἱὸς,
2514 5280 2628 5334 ἀλλ’
2664 5283 2799 5353 ὅπερ
2828 5283 2971 5336 ἔστιν
3008 5282 3394 5355 ἀτελευτητως.
3440 5282 3595 5336 τοῦτο
3623 5283 3717 5334 καὶ

2156 5372 2445 5443 λεγόμενον
2466 5372 2677 5443 ἀληθῶς
2703 5373 2965 5443 γέννημα,
3000 5374 3125 5429 Υἱδν
3158 5376 3416 5445 ὑπήκοον,
3444 5382 3550 5428 etc.
3580 5390 3600 5423 ι
3621 5370 3716 5425 Ne-

2156 5481 2263 5533 que
2311 5481 2440 5520 vero
2489 5466 2699 5534 genitus
2756 5474 2838 5518 est
2876 5464 3057 5527 Pater,
3108 5479 3283 5533 neque
3317 5463 3587 5533 ingenitus
3620 5462 3679 5516 Fi

2155 5555 2259 5611 lius
2294 5576 2309 5614 :
2338 5557 2430 5612 sed
2468 5558 2608 5625 quod
2642 5565 2723 5609 est
2748 5556 2865 5609 sine
2888 5558 2994 5607 ullo
3023 5558 3149 5620 title,
3193 5555 3245 5609 id
3284 5555 3444 5607 etiam
3479 5551 3715 5607 fatemur

2156 5664 2284 5705 vere
2308 5648 2410 5705 dici
2467 5648 2790 5718 genituram,
2830 5645 3024 5701 Filium
3084 5649 3489 5715 obsequentem,
3522 5664 3540 5697 ι
3601 5656 3709 5704 etc.

2156 5739 2396 5810 Denique
2434 5737 2531 5793 sub
2580 5737 2737 5791 finem
2782 5737 2962 5806 operis
3016 5753 3163 5792 num.
3199 5735 3268 5790 28
3321 5738 3398 5790 sic
3448 5736 3711 5805 scriptum

2153 5829 2453 5884 invenimus
2503 5850 2512 5883 :
2559 5827 2685 5892 Υἱὸς
2736 5828 2829 5880 τοῦ
2866 5826 3023 5894 Θεοῦ,
3068 5828 3307 5898 γέννημα
3355 5824 3447 5879 τοῦ
3478 5825 3707 5895 ἀγεννή-
