  <div class='ocr_page' id='page_1' title='image "/cluster/home/n/w/nwhite01/storage/ocr_20150623/29/ien.35556001660547/249.png"; bbox 0 0 4040 6486; ppageno 0'>
   <div class='ocr_carea' id='block_1_1' title="bbox 1326 424 2364 487">
    <p class='ocr_par' dir='ltr' id='par_1_1' title="bbox 1326 424 2364 487">
     <span class='ocr_line' id='line_1_1' title="bbox 1326 424 2364 487; baseline -0.008 -3"><span class='ocrx_word' id='word_1_1' title='bbox 1326 430 1390 487; x_wconf 89' lang='lat' dir='ltr'><strong>D.</strong></span> <span class='ocrx_word' id='word_1_2' title='bbox 1428 431 1573 487; x_wconf 77' lang='lat' dir='ltr'><strong>JUL.</strong></span> <span class='ocrx_word' id='word_1_3' title='bbox 1612 424 1939 485; x_wconf 67' lang='lat' dir='ltr'><strong>GARNEllll</strong></span> <span class='ocrx_word' id='word_1_4' title='bbox 1980 425 2364 481; x_wconf 56' lang='lat' dir='ltr'><strong>PltﬁiFA&#39;l‘lO.</strong></span> 
     </span>
    </p>
   </div>
   <div class='ocr_carea' id='block_1_2' title="bbox 3208 440 3458 485">
    <p class='ocr_par' dir='ltr' id='par_1_2' title="bbox 3208 440 3458 485">
     <span class='ocr_line' id='line_1_2' title="bbox 3208 440 3458 485; baseline 0.024 -6"><span class='ocrx_word' id='word_1_5' title='bbox 3208 440 3458 485; x_wconf 70' lang='lat' dir='ltr'><strong>ccxxx&quot;!</strong></span> 
     </span>
    </p>
   </div>
   <div class='ocr_carea' id='block_1_3' title="bbox 241 539 3465 623">
    <p class='ocr_par' dir='ltr' id='par_1_3' title="bbox 241 539 3465 623">
     <span class='ocr_line' id='line_1_3' title="bbox 241 539 3465 623; baseline -0.005 -14"><span class='ocrx_word' id='word_1_6' title='bbox 241 565 359 623; x_wconf 71' lang='grc' dir='ltr'><strong>ωυ,</strong></span> <span class='ocrx_word' id='word_1_7' title='bbox 387 573 409 609; x_wconf 75' lang='grc' dir='ltr'><strong>ι</strong></span> <span class='ocrx_word' id='word_1_8' title='bbox 434 553 606 612; x_wconf 75' lang='lat' dir='ltr'><strong>Filius</strong></span> <span class='ocrx_word' id='word_1_9' title='bbox 635 547 754 612; x_wconf 87' lang='lat' dir='ltr'><strong>Dei,</strong></span> <span class='ocrx_word' id='word_1_10' title='bbox 780 547 1025 618; x_wconf 97' lang='lat' dir='ltr'><strong>genitura</strong></span> <span class='ocrx_word' id='word_1_11' title='bbox 1049 548 1297 618; x_wconf 84' lang='lat' dir='ltr'><strong>Ingeniti.</strong></span> <span class='ocrx_word' id='word_1_12' title='bbox 1327 568 1348 603; x_wconf 73' lang='grc' dir='ltr'><strong>ι</strong></span> <span class='ocrx_word' id='word_1_13' title='bbox 1383 550 1521 607; x_wconf 83' lang='lat' dir='ltr'><strong>Ecce</strong></span> <span class='ocrx_word' id='word_1_14' title='bbox 1558 560 1808 621; x_wconf 86' lang='lat' dir='ltr'><strong>congesta</strong></span> <span class='ocrx_word' id='word_1_15' title='bbox 1836 548 1883 605; x_wconf 78' lang='grc' dir='ltr'><strong>Δ</strong></span> <span class='ocrx_word' id='word_1_16' title='bbox 1909 544 2119 599; x_wconf 86' lang='lat' dir='ltr'><strong>Etenim</strong></span> <span class='ocrx_word' id='word_1_17' title='bbox 2170 542 2218 597; x_wconf 93' lang='lat' dir='ltr'><strong>si</strong></span> <span class='ocrx_word' id='word_1_18' title='bbox 2270 555 2393 596; x_wconf 89' lang='lat' dir='ltr'><strong>eum</strong></span> <span class='ocrx_word' id='word_1_19' title='bbox 2443 556 2570 596; x_wconf 84' lang='lat' dir='ltr'><strong>vero</strong></span> <span class='ocrx_word' id='word_1_20' title='bbox 2622 539 2840 595; x_wconf 79' lang='lat' dir='ltr'><strong>nomine</strong></span> <span class='ocrx_word' id='word_1_21' title='bbox 2870 548 3115 593; x_wconf 80' lang='lat' dir='ltr'><strong>vocasset</strong></span> <span class='ocrx_word' id='word_1_22' title='bbox 3141 540 3465 609; x_wconf 72' lang='lat' dir='ltr'><strong>genituram,</strong></span> 
     </span>
    </p>
   </div>
   <div class='ocr_carea' id='block_1_4' title="bbox 243 635 1808 705">
    <p class='ocr_par' dir='ltr' id='par_1_4' title="bbox 243 635 1808 705">
     <span class='ocr_line' id='line_1_4' title="bbox 243 635 1808 705; baseline 0 -11"><span class='ocrx_word' id='word_1_23' title='bbox 243 642 447 698; x_wconf 85' lang='lat' dir='ltr'><strong>suntin</strong></span> <span class='ocrx_word' id='word_1_24' title='bbox 483 648 648 691; x_wconf 87' lang='lat' dir='ltr'><strong>unum</strong></span> <span class='ocrx_word' id='word_1_25' title='bbox 678 635 862 689; x_wconf 83' lang='lat' dir='ltr'><strong>omnia</strong></span> <span class='ocrx_word' id='word_1_26' title='bbox 897 636 1035 705; x_wconf 90' lang='lat' dir='ltr'><strong>ioca,</strong></span> <span class='ocrx_word' id='word_1_27' title='bbox 1093 637 1146 691; x_wconf 92' lang='lat' dir='ltr'><strong>in</strong></span> <span class='ocrx_word' id='word_1_28' title='bbox 1191 636 1386 705; x_wconf 91' lang='lat' dir='ltr'><strong>quibus</strong></span> <span class='ocrx_word' id='word_1_29' title='bbox 1435 636 1728 693; x_wconf 83' lang='lat' dir='ltr'><strong>Eunomius</strong></span> <span class='ocrx_word' id='word_1_30' title='bbox 1752 637 1808 694; x_wconf 89' lang='lat' dir='ltr'><strong>in</strong></span> 
     </span>
    </p>
   </div>
   <div class='ocr_carea' id='block_1_5' title="bbox 242 721 1805 800">
    <p class='ocr_par' dir='ltr' id='par_1_5' title="bbox 242 721 1805 800">
     <span class='ocr_line' id='line_1_5' title="bbox 242 721 1805 800; baseline -0.002 -18"><span class='ocrx_word' id='word_1_31' title='bbox 242 731 417 800; x_wconf 81' lang='lat' dir='ltr'><strong>primo</strong></span> <span class='ocrx_word' id='word_1_32' title='bbox 442 739 546 780; x_wconf 89' lang='lat' dir='ltr'><strong>suo</strong></span> <span class='ocrx_word' id='word_1_33' title='bbox 572 722 758 779; x_wconf 90' lang='lat' dir='ltr'><strong>libello</strong></span> <span class='ocrx_word' id='word_1_34' title='bbox 787 726 1006 781; x_wconf 88' lang='lat' dir='ltr'><strong>nomine</strong></span> <span class='ocrx_word' id='word_1_35' title='bbox 1035 721 1296 793; x_wconf 71' lang='lat' dir='ltr'><strong>genitura:</strong></span> <span class='ocrx_word' id='word_1_36' title='bbox 1323 726 1512 782; x_wconf 91' lang='lat' dir='ltr'><strong>utitur.</strong></span> <span class='ocrx_word' id='word_1_37' title='bbox 1547 722 1655 779; x_wconf 87' lang='lat' dir='ltr'><strong>Sed</strong></span> <span class='ocrx_word' id='word_1_38' title='bbox 1684 734 1805 780; x_wconf 91' lang='lat' dir='ltr'><strong>tau-</strong></span> 
     </span>
    </p>
   </div>
   <div class='ocr_carea' id='block_1_6' title="bbox 242 814 1812 881">
    <p class='ocr_par' dir='ltr' id='par_1_6' title="bbox 242 814 1812 881">
     <span class='ocr_line' id='line_1_6' title="bbox 242 814 1812 881; baseline 0.001 -6"><span class='ocrx_word' id='word_1_39' title='bbox 242 835 353 877; x_wconf 88' lang='lat' dir='ltr'><strong>tum</strong></span> <span class='ocrx_word' id='word_1_40' title='bbox 402 817 575 881; x_wconf 87' lang='lat' dir='ltr'><strong>abest,</strong></span> <span class='ocrx_word' id='word_1_41' title='bbox 606 824 668 871; x_wconf 90' lang='lat' dir='ltr'><strong>ut</strong></span> <span class='ocrx_word' id='word_1_42' title='bbox 718 816 922 874; x_wconf 88' lang='lat' dir='ltr'><strong>alicubi</strong></span> <span class='ocrx_word' id='word_1_43' title='bbox 974 817 1120 871; x_wconf 89' lang='lat' dir='ltr'><strong>dicat</strong></span> <span class='ocrx_word' id='word_1_44' title='bbox 1169 814 1364 875; x_wconf 83' lang='lat' dir='ltr'><strong>Filium</strong></span> <span class='ocrx_word' id='word_1_45' title='bbox 1424 815 1562 873; x_wconf 83' lang='lat' dir='ltr'><strong>l&#39;also</strong></span> <span class='ocrx_word' id='word_1_46' title='bbox 1594 819 1812 876; x_wconf 84' lang='lat' dir='ltr'><strong>nomine</strong></span> 
     </span>
    </p>
   </div>
   <div class='ocr_carea' id='block_1_7' title="bbox 242 907 1813 982">
    <p class='ocr_par' dir='ltr' id='par_1_7' title="bbox 242 907 1813 982">
     <span class='ocr_line' id='line_1_7' title="bbox 242 907 1813 982; baseline -0.001 -16"><span class='ocrx_word' id='word_1_47' title='bbox 242 911 546 982; x_wconf 76' lang='lat' dir='ltr'><strong>genituram</strong></span> <span class='ocrx_word' id='word_1_48' title='bbox 580 911 785 977; x_wconf 77' lang='lat' dir='ltr'><strong>vocari,</strong></span> <span class='ocrx_word' id='word_1_49' title='bbox 819 919 877 964; x_wconf 91' lang='lat' dir='ltr'><strong>ut</strong></span> <span class='ocrx_word' id='word_1_50' title='bbox 917 907 1078 962; x_wconf 89' lang='lat' dir='ltr'><strong>etiam</strong></span> <span class='ocrx_word' id='word_1_51' title='bbox 1108 924 1214 966; x_wconf 89' lang='lat' dir='ltr'><strong>uno</strong></span> <span class='ocrx_word' id='word_1_52' title='bbox 1244 912 1296 964; x_wconf 93' lang='lat' dir='ltr'><strong>in</strong></span> <span class='ocrx_word' id='word_1_53' title='bbox 1331 910 1452 964; x_wconf 84' lang='lat' dir='ltr'><strong>loco</strong></span> <span class='ocrx_word' id='word_1_54' title='bbox 1499 909 1689 964; x_wconf 77' lang='lat' dir='ltr'><strong>doceat</strong></span> <span class='ocrx_word' id='word_1_55' title='bbox 1718 925 1813 981; x_wconf 85' lang='lat' dir='ltr'><strong>ge—</strong></span> 
     </span>
    </p>
   </div>
   <div class='ocr_carea' id='block_1_8' title="bbox 248 998 1810 1071">
    <p class='ocr_par' dir='ltr' id='par_1_8' title="bbox 248 998 1810 1071">
     <span class='ocr_line' id='line_1_8' title="bbox 248 998 1810 1071; baseline 0.003 -16"><span class='ocrx_word' id='word_1_56' title='bbox 248 1006 447 1055; x_wconf 70' lang='lat' dir='ltr'><strong>nitum</strong></span> <span class='ocrx_word' id='word_1_57' title='bbox 496 1016 690 1057; x_wconf 87' lang='lat' dir='ltr'><strong>nomen</strong></span> <span class='ocrx_word' id='word_1_58' title='bbox 730 1000 984 1056; x_wconf 73' lang='lat' dir='ltr'><strong>essentia:</strong></span> <span class='ocrx_word' id='word_1_59' title='bbox 1029 998 1148 1056; x_wconf 87' lang='lat' dir='ltr'><strong>Filii</strong></span> <span class='ocrx_word' id='word_1_60' title='bbox 1190 1015 1511 1071; x_wconf 87' lang='lat' dir='ltr'><strong>congruere,</strong></span> <span class='ocrx_word' id='word_1_61' title='bbox 1544 1004 1595 1058; x_wconf 90' lang='lat' dir='ltr'><strong>in</strong></span> <span class='ocrx_word' id='word_1_62' title='bbox 1638 1004 1810 1059; x_wconf 84' lang='lat' dir='ltr'><strong>altero</strong></span> 
     </span>
    </p>
   </div>
   <div class='ocr_carea' id='block_1_9' title="bbox 239 1089 1810 1169">
    <p class='ocr_par' dir='ltr' id='par_1_9' title="bbox 239 1089 1810 1169">
     <span class='ocr_line' id='line_1_9' title="bbox 239 1089 1810 1169; baseline 0.006 -25"><span class='ocrx_word' id='word_1_63' title='bbox 239 1106 371 1146; x_wconf 73' lang='lat' dir='ltr'><strong>vero</strong></span> <span class='ocrx_word' id='word_1_64' title='bbox 410 1094 689 1164; x_wconf 81' lang='lat' dir='ltr'><strong>conceptis</strong></span> <span class='ocrx_word' id='word_1_65' title='bbox 715 1089 899 1146; x_wconf 75' lang='lat' dir='ltr'><strong>verbis</strong></span> <span class='ocrx_word' id='word_1_66' title='bbox 940 1096 1247 1162; x_wconf 80' lang='lat' dir='ltr'><strong>pronuntiet</strong></span> <span class='ocrx_word' id='word_1_67' title='bbox 1287 1091 1479 1148; x_wconf 83' lang='lat' dir='ltr'><strong>Filium</strong></span> <span class='ocrx_word' id='word_1_68' title='bbox 1506 1111 1632 1152; x_wconf 76' lang='lat' dir='ltr'><strong>vere</strong></span> <span class='ocrx_word' id='word_1_69' title='bbox 1660 1099 1810 1169; x_wconf 86' lang='lat' dir='ltr'><strong>geni-</strong></span> 
     </span>
    </p>
   </div>
   <div class='ocr_carea' id='block_1_10' title="bbox 239 1182 1810 1257">
    <p class='ocr_par' dir='ltr' id='par_1_10' title="bbox 239 1182 1810 1257">
     <span class='ocr_line' id='line_1_10' title="bbox 239 1182 1810 1257; baseline 0.003 -18"><span class='ocrx_word' id='word_1_70' title='bbox 239 1196 416 1240; x_wconf 80' lang='lat' dir='ltr'><strong>turam</strong></span> <span class='ocrx_word' id='word_1_71' title='bbox 457 1186 587 1241; x_wconf 86' lang='lat' dir='ltr'><strong>dici.</strong></span> <span class='ocrx_word' id='word_1_72' title='bbox 626 1184 763 1238; x_wconf 84' lang='lat' dir='ltr'><strong>Cum</strong></span> <span class='ocrx_word' id='word_1_73' title='bbox 794 1195 944 1253; x_wconf 87' lang='lat' dir='ltr'><strong>ergo,</strong></span> <span class='ocrx_word' id='word_1_74' title='bbox 978 1191 1036 1237; x_wconf 92' lang='lat' dir='ltr'><strong>ut</strong></span> <span class='ocrx_word' id='word_1_75' title='bbox 1064 1197 1132 1236; x_wconf 79' lang='lat' dir='ltr'><strong>ex</strong></span> <span class='ocrx_word' id='word_1_76' title='bbox 1167 1182 1327 1241; x_wconf 85' lang='lat' dir='ltr'><strong>dictis</strong></span> <span class='ocrx_word' id='word_1_77' title='bbox 1370 1196 1537 1257; x_wconf 86' lang='lat' dir='ltr'><strong>patet,</strong></span> <span class='ocrx_word' id='word_1_78' title='bbox 1586 1190 1638 1241; x_wconf 93' lang='lat' dir='ltr'><strong>in</strong></span> <span class='ocrx_word' id='word_1_79' title='bbox 1688 1188 1810 1244; x_wconf 84' lang='lat' dir='ltr'><strong>ulti-</strong></span> 
     </span>
    </p>
   </div>
   <div class='ocr_carea' id='block_1_11' title="bbox 241 1269 1809 1332">
    <p class='ocr_par' dir='ltr' id='par_1_11' title="bbox 241 1269 1809 1332">
     <span class='ocr_line' id='line_1_11' title="bbox 241 1269 1809 1332; baseline 0.003 -6"><span class='ocrx_word' id='word_1_80' title='bbox 241 1275 339 1331; x_wconf 85' lang='lat' dir='ltr'><strong>mis</strong></span> <span class='ocrx_word' id='word_1_81' title='bbox 363 1276 572 1332; x_wconf 88' lang='lat' dir='ltr'><strong>duobus</strong></span> <span class='ocrx_word' id='word_1_82' title='bbox 600 1273 659 1326; x_wconf 81' lang='lat' dir='ltr'><strong>in</strong></span> <span class='ocrx_word' id='word_1_83' title='bbox 686 1269 1003 1327; x_wconf 79' lang='lat' dir='ltr'><strong>Eunomium</strong></span> <span class='ocrx_word' id='word_1_84' title='bbox 1046 1270 1197 1328; x_wconf 79' lang='lat' dir='ltr'><strong>libris</strong></span> <span class='ocrx_word' id='word_1_85' title='bbox 1233 1278 1540 1331; x_wconf 80' lang='lat' dir='ltr'><strong>confutatus</strong></span> <span class='ocrx_word' id='word_1_86' title='bbox 1570 1276 1639 1330; x_wconf 85' lang='lat' dir='ltr'><strong>sit</strong></span> <span class='ocrx_word' id='word_1_87' title='bbox 1666 1276 1711 1331; x_wconf 91' lang='lat' dir='ltr'><strong>is</strong></span> <span class='ocrx_word' id='word_1_88' title='bbox 1739 1276 1809 1330; x_wconf 80' lang='lat' dir='ltr'><strong>ii-</strong></span> 
     </span>
    </p>
   </div>
   <div class='ocr_carea' id='block_1_12' title="bbox 240 1363 1808 1434">
    <p class='ocr_par' dir='ltr' id='par_1_12' title="bbox 240 1363 1808 1434">
     <span class='ocr_line' id='line_1_12' title="bbox 240 1363 1808 1434; baseline 0 -12"><span class='ocrx_word' id='word_1_89' title='bbox 240 1366 434 1431; x_wconf 85' lang='lat' dir='ltr'><strong>bellus,</strong></span> <span class='ocrx_word' id='word_1_90' title='bbox 464 1365 517 1419; x_wconf 92' lang='lat' dir='ltr'><strong>in</strong></span> <span class='ocrx_word' id='word_1_91' title='bbox 548 1378 655 1434; x_wconf 91' lang='lat' dir='ltr'><strong>quo</strong></span> <span class='ocrx_word' id='word_1_92' title='bbox 681 1363 965 1419; x_wconf 67' lang='lat' dir='ltr'><strong>haereticus</strong></span> <span class='ocrx_word' id='word_1_93' title='bbox 1002 1363 1089 1421; x_wconf 91' lang='lat' dir='ltr'><strong>ille</strong></span> <span class='ocrx_word' id='word_1_94' title='bbox 1116 1365 1413 1420; x_wconf 87' lang='lat' dir='ltr'><strong>allirmabat</strong></span> <span class='ocrx_word' id='word_1_95' title='bbox 1444 1365 1634 1422; x_wconf 83' lang='lat' dir='ltr'><strong>Filium</strong></span> <span class='ocrx_word' id='word_1_96' title='bbox 1674 1367 1808 1422; x_wconf 84' lang='lat' dir='ltr'><strong>laiso</strong></span> 
     </span>
    </p>
   </div>
   <div class='ocr_carea' id='block_1_13' title="bbox 238 1454 1808 1527">
    <p class='ocr_par' dir='ltr' id='par_1_13' title="bbox 238 1454 1808 1527">
     <span class='ocr_line' id='line_1_13' title="bbox 238 1454 1808 1527; baseline 0.001 -16"><span class='ocrx_word' id='word_1_97' title='bbox 238 1457 459 1511; x_wconf 81' lang='lat' dir='ltr'><strong>nomine</strong></span> <span class='ocrx_word' id='word_1_98' title='bbox 495 1454 798 1527; x_wconf 70' lang='lat' dir='ltr'><strong>genituram</strong></span> <span class='ocrx_word' id='word_1_99' title='bbox 848 1454 1131 1524; x_wconf 84' lang='lat' dir='ltr'><strong>appellari,</strong></span> <span class='ocrx_word' id='word_1_100' title='bbox 1165 1457 1219 1510; x_wconf 83' lang='lat' dir='ltr'><strong>id</strong></span> <span class='ocrx_word' id='word_1_101' title='bbox 1254 1473 1363 1510; x_wconf 89' lang='lat' dir='ltr'><strong>non</strong></span> <span class='ocrx_word' id='word_1_102' title='bbox 1395 1457 1611 1515; x_wconf 82' lang='lat' dir='ltr'><strong>videtur</strong></span> <span class='ocrx_word' id='word_1_103' title='bbox 1660 1460 1808 1513; x_wconf 87' lang='lat' dir='ltr'><strong>acci-</strong></span> 
     </span>
    </p>
   </div>
   <div class='ocr_carea' id='block_1_14' title="bbox 239 1545 1808 1620">
    <p class='ocr_par' dir='ltr' id='par_1_14' title="bbox 239 1545 1808 1620">
     <span class='ocr_line' id='line_1_14' title="bbox 239 1545 1808 1620; baseline 0.004 -20"><span class='ocrx_word' id='word_1_104' title='bbox 239 1547 493 1618; x_wconf 81' lang='lat' dir='ltr'><strong>piendum</strong></span> <span class='ocrx_word' id='word_1_105' title='bbox 543 1548 612 1605; x_wconf 91' lang='lat' dir='ltr'><strong>de</strong></span> <span class='ocrx_word' id='word_1_106' title='bbox 668 1546 847 1619; x_wconf 89' lang='lat' dir='ltr'><strong>primo</strong></span> <span class='ocrx_word' id='word_1_107' title='bbox 888 1545 1138 1603; x_wconf 85' lang='lat' dir='ltr'><strong>Eunomii</strong></span> <span class='ocrx_word' id='word_1_108' title='bbox 1173 1545 1377 1615; x_wconf 89' lang='lat' dir='ltr'><strong>libello,</strong></span> <span class='ocrx_word' id='word_1_109' title='bbox 1422 1550 1476 1605; x_wconf 91' lang='lat' dir='ltr'><strong>in</strong></span> <span class='ocrx_word' id='word_1_110' title='bbox 1527 1563 1635 1620; x_wconf 92' lang='lat' dir='ltr'><strong>quo</strong></span> <span class='ocrx_word' id='word_1_111' title='bbox 1677 1551 1808 1606; x_wconf 82' lang='lat' dir='ltr'><strong>nihil</strong></span> 
     </span>
    </p>
   </div>
   <div class='ocr_carea' id='block_1_15' title="bbox 242 1637 1811 1709">
    <p class='ocr_par' dir='ltr' id='par_1_15' title="bbox 242 1637 1811 1709">
     <span class='ocr_line' id='line_1_15' title="bbox 242 1637 1811 1709; baseline 0.003 -19"><span class='ocrx_word' id='word_1_112' title='bbox 242 1640 349 1693; x_wconf 87' lang='lat' dir='ltr'><strong>tale</strong></span> <span class='ocrx_word' id='word_1_113' title='bbox 380 1637 674 1703; x_wconf 78' lang='lat' dir='ltr'><strong>invenitur,</strong></span> <span class='ocrx_word' id='word_1_114' title='bbox 715 1641 809 1696; x_wconf 87' lang='lat' dir='ltr'><strong>sed</strong></span> <span class='ocrx_word' id='word_1_115' title='bbox 836 1640 905 1694; x_wconf 91' lang='lat' dir='ltr'><strong>de</strong></span> <span class='ocrx_word' id='word_1_116' title='bbox 938 1637 1198 1705; x_wconf 90' lang='lat' dir='ltr'><strong>secundo,</strong></span> <span class='ocrx_word' id='word_1_117' title='bbox 1236 1653 1394 1709; x_wconf 93' lang='lat' dir='ltr'><strong>quem</strong></span> <span class='ocrx_word' id='word_1_118' title='bbox 1444 1650 1593 1695; x_wconf 91' lang='lat' dir='ltr'><strong>certe</strong></span> <span class='ocrx_word' id='word_1_119' title='bbox 1622 1639 1811 1695; x_wconf 85' lang='lat' dir='ltr'><strong>conlu-</strong></span> 
     </span>
    </p>
   </div>
   <div class='ocr_carea' id='block_1_16' title="bbox 238 1729 1806 1802">
    <p class='ocr_par' dir='ltr' id='par_1_16' title="bbox 238 1729 1806 1802">
     <span class='ocr_line' id='line_1_16' title="bbox 238 1729 1806 1802; baseline 0.003 -19"><span class='ocrx_word' id='word_1_120' title='bbox 238 1738 355 1786; x_wconf 84' lang='lat' dir='ltr'><strong>tare</strong></span> <span class='ocrx_word' id='word_1_121' title='bbox 382 1747 488 1788; x_wconf 91' lang='lat' dir='ltr'><strong>non</strong></span> <span class='ocrx_word' id='word_1_122' title='bbox 517 1732 693 1802; x_wconf 88' lang='lat' dir='ltr'><strong>potuit</strong></span> <span class='ocrx_word' id='word_1_123' title='bbox 717 1731 968 1797; x_wconf 80' lang='lat' dir='ltr'><strong>Basilius,</strong></span> <span class='ocrx_word' id='word_1_124' title='bbox 997 1729 1100 1785; x_wconf 85' lang='lat' dir='ltr'><strong>nisi</strong></span> <span class='ocrx_word' id='word_1_125' title='bbox 1127 1734 1328 1786; x_wconf 90' lang='lat' dir='ltr'><strong>mortui</strong></span> <span class='ocrx_word' id='word_1_126' title='bbox 1355 1732 1549 1785; x_wconf 88' lang='lat' dir='ltr'><strong>librum</strong></span> <span class='ocrx_word' id='word_1_127' title='bbox 1576 1730 1806 1801; x_wconf 75' lang='lat' dir='ltr'><strong>aliquem</strong></span> 
     </span>
    </p>
   </div>
   <div class='ocr_carea' id='block_1_17' title="bbox 237 1814 1811 1891">
    <p class='ocr_par' dir='ltr' id='par_1_17' title="bbox 237 1814 1811 1891">
     <span class='ocr_line' id='line_1_17' title="bbox 237 1814 1811 1891; baseline 0.001 -17"><span class='ocrx_word' id='word_1_128' title='bbox 237 1822 523 1878; x_wconf 74' lang='lat' dir='ltr'><strong>confutare</strong></span> <span class='ocrx_word' id='word_1_129' title='bbox 573 1833 735 1891; x_wconf 83' lang='lat' dir='ltr'><strong>posse</strong></span> <span class='ocrx_word' id='word_1_130' title='bbox 785 1819 1055 1874; x_wconf 82' lang='lat' dir='ltr'><strong>dicantur.</strong></span> <span class='ocrx_word' id='word_1_131' title='bbox 1096 1820 1355 1891; x_wconf 80' lang='lat' dir='ltr'><strong>Sequitur</strong></span> <span class='ocrx_word' id='word_1_132' title='bbox 1378 1822 1590 1890; x_wconf 87' lang='lat' dir='ltr'><strong>quidem</strong></span> <span class='ocrx_word' id='word_1_133' title='bbox 1622 1814 1811 1876; x_wconf 74' lang='lat' dir='ltr'><strong>neces-</strong></span> 
     </span>
    </p>
   </div>
   <div class='ocr_carea' id='block_1_18' title="bbox 1912 626 3474 700">
    <p class='ocr_par' dir='ltr' id='par_1_18' title="bbox 1912 626 3474 700">
     <span class='ocr_line' id='line_1_18' title="bbox 1912 626 3474 700; baseline -0.006 -13"><span class='ocrx_word' id='word_1_134' title='bbox 1912 632 2094 689; x_wconf 88' lang='lat' dir='ltr'><strong>dicere</strong></span> <span class='ocrx_word' id='word_1_135' title='bbox 2124 645 2231 687; x_wconf 90' lang='lat' dir='ltr'><strong>non</strong></span> <span class='ocrx_word' id='word_1_136' title='bbox 2265 628 2526 700; x_wconf 87' lang='lat' dir='ltr'><strong>potuisset</strong></span> <span class='ocrx_word' id='word_1_137' title='bbox 2558 627 2729 698; x_wconf 83' lang='lat' dir='ltr'><strong>ipsius</strong></span> <span class='ocrx_word' id='word_1_138' title='bbox 2795 627 3087 683; x_wconf 82' lang='lat' dir='ltr'><strong>essentiam</strong></span> <span class='ocrx_word' id='word_1_139' title='bbox 3147 626 3474 680; x_wconf 81' lang='lat' dir='ltr'><strong>indiserimi-</strong></span> 
     </span>
    </p>
   </div>
   <div class='ocr_carea' id='block_1_19' title="bbox 1911 714 3470 791">
    <p class='ocr_par' dir='ltr' id='par_1_19' title="bbox 1911 714 3470 791">
     <span class='ocr_line' id='line_1_19' title="bbox 1911 714 3470 791; baseline -0.006 -14"><span class='ocrx_word' id='word_1_140' title='bbox 1911 725 2081 778; x_wconf 89' lang='lat' dir='ltr'><strong>natim</strong></span> <span class='ocrx_word' id='word_1_141' title='bbox 2128 720 2233 779; x_wconf 85' lang='lat' dir='ltr'><strong>dici</strong></span> <span class='ocrx_word' id='word_1_142' title='bbox 2285 731 2445 790; x_wconf 84' lang='lat' dir='ltr'><strong>posse</strong></span> <span class='ocrx_word' id='word_1_143' title='bbox 2502 720 2763 791; x_wconf 87' lang='lat' dir='ltr'><strong>genitam,</strong></span> <span class='ocrx_word' id='word_1_144' title='bbox 2787 726 2879 773; x_wconf 89' lang='lat' dir='ltr'><strong>aut</strong></span> <span class='ocrx_word' id='word_1_145' title='bbox 2925 735 3031 775; x_wconf 92' lang='lat' dir='ltr'><strong>non</strong></span> <span class='ocrx_word' id='word_1_146' title='bbox 3057 717 3314 790; x_wconf 90' lang='lat' dir='ltr'><strong>genitam.</strong></span> <span class='ocrx_word' id='word_1_147' title='bbox 3338 714 3470 770; x_wconf 75' lang='lat' dir='ltr'><strong>lllut</strong></span> 
     </span>
    </p>
   </div>
   <div class='ocr_carea' id='block_1_20' title="bbox 1910 807 3473 884">
    <p class='ocr_par' dir='ltr' id='par_1_20' title="bbox 1910 807 3473 884">
     <span class='ocr_line' id='line_1_20' title="bbox 1910 807 3473 884; baseline -0.005 -18"><span class='ocrx_word' id='word_1_148' title='bbox 1910 812 2053 867; x_wconf 91' lang='lat' dir='ltr'><strong>enim</strong></span> <span class='ocrx_word' id='word_1_149' title='bbox 2084 810 2428 884; x_wconf 79' lang='lat' dir='ltr'><strong>apertissime</strong></span> <span class='ocrx_word' id='word_1_150' title='bbox 2450 819 2732 880; x_wconf 81' lang='lat' dir='ltr'><strong>repugnat,</strong></span> <span class='ocrx_word' id='word_1_151' title='bbox 2756 807 2955 876; x_wconf 87' lang='lat' dir='ltr'><strong>aliquid</strong></span> <span class='ocrx_word' id='word_1_152' title='bbox 2986 824 3113 864; x_wconf 70' lang='lat' dir='ltr'><strong>vero</strong></span> <span class='ocrx_word' id='word_1_153' title='bbox 3142 808 3359 863; x_wconf 84' lang='lat' dir='ltr'><strong>nomine</strong></span> <span class='ocrx_word' id='word_1_154' title='bbox 3388 820 3473 876; x_wconf 81' lang='lat' dir='ltr'><strong>ge-</strong></span> 
     </span>
    </p>
   </div>
   <div class='ocr_carea' id='block_1_21' title="bbox 1915 898 3471 970">
    <p class='ocr_par' dir='ltr' id='par_1_21' title="bbox 1915 898 3471 970">
     <span class='ocr_line' id='line_1_21' title="bbox 1915 898 3471 970; baseline -0.003 -14"><span class='ocrx_word' id='word_1_155' title='bbox 1915 905 2147 959; x_wconf 89' lang='lat' dir='ltr'><strong>nituram</strong></span> <span class='ocrx_word' id='word_1_156' title='bbox 2206 898 2590 966; x_wconf 78' lang='lat' dir='ltr'><strong>vocari,cnjus</strong></span> <span class='ocrx_word' id='word_1_157' title='bbox 2653 911 2831 955; x_wconf 87' lang='lat' dir='ltr'><strong>tamen</strong></span> <span class='ocrx_word' id='word_1_158' title='bbox 2867 902 3098 953; x_wconf 79' lang='lat' dir='ltr'><strong>essentia</strong></span> <span class='ocrx_word' id='word_1_159' title='bbox 3149 900 3252 957; x_wconf 61' lang='lat' dir='ltr'><strong>cici</strong></span> <span class='ocrx_word' id='word_1_160' title='bbox 3307 901 3471 970; x_wconf 73' lang='lat' dir='ltr'><strong>possit</strong></span> 
     </span>
    </p>
   </div>
   <div class='ocr_carea' id='block_1_22' title="bbox 1909 992 3472 1066">
    <p class='ocr_par' dir='ltr' id='par_1_22' title="bbox 1909 992 3472 1066">
     <span class='ocr_line' id='line_1_22' title="bbox 1909 992 3472 1066; baseline -0.006 -16"><span class='ocrx_word' id='word_1_161' title='bbox 1909 1010 2015 1050; x_wconf 85' lang='lat' dir='ltr'><strong>non</strong></span> <span class='ocrx_word' id='word_1_162' title='bbox 2044 997 2246 1066; x_wconf 78' lang='lat' dir='ltr'><strong>genita.</strong></span> <span class='ocrx_word' id='word_1_163' title='bbox 2289 992 2405 1047; x_wconf 76' lang='lat' dir='ltr'><strong>Non</strong></span> <span class='ocrx_word' id='word_1_164' title='bbox 2434 1002 2516 1047; x_wconf 90' lang='lat' dir='ltr'><strong>est</strong></span> <span class='ocrx_word' id='word_1_165' title='bbox 2538 1007 2667 1061; x_wconf 90' lang='lat' dir='ltr'><strong>ergo</strong></span> <span class='ocrx_word' id='word_1_166' title='bbox 2694 992 2835 1064; x_wconf 83' lang='lat' dir='ltr'><strong>quod</strong></span> <span class='ocrx_word' id='word_1_167' title='bbox 2896 992 3174 1055; x_wconf 86' lang='lat' dir='ltr'><strong>miremur,</strong></span> <span class='ocrx_word' id='word_1_168' title='bbox 3227 993 3272 1043; x_wconf 72' lang='lat' dir='ltr'><strong>si</strong></span> <span class='ocrx_word' id='word_1_169' title='bbox 3322 992 3472 1059; x_wconf 68' lang='lat' dir='ltr'><strong>quis-</strong></span> 
     </span>
    </p>
   </div>
   <div class='ocr_carea' id='block_1_23' title="bbox 1912 1080 3466 1157">
    <p class='ocr_par' dir='ltr' id='par_1_23' title="bbox 1912 1080 3466 1157">
     <span class='ocr_line' id='line_1_23' title="bbox 1912 1080 3466 1157; baseline -0.003 -18"><span class='ocrx_word' id='word_1_170' title='bbox 1912 1087 2053 1157; x_wconf 85' lang='lat' dir='ltr'><strong>piam</strong></span> <span class='ocrx_word' id='word_1_171' title='bbox 2082 1090 2312 1157; x_wconf 83' lang='lat' dir='ltr'><strong>scriptor</strong></span> <span class='ocrx_word' id='word_1_172' title='bbox 2344 1085 2632 1141; x_wconf 83' lang='lat' dir='ltr'><strong>confntans</strong></span> <span class='ocrx_word' id='word_1_173' title='bbox 2649 1086 2939 1139; x_wconf 84' lang='lat' dir='ltr'><strong>secundum</strong></span> <span class='ocrx_word' id='word_1_174' title='bbox 2974 1084 3165 1138; x_wconf 84' lang='lat' dir='ltr'><strong>librum</strong></span> <span class='ocrx_word' id='word_1_175' title='bbox 3200 1080 3466 1140; x_wconf 82' lang='lat' dir='ltr'><strong>Eunomii,</strong></span> 
     </span>
    </p>
   </div>
   <div class='ocr_carea' id='block_1_24' title="bbox 1909 1174 3474 1243">
    <p class='ocr_par' dir='ltr' id='par_1_24' title="bbox 1909 1174 3474 1243">
     <span class='ocr_line' id='line_1_24' title="bbox 1909 1174 3474 1243; baseline -0.001 -14"><span class='ocrx_word' id='word_1_176' title='bbox 1909 1176 2107 1231; x_wconf 82' lang='lat' dir='ltr'><strong>dixerit</strong></span> <span class='ocrx_word' id='word_1_177' title='bbox 2136 1178 2329 1233; x_wconf 82' lang='lat' dir='ltr'><strong>Filium</strong></span> <span class='ocrx_word' id='word_1_178' title='bbox 2382 1189 2450 1228; x_wconf 85' lang='lat' dir='ltr'><strong>ex</strong></span> <span class='ocrx_word' id='word_1_179' title='bbox 2499 1174 2618 1243; x_wconf 76' lang='lat' dir='ltr'><strong>ejus</strong></span> <span class='ocrx_word' id='word_1_180' title='bbox 2655 1176 2920 1227; x_wconf 89' lang='lat' dir='ltr'><strong>sententia</strong></span> <span class='ocrx_word' id='word_1_181' title='bbox 2976 1174 3113 1229; x_wconf 74' lang='lat' dir='ltr'><strong>falso</strong></span> <span class='ocrx_word' id='word_1_182' title='bbox 3144 1174 3361 1227; x_wconf 79' lang='lat' dir='ltr'><strong>nomine</strong></span> <span class='ocrx_word' id='word_1_183' title='bbox 3386 1187 3474 1243; x_wconf 79' lang='lat' dir='ltr'><strong>ge-</strong></span> 
     </span>
    </p>
   </div>
   <div class='ocr_carea' id='block_1_25' title="bbox 1913 1264 3473 1340">
    <p class='ocr_par' dir='ltr' id='par_1_25' title="bbox 1913 1264 3473 1340">
     <span class='ocr_line' id='line_1_25' title="bbox 1913 1264 3473 1340; baseline -0.003 -15"><span class='ocrx_word' id='word_1_184' title='bbox 1913 1268 2147 1325; x_wconf 89' lang='lat' dir='ltr'><strong>nituram</strong></span> <span class='ocrx_word' id='word_1_185' title='bbox 2180 1267 2437 1340; x_wconf 86' lang='lat' dir='ltr'><strong>appellari</strong></span> <span class='ocrx_word' id='word_1_186' title='bbox 2475 1281 2491 1319; x_wconf 89' lang='lat'><strong>:</strong></span> <span class='ocrx_word' id='word_1_187' title='bbox 2529 1266 2622 1320; x_wconf 86' lang='lat' dir='ltr'><strong>sed</strong></span> <span class='ocrx_word' id='word_1_188' title='bbox 2656 1265 2883 1320; x_wconf 78' lang='lat' dir='ltr'><strong>mirandi</strong></span> <span class='ocrx_word' id='word_1_189' title='bbox 2914 1277 3057 1321; x_wconf 83' lang='lat' dir='ltr'><strong>esset</strong></span> <span class='ocrx_word' id='word_1_190' title='bbox 3082 1268 3249 1332; x_wconf 89' lang='lat' dir='ltr'><strong>locus,</strong></span> <span class='ocrx_word' id='word_1_191' title='bbox 3272 1267 3316 1320; x_wconf 90' lang='lat' dir='ltr'><strong>si</strong></span> <span class='ocrx_word' id='word_1_192' title='bbox 3366 1264 3473 1320; x_wconf 81' lang='lat' dir='ltr'><strong>Ba-</strong></span> 
     </span>
    </p>
   </div>
   <div class='ocr_carea' id='block_1_26' title="bbox 1909 1356 3475 1430">
    <p class='ocr_par' dir='ltr' id='par_1_26' title="bbox 1909 1356 3475 1430">
     <span class='ocr_line' id='line_1_26' title="bbox 1909 1356 3475 1430; baseline -0.003 -13"><span class='ocrx_word' id='word_1_193' title='bbox 1909 1360 2064 1417; x_wconf 82' lang='lat' dir='ltr'><strong>silius</strong></span> <span class='ocrx_word' id='word_1_194' title='bbox 2091 1361 2207 1430; x_wconf 87' lang='lat' dir='ltr'><strong>ejus</strong></span> <span class='ocrx_word' id='word_1_195' title='bbox 2236 1362 2313 1417; x_wconf 87' lang='lat' dir='ltr'><strong>rei</strong></span> <span class='ocrx_word' id='word_1_196' title='bbox 2344 1358 2669 1415; x_wconf 84' lang='lat' dir='ltr'><strong>Eunomiqu</strong></span> <span class='ocrx_word' id='word_1_197' title='bbox 2724 1356 3110 1423; x_wconf 85' lang='lat' dir='ltr'><strong>insimulasset,</strong></span> <span class='ocrx_word' id='word_1_198' title='bbox 3137 1374 3260 1413; x_wconf 93' lang='lat' dir='ltr'><strong>cum</strong></span> <span class='ocrx_word' id='word_1_199' title='bbox 3297 1357 3475 1412; x_wconf 74' lang='lat' dir='ltr'><strong>Euno-</strong></span> 
     </span>
    </p>
   </div>
   <div class='ocr_carea' id='block_1_27' title="bbox 1909 1448 3475 1519">
    <p class='ocr_par' dir='ltr' id='par_1_27' title="bbox 1909 1448 3475 1519">
     <span class='ocr_line' id='line_1_27' title="bbox 1909 1448 3475 1519; baseline -0.005 -9"><span class='ocrx_word' id='word_1_200' title='bbox 1909 1454 2072 1516; x_wconf 87' lang='lat' dir='ltr'><strong>mius,</strong></span> <span class='ocrx_word' id='word_1_201' title='bbox 2100 1462 2158 1505; x_wconf 93' lang='lat' dir='ltr'><strong>ut</strong></span> <span class='ocrx_word' id='word_1_202' title='bbox 2179 1466 2245 1507; x_wconf 83' lang='lat' dir='ltr'><strong>ex</strong></span> <span class='ocrx_word' id='word_1_203' title='bbox 2276 1452 2441 1507; x_wconf 89' lang='lat' dir='ltr'><strong>dictis</strong></span> <span class='ocrx_word' id='word_1_204' title='bbox 2487 1450 2679 1519; x_wconf 86' lang='lat' dir='ltr'><strong>liquet,</strong></span> <span class='ocrx_word' id='word_1_205' title='bbox 2715 1448 2769 1503; x_wconf 92' lang='lat' dir='ltr'><strong>in</strong></span> <span class='ocrx_word' id='word_1_206' title='bbox 2800 1451 2976 1518; x_wconf 89' lang='lat' dir='ltr'><strong>primo</strong></span> <span class='ocrx_word' id='word_1_207' title='bbox 3002 1463 3102 1503; x_wconf 89' lang='lat' dir='ltr'><strong>suo</strong></span> <span class='ocrx_word' id='word_1_208' title='bbox 3141 1451 3319 1506; x_wconf 86' lang='lat' dir='ltr'><strong>libello</strong></span> <span class='ocrx_word' id='word_1_209' title='bbox 3350 1449 3475 1505; x_wconf 82' lang='lat' dir='ltr'><strong>huic</strong></span> 
     </span>
    </p>
   </div>
   <div class='ocr_carea' id='block_1_28' title="bbox 1909 1543 3472 1614">
    <p class='ocr_par' dir='ltr' id='par_1_28' title="bbox 1909 1543 3472 1614">
     <span class='ocr_line' id='line_1_28' title="bbox 1909 1543 3472 1614; baseline -0.003 -11"><span class='ocrx_word' id='word_1_210' title='bbox 1909 1545 2244 1603; x_wconf 90' lang='lat' dir='ltr'><strong>accusationi</strong></span> <span class='ocrx_word' id='word_1_211' title='bbox 2272 1545 2447 1600; x_wconf 90' lang='lat' dir='ltr'><strong>locum</strong></span> <span class='ocrx_word' id='word_1_212' title='bbox 2472 1545 2677 1599; x_wconf 90' lang='lat' dir='ltr'><strong>nullum</strong></span> <span class='ocrx_word' id='word_1_213' title='bbox 2715 1543 2941 1599; x_wconf 86' lang='lat' dir='ltr'><strong>dederit.</strong></span> <span class='ocrx_word' id='word_1_214' title='bbox 2970 1543 3038 1598; x_wconf 85' lang='lat' dir='ltr'><strong>Et</strong></span> <span class='ocrx_word' id='word_1_215' title='bbox 3070 1546 3323 1614; x_wconf 85' lang='lat' dir='ltr'><strong>quoniam</strong></span> <span class='ocrx_word' id='word_1_216' title='bbox 3356 1559 3472 1598; x_wconf 89' lang='lat' dir='ltr'><strong>ma—</strong></span> 
     </span>
    </p>
   </div>
   <div class='ocr_carea' id='block_1_29' title="bbox 1906 1632 3477 1707">
    <p class='ocr_par' dir='ltr' id='par_1_29' title="bbox 1906 1632 3477 1707">
     <span class='ocr_line' id='line_1_29' title="bbox 1906 1632 3477 1707; baseline -0.004 -14"><span class='ocrx_word' id='word_1_217' title='bbox 1906 1638 1997 1707; x_wconf 85' lang='lat' dir='ltr'><strong>gni</strong></span> <span class='ocrx_word' id='word_1_218' title='bbox 2027 1634 2284 1694; x_wconf 85' lang='lat' dir='ltr'><strong>momenti</strong></span> <span class='ocrx_word' id='word_1_219' title='bbox 2311 1641 2413 1697; x_wconf 87' lang='lat' dir='ltr'><strong>est,</strong></span> <span class='ocrx_word' id='word_1_220' title='bbox 2440 1649 2600 1690; x_wconf 87' lang='lat' dir='ltr'><strong>nosse</strong></span> <span class='ocrx_word' id='word_1_221' title='bbox 2644 1644 2765 1689; x_wconf 87' lang='lat' dir='ltr'><strong>uter</strong></span> <span class='ocrx_word' id='word_1_222' title='bbox 2808 1632 3023 1689; x_wconf 88' lang='lat' dir='ltr'><strong>libellus</strong></span> <span class='ocrx_word' id='word_1_223' title='bbox 3057 1634 3299 1689; x_wconf 82' lang='lat' dir='ltr'><strong>Eunomii</strong></span> <span class='ocrx_word' id='word_1_224' title='bbox 3332 1634 3477 1688; x_wconf 86' lang='lat' dir='ltr'><strong>relu-</strong></span> 
     </span>
    </p>
   </div>
   <div class='ocr_carea' id='block_1_30' title="bbox 1911 1724 3478 1797">
    <p class='ocr_par' dir='ltr' id='par_1_30' title="bbox 1911 1724 3478 1797">
     <span class='ocr_line' id='line_1_30' title="bbox 1911 1724 3478 1797; baseline -0.004 -12"><span class='ocrx_word' id='word_1_225' title='bbox 1911 1740 2055 1786; x_wconf 87' lang='lat' dir='ltr'><strong>tetur</strong></span> <span class='ocrx_word' id='word_1_226' title='bbox 2081 1730 2136 1786; x_wconf 92' lang='lat' dir='ltr'><strong>lu</strong></span> <span class='ocrx_word' id='word_1_227' title='bbox 2161 1727 2318 1786; x_wconf 87' lang='lat' dir='ltr'><strong>libris</strong></span> <span class='ocrx_word' id='word_1_228' title='bbox 2345 1733 2545 1797; x_wconf 90' lang='lat' dir='ltr'><strong>quarto</strong></span> <span class='ocrx_word' id='word_1_229' title='bbox 2574 1735 2628 1780; x_wconf 90' lang='lat' dir='ltr'><strong>et</strong></span> <span class='ocrx_word' id='word_1_230' title='bbox 2656 1728 2845 1796; x_wconf 88' lang='lat' dir='ltr'><strong>quinto</strong></span> <span class='ocrx_word' id='word_1_231' title='bbox 2868 1736 3057 1782; x_wconf 85' lang='lat' dir='ltr'><strong>contra</strong></span> <span class='ocrx_word' id='word_1_232' title='bbox 3098 1726 3344 1780; x_wconf 87' lang='lat' dir='ltr'><strong>eumdem</strong></span> <span class='ocrx_word' id='word_1_233' title='bbox 3369 1724 3478 1780; x_wconf 82' lang='lat' dir='ltr'><strong>Eu-</strong></span> 
     </span>
    </p>
   </div>
   <div class='ocr_carea' id='block_1_31' title="bbox 1911 1816 3477 1894">
    <p class='ocr_par' dir='ltr' id='par_1_31' title="bbox 1911 1816 3477 1894">
     <span class='ocr_line' id='line_1_31' title="bbox 1911 1816 3477 1894; baseline -0.002 -19"><span class='ocrx_word' id='word_1_234' title='bbox 1911 1823 2193 1877; x_wconf 89' lang='lat' dir='ltr'><strong>nomium:</strong></span> <span class='ocrx_word' id='word_1_235' title='bbox 2235 1819 2493 1894; x_wconf 87' lang='lat' dir='ltr'><strong>experiar</strong></span> <span class='ocrx_word' id='word_1_236' title='bbox 2522 1830 2715 1872; x_wconf 86' lang='lat' dir='ltr'><strong>rursus</strong></span> <span class='ocrx_word' id='word_1_237' title='bbox 2771 1834 2840 1873; x_wconf 89' lang='lat' dir='ltr'><strong>an</strong></span> <span class='ocrx_word' id='word_1_238' title='bbox 2880 1816 3112 1888; x_wconf 88' lang='lat' dir='ltr'><strong>probare</strong></span> <span class='ocrx_word' id='word_1_239' title='bbox 3145 1817 3343 1886; x_wconf 84' lang='lat' dir='ltr'><strong>possim</strong></span> <span class='ocrx_word' id='word_1_240' title='bbox 3389 1832 3477 1872; x_wconf 76' lang='lat' dir='ltr'><strong>re-</strong></span> 
     </span>
    </p>
   </div>
   <div class='ocr_carea' id='block_1_32' title="bbox 242 1898 3479 1982">
    <p class='ocr_par' dir='ltr' id='par_1_32' title="bbox 242 1898 3479 1982">
     <span class='ocr_line' id='line_1_32' title="bbox 242 1898 3479 1982; baseline 0 -17"><span class='ocrx_word' id='word_1_241' title='bbox 242 1913 414 1975; x_wconf 82' lang='lat' dir='ltr'><strong>sario,</strong></span> <span class='ocrx_word' id='word_1_242' title='bbox 450 1920 511 1964; x_wconf 91' lang='lat' dir='ltr'><strong>ut</strong></span> <span class='ocrx_word' id='word_1_243' title='bbox 544 1909 595 1963; x_wconf 92' lang='lat' dir='ltr'><strong>in</strong></span> <span class='ocrx_word' id='word_1_244' title='bbox 640 1908 935 1979; x_wconf 84' lang='lat' dir='ltr'><strong>postremis</strong></span> <span class='ocrx_word' id='word_1_245' title='bbox 962 1910 1169 1968; x_wconf 89' lang='lat' dir='ltr'><strong>duobus</strong></span> <span class='ocrx_word' id='word_1_246' title='bbox 1199 1913 1254 1965; x_wconf 80' lang='lat' dir='ltr'><strong>in</strong></span> <span class='ocrx_word' id='word_1_247' title='bbox 1299 1909 1620 1965; x_wconf 69' lang='lat' dir='ltr'><strong>Eunomia»:</strong></span> <span class='ocrx_word' id='word_1_248' title='bbox 1651 1911 1804 1969; x_wconf 88' lang='lat' dir='ltr'><strong>libris</strong></span> <span class='ocrx_word' id='word_1_249' title='bbox 1836 1898 1877 1954; x_wconf 66' lang='grc' dir='ltr'>Β</span> <span class='ocrx_word' id='word_1_250' title='bbox 1907 1910 2130 1967; x_wconf 77' lang='lat' dir='ltr'><strong>inlatum</strong></span> <span class='ocrx_word' id='word_1_251' title='bbox 2175 1912 2344 1969; x_wconf 83' lang='lat' dir='ltr'><strong>luisse</strong></span> <span class='ocrx_word' id='word_1_252' title='bbox 2403 1926 2507 1967; x_wconf 92' lang='lat' dir='ltr'><strong>non</strong></span> <span class='ocrx_word' id='word_1_253' title='bbox 2535 1911 2789 1982; x_wconf 89' lang='lat' dir='ltr'><strong>primum,</strong></span> <span class='ocrx_word' id='word_1_254' title='bbox 2818 1914 2910 1967; x_wconf 85' lang='lat' dir='ltr'><strong>sed</strong></span> <span class='ocrx_word' id='word_1_255' title='bbox 2959 1912 3278 1967; x_wconf 82' lang='lat' dir='ltr'><strong>secundum.</strong></span> <span class='ocrx_word' id='word_1_256' title='bbox 3308 1908 3479 1965; x_wconf 80' lang='lat' dir='ltr'><strong>Nemo</strong></span> 
     </span>
    </p>
   </div>
   <div class='ocr_carea' id='block_1_33' title="bbox 238 1996 1808 2074">
    <p class='ocr_par' dir='ltr' id='par_1_33' title="bbox 238 1996 1808 2074">
     <span class='ocr_line' id='line_1_33' title="bbox 238 1996 1808 2074; baseline 0.006 -23"><span class='ocrx_word' id='word_1_257' title='bbox 238 1996 555 2054; x_wconf 63' lang='lat' dir='ltr'><strong>confutatus</strong></span> <span class='ocrx_word' id='word_1_258' title='bbox 587 2000 658 2055; x_wconf 86' lang='lat' dir='ltr'><strong>sit</strong></span> <span class='ocrx_word' id='word_1_259' title='bbox 681 2000 953 2057; x_wconf 87' lang='lat' dir='ltr'><strong>secundus</strong></span> <span class='ocrx_word' id='word_1_260' title='bbox 986 2001 1238 2058; x_wconf 85' lang='lat' dir='ltr'><strong>Eunomii</strong></span> <span class='ocrx_word' id='word_1_261' title='bbox 1269 2002 1499 2068; x_wconf 82' lang='lat' dir='ltr'><strong>libellus,</strong></span> <span class='ocrx_word' id='word_1_262' title='bbox 1531 2003 1578 2060; x_wconf 89' lang='lat' dir='ltr'><strong>si</strong></span> <span class='ocrx_word' id='word_1_263' title='bbox 1604 2003 1808 2074; x_wconf 87' lang='lat' dir='ltr'><strong>primus</strong></span> 
     </span>
    </p>
   </div>
   <div class='ocr_carea' id='block_1_34' title="bbox 239 2090 1808 2161">
    <p class='ocr_par' dir='ltr' id='par_1_34' title="bbox 239 2090 1808 2161">
     <span class='ocr_line' id='line_1_34' title="bbox 239 2090 1808 2161; baseline 0.004 -18"><span class='ocrx_word' id='word_1_264' title='bbox 239 2092 359 2161; x_wconf 77' lang='lat' dir='ltr'><strong>ejus</strong></span> <span class='ocrx_word' id='word_1_265' title='bbox 387 2090 530 2147; x_wconf 86' lang='lat' dir='ltr'><strong>liber</strong></span> <span class='ocrx_word' id='word_1_266' title='bbox 566 2091 621 2147; x_wconf 90' lang='lat' dir='ltr'><strong>in</strong></span> <span class='ocrx_word' id='word_1_267' title='bbox 651 2091 738 2149; x_wconf 85' lang='lat' dir='ltr'><strong>his</strong></span> <span class='ocrx_word' id='word_1_268' title='bbox 767 2108 870 2149; x_wconf 88' lang='lat' dir='ltr'><strong>non</strong></span> <span class='ocrx_word' id='word_1_269' title='bbox 901 2092 1250 2149; x_wconf 73' lang='lat' dir='ltr'><strong>confutatur:</strong></span> <span class='ocrx_word' id='word_1_270' title='bbox 1281 2096 1377 2149; x_wconf 84' lang='lat' dir='ltr'><strong>sed</strong></span> <span class='ocrx_word' id='word_1_271' title='bbox 1410 2094 1462 2150; x_wconf 92' lang='lat' dir='ltr'><strong>id</strong></span> <span class='ocrx_word' id='word_1_272' title='bbox 1492 2102 1671 2150; x_wconf 89' lang='lat' dir='ltr'><strong>tamen</strong></span> <span class='ocrx_word' id='word_1_273' title='bbox 1696 2110 1808 2151; x_wconf 87' lang='lat' dir='ltr'><strong>rur-</strong></span> 
     </span>
    </p>
   </div>
   <div class='ocr_carea' id='block_1_35' title="bbox 237 2183 1805 2256">
    <p class='ocr_par' dir='ltr' id='par_1_35' title="bbox 237 2183 1805 2256">
     <span class='ocr_line' id='line_1_35' title="bbox 237 2183 1805 2256; baseline 0.002 -18"><span class='ocrx_word' id='word_1_274' title='bbox 237 2198 333 2240; x_wconf 84' lang='lat' dir='ltr'><strong>cus</strong></span> <span class='ocrx_word' id='word_1_275' title='bbox 386 2186 716 2242; x_wconf 79' lang='lat' dir='ltr'><strong>continuare</strong></span> <span class='ocrx_word' id='word_1_276' title='bbox 760 2185 893 2241; x_wconf 89' lang='lat' dir='ltr'><strong>libet</strong></span> <span class='ocrx_word' id='word_1_277' title='bbox 925 2201 993 2240; x_wconf 81' lang='lat' dir='ltr'><strong>ex</strong></span> <span class='ocrx_word' id='word_1_278' title='bbox 1031 2184 1278 2255; x_wconf 81' lang='lat' dir='ltr'><strong>Gregorii</strong></span> <span class='ocrx_word' id='word_1_279' title='bbox 1324 2183 1553 2256; x_wconf 81' lang='lat' dir='ltr'><strong>Nysseni</strong></span> <span class='ocrx_word' id='word_1_280' title='bbox 1602 2185 1805 2253; x_wconf 79' lang='lat' dir='ltr'><strong>verbis,</strong></span> 
     </span>
    </p>
   </div>
   <div class='ocr_carea' id='block_1_36' title="bbox 235 2272 1809 2341">
    <p class='ocr_par' dir='ltr' id='par_1_36' title="bbox 235 2272 1809 2341">
     <span class='ocr_line' id='line_1_36' title="bbox 235 2272 1809 2341; baseline 0.001 -14"><span class='ocrx_word' id='word_1_281' title='bbox 235 2272 355 2341; x_wconf 87' lang='lat' dir='ltr'><strong>qui,</strong></span> <span class='ocrx_word' id='word_1_282' title='bbox 386 2282 447 2327; x_wconf 89' lang='lat' dir='ltr'><strong>ut</strong></span> <span class='ocrx_word' id='word_1_283' title='bbox 479 2282 666 2328; x_wconf 90' lang='lat' dir='ltr'><strong>notum</strong></span> <span class='ocrx_word' id='word_1_284' title='bbox 710 2283 816 2339; x_wconf 89' lang='lat' dir='ltr'><strong>est,</strong></span> <span class='ocrx_word' id='word_1_285' title='bbox 853 2277 1153 2329; x_wconf 86' lang='lat' dir='ltr'><strong>secundum</strong></span> <span class='ocrx_word' id='word_1_286' title='bbox 1204 2274 1346 2330; x_wconf 81' lang='lat' dir='ltr'><strong>hunc</strong></span> <span class='ocrx_word' id='word_1_287' title='bbox 1375 2274 1626 2330; x_wconf 83' lang='lat' dir='ltr'><strong>Eunomii</strong></span> <span class='ocrx_word' id='word_1_288' title='bbox 1658 2276 1809 2329; x_wconf 89' lang='lat' dir='ltr'><strong>libel-</strong></span> 
     </span>
    </p>
   </div>
   <div class='ocr_carea' id='block_1_37' title="bbox 237 2363 1809 2436">
    <p class='ocr_par' dir='ltr' id='par_1_37' title="bbox 237 2363 1809 2436">
     <span class='ocr_line' id='line_1_37' title="bbox 237 2363 1809 2436; baseline 0.001 -17"><span class='ocrx_word' id='word_1_289' title='bbox 237 2366 350 2420; x_wconf 89' lang='lat' dir='ltr'><strong>lum</strong></span> <span class='ocrx_word' id='word_1_290' title='bbox 406 2364 632 2421; x_wconf 76' lang='lat' dir='ltr'><strong>refellit.</strong></span> <span class='ocrx_word' id='word_1_291' title='bbox 700 2363 911 2420; x_wconf 89' lang='lat' dir='ltr'><strong>lndueit</strong></span> <span class='ocrx_word' id='word_1_292' title='bbox 967 2365 1133 2436; x_wconf 85' lang='lat' dir='ltr'><strong>igitur</strong></span> <span class='ocrx_word' id='word_1_293' title='bbox 1187 2365 1269 2421; x_wconf 87' lang='lat' dir='ltr'><strong>sic</strong></span> <span class='ocrx_word' id='word_1_294' title='bbox 1335 2365 1641 2436; x_wconf 84' lang='lat' dir='ltr'><strong>loquentem</strong></span> <span class='ocrx_word' id='word_1_295' title='bbox 1697 2366 1809 2422; x_wconf 73' lang='lat' dir='ltr'><strong>Eu-</strong></span> 
     </span>
    </p>
   </div>
   <div class='ocr_carea' id='block_1_38' title="bbox 239 2453 1808 2530">
    <p class='ocr_par' dir='ltr' id='par_1_38' title="bbox 239 2453 1808 2530">
     <span class='ocr_line' id='line_1_38' title="bbox 239 2453 1808 2530; baseline 0.001 -20"><span class='ocrx_word' id='word_1_296' title='bbox 239 2457 481 2513; x_wconf 90' lang='lat' dir='ltr'><strong>nomium</strong></span> <span class='ocrx_word' id='word_1_297' title='bbox 542 2456 840 2529; x_wconf 83' lang='lat' dir='ltr'><strong>Gregorius</strong></span> <span class='ocrx_word' id='word_1_298' title='bbox 913 2453 1192 2530; x_wconf 78' lang='lat' dir='ltr'><strong>Nyssenns</strong></span> <span class='ocrx_word' id='word_1_299' title='bbox 1262 2458 1507 2513; x_wconf 89' lang='lat' dir='ltr'><strong>oratione</strong></span> <span class='ocrx_word' id='word_1_300' title='bbox 1552 2456 1608 2524; x_wconf 77' lang='lat'><strong>5,</strong></span> <span class='ocrx_word' id='word_1_301' title='bbox 1676 2466 1808 2513; x_wconf 93' lang='lat' dir='ltr'><strong>tom.</strong></span> 
     </span>
    </p>
   </div>
   <div class='ocr_carea' id='block_1_39' title="bbox 240 2544 1808 2619">
    <p class='ocr_par' dir='ltr' id='par_1_39' title="bbox 240 2544 1808 2619">
     <span class='ocr_line' id='line_1_39' title="bbox 240 2544 1808 2619; baseline 0.002 -20"><span class='ocrx_word' id='word_1_302' title='bbox 240 2546 307 2609; x_wconf 88' lang='lat' dir='ltr'><strong>ll,</strong></span> <span class='ocrx_word' id='word_1_303' title='bbox 363 2560 486 2619; x_wconf 93' lang='lat' dir='ltr'><strong>pag.</strong></span> <span class='ocrx_word' id='word_1_304' title='bbox 536 2545 634 2602; x_wconf 82' lang='lat' dir='ltr'><strong>5H</strong></span> <span class='ocrx_word' id='word_1_305' title='bbox 683 2563 698 2602; x_wconf 91' lang='lat'><strong>:</strong></span> <span class='ocrx_word' id='word_1_306' title='bbox 758 2546 1027 2618; x_wconf 74' lang='grc' dir='ltr'><strong>Γεννητδν</strong></span> <span class='ocrx_word' id='word_1_307' title='bbox 1087 2544 1243 2612; x_wconf 73' lang='grc' dir='ltr'><strong>ὅντα,</strong></span> <span class='ocrx_word' id='word_1_308' title='bbox 1299 2547 1454 2619; x_wconf 70' lang='grc' dir='ltr'><strong>φησι,</strong></span> <span class='ocrx_word' id='word_1_309' title='bbox 1508 2546 1601 2602; x_wconf 79' lang='grc' dir='ltr'><strong>τὸν</strong></span> <span class='ocrx_word' id='word_1_310' title='bbox 1657 2548 1808 2614; x_wconf 85' lang='grc' dir='ltr'><strong>Υίὸν,</strong></span> 
     </span>
    </p>
   </div>
   <div class='ocr_carea' id='block_1_40' title="bbox 237 2636 1812 2709">
    <p class='ocr_par' dir='ltr' id='par_1_40' title="bbox 237 2636 1812 2709">
     <span class='ocr_line' id='line_1_40' title="bbox 237 2636 1812 2709; baseline 0 -18"><span class='ocrx_word' id='word_1_311' title='bbox 237 2639 334 2693; x_wconf 78' lang='grc' dir='ltr'><strong>καὶ</strong></span> <span class='ocrx_word' id='word_1_312' title='bbox 367 2638 616 2709; x_wconf 80' lang='grc' dir='ltr'><strong>γέννημα</strong></span> <span class='ocrx_word' id='word_1_313' title='bbox 641 2636 822 2705; x_wconf 75' lang='grc' dir='ltr'><strong>λέγειν</strong></span> <span class='ocrx_word' id='word_1_314' title='bbox 849 2638 911 2689; x_wconf 83' lang='grc' dir='ltr'><strong>οὐ</strong></span> <span class='ocrx_word' id='word_1_315' title='bbox 952 2636 1385 2709; x_wconf 78' lang='grc' dir='ltr'><strong>παραιτούμεθα,</strong></span> <span class='ocrx_word' id='word_1_316' title='bbox 1405 2638 1505 2708; x_wconf 77' lang='grc' dir='ltr'><strong>τῆς</strong></span> <span class='ocrx_word' id='word_1_317' title='bbox 1534 2637 1812 2708; x_wconf 75' lang='grc' dir='ltr'><strong>γεννηθεί-</strong></span> 
     </span>
    </p>
   </div>
   <div class='ocr_carea' id='block_1_41' title="bbox 238 2725 1810 2801">
    <p class='ocr_par' dir='ltr' id='par_1_41' title="bbox 238 2725 1810 2801">
     <span class='ocr_line' id='line_1_41' title="bbox 238 2725 1810 2801; baseline 0.001 -20"><span class='ocrx_word' id='word_1_318' title='bbox 238 2745 341 2799; x_wconf 80' lang='grc' dir='ltr'><strong>σης</strong></span> <span class='ocrx_word' id='word_1_319' title='bbox 388 2727 560 2798; x_wconf 72' lang='grc' dir='ltr'><strong>αὐτῆς</strong></span> <span class='ocrx_word' id='word_1_320' title='bbox 592 2728 800 2792; x_wconf 76' lang='grc' dir='ltr'><strong>οὐσίας,</strong></span> <span class='ocrx_word' id='word_1_321' title='bbox 834 2728 930 2780; x_wconf 75' lang='grc' dir='ltr'><strong>καὶ</strong></span> <span class='ocrx_word' id='word_1_322' title='bbox 957 2728 1058 2799; x_wconf 83' lang='grc' dir='ltr'><strong>τῆς</strong></span> <span class='ocrx_word' id='word_1_323' title='bbox 1102 2726 1197 2782; x_wconf 77' lang='grc' dir='ltr'><strong>τοῦ</strong></span> <span class='ocrx_word' id='word_1_324' title='bbox 1228 2725 1360 2782; x_wconf 82' lang='grc' dir='ltr'><strong>Υίοῦ</strong></span> <span class='ocrx_word' id='word_1_325' title='bbox 1413 2729 1810 2801; x_wconf 73' lang='grc' dir='ltr'><strong>προσηγορίας,</strong></span> 
     </span>
    </p>
   </div>
   <div class='ocr_carea' id='block_1_42' title="bbox 235 2819 1812 2894">
    <p class='ocr_par' dir='ltr' id='par_1_42' title="bbox 235 2819 1812 2894">
     <span class='ocr_line' id='line_1_42' title="bbox 235 2819 1812 2894; baseline 0.001 -17"><span class='ocrx_word' id='word_1_326' title='bbox 235 2824 338 2894; x_wconf 79' lang='grc' dir='ltr'><strong>τὴν</strong></span> <span class='ocrx_word' id='word_1_327' title='bbox 389 2820 647 2892; x_wconf 82' lang='grc' dir='ltr'><strong>τοιαύτην</strong></span> <span class='ocrx_word' id='word_1_328' title='bbox 702 2819 811 2874; x_wconf 83' lang='grc' dir='ltr'><strong>τῶν</strong></span> <span class='ocrx_word' id='word_1_329' title='bbox 862 2820 1143 2890; x_wconf 81' lang='grc' dir='ltr'><strong>ὀνομάτων</strong></span> <span class='ocrx_word' id='word_1_330' title='bbox 1186 2820 1562 2893; x_wconf 70' lang='grc' dir='ltr'><strong>οἰκειουμένης</strong></span> <span class='ocrx_word' id='word_1_331' title='bbox 1605 2822 1812 2893; x_wconf 80' lang='grc' dir='ltr'><strong>σχέσιν.</strong></span> 
     </span>
    </p>
   </div>
   <div class='ocr_carea' id='block_1_43' title="bbox 240 2910 1813 2983">
    <p class='ocr_par' dir='ltr' id='par_1_43' title="bbox 240 2910 1813 2983">
     <span class='ocr_line' id='line_1_43' title="bbox 240 2910 1813 2983; baseline 0.002 -18"><span class='ocrx_word' id='word_1_332' title='bbox 240 2932 261 2965; x_wconf 82' lang='lat' dir='ltr'><strong>s</strong></span> <span class='ocrx_word' id='word_1_333' title='bbox 306 2910 582 2977; x_wconf 87' lang='lat' dir='ltr'><strong>Genitum,</strong></span> <span class='ocrx_word' id='word_1_334' title='bbox 621 2913 816 2983; x_wconf 87' lang='lat' dir='ltr'><strong>inquit,</strong></span> <span class='ocrx_word' id='word_1_335' title='bbox 868 2911 1065 2967; x_wconf 77' lang='lat' dir='ltr'><strong>Filium</strong></span> <span class='ocrx_word' id='word_1_336' title='bbox 1116 2926 1256 2981; x_wconf 86' lang='lat' dir='ltr'><strong>esse,</strong></span> <span class='ocrx_word' id='word_1_337' title='bbox 1293 2920 1349 2968; x_wconf 89' lang='lat' dir='ltr'><strong>et</strong></span> <span class='ocrx_word' id='word_1_338' title='bbox 1392 2912 1692 2983; x_wconf 87' lang='lat' dir='ltr'><strong>genituram</strong></span> <span class='ocrx_word' id='word_1_339' title='bbox 1724 2911 1813 2968; x_wconf 86' lang='lat' dir='ltr'><strong>di-</strong></span> 
     </span>
    </p>
   </div>
   <div class='ocr_carea' id='block_1_44' title="bbox 1909 2000 3481 2073">
    <p class='ocr_par' dir='ltr' id='par_1_44' title="bbox 1909 2000 3481 2073">
     <span class='ocr_line' id='line_1_44' title="bbox 1909 2000 3481 2073; baseline 0.001 -18"><span class='ocrx_word' id='word_1_340' title='bbox 1909 2014 2091 2058; x_wconf 89' lang='lat' dir='ltr'><strong>autem</strong></span> <span class='ocrx_word' id='word_1_341' title='bbox 2125 2002 2286 2073; x_wconf 88' lang='lat' dir='ltr'><strong>paulo</strong></span> <span class='ocrx_word' id='word_1_342' title='bbox 2310 2005 2540 2071; x_wconf 90' lang='lat' dir='ltr'><strong>peritior</strong></span> <span class='ocrx_word' id='word_1_343' title='bbox 2570 2000 2745 2059; x_wconf 87' lang='lat' dir='ltr'><strong>nescit</strong></span> <span class='ocrx_word' id='word_1_344' title='bbox 2796 2002 3131 2058; x_wconf 81' lang='lat' dir='ltr'><strong>adversarios</strong></span> <span class='ocrx_word' id='word_1_345' title='bbox 3154 2004 3334 2058; x_wconf 84' lang='lat' dir='ltr'><strong>dicere</strong></span> <span class='ocrx_word' id='word_1_346' title='bbox 3356 2000 3481 2057; x_wconf 82' lang='lat' dir='ltr'><strong>soli-</strong></span> 
     </span>
    </p>
   </div>
   <div class='ocr_carea' id='block_1_45' title="bbox 1909 2092 3478 2165">
    <p class='ocr_par' dir='ltr' id='par_1_45' title="bbox 1909 2092 3478 2165">
     <span class='ocr_line' id='line_1_45' title="bbox 1909 2092 3478 2165; baseline 0.001 -18"><span class='ocrx_word' id='word_1_347' title='bbox 1909 2103 2012 2162; x_wconf 88' lang='lat' dir='ltr'><strong>tos,</strong></span> <span class='ocrx_word' id='word_1_348' title='bbox 2052 2093 2127 2165; x_wconf 71' lang='grc' dir='ltr'><strong>(ὁ)</strong></span> <span class='ocrx_word' id='word_1_349' title='bbox 2171 2092 2431 2148; x_wconf 88' lang='lat' dir='ltr'><strong>Basilium</strong></span> <span class='ocrx_word' id='word_1_350' title='bbox 2461 2094 2515 2147; x_wconf 92' lang='lat' dir='ltr'><strong>in</strong></span> <span class='ocrx_word' id='word_1_351' title='bbox 2550 2094 2707 2149; x_wconf 89' lang='lat' dir='ltr'><strong>libris</strong></span> <span class='ocrx_word' id='word_1_352' title='bbox 2758 2103 2953 2165; x_wconf 88' lang='lat' dir='ltr'><strong>quarto</strong></span> <span class='ocrx_word' id='word_1_353' title='bbox 2992 2103 3049 2147; x_wconf 89' lang='lat' dir='ltr'><strong>et</strong></span> <span class='ocrx_word' id='word_1_354' title='bbox 3075 2096 3262 2164; x_wconf 89' lang='lat' dir='ltr'><strong>quinto</strong></span> <span class='ocrx_word' id='word_1_355' title='bbox 3290 2107 3478 2150; x_wconf 72' lang='lat' dir='ltr'><strong>contra</strong></span> 
     </span>
    </p>
   </div>
   <div class='ocr_carea' id='block_1_46' title="bbox 1909 2184 3480 2257">
    <p class='ocr_par' dir='ltr' id='par_1_46' title="bbox 1909 2184 3480 2257">
     <span class='ocr_line' id='line_1_46' title="bbox 1909 2184 3480 2257; baseline 0.001 -18"><span class='ocrx_word' id='word_1_356' title='bbox 1909 2184 2228 2241; x_wconf 66' lang='lat' dir='ltr'><strong>[innantium</strong></span> <span class='ocrx_word' id='word_1_357' title='bbox 2285 2187 2355 2241; x_wconf 88' lang='lat' dir='ltr'><strong>de</strong></span> <span class='ocrx_word' id='word_1_358' title='bbox 2409 2184 2595 2239; x_wconf 87' lang='lat' dir='ltr'><strong>multis</strong></span> <span class='ocrx_word' id='word_1_359' title='bbox 2642 2200 2763 2255; x_wconf 67' lang='lat' dir='ltr'><strong>quae</strong></span> <span class='ocrx_word' id='word_1_360' title='bbox 2822 2185 2893 2240; x_wconf 86' lang='lat' dir='ltr'><strong>ab</strong></span> <span class='ocrx_word' id='word_1_361' title='bbox 2940 2187 3058 2257; x_wconf 86' lang='lat' dir='ltr'><strong>ipso</strong></span> <span class='ocrx_word' id='word_1_362' title='bbox 3116 2185 3480 2241; x_wconf 80' lang='lat' dir='ltr'><strong>all&#39;erebantnr</strong></span> 
     </span>
    </p>
   </div>
   <div class='ocr_carea' id='block_1_47' title="bbox 1909 2275 3479 2347">
    <p class='ocr_par' dir='ltr' id='par_1_47' title="bbox 1909 2275 3479 2347">
     <span class='ocr_line' id='line_1_47' title="bbox 1909 2275 3479 2347; baseline -0.001 -14"><span class='ocrx_word' id='word_1_363' title='bbox 1909 2277 2321 2345; x_wconf 87' lang='lat' dir='ltr'><strong>Scripturarum</strong></span> <span class='ocrx_word' id='word_1_364' title='bbox 2369 2277 2698 2335; x_wconf 85' lang='lat' dir='ltr'><strong>testimoniis</strong></span> <span class='ocrx_word' id='word_1_365' title='bbox 2734 2290 2978 2333; x_wconf 88' lang='lat' dir='ltr'><strong>seorsum</strong></span> <span class='ocrx_word' id='word_1_366' title='bbox 3023 2278 3189 2346; x_wconf 85' lang='lat' dir='ltr'><strong>loqui.</strong></span> <span class='ocrx_word' id='word_1_367' title='bbox 3216 2276 3325 2346; x_wconf 81' lang='lat' dir='ltr'><strong>Ego</strong></span> <span class='ocrx_word' id='word_1_368' title='bbox 3350 2275 3479 2347; x_wconf 86' lang='lat' dir='ltr'><strong>qui-</strong></span> 
     </span>
    </p>
   </div>
   <div class='ocr_carea' id='block_1_48' title="bbox 1909 2368 3478 2441">
    <p class='ocr_par' dir='ltr' id='par_1_48' title="bbox 1909 2368 3478 2441">
     <span class='ocr_line' id='line_1_48' title="bbox 1909 2368 3478 2441; baseline 0.004 -22"><span class='ocrx_word' id='word_1_369' title='bbox 1909 2369 2030 2422; x_wconf 92' lang='lat' dir='ltr'><strong>dem</strong></span> <span class='ocrx_word' id='word_1_370' title='bbox 2103 2368 2334 2423; x_wconf 84' lang='lat' dir='ltr'><strong>libenter</strong></span> <span class='ocrx_word' id='word_1_371' title='bbox 2388 2371 2604 2427; x_wconf 81' lang='lat' dir='ltr'><strong>fatebor</strong></span> <span class='ocrx_word' id='word_1_372' title='bbox 2667 2370 2957 2441; x_wconf 88' lang='lat' dir='ltr'><strong>protulisse</strong></span> <span class='ocrx_word' id='word_1_373' title='bbox 3024 2369 3347 2425; x_wconf 86' lang='lat' dir='ltr'><strong>Eunomium</strong></span> <span class='ocrx_word' id='word_1_374' title='bbox 3409 2383 3478 2425; x_wconf 89' lang='lat' dir='ltr'><strong>ex</strong></span> 
     </span>
    </p>
   </div>
   <div class='ocr_carea' id='block_1_49' title="bbox 1911 2457 3479 2532">
    <p class='ocr_par' dir='ltr' id='par_1_49' title="bbox 1911 2457 3479 2532">
     <span class='ocr_line' id='line_1_49' title="bbox 1911 2457 3479 2532; baseline 0.004 -20"><span class='ocrx_word' id='word_1_375' title='bbox 1911 2457 2209 2527; x_wconf 85' lang='lat' dir='ltr'><strong>Scripturis</strong></span> <span class='ocrx_word' id='word_1_376' title='bbox 2245 2459 2359 2514; x_wconf 88' lang='lat' dir='ltr'><strong>loca</strong></span> <span class='ocrx_word' id='word_1_377' title='bbox 2418 2462 2581 2515; x_wconf 89' lang='lat' dir='ltr'><strong>multa</strong></span> <span class='ocrx_word' id='word_1_378' title='bbox 2623 2462 2689 2516; x_wconf 86' lang='lat' dir='ltr'><strong>ad</strong></span> <span class='ocrx_word' id='word_1_379' title='bbox 2730 2460 3059 2532; x_wconf 82' lang='lat' dir='ltr'><strong>probandam</strong></span> <span class='ocrx_word' id='word_1_380' title='bbox 3089 2477 3243 2515; x_wconf 87' lang='lat' dir='ltr'><strong>suam</strong></span> <span class='ocrx_word' id='word_1_381' title='bbox 3265 2461 3479 2532; x_wconf 83' lang='lat' dir='ltr'><strong>opinio-</strong></span> 
     </span>
    </p>
   </div>
   <div class='ocr_carea' id='block_1_50' title="bbox 1910 2549 3480 2621">
    <p class='ocr_par' dir='ltr' id='par_1_50' title="bbox 1910 2549 3480 2621">
     <span class='ocr_line' id='line_1_50' title="bbox 1910 2549 3480 2621; baseline 0.001 -16"><span class='ocrx_word' id='word_1_382' title='bbox 1910 2565 2033 2606; x_wconf 89' lang='lat' dir='ltr'><strong>nem</strong></span> <span class='ocrx_word' id='word_1_383' title='bbox 2070 2566 2086 2605; x_wconf 90' lang='lat'><strong>:</strong></span> <span class='ocrx_word' id='word_1_384' title='bbox 2124 2551 2219 2605; x_wconf 86' lang='lat' dir='ltr'><strong>sed</strong></span> <span class='ocrx_word' id='word_1_385' title='bbox 2259 2564 2397 2621; x_wconf 90' lang='lat' dir='ltr'><strong>nego</strong></span> <span class='ocrx_word' id='word_1_386' title='bbox 2452 2552 2567 2606; x_wconf 71' lang='lat' dir='ltr'><strong>haec</strong></span> <span class='ocrx_word' id='word_1_387' title='bbox 2593 2549 2891 2621; x_wconf 73' lang='lat' dir='ltr'><strong>Scriptura:</strong></span> <span class='ocrx_word' id='word_1_388' title='bbox 2936 2552 3049 2607; x_wconf 91' lang='lat' dir='ltr'><strong>loca</strong></span> <span class='ocrx_word' id='word_1_389' title='bbox 3089 2566 3209 2620; x_wconf 75' lang='lat' dir='ltr'><strong>qna-</strong></span> <span class='ocrx_word' id='word_1_390' title='bbox 3244 2552 3298 2606; x_wconf 92' lang='lat' dir='ltr'><strong>iu</strong></span> <span class='ocrx_word' id='word_1_391' title='bbox 3328 2553 3480 2607; x_wconf 76' lang='lat' dir='ltr'><strong>libris</strong></span> 
     </span>
    </p>
   </div>
   <div class='ocr_carea' id='block_1_51' title="bbox 1909 2640 3477 2715">
    <p class='ocr_par' dir='ltr' id='par_1_51' title="bbox 1909 2640 3477 2715">
     <span class='ocr_line' id='line_1_51' title="bbox 1909 2640 3477 2715; baseline 0.001 -20"><span class='ocrx_word' id='word_1_392' title='bbox 1909 2650 2104 2713; x_wconf 90' lang='lat' dir='ltr'><strong>quarto</strong></span> <span class='ocrx_word' id='word_1_393' title='bbox 2152 2648 2210 2697; x_wconf 89' lang='lat' dir='ltr'><strong>et</strong></span> <span class='ocrx_word' id='word_1_394' title='bbox 2236 2640 2427 2711; x_wconf 86' lang='lat' dir='ltr'><strong>quinto</strong></span> <span class='ocrx_word' id='word_1_395' title='bbox 2460 2652 2644 2696; x_wconf 79' lang='lat' dir='ltr'><strong>contra</strong></span> <span class='ocrx_word' id='word_1_396' title='bbox 2671 2642 2987 2697; x_wconf 74' lang='lat' dir='ltr'><strong>Eunomium</strong></span> <span class='ocrx_word' id='word_1_397' title='bbox 3006 2643 3390 2715; x_wconf 79' lang='lat' dir='ltr'><strong>explanantur,</strong></span> <span class='ocrx_word' id='word_1_398' title='bbox 3422 2643 3477 2698; x_wconf 84' lang='lat' dir='ltr'><strong>in</strong></span> 
     </span>
    </p>
   </div>
   <div class='ocr_carea' id='block_1_52' title="bbox 1908 2732 3478 2804">
    <p class='ocr_par' dir='ltr' id='par_1_52' title="bbox 1908 2732 3478 2804">
     <span class='ocr_line' id='line_1_52' title="bbox 1908 2732 3478 2804; baseline 0.001 -17"><span class='ocrx_word' id='word_1_399' title='bbox 1908 2732 2150 2801; x_wconf 81' lang='lat' dir='ltr'><strong>ejusdem</strong></span> <span class='ocrx_word' id='word_1_400' title='bbox 2183 2732 2431 2790; x_wconf 84' lang='lat' dir='ltr'><strong>Eunomii</strong></span> <span class='ocrx_word' id='word_1_401' title='bbox 2461 2733 2599 2790; x_wconf 89' lang='lat' dir='ltr'><strong>libro</strong></span> <span class='ocrx_word' id='word_1_402' title='bbox 2622 2735 2797 2803; x_wconf 91' lang='lat' dir='ltr'><strong>primo</strong></span> <span class='ocrx_word' id='word_1_403' title='bbox 2823 2735 3069 2804; x_wconf 89' lang='lat' dir='ltr'><strong>reperiri.</strong></span> <span class='ocrx_word' id='word_1_404' title='bbox 3106 2734 3173 2789; x_wconf 84' lang='lat' dir='ltr'><strong>Et</strong></span> <span class='ocrx_word' id='word_1_405' title='bbox 3195 2749 3324 2789; x_wconf 83' lang='lat' dir='ltr'><strong>vero</strong></span> <span class='ocrx_word' id='word_1_406' title='bbox 3354 2750 3478 2791; x_wconf 87' lang='lat' dir='ltr'><strong>cum</strong></span> 
     </span>
    </p>
   </div>
   <div class='ocr_carea' id='block_1_53' title="bbox 1915 2823 3477 2896">
    <p class='ocr_par' dir='ltr' id='par_1_53' title="bbox 1915 2823 3477 2896">
     <span class='ocr_line' id='line_1_53' title="bbox 1915 2823 3477 2896; baseline 0.001 -18"><span class='ocrx_word' id='word_1_407' title='bbox 1915 2832 2023 2879; x_wconf 87' lang='lat' dir='ltr'><strong>tatu</strong></span> <span class='ocrx_word' id='word_1_408' title='bbox 2054 2823 2222 2878; x_wconf 86' lang='lat' dir='ltr'><strong>multa</strong></span> <span class='ocrx_word' id='word_1_409' title='bbox 2261 2832 2607 2895; x_wconf 79' lang='lat' dir='ltr'><strong>exponuntur</strong></span> <span class='ocrx_word' id='word_1_410' title='bbox 2632 2825 3037 2896; x_wconf 85' lang='lat' dir='ltr'><strong>Scripturarum</strong></span> <span class='ocrx_word' id='word_1_411' title='bbox 3078 2824 3388 2881; x_wconf 89' lang='lat' dir='ltr'><strong>testimonia</strong></span> <span class='ocrx_word' id='word_1_412' title='bbox 3419 2826 3477 2881; x_wconf 87' lang='lat' dir='ltr'><strong>in</strong></span> 
     </span>
    </p>
   </div>
   <div class='ocr_carea' id='block_1_54' title="bbox 1913 2912 3478 2988">
    <p class='ocr_par' dir='ltr' id='par_1_54' title="bbox 1913 2912 3478 2988">
     <span class='ocr_line' id='line_1_54' title="bbox 1913 2912 3478 2988; baseline 0.003 -20"><span class='ocrx_word' id='word_1_413' title='bbox 1913 2912 2121 2969; x_wconf 87' lang='lat' dir='ltr'><strong>duobus</strong></span> <span class='ocrx_word' id='word_1_414' title='bbox 2156 2914 2241 2970; x_wconf 88' lang='lat' dir='ltr'><strong>bis</strong></span> <span class='ocrx_word' id='word_1_415' title='bbox 2268 2929 2408 2985; x_wconf 86' lang='lat' dir='ltr'><strong>quos</strong></span> <span class='ocrx_word' id='word_1_416' title='bbox 2451 2918 2563 2970; x_wconf 88' lang='lat' dir='ltr'><strong>dixi</strong></span> <span class='ocrx_word' id='word_1_417' title='bbox 2618 2918 2791 2983; x_wconf 79' lang='lat' dir='ltr'><strong>libris,</strong></span> <span class='ocrx_word' id='word_1_418' title='bbox 2822 2927 3000 2975; x_wconf 90' lang='lat' dir='ltr'><strong>tamen</strong></span> <span class='ocrx_word' id='word_1_419' title='bbox 3034 2916 3307 2973; x_wconf 86' lang='lat' dir='ltr'><strong>allirmare</strong></span> <span class='ocrx_word' id='word_1_420' title='bbox 3348 2931 3478 2988; x_wconf 90' lang='lat' dir='ltr'><strong>pos-</strong></span> 
     </span>
    </p>
   </div>
   <div class='ocr_carea' id='block_1_55' title="bbox 234 3002 3476 3077">
    <p class='ocr_par' dir='ltr' id='par_1_55' title="bbox 234 3002 3476 3077">
     <span class='ocr_line' id='line_1_55' title="bbox 234 3002 3476 3077; baseline 0.001 -18"><span class='ocrx_word' id='word_1_421' title='bbox 234 3019 365 3061; x_wconf 73' lang='lat' dir='ltr'><strong>cere</strong></span> <span class='ocrx_word' id='word_1_422' title='bbox 404 3020 510 3062; x_wconf 92' lang='lat' dir='ltr'><strong>non</strong></span> <span class='ocrx_word' id='word_1_423' title='bbox 554 3019 890 3071; x_wconf 82' lang='lat' dir='ltr'><strong>recusamus,</strong></span> <span class='ocrx_word' id='word_1_424' title='bbox 932 3019 1055 3061; x_wconf 91' lang='lat' dir='ltr'><strong>cum</strong></span> <span class='ocrx_word' id='word_1_425' title='bbox 1091 3004 1207 3077; x_wconf 87' lang='lat' dir='ltr'><strong>ipsa</strong></span> <span class='ocrx_word' id='word_1_426' title='bbox 1262 3004 1441 3077; x_wconf 91' lang='lat' dir='ltr'><strong>genita</strong></span> <span class='ocrx_word' id='word_1_427' title='bbox 1477 3006 1733 3073; x_wconf 86' lang='lat' dir='ltr'><strong>essentia,</strong></span> <span class='ocrx_word' id='word_1_428' title='bbox 1759 3016 1816 3063; x_wconf 91' lang='lat' dir='ltr'><strong>et</strong></span> <span class='ocrx_word' id='word_1_429' title='bbox 1912 3018 2052 3070; x_wconf 90' lang='lat' dir='ltr'><strong>sum,</strong></span> <span class='ocrx_word' id='word_1_430' title='bbox 2092 3004 2137 3060; x_wconf 87' lang='lat' dir='ltr'><strong>si</strong></span> <span class='ocrx_word' id='word_1_431' title='bbox 2190 3002 2333 3062; x_wconf 77' lang='lat' dir='ltr'><strong>forte</strong></span> <span class='ocrx_word' id='word_1_432' title='bbox 2381 3005 2486 3061; x_wconf 83' lang='lat' dir='ltr'><strong>tria</strong></span> <span class='ocrx_word' id='word_1_433' title='bbox 2542 3018 2636 3061; x_wconf 88' lang='lat' dir='ltr'><strong>aut</strong></span> <span class='ocrx_word' id='word_1_434' title='bbox 2678 3019 2909 3076; x_wconf 84' lang='lat' dir='ltr'><strong>quatuor</strong></span> <span class='ocrx_word' id='word_1_435' title='bbox 2965 3009 3227 3077; x_wconf 78' lang='lat' dir='ltr'><strong>excipias,</strong></span> <span class='ocrx_word' id='word_1_436' title='bbox 3265 3008 3476 3077; x_wconf 84' lang='lat' dir='ltr'><strong>reliqua</strong></span> 
     </span>
    </p>
   </div>
   <div class='ocr_carea' id='block_1_56' title="bbox 239 3096 1811 3168">
    <p class='ocr_par' dir='ltr' id='par_1_56' title="bbox 239 3096 1811 3168">
     <span class='ocr_line' id='line_1_56' title="bbox 239 3096 1811 3168; baseline 0.003 -19"><span class='ocrx_word' id='word_1_437' title='bbox 239 3098 363 3152; x_wconf 78' lang='lat' dir='ltr'><strong>Filii</strong></span> <span class='ocrx_word' id='word_1_438' title='bbox 395 3097 684 3168; x_wconf 85' lang='lat' dir='ltr'><strong>appellatio</strong></span> <span class='ocrx_word' id='word_1_439' title='bbox 722 3099 881 3153; x_wconf 84' lang='lat' dir='ltr'><strong>talem</strong></span> <span class='ocrx_word' id='word_1_440' title='bbox 916 3098 1192 3153; x_wconf 91' lang='lat' dir='ltr'><strong>nominum</strong></span> <span class='ocrx_word' id='word_1_441' title='bbox 1218 3096 1533 3155; x_wconf 86' lang='lat' dir='ltr'><strong>relationem</strong></span> <span class='ocrx_word' id='word_1_442' title='bbox 1569 3098 1669 3153; x_wconf 86' lang='lat' dir='ltr'><strong>sibi</strong></span> <span class='ocrx_word' id='word_1_443' title='bbox 1692 3100 1811 3154; x_wconf 80' lang='lat' dir='ltr'><strong>viu-</strong></span> 
     </span>
    </p>
   </div>
   <div class='ocr_carea' id='block_1_57' title="bbox 237 3187 1810 3259">
    <p class='ocr_par' dir='ltr' id='par_1_57' title="bbox 237 3187 1810 3259">
     <span class='ocr_line' id='line_1_57' title="bbox 237 3187 1810 3259; baseline 0.001 -19"><span class='ocrx_word' id='word_1_444' title='bbox 237 3191 423 3245; x_wconf 87' lang='lat' dir='ltr'><strong>dicare</strong></span> <span class='ocrx_word' id='word_1_445' title='bbox 456 3189 645 3259; x_wconf 85' lang='lat' dir='ltr'><strong>possit.</strong></span> <span class='ocrx_word' id='word_1_446' title='bbox 683 3207 703 3242; x_wconf 82' lang='lat' dir='ltr'><strong>s</strong></span> <span class='ocrx_word' id='word_1_447' title='bbox 729 3188 1026 3244; x_wconf 86' lang='lat' dir='ltr'><strong>Eunontius</strong></span> <span class='ocrx_word' id='word_1_448' title='bbox 1052 3191 1298 3258; x_wconf 86' lang='lat' dir='ltr'><strong>quidem,</strong></span> <span class='ocrx_word' id='word_1_449' title='bbox 1322 3197 1381 3243; x_wconf 87' lang='lat' dir='ltr'><strong>ttt</strong></span> <span class='ocrx_word' id='word_1_450' title='bbox 1405 3203 1588 3245; x_wconf 82' lang='lat' dir='ltr'><strong>verum</strong></span> <span class='ocrx_word' id='word_1_451' title='bbox 1620 3187 1810 3253; x_wconf 79' lang='lat' dir='ltr'><strong>fatear,</strong></span> 
     </span>
    </p>
   </div>
   <div class='ocr_carea' id='block_1_58' title="bbox 241 3278 1807 3349">
    <p class='ocr_par' dir='ltr' id='par_1_58' title="bbox 241 3278 1807 3349">
     <span class='ocr_line' id='line_1_58' title="bbox 241 3278 1807 3349; baseline -0.001 -15"><span class='ocrx_word' id='word_1_452' title='bbox 241 3294 349 3334; x_wconf 85' lang='lat' dir='ltr'><strong>nnn</strong></span> <span class='ocrx_word' id='word_1_453' title='bbox 374 3294 637 3349; x_wconf 79' lang='lat' dir='ltr'><strong>expresse</strong></span> <span class='ocrx_word' id='word_1_454' title='bbox 668 3280 775 3335; x_wconf 86' lang='lat' dir='ltr'><strong>hoc</strong></span> <span class='ocrx_word' id='word_1_455' title='bbox 820 3279 943 3335; x_wconf 92' lang='lat' dir='ltr'><strong>loco</strong></span> <span class='ocrx_word' id='word_1_456' title='bbox 966 3280 1044 3333; x_wconf 90' lang='lat' dir='ltr'><strong>ait</strong></span> <span class='ocrx_word' id='word_1_457' title='bbox 1074 3278 1271 3333; x_wconf 77' lang='lat' dir='ltr'><strong>Filium</strong></span> <span class='ocrx_word' id='word_1_458' title='bbox 1320 3278 1453 3334; x_wconf 84' lang='lat' dir='ltr'><strong>t‘also</strong></span> <span class='ocrx_word' id='word_1_459' title='bbox 1475 3279 1689 3335; x_wconf 92' lang='lat' dir='ltr'><strong>nomine</strong></span> <span class='ocrx_word' id='word_1_460' title='bbox 1714 3293 1807 3349; x_wconf 89' lang='lat' dir='ltr'><strong>ge-</strong></span> 
     </span>
    </p>
   </div>
   <div class='ocr_carea' id='block_1_59' title="bbox 239 3367 1811 3439">
    <p class='ocr_par' dir='ltr' id='par_1_59' title="bbox 239 3367 1811 3439">
     <span class='ocr_line' id='line_1_59' title="bbox 239 3367 1811 3439; baseline 0 -14"><span class='ocrx_word' id='word_1_461' title='bbox 239 3372 481 3425; x_wconf 88' lang='lat' dir='ltr'><strong>nituram</strong></span> <span class='ocrx_word' id='word_1_462' title='bbox 510 3367 774 3438; x_wconf 88' lang='lat' dir='ltr'><strong>appellari</strong></span> <span class='ocrx_word' id='word_1_463' title='bbox 806 3384 821 3422; x_wconf 90' lang='lat'><strong>:</strong></span> <span class='ocrx_word' id='word_1_464' title='bbox 878 3367 972 3423; x_wconf 90' lang='lat' dir='ltr'><strong>sed</strong></span> <span class='ocrx_word' id='word_1_465' title='bbox 1027 3376 1207 3422; x_wconf 89' lang='lat' dir='ltr'><strong>tamen</strong></span> <span class='ocrx_word' id='word_1_466' title='bbox 1252 3367 1327 3423; x_wconf 83' lang='lat' dir='ltr'><strong>ita</strong></span> <span class='ocrx_word' id='word_1_467' title='bbox 1354 3368 1523 3438; x_wconf 89' lang='lat' dir='ltr'><strong>loqui,</strong></span> <span class='ocrx_word' id='word_1_468' title='bbox 1556 3385 1577 3421; x_wconf 76' lang='grc' dir='ltr'><strong>ι</strong></span> <span class='ocrx_word' id='word_1_469' title='bbox 1602 3370 1811 3439; x_wconf 82' lang='lat' dir='ltr'><strong>genitu-</strong></span> 
     </span>
    </p>
   </div>
   <div class='ocr_carea' id='block_1_60' title="bbox 239 3452 1807 3529">
    <p class='ocr_par' dir='ltr' id='par_1_60' title="bbox 239 3452 1807 3529">
     <span class='ocr_line' id='line_1_60' title="bbox 239 3452 1807 3529; baseline -0.003 -15"><span class='ocrx_word' id='word_1_470' title='bbox 239 3475 356 3515; x_wconf 85' lang='lat' dir='ltr'><strong>ram</strong></span> <span class='ocrx_word' id='word_1_471' title='bbox 409 3458 593 3513; x_wconf 89' lang='lat' dir='ltr'><strong>dicere</strong></span> <span class='ocrx_word' id='word_1_472' title='bbox 648 3470 754 3512; x_wconf 91' lang='lat' dir='ltr'><strong>non</strong></span> <span class='ocrx_word' id='word_1_473' title='bbox 789 3469 1106 3511; x_wconf 84' lang='lat' dir='ltr'><strong>recusamus</strong></span> <span class='ocrx_word' id='word_1_474' title='bbox 1134 3452 1407 3529; x_wconf 81' lang='lat' dir='ltr'><strong>[Filium],</strong></span> <span class='ocrx_word' id='word_1_475' title='bbox 1447 3475 1469 3509; x_wconf 82' lang='lat' dir='ltr'><strong>a</strong></span> <span class='ocrx_word' id='word_1_476' title='bbox 1538 3455 1653 3527; x_wconf 84' lang='lat' dir='ltr'><strong>ejus</strong></span> <span class='ocrx_word' id='word_1_477' title='bbox 1705 3466 1807 3523; x_wconf 91' lang='lat' dir='ltr'><strong>est,</strong></span> 
     </span>
    </p>
   </div>
   <div class='ocr_carea' id='block_1_61' title="bbox 234 3545 1812 3622">
    <p class='ocr_par' dir='ltr' id='par_1_61' title="bbox 234 3545 1812 3622">
     <span class='ocr_line' id='line_1_61' title="bbox 234 3545 1812 3622; baseline -0.001 -19"><span class='ocrx_word' id='word_1_478' title='bbox 234 3552 330 3620; x_wconf 85' lang='lat' dir='ltr'><strong>qui</strong></span> <span class='ocrx_word' id='word_1_479' title='bbox 359 3550 515 3622; x_wconf 87' lang='lat' dir='ltr'><strong>quasi</strong></span> <span class='ocrx_word' id='word_1_480' title='bbox 567 3549 770 3604; x_wconf 79' lang='lat' dir='ltr'><strong>invitus</strong></span> <span class='ocrx_word' id='word_1_481' title='bbox 799 3545 997 3603; x_wconf 84' lang='lat' dir='ltr'><strong>Filium</strong></span> <span class='ocrx_word' id='word_1_482' title='bbox 1055 3556 1214 3601; x_wconf 75' lang='lat' dir='ltr'><strong>vocat</strong></span> <span class='ocrx_word' id='word_1_483' title='bbox 1257 3547 1583 3615; x_wconf 84' lang='lat' dir='ltr'><strong>genituram,</strong></span> <span class='ocrx_word' id='word_1_484' title='bbox 1613 3548 1812 3617; x_wconf 90' lang='lat' dir='ltr'><strong>quique</strong></span> 
     </span>
    </p>
   </div>
   <div class='ocr_carea' id='block_1_62' title="bbox 235 3635 1811 3715">
    <p class='ocr_par' dir='ltr' id='par_1_62' title="bbox 235 3635 1811 3715">
     <span class='ocr_line' id='line_1_62' title="bbox 235 3635 1811 3715; baseline -0.005 -17"><span class='ocrx_word' id='word_1_485' title='bbox 235 3646 423 3715; x_wconf 86' lang='lat' dir='ltr'><strong>aliquo</strong></span> <span class='ocrx_word' id='word_1_486' title='bbox 455 3641 619 3699; x_wconf 87' lang='lat' dir='ltr'><strong>modo</strong></span> <span class='ocrx_word' id='word_1_487' title='bbox 646 3640 912 3712; x_wconf 83' lang='lat' dir='ltr'><strong>signiticet</strong></span> <span class='ocrx_word' id='word_1_488' title='bbox 934 3652 1059 3694; x_wconf 89' lang='lat' dir='ltr'><strong>eum</strong></span> <span class='ocrx_word' id='word_1_489' title='bbox 1102 3652 1213 3693; x_wconf 89' lang='lat' dir='ltr'><strong>non</strong></span> <span class='ocrx_word' id='word_1_490' title='bbox 1246 3635 1467 3709; x_wconf 91' lang='lat' dir='ltr'><strong>proprie</strong></span> <span class='ocrx_word' id='word_1_491' title='bbox 1522 3637 1595 3692; x_wconf 87' lang='lat' dir='ltr'><strong>ita</strong></span> <span class='ocrx_word' id='word_1_492' title='bbox 1628 3636 1811 3693; x_wconf 74' lang='lat' dir='ltr'><strong>vocari</strong></span> 
     </span>
    </p>
   </div>
   <div class='ocr_carea' id='block_1_63' title="bbox 236 3730 1810 3801">
    <p class='ocr_par' dir='ltr' id='par_1_63' title="bbox 236 3730 1810 3801">
     <span class='ocr_line' id='line_1_63' title="bbox 236 3730 1810 3801; baseline -0.001 -14"><span class='ocrx_word' id='word_1_493' title='bbox 236 3736 481 3799; x_wconf 74' lang='lat' dir='ltr'><strong>debere;</strong></span> <span class='ocrx_word' id='word_1_494' title='bbox 539 3731 611 3787; x_wconf 90' lang='lat' dir='ltr'><strong>ob</strong></span> <span class='ocrx_word' id='word_1_495' title='bbox 664 3732 826 3799; x_wconf 87' lang='lat' dir='ltr'><strong>idque</strong></span> <span class='ocrx_word' id='word_1_496' title='bbox 883 3730 1183 3787; x_wconf 84' lang='lat' dir='ltr'><strong>Eunomius</strong></span> <span class='ocrx_word' id='word_1_497' title='bbox 1227 3743 1259 3785; x_wconf 91' lang='lat' dir='ltr'><strong>a</strong></span> <span class='ocrx_word' id='word_1_498' title='bbox 1304 3730 1573 3798; x_wconf 81' lang='lat' dir='ltr'><strong>scriptore</strong></span> <span class='ocrx_word' id='word_1_499' title='bbox 1625 3743 1810 3801; x_wconf 82' lang='lat' dir='ltr'><strong>repre-</strong></span> 
     </span>
    </p>
   </div>
   <div class='ocr_carea' id='block_1_64' title="bbox 237 3820 1812 3892">
    <p class='ocr_par' dir='ltr' id='par_1_64' title="bbox 237 3820 1812 3892">
     <span class='ocr_line' id='line_1_64' title="bbox 237 3820 1812 3892; baseline -0.002 -14"><span class='ocrx_word' id='word_1_500' title='bbox 237 3824 401 3878; x_wconf 75' lang='lat' dir='ltr'><strong>ltendi</strong></span> <span class='ocrx_word' id='word_1_501' title='bbox 454 3823 652 3878; x_wconf 90' lang='lat' dir='ltr'><strong>merito</strong></span> <span class='ocrx_word' id='word_1_502' title='bbox 698 3821 894 3892; x_wconf 87' lang='lat' dir='ltr'><strong>potuit,</strong></span> <span class='ocrx_word' id='word_1_503' title='bbox 941 3822 1084 3890; x_wconf 84' lang='lat' dir='ltr'><strong>quod</strong></span> <span class='ocrx_word' id='word_1_504' title='bbox 1111 3820 1345 3891; x_wconf 87' lang='lat' dir='ltr'><strong>quodam</strong></span> <span class='ocrx_word' id='word_1_505' title='bbox 1387 3821 1547 3877; x_wconf 90' lang='lat' dir='ltr'><strong>modo</strong></span> <span class='ocrx_word' id='word_1_506' title='bbox 1592 3820 1812 3878; x_wconf 90' lang='lat' dir='ltr'><strong>doceret</strong></span> 
     </span>
    </p>
   </div>
   <div class='ocr_carea' id='block_1_65' title="bbox 236 3909 1809 3982">
    <p class='ocr_par' dir='ltr' id='par_1_65' title="bbox 236 3909 1809 3982">
     <span class='ocr_line' id='line_1_65' title="bbox 236 3909 1809 3982; baseline -0.006 -8"><span class='ocrx_word' id='word_1_507' title='bbox 236 3914 437 3974; x_wconf 71' lang='lat' dir='ltr'><strong>Filium</strong></span> <span class='ocrx_word' id='word_1_508' title='bbox 483 3914 623 3970; x_wconf 83' lang='lat' dir='ltr'><strong>l&#39;also</strong></span> <span class='ocrx_word' id='word_1_509' title='bbox 676 3913 894 3969; x_wconf 82' lang='lat' dir='ltr'><strong>nomine</strong></span> <span class='ocrx_word' id='word_1_510' title='bbox 935 3913 1240 3980; x_wconf 84' lang='lat' dir='ltr'><strong>genituram</strong></span> <span class='ocrx_word' id='word_1_511' title='bbox 1272 3912 1479 3967; x_wconf 79' lang='lat' dir='ltr'><strong>vocari.</strong></span> <span class='ocrx_word' id='word_1_512' title='bbox 1525 3909 1693 3982; x_wconf 75' lang='lat' dir='ltr'><strong>Magis</strong></span> <span class='ocrx_word' id='word_1_513' title='bbox 1742 3910 1809 3966; x_wconf 94' lang='lat' dir='ltr'><strong>ad</strong></span> 
     </span>
    </p>
   </div>
   <div class='ocr_carea' id='block_1_66' title="bbox 234 4000 1811 4078">
    <p class='ocr_par' dir='ltr' id='par_1_66' title="bbox 234 4000 1811 4078">
     <span class='ocr_line' id='line_1_66' title="bbox 234 4000 1811 4078; baseline -0.006 -13"><span class='ocrx_word' id='word_1_514' title='bbox 234 4024 354 4065; x_wconf 87' lang='lat' dir='ltr'><strong>rem</strong></span> <span class='ocrx_word' id='word_1_515' title='bbox 387 4007 596 4064; x_wconf 83' lang='lat' dir='ltr'><strong>iaciunt</strong></span> <span class='ocrx_word' id='word_1_516' title='bbox 616 4020 737 4078; x_wconf 69' lang='lat' dir='ltr'><strong>qua:</strong></span> <span class='ocrx_word' id='word_1_517' title='bbox 759 4005 863 4061; x_wconf 90' lang='lat' dir='ltr'><strong>boe</strong></span> <span class='ocrx_word' id='word_1_518' title='bbox 883 4003 1002 4075; x_wconf 90' lang='lat' dir='ltr'><strong>ipso</strong></span> <span class='ocrx_word' id='word_1_519' title='bbox 1035 4004 1227 4059; x_wconf 87' lang='lat' dir='ltr'><strong>inloco</strong></span> <span class='ocrx_word' id='word_1_520' title='bbox 1254 4002 1524 4073; x_wconf 88' lang='lat' dir='ltr'><strong>leguntur.</strong></span> <span class='ocrx_word' id='word_1_521' title='bbox 1558 4000 1683 4058; x_wconf 63' lang='lat' dir='ltr'><strong>Hac</strong></span> <span class='ocrx_word' id='word_1_522' title='bbox 1712 4015 1811 4057; x_wconf 83' lang='lat' dir='ltr'><strong>au-</strong></span> 
     </span>
    </p>
   </div>
   <div class='ocr_carea' id='block_1_67' title="bbox 237 4086 1807 4167">
    <p class='ocr_par' dir='ltr' id='par_1_67' title="bbox 237 4086 1807 4167">
     <span class='ocr_line' id='line_1_67' title="bbox 237 4086 1807 4167; baseline -0.004 -16"><span class='ocrx_word' id='word_1_523' title='bbox 237 4108 349 4153; x_wconf 86' lang='lat' dir='ltr'><strong>tem</strong></span> <span class='ocrx_word' id='word_1_524' title='bbox 377 4105 507 4153; x_wconf 85' lang='lat' dir='ltr'><strong>sunt</strong></span> <span class='ocrx_word' id='word_1_525' title='bbox 546 4095 623 4167; x_wconf 74' lang='lat' dir='ltr'><strong>(rt)</strong></span> <span class='ocrx_word' id='word_1_526' title='bbox 652 4113 666 4151; x_wconf 92' lang='lat'><strong>:</strong></span> <span class='ocrx_word' id='word_1_527' title='bbox 699 4093 852 4158; x_wconf 70' lang='grc' dir='ltr'><strong>Τέως</strong></span> <span class='ocrx_word' id='word_1_528' title='bbox 892 4092 991 4164; x_wconf 84' lang='grc' dir='ltr'><strong>μὲν</strong></span> <span class='ocrx_word' id='word_1_529' title='bbox 1026 4086 1121 4147; x_wconf 80' lang='grc' dir='ltr'><strong>οὗν</strong></span> <span class='ocrx_word' id='word_1_530' title='bbox 1162 4094 1191 4147; x_wconf 82' lang='grc' dir='ltr'>ὁ</span> <span class='ocrx_word' id='word_1_531' title='bbox 1240 4090 1503 4164; x_wconf 84' lang='grc' dir='ltr'><strong>κριτικῶς</strong></span> <span class='ocrx_word' id='word_1_532' title='bbox 1522 4091 1629 4146; x_wconf 80' lang='grc' dir='ltr'><strong>τῶν</strong></span> <span class='ocrx_word' id='word_1_533' title='bbox 1651 4093 1807 4161; x_wconf 74' lang='grc' dir='ltr'><strong>λεγο-</strong></span> 
     </span>
    </p>
   </div>
   <div class='ocr_carea' id='block_1_68' title="bbox 235 4182 1806 4259">
    <p class='ocr_par' dir='ltr' id='par_1_68' title="bbox 235 4182 1806 4259">
     <span class='ocr_line' id='line_1_68' title="bbox 235 4182 1806 4259; baseline -0.002 -18"><span class='ocrx_word' id='word_1_534' title='bbox 235 4188 416 4259; x_wconf 71' lang='grc' dir='ltr'><strong>μένων</strong></span> <span class='ocrx_word' id='word_1_535' title='bbox 440 4186 673 4253; x_wconf 80' lang='grc' dir='ltr'><strong>ἀκούων,</strong></span> <span class='ocrx_word' id='word_1_536' title='bbox 701 4187 892 4241; x_wconf 78' lang='grc' dir='ltr'><strong>τούτου</strong></span> <span class='ocrx_word' id='word_1_537' title='bbox 927 4182 1240 4258; x_wconf 68' lang='grc' dir='ltr'><strong>μεμνήσθω,</strong></span> <span class='ocrx_word' id='word_1_538' title='bbox 1268 4185 1351 4239; x_wconf 77' lang='grc' dir='ltr'><strong>ὅτι</strong></span> <span class='ocrx_word' id='word_1_539' title='bbox 1386 4184 1486 4258; x_wconf 80' lang='grc' dir='ltr'><strong>τὴν</strong></span> <span class='ocrx_word' id='word_1_540' title='bbox 1532 4183 1806 4257; x_wconf 78' lang='grc' dir='ltr'><strong>γεννηθεί-</strong></span> 
     </span>
    </p>
   </div>
   <div class='ocr_carea' id='block_1_69' title="bbox 235 4278 1807 4352">
    <p class='ocr_par' dir='ltr' id='par_1_69' title="bbox 235 4278 1807 4352">
     <span class='ocr_line' id='line_1_69' title="bbox 235 4278 1807 4352; baseline -0.001 -19"><span class='ocrx_word' id='word_1_541' title='bbox 235 4295 335 4333; x_wconf 89' lang='grc' dir='ltr'><strong>σαν</strong></span> <span class='ocrx_word' id='word_1_542' title='bbox 362 4278 625 4347; x_wconf 51' lang='lat' dir='ltr'><strong>Miranti);</strong></span> <span class='ocrx_word' id='word_1_543' title='bbox 656 4280 850 4352; x_wconf 75' lang='grc' dir='ltr'><strong>μηκέτι</strong></span> <span class='ocrx_word' id='word_1_544' title='bbox 890 4283 1027 4352; x_wconf 77' lang='grc' dir='ltr'><strong>μήτε</strong></span> <span class='ocrx_word' id='word_1_545' title='bbox 1047 4279 1145 4350; x_wconf 74' lang='grc' dir='ltr'><strong>τὴν</strong></span> <span class='ocrx_word' id='word_1_546' title='bbox 1180 4280 1523 4349; x_wconf 78' lang='grc' dir='ltr'><strong>ἀγεννησίαν,</strong></span> <span class='ocrx_word' id='word_1_547' title='bbox 1544 4280 1681 4350; x_wconf 73' lang='grc' dir='ltr'><strong>μήτε</strong></span> <span class='ocrx_word' id='word_1_548' title='bbox 1709 4279 1807 4351; x_wconf 80' lang='grc' dir='ltr'><strong>τὴν</strong></span> 
     </span>
    </p>
   </div>
   <div class='ocr_carea' id='block_1_70' title="bbox 232 4370 1809 4444">
    <p class='ocr_par' dir='ltr' id='par_1_70' title="bbox 232 4370 1809 4444">
     <span class='ocr_line' id='line_1_70' title="bbox 232 4370 1809 4444; baseline -0.001 -18"><span class='ocrx_word' id='word_1_549' title='bbox 232 4372 489 4442; x_wconf 75' lang='grc' dir='ltr'><strong>γέννησιν</strong></span> <span class='ocrx_word' id='word_1_550' title='bbox 548 4372 664 4425; x_wconf 82' lang='grc' dir='ltr'><strong>ἀντ’</strong></span> <span class='ocrx_word' id='word_1_551' title='bbox 714 4372 901 4436; x_wconf 77' lang='grc' dir='ltr'><strong>οὐσίας</strong></span> <span class='ocrx_word' id='word_1_552' title='bbox 946 4370 1487 4444; x_wconf 78' lang='grc' dir='ltr'><strong>παραλαμϐάνεσθαι,</strong></span> <span class='ocrx_word' id='word_1_553' title='bbox 1542 4371 1655 4424; x_wconf 77' lang='grc' dir='ltr'><strong>ἀλλ’</strong></span> <span class='ocrx_word' id='word_1_554' title='bbox 1702 4371 1809 4442; x_wconf 72' lang='grc' dir='ltr'><strong>ἰδίᾳ</strong></span> 
     </span>
    </p>
   </div>
   <div class='ocr_carea' id='block_1_71' title="bbox 234 4458 1808 4534">
    <p class='ocr_par' dir='ltr' id='par_1_71' title="bbox 234 4458 1808 4534">
     <span class='ocr_line' id='line_1_71' title="bbox 234 4458 1808 4534; baseline -0.001 -19"><span class='ocrx_word' id='word_1_555' title='bbox 234 4464 339 4534; x_wconf 78' lang='grc' dir='ltr'><strong>μὶν</strong></span> <span class='ocrx_word' id='word_1_556' title='bbox 369 4462 470 4533; x_wconf 76' lang='grc' dir='ltr'><strong>τὴν</strong></span> <span class='ocrx_word' id='word_1_557' title='bbox 490 4459 676 4514; x_wconf 83' lang='grc' dir='ltr'><strong>οὐσίαν</strong></span> <span class='ocrx_word' id='word_1_558' title='bbox 698 4458 1239 4533; x_wconf 76' lang='grc' dir='ltr'><strong>παραλαμϐάνεσθαι,</strong></span> <span class='ocrx_word' id='word_1_559' title='bbox 1275 4458 1382 4531; x_wconf 76' lang='grc' dir='ltr'><strong>ίδὶᾳ</strong></span> <span class='ocrx_word' id='word_1_560' title='bbox 1424 4459 1483 4514; x_wconf 73' lang='grc' dir='ltr'><strong>δὶ</strong></span> <span class='ocrx_word' id='word_1_561' title='bbox 1528 4460 1592 4513; x_wconf 79' lang='grc' dir='ltr'><strong>τὸ</strong></span> <span class='ocrx_word' id='word_1_562' title='bbox 1615 4475 1808 4531; x_wconf 85' lang='grc' dir='ltr'><strong>γεννη-</strong></span> 
     </span>
    </p>
   </div>
   <div class='ocr_carea' id='block_1_72' title="bbox 1911 3096 3478 3169">
    <p class='ocr_par' dir='ltr' id='par_1_72' title="bbox 1911 3096 3478 3169">
     <span class='ocr_line' id='line_1_72' title="bbox 1911 3096 3478 3169; baseline 0.001 -18"><span class='ocrx_word' id='word_1_563' title='bbox 1911 3099 2094 3152; x_wconf 86' lang='lat' dir='ltr'><strong>omnia</strong></span> <span class='ocrx_word' id='word_1_564' title='bbox 2136 3097 2189 3152; x_wconf 94' lang='lat' dir='ltr'><strong>iu</strong></span> <span class='ocrx_word' id='word_1_565' title='bbox 2214 3098 2390 3167; x_wconf 92' lang='lat' dir='ltr'><strong>primo</strong></span> <span class='ocrx_word' id='word_1_566' title='bbox 2412 3096 2660 3154; x_wconf 77' lang='lat' dir='ltr'><strong>Eunomii</strong></span> <span class='ocrx_word' id='word_1_567' title='bbox 2688 3098 2868 3153; x_wconf 89' lang='lat' dir='ltr'><strong>libello</strong></span> <span class='ocrx_word' id='word_1_568' title='bbox 2895 3114 3001 3154; x_wconf 91' lang='lat' dir='ltr'><strong>non</strong></span> <span class='ocrx_word' id='word_1_569' title='bbox 3034 3099 3161 3169; x_wconf 89' lang='lat' dir='ltr'><strong>legi.</strong></span> <span class='ocrx_word' id='word_1_570' title='bbox 3195 3097 3478 3169; x_wconf 79' lang='lat' dir='ltr'><strong>Reliquum</strong></span> 
     </span>
    </p>
   </div>
   <div class='ocr_carea' id='block_1_73' title="bbox 1916 3187 3475 3263">
    <p class='ocr_par' dir='ltr' id='par_1_73' title="bbox 1916 3187 3475 3263">
     <span class='ocr_line' id='line_1_73' title="bbox 1916 3187 3475 3263; baseline 0.005 -23"><span class='ocrx_word' id='word_1_571' title='bbox 1916 3197 1999 3242; x_wconf 86' lang='lat' dir='ltr'><strong>est</strong></span> <span class='ocrx_word' id='word_1_572' title='bbox 2036 3189 2201 3258; x_wconf 87' lang='lat' dir='ltr'><strong>igitur</strong></span> <span class='ocrx_word' id='word_1_573' title='bbox 2232 3198 2291 3242; x_wconf 94' lang='lat' dir='ltr'><strong>ut</strong></span> <span class='ocrx_word' id='word_1_574' title='bbox 2347 3198 2427 3244; x_wconf 90' lang='lat' dir='ltr'><strong>tot</strong></span> <span class='ocrx_word' id='word_1_575' title='bbox 2483 3187 2890 3260; x_wconf 87' lang='lat' dir='ltr'><strong>Scripturarum</strong></span> <span class='ocrx_word' id='word_1_576' title='bbox 2920 3192 3252 3258; x_wconf 87' lang='lat' dir='ltr'><strong>testimonia,</strong></span> <span class='ocrx_word' id='word_1_577' title='bbox 3274 3207 3395 3263; x_wconf 73' lang='lat' dir='ltr'><strong>qnte</strong></span> <span class='ocrx_word' id='word_1_578' title='bbox 3423 3194 3475 3248; x_wconf 88' lang='lat' dir='ltr'><strong>in</strong></span> 
     </span>
    </p>
   </div>
   <div class='ocr_carea' id='block_1_74' title="bbox 1915 3275 3479 3353">
    <p class='ocr_par' dir='ltr' id='par_1_74' title="bbox 1915 3275 3479 3353">
     <span class='ocr_line' id='line_1_74' title="bbox 1915 3275 3479 3353; baseline 0.004 -22"><span class='ocrx_word' id='word_1_579' title='bbox 1915 3275 2068 3333; x_wconf 88' lang='lat' dir='ltr'><strong>libris</strong></span> <span class='ocrx_word' id='word_1_580' title='bbox 2097 3288 2299 3347; x_wconf 89' lang='lat' dir='ltr'><strong>quarto</strong></span> <span class='ocrx_word' id='word_1_581' title='bbox 2328 3289 2385 3333; x_wconf 91' lang='lat' dir='ltr'><strong>et</strong></span> <span class='ocrx_word' id='word_1_582' title='bbox 2416 3280 2605 3350; x_wconf 88' lang='lat' dir='ltr'><strong>quinto</strong></span> <span class='ocrx_word' id='word_1_583' title='bbox 2635 3291 2822 3337; x_wconf 77' lang='lat' dir='ltr'><strong>contra</strong></span> <span class='ocrx_word' id='word_1_584' title='bbox 2855 3280 3180 3337; x_wconf 76' lang='lat' dir='ltr'><strong>Eunomiaut</strong></span> <span class='ocrx_word' id='word_1_585' title='bbox 3205 3286 3479 3353; x_wconf 80' lang='lat' dir='ltr'><strong>explicau-</strong></span> 
     </span>
    </p>
   </div>
   <div class='ocr_carea' id='block_1_75' title="bbox 1911 3370 3479 3450">
    <p class='ocr_par' dir='ltr' id='par_1_75' title="bbox 1911 3370 3479 3450">
     <span class='ocr_line' id='line_1_75' title="bbox 1911 3370 3479 3450; baseline 0.004 -28"><span class='ocrx_word' id='word_1_586' title='bbox 1911 3377 2019 3435; x_wconf 92' lang='lat' dir='ltr'><strong>tur,</strong></span> <span class='ocrx_word' id='word_1_587' title='bbox 2052 3370 2259 3441; x_wconf 88' lang='lat' dir='ltr'><strong>prolata</strong></span> <span class='ocrx_word' id='word_1_588' title='bbox 2293 3371 2404 3428; x_wconf 89' lang='lat' dir='ltr'><strong>sint</strong></span> <span class='ocrx_word' id='word_1_589' title='bbox 2448 3371 2517 3426; x_wconf 92' lang='lat' dir='ltr'><strong>ab</strong></span> <span class='ocrx_word' id='word_1_590' title='bbox 2565 3372 2830 3429; x_wconf 85' lang='lat' dir='ltr'><strong>Eunomio</strong></span> <span class='ocrx_word' id='word_1_591' title='bbox 2856 3387 2962 3450; x_wconf 88' lang='lat' dir='ltr'><strong>non</strong></span> <span class='ocrx_word' id='word_1_592' title='bbox 2994 3375 3047 3429; x_wconf 93' lang='lat' dir='ltr'><strong>in</strong></span> <span class='ocrx_word' id='word_1_593' title='bbox 3079 3375 3253 3444; x_wconf 86' lang='lat' dir='ltr'><strong>primo</strong></span> <span class='ocrx_word' id='word_1_594' title='bbox 3283 3388 3383 3430; x_wconf 90' lang='lat' dir='ltr'><strong>suo</strong></span> <span class='ocrx_word' id='word_1_595' title='bbox 3411 3374 3479 3431; x_wconf 87' lang='lat' dir='ltr'><strong>li-</strong></span> 
     </span>
    </p>
   </div>
   <div class='ocr_carea' id='block_1_76' title="bbox 1912 3461 3475 3533">
    <p class='ocr_par' dir='ltr' id='par_1_76' title="bbox 1912 3461 3475 3533">
     <span class='ocr_line' id='line_1_76' title="bbox 1912 3461 3475 3533; baseline 0.004 -19"><span class='ocrx_word' id='word_1_596' title='bbox 1912 3461 2068 3530; x_wconf 90' lang='lat' dir='ltr'><strong>bello,</strong></span> <span class='ocrx_word' id='word_1_597' title='bbox 2109 3462 2161 3517; x_wconf 92' lang='lat' dir='ltr'><strong>in</strong></span> <span class='ocrx_word' id='word_1_598' title='bbox 2223 3477 2332 3532; x_wconf 89' lang='lat' dir='ltr'><strong>quo</strong></span> <span class='ocrx_word' id='word_1_599' title='bbox 2383 3478 2491 3519; x_wconf 89' lang='lat' dir='ltr'><strong>non</strong></span> <span class='ocrx_word' id='word_1_600' title='bbox 2540 3465 2926 3533; x_wconf 82' lang='lat' dir='ltr'><strong>inveniuntur,</strong></span> <span class='ocrx_word' id='word_1_601' title='bbox 2966 3465 3060 3521; x_wconf 90' lang='lat' dir='ltr'><strong>sed</strong></span> <span class='ocrx_word' id='word_1_602' title='bbox 3118 3466 3171 3520; x_wconf 92' lang='lat' dir='ltr'><strong>in</strong></span> <span class='ocrx_word' id='word_1_603' title='bbox 3218 3467 3475 3527; x_wconf 78' lang='lat' dir='ltr'><strong>secundo.</strong></span> 
     </span>
    </p>
   </div>
   <div class='ocr_carea' id='block_1_77' title="bbox 1909 3554 3475 3627">
    <p class='ocr_par' dir='ltr' id='par_1_77' title="bbox 1909 3554 3475 3627">
     <span class='ocr_line' id='line_1_77' title="bbox 1909 3554 3475 3627; baseline 0.004 -21"><span class='ocrx_word' id='word_1_604' title='bbox 1909 3566 2068 3621; x_wconf 90' lang='lat' dir='ltr'><strong>quem</strong></span> <span class='ocrx_word' id='word_1_605' title='bbox 2107 3562 2258 3610; x_wconf 88' lang='lat' dir='ltr'><strong>certe</strong></span> <span class='ocrx_word' id='word_1_606' title='bbox 2294 3554 2527 3611; x_wconf 85' lang='lat' dir='ltr'><strong>Basilius</strong></span> <span class='ocrx_word' id='word_1_607' title='bbox 2577 3557 2860 3613; x_wconf 82' lang='lat' dir='ltr'><strong>confutare</strong></span> <span class='ocrx_word' id='word_1_608' title='bbox 2925 3573 3029 3613; x_wconf 94' lang='lat' dir='ltr'><strong>non</strong></span> <span class='ocrx_word' id='word_1_609' title='bbox 3092 3558 3289 3627; x_wconf 89' lang='lat' dir='ltr'><strong>potuit,</strong></span> <span class='ocrx_word' id='word_1_610' title='bbox 3351 3571 3475 3612; x_wconf 86' lang='lat' dir='ltr'><strong>cum</strong></span> 
     </span>
    </p>
   </div>
   <div class='ocr_carea' id='block_1_78' title="bbox 1910 3648 3474 3720">
    <p class='ocr_par' dir='ltr' id='par_1_78' title="bbox 1910 3648 3474 3720">
     <span class='ocr_line' id='line_1_78' title="bbox 1910 3648 3474 3720; baseline 0.001 -21"><span class='ocrx_word' id='word_1_611' title='bbox 1910 3656 2035 3701; x_wconf 85' lang='lat' dir='ltr'><strong>ante</strong></span> <span class='ocrx_word' id='word_1_612' title='bbox 2061 3654 2309 3701; x_wconf 89' lang='lat' dir='ltr'><strong>mortuus</strong></span> <span class='ocrx_word' id='word_1_613' title='bbox 2330 3655 2497 3714; x_wconf 88' lang='lat' dir='ltr'><strong>esset,</strong></span> <span class='ocrx_word' id='word_1_614' title='bbox 2521 3662 2684 3716; x_wconf 86' lang='lat' dir='ltr'><strong>quam</strong></span> <span class='ocrx_word' id='word_1_615' title='bbox 2717 3649 2985 3703; x_wconf 87' lang='lat' dir='ltr'><strong>secundus</strong></span> <span class='ocrx_word' id='word_1_616' title='bbox 3015 3649 3109 3704; x_wconf 89' lang='lat' dir='ltr'><strong>ille</strong></span> <span class='ocrx_word' id='word_1_617' title='bbox 3134 3648 3350 3705; x_wconf 89' lang='lat' dir='ltr'><strong>libellus</strong></span> <span class='ocrx_word' id='word_1_618' title='bbox 3374 3663 3474 3720; x_wconf 86' lang='lat' dir='ltr'><strong>pn-</strong></span> 
     </span>
    </p>
   </div>
   <div class='ocr_carea' id='block_1_79' title="bbox 1910 3735 3474 3812">
    <p class='ocr_par' dir='ltr' id='par_1_79' title="bbox 1910 3735 3474 3812">
     <span class='ocr_line' id='line_1_79' title="bbox 1910 3735 3474 3812; baseline 0.001 -21"><span class='ocrx_word' id='word_1_619' title='bbox 1910 3736 2108 3791; x_wconf 87' lang='lat' dir='ltr'><strong>blicum</strong></span> <span class='ocrx_word' id='word_1_620' title='bbox 2159 3736 2482 3812; x_wconf 82' lang='lat' dir='ltr'><strong>accepisset.</strong></span> <span class='ocrx_word' id='word_1_621' title='bbox 2518 3735 2587 3792; x_wconf 85' lang='lat' dir='ltr'><strong>Et</strong></span> <span class='ocrx_word' id='word_1_622' title='bbox 2616 3746 2676 3790; x_wconf 89' lang='lat' dir='ltr'><strong>ut</strong></span> <span class='ocrx_word' id='word_1_623' title='bbox 2708 3736 2883 3807; x_wconf 89' lang='lat' dir='ltr'><strong>magis</strong></span> <span class='ocrx_word' id='word_1_624' title='bbox 2935 3737 3285 3793; x_wconf 78' lang='lat' dir='ltr'><strong>conﬁrmetur</strong></span> <span class='ocrx_word' id='word_1_625' title='bbox 3331 3741 3474 3809; x_wconf 87' lang='lat' dir='ltr'><strong>quod</strong></span> 
     </span>
    </p>
   </div>
   <div class='ocr_carea' id='block_1_80' title="bbox 1910 3827 3476 3901">
    <p class='ocr_par' dir='ltr' id='par_1_80' title="bbox 1910 3827 3476 3901">
     <span class='ocr_line' id='line_1_80' title="bbox 1910 3827 3476 3901; baseline 0.004 -23"><span class='ocrx_word' id='word_1_626' title='bbox 1910 3827 2044 3894; x_wconf 86' lang='lat' dir='ltr'><strong>dixi,</strong></span> <span class='ocrx_word' id='word_1_627' title='bbox 2083 3828 2242 3884; x_wconf 84' lang='lat' dir='ltr'><strong>velim</strong></span> <span class='ocrx_word' id='word_1_628' title='bbox 2287 3828 2575 3901; x_wconf 87' lang='lat' dir='ltr'><strong>diligenter</strong></span> <span class='ocrx_word' id='word_1_629' title='bbox 2605 3827 2858 3900; x_wconf 87' lang='lat' dir='ltr'><strong>legantur</strong></span> <span class='ocrx_word' id='word_1_630' title='bbox 2886 3844 3006 3899; x_wconf 80' lang='lat' dir='ltr'><strong>quae</strong></span> <span class='ocrx_word' id='word_1_631' title='bbox 3043 3830 3095 3884; x_wconf 89' lang='lat' dir='ltr'><strong>in</strong></span> <span class='ocrx_word' id='word_1_632' title='bbox 3120 3830 3259 3885; x_wconf 89' lang='lat' dir='ltr'><strong>libro</strong></span> <span class='ocrx_word' id='word_1_633' title='bbox 3280 3841 3476 3900; x_wconf 88' lang='lat' dir='ltr'><strong>quarto</strong></span> 
     </span>
    </p>
   </div>
   <div class='ocr_carea' id='block_1_81' title="bbox 1910 3915 3474 3988">
    <p class='ocr_par' dir='ltr' id='par_1_81' title="bbox 1910 3915 3474 3988">
     <span class='ocr_line' id='line_1_81' title="bbox 1910 3915 3474 3988; baseline -0.001 -18"><span class='ocrx_word' id='word_1_634' title='bbox 1910 3916 2111 3986; x_wconf 90' lang='lat' dir='ltr'><strong>scripta</strong></span> <span class='ocrx_word' id='word_1_635' title='bbox 2149 3926 2297 3987; x_wconf 88' lang='lat' dir='ltr'><strong>sunt,</strong></span> <span class='ocrx_word' id='word_1_636' title='bbox 2314 3932 2434 3988; x_wconf 81' lang='lat' dir='ltr'><strong>pag.</strong></span> <span class='ocrx_word' id='word_1_637' title='bbox 2463 3915 2590 3981; x_wconf 74' lang='lat' dir='ltr'><strong>29l,</strong></span> <span class='ocrx_word' id='word_1_638' title='bbox 2621 3917 2709 3973; x_wconf 89' lang='lat' dir='ltr'><strong>ubi</strong></span> <span class='ocrx_word' id='word_1_639' title='bbox 2754 3918 2873 3987; x_wconf 88' lang='lat' dir='ltr'><strong>ejus</strong></span> <span class='ocrx_word' id='word_1_640' title='bbox 2906 3917 3029 3973; x_wconf 89' lang='lat' dir='ltr'><strong>libri</strong></span> <span class='ocrx_word' id='word_1_641' title='bbox 3069 3926 3258 3972; x_wconf 85' lang='lat' dir='ltr'><strong>auctor</strong></span> <span class='ocrx_word' id='word_1_642' title='bbox 3308 3915 3474 3987; x_wconf 74' lang='lat' dir='ltr'><strong>expli-</strong></span> 
     </span>
    </p>
   </div>
   <div class='ocr_carea' id='block_1_82' title="bbox 1908 4005 3472 4077">
    <p class='ocr_par' dir='ltr' id='par_1_82' title="bbox 1908 4005 3472 4077">
     <span class='ocr_line' id='line_1_82' title="bbox 1908 4005 3472 4077; baseline -0.001 -14"><span class='ocrx_word' id='word_1_643' title='bbox 1908 4014 1996 4063; x_wconf 87' lang='lat' dir='ltr'><strong>cat</strong></span> <span class='ocrx_word' id='word_1_644' title='bbox 2022 4007 2150 4065; x_wconf 90' lang='lat' dir='ltr'><strong>lllud</strong></span> <span class='ocrx_word' id='word_1_645' title='bbox 2175 4007 2362 4077; x_wconf 72' lang='lat' dir='ltr'><strong>Marci,</strong></span> <span class='ocrx_word' id='word_1_646' title='bbox 2386 4007 2582 4064; x_wconf 76' lang='lat' dir='ltr'><strong>Nullus</strong></span> <span class='ocrx_word' id='word_1_647' title='bbox 2611 4010 2774 4063; x_wconf 79' lang='lat' dir='ltr'><strong>bonus</strong></span> <span class='ocrx_word' id='word_1_648' title='bbox 2796 4010 2899 4062; x_wconf 78' lang='lat' dir='ltr'><strong>nisi</strong></span> <span class='ocrx_word' id='word_1_649' title='bbox 2935 4024 3071 4063; x_wconf 78' lang='lat' dir='ltr'><strong>unus</strong></span> <span class='ocrx_word' id='word_1_650' title='bbox 3096 4006 3239 4062; x_wconf 73' lang='lat' dir='ltr'><strong>Deus</strong></span> <span class='ocrx_word' id='word_1_651' title='bbox 3260 4005 3325 4061; x_wconf 81' lang='grc'><strong>⁸⁸.</strong></span> <span class='ocrx_word' id='word_1_652' title='bbox 3354 4005 3472 4064; x_wconf 78' lang='lat' dir='ltr'><strong>Jam</strong></span> 
     </span>
    </p>
   </div>
   <div class='ocr_carea' id='block_1_83' title="bbox 1910 4096 3471 4170">
    <p class='ocr_par' dir='ltr' id='par_1_83' title="bbox 1910 4096 3471 4170">
     <span class='ocr_line' id='line_1_83' title="bbox 1910 4096 3471 4170; baseline -0.001 -16"><span class='ocrx_word' id='word_1_653' title='bbox 1910 4112 2151 4169; x_wconf 69' lang='lat' dir='ltr'><strong>quaeram</strong></span> <span class='ocrx_word' id='word_1_654' title='bbox 2178 4099 2245 4155; x_wconf 91' lang='lat' dir='ltr'><strong>ad</strong></span> <span class='ocrx_word' id='word_1_655' title='bbox 2275 4113 2434 4170; x_wconf 90' lang='lat' dir='ltr'><strong>quem</strong></span> <span class='ocrx_word' id='word_1_656' title='bbox 2469 4097 2721 4153; x_wconf 81' lang='lat' dir='ltr'><strong>Eunomii</strong></span> <span class='ocrx_word' id='word_1_657' title='bbox 2749 4096 2949 4151; x_wconf 87' lang='lat' dir='ltr'><strong>librum</strong></span> <span class='ocrx_word' id='word_1_658' title='bbox 2996 4096 3291 4168; x_wconf 78' lang='lat' dir='ltr'><strong>respexerit</strong></span> <span class='ocrx_word' id='word_1_659' title='bbox 3332 4097 3471 4153; x_wconf 88' lang='lat' dir='ltr'><strong>scri-</strong></span> 
     </span>
    </p>
   </div>
   <div class='ocr_carea' id='block_1_84' title="bbox 1914 4185 3469 4261">
    <p class='ocr_par' dir='ltr' id='par_1_84' title="bbox 1914 4185 3469 4261">
     <span class='ocr_line' id='line_1_84' title="bbox 1914 4185 3469 4261; baseline -0.003 -15"><span class='ocrx_word' id='word_1_660' title='bbox 1914 4200 2056 4261; x_wconf 85' lang='lat' dir='ltr'><strong>ptor,</strong></span> <span class='ocrx_word' id='word_1_661' title='bbox 2092 4206 2216 4247; x_wconf 91' lang='lat' dir='ltr'><strong>cum</strong></span> <span class='ocrx_word' id='word_1_662' title='bbox 2261 4205 2325 4246; x_wconf 89' lang='lat' dir='ltr'><strong>ea</strong></span> <span class='ocrx_word' id='word_1_663' title='bbox 2378 4202 2499 4260; x_wconf 71' lang='lat' dir='ltr'><strong>qum</strong></span> <span class='ocrx_word' id='word_1_664' title='bbox 2527 4188 2683 4243; x_wconf 90' lang='lat' dir='ltr'><strong>retuli</strong></span> <span class='ocrx_word' id='word_1_665' title='bbox 2729 4185 2895 4244; x_wconf 75' lang='lat' dir='ltr'><strong>Marci</strong></span> <span class='ocrx_word' id='word_1_666' title='bbox 2924 4188 3087 4245; x_wconf 78' lang='lat' dir='ltr'><strong>verba</strong></span> <span class='ocrx_word' id='word_1_667' title='bbox 3132 4187 3469 4258; x_wconf 77' lang='lat' dir='ltr'><strong>explanaret.</strong></span> 
     </span>
    </p>
   </div>
   <div class='ocr_carea' id='block_1_85' title="bbox 1908 4278 3475 4353">
    <p class='ocr_par' dir='ltr' id='par_1_85' title="bbox 1908 4278 3475 4353">
     <span class='ocr_line' id='line_1_85' title="bbox 1908 4278 3475 4353; baseline -0.001 -15"><span class='ocrx_word' id='word_1_668' title='bbox 1908 4283 2233 4352; x_wconf 79' lang='lat' dir='ltr'><strong>Respexltue</strong></span> <span class='ocrx_word' id='word_1_669' title='bbox 2260 4281 2328 4337; x_wconf 91' lang='lat' dir='ltr'><strong>ad</strong></span> <span class='ocrx_word' id='word_1_670' title='bbox 2353 4281 2611 4353; x_wconf 90' lang='lat' dir='ltr'><strong>primum,</strong></span> <span class='ocrx_word' id='word_1_671' title='bbox 2637 4293 2706 4335; x_wconf 92' lang='lat' dir='ltr'><strong>au</strong></span> <span class='ocrx_word' id='word_1_672' title='bbox 2756 4280 2823 4336; x_wconf 86' lang='lat' dir='ltr'><strong>ad</strong></span> <span class='ocrx_word' id='word_1_673' title='bbox 2871 4279 3205 4336; x_wconf 82' lang='lat' dir='ltr'><strong>secundum?</strong></span> <span class='ocrx_word' id='word_1_674' title='bbox 3250 4278 3475 4336; x_wconf 88' lang='lat' dir='ltr'><strong>Constat</strong></span> 
     </span>
    </p>
   </div>
   <div class='ocr_carea' id='block_1_86' title="bbox 1905 4367 3472 4441">
    <p class='ocr_par' dir='ltr' id='par_1_86' title="bbox 1905 4367 3472 4441">
     <span class='ocr_line' id='line_1_86' title="bbox 1905 4367 3472 4441; baseline -0.001 -16"><span class='ocrx_word' id='word_1_675' title='bbox 1905 4378 2054 4426; x_wconf 86' lang='lat' dir='ltr'><strong>certe</strong></span> <span class='ocrx_word' id='word_1_676' title='bbox 2088 4370 2156 4424; x_wconf 89' lang='lat' dir='ltr'><strong>ad</strong></span> <span class='ocrx_word' id='word_1_677' title='bbox 2178 4369 2408 4441; x_wconf 90' lang='lat' dir='ltr'><strong>primum</strong></span> <span class='ocrx_word' id='word_1_678' title='bbox 2437 4369 2705 4438; x_wconf 86' lang='lat' dir='ltr'><strong>respicere</strong></span> <span class='ocrx_word' id='word_1_679' title='bbox 2740 4382 2844 4425; x_wconf 94' lang='lat' dir='ltr'><strong>non</strong></span> <span class='ocrx_word' id='word_1_680' title='bbox 2877 4370 3136 4439; x_wconf 88' lang='lat' dir='ltr'><strong>potuisse,</strong></span> <span class='ocrx_word' id='word_1_681' title='bbox 3167 4381 3291 4423; x_wconf 89' lang='lat' dir='ltr'><strong>cum</strong></span> <span class='ocrx_word' id='word_1_682' title='bbox 3320 4367 3374 4423; x_wconf 93' lang='lat' dir='ltr'><strong>in</strong></span> <span class='ocrx_word' id='word_1_683' title='bbox 3406 4382 3472 4423; x_wconf 91' lang='lat' dir='ltr'><strong>eo</strong></span> 
     </span>
    </p>
   </div>
   <div class='ocr_carea' id='block_1_87' title="bbox 1908 4457 3472 4530">
    <p class='ocr_par' dir='ltr' id='par_1_87' title="bbox 1908 4457 3472 4530">
     <span class='ocr_line' id='line_1_87' title="bbox 1908 4457 3472 4530; baseline 0.001 -16"><span class='ocrx_word' id='word_1_684' title='bbox 1908 4460 2034 4514; x_wconf 88' lang='lat' dir='ltr'><strong>illud</strong></span> <span class='ocrx_word' id='word_1_685' title='bbox 2077 4457 2239 4516; x_wconf 78' lang='lat' dir='ltr'><strong>llarei</strong></span> <span class='ocrx_word' id='word_1_686' title='bbox 2270 4460 2637 4516; x_wconf 86' lang='lat' dir='ltr'><strong>testimonium</strong></span> <span class='ocrx_word' id='word_1_687' title='bbox 2677 4474 2784 4515; x_wconf 91' lang='lat' dir='ltr'><strong>non</strong></span> <span class='ocrx_word' id='word_1_688' title='bbox 2839 4458 3076 4530; x_wconf 81' lang='lat' dir='ltr'><strong>legatur.</strong></span> <span class='ocrx_word' id='word_1_689' title='bbox 3120 4457 3472 4529; x_wconf 86' lang='lat' dir='ltr'><strong>Consequens</strong></span> 
     </span>
    </p>
   </div>
   <div class='ocr_carea' id='block_1_88' title="bbox 234 4547 1806 4633">
    <p class='ocr_par' dir='ltr' id='par_1_88' title="bbox 234 4550 1806 4627">
     <span class='ocr_line' id='line_1_88' title="bbox 234 4550 1806 4627; baseline -0.003 -17"><span class='ocrx_word' id='word_1_690' title='bbox 234 4555 395 4627; x_wconf 84' lang='grc' dir='ltr'><strong>θῆναι</strong></span> <span class='ocrx_word' id='word_1_691' title='bbox 421 4552 613 4625; x_wconf 79' lang='grc' dir='ltr'><strong>αὐτὴν,</strong></span> <span class='ocrx_word' id='word_1_692' title='bbox 636 4552 669 4625; x_wconf 78' lang='grc' dir='ltr'><strong>ἢ</strong></span> <span class='ocrx_word' id='word_1_693' title='bbox 699 4551 773 4625; x_wconf 81' lang='grc' dir='ltr'><strong>μὴ</strong></span> <span class='ocrx_word' id='word_1_694' title='bbox 796 4552 1140 4624; x_wconf 72' lang='grc' dir='ltr'><strong>γεννηθῆναι,</strong></span> <span class='ocrx_word' id='word_1_695' title='bbox 1161 4552 1249 4607; x_wconf 74' lang='grc' dir='ltr'><strong>διὰ</strong></span> <span class='ocrx_word' id='word_1_696' title='bbox 1274 4552 1384 4606; x_wconf 83' lang='grc' dir='ltr'><strong>τῶν</strong></span> <span class='ocrx_word' id='word_1_697' title='bbox 1409 4550 1806 4625; x_wconf 71' lang='grc' dir='ltr'><strong>ἑπιθεωρουμέ-</strong></span> 
     </span>
    </p>
   </div>
   <div class='ocr_carea' id='block_1_89' title="bbox 1908 4547 3471 4633">
    <p class='ocr_par' dir='ltr' id='par_1_89' title="bbox 1908 4547 3471 4622">
     <span class='ocr_line' id='line_1_89' title="bbox 1908 4547 3471 4622; baseline -0.002 -16"><span class='ocrx_word' id='word_1_698' title='bbox 1908 4560 1994 4606; x_wconf 88' lang='lat' dir='ltr'><strong>est</strong></span> <span class='ocrx_word' id='word_1_699' title='bbox 2020 4551 2205 4622; x_wconf 88' lang='lat' dir='ltr'><strong>igitur,</strong></span> <span class='ocrx_word' id='word_1_700' title='bbox 2234 4557 2295 4603; x_wconf 92' lang='lat' dir='ltr'><strong>ut</strong></span> <span class='ocrx_word' id='word_1_701' title='bbox 2323 4548 2623 4621; x_wconf 77' lang='lat' dir='ltr'><strong>respexerit</strong></span> <span class='ocrx_word' id='word_1_702' title='bbox 2643 4549 2710 4604; x_wconf 88' lang='lat' dir='ltr'><strong>ad</strong></span> <span class='ocrx_word' id='word_1_703' title='bbox 2749 4549 3067 4612; x_wconf 89' lang='lat' dir='ltr'><strong>secundum,</strong></span> <span class='ocrx_word' id='word_1_704' title='bbox 3092 4547 3146 4603; x_wconf 90' lang='lat' dir='ltr'><strong>in</strong></span> <span class='ocrx_word' id='word_1_705' title='bbox 3173 4563 3299 4619; x_wconf 91' lang='lat' dir='ltr'><strong>quo,</strong></span> <span class='ocrx_word' id='word_1_706' title='bbox 3332 4557 3471 4604; x_wconf 88' lang='lat' dir='ltr'><strong>teste</strong></span> 
     </span>
    </p>
   </div>
   <div class='ocr_carea' id='block_1_90' title="bbox 233 4642 1804 4717">
    <p class='ocr_par' dir='ltr' id='par_1_90' title="bbox 233 4642 1804 4717">
     <span class='ocr_line' id='line_1_90' title="bbox 233 4642 1804 4717; baseline -0.002 -16"><span class='ocrx_word' id='word_1_707' title='bbox 233 4664 343 4701; x_wconf 81' lang='grc' dir='ltr'><strong>νων</strong></span> <span class='ocrx_word' id='word_1_708' title='bbox 373 4647 511 4717; x_wconf 73' lang='grc' dir='ltr'><strong>αὐτῇ</strong></span> <span class='ocrx_word' id='word_1_709' title='bbox 546 4644 851 4717; x_wconf 79' lang='grc' dir='ltr'><strong>ἰδιωμάτων</strong></span> <span class='ocrx_word' id='word_1_710' title='bbox 883 4642 1283 4699; x_wconf 78' lang='grc' dir='ltr'><strong>κατανοεῖσθαι.</strong></span> <span class='ocrx_word' id='word_1_711' title='bbox 1320 4662 1340 4696; x_wconf 78' lang='grc' dir='ltr'><strong>ι</strong></span> <span class='ocrx_word' id='word_1_712' title='bbox 1381 4643 1457 4698; x_wconf 83' lang='lat' dir='ltr'><strong>Eo</strong></span> <span class='ocrx_word' id='word_1_713' title='bbox 1479 4657 1649 4715; x_wconf 89' lang='lat' dir='ltr'><strong>usque</strong></span> <span class='ocrx_word' id='word_1_714' title='bbox 1682 4642 1804 4713; x_wconf 88' lang='lat' dir='ltr'><strong>qui-</strong></span> 
     </span>
    </p>
   </div>
   <div class='ocr_carea' id='block_1_91' title="bbox 234 4733 1803 4807">
    <p class='ocr_par' dir='ltr' id='par_1_91' title="bbox 234 4733 1803 4807">
     <span class='ocr_line' id='line_1_91' title="bbox 234 4733 1803 4807; baseline 0.001 -17"><span class='ocrx_word' id='word_1_715' title='bbox 234 4740 385 4804; x_wconf 84' lang='lat' dir='ltr'><strong>dem,</strong></span> <span class='ocrx_word' id='word_1_716' title='bbox 405 4739 497 4807; x_wconf 86' lang='lat' dir='ltr'><strong>qui</strong></span> <span class='ocrx_word' id='word_1_717' title='bbox 530 4751 654 4792; x_wconf 86' lang='lat' dir='ltr'><strong>cum</strong></span> <span class='ocrx_word' id='word_1_718' title='bbox 676 4736 884 4804; x_wconf 84' lang='lat' dir='ltr'><strong>judicio</strong></span> <span class='ocrx_word' id='word_1_719' title='bbox 904 4748 969 4791; x_wconf 89' lang='lat' dir='ltr'><strong>ea</strong></span> <span class='ocrx_word' id='word_1_720' title='bbox 1004 4748 1125 4805; x_wconf 68' lang='lat' dir='ltr'><strong>quae</strong></span> <span class='ocrx_word' id='word_1_721' title='bbox 1145 4734 1400 4790; x_wconf 88' lang='lat' dir='ltr'><strong>dicuntur</strong></span> <span class='ocrx_word' id='word_1_722' title='bbox 1446 4736 1617 4802; x_wconf 87' lang='lat' dir='ltr'><strong>audit,</strong></span> <span class='ocrx_word' id='word_1_723' title='bbox 1644 4733 1803 4805; x_wconf 83' lang='lat' dir='ltr'><strong>hujus</strong></span> 
     </span>
    </p>
   </div>
   <div class='ocr_carea' id='block_1_92' title="bbox 235 4822 1798 4897">
    <p class='ocr_par' dir='ltr' id='par_1_92' title="bbox 235 4822 1798 4897">
     <span class='ocr_line' id='line_1_92' title="bbox 235 4822 1798 4897; baseline 0.001 -18"><span class='ocrx_word' id='word_1_724' title='bbox 235 4824 570 4891; x_wconf 89' lang='lat' dir='ltr'><strong>meminerit,</strong></span> <span class='ocrx_word' id='word_1_725' title='bbox 591 4824 737 4895; x_wconf 86' lang='lat' dir='ltr'><strong>quod</strong></span> <span class='ocrx_word' id='word_1_726' title='bbox 776 4823 1013 4897; x_wconf 88' lang='lat' dir='ltr'><strong>genitam</strong></span> <span class='ocrx_word' id='word_1_727' title='bbox 1054 4822 1348 4879; x_wconf 84' lang='lat' dir='ltr'><strong>essentiam</strong></span> <span class='ocrx_word' id='word_1_728' title='bbox 1398 4823 1549 4888; x_wconf 90' lang='lat' dir='ltr'><strong>dicit,</strong></span> <span class='ocrx_word' id='word_1_729' title='bbox 1586 4832 1648 4880; x_wconf 93' lang='lat' dir='ltr'><strong>ut</strong></span> <span class='ocrx_word' id='word_1_730' title='bbox 1691 4840 1798 4881; x_wconf 90' lang='lat' dir='ltr'><strong>non</strong></span> 
     </span>
    </p>
   </div>
   <div class='ocr_carea' id='block_1_93' title="bbox 233 4905 1803 4987">
    <p class='ocr_par' dir='ltr' id='par_1_93' title="bbox 233 4905 1803 4987">
     <span class='ocr_line' id='line_1_93' title="bbox 233 4905 1803 4987; baseline 0.001 -16"><span class='ocrx_word' id='word_1_731' title='bbox 233 4916 476 4987; x_wconf 81' lang='lat' dir='ltr'><strong>amplius</strong></span> <span class='ocrx_word' id='word_1_732' title='bbox 501 4926 747 4971; x_wconf 85' lang='lat' dir='ltr'><strong>naturam</strong></span> <span class='ocrx_word' id='word_1_733' title='bbox 777 4913 1144 4987; x_wconf 87' lang='lat' dir='ltr'><strong>generationis</strong></span> <span class='ocrx_word' id='word_1_734' title='bbox 1177 4905 1477 4986; x_wconf 78' lang='lat' dir='ltr'><strong>expertem,</strong></span> <span class='ocrx_word' id='word_1_735' title='bbox 1503 4928 1679 4985; x_wconf 87' lang='lat' dir='ltr'><strong>neque</strong></span> <span class='ocrx_word' id='word_1_736' title='bbox 1710 4930 1803 4986; x_wconf 84' lang='lat' dir='ltr'><strong>ge-</strong></span> 
     </span>
    </p>
   </div>
   <div class='ocr_carea' id='block_1_94' title="bbox 239 5005 1799 5078">
    <p class='ocr_par' dir='ltr' id='par_1_94' title="bbox 239 5005 1799 5078">
     <span class='ocr_line' id='line_1_94' title="bbox 239 5005 1799 5078; baseline -0.001 -15"><span class='ocrx_word' id='word_1_737' title='bbox 239 5007 579 5065; x_wconf 85' lang='lat' dir='ltr'><strong>nerationem</strong></span> <span class='ocrx_word' id='word_1_738' title='bbox 606 5022 706 5078; x_wconf 91' lang='lat' dir='ltr'><strong>pro</strong></span> <span class='ocrx_word' id='word_1_739' title='bbox 735 5007 850 5077; x_wconf 85' lang='lat' dir='ltr'><strong>ipsa</strong></span> <span class='ocrx_word' id='word_1_740' title='bbox 886 5005 1124 5063; x_wconf 83' lang='lat' dir='ltr'><strong>essentia</strong></span> <span class='ocrx_word' id='word_1_741' title='bbox 1153 5019 1431 5062; x_wconf 89' lang='lat' dir='ltr'><strong>sumamus</strong></span> <span class='ocrx_word' id='word_1_742' title='bbox 1461 5021 1475 5059; x_wconf 90' lang='lat'><strong>:</strong></span> <span class='ocrx_word' id='word_1_743' title='bbox 1510 5005 1606 5061; x_wconf 86' lang='lat' dir='ltr'><strong>sed</strong></span> <span class='ocrx_word' id='word_1_744' title='bbox 1642 5020 1799 5075; x_wconf 67' lang='lat' dir='ltr'><strong>sepao</strong></span> 
     </span>
    </p>
   </div>
   <div class='ocr_carea' id='block_1_95' title="bbox 234 5096 1795 5169">
    <p class='ocr_par' dir='ltr' id='par_1_95' title="bbox 234 5096 1795 5169">
     <span class='ocr_line' id='line_1_95' title="bbox 234 5096 1795 5169; baseline -0.003 -14"><span class='ocrx_word' id='word_1_745' title='bbox 234 5101 398 5155; x_wconf 85' lang='lat' dir='ltr'><strong>ratim</strong></span> <span class='ocrx_word' id='word_1_746' title='bbox 453 5098 668 5169; x_wconf 90' lang='lat' dir='ltr'><strong>quidem</strong></span> <span class='ocrx_word' id='word_1_747' title='bbox 724 5098 1053 5163; x_wconf 86' lang='lat' dir='ltr'><strong>essentiam,</strong></span> <span class='ocrx_word' id='word_1_748' title='bbox 1104 5096 1398 5167; x_wconf 87' lang='lat' dir='ltr'><strong>separatim</strong></span> <span class='ocrx_word' id='word_1_749' title='bbox 1446 5110 1574 5152; x_wconf 80' lang='lat' dir='ltr'><strong>vero</strong></span> <span class='ocrx_word' id='word_1_750' title='bbox 1628 5098 1795 5167; x_wconf 89' lang='lat' dir='ltr'><strong>ipsam</strong></span> 
     </span>
    </p>
   </div>
   <div class='ocr_carea' id='block_1_96' title="bbox 233 5188 1797 5259">
    <p class='ocr_par' dir='ltr' id='par_1_96' title="bbox 233 5188 1797 5259">
     <span class='ocr_line' id='line_1_96' title="bbox 233 5188 1797 5259; baseline -0.001 -13"><span class='ocrx_word' id='word_1_751' title='bbox 233 5192 473 5255; x_wconf 78' lang='lat' dir='ltr'><strong>genitam</strong></span> <span class='ocrx_word' id='word_1_752' title='bbox 522 5201 663 5255; x_wconf 84' lang='lat' dir='ltr'><strong>esse,</strong></span> <span class='ocrx_word' id='word_1_753' title='bbox 691 5188 775 5243; x_wconf 75' lang='lat' dir='ltr'><strong>vel</strong></span> <span class='ocrx_word' id='word_1_754' title='bbox 826 5202 931 5243; x_wconf 91' lang='lat' dir='ltr'><strong>non</strong></span> <span class='ocrx_word' id='word_1_755' title='bbox 977 5189 1249 5259; x_wconf 90' lang='lat' dir='ltr'><strong>genitam,</strong></span> <span class='ocrx_word' id='word_1_756' title='bbox 1292 5201 1389 5258; x_wconf 85' lang='lat' dir='ltr'><strong>per</strong></span> <span class='ocrx_word' id='word_1_757' title='bbox 1442 5189 1797 5257; x_wconf 79' lang='lat' dir='ltr'><strong>prOprietates</strong></span> 
     </span>
    </p>
   </div>
   <div class='ocr_carea' id='block_1_97' title="bbox 233 5278 1794 5350">
    <p class='ocr_par' dir='ltr' id='par_1_97' title="bbox 233 5278 1794 5350">
     <span class='ocr_line' id='line_1_97' title="bbox 233 5278 1794 5350; baseline 0.001 -19"><span class='ocrx_word' id='word_1_758' title='bbox 233 5296 357 5347; x_wconf 70' lang='lat' dir='ltr'><strong>qua</strong></span> <span class='ocrx_word' id='word_1_759' title='bbox 404 5281 461 5337; x_wconf 89' lang='lat' dir='ltr'><strong>in</strong></span> <span class='ocrx_word' id='word_1_760' title='bbox 510 5294 576 5336; x_wconf 87' lang='lat' dir='ltr'><strong>ea</strong></span> <span class='ocrx_word' id='word_1_761' title='bbox 634 5278 1057 5349; x_wconf 87' lang='lat' dir='ltr'><strong>conspiciuntur,</strong></span> <span class='ocrx_word' id='word_1_762' title='bbox 1100 5278 1483 5349; x_wconf 83' lang='lat' dir='ltr'><strong>intelligamus.</strong></span> <span class='ocrx_word' id='word_1_763' title='bbox 1512 5298 1532 5333; x_wconf 77' lang='grc' dir='ltr'><strong>ι</strong></span> <span class='ocrx_word' id='word_1_764' title='bbox 1580 5278 1721 5350; x_wconf 86' lang='lat' dir='ltr'><strong>Ergo</strong></span> <span class='ocrx_word' id='word_1_765' title='bbox 1751 5279 1794 5333; x_wconf 88' lang='lat' dir='ltr'><strong>si</strong></span> 
     </span>
    </p>
   </div>
   <div class='ocr_carea' id='block_1_98' title="bbox 235 5368 1795 5441">
    <p class='ocr_par' dir='ltr' id='par_1_98' title="bbox 235 5368 1795 5441">
     <span class='ocr_line' id='line_1_98' title="bbox 235 5368 1795 5441; baseline -0.002 -13"><span class='ocrx_word' id='word_1_766' title='bbox 235 5370 362 5428; x_wconf 81' lang='lat' dir='ltr'><strong>Filii</strong></span> <span class='ocrx_word' id='word_1_767' title='bbox 388 5370 644 5437; x_wconf 83' lang='lat' dir='ltr'><strong>essentia,</strong></span> <span class='ocrx_word' id='word_1_768' title='bbox 671 5378 731 5425; x_wconf 90' lang='lat' dir='ltr'><strong>ut</strong></span> <span class='ocrx_word' id='word_1_769' title='bbox 757 5370 1019 5427; x_wconf 83' lang='lat' dir='ltr'><strong>Eunomio</strong></span> <span class='ocrx_word' id='word_1_770' title='bbox 1046 5368 1238 5440; x_wconf 89' lang='lat' dir='ltr'><strong>placet,</strong></span> <span class='ocrx_word' id='word_1_771' title='bbox 1260 5369 1365 5424; x_wconf 88' lang='lat' dir='ltr'><strong>diei</strong></span> <span class='ocrx_word' id='word_1_772' title='bbox 1392 5379 1603 5441; x_wconf 86' lang='lat' dir='ltr'><strong>poterat</strong></span> <span class='ocrx_word' id='word_1_773' title='bbox 1629 5368 1795 5425; x_wconf 85' lang='lat' dir='ltr'><strong>indis-</strong></span> 
     </span>
    </p>
   </div>
   <div class='ocr_carea' id='block_1_99' title="bbox 242 5458 1799 5532">
    <p class='ocr_par' dir='ltr' id='par_1_99' title="bbox 242 5458 1799 5532">
     <span class='ocr_line' id='line_1_99' title="bbox 242 5458 1799 5532; baseline -0.004 -15"><span class='ocrx_word' id='word_1_774' title='bbox 242 5463 578 5519; x_wconf 86' lang='lat' dir='ltr'><strong>criminatim</strong></span> <span class='ocrx_word' id='word_1_775' title='bbox 616 5471 712 5518; x_wconf 89' lang='lat' dir='ltr'><strong>aut</strong></span> <span class='ocrx_word' id='word_1_776' title='bbox 739 5461 941 5532; x_wconf 88' lang='lat' dir='ltr'><strong>genita,</strong></span> <span class='ocrx_word' id='word_1_777' title='bbox 990 5468 1084 5516; x_wconf 88' lang='lat' dir='ltr'><strong>aut</strong></span> <span class='ocrx_word' id='word_1_778' title='bbox 1113 5475 1217 5515; x_wconf 91' lang='lat' dir='ltr'><strong>nou</strong></span> <span class='ocrx_word' id='word_1_779' title='bbox 1248 5460 1423 5531; x_wconf 88' lang='lat' dir='ltr'><strong>genita</strong></span> <span class='ocrx_word' id='word_1_780' title='bbox 1447 5499 1464 5526; x_wconf 90' lang='lat'><strong>,</strong></span> <span class='ocrx_word' id='word_1_781' title='bbox 1498 5458 1666 5516; x_wconf 83' lang='lat' dir='ltr'><strong>Filius</strong></span> <span class='ocrx_word' id='word_1_782' title='bbox 1702 5459 1799 5512; x_wconf 82' lang='lat' dir='ltr'><strong>t‘al-</strong></span> 
     </span>
    </p>
   </div>
   <div class='ocr_carea' id='block_1_100' title="bbox 233 5553 1795 5624">
    <p class='ocr_par' dir='ltr' id='par_1_100' title="bbox 233 5553 1795 5624">
     <span class='ocr_line' id='line_1_100' title="bbox 233 5553 1795 5624; baseline -0.003 -12"><span class='ocrx_word' id='word_1_783' title='bbox 233 5572 300 5612; x_wconf 82' lang='lat' dir='ltr'><strong>en</strong></span> <span class='ocrx_word' id='word_1_784' title='bbox 362 5565 568 5612; x_wconf 87' lang='lat' dir='ltr'><strong>tantum</strong></span> <span class='ocrx_word' id='word_1_785' title='bbox 619 5555 837 5613; x_wconf 85' lang='lat' dir='ltr'><strong>nomine</strong></span> <span class='ocrx_word' id='word_1_786' title='bbox 882 5555 1127 5624; x_wconf 88' lang='lat' dir='ltr'><strong>genitura</strong></span> <span class='ocrx_word' id='word_1_787' title='bbox 1196 5553 1265 5607; x_wconf 89' lang='lat' dir='ltr'><strong>ab</strong></span> <span class='ocrx_word' id='word_1_788' title='bbox 1315 5554 1431 5623; x_wconf 87' lang='lat' dir='ltr'><strong>ipso</strong></span> <span class='ocrx_word' id='word_1_789' title='bbox 1484 5553 1795 5608; x_wconf 72' lang='lat' dir='ltr'><strong>vocabatur.</strong></span> 
     </span>
    </p>
   </div>
   <div class='ocr_carea' id='block_1_101' title="bbox 310 5664 1303 5739">
    <p class='ocr_par' dir='ltr' id='par_1_101' title="bbox 310 5664 1303 5739">
     <span class='ocr_line' id='line_1_101' title="bbox 310 5664 1303 5739; baseline -0.004 -13"><span class='ocrx_word' id='word_1_790' title='bbox 310 5664 389 5739; x_wconf 62' lang='lat' dir='ltr'><strong>in)</strong></span> <span class='ocrx_word' id='word_1_791' title='bbox 416 5665 803 5739; x_wconf 39' lang='lat' dir='ltr'><strong>GregLNyss&quot;</strong></span> <span class='ocrx_word' id='word_1_792' title='bbox 827 5677 959 5725; x_wconf 89' lang='lat' dir='ltr'><strong>tom.</strong></span> <span class='ocrx_word' id='word_1_793' title='bbox 986 5666 1050 5732; x_wconf 90' lang='lat' dir='ltr'><strong>ll,</strong></span> <span class='ocrx_word' id='word_1_794' title='bbox 1072 5676 1213 5723; x_wconf 88' lang='lat' dir='ltr'><strong>orat.</strong></span> <span class='ocrx_word' id='word_1_795' title='bbox 1246 5666 1303 5739; x_wconf 67' lang='lat' dir='ltr'><strong>li.</strong></span> 
     </span>
    </p>
   </div>
   <div class='ocr_carea' id='block_1_102' title="bbox 1906 4638 3468 4714">
    <p class='ocr_par' dir='ltr' id='par_1_102' title="bbox 1906 4638 3468 4714">
     <span class='ocr_line' id='line_1_102' title="bbox 1906 4638 3468 4714; baseline -0.003 -17"><span class='ocrx_word' id='word_1_796' title='bbox 1906 4642 2165 4714; x_wconf 80' lang='lat' dir='ltr'><strong>Gregorio</strong></span> <span class='ocrx_word' id='word_1_797' title='bbox 2186 4639 2449 4713; x_wconf 79' lang='lat' dir='ltr'><strong>Nysseno,</strong></span> <span class='ocrx_word' id='word_1_798' title='bbox 2484 4641 2733 4696; x_wconf 89' lang='lat' dir='ltr'><strong>utebatur</strong></span> <span class='ocrx_word' id='word_1_799' title='bbox 2757 4638 3057 4695; x_wconf 79' lang='lat' dir='ltr'><strong>Eunomius</strong></span> <span class='ocrx_word' id='word_1_800' title='bbox 3089 4638 3160 4693; x_wconf 89' lang='lat' dir='ltr'><strong>iis</strong></span> <span class='ocrx_word' id='word_1_801' title='bbox 3205 4652 3326 4709; x_wconf 68' lang='lat' dir='ltr'><strong>quae</strong></span> <span class='ocrx_word' id='word_1_802' title='bbox 3357 4639 3468 4693; x_wconf 83' lang='lat' dir='ltr'><strong>dixi</strong></span> 
     </span>
    </p>
   </div>
   <div class='ocr_carea' id='block_1_103' title="bbox 1908 4730 3465 4807">
    <p class='ocr_par' dir='ltr' id='par_1_103' title="bbox 1908 4730 3465 4807">
     <span class='ocr_line' id='line_1_103' title="bbox 1908 4730 3465 4807; baseline -0.004 -16"><span class='ocrx_word' id='word_1_803' title='bbox 1908 4732 2184 4807; x_wconf 78' lang='lat' dir='ltr'><strong>Evangelii</strong></span> <span class='ocrx_word' id='word_1_804' title='bbox 2226 4732 2411 4790; x_wconf 77' lang='lat' dir='ltr'><strong>verbis</strong></span> <span class='ocrx_word' id='word_1_805' title='bbox 2456 4734 2525 4789; x_wconf 86' lang='lat' dir='ltr'><strong>ad</strong></span> <span class='ocrx_word' id='word_1_806' title='bbox 2548 4747 2702 4790; x_wconf 89' lang='lat' dir='ltr'><strong>suam</strong></span> <span class='ocrx_word' id='word_1_807' title='bbox 2728 4730 3037 4803; x_wconf 88' lang='lat' dir='ltr'><strong>opinionem</strong></span> <span class='ocrx_word' id='word_1_808' title='bbox 3073 4730 3465 4786; x_wconf 87' lang='lat' dir='ltr'><strong>stabiliendam.</strong></span> 
     </span>
    </p>
   </div>
   <div class='ocr_carea' id='block_1_104' title="bbox 1907 4821 3469 4897">
    <p class='ocr_par' dir='ltr' id='par_1_104' title="bbox 1907 4821 3469 4897">
     <span class='ocr_line' id='line_1_104' title="bbox 1907 4821 3469 4897; baseline -0.006 -16"><span class='ocrx_word' id='word_1_809' title='bbox 1907 4825 2203 4882; x_wconf 80' lang='lat' dir='ltr'><strong>Audiamus</strong></span> <span class='ocrx_word' id='word_1_810' title='bbox 2251 4822 2569 4897; x_wconf 84' lang='lat' dir='ltr'><strong>Gregorium</strong></span> <span class='ocrx_word' id='word_1_811' title='bbox 2622 4823 2951 4896; x_wconf 81' lang='lat' dir='ltr'><strong>Nyssenum,</strong></span> <span class='ocrx_word' id='word_1_812' title='bbox 2979 4821 3130 4893; x_wconf 87' lang='lat' dir='ltr'><strong>cujus</strong></span> <span class='ocrx_word' id='word_1_813' title='bbox 3173 4821 3290 4877; x_wconf 72' lang='lat' dir='ltr'><strong>haec</strong></span> <span class='ocrx_word' id='word_1_814' title='bbox 3341 4830 3469 4874; x_wconf 61' lang='lat' dir='ltr'><strong>sunt</strong></span> 
     </span>
    </p>
   </div>
   <div class='ocr_carea' id='block_1_105' title="bbox 1905 4909 3465 4982">
    <p class='ocr_par' dir='ltr' id='par_1_105' title="bbox 1905 4909 3465 4982">
     <span class='ocr_line' id='line_1_105' title="bbox 1905 4909 3465 4982; baseline -0.003 -10"><span class='ocrx_word' id='word_1_815' title='bbox 1905 4918 2046 4973; x_wconf 89' lang='lat' dir='ltr'><strong>libro</strong></span> <span class='ocrx_word' id='word_1_816' title='bbox 2068 4917 2351 4974; x_wconf 88' lang='lat' dir='ltr'><strong>undecimo</strong></span> <span class='ocrx_word' id='word_1_817' title='bbox 2378 4926 2566 4973; x_wconf 83' lang='lat' dir='ltr'><strong>contra</strong></span> <span class='ocrx_word' id='word_1_818' title='bbox 2597 4914 2942 4978; x_wconf 76' lang='lat' dir='ltr'><strong>Enuomim,</strong></span> <span class='ocrx_word' id='word_1_819' title='bbox 2975 4922 3115 4969; x_wconf 89' lang='lat' dir='ltr'><strong>tomo</strong></span> <span class='ocrx_word' id='word_1_820' title='bbox 3139 4912 3202 4979; x_wconf 91' lang='lat' dir='ltr'><strong>ll,</strong></span> <span class='ocrx_word' id='word_1_821' title='bbox 3238 4927 3291 4982; x_wconf 94' lang='lat' dir='ltr'><strong>p.</strong></span> <span class='ocrx_word' id='word_1_822' title='bbox 3312 4909 3417 4966; x_wconf 68' lang='grc' dir='ltr'><strong>ποι</strong></span> <span class='ocrx_word' id='word_1_823' title='bbox 3448 4929 3465 4967; x_wconf 88' lang='lat'><strong>:</strong></span> 
     </span>
    </p>
   </div>
   <div class='ocr_carea' id='block_1_106' title="bbox 1905 5001 3469 5079">
    <p class='ocr_par' dir='ltr' id='par_1_106' title="bbox 1905 5001 3469 5079">
     <span class='ocr_line' id='line_1_106' title="bbox 1905 5001 3469 5079; baseline -0.003 -18"><span class='ocrx_word' id='word_1_824' title='bbox 1905 5006 2112 5063; x_wconf 83' lang='grc' dir='ltr'><strong>Οὐκοῦν</strong></span> <span class='ocrx_word' id='word_1_825' title='bbox 2156 5007 2359 5079; x_wconf 77' lang='grc' dir='ltr'><strong>ἀγαθὸς</strong></span> <span class='ocrx_word' id='word_1_826' title='bbox 2403 5009 2434 5063; x_wconf 82' lang='grc' dir='ltr'><strong>ὁ</strong></span> <span class='ocrx_word' id='word_1_827' title='bbox 2458 5005 2607 5069; x_wconf 84' lang='grc' dir='ltr'><strong>Υίὸς.</strong></span> <span class='ocrx_word' id='word_1_828' title='bbox 2649 5003 2790 5058; x_wconf 82' lang='grc' dir='ltr'><strong>Ἀλλ’</strong></span> <span class='ocrx_word' id='word_1_829' title='bbox 2826 5003 3017 5070; x_wconf 74' lang='grc' dir='ltr'><strong>οὐδεὶς,</strong></span> <span class='ocrx_word' id='word_1_830' title='bbox 3046 5004 3233 5075; x_wconf 69' lang='grc' dir='ltr'><strong>φησιν,</strong></span> <span class='ocrx_word' id='word_1_831' title='bbox 3265 5001 3469 5072; x_wconf 73' lang='grc' dir='ltr'><strong>ἀγαθὸς</strong></span> 
     </span>
    </p>
   </div>
   <div class='ocr_carea' id='block_1_107' title="bbox 1901 5093 3469 5171">
    <p class='ocr_par' dir='ltr' id='par_1_107' title="bbox 1901 5093 3469 5171">
     <span class='ocr_line' id='line_1_107' title="bbox 1901 5093 3469 5171; baseline -0.003 -18"><span class='ocrx_word' id='word_1_832' title='bbox 1901 5100 1951 5153; x_wconf 85' lang='grc' dir='ltr'><strong>εί</strong></span> <span class='ocrx_word' id='word_1_833' title='bbox 1984 5100 2059 5171; x_wconf 77' lang='grc' dir='ltr'><strong>μὴ</strong></span> <span class='ocrx_word' id='word_1_834' title='bbox 2094 5094 2175 5165; x_wconf 77' lang='grc' dir='ltr'><strong>εἷς</strong></span> <span class='ocrx_word' id='word_1_835' title='bbox 2223 5102 2254 5155; x_wconf 85' lang='grc' dir='ltr'>ὁ</span> <span class='ocrx_word' id='word_1_836' title='bbox 2279 5099 2479 5163; x_wconf 78' lang='grc' dir='ltr'><strong>Θεός...</strong></span> <span class='ocrx_word' id='word_1_837' title='bbox 2523 5096 2702 5161; x_wconf 81' lang='grc' dir='ltr'><strong>Ἀλλὰ,</strong></span> <span class='ocrx_word' id='word_1_838' title='bbox 2753 5095 2919 5168; x_wconf 75' lang='grc' dir='ltr'><strong>φησὶ,</strong></span> <span class='ocrx_word' id='word_1_839' title='bbox 2958 5094 3052 5150; x_wconf 77' lang='grc' dir='ltr'><strong>τοῦ</strong></span> <span class='ocrx_word' id='word_1_840' title='bbox 3093 5094 3213 5159; x_wconf 72' lang='grc' dir='ltr'><strong>ἑνὸς</strong></span> <span class='ocrx_word' id='word_1_841' title='bbox 3260 5093 3469 5167; x_wconf 67' lang='grc' dir='ltr'><strong>ἠλέεις</strong></span> 
     </span>
    </p>
   </div>
   <div class='ocr_carea' id='block_1_108' title="bbox 1900 5183 3465 5265">
    <p class='ocr_par' dir='ltr' id='par_1_108' title="bbox 1900 5183 3465 5265">
     <span class='ocr_line' id='line_1_108' title="bbox 1900 5183 3465 5265; baseline -0.003 -20"><span class='ocrx_word' id='word_1_842' title='bbox 1900 5192 2187 5265; x_wconf 74' lang='grc' dir='ltr'><strong>ἀποκρίνει</strong></span> <span class='ocrx_word' id='word_1_843' title='bbox 2218 5191 2312 5246; x_wconf 76' lang='grc' dir='ltr'><strong>τὸν</strong></span> <span class='ocrx_word' id='word_1_844' title='bbox 2342 5190 2471 5245; x_wconf 81' lang='grc' dir='ltr'><strong>Υἰδν</strong></span> <span class='ocrx_word' id='word_1_845' title='bbox 2493 5190 2594 5262; x_wconf 79' lang='grc' dir='ltr'><strong>τῆς</strong></span> <span class='ocrx_word' id='word_1_846' title='bbox 2619 5191 2712 5243; x_wconf 83' lang='grc' dir='ltr'><strong>τοῦ</strong></span> <span class='ocrx_word' id='word_1_847' title='bbox 2738 5185 2941 5257; x_wconf 75' lang='grc' dir='ltr'><strong>ἀγαθοῦ</strong></span> <span class='ocrx_word' id='word_1_848' title='bbox 2972 5186 3280 5250; x_wconf 86' lang='grc' dir='ltr'><strong>κοινωνίας.</strong></span> <span class='ocrx_word' id='word_1_849' title='bbox 3318 5201 3337 5237; x_wconf 85' lang='lat' dir='ltr'><strong>t</strong></span> <span class='ocrx_word' id='word_1_850' title='bbox 3358 5183 3465 5241; x_wconf 79' lang='lat' dir='ltr'><strong>Bo-</strong></span> 
     </span>
    </p>
   </div>
   <div class='ocr_carea' id='block_1_109' title="bbox 1903 5276 3467 5353">
    <p class='ocr_par' dir='ltr' id='par_1_109' title="bbox 1903 5276 3467 5353">
     <span class='ocr_line' id='line_1_109' title="bbox 1903 5276 3467 5353; baseline -0.004 -16"><span class='ocrx_word' id='word_1_851' title='bbox 1903 5298 2007 5338; x_wconf 90' lang='lat' dir='ltr'><strong>nus</strong></span> <span class='ocrx_word' id='word_1_852' title='bbox 2055 5283 2218 5353; x_wconf 86' lang='lat' dir='ltr'><strong>igitur</strong></span> <span class='ocrx_word' id='word_1_853' title='bbox 2262 5281 2453 5339; x_wconf 79' lang='lat' dir='ltr'><strong>Filius.</strong></span> <span class='ocrx_word' id='word_1_854' title='bbox 2521 5280 2629 5338; x_wconf 77' lang='lat' dir='ltr'><strong>Sed</strong></span> <span class='ocrx_word' id='word_1_855' title='bbox 2678 5279 2875 5347; x_wconf 76' lang='lat' dir='ltr'><strong>nullas,</strong></span> <span class='ocrx_word' id='word_1_856' title='bbox 2926 5278 3127 5348; x_wconf 90' lang='lat' dir='ltr'><strong>inquit,</strong></span> <span class='ocrx_word' id='word_1_857' title='bbox 3157 5276 3319 5333; x_wconf 81' lang='lat' dir='ltr'><strong>bonus</strong></span> <span class='ocrx_word' id='word_1_858' title='bbox 3360 5278 3467 5331; x_wconf 71' lang='lat' dir='ltr'><strong>nisi</strong></span> 
     </span>
    </p>
   </div>
   <div class='ocr_carea' id='block_1_110' title="bbox 1902 5366 3465 5447">
    <p class='ocr_par' dir='ltr' id='par_1_110' title="bbox 1902 5366 3465 5447">
     <span class='ocr_line' id='line_1_110' title="bbox 1902 5366 3465 5447; baseline -0.003 -20"><span class='ocrx_word' id='word_1_859' title='bbox 1902 5390 2038 5428; x_wconf 71' lang='lat' dir='ltr'><strong>unus</strong></span> <span class='ocrx_word' id='word_1_860' title='bbox 2066 5372 2293 5431; x_wconf 63' lang='grc' dir='ltr'><strong>οισι...</strong></span> <span class='ocrx_word' id='word_1_861' title='bbox 2351 5372 2479 5441; x_wconf 86' lang='lat' dir='ltr'><strong>Sed,</strong></span> <span class='ocrx_word' id='word_1_862' title='bbox 2537 5372 2709 5444; x_wconf 87' lang='lat' dir='ltr'><strong>inquit</strong></span> <span class='ocrx_word' id='word_1_863' title='bbox 2746 5366 3112 5447; x_wconf 78' lang='lat' dir='ltr'><strong>[Eunomius],</strong></span> <span class='ocrx_word' id='word_1_864' title='bbox 3160 5370 3320 5424; x_wconf 83' lang='lat' dir='ltr'><strong>unius</strong></span> <span class='ocrx_word' id='word_1_865' title='bbox 3374 5366 3465 5423; x_wconf 84' lang='lat' dir='ltr'><strong>dl-</strong></span> 
     </span>
    </p>
   </div>
   <div class='ocr_carea' id='block_1_111' title="bbox 1901 5458 3459 5523">
    <p class='ocr_par' dir='ltr' id='par_1_111' title="bbox 1901 5458 3459 5523">
     <span class='ocr_line' id='line_1_111' title="bbox 1901 5458 3459 5523; baseline -0.001 -5"><span class='ocrx_word' id='word_1_866' title='bbox 1901 5465 2009 5521; x_wconf 89' lang='lat' dir='ltr'><strong>ctio</strong></span> <span class='ocrx_word' id='word_1_867' title='bbox 2052 5463 2247 5522; x_wconf 82' lang='lat' dir='ltr'><strong>Filium</strong></span> <span class='ocrx_word' id='word_1_868' title='bbox 2294 5482 2326 5523; x_wconf 91' lang='lat' dir='ltr'><strong>a</strong></span> <span class='ocrx_word' id='word_1_869' title='bbox 2372 5465 2495 5522; x_wconf 90' lang='lat' dir='ltr'><strong>boni</strong></span> <span class='ocrx_word' id='word_1_870' title='bbox 2542 5464 2919 5522; x_wconf 88' lang='lat' dir='ltr'><strong>communione</strong></span> <span class='ocrx_word' id='word_1_871' title='bbox 2950 5461 3206 5517; x_wconf 88' lang='lat' dir='ltr'><strong>secernit.</strong></span> <span class='ocrx_word' id='word_1_872' title='bbox 3248 5478 3270 5514; x_wconf 77' lang='grc' dir='ltr'><strong>ι</strong></span> <span class='ocrx_word' id='word_1_873' title='bbox 3302 5458 3459 5516; x_wconf 82' lang='lat' dir='ltr'><strong>Plura</strong></span> 
     </span>
    </p>
   </div>
   <div class='ocr_carea' id='block_1_112' title="bbox 1903 5550 3458 5629">
    <p class='ocr_par' dir='ltr' id='par_1_112' title="bbox 1903 5550 3458 5629">
     <span class='ocr_line' id='line_1_112' title="bbox 1903 5550 3458 5629; baseline 0.001 -22"><span class='ocrx_word' id='word_1_874' title='bbox 1903 5555 1995 5624; x_wconf 90' lang='lat' dir='ltr'><strong>qui</strong></span> <span class='ocrx_word' id='word_1_875' title='bbox 2028 5557 2188 5626; x_wconf 81' lang='lat' dir='ltr'><strong>volet,</strong></span> <span class='ocrx_word' id='word_1_876' title='bbox 2221 5558 2358 5628; x_wconf 86' lang='lat' dir='ltr'><strong>legat</strong></span> <span class='ocrx_word' id='word_1_877' title='bbox 2388 5557 2589 5629; x_wconf 88' lang='lat' dir='ltr'><strong>primas</strong></span> <span class='ocrx_word' id='word_1_878' title='bbox 2642 5564 2850 5628; x_wconf 87' lang='lat' dir='ltr'><strong>septem</strong></span> <span class='ocrx_word' id='word_1_879' title='bbox 2899 5553 3127 5627; x_wconf 87' lang='lat' dir='ltr'><strong>paginas</strong></span> <span class='ocrx_word' id='word_1_880' title='bbox 3156 5550 3270 5623; x_wconf 87' lang='lat' dir='ltr'><strong>ejus</strong></span> <span class='ocrx_word' id='word_1_881' title='bbox 3302 5568 3458 5624; x_wconf 84' lang='lat' dir='ltr'><strong>quem</strong></span> 
     </span>
    </p>
   </div>
   <div class='ocr_carea' id='block_1_113' title="bbox 307 5734 2587 5811">
    <p class='ocr_par' dir='ltr' id='par_1_113' title="bbox 307 5734 2587 5811">
     <span class='ocr_line' id='line_1_113' title="bbox 307 5734 2587 5811; baseline 0.002 -22"><span class='ocrx_word' id='word_1_882' title='bbox 307 5736 384 5805; x_wconf 74' lang='grc' dir='ltr'><strong>(ι)</strong></span> <span class='ocrx_word' id='word_1_883' title='bbox 416 5734 559 5806; x_wconf 73' lang='lat' dir='ltr'><strong>Lege</strong></span> <span class='ocrx_word' id='word_1_884' title='bbox 581 5734 865 5809; x_wconf 74' lang='lat' dir='ltr'><strong>Prologum</strong></span> <span class='ocrx_word' id='word_1_885' title='bbox 890 5739 981 5811; x_wconf 89' lang='lat' dir='ltr'><strong>qui</strong></span> <span class='ocrx_word' id='word_1_886' title='bbox 1017 5739 1071 5795; x_wconf 92' lang='lat' dir='ltr'><strong>in</strong></span> <span class='ocrx_word' id='word_1_887' title='bbox 1106 5738 1239 5795; x_wconf 85' lang='lat' dir='ltr'><strong>edit.</strong></span> <span class='ocrx_word' id='word_1_888' title='bbox 1284 5735 1455 5796; x_wconf 85' lang='lat' dir='ltr'><strong>Paris.</strong></span> <span class='ocrx_word' id='word_1_889' title='bbox 1486 5737 1689 5808; x_wconf 87' lang='lat' dir='ltr'><strong>positus</strong></span> <span class='ocrx_word' id='word_1_890' title='bbox 1709 5746 1792 5795; x_wconf 89' lang='lat' dir='ltr'><strong>est</strong></span> <span class='ocrx_word' id='word_1_891' title='bbox 1817 5745 1939 5795; x_wconf 89' lang='lat' dir='ltr'><strong>ante</strong></span> <span class='ocrx_word' id='word_1_892' title='bbox 1969 5737 2059 5795; x_wconf 88' lang='lat' dir='ltr'><strong>lib.</strong></span> <span class='ocrx_word' id='word_1_893' title='bbox 2091 5753 2143 5794; x_wconf 80' lang='lat' dir='ltr'><strong>tv</strong></span> <span class='ocrx_word' id='word_1_894' title='bbox 2173 5738 2226 5794; x_wconf 81' lang='lat' dir='ltr'><strong>in</strong></span> <span class='ocrx_word' id='word_1_895' title='bbox 2251 5734 2587 5794; x_wconf 56' lang='lat' dir='ltr'><strong>Eunomia.</strong></span> 
     </span>
    </p>
   </div>
   <div class='ocr_carea' id='block_1_114' title="bbox 308 5827 746 5895">
    <p class='ocr_par' dir='ltr' id='par_1_114' title="bbox 308 5827 746 5895">
     <span class='ocr_line' id='line_1_114' title="bbox 308 5827 746 5895; baseline 0.009 -14"><span class='ocrx_word' id='word_1_896' title='bbox 308 5827 358 5867; x_wconf 79' lang='lat'><strong>&quot;-</strong></span> <span class='ocrx_word' id='word_1_897' title='bbox 383 5827 547 5885; x_wconf 74' lang='lat' dir='ltr'><strong>Mare.</strong></span> <span class='ocrx_word' id='word_1_898' title='bbox 572 5844 630 5895; x_wconf 77' lang='grc' dir='ltr'><strong>ι,</strong></span> <span class='ocrx_word' id='word_1_899' title='bbox 660 5829 746 5888; x_wconf 82' lang='lat' dir='ltr'><strong>l8.</strong></span> 
     </span>
    </p>
   </div>
  </div>
