4040 6472
540 428 812 468 CCXIIVIII

1904 412 2169 467 PBOLEG
2177 413 2272 466 ΟΜ
2280 413 2434 469 ENA.

534 538 657 575 mox
690 522 923 577 indicavi
958 520 1104 583 libri,
1152 535 1378 588 quarum
1408 536 1473 574 ex
1532 522 1761 576 lectione
1790 523 1949 593 plane
1977 540 2105 579 con-
2132 531 2182 586 Λ
2210 526 2433 580 nitatem
2495 529 2757 581 revocarit
2802 529 2854 581 in
2900 526 3143 592 dubium,
3199 529 3293 584 sed
3346 530 3485 599 quod
3542 534 3771 599 tempori

533 612 695 665 stabit
728 610 1047 662 Eunomium
1082 610 1219 662 inter
1271 620 1465 664 caetera
1504 609 1801 679 Scriptura:
1860 614 2103 670 testimo-

534 701 621 752 nia
677 699 967 768 protulisse
1021 706 1077 752 et
1119 697 1271 767 illud,
1325 716 1344 750 ‹
1385 697 1574 754 Nullus
1602 702 1778 756 bonus
1825 701 1929 756 nisi
1968 718 2106 758 unus

536 792 695 847 Deus.
736 809 755 843 ι
800 791 897 846 Est
926 790 1079 847 locus
1134 791 1188 845 in
1247 792 1421 862 primo
1472 791 1722 849 Ennomii
1776 792 1980 860 libello,
2013 796 2105 866 qui

532 897 772 939 errorem
805 884 937 938 viris
975 883 1058 938 vel
1089 884 1469 940 eruditissimis
1497 885 1731 953 objicere
1759 894 1954 957 potest,
1983 904 2103 943 cum

534 974 649 1029 viro
679 974 920 1029 doctrina
955 977 1230 1044 prmstanti
1279 974 1471 1029 Joanni
1505 976 1727 1032 Alberto
1771 977 2019 1032 Fabricio
2050 995 2105 1033 re

533 1067 645 1135 ipsa
690 1066 972 1134 objecerit.
1023 1066 1199 1120 Verba
1254 1076 1434 1121 autem
1500 1067 1747 1123 Eunomii
1809 1070 1923 1125 haec
1981 1081 2106 1124 sunt

530 1173 679 1213 num.
707 1157 776 1211 27
805 1176 820 1213 :
851 1158 1066 1212 Τούτων
1099 1159 1162 1228 δὴ
1186 1158 1403 1214 πάντων
1436 1160 1701 1231 εὐκρινῶς
1736 1161 1833 1233 μὲν
1850 1164 1942 1216 καὶ
1970 1163 2105 1216 πλα-

525 1247 753 1318 τύτερον
802 1251 860 1301 ὲν
912 1248 1119 1318 ἑτέροις
1148 1249 1280 1320 ἡμῖν
1323 1248 1808 1321 ἀποδεδειγμένων,
1834 1253 1891 1304 ἐν
1913 1252 2105 1322 βραχεί

524 1338 582 1393 δὲ
604 1338 698 1391 νῦν
737 1339 872 1409 πρὸς
923 1339 1069 1411 ὑμᾶς
1097 1340 1576 1411 ὁμολογουμένων,
1601 1352 1707 1396 etc.
1744 1360 1764 1393 ‹
1805 1342 1938 1396 Cum
1990 1343 2102 1410 jam

527 1432 773 1485 universa
803 1430 1009 1500 liquido
1031 1431 1315 1497 magisque
1344 1430 1554 1499 prolixe
1584 1430 1709 1483 alibi
1743 1445 1772 1483 a
1809 1431 1965 1487 nobis
2014 1433 2106 1489 de-

529 1532 846 1590 monstrata,
883 1537 1025 1577 nunc
1060 1536 1187 1576 vero
1220 1523 1273 1576 in
1312 1528 1528 1577 brevem
1560 1524 1627 1579 ad
1663 1539 1758 1580 vos
1801 1526 2104 1582 confessio-

528 1633 651 1673 nem
679 1618 786 1670 sint
818 1624 1120 1682 contracta,
1142 1632 1161 1667 ι
1197 1623 1303 1671 etc.
1346 1614 1515 1684 Quem
1554 1619 1619 1672 ad
1656 1618 1828 1672 locum
1867 1620 1909 1673 is
1942 1634 2101 1689 quem

529 1723 651 1763 mox
680 1709 955 1764 nominavi
986 1710 1070 1764 vir
1100 1710 1447 1764 doctissimus
1479 1711 1618 1763 hanc
1642 1720 1822 1763 notam
1846 1710 2050 1765 addidit
2085 1728 2098 1764 :

532 1819 551 1851 ι
597 1799 874 1857 Notandus
918 1801 1005 1855 hic
1061 1800 1233 1863 locus,
1264 1815 1371 1867 quo
1401 1799 1465 1851 ad
1496 1800 1748 1854 uberiora
1776 1816 1872 1856 sua
1902 1802 2102 1871 scripta

2208 621 2549 676 serviendum
2584 621 2856 687 sapienter
2882 622 3160 691 judicarit.
3195 625 3368 693 Atque
3394 627 3445 680 in
3479 624 3582 679 illis
3635 627 3772 695 ipsis

2206 725 2343 778 quos
2375 712 2453 766 De
2503 712 2709 782 Spiritu
2750 724 2930 767 sancto
2984 712 3306 777 conscripsit
3351 717 3523 781 libris,
3572 732 3774 772 nomen

2206 798 2300 853 Dei
2324 815 2391 855 ne
2427 802 2593 856 semel
2621 799 2835 869 quidem
2872 802 3095 870 Spiritui
3133 812 3321 857 sancto
3373 808 3628 862 tributum
3696 806 3774 860 le-

2204 889 2400 959 gimus.
2425 892 2553 959 Ejus
2576 892 2787 963 generis
2814 902 2937 944 sunt
2966 894 3102 948 liber
3133 894 3324 949 tertius
3357 894 3410 946 in
3445 897 3773 952 Eunomium

2204 990 2259 1033 et
2294 981 2683 1036 celeberrimus
2720 982 2807 1035 ille
2849 980 2915 1034 ad
2952 981 3383 1050 Amphilochium
3438 982 3516 1038 De
3564 988 3772 1056 Spiritu

2204 1086 2383 1127 sancto
2421 1073 2554 1126 liber
2588 1090 2599 1123 :
2628 1089 2855 1142 quorum
2882 1072 2934 1127 in
2967 1082 3192 1144 utroque
3232 1086 3291 1132 ut
3347 1077 3771 1150 evidentissime,

2206 1165 2279 1219 ita
2311 1164 2662 1219 invictissime
2692 1166 3117 1238 probatquidem
3176 1168 3413 1238 Spiritus
3463 1174 3637 1227 sancti
3690 1177 3775 1231 di-

2207 1257 2507 1316 vinitatem,
2545 1269 2642 1310 nec
2685 1270 2912 1324 usquam
2970 1266 3147 1312 tamen
3206 1258 3471 1327 Spiritum
3523 1274 3773 1320 sanctum

2207 1348 2371 1402 Deum
2415 1345 2667 1415 appellat.
2701 1345 2800 1413 Qui
2832 1360 2960 1416 ergo
2996 1348 3113 1405 ﬁeri
3161 1352 3352 1418 possit,
3381 1363 3440 1408 ut
3469 1370 3658 1409 eorum
3705 1356 3775 1410 de

2205 1438 2399 1509 quibus
2420 1438 2599 1507 agitur
2629 1438 2888 1495 librorum
2917 1448 3107 1495 auctor
3131 1444 3240 1508 sit,
3265 1456 3392 1496 cum
3422 1444 3475 1497 in
3504 1448 3635 1517 ipsis
3667 1462 3775 1503 non

2204 1530 2369 1585 semel
2395 1530 2629 1601 Spiritus
2655 1545 2876 1587 sanctus
2906 1532 3048 1587 Deus
3094 1537 3361 1591 vocetur?
3403 1536 3662 1611 Exempla
3710 1557 3777 1597 eo

2204 1635 2312 1691 quo
2354 1620 2703 1677 inveniuntur
2756 1625 2969 1689 ordine,
2998 1625 3268 1694 subjicere
3312 1630 3487 1681 visum
3521 1642 3623 1685 est.
3658 1635 3778 1689 l’ri-

2205 1722 2349 1761 mum
2405 1710 2647 1765 occurrit
2700 1709 2828 1763 illud
2893 1712 2966 1782 (p.
3021 1713 3146 1784 299)
3190 1715 3298 1768 :Ei
3334 1718 3511 1770 τοίνυν
3564 1721 3778 1788 οὐδενός

2205 1800 2351 1853 ἐστιν
2366 1801 2583 1869 ἀφιέναι
2610 1803 2903 1873 ἁμαρτίας,
2927 1804 3114 1878 ὥσπερ
3132 1808 3230 1862 οὐκ
3252 1809 3417 1874 ἐστιν,
3438 1813 3579 1885 εἰμὴ
3613 1815 3778 1884 μόνου

521 1892 633 1960 jam
661 1904 785 1947 ante
817 1893 947 1947 illud
986 1901 1195 1959 tempus
1226 1889 1369 1945 edita
1419 1889 1716 1947 Eunomius
1754 1903 2029 1962 provocat.
2076 1915 2096 1949 ι

2209 1892 2360 1960 Θεοῦ,
2394 1895 2587 1965 ἀφίησι
2631 1896 2689 1947 δὲ
2717 1896 2777 1948 τὸ
2805 1896 3030 1968 Πνεῦμα
3071 1873 3132 1955 τὸ
3179 1904 3334 1971 ἅγιον
3360 1873 3449 1959 διὰ
3613 1873 3776 1964 ’ἀπο-

527 1985 593 2038 Ει
633 2000 757 2039 vero
788 1984 831 2037 si
888 1982 1055 2039 semel
1100 1997 1289 2037 verum
1336 1996 1422 2039 est
1453 1984 1775 2040 Eunomium
1819 1998 1947 2043 ante
1981 2005 2101 2045 eum

526 2091 689 2145 quem
750 2074 981 2130 Basilius
1037 2074 1345 2131 confutavit
1397 2075 1594 2130 librum
1652 2077 1790 2133 alios
1841 2082 2102 2147 quosdam

527 2167 800 2238 longiores
849 2169 1117 2234 edidisse;
1148 2168 1406 2237 quidquid
1448 2184 1476 2221 a
1527 2169 1683 2224 nobis
1742 2172 1990 2240 superius
2023 2173 2104 2226 di-

531 2273 679 2317 ctum
706 2273 807 2325 est,
836 2276 930 2329 per
959 2276 1016 2314 se
1058 2262 1272 2329 penitus
1312 2261 1442 2315 ruit.
1478 2258 1612 2314 Nam
1636 2260 1739 2315 dici
1776 2262 1975 2332 poterit
2001 2262 2106 2317 Ba-

527 2355 703 2417 silius,
735 2370 856 2408 cum
895 2354 948 2407 in
975 2352 1130 2407 libris
1157 2364 1351 2423 quarto
1380 2364 1436 2407 ct
1458 2354 1649 2423 quinto
1702 2368 1889 2410 contra
1928 2356 2104 2410 Euno-

525 2447 689 2496 mium
755 2445 919 2498 multa
979 2442 1381 2514 Scripturarum
1459 2444 1576 2499 loca
1625 2446 1951 2515 explicaret,
1994 2463 2098 2501 non

526 2540 827 2609 respexisse
849 2541 1065 2609 quidem
1102 2541 1167 2593 ad
1196 2554 1319 2594 eum
1354 2539 1549 2595 librum
1577 2580 1593 2607 ,
1628 2556 1789 2610 quem
1825 2543 2097 2597 nominavi

528 2633 761 2700 primum
791 2632 1038 2686 Eunomii
1084 2630 1347 2695 libellum,
1378 2632 1472 2686 sed
1510 2633 1575 2686 ad
1606 2634 1805 2703 scripta
1854 2635 2098 2703 quaedam

530 2724 797 2793 longiora,
827 2723 1080 2794 quaajam
1132 2737 1260 2782 ante
1308 2728 1451 2782 edita
1489 2726 1557 2781 ab
1601 2726 1867 2782 Eunomio
1932 2728 2101 2783 fuisse

530 2815 759 2869 alIirmat
819 2817 1057 2872 Joannes
1106 2819 1357 2872 Albertus
1385 2819 1687 2875 Fabricius.
1721 2818 1826 2875 Sed
1853 2821 1945 2891 qui
1988 2836 2099 2875 rem

530 2907 688 2974 paulo
716 2908 973 2961 attentius
1006 2907 1385 2971 eonsiderarit,
1424 2911 1601 2974 facile,
1647 2912 1859 2979 Opinor,
1912 2910 2101 2964 latebi-

532 3009 619 3049 tur
644 3012 748 3050 non
776 2997 918 3066 loqui
948 2997 1290 3060 Eunomium,
1323 3012 1388 3051 eo
1404 3012 1561 3067 quem
1580 3000 1841 3067 exscripsi
1864 3000 2004 3061 loco,
2034 3001 2100 3053 de

533 3092 803 3159 prioribus
834 3092 1154 3159 quibusdam
1192 3092 1406 3159 scriptis
1437 3106 1464 3144 a
1500 3106 1561 3144 se
1604 3091 1714 3159 jam
1742 3100 1898 3144 antea
1924 3092 2099 3161 vulga-

532 3182 621 3243 tis,
650 3182 744 3235 sed
773 3183 838 3235 de
861 3181 1032 3248 prima
1069 3182 1149 3234 sui
1181 3180 1340 3234 libelli
1373 3190 1523 3250 parte
1546 3221 1561 3245 ,
1586 3197 1759 3251 eaque
1786 3183 2095 3252 prolixiore.
2129 3205 2171 3264 α

533 3274 761 3328 Constat
793 3278 933 3327 enim
973 3274 1297 3328 Eunomium
1344 3274 1583 3329 libellum
1644 3291 1800 3329 suum
1862 3276 1914 3329 in
1975 3277 2105 3330 duas

531 3376 713 3433 partes
744 3366 990 3420 divisisse
1022 3388 1033 3421 :
1062 3382 1286 3434 quarum
1321 3367 1372 3419 in
1402 3368 1583 3435 priore
1604 3383 1754 3421 suam
1782 3370 2106 3423 sententiam

533 3456 708 3509 fusius
735 3460 975 3525 exponit,
1015 3457 1066 3510 in
1099 3458 1267 3510 altera
1295 3472 1444 3520 vero,
1477 3457 1638 3511 libelli
1669 3461 1750 3511 sui
1785 3462 1940 3528 quasi
1992 3463 2108 3530 epi-

531 3557 711 3600 tomen
748 3547 1034 3616 quamdam
1068 3546 1214 3601 fecit.
1248 3546 1303 3600 ld
1340 3549 1411 3600 ita
1453 3560 1572 3602 esse
1624 3548 1779 3603 docet
1816 3549 2108 3604 Eunomius

534 3639 668 3708 ipse,
700 3640 852 3707 cujus
877 3640 991 3693 haec
1029 3648 1154 3693 sunt
1180 3638 1363 3702 verba,
1390 3654 1539 3692 num.
1563 3637 1633 3692 26
1667 3657 1680 3692 :
1740 3638 1878 3691 Ἀλλ’
1919 3640 2003 3691 ἵνα
2032 3640 2106 3710 μὴ

531 3730 609 3799 τῷ
639 3734 803 3799 μήκει
827 3731 933 3784 τῶν
962 3732 1134 3799 λόγων
1175 3732 1577 3803 ἀποκνήσωμεν
1615 3732 1743 3795 τοὺς
1792 3731 2105 3797 ἀκούοντας,

533 3821 712 3873 πᾶσαν
760 3823 817 3873 ὲν
866 3821 1057 3891 βραχεί
1082 3821 1190 3873 τῶν
1243 3822 1515 3893 ῥηθέντων
1582 3824 1965 3894 περιλαῶντες
2014 3827 2111 3897 τὴν

534 3912 786 3983 δύναμιν,
815 3923 920 3968 etc.
1063 3911 1263 3967 Verum
1320 3930 1388 3967 ne
1436 3930 1749 3968 sermonum
1808 3916 2113 3984 prolixitate

537 4004 817 4057 auditores
854 4017 1178 4070 gravemus,
1227 4002 1473 4057 minusve
1521 4003 1727 4058 alacres
1788 4006 2108 4071 reddamus,

536 4094 727 4164 paucis
757 4108 941 4146 eorum
968 4108 1088 4160 qua:
1118 4093 1351 4151 diximus
1386 4094 1491 4148 vim
1516 4108 1729 4148 omnem
1760 4096 2114 4161 comprehen-

541 4186 753 4248 deutes,
796 4202 814 4234 ι
849 4192 952 4236 etc.
1008 4183 1189 4249 Quare
1220 4188 1412 4237 horum
1457 4187 1769 4252 verborum,
1797 4184 2014 4239 Τούτων
2046 4186 2109 4256 δὴ

537 4276 753 4329 πάντων
808 4275 1074 4345 εὐκρινῶς
1120 4276 1217 4345 μὲν
1276 4275 1371 4329 καὶ
1429 4276 1764 4347 πλατύτερον
1808 4280 1864 4330 ὲν
1908 4278 2112 4348 ἑτέροις

536 4370 668 4438 ἡμῖν
695 4365 1184 4436 ἀποδεδειγμένων,
1220 4364 1262 4417 is
1288 4373 1373 4417 est
1400 4379 1595 4419 sensus
1627 4383 1639 4419 :
1679 4385 1697 4417 t
1733 4368 1863 4421 Cum
1888 4366 1995 4433 jam
2025 4370 2115 4421 de-

538 4469 843 4514 monstrata
874 4461 981 4513 siut
1020 4474 1047 4511 a
1083 4460 1240 4513 nobis
1265 4458 1377 4512 hinc
1411 4462 1594 4513 omnia
1636 4460 1836 4529 liquide
1860 4470 1914 4514 et
1942 4462 2112 4529 magis

2208 1985 2409 2039 στόλων
2434 2004 2444 2015 ·
2477 1987 2607 2049 Θεὸς
2644 1986 2751 2057 ἄρα
2778 1986 2839 2039 τὸ
2862 1988 3085 2059 Πνεῦμα
3129 1994 3190 2046 τὸ
3221 1995 3395 2062 ἅγιον,
3430 2000 3645 2070 καὶτῆς
3676 2003 3776 2054 αὑ-

2204 2078 2302 2148 τῆς
2334 2079 2611 2147 ἐνεργείας
2664 2078 2743 2150 τῷ
2796 2081 2968 2151 Πατρὶ
3018 2083 3112 2135 καὶ
3175 2086 3253 2154 τῷ
3291 2086 3421 2138 Υἱῶ.
3452 2107 3470 2138 t
3516 2089 3704 2158 Itaque
3729 2096 3777 2147 si

2206 2167 2402 2220 nullius
2426 2176 2511 2221 est
2535 2170 2808 2227 remittere
2839 2181 3081 2242 peccata,
3103 2173 3244 2229 sicut
3268 2190 3403 2230 sane
3437 2179 3635 2234 nullius
3668 2192 3775 2244 est,

2207 2256 2309 2312 nisi
2330 2256 2423 2311 Dei
2462 2257 2654 2325 solius,
2699 2260 2931 2316 remittit
2954 2270 3132 2318 autem
3165 2263 3401 2334 Spiritus
3429 2278 3650 2324 sanctus
3674 2285 3777 2339 per

2206 2350 2511 2418 apostolos;
2554 2353 2695 2407 Deus
2738 2368 2864 2423 ergo
2895 2364 2979 2409 est
3024 2354 3257 2424 Spiritus
3287 2370 3528 2424 sanctus,
3556 2370 3609 2415 et
3634 2363 3778 2429 ejus-

2205 2440 2325 2493 dem
2364 2442 2696 2510 operationis
2727 2454 2887 2511 atque
2923 2444 3085 2499 Pater
3141 2458 3195 2500 et
3253 2448 3440 2504 Filius.
3474 2469 3494 2503 ι
3566 2451 3776 2512 Rursus

2203 2532 2282 2585 sic
2309 2529 2542 2601 loquitur
2568 2532 2803 2602 scriptor
2830 2533 2907 2603 (p.
2934 2534 3060 2601 500)
3094 2552 3105 2586 :
3161 2538 3222 2589 Et
3253 2538 3307 2591 δὲ
3342 2539 3494 2593 λαλεῖ
3538 2544 3595 2595 ὲν
3639 2546 3778 2601 ἀπο.

2204 2625 2409 2690 στόλοις
2440 2628 2532 2681 καὶ
2552 2630 2608 2680 ὲν
2632 2629 2935 2699 προφήταις
2966 2629 3024 2682 τὸ
3049 2629 3293 2701 Πνεῦμα,
3324 2635 3473 2689 πᾶσα
3500 2635 3556 2687 δὲ
3588 2636 3778 2711 Γραφὴ

2203 2715 2582 2782 θεόπνευστος,
2619 2719 2806 2770 εἴπατε
2849 2722 2963 2781 τοῖς
2999 2720 3253 2773 ἀσεϐοῦσι
3278 2762 3292 2785 ,
3327 2722 3443 2786 πῶς
3470 2726 3529 2777 οὑ
3551 2726 3683 2792 Θεὸς
3719 2730 3780 2781 τὸ

2205 2808 2428 2879 Πνεῦμα
2458 2809 2517 2861 τὸ
2550 2810 2703 2877 ἅγιον
2746 2810 3033 2880 τυγχάνει,
3073 2812 3171 2883 τῆς
3216 2814 3405 2866 τούτου
3458 2820 3781 2889 συγγραφῆς

2205 2898 2558 2951 θεοπνεύστου
2615 2899 2811 2967 οῦσηςς
2867 2920 2885 2951 ί
2915 2902 3067 2965 Quod
3097 2904 3141 2955 si
3173 2902 3406 2970 Spiritus
3431 2908 3481 2960 in
3519 2910 3779 2975 apostolis

2201 2998 2256 3041 et
2284 2989 2561 3055 prophetis
2591 2988 2849 3057 loquitur,
2886 2988 3171 3058 omnisque
3196 2993 3474 3061 Scriptura
3520 2996 3782 3052 divinitus

2203 3078 2458 3147 inspirata
2516 3088 2640 3143 est,
2694 3079 2857 3134 dicite
2904 3081 3082 3150 impiis
3145 3098 3157 3133 :
3216 3083 3496 3149 Quomodo
3543 3086 3780 3157 Spiritus

2203 3182 2425 3225 sanctus
2464 3172 2602 3225 Deus
2627 3188 2731 3227 non
2763 3180 2866 3234 est,
2895 3188 3015 3228 cum
3054 3175 3199 3229 illius
3246 3175 3525 3246 Scriptura
3582 3182 3780 3236 divini-

2213 3274 2299 3318 tus
2328 3264 2585 3334 inspirata
2618 3264 2739 3319 sit?
2769 3284 2788 3317 ι
2824 3265 2995 3320 Verba
3036 3268 3340 3336 scriptoris,
3389 3284 3512 3325 eum
3546 3274 3782 3341 explicat

2212 3354 2338 3408 illud
2372 3352 2595 3409 Joannis
2623 3371 2697 3419 tv,
2725 3354 2817 3422 24,
2878 3354 3109 3426 Spiritus
3155 3370 3229 3412 est
3280 3360 3439 3425 Deus,
3477 3362 3589 3415 haec
3656 3373 3784 3417 sunt

2212 3451 2289 3521 (p.
2317 3450 2441 3521 3l0)
2473 3471 2485 3505 :
2516 3453 2726 3524 Ὥσπερ
2778 3454 2887 3525 γὰρ
2914 3454 2973 3507 τὸ
3022 3454 3245 3525 Πνεῦμα
3278 3456 3306 3508 ὁ
3357 3456 3507 3519 Θεὸς.
3536 3457 3677 3510 κατὰ
3699 3457 3779 3520 τὸ,

2210 3543 2361 3605 Ναὸς
2387 3542 2522 3596 Θεοῦ
2581 3546 2703 3597 ὲστε
2736 3547 2831 3597 καὶ
2876 3546 2937 3597 τὸ
2991 3545 3216 3613 Πνεῦμα
3252 3546 3344 3598 τοῦ
3386 3546 3521 3599 Θεοῦ
3558 3551 3700 3601 οἰκεῖ
3725 3550 3782 3601 ὲν

2211 3634 2339 3700 ὑμῖν
2359 3651 2371 3663 ·
2405 3633 2546 3686 οὕτω
2572 3635 2666 3687 καὶ
2693 3635 2722 3685 ὁ
2749 3634 2880 3697 Θεὸς
2909 3635 2968 3686 τὸ
3017 3636 3261 3705 Πνεῦμα,
3289 3636 3388 3705 τῆς
3424 3638 3654 3707 Τριάδος
3710 3640 3785 3710 μὴ

2209 3721 2658 3794 διακοπτομένης,
2696 3722 2828 3793 μηδὲ
2879 3721 3256 3796 χωριζομένης
3293 3727 3391 3797 τὴν
3417 3729 3597 3795 φύσιν,
3643 3730 3783 3784 ὥστε

2212 3813 2306 3865 καὶ
2354 3811 2422 3865 τὰ
2454 3811 2693 3883 ὀνόματα
2726 3811 2798 3883 μὴ
2861 3812 3208 3883 χωρίζεσθαι.
3257 3833 3273 3865 t
3312 3815 3781 3881 Quemadmodum

2213 3904 2356 3959 enim
2397 3902 2631 3973 Spiritus
2655 3902 2795 3957 Deus
2826 3912 2933 3971 est,
2987 3903 3140 3972 juxta
3196 3904 3344 3969 illud,
3384 3904 3654 3976 Templum
3692 3909 3786 3965 Dei

2212 3996 2357 4061 estis,
2386 4005 2433 4047 et
2470 3993 2700 4060 Spiritus
2735 3993 2831 4067 Dei
2882 3996 3085 4049 habitat
3136 3996 3191 4051 in
3236 3998 3378 4052 vobis
3414 3999 3528 4053 :ita
3552 4010 3607 4055 el
3645 4000 3787 4058 Deus

2213 4084 2449 4153 Spiritus
2489 4097 2594 4150 est,
2633 4102 2737 4139 non
2770 4087 3000 4141 disseeta
3029 4088 3316 4153 Triuitate,
3361 4104 3541 4161 neque
3588 4108 3788 4149 secnno

2211 4175 2336 4229 dum
2389 4184 2637 4229 naturam
2669 4188 2917 4245 separata
2954 4194 2967 4229 :
3005 4181 3147 4234 sicut
3188 4184 3402 4236 nomina
3450 4187 3617 4239 etiam
3677 4203 3786 4242 non

2212 4280 2552 4338 separentur.
2592 4289 2611 4322 ι
2650 4269 2842 4323 Parum
2875 4272 2975 4326 luit
3025 4276 3126 4328 hoc
3170 4275 3288 4329 loco
3325 4279 3577 4347 scriptori
3611 4280 3786 4349 Spiri-

2216 4371 2323 4416 tum
2357 4374 2599 4417 sanctum
2651 4364 2817 4418 Deum
2870 4380 3063 4421 vocare
3104 4384 3119 4421 Σ
3157 4371 3252 4423 εθά
3296 4375 3459 4426 etiam
3512 4376 3786 4429 rationem

2216 4455 2389 4510 reddit
2418 4472 2515 4510 cur
2552 4457 2623 4510 ita
2658 4456 2841 4511 iaciat.
2876 4458 3167 4524 Quoniam,
3211 4462 3407 4531 inquit,
3460 4474 3516 4517 ut
3545 4464 3787 4523 Trinitas

538 4550 748 4617 prolixe
788 4550 841 4602 in
875 4551 1086 4602 caneris
1112 4562 1232 4617 qua:
1270 4550 1583 4615 praecedunt
1633 4551 2111 4619 argumentationi-
2142 4567 2187 4623 ι)
2214 4560 2319 4597 non
2346 4555 2629 4615 separatur
2675 4547 2969 4600 secundum
3007 4557 3255 4600 naturam
3285 4589 3298 4611 ,
3336 4551 3407 4603 ita
3439 4566 3536 4605 nec
3568 4552 3789 4607 nomina

535 4644 658 4705 bus,
693 4660 713 4693 ι
757 4651 865 4695 etc.
906 4641 1049 4694 Sane
1081 4654 1109 4693 a
1135 4654 1220 4693 me
1272 4640 1480 4694 faciunt
1510 4639 1717 4709 antiqui
1754 4654 1942 4697 omnes
1970 4643 2109 4697 scri-

535 4742 741 4803 ptores,
773 4732 863 4799 qui
890 4730 1026 4784 duos
1061 4730 1324 4783 duntaxat
1360 4728 1611 4784 Eunomii
1673 4730 1882 4787 libellos
1945 4747 2110 4804 agno-

537 4839 688 4887 vere,
722 4822 1018 4892 Gregorius
1051 4823 1343 4895 Nyssenus,
1386 4820 1806 4892 Philostorgius,
1858 4824 2104 4894 Pbotius,

537 4924 595 4969 et
632 4916 746 4969 alii.
779 4913 895 4968 Jam
930 4915 975 4968 si
1028 4917 1150 4984 quis
1185 4923 1393 4985 quzerat
1422 4927 1484 4967 ex
1524 4929 1630 4979 me,
1653 4930 1753 4970 cur
1792 4917 2103 4982 Eunomius,

538 5008 629 5074 qui
659 5008 711 5061 in
744 5008 920 5077 primo
942 5022 1041 5061 suo
1082 5009 1288 5076 scripto
1320 5007 1515 5061 Filium
1563 5008 1794 5062 libenter
1848 5008 2107 5076 simplici-

542 5108 733 5168 terque
760 5100 1063 5167 genituram
1100 5102 1348 5164 vocabat,
1386 5102 1487 5155 hoc
1510 5100 1648 5155 idem
1678 5107 1855 5154 tamen
1896 5115 1999 5154 non
2029 5098 2109 5154 l‘e-

538 5192 675 5246 cerit
735 5192 787 5245 in
838 5191 1041 5256 altero;
1084 5191 1257 5245 dicam
1304 5190 1464 5259 hujus
1515 5192 1590 5246 rei
1650 5190 1879 5246 fortasse
1926 5191 2105 5247 all'erri

542 5298 701 5352 posse
754 5284 1093 5351 probabilem
1145 5298 1384 5346 causam,
1420 5284 1668 5338 videlicet
1718 5283 2041 5339 Eunomium
2077 5298 2106 5336 a

542 5376 739 5431 Basilio
786 5378 855 5431 ob
912 5376 1170 5445 geniturae
1231 5391 1421 5429 nomen
1469 5382 1576 5428 tam
1635 5376 1775 5430 male
1829 5383 2106 5445 acceptum

541 5468 728 5533 fuisse,
763 5476 821 5521 ut
866 5482 932 5523 eo
990 5466 1245 5534 deinceps
1307 5478 1414 5520 tam
1464 5467 1629 5521 libere
1678 5468 1751 5520 uti
1813 5481 1977 5520 ausus
2007 5480 2109 5520 non

542 5561 634 5613 sit.

613 5652 723 5707 75'.
751 5651 875 5705 Fuit
900 5661 1132 5720 tempus,
1160 5659 1217 5705 ut
1248 5659 1434 5706 notum
1458 5658 1541 5703 est
1568 5690 1584 5713 ,
1612 5664 1732 5704 cum
1770 5649 1997 5703 Basilius
2024 5662 2116 5701 ne-

546 5757 649 5811 que
681 5745 728 5795 in
752 5743 863 5795 suis
894 5743 1066 5808 libris,
1099 5758 1270 5813 neque
1300 5743 1351 5796 in
1385 5741 1612 5811 publicis
1632 5741 1970 5795 orationibus
1996 5738 2117 5807 Spi-

546 5834 707 5889 ritum
748 5843 994 5890 sanctum
1028 5835 1193 5890 Deum
1242 5843 1494 5901 vocaret,
1526 5848 1628 5886 non
1668 5836 1807 5903 quod
1838 5832 1952 5901 ejus
1979 5829 2113 5885 divi-

2216 4638 2379 4692 etiam
2426 4644 2766 4707 separantur.
2822 4636 2989 4693 Secus
3042 4651 3219 4695 autem
3279 4640 3474 4697 fecisse
3526 4642 3787 4699 Basilium

2220 4739 2441 4797 norunt,
2484 4730 2679 4799 quibus
2718 4744 2825 4783 non
2861 4732 3087 4785 omnino
3128 4733 3307 4801 ignota
3350 4743 3435 4787 est
3488 4743 3788 4803 temporum

2219 4823 2434 4876 illorum
2466 4822 2714 4887 historia,
2743 4823 2822 4875 sic
2862 4831 2921 4876 ut
2967 4824 3304 4877 intereadum
3352 4823 3616 4895 Spiritum
3659 4844 3788 4883 sau~

2213 4926 2363 4971 ctum
2417 4924 2622 4969 natura:
2667 4915 2862 4969 divinae
2912 4917 3233 4985 participem
3276 4933 3396 4974 esse
3430 4920 3683 4988 privatim
3734 4930 3789 4975 et

2215 5007 2427 5076 publice
2460 5005 2832 5075 profiteretur,
2887 5022 3008 5060 eum
3031 5018 3206 5061 tamen
3232 5010 3382 5077 pacis
3434 5024 3562 5080 ergo
3614 5008 3785 5064 Deum

2215 5098 2489 5167 appellare
2531 5098 2845 5152 abstineret.
2892 5096 2999 5152 Sed
3054 5098 3244 5152 audire
3297 5100 3425 5152 mihi
3465 5100 3647 5152 videor
3696 5102 3785 5167 qui

2216 5189 2403 5242 dicunt
2455 5188 2617 5241 fuisse
2675 5188 2839 5242 etiam
2874 5196 3103 5255 tempus,
3151 5204 3273 5241 cum
3332 5189 3557 5241 Basilius
3583 5196 3697 5240 tum
3730 5188 3785 5241 in

2215 5280 2485 5349 aliquibus
2510 5279 2761 5347 epistolis
2795 5288 2905 5333 tum
2932 5280 2983 5333 in
3038 5278 3266 5348 publicis
3299 5278 3620 5348 quibusdam
3655 5292 3785 5332 con-

2218 5372 2471 5425 cionibus
2503 5369 2763 5439 Spiritum
2796 5379 3041 5424 sanctum
3066 5371 3230 5424 Deum
3252 5378 3499 5434 vocaret;
3525 5370 3594 5423 ob
3625 5369 3785 5438 idque

2217 5462 2331 5516 ﬁeri
2368 5463 2637 5530 potuisse,
2699 5473 2757 5515 ut
2790 5464 2844 5517 in
2884 5463 3072 5531 quinto
3123 5476 3336 5530 quoque
3370 5468 3554 5514 contra
3599 5458 3780 5514 Euno-

2216 5554 2377 5605 mium
2396 5553 2536 5606 lihro
2569 5553 2674 5607 hoc
2700 5552 2749 5606 ei
2785 5568 2978 5605 iminen
2998 5552 3221 5604 dederit.
3240 5550 3402 5603 Bene.
3426 5549 3530 5603 Sed
3556 5549 3785 5616 quaestio

2220 5661 2325 5698 non
2358 5656 2459 5709 est,
2490 5654 2667 5697 utrum
2704 5644 2935 5698 Basilius
2961 5643 3214 5711 Spiritum
3237 5652 3481 5695 sanctum
3520 5644 3572 5694 in
3595 5643 3785 5710 quinte

2221 5748 2399 5789 contra
2438 5735 2757 5789 Eunomium
2791 5736 2927 5789 libro
2964 5734 3126 5789 Deum
3156 5742 3353 5788 vocare
3389 5732 3648 5799 potuerit,
3693 5732 3783 5785 sed

2222 5836 2397 5882 utrum
2442 5844 2497 5883 re
2540 5828 2650 5897 ipsa
2704 5825 2905 5882 vocarit
2938 5839 2950 5877 :
2986 5824 3126 5893 quod
3165 5823 3348 5879 falsum
3382 5836 3501 5878 esse
3531 5823 3783 5876 arbitror.
