4040 6446
1321 399 1384 451 1).
1424 400 1567 455 IUL.
1603 403 1929 457 GARNERH
1968 406 2350 461 PBEFATIO.

3229 432 3455 468 εουῃι

245 512 454 567 Etenim
487 516 530 568 si
560 511 790 565 Basilius
819 513 920 567 sibi
951 528 1045 581 per
1070 522 1275 580 tempus
1310 516 1470 568 licere
1497 519 1807 573 credidisset
1836 528 1883 581 Α
1914 524 2112 591 aliquid
2142 524 2243 575 dici
2268 540 2425 590 posse
2462 526 2634 591 majus
2658 535 2748 577 aut
2788 529 3173 595 magnitudine,
3210 541 3302 581 aut
3330 541 3467 581 tem—

244 598 337 657 Dei
365 617 561 656 nomen
598 600 821 669 Spiritui
852 611 1039 656 sancto
1068 601 1119 653 in
1148 601 1285 657 libro
1314 604 1504 671 quinto
1534 607 1803 675 tribuere;

245 708 349 748 non
407 694 564 746 video
603 707 822 749 causam
876 691 1063 758 ullam,
1098 708 1195 749 cur
1236 697 1287 748 in
1336 697 1495 751 tertio
1544 698 1681 752 libro
1710 700 1809 754 liac

247 785 360 854 ipsa
396 785 462 837 de
508 800 611 853 qua
657 788 833 858 agitur
887 799 1017 840 voce
1048 788 1121 842 uti
1157 786 1409 843 noluerit.
1442 788 1509 841 Et
1558 804 1686 843 vero
1720 792 1810 844 mi-

244 875 397 929 randi
444 886 588 931 esset
622 878 806 940 locus,
835 876 902 941 si,
954 890 1238 949 postquam
1273 880 1504 935 Basilius
1550 881 1806 950 Spiritum

245 975 493 1022 sanctum
524 971 576 1023 in
626 968 787 1023 tertio
817 968 953 1024 libro
979 973 1144 1027 Deum
1194 986 1388 1026 vocare
1424 982 1528 1027 tam
1573 973 1809 1028 studiose

243 1059 498 1126 cavisset,
527 1061 709 1115 statim
747 1060 797 1113 id
827 1062 875 1116 ei
924 1064 1160 1118 nominis
1209 1064 1261 1117 in
1297 1065 1484 1134 quinto
1510 1066 1810 1135 librusa'pe

245 1149 532 1208 tribueret.
568 1152 741 1207 Unum
772 1156 948 1210 adhuc
971 1166 1236 1224 superest,
1273 1162 1414 1227 quod
1465 1159 1676 1211 videtur
1716 1173 1811 1212 no-

252 1249 364 1297 tatu
414 1243 810 1312 dignissimum.
854 1248 1142 1314 Postquam
1189 1249 1443 1318 scriptor,
1474 1258 1531 1300 ιιι
1556 1262 1623 1302 ex
1654 1264 1809 1318 supe-

244 1333 482 1388 rioribus
520 1346 753 1400 constat,
778 1338 983 1405 aliquot
1026 1338 1077 1392 in
1121 1339 1257 1394 locis
1285 1339 1541 1409 Spiritum
1566 1350 1808 1397 sanctum

244 1424 416 1479 Deum
450 1428 697 1493 vocavit;
731 1425 1088 1483 conﬁdentior
1137 1428 1332 1493 factus,
1376 1429 1654 1498 aliquanto
1691 1442 1811 1499 post

245 1520 448 1585 majora
480 1520 662 1574 audet.
692 1520 782 1573 Ait
815 1520 958 1575 enim
989 1523 1079 1577 Dei
1109 1521 1369 1591 Spiritum
1404 1522 1583 1576 vocari
1617 1531 1671 1576 et
1704 1524 1810 1576 Do-

247 1610 449 1665 minum
485 1622 541 1667 et
588 1612 780 1678 Deum,
836 1616 1285 1683 quemadmodum
1320 1625 1375 1670 et
1420 1616 1672 1669 Verbum.
1705 1613 1811 1668 Sed

247 1699 416 1769 ipsum
444 1705 628 1758 audire
657 1716 892 1772 praestat.
915 1705 1004 1758 Sic
1028 1706 1185 1771 igitur
1219 1709 1453 1776 loquitur
1484 1708 1634 1779 (pag.
1659 1706 1806 1779 5H):

246 1792 355 1844 Καὶ
386 1793 589 1861 Κύριος
617 1796 709 1845 καὶ
736 1794 867 1856 Θεὸς
883 1794 1095 1865 εἴρηται
1128 1796 1186 1848 τὸ
1218 1797 1311 1848 τοῦ
1325 1798 1455 1850 Θεοῦ
1474 1800 1809 1871 Πνεῦμα,ὼς

247 1884 338 1934 καὶ
367 1885 395 1934 ὁ
422 1884 611 1951 Λόγος.
645 1903 663 1935 ι
705 1884 767 1938 Ει
801 1885 1062 1938 Dominus
1092 1897 1146 1939 et
1176 1886 1316 1941 Deus
1350 1887 1524 1941 dictus
1572 1901 1657 1943 est
1683 1890 1806 1957 Spi-

250 1976 385 2029 ritus
416 1977 530 2039 Dei,
582 1976 718 2032 sicut
746 1988 799 2033 et
829 1978 1085 2033 Verbum.
1128 1999 1146 2032 ι
1180 1980 1381 2035 Adduci
1411 1994 1683 2048 nunquam
1715 1995 1811 2047 po-

249 2074 387 2134 tero,
420 2079 479 2123 ut
508 2070 620 2126 haac
643 2087 669 2125 a
704 2071 908 2127 Basilio
938 2074 1139 2142 scripta
1186 2073 1349 2128 fuisse
1396 2073 1633 2127 credam.
1674 2069 1816 2125 Nihil

250 2161 412 2226 enim,
467 2173 524 2215 ut
572 2163 702 2217 mihi
745 2166 960 2233 quidem
1012 2166 1255 2232 videtur,
1296 2182 1324 2218 a
1364 2166 1543 2219 Basilii
1588 2163 1817 2219 consilio

257 2256 429 2323 magis
457 2256 692 2309 alienum
723 2256 1018 2323 excogitari
1067 2265 1263 2325 potest.
1296 2258 1446 2323 Quod
1491 2268 1545 2310 ut
1592 2258 1817 2310 manile-

250 2344 387 2399 stius
416 2345 510 2399 ﬁat
548 2355 708 2416 atque
737 2348 1070 2417 exploratius
1096 2388 1112 2415 ,
1167 2365 1279 2405 rem
1334 2349 1498 2404 altius
1552 2361 1815 2421 repetam.

251 2434 437 2491 Etate
469 2439 557 2491 illa
585 2450 737 2493 erant
772 2457 874 2495 non
905 2443 1084 2511 pauci,
1114 2442 1228 2511 qui,
1259 2444 1401 2510 quod
1425 2442 1657 2511 Spiritus
1693 2459 1816 2497 san-

253 2528 444 2581 ctusin
487 2530 783 2597 Scripturis
810 2548 1075 2599 nusquam
1111 2533 1251 2586 Deus
1286 2548 1542 2594 expresse
1575 2545 1813 2597 vocetur,

254 2618 353 2672 hoc
388 2618 438 2671 ci
477 2634 670 2673 nomen
702 2624 830 2675 dare
866 2623 1211 2675 recusabant.
1250 2620 1344 2674 Vir
1370 2630 1546 2674 autem
1581 2623 1817 2689 pruden-

256 2710 498 2765 tissimus
526 2710 753 2766 Basilius
784 2716 1009 2783 tempori
1031 2713 1301 2785 paulisper
1331 2713 1624 2768 cedendum
1648 2723 1815 2776 ratus,

262 2804 422 2857 modo
470 2818 582 2857 rem
641 2814 926 2869 statueret,
976 2806 1043 2860 de
1096 2807 1240 2860 nudo
1294 2805 1460 2858 verbo
1496 2806 1817 2858 contendere

260 2896 450 2948 noluit.
508 2896 737 2950 blalcbat
768 2898 935 2961 enim,
988 2913 1106 2966 quae
1140 2898 1255 2967 ejus
1284 2898 1333 2951 in
1369 2912 1556 2950 omnes
1580 2898 1817 2951 cliaritas

258 2995 395 3049 erat,
429 2986 675 3038 inlirnius
722 3002 847 3039 cum
896 2986 1125 3039 inﬁrmis
1152 2990 1291 3049 ﬁeri,
1325 2998 1380 3039 ut
1414 3001 1507 3039 eos
1535 2987 1818 3038 lucriface-

255 3083 353 3137 ret,
390 3090 550 3141 quam
604 3089 763 3126 unam
813 3088 996 3128 vocem
1025 3076 1347 3129 obstinatius
1385 3076 1692 3140 defendere,
1728 3091 1819 3128 ve-

1909 622 2059 673 pore.
2090 620 2183 662 aut
2205 610 2485 677 dignitate,
2515 623 2606 665 aut
2636 615 2895 680 potentia,
2923 624 3013 666 aut
3050 624 3305 681 tanquam
3336 632 3467 668 can-

1912 711 2048 750 sam.
2085 700 2372 767 Postquam
2411 708 2588 753 autem
2629 700 2762 754 dixit
2795 700 3003 755 Patrem
3040 702 3175 757 Filio
3202 718 3308 755 non
3355 717 3475 756 esse

1911 788 2206 857 majorem,
2276 803 2447 856 neque
2500 791 2900 861 magnitudine,
2967 808 3139 861 neque
3194 802 3475 859 tempore,

1911 894 2085 947 neque
2138 883 2418 951 dignitate,
2467 895 2635 951 neque
2663 882 2925 954 potentia,
2956 884 3224 936 concludit
3258 883 3475 952 genito-

1916 986 2031 1025 rem
2062 975 2241 1039 genito
2267 975 2522 1045 majorem
2552 988 2763 1041 quoque
2791 992 2895 1030 non
2928 989 3047 1029 esse
3076 986 3325 1041 tanquam
3354 988 3479 1024 cau-

1909 1061 2312 1128 samﬁjusluec
2342 1064 2641 1118 suntverlia
2672 1064 2793 1130 (lib.
2816 1082 2887 1129 tv,
2922 1083 2972 1134 p.
2998 1063 3141 1132 289)
3175 1080 3187 1115 :
3223 1061 3358 1115 Οὔτε
3400 1060 3475 1125 ὡς

1910 1151 2099 1213 ai‘rtog'
2123 1150 2244 1203 ἐπεὶ
2268 1152 2465 1221 ὁμοίως
2491 1150 2584 1205 καὶ
2610 1151 2772 1203 αὑτοῦ
2800 1156 2889 1205 καὶ
2906 1156 3064 1224 ἡμῶν
3081 1149 3303 1225 μείζων,
3321 1140 3478 1221 εἴπερ

1910 1244 2018 1313 γὰρ
2048 1242 2211 1294 αὑτοῦ
2235 1242 2328 1295 καὶ
2350 1243 2504 1311 ἡμῶν
2532 1243 2719 1305 αἴτιος.
2742 1261 2760 1292 ι
2786 1241 2893 1295 Nec
2918 1255 2973 1293 nt
2995 1261 3151 1298 causa
3172 1242 3367 1315 [major
3395 1250 3476 1294 est

1910 1336 2070 1390 Pater
2102 1333 2294 1405 Filio];
2322 1335 2574 1402 quoniam
2600 1334 2803 1403 pariter
2835 1343 2889 1387 et
2924 1334 3021 1385 illo
3043 1346 3095 1386 et
3121 1337 3275 1389 nobis
3303 1333 3478 1403 major

1910 1434 2073 1489 esset,
2121 1442 2240 1479 cum
2279 1427 2447 1492 ipsius
2476 1434 2527 1478 et
2575 1426 2741 1479 nostri
2800 1436 2944 1479 esset
2971 1438 3156 1476 causa.
3192 1442 3210 1475 ι
3246 1425 3477 1480 Basilius

1910 1531 2039 1571 vero
2086 1530 2231 1580 eum,
2278 1529 2439 1585 quem
2469 1514 2610 1579 dixi,
2645 1518 2939 1583 Scriptura:
2986 1516 3158 1570 locum
3208 1515 3274 1567 ita
3313 1516 3478 1568 inter-

1911 1614 2180 1675 pretatur,
2215 1614 2272 1659 ut
2306 1614 2679 1659 asseveranter
2736 1607 2876 1658 dicat
2901 1605 3111 1658 Patrem
3145 1604 3281 1659 Filio
3313 1604 3481 1673 ntajo-

1914 1713 2025 1751 rem
2056 1713 2177 1752 esse
2206 1708 2460 1766 tanquam
2488 1710 2729 1749 causam.
2762 1695 2852 1747 Sic
2884 1705 3062 1747 autem
3101 1697 3335 1762 loquitur
3384 1697 3477 1749 liti.

1914 1788 2084 1855 primo
2113 1804 2261 1842 num.
2288 1788 2667 1841 9.5:Aei1rsrat
2700 1787 2876 1838 τοίνυν
2900 1785 3039 1838 κατὰ
3068 1785 3157 1837 τὸν
3183 1788 3280 1856 τῆς
3304 1786 3479 1848 αἰτίας

1839 1862 1881 1917 Β
1914 1876 2069 1945 λόγον
2100 1874 2331 1928 ἐνταῦθα
2364 1877 2421 1928 τὸ
2459 1879 2638 1945 μεῖζον
2677 1875 2948 1944 λέγεσθαι.
2991 1874 3207 1945 Ἐπειδὴ
3233 1878 3341 1943 γάρ
3375 1875 3482 1926 ἀπὸ

1914 1969 2006 2023 τοῦ
2048 1968 2258 2039 Πατρδς
2300 1969 2333 2037 ἡ
2375 1969 2516 2038 ἀρχὴ
2559 1965 2636 2036 τῷ
2681 1967 2812 2035 Υἱῷ,
2850 1967 2989 2018 κατὰ
3029 1966 3188 2018 τοῦτο
3234 1961 3482 2035 μείζωνὸ

1914 2062 2123 2134 Πατὴρ,
2156 2063 2230 2124 ὡς
2258 2062 2426 2124 αἴτιος
2451 2060 2542 2113 καὶ
2567 2060 2728 2129 ἀρχή.
2775 2057 2863 2109 Διὸ
2896 2058 2987 2108 καὶ
3027 2059 3054 2108 ὁ
3083 2059 3283 2129 Κύριος
3310 2054 3483 2119 οὕτως

1915 2152 2066 2207 εἶπεν
2090 2173 2102 2185 ο
2151 2157 2212 2207 '0
2238 2153 2437 2221 Πατήρ
2471 2170 2588 2221 μου
2614 2149 2828 2220 μείζων
2862 2150 2979 2219 μού
3009 2149 3136 2201 ἐστι
3157 2188 3170 2211 ,
3208 2150 3339 2201 καοὸ
3370 2149 3482 2201 Hac

1915 2247 2024 2317 τὴρ
2056 2247 2317 2315 δηλονότι.
2365 2247 2437 2297 Τὸ
2468 2246 2558 2307 δὲ,
2606 2245 2826 2313 Πατὴρ,
2875 2243 2927 2296 τί
2961 2242 3088 2296 ἄλλο
3138 2241 3411 2310 σημαίνει,
3447 2238 3482 2309 ἢ

1916 2339 2037 2409 οὐχ).
2082 2337 2143 2390 τὸ
2176 2335 2323 2391 αἰτία
2358 2333 2497 2388 εἶναι
2540 2336 2633 2388 καὶ
2684 2335 2824 2404 ἁρχὴ
2857 2335 2949 2386 τοῦ
2991 2336 3049 2400 ἐξ
3095 2332 3258 2387 αὑτοῦ
3292 2348 3484 2402 γεννη-

1919 2432 2137 2497 θέντος;
2177 2450 2195 2481 ι
2231 2429 2516 2499 Reliquum
2566 2438 2647 2482 est
2705 2428 2888 2495 igitur,
2936 2436 2994 2478 ut
3032 2442 3129 2479 vox
3185 2426 3355 2492 majus
3396 2425 3484 2478 liic

1914 2525 2208 2577 secundum
2263 2537 2441 2574 causa:
2494 2521 2756 2573 rationem
2791 2519 3018 2571 dicatur.
3064 2516 3195 2569 Nam
3232 2516 3481 2583 quoniam

1917 2628 1944 2664 a
1980 2613 2136 2663 Patre
2176 2611 2325 2678 origo
2356 2621 2439 2663 est
2477 2610 2633 2671 Filio,
2662 2612 2764 2662 lioc
2814 2609 2983 2675 major
3010 2620 3092 2661 est
3126 2606 3310 2670 Pater,
3342 2606 3486 2675 quod

1916 2717 2075 2754 causa
2104 2701 2173 2753 sit
2195 2713 2245 2753 et
2278 2699 2624 2768 principium.
2652 2701 2987 2766 Quapropter
3026 2710 3079 2751 et
3115 2699 3370 2749 Dominus
3406 2696 3486 2749 sic

1916 2793 2052 2847 dixit
2085 2806 2097 2843 :
2134 2790 2295 2844 Pater
2319 2808 2460 2844 meus
2503 2792 2670 2859 major
2695 2808 2773 2843 me
2803 2805 2898 2851 est,
2953 2800 3108 2857 prout
3138 2788 3295 2841 Pater
3338 2788 3487 2839 vide-

1918 2887 2061 2941 licet.
2093 2884 2225 2939 lllud
2280 2894 2481 2945 autem,
2528 2884 2706 2947 Pater,
2759 2885 2885 2951 quid
2926 2882 3069 2935 aliud
3100 2882 3321 2941 indicat,
3358 2879 3482 2939 nisi,

1916 2994 2134 3033 causam
2167 2986 2328 3046 atque
2349 2975 2609 3041 originem
2639 2989 2757 3027 esse
2780 2975 2893 3039 i-jus
2922 2976 3008 3039 qui
3037 2989 3099 3025 ex
3134 2973 3248 3039 ipso
3273 2970 3486 3039 genitus

1918 3072 2092 3125 est?»
2134 3072 2419 3138 Postquam
2476 3078 2658 3120 autem
2716 3065 2953 3117 Basilius
3007 3065 3192 3132 paucis
3247 3062 3487 3113 ostendit

256 3179 368 3217 ram
397 3166 542 3218 illam
592 3166 835 3235 quidem,
885 3165 979 3219 sed
1008 3166 1071 3219 ad
1104 3165 1332 3220 salutem
1369 3176 1542 3219 tamen
1577 3182 1681 3219 non
1722 3180 1817 3219 ne-
1843 3192 1885 3248 ο
1920 3162 2130 3216 Patrem
2170 3176 2271 3212 non
2328 3160 2432 3211 dici
2483 3158 2763 3226 majorem,
2824 3174 2996 3226 neque
3026 3155 3319 3209 sccumlnm
3357 3152 3487 3206 sub-

256 3261 573 3312 cessariam.
603 3259 783 3323 Fides,
818 3268 877 3312 ut
904 3270 1049 3314 recte
1072 3259 1367 3327 judicabat,
1400 3260 1452 3312 in
1477 3276 1585 3312 rem
1621 3260 1811 3326 ipsam,

258 3364 363 3403 non
397 3351 447 3402 in
484 3350 684 3402 nudum
712 3351 935 3404 verbum
969 3352 1133 3403 cadit.
1168 3349 1328 3403 Fides
1358 3351 1531 3419 jubet,
1564 3361 1619 3403 ut
1646 3351 1816 3418 Spiri—

256 3449 364 3493 tum
400 3452 641 3493 sanctuni
676 3441 841 3494 Deum
889 3455 1008 3495 esse
1047 3442 1367 3506 credamus;
1410 3456 1529 3492 eum
1563 3453 1619 3493 ut
1646 3442 1817 3494 nomi-

256 3544 446 3583 nemus
477 3530 667 3593 Deum,
694 3529 990 3597 nonjubet.
1027 3530 1099 3583 Ex
1139 3530 1335 3599 quibus
1364 3530 1591 3597 perspici
1622 3540 1815 3597 potest,

252 3621 504 3675 Basilium
538 3624 850 3692 praestitisse
884 3639 940 3678 se
972 3637 1092 3677 eum
1116 3623 1166 3675 in
1196 3632 1304 3676 toto
1334 3622 1433 3675 boc
1464 3622 1695 3690 negotio,
1726 3620 1816 3689 qui

253 3724 305 3768 et
322 3715 436 3782 ipse
452 3729 572 3768 cum
593 3716 819 3769 inﬁrmis
849 3716 1087 3769 inﬁrmus
1110 3714 1277 3768 videri
1302 3715 1473 3775 vellet,
1496 3729 1591 3767 nec
1610 3728 1816 3781 aequum

254 3815 496 3873 putasse,
533 3815 589 3857 ut
634 3807 703 3859 ob
744 3821 901 3857 unam
957 3820 1178 3862 vocem.
1238 3821 1357 3873 qua:
1404 3805 1681 3857 dicebatur
1714 3820 1817 3856 non

258 3891 486 3943 inveniri
518 3892 568 3943 in
600 3892 915 3960 Scripturis,
951 3893 1286 3945 inﬁrmorum
1334 3894 1479 3947 salus
1526 3893 1823 3960 negligere-

259 3988 364 4032 tur.
401 3979 541 4048 Ergo
569 3997 730 4032 unum
770 3984 871 4035 hoc
895 3996 996 4049 ego
1029 3981 1096 4034 ab
1136 3996 1198 4034 eo
1228 3996 1522 4051 rogassem,
1558 3991 1613 4032 ut
1636 3990 1822 4034 osten-

257 4070 431 4125 dilsset
459 4071 600 4124 hunc
624 4071 916 4140 Scriptura:
940 4073 1136 4136 locum,
1176 4073 1227 4125 in
1257 4088 1362 4142 quo
1406 4074 1642 4142 Spiritus
1685 4090 1816 4127 san-

260 4175 380 4218 ctus
409 4173 463 4218 et
492 4163 752 4217 Dominus
780 4173 833 4217 et
862 4164 998 4217 Deus
1030 4175 1272 4229 vocatur,
1310 4167 1446 4219 sicut
1469 4174 1523 4218 et
1547 4164 1779 4220 Verbum
1805 4188 1818 4221 :

258 4267 363 4322 qua
397 4254 581 4320 utique
632 4254 715 4305 via
753 4261 807 4307 et
835 4253 981 4305 brevi
1019 4263 1071 4304 et
1110 4251 1253 4306 facili
1289 4254 1530 4307 inﬁrmos
1576 4252 1697 4307 illos
1733 4270 1820 4307 sa-

259 4360 391 4399 nare
448 4346 730 4413 potuisset.
786 4346 1019 4399 Verbum
1081 4345 1297 4412 quidem
1364 4346 1503 4413 apud
1562 4344 1820 4400 Jo:inuem

258 4453 515 4509 expresse
571 4438 738 4491 Deum
791 4440 896 4492 dici
949 4449 1162 4493 constat
1200 4453 1212 4488 :
1249 4438 1341 4491 sed
1372 4453 1477 4505 quo
1531 4437 1824 4509 Scriptura:

1917 3256 2384 3318 stantiam,neque
2409 3251 2701 3303 secundum
2752 3250 2964 3312 molem,
3000 3248 3179 3304 statim
3201 3247 3270 3296 ita
3302 3258 3487 3310 perse-

1918 3349 2096 3417 quitur
2123 3363 2139 3401 :
2168 3344 2484 3407 ’Υπόλοιπος
2503 3339 2592 3395 οὖν
2616 3344 2758 3394 ἐστιν
2776 3342 2801 3392 ὁ
2830 3341 2957 3411 παρ’
2974 3338 3127 3409 ἡμῶν
3151 3335 3359 3405 λεχθεὶς
3391 3330 3487 3385 τοῦ

1923 3438 2167 3510 μείζονος
2189 3437 2406 3509 τρόπος,
2431 3438 2459 3489 ὁ
2492 3436 2589 3504 τῆς
2615 3435 2808 3504 ἀρχῆς,
2834 3432 2995 3499 λέγω,
3034 3430 3124 3482 καὶ
3161 3427 3259 3496 τῆς
3284 3426 3482 3487 αἰτίας.

1927 3553 1945 3585 ι
1989 3535 2243 3601 Superest
2290 3535 2450 3601 igitur
2476 3531 2541 3593 is,
2583 3546 2742 3597 quem
2791 3543 2887 3581 uos
2942 3526 3197 3582 diximus,
3268 3519 3487 3585 majoris

1922 3627 2125 3688 modus,
2179 3624 2447 3694 principii.
2513 3624 2749 3686 inquam,
2807 3629 2861 3673 et
2929 3630 3123 3670 causze.
3163 3632 3181 3663 ι
3217 3610 3486 3673 Basilius,

1920 3719 2060 3786 quod
2092 3727 2197 3769 tam
2230 3726 2607 3768 aSseveranter
2640 3714 2797 3776 dixit,
2849 3712 2899 3762 id
2945 3708 3122 3762 statim
3160 3717 3357 3772 negare
3381 3716 3485 3753 non

1922 3814 2092 3872 solet;
2128 3824 2227 3861 nec
2266 3821 2391 3876 puto
2433 3808 2546 3873 ejus
2585 3808 2659 3859 rei
2704 3802 3007 3870 exemplum
3046 3801 3208 3851 ullum
3257 3793 3486 3863 proferri

1922 3916 2097 3971 posse.
2144 3900 2319 3953 Malim
2360 3915 2489 3967 ergo
2524 3901 2656 3951 duos
2709 3898 2805 3949 lius
2852 3896 2903 3947 in
2962 3892 3276 3946 Eunomimn
3323 3887 3487 3939 libros

1923 3994 2077 4045 alteri
2101 3994 2274 4046 cuivis
2321 3993 2571 4059 seriptori
2615 3992 2875 4043 tribuere.
2899 4002 3057 4055 quam
3098 3998 3347 4046 magnum
3380 3978 3482 4031 Ba-

1923 4085 2099 4138 silium
2134 4086 2355 4137 iusuetm
2388 4083 2623 4136 levitatis
2648 4091 2953 4149 suspectum
2998 4076 3238 4130 reddere.
3279 4072 3381 4125 Sed
3424 4070 3489 4124 de

1924 4179 2007 4231 liis
2045 4178 2177 4231 Satis
2210 4196 2222 4229 :
2259 4193 2401 4229 nunc
2449 4177 2514 4229 de
2546 4175 2869 4241 quibusdam
2916 4170 3125 4223 Veteris
3152 4164 3486 4221 Tcstamenti

1923 4271 2057 4323 locis
2088 4268 2453 4320 instituendus
2488 4282 2666 4319 sermo
2699 4275 2800 4317 est.

2001 4357 2088 4411 75.
2123 4358 2198 4427 (ιι)
2233 4358 2415 4410 Mirari
2468 4358 2613 4410 subit
2672 4357 2952 4409 adversam
3005 4351 3328 4407 sententiam
3384 4363 3488 4402 non

1927 4450 2138 4503 aliunde
2165 4450 2330 4519 magis
2363 4450 2645 4510 inﬁrmari,
2668 4463 2828 4515 quam
2862 4446 3001 4499 unde
3032 4445 3263 4496 maxime
3293 4442 3491 4495 conﬁr-

260 4532 377 4585 loco
432 4530 671 4598 Spiritus
716 4540 937 4584 sanctus
986 4545 1243 4599 expresse
1299 4530 1439 4585 Deus
1494 4533 1671 4587 dictus
1716 4534 1817 4592 sit,
1856 4545 1898 4597 ι)
1931 4540 2063 4593 mari
2104 4540 2262 4609 vulgo
2315 4552 2551 4609 pumiur,
2606 4538 2826 4592 Monere
2883 4550 3011 4603 ergo
3059 4534 3228 4602 juvat,
3274 4533 3376 4584 lioc
3421 4532 3489 4583 ab

258 4624 526 4692 hodieque
583 4624 882 4691 ignoratur.
964 4623 1221 4691 Equidem
1278 4638 1382 4677 non
1442 4624 1711 4689 mirarer,
1776 4625 1819 4679 si

260 4711 525 4780 Spiritum
583 4720 829 4765 sanctum
879 4711 931 4763 in
987 4710 1280 4781 Scripturis
1360 4712 1577 4782 oblique
1654 4713 1819 4768 Deum

258 4804 513 4873 appellari
580 4803 805 4859 dixisset
856 4802 1081 4859 Basilius
1140 4821 1152 4857 :
1217 4806 1352 4871 sed,
1432 4814 1489 4858 ut
1558 4806 1684 4860 mihi
1744 4807 1822 4860 vi-

260 4898 439 4962 detur,
478 4894 735 4964 Spiritum
772 4906 1018 4949 sanctum
1052 4897 1238 4950 eodem
1267 4914 1372 4966 quo
1407 4898 1638 4951 Verbum
1666 4899 1822 4952 modo

262 4990 313 5043 in
340 4988 639 5057 Scripturis
661 4990 825 5043 Deum
862 4990 1118 5059 appellari
1154 4990 1218 5056 ⁸⁸,
1254 5006 1353 5046 nec
1384 4992 1518 5061 ipse,
1549 5006 1647 5045 nec
1671 4993 1821 5061 quis-

261 5095 425 5149 quam
461 5080 618 5145 alius,
655 5080 758 5134 nisi
791 5080 954 5136 fuerit
978 5079 1196 5134 omnino
1221 5080 1623 5149 Scripturarum
1655 5082 1822 5149 rudis,

262 5172 443 5225 dicere
468 5171 665 5239 potuit.

334 5258 422 5311 74.
476 5258 607 5312 Illud
656 5256 897 5323 Joannis,
941 5258 1103 5313 Pater
1136 5259 1307 5329 major
1346 5278 1425 5315 me
1454 5272 1529 5315 est
1558 5264 1623 5327 "’,
1656 5263 1737 5318 bis
1767 5263 1820 5317 in

265 5356 415 5410 libris
446 5365 628 5408 contra
657 5354 993 5408 Eumomium
1022 5357 1361 5426 explicatur:
1396 5358 1491 5412 sed
1518 5358 1630 5413 lucc
1658 5360 1825 5428 expli-

265 5447 410 5503 catio
449 5458 554 5501 tam
588 5448 801 5503 diversa
835 5458 939 5512 est,
973 5457 1031 5502 ut
1063 5449 1181 5517 ejus
1212 5465 1349 5503 unus
1376 5459 1428 5503 et
1474 5450 1611 5505 idem
1641 5463 1826 5507 auctor

263 5556 387 5596 esse
439 5556 543 5595 non
590 5542 782 5610 possit.
828 5542 919 5595 Ait
971 5541 1133 5612 igitur
1178 5544 1410 5613 scriptor
1440 5545 1617 5613 quarti
1668 5543 1813 5613 libri,

1930 4633 2262 4688 adversariis
2297 4632 2649 4685 callidissime
2688 4629 2791 4681 dici
2841 4627 3075 4692 solitum,
3130 4625 3389 4679 Basilium
3436 4624 3490 4675 in

1928 4733 2121 4793 quarto
2144 4725 2198 4777 in
2235 4723 2555 4776 Emiomium
2607 4721 2742 4773 libro
2775 4730 3083 4773 exsecutum
3136 4718 3302 4771 fuisse
3348 4716 3490 4785 quod

1929 4816 1979 4869 in
2011 4814 2246 4869 secundo
2273 4814 2540 4867 facturum
2571 4827 2631 4867 se
2664 4816 3005 4881 promiserat.
3053 4809 3287 4863 Basilius
3319 4810 3489 4874 enim,

1930 4909 2197 4977 inquiunt,
2230 4906 2585 4973 pollicebatur
2614 4909 2663 4959 in
2699 4904 2934 4958 secundo
2962 4913 3145 4955 contra
3168 4900 3491 4955 Eunamium

1928 5001 2081 5063 libro,
2102 5014 2161 5053 se
2184 4998 2249 5049 ab
2270 4998 2353 5050 illa
2372 4996 2681 5051 Salomonis
2712 4996 3000 5057 sententia,
3016 4994 3268 5047 Dominus
3293 4993 3490 5046 crearit

1926 5108 2005 5144 me
2040 5091 2107 5153 ⁸³,
2143 5088 2315 5142 fusius
2348 5089 2400 5141 in
2440 5086 2659 5155 proprio
2694 5086 2810 5140 loco
2864 5084 3166 5140 locuturum
3199 5102 3212 5137 :
3253 5081 3393 5150 quod
3424 5079 3494 5133 ab

1929 5197 1992 5236 eo
2023 5182 2073 5235 in
2102 5180 2237 5235 libro
2277 5188 2469 5249 quarto
2499 5178 2697 5231 factum
2722 5176 2888 5230 fuisse
2936 5181 3176 5228 censent.
3233 5171 3344 5239 Ego
3373 5168 3493 5237 qni-

1928 5272 2046 5325 dem
2084 5285 2187 5324 non
2230 5284 2365 5339 nego
2395 5270 2507 5322 hinc
2540 5267 2804 5335 promissa
2846 5279 2965 5319 esse
3005 5278 3033 5316 a
3067 5260 3267 5314 Basilio
3304 5258 3395 5310 lib.
3426 5254 3488 5319 ll,

1933 5381 2080 5418 num.
2108 5364 2179 5417 20
2215 5379 2228 5417 :
2264 5363 2357 5418 sed
2396 5362 2466 5415 ita
2514 5361 2704 5423 sentio,
2768 5367 2975 5413 tantum
3043 5355 3235 5407 abesse
3281 5359 3335 5404 ut
3390 5349 3491 5402 hoc

1933 5467 2122 5507 eorum
2163 5452 2478 5507 sententiam
2518 5450 2776 5510 stabiliat,
2806 5458 2863 5500 ut
2897 5460 3014 5498 eam
3047 5444 3225 5512 potius
3252 5440 3492 5494 funditus

1936 5553 2165 5600 evertat.
2194 5544 2280 5608 Et,
2310 5552 2447 5597 utea
2473 5543 2536 5597 de
2558 5556 2616 5595 re
2641 5556 2671 5594 a
2695 5539 2936 5610 quolibet
2965 5534 3260 5591 existimari
3296 5531 3491 5603 possit,

338 5678 417 5748 (ιι)
442 5678 580 5749 Lege
610 5680 892 5750 Prologum
923 5681 1011 5750 qui
1044 5681 1094 5735 in
1125 5680 1252 5734 edit.
1284 5680 1451 5735 Paris.
1478 5689 1681 5746 posuus
1711 5688 1793 5735 est
1816 5690 1937 5736 ante
1961 5682 2154 5738 librum
2189 5690 2432 5753 quartum
2471 5689 2651 5736 contra
2679 5676 3014 5730 Eunomium.

346 5798 393 5828 “
414 5796 563 5852 Joan.
591 5813 628 5865 ι,
655 5798 704 5851 1.

782 5799 824 5830 ⁸⁷
849 5797 999 5854 Joan.
1036 5799 1250 5865 x1v,‘28.
1330 5800 1373 5830 ³⁸
1401 5800 1554 5853 Prom
1581 5814 1697 5861 rm,
1726 5797 1812 5851 22.
