4040 6450
542 409 673 449 CCXL

1897 406 2419 460 PROLEGOMENA.

535 521 715 580 Operm
748 513 979 581 pretium
1015 514 1285 585 ducoqua:
1310 519 1363 572 in
1402 520 1553 575 libris
1580 524 1815 575 secundo
1840 532 1891 577 et
1913 529 2103 592 quarto
2129 528 2175 584 Λ
2207 536 2295 582 νος
2340 522 2404 590 τῇ
2441 521 2612 588 φωνῇ.
2661 537 2678 569 ι
2718 517 2818 584 Qui
2847 526 2989 573 enim
3025 519 3193 579 dixit,
3242 518 3460 573 Possedi
3492 517 3749 569 hominem

537 600 785 668 leSuntur
827 604 901 672 (p.
929 604 1063 670 256,
1102 605 1255 679 293),
1311 609 1598 680 diligenter
1626 611 1767 665 inter
1802 629 1860 668 se
1882 627 2095 681 compa-

540 707 680 747 rare.
705 693 1253 755 Animadvertendum
1294 701 1476 769 igitur,
1510 701 1765 756 Basilium
1792 707 1951 761 verba
1980 704 2093 760 base

540 775 864 847 Salomonis,
900 784 1153 841 Dominus
1185 790 1379 843 crearit
1428 809 1525 857 me,
1577 791 1685 845 alio
1733 797 1946 865 quidem
1978 794 2095 851 loco

538 872 716 937 aptius
746 872 1163 948 diligentiusque
1186 880 1286 933 sibi
1314 882 1672 936 examinanda
1702 886 2040 957 proposuisse
2077 904 2090 940 :

538 960 631 1014 sed
669 971 841 1018 tamen
900 968 1011 1023 hate
1052 971 1164 1039 ipsa
1206 970 1508 1027 Salomonis
1565 977 1726 1030 verba
1769 991 1875 1033 tam
1934 992 2097 1045 parre

542 1062 753 1121 tamque
814 1058 1154 1130 indiligenter
1193 1065 1245 1118 iu
1307 1078 1497 1135 quarto
1550 1080 1731 1123 contra
1782 1071 2095 1125 Ettnomitmt

539 1141 677 1195 libro
705 1149 1099 1214 expenduntur,
1132 1163 1189 1205 ttt
1238 1156 1280 1208 si
1330 1159 1447 1223 quis
1478 1156 1737 1214 BlSiiitlllt
1790 1164 1977 1216 harum
2014 1160 2093 1213 iu-

540 1236 985 1299 terpretationtnn
1009 1238 1173 1296 faciat
1195 1256 1494 1311 auctorem,
1524 1264 1645 1303 eum
1688 1250 1966 1321 promissis
1990 1266 2095 1305 non

534 1323 749 1379 stetisse
785 1328 1018 1385 fateatur
1048 1350 1267 1390 necesse
1309 1338 1401 1391 sit.
1453 1338 1517 1394 Et
1550 1356 1677 1396 vero
1701 1344 1742 1395 si
1769 1341 1897 1408 quid
1932 1342 2096 1395 alicu-

530 1414 620 1481 jus
651 1423 909 1475 momenti
964 1423 1155 1489 legitur
1186 1428 1236 1479 in
1267 1428 1408 1485 libro
1454 1442 1671 1501 quarto,
1704 1431 1753 1483 id
1778 1431 1888 1499 jam
1933 1446 1961 1484 a
1996 1430 2097 1483 Ba-

536 1504 661 1560 silio
711 1523 1136 1579 praeoccupatum
1171 1516 1348 1572 fuerat
1402 1521 1453 1573 in
1503 1520 1755 1574 secundo.
1790 1518 1957 1586 Quale
1991 1530 2093 1585 est,

536 1599 678 1661 quod
708 1598 905 1654 dicitur
926 1602 992 1656 de
1024 1607 1290 1675 scriptore
1322 1609 1733 1663 Proverbiorum
1772 1629 1787 1664 :
1821 1625 1919 1666 nec
1943 1611 2096 1664 valde

535 1684 721 1738 dubito
743 1692 1018 1755 quitrlibri
1048 1702 1227 1765 quarti
1259 1709 1447 1753 auctor
1479 1714 1631 1752 suam
1660 1700 2092 1770 explanationem

536 1786 566 1827 a
598 1773 797 1836 Basilio
832 1794 1102 1841 mutuatus
1156 1788 1247 1841 sit.
1298 1787 1544 1857 Reliqua,
1578 1805 1697 1858 qua:
1740 1806 1904 1859 pauca
1945 1799 2089 1857 sunt,

2195 622 2289 677 per
2314 609 2496 672 Deum,
2529 616 2743 660 constat
2767 622 2888 660 eum
2940 609 3040 662 hac
3087 620 3219 659 voce
3266 622 3419 661 usum
3464 614 3601 670 esse,
3640 618 3747 656 non

2194 698 2337 765 quod
2370 706 2607 750 creasset
2656 696 2813 757 Cain,
2856 699 2951 749 sed
3011 694 3151 766 quod
3212 694 3504 761 genuisset.
3541 710 3559 745 s
3611 689 3749 744 Vide

2202 786 2383 855 igitur,
2406 801 2531 842 ecce
2561 786 2652 842 tibi
2678 787 2780 840 duo
2811 786 3077 849 homines,
3100 798 3326 856 quorum
3356 784 3510 849 alter,
3539 793 3596 838 ut
3620 795 3749 852 pro-

2194 877 2424 946 positum
2481 885 2823 945 assequatur,
2875 890 3018 941 eum,
3072 892 3233 945 quem
3285 872 3420 933 disi,
3478 872 3750 928 Geneseos

2195 966 2370 1020 locum
2404 967 2658 1034 depravat
2690 965 2868 1033 ;a|ter
2896 976 3022 1018 vero
3046 964 3188 1020 hunc
3215 967 3387 1035 ipsum
3417 960 3591 1014 locum
3625 969 3751 1031 apte

2194 1068 2246 1113 et
2276 1059 2433 1111 docte
2467 1058 2619 1111 citat.
2659 1058 2754 1113 llic
2786 1056 3000 1112 tandem
3035 1056 3162 1111 huic
3212 1053 3556 1126 disputationi
3587 1051 3749 1107 tinent

2198 1152 2487 1219 imponam,
2520 1149 2565 1201 si
2600 1158 2779 1203 tamen
2811 1150 2958 1220 prius
2990 1161 3269 1213 monuero,
3328 1164 3431 1208 me,
3466 1142 3608 1212 quod
3660 1154 3752 1195 res

2197 1252 2319 1295 nuta
2348 1241 2439 1305 sit,
2468 1255 2573 1295 non
2605 1240 2890 1295 allaturum
2946 1238 3179 1309 insignia
3226 1238 3430 1306 aliquot
3478 1232 3747 1300 exempla,

2196 1333 2393 1400 quibus
2422 1330 2631 1385 ostendi
2687 1334 2857 1401 possit
2885 1346 3048 1401 opera
3086 1329 3261 1398 aliqua
3301 1329 3423 1383 aliis
3452 1322 3753 1383 etiamPa-

2198 1425 2366 1479 tribus
2403 1422 2530 1477 olim
2563 1421 2696 1477 falso
2733 1426 2935 1479 tributa
2968 1422 3174 1476 fuisse:
3215 1433 3385 1486 neque
3412 1420 3547 1473 banc
3577 1428 3750 1471 meam

2194 1516 2498 1584 opinionem
2519 1514 2845 1568 obstinatius
2874 1510 3244 1573 defensurum,
3288 1511 3331 1562 si
3372 1522 3492 1562 eam
3524 1506 3753 1563 eruditis

2194 1608 2501 1662 hominibus
2532 1620 2637 1661 non
2662 1607 2877 1675 probari
2912 1606 3229 1675 intelligam.

2198 1740 2226 1813 ς
2252 1740 2362 1798 XII.
2392 1738 2936 1796 Delucubratiuncula
2963 1741 3184 1810 quadam
3220 1739 3284 1793 de
3325 1733 3524 1807 Spiritu
3547 1740 3753 1787 sancto.

536 1881 659 1923 cum
689 1881 862 1925 tamen
892 1873 1120 1930 Basilius
1166 1854 1572 1945 responsionem
1597 1854 1816 1949 longam
1847 1889 1901 1933 et
1932 1854 2093 1933 accu;
2122 1854 2169 1914 Β
2267 1870 2356 1926 76.
2393 1871 2646 1940 Sequitur
2671 1880 2788 1939 post
2820 1871 3065 1940 quintum
3095 1872 3149 1924 in
3180 1871 3498 1926 Eunomium
3553 1865 3752 1919 librum

539 1967 710 2010 ratam
749 1961 1061 2025 promisisse
1102 1963 1367 2030 videatur,
1416 1979 1509 2020 aut
1563 1982 1668 2020 non
1720 1966 1996 2036 pertinent
2025 1968 2092 2024 ad

537 2062 677 2111 rem,
722 2059 815 2103 aut
864 2067 1143 2122 perperam
1188 2065 1239 2109 et
1305 2070 1489 2112 contra
1542 2058 1799 2113 librorum
1851 2062 2090 2116 omnium

536 2134 694 2189 fidem
744 2141 1109 2206 proferuntur.
1140 2144 1473 2211 Adprimum
1502 2162 1669 2216 genus
1717 2158 1927 2218 spectat
1960 2148 2091 2205 illud

538 2224 792 2283 Davidis:
824 2231 1083 2299 Καρδίαν
1134 2236 1400 2304 καθαρὰν
1451 2238 1665 2294 κτίσον
1712 2240 1783 2295 ἐν
1830 2242 1958 2311 ἐμοὶ
1985 2281 1999 2305 ,
2059 2244 2092 2295 ό

535 2320 702 2385 Θεός.
739 2321 841 2374 Cor
868 2329 1115 2378 mundum
1158 2344 1276 2381 crea
1313 2330 1362 2382 t'tt
1387 2346 1485 2396 me,
1520 2332 1656 2385 Deus
1684 2332 1749 2384 ⁸⁸.
1772 2332 1901 2385 Item
1928 2334 2089 2386 illud:

533 2409 727 2464 Γενοῦ
756 2428 855 2481 μοι
876 2414 963 2480 εις
994 2416 1141 2470 Θεὸν
1165 2421 1641 2487 ὐπεριισπιστήν.
1690 2421 1818 2475 Esto
1863 2424 1991 2476 mihi
2036 2424 2091 2476 in

534 2496 702 2553 Deum
750 2508 1178 2568 protectorem”.
1223 2508 1351 2559 Illud
1395 2523 1657 2579 quoque:
1708 2512 1946 2581 Ἐγένου
1989 2530 2093 2582 μοι

529 2593 622 2657 εις
657 2596 975 2662 σωτηρίαν.
1039 2594 1236 2651 Factus
1267 2615 1321 2652 es
1368 2602 1494 2655 mihi
1527 2604 1580 2655 in
1624 2603 1844 2659 salutent
1872 2606 1941 2660 ἰ.
1972 2604 2091 2660 Uno

531 2684 720 2750 verbo,
740 2686 983 2755 quisquis
1004 2686 1192 2759 leget-it
1219 2690 1381 2747 breve
1419 2694 1520 2749 hoc
1543 2696 1693 2765 quasi
1714 2696 2090 2765 fragmentum,

534 2776 588 2831 in
614 2790 722 2846 quo
749 2790 936 2835 auctor
966 2782 1139 2837 locum
1190 2783 1603 2842 Proverbiorum
1673 2788 1962 2858 explanare
2013 2792 2097 2845 in-

534 2869 811 2933 stituerat,
843 2885 1202 2941 nequaquam,
1226 2884 1377 2942 puto,
1407 2875 1736 2930 inﬁciabitur
1759 2878 1928 2945 ipsum
1954 2893 2095 2946 saepe

534 2956 749 3024 quidvis
774 2960 952 3026 potius
994 2961 1209 3026 fecisse,
1239 2978 1400 3031 quam
1453 2967 1596 3033 quod
1652 2967 1955 3022 iaciendum
1990 2970 2091 3025 sibi

534 3058 907 3117 praposuerat.
941 3052 1019 3105 Ad
1058 3054 1352 3109 secundum
1385 3070 1556 3123 genus
1598 3056 1790 3111 referri
1820 3073 1978 3129 posse
2016 3062 2095 3114 vi-

532 3136 692 3193 detur
762 3139 887 3194 illud
933 3160 945 3195 :
1006 3142 1325 3212 Ἐποίησεν
1374 3146 1545 3213 υἱοὺς
1598 3148 1699 3203 καὶ
1752 3150 2094 3221 θυγατέρας.

538 3228 684 3287 Fecit
717 3234 855 3302 filios
876 3246 923 3290 et
956 3237 1122 3306 ﬁlias.
1154 3236 1287 3293 Nam
1329 3240 1381 3294 in
1416 3240 1555 3296 Gen.
1605 3257 1725 3312 cap.
1761 3258 1795 3295 v
1833 3260 1939 3299 non
1974 3260 2098 3301 raro

538 3322 638 3392 legi
669 3325 957 3396 ἐγέννησεν
986 3328 1135 3393 υἱοὺς
1180 3330 1274 3383 καὶ
1306 3332 1628 3401 θυγατέρας,
1658 3352 1677 3384 ι
1714 3332 1911 3388 Genuit
1959 3335 2099 3390 ﬁlios

536 3426 591 3467 «ιι
625 3416 783 3479 tilias,
818 3436 836 3468 s
874 3420 988 3473 scio
1009 3423 1224 3487 quith
1258 3441 1272 3475 :
1309 3429 1401 3474 sed
1432 3424 1519 3475 ubi
1559 3423 1818 3491 scriptum
1848 3423 2095 3478 invenia-

537 3517 645 3573 tur,
672 3507 922 3579 ἐποίησεν
960 3511 1108 3573 υἱοὺς
1139 3512 1233 3564 καὶ
1261 3510 1587 3583 Θυγατέρας,
1624 3531 1643 3565 t
1692 3511 1845 3568 Fecit
1876 3514 2017 3570 ﬁlios
2044 3524 2099 3572 et

538 3598 709 3662 tilias,
745 3617 764 3649 s
803 3600 1005 3679 nescio.
1057 3598 1312 3656 Fortasse
1370 3602 1608 3669 scriptor
1658 3604 1869 3671 putavit
1921 3603 2099 3673 legere

538 3690 639 3742 sibi
664 3689 847 3754 licere,
891 3691 1144 3761 ἐποίησεν
1168 3692 1314 3756 υἱοὺς
1354 3691 1449 3745 καὶ
1480 3690 1808 3765 θυγατέρας,
1847 3695 1989 3761 (ιυοά
2024 3695 2097 3750 ita

535 3781 653 3848 eius
674 3784 999 3853 propositum
1015 3785 1314 3854 postularet
1343 3800 1357 3837 :
1384 3786 1477 3840 sed
1514 3787 1613 3840 hoc
1640 3788 1687 3838 ei
1721 3787 1839 3856 quis
1852 3787 2102 3844 dederit?

542 3872 790 3942 Ejusdem
831 3878 1046 3946 generis
1098 3886 1223 3932 sunt
1263 3889 1317 3932 et
1358 3878 1445 3931 illa
1492 3875 1567 3947 (p.
1597 3876 1756 3947 9.95):
1788 3878 2019 3949 Λέγεται
2044 3878 2101 3933 δὲ

541 3966 636 4019 καὶ
656 3965 747 4019 ἐπὶ
766 3969 1097 4039 γεννήματος
1118 3968 1321 4038 κτίσμα
1344 3968 1436 4020 καὶ
1460 3968 1690 4038 ποίημα,
1710 3968 1785 4031 ὡς
1800 3970 1860 4022 τό
1877 3986 1891 4000 ο
1926 3971 2090 4023 Έκτι·

538 4055 721 4125 σάμην
749 4058 1035 4128 ἄνθρωπον
1078 4059 1165 4110 διὰ
1204 4058 1298 4110 τοῦ
1331 4058 1488 4110 Θεοῦ.
1530 4075 1549 4109 t
1582 4058 1721 4123 Quin
1769 4070 1821 4113 et
1853 4061 2099 4128 genitura

540 4150 738 4204 dicitur
756 4158 1000 4204 creatura
1027 4158 1079 4204 et
1103 4149 1332 4211 factura.
1358 4149 1585 4213 utillud,
1605 4148 1793 4205 Creavi
1826 4150 2097 4207 hominem

540 4255 637 4308 per
666 4241 854 4296 Deum.
894 4261 913 4293 s
954 4241 1118 4307 Satis,
1153 4243 1378 4311 opinor,
1427 4256 1619 4297 omnes
1657 4251 1855 4297 norunt
1891 4259 1999 4299 non
2026 4244 2099 4298 ita

544 4333 646 4403 legi
672 4332 809 4388 Gen.
842 4349 915 4400 ιν,
946 4333 998 4396 l,
1035 4352 1054 4384 ι
1093 4333 1281 4388 Creavi
1308 4333 1574 4388 hominem
1600 4349 1697 4403 per
1724 4332 1924 4391 Deum:
1958 4352 1978 4387 s
2010 4336 2103 4389 sed

544 4432 727 4476 tamen
759 4437 871 4475 rem
908 4422 1068 4489 paulo
1118 4421 1429 4490 diligentius
1456 4423 1788 4477 considerari
1817 4422 1955 4479 volo.
1992 4421 2104 4479 Hoc

545 4514 708 4582 igitur
741 4512 872 4566 dicit
925 4512 1201 4579 scriptor,
1248 4512 1551 4581 genituram
1602 4514 1782 4568 vocari
1838 4528 1997 4584 posse
2051 4524 2104 4570 et

551 4623 573 4657 ι
612 4614 915 4659 creaturam
968 4601 1233 4656 l‘actnram
1266 4618 1279 4652 :
1324 4620 1343 4653 s
1371 4602 1513 4669 quod
1562 4610 1621 4656 ut
1666 4604 1889 4674 probet,
1926 4604 2101 4659 locum

548 4697 826 4752 Gcneseos
850 4707 1199 4763 corrumpere
1254 4694 1458 4747 veritus
1502 4707 1608 4746 non
1664 4702 1768 4747 est.
1817 4691 2105 4751 Enimvero

548 4800 723 4855 neque
755 4786 806 4838 in
836 4783 1050 4844 llibliis,
1104 4796 1276 4851 neque
1321 4782 1374 4837 in
1410 4782 1549 4836 notis
1595 4779 1813 4849 Nobilii,
1845 4797 2023 4853 neque
2051 4785 2103 4838 in

546 4876 819 4942 llexaplis,
842 4890 1020 4943 neque
1051 4874 1104 4927 in
1130 4875 1251 4928 aliis
1282 4887 1401 4943 qum
1426 4872 2110 4944 viderelienitexemplari-

546 4968 648 5021 bus
674 4982 898 5035 usquam
931 4966 1127 5035 legitur
1152 4966 1288 5021 Gen.
1317 4982 1389 5031 tv,
1412 4968 1463 5030 l,
1488 4967 1836 5038 causam”
1856 4968 2033 5022 creari
2055 4986 2067 5020 :
2086 4988 2103 5019 s

548 5055 641 5108 sed
672 5056 870 5122 ubique
902 5068 1093 5117 magno
1124 5053 1384 5108 librorum
1424 5056 1563 5108 inter
1585 5070 1642 5109 se
1670 5071 1939 5110 consensu
1976 5057 2108 5126 legi-

552 5156 641 5195 tur
673 5142 1076 5213 Ἔκτησάμην,
1107 5142 1350 5197 Possedi.
1382 5144 1498 5199 Jam
1524 5146 1805 5199 audiamus
1832 5145 2106 5211 Basilium,

550 5237 641 5299 qui
679 5237 781 5289 huc
819 5236 933 5305 ipso
988 5235 1282 5305 Scriptura:
1334 5236 1649 5290 testimonio
1709 5235 2017 5291 ﬁdelissime
2050 5240 2117 5292 ad

555 5326 967 5395 institutumque
998 5327 1556 5381 accommodatissiute
1598 5344 1727 5382 usus
1773 5338 1857 5383 est
1904 5329 1995 5383 lib.
2052 5345 2114 5395 tt,

556 5434 707 5471 num.
749 5417 837 5471 20.
892 5418 984 5473 Sic
1029 5431 1209 5473 autem
1260 5419 1497 5485 loquitur
1550 5435 1565 5474 :
1649 5420 1708 5472 '0
1753 5420 1862 5489 γὰρ
1911 5420 2113 5487 εἰπὼν,

568 5508 952 5578 Ἐκτησὰμην
980 5508 1289 5579 ἄνθρωπον
1312 5510 1409 5563 διὰ
1431 5510 1535 5563 τοῦ
1573 5511 1739 5571 Θεοῦ,
1775 5513 1895 5582 οὐχὶ
1932 5512 2118 5576 κτίσας

554 5599 644 5652 τὴν
666 5601 826 5666 Κάῖν,
861 5602 996 5655 ἀλλὰ
1026 5607 1305 5675 γεννήσας,
1351 5604 1545 5676 ταύτῃ
1568 5604 1812 5671 φαίνεται
1845 5606 2119 5675 χρησάμε-

629 5775 671 5805 εθ
710 5771 825 5827 l’sal
881 5790 932 5839 ι,
975 5776 1053 5829 l2.
1134 5778 1177 5808 ”
1220 5776 1355 5831 Ps..l.
1400 5793 1521 5844 xxx,
1558 5778 1607 5830 5.

1681 5780 1719 5808 τ’
1747 5777 1885 5833 Psal.
1915 5796 2076 5846 cxvu,
2110 5779 2196 5833 Si.

2197 1961 2653 2017 lucubratiuncula
2679 1961 2921 2031 quasdam
2960 1961 3027 2015 de
3071 1960 3276 2030 Spiritu
3303 1971 3478 2013 sancto
3506 1972 3523 2010 :
3551 1959 3616 2007 de
3647 1965 3754 2022 qua

2196 2067 2339 2109 nunc
2369 2068 2516 2109 more
2546 2065 2733 2109 nostro
2774 2054 3051 2124 disputare
3106 2052 3456 2105 instituimus.
3518 2044 3757 2101 Libellus

2196 2144 2285 2200 illo
2332 2159 2437 2200 non
2479 2146 2661 2217 magni
2709 2154 2792 2201 est
2843 2142 3131 2205 momenti;
3188 2155 3285 2192 nec
3322 2138 3549 2192 multum
3588 2136 3757 2189 refert

2197 2238 2281 2292 cui
2318 2237 2608 2305 tribuatur,
2643 2237 2866 2300 Basilio,
2914 2248 2980 2287 an
3019 2232 3190 2286 cuivis
3236 2229 3392 2285 alteri
3445 2224 3698 2295 scriptori
3735 2238 3750 2275 :

2198 2329 2448 2398 quoniam
2481 2337 2657 2383 tamen
2682 2328 2814 2382 mihi
2843 2340 2947 2381 non
2978 2325 3105 2379 licet
3130 2322 3421 2392 quidquam
3455 2316 3755 2387 praeterire,

2196 2420 2379 2488 paucis
2400 2419 2571 2473 dicam
2604 2418 2744 2488 quod
2778 2417 2974 2472 sentio.
3006 2414 3253 2469 Arbitror
3281 2412 3438 2483 igitur
3463 2411 3564 2465 hoc
3587 2420 3755 2473 opus-

2197 2508 2375 2562 culum
2428 2505 2612 2562 Basilii
2651 2523 2755 2563 non
2785 2521 2904 2563 esse
2948 2524 2963 2561 :
2994 2506 3086 2561 sed
3111 2506 3262 2575 cujus
3290 2505 3380 2570 sit,
3402 2511 3548 2556 certo
3577 2499 3759 2552 dicere

2198 2614 2305 2655 non
2337 2614 2500 2670 queo.
2530 2598 2656 2655 Mihi
2691 2608 2867 2655 tamen
2890 2598 3183 2654 verisimile
3228 2598 3287 2650 lit
3317 2591 3672 2662 compositum
3700 2585 3754 2638 id

2203 2690 2372 2747 fuisse
2405 2691 2473 2745 ab
2504 2692 2606 2745 hoc
2654 2691 2771 2761 ipso
2813 2689 3101 2759 scriptore,
3150 2690 3241 2756 qui
3279 2686 3496 2737 ultimos
3534 2680 3667 2734 duos
3701 2678 3758 2730 itt

2200 2781 2518 2835 Eunomium
2544 2782 2708 2837 libros
2737 2780 2927 2835 edidit.
2964 2779 3032 2832 Et
3074 2778 3288 2847 quidem
3323 2789 3427 2829 non
3458 2782 3603 2826 tanta
3632 2769 3755 2825 dili—

2199 2871 2377 2939 gentia
2428 2870 2662 2939 scriptus
2714 2878 2797 2924 est
2824 2870 2913 2925 hic
2957 2867 3192 2934 libellus,
3232 2875 3293 2923 ut
3334 2865 3535 2921 Basilio
3565 2864 3757 2933 Magno

2199 2960 2361 3013 tribui
2394 2961 2515 3028 jure
2537 2961 2709 3031 possit
2744 2976 2757 3013 :
2791 2960 2900 3016 imo
2926 2958 3105 3031 potius
3128 2961 3458 3031 compositus
3496 2967 3580 3014 est
3614 2956 3757 3012 iudi-

2201 3051 2420 3124 ligentis
2443 3067 2528 3120 es,
2550 3068 2670 3124 qua
2698 3054 2751 3108 in
2774 3068 2896 3109 eum
2918 3068 3075 3124 quem
3101 3054 3209 3108 disi
3228 3055 3539 3122 scriptorem
3557 3048 3760 3117 Optime

2203 3151 2505 3202 conveniat.
2541 3146 2692 3213 Quod
2722 3158 2901 3203 autem
2927 3147 3058 3209 disi,
3103 3145 3270 3198 videri
3324 3144 3461 3196 hanc
3514 3140 3763 3195 lucubra-

2203 3239 2493 3293 tiuneulam
2553 3240 2621 3294 ab
2671 3239 2860 3293 eodem
2912 3238 3179 3307 scriptore
3216 3236 3416 3289 editam
3451 3235 3637 3301 fuisse,
3665 3233 3759 3303 qui

2202 3336 2502 3396 postremos
2526 3326 2659 3381 duos
2679 3326 2734 3379 in
2761 3323 3081 3380 Eunomium
3108 3324 3276 3380 libros
3311 3323 3570 3394 vulgavit,
3598 3324 3651 3378 id
3691 3338 3758 3377 es

2203 3418 2343 3471 notis
2396 3424 2559 3486 patet.
2606 3415 2663 3471 ln
2697 3417 2783 3472 his
2823 3417 2966 3472 enim
2998 3418 3307 3473 monuimus
3354 3416 3543 3471 ultima
3586 3414 3759 3485 quinti

2203 3506 2323 3562 libri
2358 3510 2523 3563 verba
2558 3523 2679 3564 cum
2710 3508 2897 3578 primis
2928 3507 3083 3576 hujus
3111 3506 3594 3563 lucubratiunculas
3640 3519 3760 3559 ver-

2201 3601 2286 3656 bis
2311 3600 2383 3655 ita
2414 3602 2465 3656 in
2519 3601 2792 3655 veteribus
2831 3600 3151 3669 quibusdam
3190 3598 3341 3653 libris
3368 3598 3511 3651 inter
3538 3608 3600 3650 se
3631 3608 3764 3649 con—

2197 3692 2369 3764 jungi,
2403 3705 2461 3748 ut
2486 3692 2740 3748 continua
2796 3692 3040 3747 oratione
3088 3690 3245 3760 plane
3288 3690 3535 3759 legantur
3569 3704 3583 3741 :
3618 3688 3763 3757 quod

2205 3797 2351 3843 certe
2381 3786 2583 3841 indicio
2608 3792 2693 3840 est
2719 3784 2863 3839 hanc
2891 3782 3418 3838 lucubratiunculam
3454 3780 3585 3835 nihil
3610 3778 3763 3836 aliud

2204 3894 2347 3943 esse.
2399 3879 2500 3934 nisi
2535 3876 2704 3948 quinti
2757 3875 2882 3932 libri
2930 3874 3201 3947 epilogum
3246 3875 3315 3928 ab
3348 3887 3454 3927 uno
3488 3882 3543 3928 et
3570 3873 3764 3929 eodem

2205 3982 2422 4027 auctore
2440 3971 2829 4041 conscriptum.
2857 3968 2924 4024 Et
2943 3968 3047 4025 hoc
3078 3967 3204 4022 inde
3227 3966 3537 4021 conﬁrmari
3565 3974 3764 4036 potest,

2204 4062 2347 4132 quod
2380 4071 2442 4117 ut
2468 4062 2521 4116 in
2558 4060 2761 4116 ultimis
2799 4061 3006 4117 duobus
3043 4061 3097 4114 in
3126 4058 3447 4114 Eunomium
3478 4057 3659 4121 libris,
3689 4058 3765 4111 ita

2202 4164 2257 4211 et
2290 4155 2342 4209 in
2372 4153 2464 4209 illo
2493 4166 2708 4224 quoque
2759 4151 3023 4223 opusculo
3071 4151 3305 4221 Spiritus
3357 4158 3579 4207 sanctus
3622 4149 3768 4205 Deus

2204 4256 2445 4303 vocetur.
2480 4244 2595 4312 Qua
2630 4253 2809 4300 autem
2857 4242 3137 4313 diligentia
3168 4242 3405 4311 scriptus
3448 4242 3521 4297 sit
3559 4241 3651 4295 hic
3695 4240 3768 4294 li-

2206 4335 2397 4401 bellus,
2440 4334 2551 4404 jam
2582 4333 2878 4390 videamus.
2930 4332 3031 4388 Ubi
3067 4341 3254 4387 auctor
3300 4334 3366 4386 de
3395 4332 3569 4385 anima
3631 4343 3767 4398 pura

2210 4428 2481 4496 loquitur,
2541 4425 2613 4478 ita
2649 4424 2864 4491 scripsit
2910 4440 2928 4477 :
2970 4423 3217 4496 Προσετω
3248 4422 3303 4474 δὲ
3343 4420 3531 4491 ἡσύχῳ
3554 4421 3621 4489 τῇ
3668 4436 3771 4474 κα-

2207 4517 2483 4571 ταστάσει.
2521 4514 2758 4583 Ἤσυχον
2796 4511 2852 4564 δὲ
2892 4511 3061 4581 αὐτῆς
3099 4510 3256 4571 ἔστω,
3291 4509 3547 4579 μὴμόνον
3580 4507 3641 4562 τὸ
3668 4525 3769 4563 πε-

2212 4604 2517 4677 ρικείμενον
2541 4602 2719 4672 σῶμα,
2752 4600 2845 4653 καὶ
2871 4600 2901 4651 ὁ
2944 4598 3036 4653 τοῦ
3069 4598 3314 4669 σώματος
3344 4597 3581 4653 κλύδων’
3630 4598 3771 4655 ἀλλὰ

2209 4702 2303 4755 καὶ
2334 4700 2442 4752 πᾶν
2469 4697 2528 4751 τὸ
2548 4695 2829 4767 περιέχον·
2858 4692 3107 4764 οὐρανὸς,
3152 4692 3244 4763 γῆ,
3275 4691 3536 4757 Θάλασσα,
3573 4692 3670 4746 καὶ
3702 4695 3772 4747 τὰ

2210 4792 2268 4842 ὲν
2292 4790 2501 4851 τούτοις
2525 4786 2737 4855 λογικά.
2769 4804 2787 4837 t
2815 4785 3042 4838 Accedat
3074 4792 3250 4837 autem
3285 4783 3571 4852 tranquillo
3600 4794 3768 4838 statu.

2214 4880 2323 4934 Nec
2354 4880 2523 4933 solum
2552 4892 2745 4944 corpus
2770 4876 2887 4943 ejus
2909 4875 3322 4942 cireumjacens,
3351 4884 3407 4928 ct
3447 4886 3613 4928 tesws
3644 4890 3765 4928 cor-

2212 4976 2358 5043 poris
2407 4969 2694 5037 tranquilla
2726 4968 2829 5021 sint
2860 4985 2874 5021 :
2908 4968 3001 5021 sed
3046 4968 3205 5020 etiam
3241 4966 3499 5035 quidquid
3526 4967 3689 5019 ambit
3718 4975 3771 5018 et

2210 5060 2695 5131 circumplectitur,
2724 5058 2917 5113 cmlum
2970 5057 3234 5122 videlicet,
3275 5069 3440 5123 terra,
3491 5070 3659 5123 mare,
3716 5066 3769 5110 et

2211 5167 2331 5221 qua:
2368 5153 2422 5205 in
2463 5150 2529 5205 iis
2561 5159 2687 5204 sunt
2739 5148 3047 5203 rationalia.
3085 5166 3104 5198 ι
3132 5147 3294 5214 Quasi
3350 5164 3479 5203 vero
3499 5148 3664 5202 situm
3718 5148 3769 5200 in

2210 5242 2367 5296 nobis
2390 5249 2555 5302 esset,
2594 5250 2649 5295 ut
2686 5239 2879 5294 celum
2915 5250 3165 5307 terraque
3212 5248 3268 5291 et
3292 5254 3441 5293 mare
3480 5238 3769 5306 tranquilla

2213 5332 2411 5387 iurent.
2450 5330 2601 5397 Quod
2632 5330 2893 5400 sequitur,
2928 5332 2999 5384 ita
3024 5332 3309 5384 obscurum
3358 5339 3463 5393 est,
3496 5330 3774 5385 utdoetis-

2215 5421 2337 5477 simi
2368 5423 2473 5476 duo
2520 5422 2619 5475 viri
2646 5415 3037 5490 Trapezuntius
3068 5432 3119 5473 et
3142 5420 3494 5475 Combelisius
3540 5420 3771 5492 scripto-

2220 5517 2297 5569 ris
2330 5513 2652 5567 sententiam
2692 5528 2796 5566 non
2840 5513 3069 5565 assecuti
3122 5512 3284 5565 fuisse
3331 5512 3639 5567 videantur.
3681 5512 3776 5567 Est

2221 5616 2397 5662 autem
2422 5604 2681 5674 ejusmodi
2718 5625 2729 5659 :
2762 5603 2870 5657 Καὶ
2898 5605 3043 5657 πᾶσα
3078 5604 3365 5667 ὑπόστασις
3402 5603 3645 5673 δικαίων,
3684 5608 3777 5659 καὶ
