4040 6450
1453 382 1734 440 NOTITIA
1779 381 1872 435 EX
1913 381 2256 437 FABRICIO.

3294 404 3488 444 CCXLI"

230 503 482 557 caeteros,
534 508 625 561 qut
674 494 741 550 de
788 494 1139 564 scriptoribus
1176 496 1573 553 ecclesiasticis
1625 512 1806 569 egere.
1839 502 1886 559 Α
1923 495 1984 548 tii
2022 495 2287 560 narratio,
2311 496 2407 551 sed
2432 494 2628 566 saepius
2651 498 2970 561 emendata;
3002 506 3262 567 praeterea
3298 501 3491 555 multas

220 584 497 641 Antonius
545 584 875 641 Possevinus
927 588 982 641 in
1029 588 1303 657 Apparatu
1348 606 1500 643 sacro
1534 591 1696 644 etiam
1746 593 1812 645 de

221 676 509 732 codicibus
536 678 884 746 scriptorum,
917 678 1100 733 Basilii
1154 694 1313 733 manu
1346 682 1608 748 exaratis,
1636 684 1725 751 qui
1756 684 1809 736 in

218 769 361 823 bibl.
395 769 729 837 Augustana,
753 769 1082 826 Messanensi
1108 781 1161 827 et
1180 770 1554 830 Monaebiensi
1572 783 1805 841 exstant,

219 870 433 923 monet,
480 871 641 931 atque
694 862 747 915 in
776 862 1056 919 versiones
1081 865 1264 918 varias
1307 867 1630 935 scriptorum
1659 868 1809 921 Basi-

217 951 494 1006 lianornm
570 954 979 1007 observationes
1053 955 1361 1025 complures
1415 972 1537 1012 cum
1609 958 1808 1013 lectore

216 1043 611 1097 communicat.

294 1135 640 1189 Abrabamus
683 1135 958 1193 Scultetus
987 1151 1141 1208 parte
1175 1156 1227 1194 tv
1260 1139 1509 1194 Medulla:
1558 1139 1803 1208 Patrum,

214 1241 344 1295 pag.
378 1226 516 1280 1045
542 1243 694 1297 seqq.

294 1320 441 1374 Guil.
475 1324 686 1376 Caveus
720 1323 772 1375 in
826 1323 961 1378 Vitis
1016 1325 1401 1393 primitivorum
1438 1324 1658 1379 Patrum
1701 1326 1805 1382 Ec-

214 1410 417 1473 clesiw,
454 1408 676 1479 Anglice
707 1412 945 1481 scriptis,
979 1425 1032 1468 et
1063 1413 1259 1468 deinde
1305 1416 1585 1471 translatis
1626 1420 1677 1470 in
1703 1419 1805 1472 lin-

216 1518 355 1569 guas
393 1501 663 1571 Belgicam
727 1514 892 1572 atque
939 1504 1345 1570 Germanicam,
1396 1518 1527 1563 tom.
1588 1511 1629 1564 ll
1674 1511 1802 1566 edit.

216 1590 582 1655 Germanicae,
625 1607 743 1662 pag.
779 1593 881 1648 504
904 1626 930 1635 -
955 1596 1078 1650 598.
1109 1596 1290 1651 Brem.
1336 1599 1495 1663 1701,
1527 1600 1613 1654 4ο.

293 1679 352 1733 D.
390 1681 716 1750 Theophilus
752 1682 1019 1752 Spizelius
1074 1685 1127 1740 in
1190 1685 1368 1742 Vetere
1402 1692 1688 1745 Academia
1715 1691 1806 1746 Je-

214 1789 285 1826 ιιι
308 1773 526 1838 Christi,
562 1790 686 1843 pag.
718 1776 787 1830 75
815 1794 931 1847 seq.
967 1780 1136 1835 FABR.

1915 587 2004 642 ille
2039 602 2125 642 res
2152 587 2236 642 vel
2270 589 2472 643 certius
2508 588 2591 643 vel
2620 589 2811 644 saltem
2842 591 3173 659 probabilius
3197 593 3443 659 exposuit
3474 610 3490 649 :

1912 679 2152 733 maxime
2198 690 2413 733 versata
2457 690 2539 734 est
2588 678 2701 746 ejus
2749 696 2879 734 cura
2938 683 2989 734 in
3034 685 3165 747 vita,
3222 684 3493 754 pmcipue

1912 770 2155 839 epistolis
2176 772 2406 840 aliisque
2442 772 2659 840 scriptis
2678 773 2863 827 Basilii
2907 776 3199 828 secundum
3232 779 3493 845 temporis

1910 863 2175 917 rationem
2219 864 2272 917 in
2332 865 2612 919 meliorem
2641 866 2885 919 ordinem
2920 867 3248 935 redigendis,
3277 880 3371 922 aut
3399 886 3493 925 ve-

1909 951 1983 1005 ris
2012 968 2039 1004 a
2080 952 2229 1007 falsis
2254 968 2318 1007 ac
2350 955 2713 1025 supposititiis
2745 956 3115 1009 discernendis
3146 971 3158 1007 :
3192 972 3287 1009 nec
3312 967 3489 1010 tamen

1908 1058 1938 1098 a
1971 1048 2204 1113 partium
2247 1047 2430 1101 studio
2467 1059 2562 1101 aut
2604 1048 2895 1102 timiditate
2925 1048 3155 1116 quadam
3191 1050 3244 1102 in
3273 1047 3490 1117 judiciis

1907 1136 2018 1190 suis
2045 1138 2265 1191 omnino
2297 1139 2397 1192 fuit
2428 1139 2473 1193 is
2508 1139 2716 1194 alienus
2750 1139 2849 1209 (a).

1978 1229 2154 1300 ASqua
2200 1231 2353 1286 lance
2396 1241 2505 1285 tam
2548 1232 2903 1295 eruditionis,
2958 1231 3161 1300 ingenii
3211 1231 3491 1302 animique

1906 1327 2161 1391 virtutes,
2197 1342 2317 1396 quae
2350 1326 2585 1393 insignes
2622 1326 2673 1378 in
2713 1324 2914 1379 Basilio
2952 1324 3018 1377 ill.
3056 1325 3295 1387 luerunt,
3324 1340 3488 1391 quam

1907 1418 2275 1485 inﬁrmitates,
2309 1419 2595 1487 disciplina
2634 1417 2755 1469 vitzc
2785 1419 3098 1470 monasticae
3128 1433 3249 1471 cum
3299 1417 3489 1486 primis

1910 1522 2248 1574 contractas,
2280 1510 2603 1579 ponderavit
2628 1510 2916 1575 sobrioquc
2943 1508 3208 1576 judicavit
3234 1519 3287 1563 et
3320 1509 3485 1563 vitam

1908 1604 2215 1671 scriptaque
2263 1618 2325 1655 ac
2370 1602 2672 1654 doctrinam
2724 1600 2903 1654 Basilii
2950 1600 3167 1666 c0piose
3203 1611 3257 1654 et
3303 1611 3488 1655 curate

1906 1694 2173 1763 exposuit,
2208 1710 2306 1747 nec
2351 1709 2476 1745 raro
2506 1691 2755 1745 Gai-ncrii
2808 1693 3107 1744 sententias
3142 1692 3489 1761 rationesque

1906 1785 2237 1839 exatniuavit
2277 1793 2327 1838 et
2369 1783 2558 1849 rejecit
2600 1782 2683 1836 Jo.
2728 1782 2986 1837 Mattltias
3041 1783 3339 1838 SClII'tBt‘kll
3381 1786 3433 1836 in
3469 1802 3481 1836 :

291 1866 436 1921 Cave
465 1868 517 1921 in
554 1866 793 1923 Historia
821 1871 1087 1927 litteraria
1124 1875 1371 1943 scriptor.
1405 1876 1556 1941 eccl.,
1596 1887 1725 1933 tom.
1758 1878 1798 1945 Ι,
1834 1859 1875 1913 Β
1906 1877 2129 1933 Christl.
2159 1877 2707 1945 Kirchengeschichte,
2740 1886 2878 1941 part.
2914 1892 3034 1935 xm,
3075 1892 3199 1945 pag.
3251 1876 3273 1928 1
3301 1906 3327 1918 -
3355 1876 3483 1930 29.0.

219 1971 347 2026 pag.
386 1958 491 2013 258
518 1975 693 2031 seqq.,
721 1964 809 2021 ed.
840 1962 1006 2019 Basil.

295 2050 403 2105 The
419 2052 635 2122 clergies
669 2054 935 2123 Honour;
964 2072 1049 2121 or,
1082 2060 1173 2112 tlte
1202 2057 1350 2113 Lives
1377 2060 1439 2129 of
1458 2059 1514 2114 S.
1544 2060 1694 2116 Basil
1718 2064 1803 2119 the

215 2141 401 2210 Great,
440 2148 771 2213 arch-bislwp
820 2148 879 2215 of
928 2147 1346 2213 Neo-Cmsarea,
1383 2154 1489 2205 and
1516 2152 1600 2207 St.
1636 2153 1803 2224 Chry-

214 2248 442 2301 sostom,
517 2239 887 2304 arcti-bishop
952 2241 1013 2307 of
1054 2238 1267 2309 CPole,
1328 2243 1509 2297 drawn
1564 2246 1628 2314 by
1694 2261 1806 2315 way

216 2328 283 2396 of
326 2329 579 2383 l’arallel.
632 2330 873 2389 London.
920 2330 1142 2387 Printed
1198 2334 1280 2391 l'or
1321 2334 1416 2390 ιν.
1453 2336 1682 2407 C00per.
1733 2370 1804 2379 —

215 2419 379 2481 1681,
414 2419 470 2473 8.

288 2509 413 2566 Cas.
450 2508 695 2567 Oudinus
752 2512 805 2566 in
861 2510 1155 2569 Comment.
1214 2512 1318 2569 SS.
1352 2516 1560 2581 eccles.,
1595 2527 1723 2572 tont.
1759 2517 1800 2581 l,

208 2618 341 2673 pag.
377 2603 485 2657 543
538 2619 715 2675 seqq.,
751 2606 845 2676 qui
910 2622 968 2661 se
1004 2607 1289 2674 proﬁtetur
1322 2608 1489 2661 multa
1523 2611 1589 2663 ab
1619 2610 1700 2662 El.
1732 2610 1800 2664 dtt

211 2696 314 2751 Pin
366 2697 452 2752 vel
494 2700 717 2766 omissa,
764 2700 850 2756 vel
907 2701 1253 2757 dissimulata
1283 2716 1406 2757 esse
1450 2702 1801 2755 animadver-

214 2791 371 2856 tisse,
404 2800 458 2847 et
505 2793 556 2845 in
588 2808 708 2860 cap.
743 2793 917 2861 primo
946 2795 1113 2848 vitam
1166 2810 1229 2848 ac
1270 2794 1575 2848 doctrinam
1608 2793 1665 2846 S.
1698 2794 1801 2846 Ba-

210 2885 347 2944 silii,
382 2884 648 2938 Caesarea:
695 2886 1079 2953 Cappadocum
1132 2886 1394 2955 episcopi,
1424 2885 1646 2941 uberius
1678 2902 1802 2955 per-

210 2980 366 3045 sequi
379 2989 392 3028 ι
405 2994 487 3032 ιη’.

289 3075 445 3131 Sam.
502 3076 745 3147 Basnagc
802 3077 856 3131 in
920 3077 1142 3143 Anna..,
1204 3086 1336 3131 tom.
1372 3075 1457 3141 lll,
1496 3092 1617 3147 pag.
1647 3076 1800 3140 4,25

1979 1968 2055 2023 De
2089 1969 2378 2038 prmeipuis
2414 1965 2596 2019 Basilii
2636 1967 2855 2034 scriptis
2901 1979 3089 2019 curate
3139 1968 3271 2035 egit,
3325 1978 3380 2022 et
3431 1969 3483 2023 in

1906 2063 2047 2116 notis
2083 2068 2238 2114 acute
2281 2061 2559 2127 libereque
2584 2059 2853 2127 judicavit
2887 2060 2954 2114 de
3002 2062 3110 2115 illis
3139 2060 3353 2115 Setuler
3383 2063 3433 2115 in
3470 2082 3482 2115 :

1906 2153 2214 2208 Geschichte
2238 2152 2331 2206 der
2359 2152 2695 2205 christlichen
2739 2151 3171 2219 Claubenslehre,
3203 2156 3484 2224 prtetnissa

1905 2241 2308 2310 Baumgarteuii
2369 2242 2670 2311 Theologiaz
2708 2242 3000 2309 polemicaz,
3054 2254 3187 2301 tom.
3242 2246 3328 2313 Ill,
3358 2263 3481 2318 pag.

1906 2334 2163 2389 123-168.

1974 2425 2197 2479 tlltristi.
2229 2425 2443 2479 Frider.
2503 2427 2744 2481 Bmssler
2794 2427 2847 2480 itt
2880 2444 2893 2480 :
2927 2426 3176 2480 Biblioth.
3205 2431 3299 2482 der
3353 2428 3483 2482 lt'ir-

1909 2518 2223 2581 cltenvtcter,
2245 2527 2375 2571 tom.
2409 2518 2516 2581 VII,
2547 2535 2669 2587 pag.
2705 2519 2891 2581 1-157,
2922 2521 2988 2573 de
3037 2520 3234 2574 Basilio
3279 2520 3348 2579 Μ.
3378 2523 3489 2592 egit

1903 2620 1959 2665 et
1988 2623 2243 2678 excerpta
2276 2611 2446 2675 dedit,
2474 2612 2712 2679 aspersis
2737 2613 2865 2666 hinc
2900 2612 3026 2666 inde
3059 2614 3215 2668 bonis
3241 2616 3489 2669 animad-

1911 2704 2283 2767 versionibus,
2313 2718 2378 2757 ex
2418 2703 2573 2758 libris
2606 2719 2664 2757 ιιι
2700 2714 2885 2756 contra
2930 2703 3269 2771 Ennomium,
3297 2722 3362 2761 es
3391 2707 3488 2767 lib.

1902 2794 1971 2844 ad
1995 2793 2418 2860 Amphilochium
2450 2798 2514 2846 de
2539 2794 2746 2861 Spiritu
2775 2794 2858 2860 S.,
2885 2810 2948 2849 ex
2981 2794 3218 2851 homiliis
3244 2799 3298 2851 1ο
3326 2800 3489 2851 Deum

1904 2902 2009 2939 non
2048 2902 2157 2939 esse
2202 2896 2471 2939 auctorem
2503 2885 2655 2949 mali,
2681 2888 2740 2938 2°
2777 2887 2853 2939 De
2880 2889 3154 2955 gentilium
3188 2890 3337 2943 libris
3370 2907 3491 2943 cum

1905 2977 2084 3047 fructu
2126 2978 2378 3047 legendis,
2416 2989 2470 3030 et
2500 2978 2558 3032 ’5ο
2591 2978 2665 3031 De
2708 2977 2870 3031 libero
2913 2977 3172 3043 arbitrio;
3205 2996 3267 3034 ex
3296 2983 3493 3038 asceti-

1905 3073 1984 3123 cis
2021 3069 2270 3139 scriptis,
2308 3070 2544 3139 denique
2585 3085 2650 3124 ex
2699 3072 2974 3139 epistolis;
3010 3072 3063 3126 in
3109 3073 3193 3127 bis
3224 3075 3493 3145 praecipue

208 3183 393 3237 seqq.,
426 3183 549 3236 pag.
579 3167 669 3231 29,
712 3170 776 3221 de
832 3179 1072 3236 tempore
1128 3182 1232 3234 quo
1298 3166 1527 3221 Basilius
1581 3174 1800 3221 creatus
1832 3204 1873 3262 ϐ
1908 3172 2130 3217 secutus
2181 3172 2268 3217 est
2316 3162 2690 3216 recensionem
2736 3162 2813 3215 Du
2852 3163 2972 3228 Pin,
3005 3166 3096 3234 qui
3152 3165 3205 3218 in
3254 3169 3493 3221 secundo

211 3261 380 3316 fuerit
408 3261 698 3328 cpiscopus
724 3259 951 3325 Causam,
980 3274 1105 3328 pag.
1130 3259 1216 3320 52,
1245 3258 1313 3312 '56
1339 3274 1515 3329 seqq.,
1536 3259 1607 3312 ιε
1626 3273 1805 3328 seqq.,

210 3353 304 3410 5i.
344 3352 432 3415 (i9,
453 3352 545 3405 '70.

284 3441 403 3499 Jac.
442 3442 689 3514 Basnage
719 3445 771 3498 in
807 3460 820 3495 :
857 3442 1095 3498 Histoire
1144 3442 1208 3496 de
1254 3440 1493 3509 l’Eglise,
1518 3457 1642 3511 pig.
1682 3440 1806 3505 6l5,

212 3536 345 3600 635,
380 3536 481 3591 6H
518 3552 697 3606 seqq.,
728 3537 865 3591 1156
893 3551 1075 3605 seqq.,
1109 3536 1250 3591 1195
1283 3550 1435 3604 seqq.

284 3629 490 3683 Arnold
525 3631 575 3682 in
615 3643 629 3679 :
662 3627 1026 3680 Kirchen-uml
1071 3626 1548 3688 Ketzer—Historie,
1598 3634 1735 3695 part.
1767 3641 1805 3687 ι.

213 3721 312 3776 lib.
342 3736 417 3783 tv,
444 3735 565 3789 cap.
598 3720 652 3785 4,
685 3718 711 3791 §
751 3720 843 3782 57,
872 3717 963 3781 38,
986 3718 1077 3772 59.

285 3813 529 3871 Gottlieb
603 3812 773 3868 Stolle
845 3810 896 3866 itt
931 3827 946 3866 :
984 3809 1276 3864 Nachricht
1327 3826 1425 3865 von
1483 3810 1585 3865 den
1636 3807 1811 3863 Leben

216 3910 409 3964 ....der
438 3905 852 3968 Kircnent'a'ler,
883 3912 1013 3967 elc.,
1045 3918 1167 3974 pag.
1195 3902 1299 3956 559
1338 3916 1490 3971 seqq.

287 4001 357 4055 Β.
388 3999 585 4053 Cciller
614 3996 757 4049 Hist.
810 3998 930 4066 gen.
980 4000 1071 4050 des
1125 4005 1237 4049 aut.
1278 3994 1485 4057 eccles.,
1544 4003 1674 4049 tom.
1718 3994 1807 4061 γι,

213 4108 341 4167 pag.
373 4090 443 4145 60

284 4183 602 4256 Apollinare
644 4180 875 4250 Agresta
929 4175 1051 4230 Vita
1108 4176 1196 4230 del
1260 4177 1697 4247 prolapatriarca
1724 4176 1805 4235 δε.

211 4279 426 4336 Basilio
461 4275 539 4330 Μ.
579 4274 635 4329 ιιι
667 4273 924 4339 Messina,
966 4269 1109 4327 nella
1144 4271 1436 4341 stamperia
1478 4272 1534 4327 di
1573 4270 1810 4327 Viccnzo

208 4373 315 4428 sd‘A
328 4370 492 4434 mico,
518 4368 676 4431 1681,
704 4368 784 4422 ιο.

284 4461 374 4518 Jo.
406 4459 507 4516 Ge.
541 4458 901 4529 Werenberg,
935 4456 1081 4511 Diss.
1144 4457 1210 4510 de
1266 4454 1549 4525 prudentia
1607 4453 1803 4509 Basilii

214 4557 295 4614 ll.
326 4557 384 4608 in
428 4553 727 4621 refutandis
752 4551 1031 4605 htereticis.
1058 4548 1256 4618 Lipsiae
1289 4547 1449 4613 1⁸721,
1479 4546 1556 4601 4ο.

286 4646 339 4703 J.
373 4646 475 4701 Ge.
518 4643 738 4703 Walch.
781 4640 922 4695 Hist.
989 4642 1174 4698 eccles.
1232 4638 1305 4693 N.
1361 4638 1447 4702 T.,
1510 4652 1632 4709 pag.
1669 4638 1804 4693 l'557

216 4755 402 4810 seqq.,
439 4748 495 4792 et
548 4738 754 4808 passim
802 4735 857 4790 in
904 4733 1237 4789 Bibliotheca
1293 4733 1607 4802 patristica;
1666 4729 1806 4784 leua:

217 4833 379 4895 1770,
416 4830 546 4885 mai.
582 4829 635 4883 8.

292 4920 686 4975 bitucidazioni
728 4917 1186 4973 critico-istoriche
1217 4917 1357 4972 della
1401 4917 1508 4970 vita
1553 4917 1608 4969 di
1653 4922 1807 4969 santo

218 5014 425 5069 Basilio
458 5013 536 5069 M.
561 5012 646 5067 dal
671 5009 941 5081 Giuseppe
972 5009 1060 5065 del
1085 5008 1249 5063 Pozo.
1284 5010 1469 5064 Bonna:
1497 5009 1655 5074 1746,
1680 5008 1757 5062 4ο.

293 5101 629 5171 Hamberger
659 5099 711 5153 in
740 5114 752 5150 :
784 5096 1147 5169 Zuvcrltessig.
1190 5098 1528 5166 Nachricht.,
1580 5110 1709 5154 tom.
1745 5097 1808 5163 Il,

218 5209 345 5268 pag.
379 5191 485 5247 804
515 5208 669 5263 seqq.
710 5190 959 5261 Inprimis
1007 5192 1310 5247 laudandus
1336 5202 1421 5245 cst
1449 5208 1477 5245 a
1507 5192 1807 5264 diligentia,

220 5284 402 5340 studio
430 5296 673 5351 curaque
716 5282 767 5336 in
821 5278 943 5333 Vita
990 5280 1176 5335 Basilii
1229 5280 1446 5334 uberius
1492 5281 1808 5350 explicanda

219 5388 275 5430 et
307 5372 620 5442 colligendis
654 5382 817 5442 atque
862 5370 1055 5427 melius
1099 5370 1416 5427 ordiuandis
1448 5370 1634 5428 Basilii
1671 5371 1809 5427 scri-

221 5483 351 5536 ptis.

1914 3264 2061 3308 tomo
2118 3254 2287 3308 Nova:
2340 3254 2508 3319 Bibl.,
2560 3270 2680 3322 pag.
2728 3254 2972 3308 268-512
3024 3258 3152 3309 edit.
3211 3257 3352 3323 Lat.,
3389 3273 3487 3313 eas

1911 3348 2204 3402 secundum
2248 3346 2510 3413 temporis
2552 3346 2800 3399 ordinem
2848 3347 3138 3415 disponere
3195 3358 3358 3419 atque
3398 3366 3494 3404 ex-

1912 3438 2111 3507 plicare
2165 3438 2447 3491 sustinuit.
2504 3437 2613 3493 Sed
2656 3438 2948 3492 dolendqu
2988 3449 3093 3501 est,
3147 3439 3477 3495 Btesslcrum

1909 3531 2151 3584 caruisse
2176 3531 2307 3585 edit.
2344 3529 2621 3595 Garnerii,
2646 3532 2735 3600 qui
2766 3530 2931 3583 multa
2967 3531 3101 3585 vidit
3143 3534 3356 3588 acutius
3382 3548 3493 3589 tne-

1912 3622 2121 3693 Ilusque
2146 3623 2436 3693 disposuit.
2469 3623 2619 3676 Ηιιιιι.

2269 3756 2357 3812 ιν.
2400 3773 2509 3812 Αιιι
2551 3772 2739 3811 θΑειιιι
2780 3772 2951 3812 unus
2996 3773 3123 3810 xxx.

1980 3894 2215 3950 Basilius
2268 3895 2436 3949 abbas
2507 3894 2564 3949 S.
2622 3891 2816 3946 Laurac
2876 3907 3046 3964 prope
3100 3891 3491 3966 Hierosolyma.

1909 3987 2045 4041 Vide
2084 3987 2246 4052 infra,
2286 3986 2574 4041 Maleinus.

1977 4077 2235 4145 Basilius,
2278 4078 2645 4134 Acbridenus.
2685 4076 2820 4135 Vide
2869 4078 3031 4146 infra,
3061 4078 3496 4134 Thessalonicen-

1908 4189 2003 4227 818.

1981 4266 2261 4339 [Basilius,
2294 4267 2584 4338 episcopus
2616 4265 2980 4329 Alexandria,
3009 4279 3132 4320 cum
3162 4262 3230 4317 72
3268 4264 3489 4334 episco-

1910 4360 1994 4430 pis
2035 4358 2358 4429 subscripsit
2390 4358 2680 4421 Gennadii,
2726 4356 3054 4425 patriarchae
3097 4355 3328 4420 CPolit.,
3370 4356 3499 4427 Epi-

1912 4451 2061 4505 stolrc
2108 4452 2401 4523 encyclicte
2458 4452 2523 4505 ad
2579 4465 2773 4505 omnes
2828 4450 3279 4518 melropolitanos
3329 4448 3492 4504 A.C.

1841 4554 1886 4613 ι)
1913 4543 2038 4600 459.
2066 4541 2129 4598 ν.
2164 4544 2286 4598 cod.
2317 4543 2619 4597 Vindobon.
2668 4540 2875 4597 Caesar.
2913 4540 3100 4601 XLIV,
3150 4550 3205 4595 et
3239 4540 3496 4597 Lambcc.

1914 4634 2208 4691 Comment.
2268 4634 2401 4699 Vlll,
2463 4650 2589 4707 pag.
2650 4634 2753 4692 888
2799 4650 2983 4706 seqq.,
3032 4634 3216 4703 ibique
3278 4632 3493 4690 Kollar.

1916 4727 2115 4800 Ilium]

1988 4818 2239 4885 Basilius,
2270 4820 2579 4874 Amasenus
2626 4818 2678 4873 in
2729 4817 3065 4885 Cappadocia
3115 4817 3403 4887 episcopus
3442 4824 3499 4872 et

1918 4922 2127 4983 martyr
2162 4910 2489 4966 Nicomedia:
2522 4910 2587 4963 A.
2619 4908 2679 4962 C.
2719 4908 2847 4973 522,
2873 4914 2939 4965 de
2970 4924 3080 4979 quo
3120 4908 3498 4965 Henschenius

1918 5004 1973 5058 in
2008 5004 2153 5058 Actis
2190 5015 2447 5065 sanctor.,
2482 5010 2613 5055 tom.
2652 4998 2717 5054 Ill
2774 5003 2943 5071 April.
2976 5000 3070 5062 26,
3099 5014 3225 5069 pag.
3248 4999 3352 5054 “6
3379 5016 3475 5069 seq

1912 5098 2051 5152 Acta
2112 5094 2203 5147 illa
2258 5093 2505 5148 fabulosa
2552 5092 2803 5147 videntur
2851 5088 3087 5156 Valcsio,
3124 5105 3246 5160 pag.
3290 5088 3396 5145 208
3428 5091 3495 5142 ad

1915 5186 2111 5243 Euseb.
2145 5185 2444 5259 [canticum
2471 5200 2615 5241 sacr.
2645 5187 2695 5237 in
2720 5183 2871 5236 illum
2900 5181 2954 5237 d.
2978 5182 3049 5238 26
3080 5183 3214 5253 Apr.
3240 5179 3305 5235 ιτ.
3330 5179 3495 5235 Lant-

1914 5282 2031 5335 bec.
2072 5278 2276 5335 Comm.
2309 5276 2445 5342 Vlll,
2480 5292 2601 5348 pag.
2636 5273 2789 5348 2l0.]

1984 5371 2213 5435 Basilas,
2245 5370 2362 5426 sive
2403 5369 2631 5424 Basilius
2679 5371 2822 5423 arcis
2853 5367 3099 5423 Mecth
3126 5365 3202 5435 (b)
3237 5373 3399 5435 atque
3429 5365 3498 5419 ab

1915 5469 1983 5521 A.
2015 5466 2075 5521 C.
2104 5464 2231 5527 556,
2264 5480 2373 5535 quo
2416 5462 2729 5517 Marcellum
2773 5463 2826 5517 itt
2858 5460 3061 5533 synodo
3088 5458 3250 5516 CPol.
3282 5458 3498 5527 deposi-

290 5562 401 5619 Jul.
434 5558 755 5617 Garnier.in
784 5558 903 5613 Vita
930 5559 988 5613 S.
1018 5556 1224 5622 Basilii,
1259 5560 1545 5629 prmmissa
1586 5572 1715 5615 tom.
1752 5558 1823 5613 ll‘l
1921 5568 2032 5612 tum
2063 5565 2300 5619 constat,
2330 5556 2651 5624 Ancyranus
2676 5555 2987 5623 cpiscopus,
3033 5552 3099 5607 de
3133 5568 3239 5622 quo
3269 5550 3494 5604 llieron.

219 5651 383 5721 0pp.,
402 5667 527 5723 pag.
547 5650 1180 5707 xxxvu-cxxxvtttBasis
1204 5653 1420 5717 qoidem
1434 5651 1825 5707 estTillemon-

1925 5651 1999 5703 De
2024 5650 2264 5716 scriptor.
2292 5647 2501 5712 ποίεε..
2537 5663 2657 5718 cap.
2691 5645 2778 5700 89.
2816 5644 2979 5698 Plura
3010 5645 3077 5700 de
3115 5659 3180 5698 eo
3208 5641 3499 5698 Tillemon-

293 5768 371 5894 5a)
410 5766 610 5821 Recole
645 5775 825 5821 notam
856 5764 933 5833 (1)
968 5762 1264 5833 superioris
1294 5764 1503 5831 paginae
1526 5778 1705 5818 ccxu.
1742 5762 1906 5818 Ευιτ.
2861 5830 2873 5841 _
3113 5828 3124 5841 .
3329 5828 3338 5837 _
3377 5826 3387 5838 .

322 5842 371 5894 ὸ)
407 5837 630 5893 Rectius
654 5839 705 5890 in
730 5836 971 5894 pluribus
990 5837 1145 5889 codd.
1185 5834 1309 5890 libri
1348 5836 1753 5894 llieronvtniani
1791 5834 1862 5889 De
1890 5831 2231 5894 scriptoribus
2261 5831 2473 5894 eccles..
2503 5844 2625 5894 cap.
2652 5828 2742 5894 89,
2774 5831 2988 5894 legitur,
3018 5836 3154 5883 artis
3201 5828 3386 5882 medici

322 5828 371 5912 lt}
407 5837 630 5893 Rectius
654 5839 705 5890 in
730 5828 971 5903 pluribus
990 5828 1145 5889 codd.
1185 5828 1309 5890 libri
1348 5828 1753 5906 llieronymiani
1791 5834 1862 5889 De
1890 5831 2231 5905 scriptoribus
2261 5831 2473 5899 eccles.,
2503 5844 2625 5901 cap.
2652 5828 2742 5897 89,
2774 5830 2988 5901 legitur,
3018 5828 3154 5883 artis
3201 5828 3493 5882 medicina‘.
