4040 6454
1513 394 1792 452 NOTITIA
1834 395 1927 449 EX
1971 398 2311 455 FABRICIO.

3352 399 3525 445 ςεκιν

282 518 393 579 829
415 522 483 579 ad
514 521 613 578 8H
646 520 807 573 rebus
838 516 1069 587 praefuit,
1094 525 1275 572 exstat
1301 513 1352 569 in
1387 516 1697 574 CombeIIsii
1733 519 1852 575 Ma-
1881 527 1930 583 Α
1954 522 2180 579 Coisliu.
2212 521 2467 585 CCLXX,
2512 531 2673 591 quam
2727 513 2892 572 edidit
2944 510 3235 569 Moutlauc.
3277 511 3331 565 in
3382 509 3522 567 Bibl.

281 615 463 684 stipula
496 615 633 680 orig.
666 608 858 675 CPol.,
891 623 1013 679 pag.
1062 606 1320 665 110-145.
1358 608 1533 665 Paris.
1572 609 1734 675 1664,
1762 615 1840 667 4ο.

281 703 449 760 Faen.
482 701 719 770 Epistola
763 700 850 755 illa
899 701 1174 772 synodalia
1226 698 1293 754 all
1341 701 1531 771 imper.
1578 699 1849 775 Theophi—

279 795 391 850 lum
420 792 856 857 Iconomachum,
891 810 989 864 pro
1031 791 1179 847 cultu
1231 806 1510 847 sacrarum
1549 792 1845 863 imaginum

280 898 620 942 memoratur
651 896 705 939 et
743 886 896 943 locus
925 884 1236 954 excerpitur
1263 901 1293 940 a
1330 884 1619 939 Lambecio
1645 885 1844 947 Comm.

279 980 348 1030 de
371 978 499 1031 bibl.
531 977 757 1045 Ca'sar.,
810 979 920 1033 vol.
949 974 1080 1040 VIII,
1108 991 1230 1047 pag.
1265 977 1390 1032 697.
1423 977 1560 1030 Add.
1600 992 1720 1049 pag.
1746 980 1850 1035 708

278 1082 458 1137 καφ,
490 1068 577 1121 ubi
610 1070 659 1122 in
695 1079 819 1124 nota
867 1066 1224 1122 Combelisius
1254 1067 1499 1136 carpitur
1534 1077 1589 1124 et
1629 1080 1849 1124 contex-

281 1169 371 1211 tus
393 1158 489 1213 Gr.
524 1160 786 1215 beneﬂcio
823 1156 1025 1212 codicis
1052 1157 1285 1213 Caesarei
1338 1158 1636 1228 suppletur.
1689 1159 1845 1214 ConI'.

276 1262 441 1318 supra
476 1250 583 1303 vol.
617 1248 750 1309 VIII,
792 1262 913 1319 pag.
942 1249 1032 1311 8i,
1058 1254 1194 1301 sect.
1224 1245 1277 1299 5.
1323 1246 1494 1303 Hane.

353 1338 627 1411 [Basilius,
657 1338 1084 1406 Λατινελέγκτης
1123 1336 1574 1394 ltieromonachus
1616 1336 1850 1404 Studita,

278 1433 371 1499 qui
404 1438 591 1484 contra
636 1428 857 1482 Latinos
902 1427 1139 1495 scripsit,
1181 1438 1514 1482 memoratus
1543 1427 1611 1482 ab
1657 1429 1852 1487 Allatio

280 1521 359 1574 Dc
382 1536 652 1580 consensu,
676 1535 729 1587 p.
765 1518 872 1572 555
898 1528 950 1573 et
980 1518 1105 1573 624.
1138 1518 1335 1589 IIanI..]

353 1611 584 1665 Basilius
607 1610 1056 1679 Irenopo!itanus,
1089 1623 1375 1679 perperam
1410 1623 1440 1663 a
1470 1609 1636 1666 Cilice
1663 1611 1854 1666 distin-

280 1704 466 1771 guitur
494 1705 546 1759 in
597 1702 1006 1772 Chartophylace
1040 1700 1200 1754 Cavei
1232 1700 1345 1770 (qui
1382 1701 1433 1755 id
1476 1713 1621 1757 recte
1663 1702 1855 1758 deinde

279 1798 684 1866 emendavit)et
708 1796 761 1849 iu
791 1792 1073 1847 Pandectis
1106 1792 1445 1848 Hendreichii
1482 1793 1855 1849 Brandeubur-

277 1902 437 1957 gtcts.

356 1974 602 2036 Basilius,
649 1971 863 2029 Isauria
916 1975 1236 2046 episcopus,
1293 1975 1433 2031 idem
1477 1990 1597 2031 cum
1660 1975 1843 2033 Seleu-

276 2066 472 2121 cieusi.

351 2157 599 2225 Basilius,
628 2157 857 2214 Larissae
880 2159 933 2214 In
966 2158 1246 2215 Thessalia
1282 2161 1725 2228 metropolitanus
1750 2162 1853 2215 Ba-

277 2249 422 2315 Ius.,
468 2266 523 2319 p.
559 2250 663 2304 886
721 2250 885 2304 Nam
932 2250 1133 2304 collect.
1176 2250 1364 2303 concil.
1419 2250 1505 2322 [V.
1553 2254 1618 2306 de
1656 2252 1853 2307 Basilio

275 2340 616 2404 Euchaitar.,
642 2351 773 2405 etc.,
810 2350 993 2395 notata
1023 2357 1075 2411 p.
1108 2342 1142 2395 8
1172 2340 1342 2413 extr.]

349 2453 581 2509 Basilius
626 2453 867 2517 Macedo,
926 2454 1056 2522 imp.
1094 2453 1161 2507 ab
1213 2453 1277 2507 Δ.
1323 2452 1382 2508 C.
1413 2452 1517 2508 866
1557 2453 1623 2509 ad
1652 2452 1755 2509 889
1790 2453 1855 2509 de

273 2544 431 2615 cujus
456 2546 771 2615 κεφαλαίοις
796 2549 1203 2619 παραινετικοῖς
1234 2546 1344 2601 dixi
1374 2547 1469 2602 lib.
1497 2561 1547 2614 v,
1568 2562 1619 2602 c.
1644 2546 1699 2603 5.
1720 2546 1850 2619 [voL

274 2632 412 2701 VIII,
438 2652 492 2704 p.
534 2636 607 2688 42
648 2635 765 2705 sq.]
802 2638 876 2689 De
923 2638 1039 2702 ejus
1083 2638 1248 2690 variis
1285 2636 1771 2692 Constitutiouibus
1801 2648 1855 2691 et

273 2725 505 2792 legibus,
541 2724 766 2792 aliisque
800 2725 1035 2795 scriptis,
1069 2726 1137 2780 ad
1162 2724 1282 2794 jura
1310 2726 1705 2794 spectantibus,
1741 2726 1854 2780 dis-

273 2814 486 2868 serendi
547 2813 697 2869 locus
736 2815 1025 2897 (ιι-11⁸111)το
1070 2830 1157 2881 vt,
1198 2814 1652 2885 quemadmodum
1684 2824 1740 2872 et
1790 2817 1857 2873 de

274 2899 513 2960 Novellis
546 2903 730 2961 Basilii
754 2903 1199 2977 Porphyrogeniti
1224 2904 1353 2976 imp.

347 3018 617 3084 Basilius,
652 3019 936 3089 Magnesiae
979 3020 1293 3089 cpiscopus,
1346 3018 1591 3084 interfuit
1628 3021 1855 3078 concilio

273 3109 496 3164 Niceno
525 3125 587 3173 tt,
624 3119 753 3162 tom.
788 3108 853 3160 Ill
886 3109 1046 3171 Biuii,
1071 3125 1123 3178 p.
1150 3110 1272 3163 5I6.

346 3220 581 3277 Basilius
619 3235 823 3289 magus,
855 3220 921 3274 de
952 3234 1058 3290 quo
1112 3219 1406 3289 Gregorius
1450 3220 1673 3290 Magnus
1707 3222 1801 3276 lib.
1839 3213 1927 3277 lC

276 3310 577 3380 Dialogor.,
604 3328 656 3380 p.
710 3312 841 3367 1551
905 3327 1045 3382 seq.,
1082 3321 1209 3367 tom.
1249 3312 1263 3366 Ι
1293 3311 1452 3382 Ορρ..
1489 3324 1544 3367 et
1574 3312 1859 3368 Cassiodo-

273 3421 369 3461 rus
399 3421 473 3468 Iv,
506 3404 561 3465 2,
602 3404 728 3458 Var.

345 3519 577 3574 Basilius
597 3518 877 3579 Maleiuus.
897 3518 953 3573 S.
976 3517 1165 3573 Laura:
1190 3533 1353 3588 prope
1376 3518 1741 3591 Hierosolyma
1770 3536 1857 3575 ar-

271 3610 650 3682 chipresbyter
665 3619 719 3664 et
735 3610 919 3673 abbas,
940 3611 1088 3679 cujus
1102 3609 1372 3681 ἀσκητικὴ
1390 3607 1733 3675 ὐποτύπωσις
1756 3612 1853 3681 (a),

272 3715 327 3763 et
358 3705 592 3768 libellus,
627 3719 735 3773 quo
788 3702 998 3773 probat,
1048 3715 1243 3759 ascetm
1285 3718 1389 3757 nou
1419 3718 1540 3759 esse
1583 3703 1852 3773 captanda

272 3798 563 3853 honoraria
617 3810 719 3850 nec
768 3797 999 3851 honores
1050 3795 1387 3861 ambiemlos,
1424 3810 1526 3849 ms.
1564 3793 1752 3848 Grmce
1800 3794 1853 3847 in

271 3884 566 3939 Bodleiana
599 3883 730 3937 bibl.
782 3884 945 3937 Fasti.
980 3882 1300 3950 Informatio
1345 3883 1601 3950 ascetica,
1634 3883 1686 3936 iu
1720 3882 1850 3938 bibl.

269 3976 479 4031 Bodlei.
506 3976 628 4030 cod.
652 3966 713 4021 ν.
733 3967 975 4029 Herbert.
997 3974 1124 4028 ibid.
1146 3975 1285 4029 inter
1306 3974 1462 4029 codd.
1492 3973 1593 4029 Th.
1622 3974 1758 4038 Boe,
1795 3990 1850 4030 ιι.

268 4065 516 4122 CCLXIII
548 4070 665 4121 cod.
695 4065 855 4129 XVII,
884 4066 1085 4120 Δωρίαν
1121 4083 1222 4119 non
1244 4082 1352 4121 esse
1378 4067 1664 4137 captandas
1688 4068 1853 4122 hono-

273 4173 381 4212 res.
406 4186 475 4199 —
502 4159 640 4210 Add.
669 4158 734 4211 ad
760 4166 941 4211 notam
971 4156 1194 4224 scripta.

344 4246 598 4321 [Basilius
624 4247 807 4308 abbas,
837 4246 1155 4319 ἡγούμενος·
1198 4247 1263 4300 ad
1310 4261 1432 4301 eum
1468 4244 1852 4301 scribitTlreo—

268 4337 437 4394 dorus
463 4337 697 4393 Studita.
719 4339 774 4391 ν.
800 4338 1162 4391 Montl'aucou.
1190 4336 1328 4410 Bibl.
1358 4337 1545 4403 Coisl.,
1578 4352 1699 4408 pag.
1726 4338 1849 4404 144,

267 4427 396 4495 580,
419 4429 545 4493 522,
577 4429 705 4496 521,
739 4428 866 4484 415.
901 4427 1099 4499 Ilaat..]

1954 612 2140 679 Coisl.,
2168 627 2221 683 p.
2253 611 2356 667 549
2379 628 2495 682 sqq.
2530 619 2585 669 et
2610 606 2837 664 Basilius
2863 609 2963 663 iste
2995 606 3301 661 nominatur
3330 602 3522 675 p.373.

1957 701 2123 758 Hann.

2028 720 2123 758 λιιι..

2028 702 2303 865 [Βςιὲἱιίιιεη
2336 790 2593 854 medicus.
2623 788 3019 864 Bogomilorum
3058 789 3328 843 haereseos
3362 785 3448 839 Ias
3473 796 3530 839 et

1958 885 2106 941 tuba.
2139 885 2200 942 ν.
2250 883 2504 939 Allatium
2532 880 2609 935 De
2651 898 2927 945 consensu,
2971 895 3091 950 pag.
3140 879 3266 934 655.
3308 879 3382 933 De
3409 877 3530 931 aliis

1956 976 2170 1032 Basiliis
2214 975 2439 1031 medicis
2468 990 2520 1028 v.
2560 973 2695 1027 infra
2729 976 2780 1027 in
2824 974 3050 1030 eleucbo
3080 973 3338 1026 medicor.
3372 977 3531 1034 vett.,

1958 1066 2064 1120 vol.
2090 1065 2221 1131 XIII,
2255 1083 2308 1136 p.
2338 1064 2440 1121 I00
2478 1079 2587 1132 sq.:
2648 1063 2741 1118 sed
2779 1065 2921 1119 conf.
2977 1064 3151 1131 ipsum
3208 1060 3420 1115 Fabric.
3472 1059 3530 1114 in

1958 1157 2064 1212 vol.
2098 1154 2225 1220 VIII,
2265 1173 2317 1225 p.
2355 1157 2460 1212 547
2495 1170 2575 1223 sq.
2606 1164 2710 1209 vet.
2748 1153 2880 1206 edit.
2914 1150 3109 1225 lusu]

2029 1248 2260 1303 Basilius
2282 1248 2676 1317 Megalomites,
2702 1244 2855 1313 cujus
2891 1243 3195 1314 Eaigmata
3226 1240 3411 1298 Graece
3438 1255 3533 1295 er-

1956 1350 2104 1400 staut
2132 1356 2233 1396 ms.
2285 1339 2397 1395 CXI
2424 1340 2475 1395 iu
2535 1338 2668 1394 bibl.
2704 1337 2905 1391 Bodlei.
2936 1334 3036 1408 [De
3071 1336 3267 1391 Basilio
3301 1332 3534 1405 Megalo-

1957 1437 2088 1490 mite
2141 1450 2195 1489 τ.
2245 1432 2386 1487 infra
2420 1431 2528 1486 vol.
2578 1429 2646 1493 Χ,
2679 1445 2730 1500 p.
2765 1428 2868 1482 558
2905 1428 2990 1481 ed.
3039 1436 3148 1480 vet.
3196 1426 3323 1492 Ejus
3368 1424 3533 1480 Eni-

1958 1535 2132 1590 gmata
2201 1524 2255 1577 in
2324 1524 2483 1577 codd.
2543 1520 2674 1577 bibl.
2735 1517 2881 1591 publ.
2938 1516 3110 1571 Paris.
3174 1514 3421 1569 CIILVIII
3478 1524 3532 1569 et

1960 1610 2272 1668 uocxxx.
2304 1610 2501 1681 lianc.)

2031 1701 2320 1773 [Basilius,
2354 1699 2586 1756 Moldav.
2638 1700 2910 1769 princeps,
2962 1700 3028 1753 de
3076 1716 3182 1768 quo
3227 1717 3277 1754 ν.
3324 1697 3530 1754 Kollar.

1961 1793 2236 1863 Supplcm.
2292 1792 2359 1847 ad
2412 1791 2684 1847 Lambecii
2741 1789 3063 1856 Comment.,
3116 1805 3235 1860 pag.
3286 1792 3393 1846 240
3444 1805 3528 1862 sq.

1886 1882 1932 1939 Β
1959 1884 2162 1958 Hann]

2026 1980 2272 2045 Basilius,
2327 1977 2618 2032 monachus
2665 1977 2989 2048 Cappadox,
3020 1976 3173 2047 cujus
3228 1976 3399 2031 I’ertnr
3445 1990 3532 2029 re-

1954 2090 2208 2145 sponsum
2254 2074 2368 2127 sive
2413 2069 2659 2141 ἀναφορὰ
2714 2071 2778 2123 ad
2822 2070 3085 2131 Nicctam,
3133 2068 3531 2139 metropolitam

1955 2165 2492 2220 Thessalonicensem
2532 2162 2678 2215 circa
2719 2159 2782 2212 A.
2818 2158 2880 2214 (Ζ.
2916 2157 3073 2213 {200.
3132 2158 3296 2213 ιιίιιιι.
3332 2158 3396 2212 ad
3425 2157 3531 2212 Ba-

1954 2257 2133 2312 silium
2176 2271 2230 2309 v.
2270 2254 2497 2309 Bandin.
2541 2252 2662 2308 Cat.
2698 2251 2852 2306 codd.
2903 2249 2996 2306 Gr.
3036 2248 3219 2314 Laur.,
3258 2251 3300 2317 I,
3330 2265 3450 2322 pag.
3474 2250 3531 2313 9,

1955 2362 2009 2399 u.
2048 2346 2135 2399 86.
2157 2346 2475 2399 Monachum
2505 2344 2691 2398 scribit
2721 2342 2990 2397 Theodor.
3032 2342 3263 2397 Studita.
3283 2342 3343 2395 V.
3363 2344 3535 2396 Mont-

1957 2433 2098 2491 Iauc.
2143 2434 2277 2488 Bibl.
2309 2433 2555 2497 Coislin.,
2589 2449 2708 2503 pag.
2742 2433 2859 2488 149.
2882 2433 3025 2488 Inter
3059 2435 3298 2491 melodos
3317 2434 3536 2491 Graecos

1955 2526 2117 2593 infra,
2154 2526 2260 2581 vol.
2297 2526 2368 2591 X,
2403 2543 2523 2596 pag.
2560 2528 2681 2583 151.
2708 2526 2935 2595 Quidam
2996 2528 3360 2601 calligraphus
3404 2544 3531 2584 saec.

1954 2634 2028 2671 ιι.
2056 2618 2120 2668 ν.
2155 2618 2446 2672 Montl‘auc.
2476 2618 2841 2685 Palwograph.
2875 2618 2995 2682 Gn,
3025 2635 3077 2686 p.
3127 2621 3249 2673 5H.
3290 2621 3460 2674 11Αιιι..

2028 2707 2236 2779 [Basilii
2297 2707 2500 2761 minimi
2538 2707 2650 2775 (qui
2700 2706 2903 2761 scholia
2960 2722 3174 2777 quoque
3216 2709 3432 2779 scripsit
3482 2711 3534 2764 in

1957 2797 2200 2869 Gregorii
2224 2797 2477 2853 Nazianz.
2504 2797 2619 2854 XVI
2652 2801 2838 2869 oratt.)
2868 2799 3149 2869 epistolam
3180 2802 3245 2855 ad
3268 2800 3535 2857 Constan-

1958 2888 2129 2940 tinum
2165 2886 2592 2957 Porphyrogeu.,
2624 2903 2655 2942 e
2710 2888 2833 2942 cod.
2880 2887 3123 2942 Naniauo
3164 2887 3325 2943 LXIV
3359 2890 3534 2959 publi-

1957 2977 2098 3031 cavit
2153 2974 2452 3046 Mingarell.
2502 2978 2555 3032 in
2610 2986 2713 3033 cat.
2751 2979 2907 3035 codd.
2939 2994 3020 3048 gr.
3072 2979 3209 3035 Nan.
3237 2997 3287 3050 p.
3320 2981 3423 3037 115
3448 2998 3531 3052 sq.

1957 3068 2095 3123 Add.
2119 3066 2349 3122 Bandin.
2389 3068 2441 3124 in
2491 3078 2591 3124 cat.
2626 3070 2780 3126 codd.
2832 3069 2926 3125 Gr.
2962 3070 3239 3136 Laurent,
3264 3073 3305 3136 l,
3345 3088 3398 3142 p.
3430 3076 3534 3130 556

1960 3176 2080 3230 sqq.
2114 3160 2312 3232 ﬂama]

2035 3249 2312 3322 [Basilius,
2336 3253 2619 3322 episcopus
2640 3253 2953 3315 Ναυκλέων,
2978 3256 3113 3309 inter
3141 3256 3535 3326 subscriptores

1958 3340 2197 3411 epistolae
2228 3340 2493 3398 chuadii
2547 3346 2837 3416 eucyclica
2884 3362 2934 3404 a.
2981 3347 3105 3401 459.
3155 3346 3218 3401 ν.
3264 3348 3533 3406 LambeciI

1958 3432 2245 3489 Comment.
2266 3446 2320 3490 et
2341 3433 2543 3491 KoIIar.
2575 3446 2687 3491 not.
2718 3438 2825 3491 vol.
2868 3426 2996 3499 VIII,
3025 3454 3078 3507 p.
3110 3438 3233 3493 896.
3268 3439 3463 3513 ΗΑιιι..]

2025 3523 2255 3580 Basilius
2311 3525 2767 3590 Nicomediensis,
2802 3539 3029 3601 martyr.
3068 3531 3243 3601 Supra
3277 3533 3332 3588 in
3371 3537 3536 3591 Ama-

1955 3632 2105 3671 seno.
2135 3616 2208 3668 De
2238 3616 2357 3669 aliis
2398 3617 2609 3673 Basiliis
2662 3621 2992 3693 martyribus
3035 3633 3157 3679 octo
3194 3624 3275 3679 vel
3311 3641 3530 3695 novem,

1954 3706 2218 3761 Baronius
2239 3708 2305 3761 ad
2334 3707 2678 3779 Martyrolog.
2720 3709 3041 3766 Romanum.

2027 3789 2280 3860 Basilius,
2329 3799 2591 3866 patricius
2637 3807 2693 3852 et
2745 3786 3044 3867 praefectus
3075 3802 3332 3867 cubiculi,
3380 3804 3533 3869 cujus

1958 3883 2339 3951 Naumacln'ca,
2388 3886 2646 3941 hactenus
2684 3886 2905 3955 Inedita,
2954 3890 3092 3944 dabo
3140 3891 3327 3947 Graece
3369 3892 3529 3951 infra.

1952 3974 2118 4031 Fssn.
2146 3976 2226 4031 Ad
2251 3991 2373 4032 eum
2404 3978 2592 4032 scribit
2634 3976 2951 4033 Theodorus
2995 3980 3226 4036 Studita.
3270 3982 3333 4038 V.
3362 3983 3534 4039 Mont-

1952 4066 2095 4122 I'auc.
2129 4068 2262 4121 Bibl.
2296 4068 2534 4133 Coislin.,
2558 4084 2681 4139 pag.
2708 4068 2832 4124 392.
2870 4068 3039 4125 Hane.

2026 4159 2251 4215 Basilius
2285 4160 2564 4229 Pegoriota
2589 4201 2604 4225 ,
2637 4162 2729 4229 qui
2763 4162 2903 4216 inter
2931 4163 3170 4219 melodos
3197 4162 3397 4219 Graue
3424 4164 3529 4219 Ec-

1954 4249 2131 4303 clesirc
2156 4248 2405 4304 laudatur
2435 4265 2465 4304 a
2498 4249 2680 4304 Leone
2717 4250 2935 4319 Allatio,
2966 4263 3038 4317 et,
3071 4254 3159 4323 qui
3194 4256 3345 4324 plura
3376 4259 3441 4311 de
3463 4272 3530 4311 eo

1952 4340 2349 4406 dicet,Urbauo
2375 4341 2632 4398 Godl'rido
2662 4343 2851 4400 Sibero
2878 4343 3039 4417 [infra
3070 4347 3174 4405 vol.
3196 4347 3266 4411 Χ,
3291 4365 3344 4417 p.
3379 4348 3525 4424 ιδῃ.

2023 4433 2254 4490 Basilius
2282 4433 2657 4505 Philippensis,
2696 4435 2848 4505 cujus
2874 4438 3091 4493 homilia
3135 4439 3186 4490 in
3237 4452 3529 4507 praesenta-

340 4522 573 4578 Basilius
613 4531 814 4587 asceta,
866 4520 1126 4577 Marciani
1161 4518 1474 4590 discipulus,
1510 4536 1539 4575 a
1578 4537 1688 4593 quo
1720 4538 1850 4579 eou-
1881 4554 1927 4609 υ
1957 4521 2153 4577 tionem
2206 4522 2267 4578 B.
2305 4522 2539 4592 Virginis
2582 4525 2633 4578 in
2664 4525 2863 4593 templo
2896 4564 2912 4588 ,
2942 4540 3042 4581 ms.
3084 4525 3269 4581 Graece
3305 4530 3354 4581 in
3393 4530 3524 4586 bibl.

265 4617 440 4673 ditum
472 4614 861 4670 monasteriqu
893 4613 946 4668 in
990 4612 1360 4678 Seleucobelo,
1397 4613 1615 4669 civitate
1656 4613 1846 4685 Syrias,

266 4718 460 4765 narrat
511 4707 876 4764 Theodoritus
930 4704 1134 4761 Hister.
1187 4705 1418 4775 religios.
1467 4722 1587 4777 cap.
1615 4707 1670 4771 5,
1707 4709 1850 4763 inter

266 4800 562 4866 discipulos
589 4799 705 4869 ejus
742 4798 1024 4860 Sabinum,
1066 4798 1368 4869 miramque
1404 4808 1459 4852 et
1493 4798 1649 4865 hujus
1676 4799 1849 4854 absti-

265 4890 507 4945 nentiam
566 4891 887 4958 praedicans.
926 4889 1185 4943 Eumdem
1235 4904 1357 4943 cum
1411 4888 1610 4944 Basilio
1660 4888 1846 4943 Seleu-

263 4980 434 5035 densi
476 4979 625 5034 illum
655 4980 783 5037 facit
819 4979 1083 5035 Barouius
1108 4982 1174 5036 ad
1204 4980 1270 5033 Α.
1296 4978 1359 5035 C.
1388 4980 1517 5044 588,
1551 4997 1604 5035 ιι.
1634 4979 1723 5045 68,
1750 4980 1844 5035 sed

265 5072 503 5134 rectius,
552 5070 992 5141 distinguendum
1040 5086 1194 5135 esse,
1240 5082 1423 5127 monet
1472 5070 1847 5127 Tillemontius

262 5166 397 5215 tom.
432 5157 524 5214 XV
550 5157 798 5226 Reman,
829 5177 882 5230 p.
906 5160 1030 5215 3H.

336 5249 590 5323 [Basilius
628 5250 980 5318 Manicbaus,
1010 5252 1183 5323 Sergii
1229 5252 1549 5324 discipulus,
1586 5253 1639 5309 iu
1663 5252 1843 5309 Photii

262 5342 575 5397 narratione
621 5342 691 5397 de
735 5341 1046 5399 ﬂanicbteis
1106 5344 1587 5414 repullulautibus,
1620 5346 1673 5400 in
1718 5346 1842 5401 cod.

332 5498 411 5566 (ο)
458 5497 837 5573 ﬁssorum;
870 5498 960 5573 illa
1002 5500 1126 5573 sive,
1168 5502 1458 5573 descriptio
1492 5505 1617 5559 vitae
1644 5519 1831 5559 mona-

260 5567 414 5622 rstica
442 5568 649 5637 Latine
685 5578 866 5623 exstat
898 5571 952 5623 in
1002 5567 1591 5627 bibliothecis'Patrum
1615 5614 1630 5637 ,
1662 5574 1831 5627 inter-

260 5646 414 5713 prete
432 5634 547 5713 'Jac.
564 5636 826 5713 Pontano,
850 5647 979 5713 tom.
1013 5638 1156 5713 XXII
1180 5640 1319 5713 edit.
1336 5641 1525 5712 Lugd.,
1558 5634 1681 5713 pag.
1701 5643 1832 5697 750-

261 5704 384 5783 752.
431 5704 534 5783 [Ill
568 5708 741 5783 indice
788 5709 911 5783 cotj.
940 5710 1062 5783 τῃδιί
1108 5711 1337 5783 Atitouii
1372 5704 1601 5783 Epztrclii
1629 5704 1829 5783 :iinl'ra

256 5774 318 5831 in
361 5773 561 5841 voLX,
590 5778 731 5845 lpag.
787 5777 922 5837 £79.,
970 5776 1025 5831 lu
1080 5781 1239 5839 codd.
1292 5773 1431 5838 bibl:
1476 5773 1827 5853 publ.'Paris.

580 5872 849 5935 Panos.
876 5873 993 5937 Gn.
1029 5875 1273 5938 XXIX.

1954 4615 2155 4669 Bodlei.
2198 4613 2279 4687 [n.
2327 4614 2634 4670 CCXXXIV
2659 4624 2715 4669 et
2740 4614 3315 4684 MMMCCCLXXXIII,
3348 4631 3401 4675 et
3450 4622 3528 4677 in-

1956 4713 2039 4761 ter
2075 4704 2228 4759 codd.
2276 4704 2407 4759 Gale
2432 4722 2486 4758 ιι.
2519 4704 3100 4780 ΜΜΜΜΜΟΜΧΜΧ.]

2024 4796 2277 4861 Basilius,
2335 4796 2554 4852 Pisidia:
2624 4798 2931 4869 episcopus,
3000 4800 3411 4870 Icouumachus,
3471 4805 3523 4859 in

1952 4904 2107 4958 quem
2139 4890 2461 4944 invehuntur
2485 4888 2671 4945 Patres
2710 4892 2899 4961 synodi
2933 4893 3260 4959 vu,actioue
3283 4911 3331 4960 I,
3356 4894 3525 4951 tom.l

1949 4978 2185 5035 Biuiaua:
2214 4980 2342 5035 edit.
2382 4995 2430 5031 a.
2468 4979 2625 5044 I6I8,
2664 4996 2715 5049 p.
2742 4980 2871 5036 489..

2020 5070 2253 5125 Basilius
2288 5071 2590 5141 presbyter,
2627 5072 2783 5139 cujus
2820 5068 2941 5124 Vita
2976 5083 3195 5127 auctore
3236 5073 3437 5127 incerto
3469 5073 3525 5126 in

1952 5171 2079 5216 tom.
2110 5160 2172 5214 Ill
2208 5163 2323 5215 Act.
2370 5169 2627 5225 sanctor.,
2662 5160 2837 5214 Martii
2880 5161 2972 5227 22,
3006 5177 3125 5233 pag.
3166 5163 3290 5219 580.
3335 5162 3525 5216 Latine

1948 5263 2002 5307 et
2037 5253 2224 5308 Graece
2254 5253 2319 5307 ad
2361 5252 2648 5306 voluminis
2688 5254 2909 5312 calcem.
2945 5255 3105 5311 FABR.
3144 5257 3223 5309 Ad
3266 5254 3518 5308 Basilium

1948 5346 2320 5415 presbyterum
2347 5344 2535 5399 scribit
2556 5344 2710 5399 Joau.
2746 5346 3114 5419 Chrysostom.
3140 5346 3205 5401 V.
3230 5344 3519 5401 Moutl'auc.

1934 5502 2272 5561 DCCCLVIII
2309 5512 2364 5557 et
2394 5502 2703 5574 "DCXXX.
2747 5502 3034 5574 —_Basilii
3091 5505 3358 5566 monachi,
3383 5522 3523 5574 prae-

1935 5576 2093 5643 positi
2148 5574 2341 5627 Laurus
2413 5573 2769 5634 Malliuorum,
2816 5572 3004 5643 Capita
3070 5572 3392 5641 parmuetica'
3449 5574 3522 5631 ad

1934 5642 2103 5713 ﬁlium
2140 5659 2322 5707 suum;
2370 5644 2720 5713 it.ejusdemﬁ
2748 5652 2803 5696 et
2840 5642 3065 5696 aliorum
3100 5642 3303 5711 Ecloga!
3327 5645 3523 5712 legum,

1938 5712 1991 5767 in
2026 5716 2180 5786 codd.
2220 5712 2495 5786 E‘scoria_l.,
2524 5723 2659 5769 teste
2694 5712 2887 5768 Pluero
2926 5712 2977 5768 in
3011 5714 3192 5767 ltiner.
3215 5729 3307 5782 per
3339 5713 3522 5786 Hisp.,

1940 5799 2061 5853 pag.
2097 5784 2217 5838 161.
2251 5782 2444 5854 Manu]

3161 5894 3214 5955 Ρ
