4040 6454
1482 417 1765 474 NO'I'I'I'IA
1805 417 1894 472 EX
1937 416 2273 474 FABRICIO.

3266 446 3484 485 (τειιγιι

239 546 493 603 magnam
551 529 760 587 Erasm.
814 530 964 601 prtel.
998 539 1203 600 partem
1258 538 1312 585 et
1359 530 1601 585 ultimam
1639 532 1823 587 Basilii
1852 537 1902 596 Α
1934 534 2339 591 Volaterranum
2375 553 2539 603 nuper
2562 538 2617 591 in
2651 536 2893 592 Latinum
2942 557 3209 596 conversa.
3237 542 3293 597 In
3324 544 3427 598 line
3465 562 3480 596 :

239 624 405 691 epist.
439 623 507 677 ad
541 623 928 692 calligraphum
966 621 1017 674 in
1048 632 1169 675 nota
1219 623 1401 677 recudi
1426 623 1571 692 fecit)
1598 641 1613 689 ;
1639 624 1816 679 Denis.

242 713 469 767 Memor.
505 712 630 767 bibl.
666 712 889 773 Carel1.,
930 728 1051 781 pag.
1084 713 1186 766 547
1212 728 1335 782 sq.;
1369 711 1635 770 Clement.
1678 712 1818 768 Bibl.

243 807 487 874 critique,
515 814 644 867 etc.,
685 805 747 869 II,
784 819 836 873 p.
888 804 1034 871 485;
1071 804 1319 873 Panzen,
1352 805 1416 861 Δ.
1471 805 1553 871 Τ..
1587 805 1691 863 vol.
1734 805 1819 873 VI,

245 911 296 963 p.
326 897 454 961 285,
492 914 546 952 n.
570 896 693 952 855.
727 895 899 951 IIAIIL.

323 987 510 1043 Venet.
546 988 704 1051 1535,
759 986 877 1050 fol.,
927 988 1066 1056 apud
1095 986 1283 1059 Steph.
1319 987 1563 1052 Sabium,
1598 990 1649 1043 in
1712 1004 1820 1059 quo

247 1080 523 1134 volumine
565 1089 693 1133 sunt
764 1082 998 1133 ascetica
1034 1082 1321 1149 ethicaque
1351 1090 1401 1133 et
1426 1079 1501 1133 De
1526 1082 1821 1149 virginitate

242 1181 301 1227 et
359 1182 541 1225 contra
574 1170 897 1224 Eunomiunt
933 1171 1053 1225 libri
1106 1174 1381 1241 quinque,
1434 1186 1713 1227 sermones
1766 1182 1822 1227 et

246 1278 370 1332 epp.
402 1261 571 1316 FAIR.
604 1260 760 1317 Conf.
806 1262 1078 1317 Maittaire
1128 1263 1264 1315 Ann.
1298 1260 1427 1331 Tgp.
1456 1261 1521 1326 II,
1548 1278 1667 1335 pag.
1693 1264 1819 1330 819,

249 1355 338 1422 qui
368 1355 578 1422 praefat.
615 1368 681 1408 ex
710 1367 813 1422 qua
839 1394 857 1421 ,
889 1368 1025 1423 quos
1059 1353 1215 1407 codd.
1269 1352 1577 1406 adhibuerit
1626 1354 1817 1421 editor,

247 1442 500 1510 cognosci
550 1450 745 1510 potest,
798 1455 1046 1510 magnam
1086 1448 1295 1509 partem
1350 1439 1603 1495 reddidit.
1648 1438 1817 1492 Haec.

321 1556 487 1611 Basil.
520 1554 683 1619 I55I,
721 1554 816 1608 fol.
865 1553 1031 1626 [apud
1059 1552 1282 1609 Hieron.
1317 1552 1548 1609 Froben.
1592 1563 1647 1607 et
1700 1552 1818 1608 Nic.

249 1646 590 1718 Episcopium
623 1684 639 1710 ,
700 1655 759 1700 ut
801 1646 852 1699 in
885 1645 1032 1701 calce
1060 1645 1282 1718 legitur]
1333 1661 1456 1700 cum
1509 1644 1823 1714 praefatione

245 1738 435 1793 Graeca
468 1736 590 1791 Jani
647 1735 894 1792 Cornarii
947 1738 1014 1791 ad
1064 1736 1264 1792 Iulium
1297 1777 1312 1801 ,
1353 1735 1818 1805 Numburgensem

248 1832 579 1900 episcopum.
613 1828 671 1882 In
706 1830 805 1884 hac
830 1829 1064 1884 editione
1091 1829 1440 1883 continentur
1468 1846 1480 1879 :
1510 1826 1576 1879 In
1606 1826 1819 1880 Hexae-

1926 629 2240 698 Impressum
2275 628 2415 697 apud
2440 627 2561 681 Jac.
2596 628 2952 697 Mazochium,
2986 642 3119 698 etc.,
3151 634 3245 689 fol.
3285 635 3358 691 De
3384 636 3486 691 hac

1922 719 2012 774 ed.
2045 734 2097 775 ν.
2124 718 2391 771 Maittaire
2418 720 2479 770 Α.
2512 716 2573 771 Τ.
2603 716 2665 781 ΙΙ,
2713 735 2766 788 p.
2795 718 2903 774 26‘
2956 730 3009 774 et
3058 720 3287 777 Panzcr.
3322 723 3387 776 Α.
3420 720 3482 776 Τ.

1924 807 2058 873 VIII,
2082 824 2204 879 pag.
2234 808 2363 871 255,
2399 823 2452 860 n.
2480 806 2569 861 92.
2602 808 2886 877 Copiosius
2925 825 3043 864 eam
3076 812 3204 865 edit.
3239 822 3487 867 recenset

1921 898 2256 954 Lambacher
2286 899 2336 950 in
2370 896 2508 953 Bibl.
2543 900 2761 965 antiqua
2804 897 3097 955 Vindobon.
3128 902 3316 962 civica,
3359 918 3483 972 pag.

1920 992 2012 1056 85,
2040 1006 2185 1060 sqq.,
2213 991 2302 1059 qui
2332 1006 2455 1060 pag.
2481 990 2551 1043 86
2586 999 2791 1053 monet,
2826 992 2877 1045 in
2908 992 2995 1045 illa
3024 994 3157 1048 edit.
3189 994 3350 1048 etiam
3382 1010 3487 1047 nu-

1922 1085 2120 1139 merari
2151 1092 2360 1138 tantum
2400 1083 2516 1137 XVI
2561 1084 2813 1139 homilias
2840 1085 2896 1137 in
2938 1084 3180 1140 Psalmos
3209 1127 3225 1152 ,
3269 1097 3324 1141 et
3359 1088 3483 1142 uni-

1922 1189 2039 1228 cam
2075 1184 2280 1228 taulum
2316 1176 2369 1227 in
2407 1174 2681 1228 Psalmunt
2711 1190 2916 1238 xxvm,
2947 1191 3067 1230 cum
3110 1178 3161 1230 in
3211 1178 3332 1233 aliis
3389 1193 3485 1232 ex-

1922 1274 2070 1321 stent
2123 1266 2261 1319 biute
2318 1266 2368 1317 in
2421 1265 2603 1329 illum;
2634 1281 2699 1319 ex
2725 1282 2830 1335 quo
2857 1266 3163 1322 Combel‘tsii
3191 1270 3483 1336 judicium,

1922 1358 2146 1411 alteram
2176 1357 2319 1410 illam
2350 1357 2405 1409 in
2437 1357 2698 1424 psalmum
2755 1374 2924 1413 xxvm
2963 1360 3153 1415 homil.
3199 1377 3302 1415 non
3362 1377 3488 1421 esse

1920 1451 2210 1521 genuinum
2272 1449 2456 1502 Basilii
2514 1449 2722 1513 letum,
2783 1467 2888 1505 non
2950 1452 3141 1508 leviter
3198 1454 3487 1508 conﬁrma-

1923 1542 1968 1595 ri
2003 1550 2207 1597 censet.
2242 1539 2522 1594 —Basilii
2574 1540 2831 1610 opuscula
2886 1543 3059 1609 varia,
3111 1543 3275 1599 Basil.
3326 1545 3485 1609 1491,

1922 1635 2001 1699 4⁸,
2057 1634 2188 1689 citat
2242 1634 2514 1687 Maittaira
2568 1634 2634 1690 A.
2667 1634 2753 1699 T.,
2784 1633 2869 1697 IV,
2912 1650 3035 1703 pag.
3088 1636 3214 1701 570,
3256 1652 3322 1691 ex
3356 1638 3485 1693 bibl.

1920 1726 2050 1779 Adr.
2081 1724 2238 1788 Paw;
2268 1725 2361 1778 sed
2390 1726 2524 1780 ﬁdes
2552 1726 2624 1779 sit
2650 1740 2813 1793 penes
2848 1735 3142 1780 auctorem.
3180 1725 3378 1800 lisse]

1991 1814 2168 1868 Paris.
2217 1812 2374 1876 I520,
2424 1811 2538 1877 lol.,
2598 1814 2736 1882 apud
2789 1813 3104 1869 Ascensium
3142 1814 3330 1886 [opera
3367 1814 3485 1872 Jac.

248 1898 699 1977 meron'homilia:
732 1922 1001 1975 undecim.
1030 1918 1091 1973 In
1122 1918 1361 1973 Psalmos
1394 1919 1629 1974 homiliaa
1649 1918 1811 1974 XVII.

1920 1908 2079 1963 Fabri
2105 1906 2312 1975 Slapul.
2344 1906 2407 1959 V.
2449 1905 2696 1966 Panzer.,
2745 1904 2874 1970 VIII,
2897 1921 2949 1975 p.
2978 1906 3095 1979 67.]

252 2012 674 2069 Variaehomiliae
691 2009 1067 2067 XXIX.Liber
1107 2011 1185 2065 De
1217 2010 1424 2075 Spiritu
1449 2020 1651 2066 sancto.
1675 2010 1819 2081 [Epi-

241 2103 398 2158 stolae
420 2103 601 2157 Basilii
619 2101 1010 2157 etNazianzeni
1028 2101 1285 2157 CLXXX.
1316 2102 1652 2174 Ἀσκητικῶν
1670 2102 1817 2168 λόγοι

247 2202 474 2262 septem.
520 2193 591 2245 De
639 2192 846 2261 judicio
912 2191 1028 2246 Dei.
1092 2192 1165 2246 De
1229 2193 1358 2260 ﬁde.
1427 2192 1659 2245 Ἠθικῶν
1698 2192 1816 2262 ὅροι

248 2286 459 2341 LXXX.
499 2283 901 2355 Ἐρωτημάτων
942 2284 1255 2356 ἀσκητικῶν
1285 2283 1428 2338 κατὰ
1459 2284 1660 2347 πλάτος
1701 2284 1816 2355 ὅροι

244 2377 354 2432 LV.
411 2376 811 2446 Ἐρωτημάτων
863 2376 1176 2447 ἀπητικῶν
1214 2378 1334 2429 κατ’
1384 2376 1650 2446 ἐπιτομὴν
1703 2378 1817 2446 ὅροι

242 2466 515 2527 CCCXIII.
578 2468 859 2540 Ἐπιτίμια
902 2469 1136 2541 διάφορα
1164 2468 1278 2521 sive
1315 2481 1485 2536 ptena
1512 2469 1674 2520 variae
1724 2482 1817 2521 ec-

246 2560 605 2627 clesiastica),
668 2560 1102 2630 delinquentibus
1160 2558 1441 2613 monachis
1494 2566 1549 2612 et
1608 2576 1818 2612 κανονι-

246 2654 367 2716 καῖς
418 2653 743 2706 constituta.
791 2650 1221 2706 Coastitutiones
1265 2650 1515 2705 asceticae
1564 2648 1813 2705 XXXIV.

245 2742 486 2813 Epistola
521 2744 586 2797 ad
614 2741 917 2796 Chilonem.
968 2742 1087 2797 Alia
1119 2742 1185 2795 ad
1222 2742 1581 2805 monachum,
1615 2757 1819 2809 prma-

256 2836 567 2889 ricatorem.
602 2833 673 2886 De
696 2833 952 2899 baptismo
983 2833 1105 2888 libri
1130 2833 1192 2887 II.
1213 2834 1375 2889 Liber
1396 2834 1530 2905 Περὶ
1563 2834 1656 2886 τοῦ
1690 2835 1820 2888 αὐτ-

244 2926 512 2993 εξουτίου,
560 2925 635 2979 De
681 2926 844 2980 libero
896 2927 1140 2981 arbitrio.
1185 2926 1335 2979 Alius
1388 2924 1463 2977 De
1488 2926 1809 2994 virginitate.

249 3019 323 3072 De
360 3018 623 3072 Paradiso
676 3017 813 3072 liber
858 3027 912 3072 et
946 3016 1068 3069 libri
1115 3014 1154 3067 V
1193 3016 1440 3069 adversm
1476 3014 1815 3067 Eunomium.

238 3103 338 3177 [Ὺ.
369 3105 613 3161 Garnerii
644 3104 795 3176 prati.
823 3106 889 3158 ad
919 3112 1049 3157 tom.
1084 3103 1101 3158 l
1134 3104 1295 3175 0pp.,
1331 3120 1453 3175 pag.
1483 3102 1584 3175 tv.]

921 3193 1150 3250 Latinw.

1991 2000 2229 2055 Colonia:
2275 1998 2413 2053 I525
2466 2007 2518 2053 et
2558 1998 2718 2061 I55I,
2745 1998 2860 2062 τοι,
2906 2000 3043 2067 apud
3074 2002 3485 2072 Cervicornum,

1918 2107 2082 2162 quam
2100 2091 2393 2145 editionem
2418 2090 2761 2159 persequitur
2784 2090 3053 2145 Gesnerus
3081 2091 3133 2145 in
3149 2091 3293 2149 Bibl.
3314 2094 3483 2151 an.

1920 2182 2065 2236 Edit.
2096 2180 2286 2237 Colon.
2322 2179 2481 2244 I523,
2508 2194 2670 2249 quam
2698 2181 2750 2233 in
2785 2180 3034 2236 manibus
3059 2182 3251 2249 habeo,
3286 2184 3486 2241 inscri-

1920 2284 2010 2345 pta
2040 2283 2124 2329 est

1991 2364 2110 2418 Divi
2148 2363 2337 2417 Basilii
2366 2362 2444 2421 ll.
2477 2362 2678 2418 Caesar.
2713 2366 2939 2433 episcopi
2969 2369 3333 2425 eruditissime
3362 2389 3486 2441 ope-

1919 2471 2003 2517 ra,
2029 2469 2251 2523 quorum
2274 2452 2582 2523 catalogum
2614 2456 2671 2508 in
2700 2457 2935 2524 sequenti
2961 2458 3169 2525 pagella
3203 2460 3487 2529 deprehen-

1918 2548 2029 2600 des.
2050 2548 2375 2614 Interpretes
2394 2541 2551 2599 Joan.
2572 2547 2934 2617 Agyropylus,
2962 2546 3157 2619 Georg.
3179 2550 3486 2622 Trapezun-

1923 2639 2028 2695 tius
2055 2682 2071 2706 ,
2124 2638 2387 2708 ltapbael.
2421 2638 2811 2693 Volaterranus
2841 2678 2857 2700 ,
2900 2640 3130 2697 Ruﬁnus
3181 2644 3485 2715 presbyter.

1922 2733 2172 2787 Monodia
2213 2730 2439 2800 Gregor.
2469 2729 2733 2785 Nazianz.
2766 2729 2923 2784 I525.
2952 2730 3008 2785 In
3045 2732 3191 2787 calce
3224 2752 3237 2787 :
3276 2736 3488 2790 Excusa

1921 2836 2038 2877 sunt
2070 2827 2179 2878 lucc
2210 2840 2364 2890 opera
2400 2824 2452 2875 in
2481 2822 2681 2876 wdibus
2733 2821 2985 2877 Eucharii
3022 2822 3342 2889 Cervicorni,
3386 2844 3491 2881 tere

1921 2928 1968 2970 et
1996 2915 2258 2984 impendio
2298 2914 2373 2968 Μ.
2427 2912 2649 2982 Codefr.
2696 2914 2970 2983 Ilittorpii,
3018 2917 3141 2970 cibis
3189 2917 3374 2974 Colon.
3410 2920 3487 2974 Η.

1917 3007 2086 3060 Juuio
2118 3006 2213 3072 fol.
2248 3005 2385 3058 Add.
2411 3005 2706 3059 Lambach.
2734 3008 2773 3061 I.
2804 3020 2879 3069 c.,
2911 3021 2964 3074 ρ.
3003 3007 3089 3067 86,
3127 3011 3216 3076 qui
3253 3011 3304 3064 in
3340 3022 3490 3073 nota,

1926 3096 2217 3157 Habentur,
2252 3094 2347 3157 ait,
2377 3094 2459 3146 hic
2484 3106 2674 3160 prwter
2707 3111 2863 3164 opera
2894 3112 3009 3166 quia
3039 3100 3191 3149 modo
3221 3104 3491 3153 recensui-

1922 3204 2036 3241 mus
2092 3203 2155 3242 ea:
2217 3188 2342 3241 edit.
2399 3187 2659 3251 Romana,
2692 3190 2814 3241 libri
2857 3187 2891 3239 V
2930 3200 3112 3242 contra
3148 3190 3486 3253 Eunomium,

316 3284 525 3357 [Romae
551 3329 565 3353 ,
602 3286 740 3342 I515
765 3328 781 3353 ,
819 3286 990 3357 Opera
1026 3287 1100 3343 Μ.
1142 3288 1323 3342 Basilii
1367 3304 1458 3355 per
1491 3285 1817 3357 Raphaelem
1848 3278 1889 3333 C
1924 3282 2145 3351 Georgio
2194 3280 2545 3347 Trapesuntio
2577 3282 2881 3350 interprete,
2914 3292 2963 3335 et
2991 3286 3171 3353 regula
3201 3287 3490 3340 monac/to-

245 3444 368 3498 pag.
402 3427 545 3501 iII87
581 3438 635 3485 et
707 3430 811 3486 292
866 3448 984 3501 sqq.

246 3497 737 3571 asceticouinicod.
786 3497 1069 3556 CCXXXII
1126 3505 1237 3571 (ib.
1310 3516 1435 3571 pag.
1494 3497 1821 3571 29I.)—lu

240 3572 368 3622 cod.
410 3568 751 3630 CCLXXXI.
792 3572 883 3635 30,
927 3568 1206 3626 sermones
1256 3570 1323 3624 ad
1386 3570 1714 3632 monachos,
1768 3576 1825 3621 et

245 3640 350 3691 alia
374 3640 468 3707 (ib.
498 3655 548 3706 p.
574 3638 721 3706 593,,
748 3649 853 3694 etc.
885 3671 957 3681 —
981 3641 1085 3695 Nec
1106 3650 1263 3694 vacat
1286 3640 1494 3707 singula
1528 3639 1709 3695 Basilii
1751 3638 1819 3692 Μ.

246 3707 527 3777 opuscula,
578 3718 711 3769 etc.,
758 3725 877 3777 qua:
918 3713 969 3764 in
1021 3711 1176 3765 codd.
1237 3710 1545 3766 Bodleianis
1595 3711 1823 3776 aliisque

246 3776 590 3855 Britannicis
615 3776 851 3842 exstant,
893 3781 976 3855 vel
1022 3795 1344 3855 enumerare
1362 3797 1391 3855 ;Δ
1410 3791 1464 3855 et
1499 3780 1821 3855 ablegandus

248 3846 377 3898 mihi
422 3855 504 3918 est
539 3848 750 3902 illorum
803 3853 1006 3907 notitite
1052 3852 1283 3918 cupidus
1327 3852 1393 3906 ad
1432 3846 1817 3905 indices—'catal.

250 3929 382 3970 mss.
407 3917 613 3985 Anglia:
646 3928 699 3973 et
730 3919 999 3975 Hibernia:
1040 3917 1331 3985 subjectos.
1372 3948 1441 3957 ——
1474 3920 1615 3986 Quot
1662 3921 1818 3972 codd.

247 3986 339 4053 qui
366 3988 515 4039 multi
546 3999 690 4050 sunt,
727 4000 780 4043 et
814 3991 961 4043 varia
994 3989 1177 4043 Basilii
1211 4005 1335 4057 opp.
1375 3994 1677 4043 continent.
1708 4004 1821 4042 ser-

248 4067 439 4109 ventur
480 4058 532 4109 in
559 4058 687 4113 bibl.
719 4059 978 4115 Escorial.
1021 4060 1234 4115 docebit
1261 4059 1437 4113 Pluer.
1475 4059 1525 4111 in
1564 4058 1813 4111 Itinerar.

247 4142 341 4191 per
369 4125 619 4191 llispan.,
648 4141 769 4196 pag.
805 4131 1039 4193 I6I,ant
1088 4132 1178 4196 qui
1209 4130 1260 4184 in
1298 4130 1420 4184 aliis
1462 4128 1645 4183 multis
1690 4130 1815 4181 bibl.

250 4198 610 4274 reperiantur,
649 4197 1236 4279 indicabitdlontl‘auc.
1280 4201 1331 4253 in
1380 4200 1552 4255 indice
1583 4200 1647 4252 ad
1676 4197 1816 4251 Bibl.

249 4262 488 4321 bibliotli.
518 4266 959 4321 mss.—Venetns
981 4284 1035 4322 In
1060 4270 1188 4321 bibl.
1222 4271 1393 4322 Marc.
1428 4271 1479 4322 in
1500 4270 1657 4323 codd.
1688 4268 1816 4323 LIII.

249 4310 506 4406 ἶιξᾴέἱέὶἰι
520 4310 644 4393 ἱῐιῑξ
663 4310 754 4392 LX
765 4310 1748 4406 ante;statinsasét1.;1;
1756 4310 1821 4391 ἰὶἑ

250 4404 317 4456 ad
340 4406 430 4477 l5,
457 4408 699 4462 curatius
720 4411 1021 4472 memorati,
1051 4418 1266 4464 exstant
1286 4404 1562 4477 permulta!
1588 4404 1820 4461 homiiite

249 4482 304 4525 et
328 4476 433 4526 alia
460 4490 649 4541 opusc.
686 4480 737 4531 in
779 4481 893 4543 his,
929 4480 1163 4533 humilia:
1207 4488 1263 4533 et
1290 4476 1415 4543 alia,
1446 4491 1564 4544 qua:
1605 4479 1655 4529 in
1684 4480 1815 4532 edit.

251 4546 653 4619 monac_|_t_or._Sf
707 4549 875 4601 Mauri
918 4564 1021 4601 non
1053 4551 1413 4619 reperiuntur.
1461 4546 1533 4600 De
1582 4546 1818 4602 homiliis

1085 3432 1249 3486 multa
1310 3430 1489 3486 Basilii
1551 3432 1603 3484 in
1655 3444 1819 3496 opere

1924 3443 1990 3497 ea:
2021 3426 2302 3497 Evangelia
2332 3427 2488 3483 Luca:
2512 3429 2568 3482 in
2593 3428 2983 3497 paralyticugn;
3016 3429 3069 3481 in
3100 3430 3489 3485 ordinationem

1924 3496 2028 3552 SS.
2079 3482 2626 3561 apovstolorunt.—I'n
2678 3482 2799 3553 cod.
2847 3482 2980 3551 LXII
3026 3512 3194 3565 usque
3224 3501 3290 3551 ad
3322 3482 3487 3562 LXV,

1923 3578 2051 3623 sunt
2091 3568 2268 3621 Basilii
2298 3569 2530 3623 ascetica
2566 3568 2697 3629 (cat.
2726 3584 2848 3637 pag.
2876 3569 2946 3621 l5
2990 3570 3121 3636 sq.).
3153 3598 3223 3609 -
3250 3567 3305 3623 In
3359 3573 3483 3629 cod.

1925 3637 2035 3692 DIII
2067 3638 2250 3693 Basilii
2280 3654 2343 3691 ex
2382 3638 2716 3706 proverbiis;
2746 3638 2976 3699 capitula
3019 3638 3129 3690 VIII
3162 3638 3215 3692 in
3240 3640 3485 3694 diversas

1926 3708 2267 3779 hypotheses,
2293 3709 2695 3762 etc.—Taurini
2730 3709 2780 3779 in
2805 3707 2941 3761 Bibl.
2968 3709 3236 3779 quondam
3262 3712 3403 3779 regia
3430 3729 3482 3765 tn

1925 3778 2107 3849 multis
2140 3779 2295 3833 codd.
2330 3779 2527 3833 multas
2566 3778 2820 3847 epistolas
2864 3778 3221 3849 homiliasque
3255 3778 3483 3849 aliaque

1924 3848 2104 3903 inesse
2137 3864 2322 3917 opera,
2350 3863 2643 3915 cognosces
2675 3864 2739 3901 ex
2760 3848 2925 3903 catal.
2956 3848 3114 3901 codd.
3143 3864 3227 3917 gr.
3254 3847 3478 3905 Taurin.

1925 3917 1989 3981 V,
2016 3920 2177 3969 indic.
2202 3931 2320 3970 voc.
2361 3915 2613 3980 Basilius,
2646 3916 2920 3970 Cassan—
2949 3918 3175 3985 Insignis
3205 3922 3479 3974 variorum

1923 3988 2103 4040 Basilii
2138 3989 2426 4052 librorum,
2464 3986 2750 4042 Florentia:
2795 3988 2846 4040 in
2876 3986 3002 4040 bibl.
3036 3985 3198 4040 Laur.
3236 4000 3483 4041 servato-

1923 4072 2061 4127 rum,
2093 4074 2345 4112 numerus
2395 4058 2706 4127 designatur
2745 4072 2776 4111 a
2812 4057 3035 4127 Bandin.
3088 4059 3139 4111 in
3171 4057 3289 4112 Cat.
3322 4062 3479 4115 codd.

1922 4126 2015 4180 Gr.
2054 4127 2217 4181 Laur.
2251 4128 2381 4181 Vide
2435 4125 2545 4182 ind'.
2580 4128 2645 4180 ad
2671 4137 2797 4179 tom.
2831 4125 2924 4188 Ill,
2957 4142 3077 4195 pag.
3112 4126 3217 4181 480
3255 4158 3309 4169 -
3351 4128 3477 4184 482.

1920 4229 1991 4239 ——
2019 4198 2093 4253 De
2145 4198 2301 4252 codd.
2340 4196 2673 4264 Neapolitan.
2699 4195 2764 4250 V.
2797 4212 2978 4265 supra.
2998 4196 3105 4251 vol.
3135 4195 3199 4260 V,
3225 4199 3275 4250 in
3310 4200 3479 4254 calce.

1922 4268 2100 4324 Leida:
2130 4270 2182 4321 in
2224 4266 2357 4319 bibl.
2390 4267 2538 4331 pubi.
2573 4266 2735 4323 inter.
2762 4267 2919 4321 codd.
2952 4266 3249 4320 Bonavent.
3284 4267 3480 4322 Vulca-

1921 4342 2027 4405 nii;
2063 4354 2125 4393 ex
2164 4336 2343 4389 Basilii
2390 4337 2685 4405 appendice
2727 4341 2791 4390 ad
2833 4336 3077 4389 Naucleri
3128 4334 3481 4405 Chronogra—

1920 4404 2092 4476 phiam
2119 4408 2248 4477 (cat.
2278 4407 2405 4461 bibl.
2428 4404 2433 4405 ν
2459 4406 2627 4467 Leid.,
2659 4422 2779 4477 pag.
2814 4404 2920 4460 548
2945 4406 3131 4476 lin).—
3150 4406 3225 4461 Ib.
3264 4407 3316 4461 in
3342 4404 3476 4462 bibl.

1922 4478 2064 4549 pubi.
2101 4479 2240 4530 inter
2267 4494 2400 4532 mss.
2422 4482 2528 4549 vol.
2564 4477 2862 4549 membran.
2900 4488 3172 4549 pervetus,
3197 4479 3479 4549 continens

1918 4547 2163 4617 quadam
2197 4549 2375 4602 Basilii
2418 4547 2513 4606 Μ..
2561 4548 2855 4617 praesertim
2897 4548 3148 4617 ascetica,
3201 4548 3341 4615 quod
3398 4551 3480 4599 vir

251 4614 521 4688 nonnullis
554 4616 707 4688 inira
756 4632 975 4682 agemus
1022 4638 1030 4669 :
1074 4614 1281 4688 reliqua
1334 4619 1529 4673 inedita
1583 4631 1814 4684 quorum
1922 4614 2110 4673 doctus
2165 4620 2373 4673 videtur
2401 4616 2703 4688 contulisse
2738 4618 2803 4670 ad
2838 4617 2967 4672 edit.
3002 4614 3318 4688 Basileens.,
3347 4627 3480 4671 teste

250 4684 401 4737 initia
432 4682 611 4755 retulit
641 4696 829 4755 auctor
879 4688 1019 4741 illius
1052 4682 1225 4743 Calai.
1249 4706 1310 4743 ea
1358 4703 1475 4743 esse
1518 4682 1812 4741 notantur:
1851 4688 1892 4743 D
1922 4690 2231 4744 coniectore
2263 4698 2368 4739 cat.
2400 4686 2528 4739 bibl.
2568 4686 2740 4747 Leid.,
2770 4702 2889 4755 pag.
2940 4686 3067 4746 254,
3097 4701 3152 4740 n.
3191 4686 3242 4739 I.
3273 4716 3344 4725 —
3376 4688 3476 4751 |b.,

251 4756 303 4809 in
335 4755 457 4810 cod.
500 4753 630 4817 LIII,
662 4753 728 4808 In
770 4758 1135 4810 obscuritatem
1177 4762 1663 4826 prophetiarum,et
1688 4773 1816 4824 quo-

251 4827 403 4876 modo
442 4842 535 4895 nos
588 4836 822 4894 oporteat
873 4829 1146 4895 diligenter
1193 4825 1379 4882 ineas
1410 4825 1722 4881 incumbere.
1757 4827 1812 4881 In

248 4897 372 4947 cod.
429 4894 562 4959 LIV,
618 4894 983 4950 consolatoria
1017 4898 1084 4948 ad
1140 4898 1416 4963 inﬁrmos;
1473 4902 1535 4950 de
1582 4896 1813 4949 admini-

249 4963 524 5037 stratione,
560 4983 649 5016 seu
696 4971 942 5037 regimine
969 4970 1020 5019 in
1053 4966 1300 5037 Christo;
1336 4971 1399 5022 de
1449 4966 1808 5021 misericordia

248 5043 296 5088 et
325 5036 529 5101 judicio
559 5037 665 5099 (est
701 5036 913 5106 quoque
962 5039 1012 5091 in
1047 5041 1164 5089 cod.
1219 5036 1351 5100 LVI,
1384 5049 1436 5090 et
1466 5038 1624 5101 huius
1651 5049 1811 5105 argn-

251 5106 421 5159 menti
478 5106 749 5157 hontiliam
790 5108 1044 5163 ineditam
1081 5119 1344 5160 memorat
1402 5106 1695 5161 Montl'auc.
1754 5108 1807 5161 in

250 5175 388 5229 Bibl.
428 5173 674 5241 Coisliu.,
710 5191 831 5245 pag.
863 5180 1081 5245 118).--
1107 5176 1205 5245 Ep.
1240 5180 1307 5229 ad
1345 5176 1595 5231 Urbicum
1621 5191 1807 5229 mona-

251 5248 401 5297 chum
436 5247 500 5296 de
528 5249 866 5299 continentia.
899 5248 952 5300 In
981 5251 1098 5301 cod.
1128 5247 1235 5307 LV,
1260 5246 1569 5299 Encomium
1593 5247 1645 5297 in
1667 5262 1807 5309 pra:-

248 5330 529 5387 cessarent
557 5333 745 5381 suum;
790 5319 844 5369 in
898 5318 1203 5371 Trinitatem
1248 5318 1445 5387 (exstat
1496 5331 1709 5387 quoque
1755 5318 1805 5369 in

249 5388 368 5438 cod.
408 5385 571 5453 LXI);
610 5388 660 5438 in
688 5389 813 5441 illud
845 5387 1042 5441 Christi
1074 5406 1087 5442 :
1128 5385 1325 5441 lloram
1358 5385 1683 5439 illam—nemo
1714 5401 1805 5439 no-

250 5455 340 5527 vit.
375 5457 479 5506 nisi
524 5458 680 5527 l’ater
731 5458 900 5525 (coni.
946 5456 1089 5514 Bibl.
1120 5459 1362 5527 Coislin.,
1396 5472 1514 5527 pag.
1551 5458 1719 5525 295);
1753 5459 1807 5508 in

253 5521 590 5591 Evangelium
616 5521 770 5578 Luca:
798 5538 845 5579 et
875 5530 927 5581 in
951 5529 1187 5589 Annam;
1227 5530 1278 5581 in
1308 5521 1511 5579 Patella
1546 5521 1805 5595 (estquo-

251 5608 354 5661 que
383 5595 433 5645 in
463 5598 584 5649 cod.
619 5594 787 5665 LXI);
838 5600 892 5651 in
945 5600 1116 5651 lacum
1162 5597 1510 5651 Cennesaretlt
1541 5594 1587 5648 et
1618 5599 1669 5647 in
1704 5594 1807 5647 Pe-

248 5677 407 5735 trum,
437 5668 728 5731 apostolum
760 5668 1017 5735 (ejusdem
1061 5669 1360 5734 argumenti
1404 5667 1674 5718 humiltam
1707 5669 1806 5719 sub

248 5734 621 5804 Chrysostoun
671 5734 888 5790 nom-ine
941 5740 1118 5792 laudat
1152 5736 1337 5791 blontl.
1371 5736 1505 5790 Bibl.
1538 5736 1726 5798 (ibist,
1750 5752 1803 5802 p.

252 5804 372 5867 I5I,
404 5819 522 5874 qua:
553 5817 728 5859 tamen
768 5808 927 5861 initio
953 5811 1217 5875 discrepat
1250 5810 1314 5859 ab
1343 5806 1571 5873 exempl.
1634 5804 1803 5858 Vene-

248 5876 361 5947 to);
394 5876 457 5931 In
510 5879 812 5930 memoriam
847 5890 1131 5946 martyrum
1162 5895 1179 5941 ;
1212 5878 1391 5931 homil.
1424 5878 1476 5929 in
1506 5876 1799 5938 Abraham;

1921 4777 2041 4831 pag.
2074 4756 2199 4818 356,
2223 4774 2275 4811 n.
2305 4756 2394 4819 47,
2430 4755 2606 4811 Basilii
2636 4759 2691 4836 in
2718 4755 3176 4838 llexaemeron.—
3198 4757 3324 4827 Pag.
3350 4758 3476 4823 553,

1920 4848 1975 4884 n.
2011 4830 2097 4889 6t,
2132 4829 2263 4895 Epp.
2296 4831 2570 4882 ammbane
2592 4827 2787 4880 Iuliam
2819 4837 2874 4881 et
2905 4825 3106 4889 Basdtt,
3142 4841 3277 4895 quas
3311 4837 3476 4880 testa-

1919 4912 2006 4954 tur
2040 4898 2280 4965 Scaliger
2319 4913 2377 4952 se
2416 4899 2615 4949 vidisse
2638 4897 2890 4952 Arabiae.
2914 4926 2985 4937 —-—
3015 4896 3175 4965 Ibidt
3196 4911 3314 4964 pag.
3346 4896 3472 4954 402.

1916 4988 1969 5025 ιι.
2014 4969 2067 5029 7,
2114 4964 2255 5021 inter
2303 4970 2457 5021 codd.
2493 4966 2764 5028 Vossian.,
2812 4968 3091 5034 aenigmata
3148 4964 3337 5020 Basilii
3384 4967 3477 5021 τοῦ

1912 5038 2201 5109 Μαιουμὰν
2233 5040 2311 5101 εἰς
2339 5036 2497 5090 Κύτι.
2532 5067 2602 5109 _——
2630 5036 2693 5089 Et
2719 5054 2792 5109 Δη.
2836 5036 2921 5109 I_6,
2960 5034 3147 5109 Basilii
3178 5037 3247 5089 Μ.
3277 5037 3476 5109 ἐκκλη-
3502 5063 3513 5079 ι

1916 5105 2168 5181 σιαστιᾷιὴ
2198 5111 2314 5181 καὶ-
2336 5107 2570 5178 μυστικὴ
2604 5105 3476 5181 apoilewpla'_per_interrqga_lio-

1914 5198 2029 5237 nes.
2048 5211 2121 5221 —
2146 5175 2505 5233 Montla‘ucon.
2544 5175 2592 5228 tu
2627 5175 3028 5246 Palazograpltia
3057 5176 3151 5229 Gr.
3185 5175 3341 5241 XLV,
3367 5178 3476 5230 Iau-

1912 5255 2003 5305 dat
2028 5253 2145 5305 cod.
2176 5249 2468 5303 Colbertin.
2518 5245 2873 5309 CCCCXIJIX,
2900 5245 3151 5308 membr.,
3186 5247 3274 5314 qui
3321 5249 3475 5299 exhi-

1911 5323 2000 5376 bet
2029 5320 2210 5375 Basilii
2242 5334 2367 5384 opp.
2403 5332 2509 5370 ser.
2544 5332 2705 5370 manu
2753 5317 2977 5379 Niceten,
3024 5318 3472 5384 promspatharii,

1910 5402 2041 5456 etc.,
2067 5394 2131 5444 A.
2160 5389 2258 5444 Ch.
2285 5389 2383 5443 97I
2424 5389 2637 5440 oblatus
2683 5389 2925 5441 ecclesiae
2968 5389 3224 5456 martyris
3256 5386 3474 5456 Georgii

1909 5454 2101 5519 Oriati.
2124 5492 2191 5504 --
2216 5472 2269 5513 et
2297 5475 2416 5527 pag.
2445 5457 2572 5516 287,
2598 5460 2715 5512 cod.
2752 5459 3050 5510 Itomauum
3086 5454 3144 5509 P.
3181 5457 3241 5510 I’.
3276 5456 3332 5509 S.
3361 5454 3467 5511 Ba-

1909 5534 2038 5595 silii,
2071 5534 2160 5601 qui
2191 5533 2430 5585 continet
2463 5527 2645 5601 Basilii
2683 5528 2921 5601 ascetica
2957 5535 3010 5580 et
3046 5528 3475 5601 quaestiones,_et

1914 5597 2170 5666 illustrat,
2207 5616 2325 5669 qua:
2348 5608 2527 5669 uolatu
2558 5600 2717 5666 digna
2743 5599 2808 5651 ad
2843 5597 3044 5669 calcem
3081 5598 3347 5669 leguntur.
3368 5598 3473 5651 Sed

1914 5673 2027 5726 hinc
2060 5666 2343 5731 sntIieiant,
2377 5683 2441 5721 ne
2475 5668 2619 5738 leges
2652 5667 2885 5721 instituti
2914 5670 3082 5721 nostri
3118 5666 3344 5729 migrent
3372 5684 3383 5721 :
3417 5678 3475 5738 et

1912 5747 1976 5797 de
2025 5743 2345 5811 quibusdam
2380 5754 2503 5810 opp.
2535 5737 2705 5795 codd.
2744 5738 2944 5809 passim
2975 5740 3151 5792 adhuc
3182 5738 3332 5793 locus
3366 5737 3475 5792 crit

1911 5815 2142 5869 dicendi.
2180 5813 2350 5867 Ilsut.

3142 4841 3277 4895 quas
3311 4837 3478 4880 testa-
