4040 6466
536 443 764 483 CCXLVI”

1890 423 2419 480 PROLEGOSlESA.

514 560 675 608 ‘rum,
712 562 741 597 a
781 543 968 611 Ruﬁno
997 560 1262 597 conversa.
1316 542 1391 598 De
1420 542 1605 613 regula
1641 542 1890 598 monacb.
1922 544 1984 598 V.
2015 545 2088 597 in-

2193 564 2271 618 De
2312 566 2551 631 scriptor.
2598 563 2802 629 eccles.,
2845 579 2966 635 pag.
3013 562 3110 619 177
3142 578 3280 631 seq.,
3315 561 3379 615 ab
3408 559 3771 618 chdreicbio

533 639 617 693 fra
645 640 709 692 ad
746 637 811 692 1X
840 679 854 703 ,
901 638 983 691 11.
1040 636 1290 691 Ruﬁnum
1318 650 1436 691 esse
1486 636 1777 705 pessimum
1830 636 2093 704 interpre-

534 738 666 793 tem,
700 730 887 784 statuit
948 727 1171 783 [laetius
1227 728 1305 782 De
1356 729 1814 797 interpretatione,
1877 727 1997 780 libr.
2032 744 2093 793 ιι,

531 836 655 890 pag.
703 820 807 873 216
840 835 923 889 sq.
957 818 1043 873 ed.
1090 819 1282 874 Stadae.
1316 819 1475 881 1680,
1516 819 1595 874 8°.
1620 847 1687 861 —
1719 818 1792 871 De
1846 819 1932 872 ed.
1973 816 2089 871 Col.

535 913 694 966 1551.
742 911 872 965 Vide
923 909 1150 964 Panzer.
1206 910 1272 965 A.
1330 909 1416 975 T.,
1472 910 1559 974 Vl,
1600 926 1651 979 p.
1702 909 1826 973 414,
1878 926 1931 964 n.
1968 908 2091 962 609.

533 1004 701 1057 lina.

616 1020 701 1057 aL.

580 1020 801 1166 ‘ll’aris.
825 1092 987 1147 1525.
1019 1091 1203 1146 Basilii
1227 1090 1295 1143 Μ.
1316 1105 1475 1159 opera
1493 1106 1557 1145 ex
1583 1091 1917 1159 interpretat.
1935 1088 2090 1143 Joan.

529 1184 870 1255 Argyropuli,
911 1184 977 1239 G.
1018 1182 1394 1252 Trapezuntii,
1422 1192 1474 1236 et
1513 1181 1688 1252 Rapit.
1734 1181 2089 1235 Volaterrani.

528 1291 618 1343 ap.
667 1274 787 1329 .Iod.
819 1274 1064 1327 Badium.
1101 1270 1232 1337 101.;
1288 1272 1429 1326 conf.
1488 1270 1915 1328 Schoenemann.
1947 1270 2087 1324 Bibl.

526 1394 598 1408 -
650 1363 874 1418 Patrum
924 1362 1072 1431 Lat.,
1106 1364 1144 1428 Ι,
1175 1378 1225 1431 p.
1256 1362 1358 1417 619
1385 1378 1469 1433 sq.
1501 1392 1572 1404 —
1612 1362 1687 1417 De
1744 1362 2087 1431 Trapezuntii

528 1456 779 1511 versione
829 1455 1090 1509 librorum
1127 1455 1311 1510 Basilii
1341 1466 1526 1508 contra
1556 1452 1897 1519 Eunomium,
1947 1454 2089 1522 ejus-

526 1564 632 1619 que
689 1547 1017 1601 editionibus
1050 1562 1100 1600 ν.
1134 1546 1267 1601 Zeni
1314 1546 1535 1600 Dissert.
1572 1544 1840 1610 Vossiane,
1866 1556 1993 1600 tom.
2021 1545 2086 1611 ll,

524 1658 579 1712 p.
606 1642 660 1705 9,
688 1657 741 1694 n.
782 1637 864 1693 Vl.
893 1666 967 1680 -
994 1638 1227 1693 Garnier
1262 1640 1315 1689 in
1350 1636 1501 1706 praef.
1530 1637 1596 1691 ad
1633 1645 1765 1691 tom.
1797 1634 1816 1688 l
1844 1636 2001 1705 Opp.,
2030 1652 2084 1705 p.

525 1748 599 1797 iv,
634 1738 899 1786 memorat
924 1729 1054 1783 edit.
1090 1728 1210 1782 Lat.
1243 1726 1415 1784 Paris.
1440 1726 1600 1795 1525,
1631 1722 1748 1794 fol.,
1779 1743 1867 1797 ap.
1894 1728 2087 1784 Ascen-

520 1826 684 1879 sium.
720 1822 892 1877 llsnL.

594 1916 756 1970 Basil.
790 1914 948 1980 15-10,
984 1911 1103 1979 fol.,
1130 1912 1270 1982 apud
1317 1911 1643 1983 Hervagium
1699 1926 1820 1967 cum
1873 1912 2082 1983 pruriat.
2116 1897 2160 1952 Β

523 2006 825 2078 Wolfgangi
856 2006 1098 2061 Musculi.
1129 2005 1280 2059 Hanc
1308 2005 1598 2060 editionem
1630 2014 1827 2073 praeter
1876 2005 2086 2062 Gesne-

521 2117 639 2156 rum
679 2109 925 2154 recenset
967 2098 1326 2152 Bellarminus
1350 2096 1427 2151 De
1462 2096 1522 2152 S.
1561 2096 1629 2152 E.
1660 2106 1714 2151 et
1747 2097 1808 2152 Β.
1845 2097 2084 2153 Gerhar-

519 2197 622 2249 dus
651 2196 702 2247 in
731 2190 1059 2259 Patrologia.
1079 2190 1245 2245 Fssa.
1280 2188 1569 2260 Inscriptio
1603 2191 1718 2245 haec
1750 2198 1835 2244 est
1865 2207 1880 2244 :
1916 2178 2087 2258 Opera

520 2284 588 2338 D.
622 2285 811 2339 Basilii
842 2283 921 2337 ll.
957 2315 1023 2325 —
1048 2285 1239 2339 Omnia
1264 2326 1279 2351 ,
1311 2287 1417 2339 sive
1444 2301 1618 2339 recens
1652 2301 1825 2349 uersa,
1859 2285 1967 2340 sive
2018 2285 2088 2339 ad

520 2375 731 2432 Gra’cos
782 2378 1087 2447 archetypos
1125 2378 1199 2431 ita
1238 2376 1464 2441 collata,
1502 2394 1592 2446 per
1633 2375 1835 2447 Wolfg.
1867 2377 2085 2432 Musca-

518 2472 628 2523 lum
648 2508 663 2532 ,
697 2469 1003 2534 Dusanum,
1036 2479 1092 2522 ut
1132 2469 1296 2523 aliam
1325 2470 1537 2524 omnino
1565 2470 1756 2538 faciem
1803 2473 2084 2539 sumpsisse

519 2561 815 2614 uideantur.
832 2559 1067 2624 Quorum
1086 2562 1354 2629 catalogus
1385 2562 1676 2630 insequitur
1694 2563 2079 2633 prwfationsrn.

518 2652 683 2707 Basil.
717 2666 782 2707 ex
830 2649 920 2705 off.
974 2649 1314 2720 Hervagiana
1350 2650 1566 2715 MDXL,
1598 2652 1689 2706 fol.
1721 2652 1967 2722 Esempl.
2000 2661 2086 2709 est

518 2744 571 2798 in
601 2744 729 2799 bibl.
770 2744 925 2798 acad.
960 2742 1177 2814 Erlang.
1210 2741 1381 2797 Hann.

586 2838 750 2892 Basil.
784 2837 941 2900 1552,
973 2836 1089 2902 fol.,
1129 2837 1322 2891 edente
1353 2833 1490 2890 Jano
1519 2836 1802 2899 Cornario.

586 2929 749 2985 Basil.
772 2928 933 2992 1565,
954 2927 1067 2995 fol.,
1084 2927 1223 2999 apud
1240 2925 1396 2983 Joan.
1419 2924 1734 2998 Oporinum,
1755 2944 1875 2984 cum
1895 2930 2081 2986 eadem

517 3020 739 3075 Ilusculi
772 3020 1107 3091 praefatione,
1140 3019 1229 3088 qui
1275 3020 1330 3075 in
1382 3020 1485 3075 hac
1521 3022 1756 3077 editione
1789 3022 1992 3078 scholia
2026 3022 2081 3079 in

515 3111 780 3174 Psalmos,
811 3120 866 3164 et
902 3111 1299 3165 enarrationem
1337 3111 1393 3165 in
1434 3113 1667 3168 sedecim
1706 3114 1877 3183 capita
1909 3115 2078 3179 Isaiae,

2194 656 2246 710 in
2290 654 2574 709 Pandectis
2616 654 3123 725 Brandenburgicis,
3173 654 3289 718 sed,
3314 655 3400 721 qui
3436 653 3598 708 multa
3630 668 3767 707 con-

2194 746 2311 801 fuse
2360 761 2421 799 ac
2455 744 2587 797 falso
2618 739 2683 798 de
2712 746 3041 799 editionibus
3079 744 3257 798 Basilii
3304 744 3625 813 scriptorum
3655 754 3769 797 tra-

2193 838 2290 891 dit.
2359 835 2458 902 Qui
2522 837 2660 890 hanc
2722 835 3077 889 Parisiensem
3130 834 3422 889 editionem
3477 847 3761 897 curarunt,

2192 929 2390 983 Fronto
2423 928 2647 982 Duraeus
2675 938 2729 981 et
2764 927 2891 983 Fed.
2932 927 3203 992 Morcllus,
3236 934 3519 988 testantur,
3550 940 3609 979 se
3634 940 3766 979 usos

2193 1023 2425 1075 editione
2469 1020 2655 1075 Graeca
2703 1021 2825 1073 anni
2873 1019 3030 1083 1551,
3069 1019 3258 1072 collata
3298 1033 3417 1072 cum
3446 1030 3576 1069 mss.
3608 1030 3637 1067 a
3670 1015 3766 1067 Ri-

2192 1114 2390 1168 clzardo
2437 1111 2781 1166 Llontacutio.
2830 1109 3005 1164 Ducazi
3052 1122 3213 1172 noue,
3256 1109 3450 1177 quibus
3485 1106 3764 1159 versione:

2191 1203 2388 1273 passim
2438 1204 2787 1272 castigantur,
2832 1200 3053 1268 implent
3097 1200 3149 1254 in
3194 1197 3497 1268 Appendice
3551 1197 3677 1249 tomi
3717 1194 3763 1248 ll

2191 1296 2409 1365 paginas
2450 1294 2585 1359 118;
2620 1295 2744 1347 hinc
2786 1293 3079 1347 succedunt
3129 1292 3334 1359 exigua:
3369 1288 3610 1343 cherici
3646 1285 3763 1341 Mo-

2188 1385 2310 1439 relli
2338 1401 2389 1453 p.
2427 1386 2526 1440 119
2554 1415 2623 1426 -—
2654 1384 2774 1439 126.
2820 1382 2979 1455 [Add.
3012 1382 3240 1438 Garnier
3268 1382 3303 1436 l.
3343 1396 3415 1445 c.,
3454 1395 3505 1449 p.
3536 1377 3616 1449 v.]

2261 1476 2414 1532 1658.
2444 1476 2613 1532 Paris.
2651 1492 2736 1545 ap.
2764 1475 2941 1546 Egid.
2976 1473 3202 1538 Morell.,
3241 1472 3360 1538 fol.,
3400 1473 3434 1527 5
3465 1470 3623 1535 voll.;
3660 1469 3763 1522 mi-

2186 1583 2289 1624 nus
2318 1568 2485 1622 nitida
2527 1569 2811 1636 minusque
2848 1566 3157 1629 emendata,
3201 1578 3373 1633 neque
3418 1563 3521 1617 ulla
3559 1576 3618 1616 re
3653 1560 3759 1613 alia

2186 1661 2414 1717 auctior.
2458 1657 2604 1714 lianc
2648 1666 2893 1713 recenset
2921 1656 3218 1711 Casimirus
3248 1654 3487 1711 Oudinus
3522 1654 3575 1709 in
3619 1652 3760 1721 Sup-

2183 1755 2438 1825 plementa
2472 1750 2535 1805 de
2571 1748 2926 1818 Scriptoribus
2956 1746 3165 1809 eccles.,
3204 1762 3257 1816 p.
3290 1746 3362 1802 42
3390 1761 3508 1816 seq.
3543 1741 3701 1818 llam.
3739 1742 3760 1797 l

2188 1842 2500 1906 Commenl.,
2543 1856 2597 1911 p.
2641 1838 2746 1894 548
2792 1853 2939 1907 sqq.,
2968 1846 3024 1892 et
3057 1835 3211 1899 ibid.,
3241 1851 3295 1905 p.
3324 1838 3424 1890 577
3454 1836 3605 1908 sqq.]
3661 1850 3761 1891 no-

2190 1952 2308 1990 vam
2352 1931 2746 2004 sciagrapltiam
2789 1928 3011 1999 subjicit
3047 1926 3276 1993 ordinis,
3319 1942 3426 1997 quo
3459 1930 3572 1996 ipse
3605 1936 3759 1996 optet

2187 2042 2347 2099 opera
2404 2026 2462 2082 S.
2505 2023 2685 2079 Basilii
2735 2021 2937 2085 recudi,
2987 2029 3045 2075 ut
3089 2019 3263 2091 primo
3306 2026 3451 2072 tomo
3500 2017 3756 2080 bomiliae,

2186 2117 2358 2172 altero
2394 2114 2516 2170 libri
2556 2122 2609 2167 et
2643 2112 3012 2176 tractationes,
3048 2110 3208 2164 tertio
3234 2106 3492 2177 epistolae,
3540 2105 3758 2173 liturgia

2184 2216 2241 2261 et
2274 2206 2379 2260 alia
2415 2206 2679 2275 quaedam,
2716 2203 2769 2256 in
2800 2201 3071 2271 prioribus
3103 2214 3207 2254 non
3255 2196 3433 2258 obvia,
3461 2194 3763 2250 exhibean-

2189 2305 2299 2350 tur.
2319 2293 2705 2366 [proscribendi
2754 2301 2929 2346 tamen
2971 2290 3065 2344 lib.
3112 2290 3185 2342 De
3220 2288 3565 2359 grammatica
3606 2301 3760 2341 exer-

2186 2387 2335 2440 citat.
2363 2393 2417 2441 et
2444 2383 2664 2455 epistola
2687 2382 2741 2435 in
2768 2379 2999 2433 aduersis
3026 2376 3421 2449 consolatoria].

2253 2478 2457 2533 Novam
2499 2474 2681 2530 Basilii
2712 2487 2934 2544 operum
2982 2471 3273 2527 editionem
3304 2470 3521 2526 molitus
3550 2470 3758 2541 pridem

2184 2570 2284 2624 fuit
2344 2568 2665 2623 Franciscus
2708 2564 3041 2631 Combelis.,
3074 2576 3303 2632 cumque
3347 2563 3541 2618 edendi
3588 2563 3762 2634 ipsius

2186 2658 2321 2713 vasti
2359 2659 2540 2728 operis
2585 2657 2799 2711 occasio
2855 2658 3087 2721 deesset,
3137 2656 3521 2725 castigationes
3571 2654 3760 2709 saltim

2185 2764 2313 2806 suas
2347 2765 2413 2806 ex
2446 2749 2614 2804 variis
2648 2748 2926 2803 codicibus
2965 2761 3098 2800 mss.
3128 2755 3182 2801 et
3229 2749 3634 2801 observationes
3658 2762 3756 2800 va-

2184 2840 2296 2895 rias
2327 2839 2393 2893 ad
2423 2838 2647 2909 paginas
2684 2836 2936 2892 editionis
2974 2834 3146 2889 Paris.
3185 2833 3323 2888 1618
3350 2834 3565 2905 vulgare
3602 2836 3765 2889 insti-

2186 2932 2306 2997 tuit,
2338 2933 2592 2999 variaque
2622 2930 2821 2985 inedita
2857 2929 2916 2984 S.
2961 2926 3147 2982 Basilii
3173 2936 3522 2982 monumenta
3552 2928 3757 2993 passim

2182 3025 2426 3081 inseruit.
2474 3024 2578 3078 Sed
2612 3024 2674 3076 A.
2710 3022 2869 3088 1679,
2898 3022 2966 3075 25
2999 3020 3148 3085 Jun.,
3192 3029 3337 3075 aetat.
3365 3020 3451 3082 74,
3480 3020 3629 3089 operi
3660 3020 3764 3074 im-

2183 3126 2394 3170 mortuo
2418 3115 2765 3178 Combelisio,
2808 3115 3211 3169 observationes
3240 3113 3342 3168 illa:
3365 3112 3551 3167 eodem
3582 3113 3763 3165 adhuc

516 3210 571 3255 et
595 3200 847 3269 epistolas
877 3201 1138 3268 quasdam
1167 3199 1432 3266 adiunxit.
1470 3201 1638 3255 Fns.
1680 3201 1813 3257 Late
1840 3213 2151 3281 recensetc
2185 3219 2327 3259 anno
2370 3205 2671 3274 publicatae,
2715 3214 2770 3258 et
2811 3206 3048 3274 arcbiep.
3101 3205 3415 3271 Parisiensi,
3461 3202 3758 3259 Francisco

516 3294 658 3345 hanc
701 3292 832 3345 edit.
883 3302 938 3343 et
978 3290 1083 3344 alia
1126 3290 1267 3345 lectu
1314 3291 1474 3363 digna
1518 3291 1583 3345 de
1624 3289 1820 3347 Basilio
1863 3290 2085 3363 ejusque

517 3382 736 3451 scriptis
776 3391 936 3451 atque
980 3381 1364 3451 interpretibus
1415 3381 1640 3453 profert,
1693 3391 1946 3452 notatque
1981 3386 2083 3438 tria

515 3476 864 3544 interpretum
901 3482 1116 3542 peccata
1140 3472 1527 3529 Joan.Fabric.
1559 3474 1609 3527 in
1627 3471 1768 3527 Hist.
1794 3474 1915 3527 bibl.
1950 3491 2081 3543 sure,

514 3576 645 3619 tom.
676 3564 716 3627 I,
747 3579 865 3632 pag.
898 3562 995 3616 101
1026 3591 1095 3604 -—
1124 3564 1245 3617 106.
1280 3563 1451 3615 Hau.

588 3654 905 3710 Parisiensis
937 3652 1179 3709 Godfridi
1211 3652 1477 3709 Tilmanni
1520 3653 1674 3718 1566,
1710 3654 1827 3719 fol.,
1861 3670 1979 3723 qua:
2008 3672 2086 3711 re-

510 3764 643 3804 cusa
681 3758 783 3804 est.

587 3842 860 3911 Antwerp.
912 3838 1069 3906 1568,
1126 3838 1245 3902 fol.,
1304 3836 1446 3906 apud
1493 3834 1797 3906 Philippum
1840 3833 2081 3891 Notium.

517 3933 668 3988 Hanc
718 3933 1008 3989 editionem
1054 3936 1302 3985 recenset
1350 3928 1674 3984 Possevinus
1714 3928 1769 3983 in
1814 3928 2085 3998 Apparatu

514 4041 686 4080 saera.
720 4023 882 4094 [Add.
915 4021 1142 4075 Garnier
1171 4020 1379 4090 praefat.
1414 4020 1507 4074 cit.
1544 4035 1600 4089 p.
1633 4019 1735 4092 tv.]

587 4116 761 4171 Paris.
804 4114 963 4180 1571,
1004 4112 1123 4177 fol.,
1166 4113 1301 4182 apud
1336 4112 1548 4168 Sebast.
1580 4112 1863 4166 Nivellium
1892 4129 1907 4167 :
1940 4112 2085 4184 prio-

515 4209 668 4263 ribus
714 4207 950 4272 nitidior,
996 4205 1308 4275 pleniorque
1348 4213 1404 4259 et
1440 4202 1773 4274 castigatior,
1811 4216 1971 4270 quam
2004 4218 2087 4256 se-

515 4309 640 4356 cata
672 4299 992 4354 Parisiensis
1024 4298 1164 4367 apud
1196 4298 1456 4350 Sonnium
1483 4298 1549 4351 Α.
1582 4296 1741 4361 1605,
1776 4293 1871 4350 fol.

584 4391 863 4446 Postrema
910 4388 1337 4459 Antwerpiensis
1381 4387 1551 4452 1616,
1606 4397 1830 4443 curante
1875 4386 2086 4443 Andrea

514 4482 763 4545 Schotto,
806 4481 920 4543 lol.,
958 4483 1181 4551 repetita
1213 4480 1446 4537 Coloniae
1479 4480 1635 4546 1618,
1671 4481 1762 4536 fol.

2189 3297 2419 3362 Harlaeo,
2461 3296 2729 3365 inscripta:
2774 3303 2901 3349 sunt
2939 3310 2966 3347 a
3003 3296 3287 3349 Vincentio
3316 3295 3366 3349 le
3401 3295 3593 3362 Fevre,
3633 3296 3758 3350 ord.

2186 3389 2382 3452 Prazd.,
2411 3387 2502 3457 qui
2544 3385 2644 3440 sub
2672 3385 2888 3439 nomine
2920 3382 3079 3436 Pauli
3116 3384 3178 3436 de
3218 3384 3432 3450 Golefer
3467 3385 3635 3440 latere
3662 3401 3760 3439 vo-

2184 3481 2303 3536 luit.
2331 3480 2540 3535 Titulus
2563 3479 2743 3549 operis
2773 3485 2857 3531 est
2892 3494 2905 3529 :
2934 3473 3168 3528 Basilius
3205 3490 3427 3544 magnus
3459 3490 3524 3527 ea:
3558 3476 3759 3544 integro

2185 3573 2503 3636 recensitus,
2552 3580 2721 3625 textus
2764 3568 2868 3638 ﬁde
2914 3568 3227 3637 Optimorum
3280 3566 3517 3619 codicum
3568 3566 3759 3635 ubique

2185 3664 2496 3731 castigatus,
2530 3674 2736 3725 auctus,
2777 3661 3096 3723 illustratus,
3133 3658 3456 3721 emendatus,
3498 3658 3757 3711 cersiones

2185 3756 2480 3823 rccognita,
2508 3762 2611 3807 etc.
2648 3752 2824 3807 Paris.
2867 3751 3026 3812 1679,
3056 3752 3129 3814 8°,
3170 3750 3380 3805 duobus
3412 3750 3533 3804 voll.
3572 3748 3755 3821 [Conf.

2185 3842 2431 3898 Garnerii
2461 3844 2609 3913 prtef.
2642 3844 2733 3895 cit.
2766 3859 2817 3911 p.
2847 3841 2947 3911 vt.]

2256 3932 2472 3986 Memini
2511 3942 2566 3985 et
2586 3930 2932 3983 Wilbelmum
2962 3929 3245 3987 Ernestum
3274 3931 3632 3999 Tentzelium,
3664 3937 3761 3989 τὸν

2189 4023 2518 4095 μακαρίτην,
2548 4021 2732 4076 multis
2759 4020 2934 4086 annis,
2968 4029 3023 4075 et
3061 4020 3430 4079 beatissimum
3472 4025 3757 4081 desidera-

2190 4118 2559 4185 tissimumque
2609 4113 2797 4170 Godfr.
2846 4112 3119 4170 Oleariutn
3169 4124 3411 4171 nostrum
3463 4117 3759 4185 aliquando

2186 4210 2251 4263 de
2281 4223 2416 4263 nova
2442 4207 2624 4261 Basilii
2657 4208 2890 4262 editione
2917 4206 3285 4260 concinnanda
3313 4208 3596 4277 cogitasse,
3620 4215 3676 4259 et
3706 4208 3759 4259 in

2186 4314 2303 4353 eam
2361 4314 2473 4353 rem
2515 4300 2663 4353 varia
2711 4298 2989 4365 collegisse
3037 4296 3294 4358 subsidia,
3345 4298 3436 4351 sed
3479 4297 3760 4366 utriusque

2188 4388 2375 4442 doctos
2408 4398 2635 4443 conatus
2670 4400 2963 4457 properans
3002 4384 3169 4439 fatum
3199 4388 3488 4442 antevertit

2260 4475 2459 4532 Novam
2493 4493 2633 4533 nunc
2662 4476 2719 4529 S.
2752 4474 2934 4529 Basilii
2962 4477 3253 4531 editionem
3284 4478 3477 4533 eruditi
3509 4478 3757 4533 monachi

586 4575 827 4642 Denique
877 4572 1201 4627 Franciscus
1254 4572 1611 4629 Combelisius
1670 4573 1723 4625 in
1769 4571 2086 4627 Ecclesiaste
2117 4578 2161 4631 ι)
2192 4569 2543 4632 Benedictini,
2587 4568 2779 4637 quibus
2829 4580 2904 4625 tot
2950 4570 3365 4639 praeclarissima
3410 4581 3757 4625 monumenta

518 4662 722 4729 Grceco,
761 4664 932 4719 Paris.
976 4662 1136 4727 1674,
1182 4663 1353 4716 forma
1388 4672 1576 4717 octava
1613 4663 1833 4731 majore,
1885 4673 1991 4716 tum
2031 4664 2083 4717 in

514 4753 839 4809 Bibliotheca
879 4754 1267 4808 concionatoria
1315 4752 1483 4816 ibid.,
1526 4754 1686 4817 1662,
1732 4753 1822 4809 fol.
1848 4793 1862 4817 ,
1910 4756 2088 4809 varias

516 4845 685 4900 Basil.
728 4844 979 4899 bomilias
1017 4844 1207 4899 Latine
1249 4858 1279 4896 a
1322 4859 1380 4898 se
1419 4845 1502 4898 vel
1544 4844 1858 4909 recensitas,
1899 4844 1981 4898 vel
2020 4846 2087 4900 de

512 4935 728 5003 integro
768 4947 950 4988 versas
976 4932 1167 4988 Latine
1195 4933 1380 4987 edidit.

1136 5024 1477 5081 Germanica.

589 5119 877 5191 lngolstad.
925 5119 1085 5183 1591,
1126 5120 1241 5187 fol.,
1287 5115 1704 5174 Scltweikhardo
1739 5118 1930 5171 comite
1967 5116 2086 5172 llel-

518 5212 914 5277 fettsteiniensi,
971 5220 1102 5277 etc.,
1158 5212 1469 5279 interprete.
1520 5207 1703 5282 [PraeL
1758 5211 1954 5278 scripta
2003 5220 2086 5264 est

517 5303 875 5370 Landsbergae
905 5303 956 5356 in
988 5301 1214 5357 Bavaria
1247 5316 1454 5369 super.,
1486 5298 1671 5363 1589.]

1078 5394 1118 5448 G
1128 5392 1386 5447 neco-Lat
1394 5396 1513 5449 inte.

589 5490 653 5545 A.
692 5487 848 5550 1618,
876 5484 1071 5551 Paris.,
1104 5485 1218 5547 fol.,
1246 5486 1281 5539 2
1309 5485 1455 5549 voll.,
1494 5501 1560 5539 ex
1590 5482 1803 5539 oﬂicina
1838 5483 2087 5540 Nivellia-

517 5596 588 5637 na
651 5580 761 5653 [ap.
821 5578 1099 5632 Claudium
1160 5575 1367 5631 Morell.
1440 5580 1732 5632 secundum
1799 5576 2085 5646 llamberg.

517 5673 733 5732 Zuverl.
780 5669 1001 5733 Nacltr.,
1049 5669 1113 5735 ll,
1157 5683 1211 5738 p.
1239 5667 1385 5739 808].
1426 5668 1550 5722 Hart:
1588 5668 1812 5738 insignis
1843 5680 1895 5723 et
1924 5670 2089 5724 nitida

518 5765 909 5829 cmendataque
952 5759 1030 5831 [et
1066 5760 1131 5813 ad
1174 5760 1327 5815 codd.
1372 5762 1623 5829 Anglicus
1655 5771 1709 5815 et
1742 5760 1977 5815 Gallicos
2007 5776 2089 5812 rc-

522 5856 750 5929 censila]
780 5854 943 5909 editio
978 5862 1285 5908 rccensetur
1316 5869 1343 5907 a
1379 5853 1623 5923 Philippo
1662 5854 1874 5909 Labbeo
1908 5864 2034 5906 tom.
2072 5853 2085 5904 Ι

2189 4660 2553 4715 ecclesiastica
2582 4659 2857 4723 debemus,
2885 4662 3073 4729 jubent
3100 4672 3416 4729 exspectare
3443 4660 3509 4711 ab
3532 4659 3759 4731 insigni—

2188 4753 2285 4808 bus
2335 4752 2605 4808 sodalibus
2657 4754 2789 4819 suis,
2846 4753 3059 4809 Juliano
3105 4754 3409 4816 Garnierio,
3468 4751 3761 4808 Francisco

2186 4843 2485 4899 Favet-Ollio
2510 4852 2563 4897 et
2591 4842 2747 4899 Joan.
2806 4842 3004 4898 Jacobo
3031 4843 3297 4906 Baverdo,
3328 4850 3610 4913 postquam
3650 4841 3758 4901 ille,

2185 4936 2275 5004 qui
2317 4950 2381 4990 ex
2430 4933 2617 4989 eodem
2657 4936 2847 4989 ordine
2890 4938 3144 4991 ornanda:
3189 4934 3313 4988 huic
3338 4945 3534 5004 spartae
3568 4932 3761 5001 praele—

2185 5037 2304 5083 ctus
2349 5037 2504 5081 antea
2555 5028 2750 5092 fuerat,
2775 5024 3005 5083 Jacobus
3047 5025 3306 5095 Lopinus,
3342 5026 3454 5095 jam
3494 5026 3559 5078 Δ.
3596 5025 3760 5089 1693,

2184 5119 2254 5174 29
2284 5121 2433 5183 Dec.,
2461 5118 2583 5173 fatis
2614 5121 2901 5175 concessit.
2928 5117 3216 5189 [Lopinum
3247 5131 3402 5172 antea
3435 5116 3601 5170 fuisse
3626 5131 3753 5185 pra-

2187 5210 2407 5276 fectum,
2429 5222 2587 5279 negat
2610 5211 2858 5265 Garnier.
2880 5208 3029 5279 praef.
3054 5210 3119 5262 ad
3146 5221 3277 5264 tom.
3297 5224 3337 5272 ι,
3359 5207 3495 5276 Opp.
3521 5221 3641 5275 pag.
3660 5205 3761 5278 tv.]

2258 5305 2487 5378 [Prodiit
2515 5306 2601 5359 ed.
2634 5302 2881 5359 Garnier.
2915 5317 3034 5370 qua:
3064 5302 3167 5356 huc
3200 5315 3368 5369 usque
3399 5298 3761 5369 principatum

2188 5407 2399 5460 tuetur;
2451 5397 2612 5450 alium
2652 5397 2912 5451 librorum
2954 5392 3137 5447 Basilii
3185 5392 3431 5446 ordinem
3485 5388 3667 5456 habet,
3710 5400 3766 5441 et

2186 5501 2269 5544 est
2305 5490 2559 5555 inscripta
2604 5509 2617 5541 :

2258 5581 2366 5633 ’1ὀῦ
2390 5610 2458 5619 -
2487 5579 2762 5633 Βασιλεξου
2793 5608 2862 5617 -
2893 5610 2961 5618 ——
2988 5578 3171 5631 Sancti
3204 5575 3384 5629 Patris
3414 5576 3578 5627 nostri
3609 5571 3766 5625 Basi-

2189 5674 2267 5737 lii,
2291 5674 2543 5727 Ctesareaa
2570 5672 2914 5739 Cappadocia,
2941 5668 3332 5736 archiepiscopi,
3363 5664 3533 5734 Opera
3566 5664 3762 5729 omnia,

2189 5782 2302 5833 qua:
2344 5773 2566 5825 exstant,
2610 5761 2686 5813 vel
2730 5778 2846 5829 qua:
2886 5760 2997 5827 ejus
3049 5762 3256 5812 nomine
3298 5759 3761 5825 circumferuntur,

2192 5860 2257 5908 ad
2291 5874 2413 5909 mss.
2447 5857 2597 5908 codd.
2638 5853 2958 5913 Gallicanos,
3010 5850 3306 5913 Vaticanus,
3343 5848 3679 5903 Florentinos
3715 5859 3760 5901 et
