4040 6452
1497 401 1780 456 ΝυΠΪΙΛ
1820 399 1908 454 EX
1952 397 2289 453 FABRICIU.

3299 407 3500 449 ςειιιι

239 524 507 594 Anglicas,
560 539 652 578 nec
700 540 802 580 non
854 523 923 579 ad
971 524 1291 595 antiquiores
1359 526 1486 578 edit.
1533 526 1816 595 castigata,
1848 534 1893 588 Α
1925 538 1981 578 ra
2015 524 2068 577 in
2097 519 2440 577 conferendis
2476 517 2934 587 entendandisque
2974 517 3127 571 libris
3168 515 3341 571 sacris
3376 514 3494 570 lau-

237 618 420 672 multis
453 626 611 671 aucta
638 632 657 672 :
685 633 817 671 nova
850 617 1302 687 interpretatione,
1328 618 1521 671 criticis
1551 620 1821 688 pra'fatio-

236 710 415 770 nibus,
474 706 634 770 notis,
677 706 839 760 uariis
880 704 1190 759 lectionibus
1233 706 1525 771 illustrata,
1570 723 1700 760 nova
1755 708 1816 763 S.

237 795 487 851 Ductoris
525 797 630 851 vita
668 806 715 851 et
748 798 1128 865 copiosissimis
1167 798 1428 850 iudicibus
1479 798 1814 867 locupletato.

238 885 413 957 Opera
453 898 502 943 et
544 890 722 943 studio
756 887 972 943 Domini
1005 888 1209 942 Iuliani
1252 886 1499 953 Garnier,
1528 891 1818 960 presbyteri

235 990 282 1032 et
320 977 565 1032 monachi
613 978 960 1043 Benedictini,
998 994 1027 1033 e
1065 980 1467 1048 congregatione
1507 980 1569 1036 S.
1614 979 1812 1035 Mauri.

236 1069 438 1124 Turnus
465 1070 675 1139 primus
702 1068 877 1124 Paris.
904 1068 1044 1139 typis
1064 1079 1117 1124 et
1138 1071 1443 1139 sumptibus
1473 1070 1627 1124 Joan.
1658 1071 1811 1141 Bapt.

234 1161 526 1231 Coignard,
567 1159 728 1224 1721,
772 1158 906 1225 ῙοΙ.;
948 1171 1124 1214 tomus
1156 1162 1449 1227 secundus,
1482 1161 1609 1215 ibid.
1646 1162 1811 1230 I722;

234 1262 416 1308 tomus
437 1254 633 1307 tertius
659 1251 935 1323 (defuncto
954 1252 1067 1322 jam
1092 1250 1323 1308 Garnier
1348 1253 1403 1307 d.
1432 1251 1602 1308 Sinin.
1632 1254 1815 1325 1725),

232 1358 400 1415 opera
439 1353 494 1400 et
536 1344 715 1399 studio
750 1345 1067 1400 munachor.
1090 1346 1212 1402 0rd.
1246 1345 1305 1401 S.
1335 1345 1635 1411 Benedicti,
1681 1347 1814 1402 ibid.

235 1434 397 1491 1750.
422 1435 581 1491 ConI'.
614 1435 803 1491 ductas
830 1450 1089 1493 censuras
1129 1438 1184 1493 in
1212 1438 1357 1493 Actis
1387 1441 1540 1493 erud.
1566 1437 1711 1509 Lips.
1743 1440 1811 1495 A.

238 1523 399 1589 I118,
441 1538 497 1593 p.
539 1524 645 1580 465
696 1540 862 1597 sqq.;
908 1528 1075 1583 -Α,
1115 1528 1274 1595 1751,
1315 1544 1368 1599 p.
1397 1529 1495 1586 491
1526 1544 1646 1600 sqq.
1678 1538 1809 1599 etp.

231 1615 341 1672 537
373 1629 495 1685 sqq.
525 1645 594 1656 ——
619 1615 789 1672 Codd.
833 1617 901 1672 ad
925 1632 1062 1689 quos
1088 1628 1278 1675 exacta
1309 1628 1394 1676 est
1416 1621 1602 1688 editio,
1631 1622 1814 1690 singu-

232 1709 301 1763 lis
335 1708 500 1763 tumis
546 1718 668 1780 post
709 1709 922 1780 praefat.
966 1712 1299 1768 indicantur.
1330 1744 1403 1753 —
1428 1713 1657 1769 Garnier
1697 1715 1813 1784 ipse

230 1800 286 1855 in
335 1799 489 1870 prmi.
540 1801 607 1856 ad
648 1801 755 1857 vol.
797 1801 840 1871 1,
889 1818 1011 1875 pag.
1054 1819 1089 1855 εν
1130 1819 1278 1875 sqq.,
1319 1805 1448 1874 quid
1477 1805 1808 1875 praestiterit,

1922 616 2083 670 datur
2133 615 2207 684 (ν.
2252 627 2412 684 supra
2453 610 2559 667 vol.
2606 608 2695 677 Ill,
2729 625 2782 679 p.
2813 608 2969 678 7l5);
3012 608 3064 662 in
3094 621 3284 662 omnes
3312 617 3494 661 tamen

1921 706 2087 762 libros
2108 705 2323 761 divinus
2358 704 2410 759 id
2440 703 2509 759 ab
2539 718 2605 759 eo
2639 701 2840 757 factum
2866 714 3005 764 esse,
3035 699 3249 769 probari
3282 699 3492 767 nequit.

1918 798 2247 855 —llomilla:
2295 800 2353 852 in
2392 796 2754 851 Hexaemeron
2795 802 3013 850 exstant
3052 799 3237 861 msptz
3278 790 3331 844 in
3370 786 3495 842 XIX

1918 893 2076 949 codd.
2115 890 2318 956 Paris.,
2352 898 2408 944 et
2429 888 2670 958 quidem,
2691 884 2974 941 Garnierio
3010 884 3062 938 in
3100 880 3251 954 praei.
3284 897 3405 953 pag.
3438 897 3494 936 xl

1918 992 2191 1050 monente,
2243 996 2439 1038 novem
2482 980 2719 1036 humilia:
2772 978 2825 1033 ir.
2888 976 3045 1032 codd.
3104 974 3496 1044 antiquissimis

1916 1076 2243 1140 membrum,
2286 1075 2341 1128 in
2380 1071 2653 1127 nonnullis
2702 1078 2881 1125 autem
2936 1074 3139 1123 recent.
3192 1066 3495 1121 chartaceis

1917 1169 2167 1225 undecim
2202 1166 2457 1223 humilia.

1986 1262 2277 1319 Florentia:
2318 1262 2374 1316 in
2412 1260 2571 1316 codd.
2606 1258 2865 1313 Laurent.
2918 1254 3035 1322 XII,
3065 1271 3119 1310 n.
3150 1253 3206 1319 ἓ,
3231 1253 3369 1321 plut.
3409 1253 3497 1315 10,

1918 1372 2111 1412 novem
2135 1354 2367 1411 humilia
2406 1356 2465 1409 in
2499 1352 2759 1408 Hexaem.
2791 1381 2856 1391 -—
2882 1351 2940 1405 In
2976 1350 3097 1405 cod.
3136 1346 3317 1411 XVIII,
3356 1363 3410 1399 n.
3442 1349 3493 1410 l,

1916 1448 2055 1519 plut.
2095 1446 2147 1511 ι,
2176 1445 2461 1501 duodecim
2505 1444 2653 1498 hom.
2685 1442 2738 1497 in
2762 1441 2916 1496 illud.
2943 1471 3011 1481 —
3040 1438 3097 1493 In
3130 1438 3250 1494 cod.
3275 1434 3493 1498 XXVII,

1913 1556 1970 1594 n.
1989 1540 2044 1605 5,
2068 1552 2259 1594 novem
2284 1538 2433 1592 hom.
2457 1551 2579 1591 cum
2602 1533 2821 1590 scholiis
2848 1531 3119 1588 nonnullis
3140 1530 3367 1600 margin.
3390 1528 3493 1584 Se-

1912 1632 2145 1695 veriani,
2179 1629 2507 1687 Gabalorum
2534 1628 2795 1698 episcopi,
2819 1636 3060 1696 tempore
3095 1621 3491 1693 Chrysostomi.

1911 1723 2157 1794 Gregorii
2186 1721 2438 1792 Nyssenl,
2466 1729 2521 1776 et
2545 1720 2820 1792 anonymi.
2852 1716 2914 1771 V.
2942 1716 3168 1772 Bandin.
3192 1714 3310 1768 Cat.
3336 1714 3491 1767 codd.

1912 1815 2006 1871 Gr.
2035 1814 2224 1880 Laur.,
2248 1812 2291 1883 l,
2322 1828 2377 1883 p.
2407 1812 2534 1877 482,
2558 1812 2656 1866 541
2681 1820 2735 1865 et
2756 1810 2883 1875 550,
2918 1810 3007 1866 ubi
3046 1807 3290 1865 scholion
3328 1806 3495 1861 Seve-

228 1900 285 1947 et
328 1894 381 1947 in
435 1894 635 1963 quibus
681 1909 943 1965 superare
996 1896 1262 1951 studuerit
1311 1894 1549 1950 laborem
1589 1896 1811 1952 merita-
1839 1881 1883 1937 Β
1914 1908 2051 1963 riani
2078 1908 2144 1962 ad
2167 1881 2489 1977 principium
2517 1904 2752 1959 humilia
2786 1902 3099 1974 speciminis
3131 1902 3251 1957 loco
3281 1900 3490 1957 retulit.

228 1998 339 2054 que
394 1986 733 2055 superiorum
791 1986 1095 2050 editorum,
1153 1985 1262 2041 late
1308 1987 1563 2043 ostendit.
1614 1987 1808 2045 Totum

228 2089 415 2134 autem
450 2093 587 2147 opus
624 2078 704 2132 sic
731 2078 1029 2133 distribuit.
1063 2077 1451 2150 Complectitur
1485 2088 1661 2136 tomus
1693 2082 1807 2151 pri-

229 2184 352 2223 mus
384 2168 637 2223 homilias
671 2168 726 2221 in
772 2166 1139 2224 Hexaemeron
1174 2178 1229 2225 et
1253 2170 1309 2224 in
1341 2167 1606 2237 Psalmos,
1643 2171 1811 2228 libros

226 2260 283 2313 in
312 2258 658 2326 Eunomium,
696 2266 860 2330 atque
897 2261 1344 2316 commentarium
1376 2263 1432 2316 in
1462 2261 1697 2327 Isaiam;
1726 2279 1811 2317 se—

227 2354 458 2419 cundus,
503 2352 753 2407 Itumilias
804 2355 871 2409 de
910 2354 1157 2418 diversis,
1203 2355 1464 2419 ascetica,
1510 2355 1701 2409 librum
1732 2355 1810 2410 De

225 2447 552 2517 uirginitate,
588 2447 865 2517 librosque
911 2446 987 2501 De
1032 2447 1324 2515 baptismo;
1361 2446 1572 2511 tertius,
1609 2446 1808 2503 librum

226 2537 309 2594 De
320 2538 524 2609 Spiritu
556 2552 757 2606 sancto,
776 2539 1047 2610 epistolas,
1067 2539 1362 2611 liturgiam,
1381 2540 1567 2611 viginti
1582 2550 1810 2612 quatuor

229 2648 513 2688 sermones
547 2630 852 2703 Symeonis,
896 2635 1136 2705 magistri
1189 2649 1252 2689 ac
1298 2635 1603 2706 Iogotltette,
1652 2636 1810 2690 vitam

228 2724 439 2780 Basilii.
482 2726 663 2791 Quare
707 2728 759 2780 in
791 2729 1139 2781 recensendis
1166 2726 1350 2781 Basilii
1386 2727 1456 2781 M.
1492 2728 1709 2795 scriptis
1734 2729 1807 2783 ita

229 2815 511 2878 versabar,
537 2823 594 2867 ut
615 2814 762 2868 illum
788 2815 1004 2885 quidem
1030 2816 1275 2870 ordinem
1306 2826 1538 2882 teneam,
1562 2818 1808 2874 ordinem

226 2920 362 2961 vero
402 2906 458 2960 in
498 2917 726 2977 utraque
761 2909 891 2963 edit.
926 2906 1335 2964 Graeco-Latina
1365 2909 1658 2967 Parisiensi
1695 2926 1812 2967 ser-

230 3008 414 3053 vatum
456 3006 511 3054 et
535 3017 565 3054 a
597 3000 851 3056 Fabricio
878 3001 1172 3058 indicatum
1209 3005 1507 3075 designem,
1535 3006 1811 3075 adjiciam-

230 3108 357 3164 qne,
395 3109 516 3164 quae
549 3096 614 3149 de
642 3096 866 3166 singulis
896 3106 1113 3152 notarat
1148 3096 1449 3164 Fabricius,
1478 3114 1597 3166 quae
1631 3112 1807 3153 autem

1981 1998 2225 2055 Venetiis
2256 1999 2399 2055 inter
2427 1997 2584 2054 codd.
2619 1995 2750 2051 bibl.
2777 1995 2837 2051 S.
2868 1994 3166 2062 Michaelis,
3197 2002 3324 2050 sunt
3345 1994 3496 2049 Basi-

1909 2090 1969 2146 lii
2000 2090 2149 2146 hum.
2192 2103 2386 2145 novem
2409 2088 2675 2158 genuinae,
2702 2096 2756 2142 et
2789 2088 2907 2143 dure
2934 2086 3007 2140 De
3034 2094 3301 2140 structura
3320 2086 3493 2140 humi-

1910 2180 1994 2235 nis
2023 2179 2245 2251 spuria,
2284 2179 2352 2233 ab
2380 2178 2501 2234 aliis
2533 2176 2794 2247 Gregorio
2816 2175 3062 2248 Nysseno
3090 2177 3387 2240 attributae,
3423 2176 3491 2231 ν.

1908 2270 2178 2327 Mittarelli
2218 2269 2360 2325 Bibl.
2408 2272 2564 2327 codd.
2602 2287 2726 2326 mss.
2776 2267 2834 2326 S.
2878 2268 3153 2325 Michaelis
3198 2266 3396 2331 Venet.,
3434 2283 3490 2337 p.

1908 2363 2009 2418 111
2042 2378 2127 2433 sq.
2160 2391 2233 2404 —
2260 2362 2391 2417 ibid.
2431 2363 2485 2417 in
2512 2363 2644 2419 bibl.
2680 2362 2848 2417 Marc.
2879 2363 2998 2417 cod.
3037 2361 3128 2416 LV
3158 2370 3212 2416 et
3237 2358 3416 2415 LVIII.

1980 2453 2182 2510 Matriti
2230 2455 2287 2510 in
2322 2454 2456 2511 bibl.
2501 2456 2664 2526 regias
2703 2455 2830 2514 cod.
2874 2451 3106 2519 CXXIII,
3136 2453 3370 2510 humilia:
3398 2451 3493 2507 XII

1908 2550 1965 2604 iu
2006 2546 2288 2617 Hexaent.,
2321 2562 2553 2619 quarum
2593 2557 2775 2603 tamen
2808 2548 2969 2603 tertia
3012 2548 3069 2602 in
3101 2547 3234 2603 duas
3255 2556 3339 2603 est
3378 2548 3491 2601 dis-

1913 2649 2103 2707 tracta,
2134 2642 2232 2705 ita,
2294 2648 2354 2696 ut
2385 2640 2603 2710 proprie
2634 2640 2743 2694 sint
2771 2638 2841 2693 XI
2872 2639 3241 2704 numeranda,
3278 2647 3337 2692 ut
3367 2639 3457 2708 plu
3476 2664 3494 2679 -

1909 2734 2059 2789 ribus
2088 2732 2325 2789 ostendit
2352 2731 2546 2788 lriarte
2575 2732 2633 2787 in
2664 2732 2786 2788 Cat.
2815 2732 2973 2787 codd.
3004 2728 3099 2785 Gr.
3137 2730 3325 2797 llam,
3364 2747 3489 2802 pag.

1910 2821 2036 2889 50l,
2061 2823 2154 2894 qui
2193 2821 2339 2879 hunc
2366 2821 2611 2879 codicem
2644 2823 2697 2878 in
2722 2822 2925 2878 ultimis
2958 2820 3194 2877 homiliis
3236 2836 3360 2877 cum
3400 2822 3491 2876 ed.

1910 2915 2308 2973 Combellsiana
2340 2914 2733 2972 conferendum
2764 2928 2884 2970 esse
2908 2914 3134 2983 iudicat.

1982 3007 2251 3063 Monachii
2277 3006 2329 3060 in
2352 3006 2512 3061 codd.
2529 3006 2726 3064 Bavar.
2746 3003 2961 3072 XXXII,
2979 3002 3222 3072 XXXIV,
3240 3001 3490 3073 CCXL",

1910 3099 2083 3156 CCLI.

232 3187 366 3240 mihi
421 3188 727 3239 adnotanda
782 3188 1186 3258 supplendaque
1233 3189 1538 3255 videantur,
1597 3190 1808 3245 uncinis
1836 3210 1884 3274 ρ
1983 3193 2239 3263 Augusta:
2264 3190 2479 3248 Vindel.
2513 3191 2654 3247 inter
2681 3190 2844 3249 codd.
2872 3189 3056 3246 Basilii
3094 3189 3345 3246 undecim
3389 3189 3490 3245 ho-

230 3293 477 3345 separent
509 3293 537 3331 a
572 3279 811 3348 reliquis.
850 3278 1048 3351 ΗΑιιι..]

230 3367 323 3425 Vl.
369 3368 561 3425 Basilii
616 3370 802 3443 Magni
854 3375 1070 3442 scripta,
1138 3390 1255 3441 qute
1321 3384 1549 3442 exstant,
1592 3375 1647 3430 in
1684 3374 1808 3430 edit.

514 3462 920 3520 Graeco-Latina
957 3466 1135 3522 Paris.
1174 3466 1523 3523 Carneriana.

303 3556 355 3610 1.
373 3556 949 3631 ΕξςτὴνἙξαήμερον,
978 3561 1033 3613 in
1062 3558 1423 3615 Hexaemeron
1445 3559 1675 3613 humilia:
1702 3555 1807 3611 IX.

234 3648 305 3723 [1,
334 3666 385 3720 p.
418 3667 462 3717 ι,
486 3651 679 3722 Garn.]
711 3652 785 3703 Ex
815 3652 898 3705 his
926 3651 1180 3719 pleraque
1203 3651 1268 3703 ad
1298 3654 1520 3705 verbum
1546 3649 1813 3719 expressit

234 3737 624 3797 8.Ambrosius
647 3740 801 3792 libris
832 3754 883 3793 Vl
911 3736 985 3810 (a)
1014 3740 1066 3791 in
1096 3737 1479 3803 Hexaemeron,
1509 3740 1599 3809 qui
1620 3740 1813 3795 etiam-

232 3846 363 3884 num
402 3837 713 3897 supersunt.
750 3827 979 3884 Easdem
1002 3828 1338 3896 Eustathius,
1363 3832 1468 3885 sive
1489 3829 1811 3887 Eustachius

231 3922 428 3993 (Afer),
469 3924 548 3976 vir
584 3923 983 3993 disertissimus,
1027 3926 1103 3981 ita
1141 3927 1408 3980 transtulit
1446 3927 1502 3980 in
1540 3925 1807 3991 Latinum,

232 4024 291 4067 stt
335 4015 603 4086 ingenium
650 4019 946 4072 doctissimi
996 4019 1095 4072 viri
1135 4016 1362 4089 (Basilii)
1404 4017 1670 4085 facundiae
1699 4034 1810 4072 suta

232 4108 432 4163 viribus
482 4110 834 4178 a‘qttiparasse
868 4110 1129 4175 videatur,
1156 4110 1245 4178 qui
1285 4125 1445 4179 usque
1482 4110 1550 4163 ad
1584 4110 1809 4165 hominis

231 4201 585 4252 conditionem
616 4216 796 4253 norem
829 4200 990 4253 libros
1035 4202 1272 4269 tetendit,
1313 4212 1372 4256 ut
1408 4212 1559 4257 notat
1589 4202 1809 4259 Cassio-

232 4292 400 4346 dorus
426 4307 545 4362 cap.
580 4292 606 4347 1
643 4291 883 4347 Divinar.
921 4291 1060 4346 Lect.
1091 4294 1221 4362 Qua:
1250 4296 1426 4350 versio
1461 4297 1633 4350 sorori
1672 4296 1810 4367 Syn-

231 4383 457 4451 cleticaz,
477 4386 792 4441 diaconissa:
817 4384 912 4456 (ὁ),
937 4386 1004 4440 ab
1026 4386 1308 4444 Eustathio
1335 4390 1507 4443 dicata
1527 4398 1580 4443 et
1605 4406 1808 4445 memo—

235 4486 349 4527 rata
391 4476 553 4528 etiam
591 4476 869 4546 Sigeberto
895 4478 1268 4533 Gemblacensi
1299 4496 1417 4550 cap.
1446 4478 1508 4533 2|
1541 4480 1619 4533 De
1650 4480 1712 4537 S.
1740 4482 1803 4535 E.

1913 3286 2075 3343 milia
2120 3285 2178 3342 in
2226 3286 2459 3357 primum
2498 3284 2773 3344 Geneseos
2818 3293 2981 3356 caput
3029 3284 3096 3341 de
3140 3283 3358 3355 opiﬁciu
3392 3299 3492 3340 sex

1914 3380 2155 3447 dierum;
2195 3385 2356 3446 atque
2398 3376 2608 3431 Beiser.
2647 3376 2703 3430 in
2735 3375 2910 3431 Catal.
2948 3391 3001 3446 p.
3044 3374 3115 3430 50
3148 3377 3391 3441 adnutat,
3429 3376 3489 3429 in

1912 3471 2004 3525 illo
2050 3470 2241 3527 codice
2291 3469 2427 3525 duas
2464 3469 2796 3541 posteriores
2825 3468 3075 3525 humilias
3112 3468 3308 3525 ascribi
3346 3468 3486 3524 Gre-

1911 3560 2063 3631 gorio
2107 3556 2375 3630 Nysseno,
2417 3560 2537 3626 sed,
2572 3558 2760 3630 judice
2808 3558 3150 3625 llueschelio,
3197 3574 3483 3630 perperam

1912 3660 2133 3724 propter
2166 3650 2392 3724 Nysseni
2427 3652 2554 3710 libr.
2586 3652 2698 3723 (qui
2741 3652 2797 3707 in
2828 3655 3018 3709 eodem
3060 3653 3305 3723 sequitur
3339 3653 3485 3718 cod.)

1911 3745 1989 3801 De
2026 3746 2251 3800 hominis
2295 3754 2588 3813 structura,
2620 3744 2711 3813 qui
2752 3743 2992 3813 ejusdem
3029 3745 3245 3815 quidem
3284 3752 3365 3800 est
3394 3760 3488 3799 ars

1911 3837 2173 3908 gumenti,
2204 3838 2299 3892 sed
2329 3852 2435 3893 non
2465 3836 2705 3906 ejusdem
2737 3834 2990 3891 methodi.

1981 3926 2211 3984 Vindob.
2232 3928 2285 3984 in
2314 3930 2471 3985 codd.
2498 3927 2635 3984 Caes.
2662 3925 2950 3998 LXIV,qui
2973 3926 3137 3983 multa
3152 3926 3334 3985 Basilii
3357 3942 3482 3999 opp.

1909 4020 2172 4089 continet,
2214 4038 2269 4079 n.
2308 4024 2361 4077 1.
2394 4021 2460 4078 V.
2506 4020 2804 4086 Lambert.,
2846 4019 2931 4086 III,
2976 4035 3030 4091 p.
3064 4021 3188 4078 29‘.
3218 4050 3290 4063 —
3324 4021 3388 4076 It.
3428 4022 3485 4076 in

1909 4114 2029 4171 cod.
2053 4111 2213 4181 LXII,
2247 4130 2302 4169 n.
2340 4115 2392 4169 1.
2422 4143 2492 4154 -
2520 4113 2655 4167 Cod.
2681 4111 2863 4179 LXIII,
2894 4129 2947 4166 ιι.
2976 4114 3029 4182 1,
3068 4129 3189 4169 cum
3215 4115 3486 4171 nonnullis

1909 4208 2082 4265 schol.
2134 4208 2368 4277 margin.
2418 4239 2493 4250 --
2533 4208 2667 4264 Cod.
2694 4208 2857 4274 LXV,
2910 4225 2964 4264 n.
3018 4210 3069 4272 1,
3126 4210 3246 4264 cod.
3295 4205 3482 4266 LXVI.

1911 4301 2145 4372 (Lamb.,
2172 4300 2259 4367 lli,
2286 4316 2338 4372 p.
2363 4302 2471 4356 235
2501 4317 2606 4371 sq.,
2636 4303 2766 4368 289,
2800 4302 2903 4357 sit
2926 4308 2980 4355 et
3018 4299 3165 4372 525.)

1978 4393 2156 4448 Leidze
2182 4394 2324 4447 inter
2350 4394 2505 4449 codd.
2539 4394 2829 4448 Vossianus
2852 4392 3167 4448 Eustathius
3194 4394 3248 4447 in
3273 4389 3484 4445 Hexae-

1908 4499 2105 4546 meron,
2142 4490 2198 4537 et
2228 4483 2281 4535 in
2310 4483 2450 4536 idem
2480 4482 2662 4537 Basilii
2692 4483 2950 4547 humilius,
2989 4484 3082 4539 sed
3113 4484 3230 4537 sine
3260 4482 3385 4537 line.
3414 4481 3480 4539 V.

230 4579 285 4622 et
309 4566 490 4631 Bcdzn,
526 4569 637 4622 sive
661 4568 864 4625 Juniliu
893 4572 1044 4640 prmi.
1076 4571 1129 4625 in
1158 4569 1377 4626 Geuesin
1420 4572 1595 4644 [inter
1624 4572 1801 4629 Latin.
1842 4577 1881 4629 D
1911 4577 2027 4631 Cat.
2054 4573 2184 4628 bibl.
2213 4571 2390 4639 Leid.,
2422 4588 2477 4644 p.
2510 4573 2634 4641 395,
2660 4591 2714 4630 η.
2738 4575 2829 4639 50,
2852 4582 2906 4629 et
2941 4575 3021 4629 sic
3056 4575 3108 4627 in
3139 4572 3260 4629 aliis
3289 4574 3482 4629 biblio-

230 4660 389 4716 codd.
429 4659 619 4716 Venet.
659 4662 719 4717 D.
762 4662 925 4717 Marc.
961 4665 1023 4719 V.
1052 4674 1158 4722 cat.
1191 4666 1347 4718 codd.
1388 4666 1623 4730 illorum,
1652 4682 1703 4735 p.
1738 4668 1809 4721 25

232 4752 365 4827 sq.].
407 4755 604 4824 prodiit
648 4753 869 4808 Nicolao
904 4753 1081 4811 Fabro
1130 4766 1374 4821 curante,
1429 4767 1711 4827 exstatque
1756 4763 1809 4813 in

230 4846 562 4903 Biblimlteca
610 4846 831 4902 Patrum
877 4845 1050 4901 Paris.
1092 4849 1251 4914 1654,
1302 4859 1432 4903 ιοιη.
1477 4851 1518 4916 I,
1558 4860 1717 4916 atque
1757 4852 1808 4904 in

232 4939 444 4995 Latinis
482 4939 538 4995 S.
580 4940 769 4995 Basilii
811 4940 1137 4994 editiunibus
1176 4942 1501 4996 novissimis.
1540 4942 1702 4997 [ἤδη.
1730 4972 1801 4983 -

234 5029 582 5102 Singularqu
617 5031 961 5085 ltumiliurum
1004 5046 1319 5101 argumenta
1366 5035 1594 5087 strictim
1638 5034 1801 5088 refert

232 5125 616 5194 etiamin-atque
660 5123 993 5179 Scltrueckh.
1034 5124 1070 5181 I.
1124 5138 1196 5187 c.,
1246 5139 1365 5193 pag.
1416 5126 1518 5179 168
1562 5140 1704 5193 sqq.,
1747 5134 1802 5180 et

234 5218 337 5271 I80
368 5230 450 5284 sq.
498 5214 750 5269 Basilium
788 5216 839 5269 in
873 5218 1130 5284 quosdam
1163 5215 1375 5285 quidem
1401 5216 1563 5271 libros
1590 5213 1802 5271 divinos

232 5318 651 5365 commentatum
683 5321 828 5373 esse,
862 5310 1041 5378 negari
1072 5324 1174 5364 non
1205 5318 1396 5378 potest,
1430 5311 1650 5379 ejusque
1676 5323 1805 5378 ope-

300 5450 381 5523 (α)
425 5450 652 5504 llomilia
702 5451 873 5521 prima
918 5451 1099 5506 Basilii
1150 5453 1431 5523 rcSpundet
1477 5456 1660 5523 primis
1700 5470 1793 5509 sex

232 5523 352 5579 libri
397 5523 551 5591 prltl‘i
590 5523 855 5575 Ambrosii
914 5523 1199 5590 capitibus,
1248 5525 1480 5578 secunda
1527 5526 1795 5590 capitibus

234 5594 457 5665 reliquis
485 5603 716 5661 quatuor
751 5594 989 5665 ejusdem
1026 5593 1167 5653 libri,
1215 5600 1369 5647 tertia
1414 5595 1548 5647 libro
1589 5598 1794 5665 integro

231 5664 488 5726 secundo,
537 5672 723 5731 quarta
755 5662 1019 5729 capitibus
1051 5666 1307 5731 quinquv,
1343 5675 1396 5717 et
1426 5666 1611 5732 quinta
1640 5662 1795 5718 crete-

231 5736 305 5789 ris
330 5736 613 5788 duodecim
646 5734 789 5787 tertii
826 5733 984 5795 libri;
1022 5744 1169 5787 sexta
1209 5736 1342 5787 libro
1374 5746 1586 5802 quarto,
1636 5738 1797 5803 septi-

230 5820 314 5857 ma
351 5804 467 5859 libri
496 5804 668 5872 quinti
702 5804 966 5872 capitibus
996 5804 1265 5870 prioribus
1298 5806 1563 5865 undecim.
1604 5816 1791 5859 octava

229 5874 637 5943 materiaribus,
686 5889 825 5929 nona
856 5874 1088 5942 denique
1129 5876 1264 5930 libro
1305 5886 1473 5931 sexto.
1517 5873 1791 5947 [Quzcdam

1909 4666 2097 4731 thecis,
2144 4679 2308 4735 supra
2347 4667 2683 4722 memoratis.
2721 4664 2783 4719 lu
2816 4664 3005 4721 eadem
3037 4666 3167 4721 bibl.
3205 4664 3477 4727 Lcidensi,

1908 4778 1959 4832 p.
1987 4758 2056 4812 52
2080 4772 2192 4827 sq.,
2222 4769 2515 4815 occurrunt
2544 4755 2803 4811 llexaent.
2829 4766 2884 4813 et
2912 4758 3140 4812 aliorum
3170 4772 3294 4824 opp.
3327 4755 3480 4810 Basi-

1908 4851 1962 4903 lii
1997 4849 2151 4904 editt.
2193 4882 2262 4891 —
2300 4850 2357 4903 In
2401 4849 2522 4903 cod.
2566 4849 2737 4921 lllusq.
2777 4849 2906 4905 bibl.
2949 4850 3140 4920 synud.
3175 4846 3311 4914 XIV,
3354 4860 3481 4905 sunt

1904 4938 2042 4993 XLII
2082 4951 2243 4998 oratt.
2281 4940 2466 4995 Basilii
2500 4941 2568 4996 Μ.
2606 4958 2725 5013 qua:
2754 4942 2868 5012 jam
2901 4942 3057 4997 editae
3087 4950 3233 5006 sunt,
3260 4951 3316 4995 et
3344 4956 3479 5009 quas

1905 5032 2149 5103 designat
2174 5033 2408 5087 Μαιηιωὶ
2443 5034 2494 5088 in
2531 5032 2705 5087 Notit.
2741 5034 2896 5087 codd.
2937 5033 3133 5102 Mosq.,
3164 5048 3216 5101 p.
3248 5031 3319 5085 24
3352 5046 3475 5102 sqq.

1904 5121 2036 5177 Ibid.
2054 5127 2104 5178 in
2122 5126 2241 5181 cod.
2266 5122 2359 5178 XV
2385 5126 2530 5183 ltum.
2564 5125 2619 5179 in
2637 5122 2893 5191 Spiritum
2933 5122 3330 5178 sanctum.—-In
3353 5124 3475 5177 cod.

1905 5215 2093 5282 XVIII,
2122 5218 2155 5271 9
2179 5217 2431 5272 homilim.
2464 5248 2535 5257 —
2562 5218 2618 5272 In
2645 5218 2765 5272 cod.
2802 5215 2918 5279 XX,
2958 5216 3020 5269 51
3060 5215 3270 5282 bomil.,
3308 5216 3360 5271 in
3394 5216 3477 5271 bis

1909 5319 2053 5364 urat.
2103 5308 2179 5363 De
2217 5309 2528 5378 perfectione
2568 5311 2685 5363 vita:
2734 5308 3008 5374 Monach.,
3056 5309 3276 5377 inedita,
3309 5325 3474 5378 quam.

1898 5455 2166 5596 ghqbrusii
2214 5456 2329 5511 loca
2372 5457 2604 5512 illustrat
2650 5454 2895 5510 Garnier.
2948 5454 3097 5524 praef.
3144 5455 3209 5509 ad
3254 5464 3383 5510 tom.
3429 5457 3473 5524 I,

1969 5596 2041 5667 (ὁ)
2086 5595 2208 5651 Haec
2244 5597 2570 5667 Syncletice.
2602 5596 2775 5667 cujus,
2802 5605 2860 5649 nt
2888 5594 3111 5663 aequalis
3142 5608 3273 5661 suae,
3300 5596 3476 5653 Sedu-

1897 5666 2001 5720 lius
2034 5670 2083 5721 in
2109 5667 2258 5737 prmi.
2286 5666 2470 5734 Operis
2506 5666 2783 5720 Paschalis
2809 5667 3210 5737 meminit,rnon
3242 5672 3471 5737 confun-

1899 5737 2071 5807 denda
2104 5752 2223 5790 cum
2259 5739 2315 5793 S.
2351 5737 2676 5807 Synclctice.
2714 5736 3039 5803 antiquiore,
3068 5736 3133 5790 (le
3180 5736 3331 5804 cujus
3363 5738 3470 5793 vita

1900 5806 2007 5861 dixi
2049 5808 2204 5878 inter
2246 5806 2443 5875 scripta
2491 5808 2551 5861 S.
2602 5808 2912 5878 Athanasio
2950 5808 3225 5878 sumtusila
3277 5808 3382 5862 lib.
3413 5825 3466 5876 ν,

1899 5892 2013 5948 cap.
2039 5876 2093 5933 ‘2.
2130 5895 2181 5935 ll.
2214 5878 2299 5934 8i.
2334 5878 2477 5947 μύι.
2520 5877 2645 5942 VIII,
2678 5894 2728 5947 [ν.
2767 5876 2915 5945 207.]
