4040 6482
560 449 696 489 ςςιιι

1907 432 2437 493 PBOLECOMENA.

561 554 702 609 forte
749 566 1111 624 superessent,
1169 556 1328 625 locis,
1384 561 1720 631 argumentis
1754 575 1817 616 ac
1855 561 2118 618 minutiis.
2146 562 2197 619 A
2224 554 2507 611 Lascarim
2553 550 2782 621 θρῖειοίει
2832 550 2900 606 ἀο
2949 548 3297 620 limum”e
3345 548 3580 622 simul“
3612 553 3791 609 "0“!

557 644 740 717 Neque
767 647 909 703 enim
943 652 1215 706 assentior
1238 652 1325 717 iis,
1349 653 1439 722 qui
1471 654 1569 708 bos
1602 654 1761 709 binos
1786 654 2121 721 posteriores

556 734 759 794 Basilio
785 739 1121 808 abjudicant,
1146 743 1284 797 nulla
1313 755 1465 799 certa
1494 746 1702 799 ratione
1742 745 1875 799 nixi.
1918 742 2049 799 Nam
2067 753 2121 801 et

554 824 610 881 ln
642 840 775 881 mss.
799 828 1077 884 codicibus
1104 832 1513 901 quamplurimis
1545 836 1644 888 sub
1681 834 1864 889 Basilii
1908 835 2121 890 nomine

552 917 822 988 prioribus
847 923 947 976 sub
981 923 1132 977 titulo
1164 924 1425 997 ’Δποριῶν
1448 924 1588 977 κατὰ
1611 926 1875 998 Εὐνομίω
1894 924 1970 995 (a)
1994 925 2112 994 jun-

552 1008 626 1063 cti
659 1008 952 1077 habentur,
982 1022 1037 1066 et
1074 1027 1105 1065 a
1150 1012 1353 1069 Grecis
1389 1016 1487 1069 sub
1540 1014 1724 1072 Basilii
1776 1020 1992 1071 nomine
2041 1019 2118 1089 ψ)

554 1101 858 1167 laudantur,
887 1119 1114 1172 quorum
1143 1109 1334 1161 merito
1362 1107 1481 1176 plus
1516 1122 1577 1163 se
1610 1111 1847 1165 tribuere
1877 1109 2120 1165 testimo-

551 1192 643 1247 nio
671 1194 747 1247 ait
779 1191 937 1250 Ricb.
991 1196 1198 1252 Simon.
1252 1198 1344 1252 lib.
1398 1215 1455 1254 Ill
1512 1200 1655 1256 Hist.
1695 1202 1896 1256 criticis
1926 1199 1998 1258 N.
2030 1201 2113 1269 T.,

548 1298 677 1355 pag.
715 1285 843 1353 107,
883 1303 1041 1356 quam
1083 1288 1317 1355 Erasmi,
1348 1290 1482 1346 Abr.
1530 1291 1756 1347 Sculteti
1791 1303 1846 1348 et
1887 1292 2114 1348 aliorum

551 1379 905 1441 quorumdam
955 1382 1231 1447 censuris,
1292 1397 1481 1452 parum
1537 1384 1764 1438 ﬁrmiter
1815 1384 2116 1454 colligenti-

551 1465 650 1519 bus
688 1464 782 1536 (c).
821 1466 1017 1526 Graece
1041 1474 1271 1541 primum
1301 1475 1550 1542 prodiere
1581 1484 1689 1530 tres
1733 1475 1892 1546 primi
1930 1478 2113 1532 inedi-

550 1554 694 1611 tione
730 1574 953 1629 operum
982 1563 1166 1618 Basilii
1193 1563 1395 1620 Veneta
1433 1567 1593 1633 1555,
1641 1568 1734 1623 fol.
1756 1611 1771 1635 ,
1802 1570 2113 1641 posteriori-

550 1646 650 1702 bus
699 1651 905 1706 duobus
938 1653 1136 1710 additis
1167 1656 1220 1710 in
1260 1657 1391 1713 edit.
1445 1658 1610 1717 Basil.
1659 1662 1791 1716 1551
1825 1702 1840 1723 .
1897 1677 1926 1715 a
1975 1661 2111 1717 Jano

546 1738 823 1822 Comario.
862 1740 1053 1801 Latine
1081 1750 1243 1804 vertit
1267 1754 1546 1805 universos
1574 1753 1809 1820 quinque
1849 1752 2110 1822 Georgius

547 1818 969 1903 Trapez‘untius,
995 1840 1147 1910 cujus
1176 1842 1551 1910 interpretatio
1584 1818 1795 1914 {multis
1830 1844 1951 1898 aliis
1973 1818 2110 1913 ,vju-

2224 648 2391 719 (edita
2432 664 2461 702 a
2501 645 2662 701 Petro
2687 644 2923 698 Arcadio
2952 640 3047 697 Gr.
3076 657 3200 698 cum
3230 641 3428 710 duplici
3455 643 3789 712 interpreta-

2224 741 2372 796 tione
2400 739 2519 796 Lat.
2564 750 2688 793 cum
2720 735 2995 803 opusculis
3033 734 3345 806 tbeologicis
3385 736 3529 791 circa
3571 749 3790 805 proces-

2220 833 2427 887 sionem
2474 830 2707 901 Spiritus
2743 827 2918 880 sancti
2965 825 3217 895 Romae);
3279 826 3420 896 quod
3467 825 3786 895 opusculum

2220 922 2426 979 Kollar.
2460 924 2525 976 ad
2558 918 2747 977 Lamb.
2790 914 3016 982 Comm,
3049 915 3113 983 V,
3141 930 3197 986 p.
3219 918 3345 985 367,
3388 916 3639 981 miratur,
3678 930 3787 971 non

2223 1017 2525 1070 consultum
2578 1013 2744 1066 fuisse
2786 1023 2815 1063 a
2850 1008 3134 1075 Garuerio,
3168 1007 3233 1061 ad
3279 1008 3655 1079 corrigendum
3706 1007 3788 1061 Io-

2218 1120 2340 1159 cum
2373 1106 2424 1159 in
2457 1102 2622 1158 Basii.
2653 1103 2852 1156 Contra
2899 1101 3217 1155 Eunominm
3263 1101 3400 1155 libro
3440 1116 3524 1164 ιιι,
3555 1115 3609 1169 p.
3651 1100 3781 1165 277,

2218 1194 2485 1267 ἀξιώματι
2524 1192 2621 1263 μὲν
2650 1194 2779 1261 γάρ,
2822 1203 2953 1258 elc.,
2984 1207 3143 1264 quem
3182 1191 3383 1246 Kollar.
3420 1191 3697 1247 contendit
3728 1192 3783 1243 In

2217 1285 2603 1342 recentioribus
2623 1285 2782 1340 codd.
2804 1299 2831 1337 a
2855 1285 3061 1340 Graecis
3092 1282 3446 1338 schismaticis
3467 1286 3630 1337 fuisse
3659 1294 3783 1333 cor-

2215 1386 2455 1444 ruptum,
2482 1383 2539 1429 et
2574 1374 2724 1443 plura
2763 1374 2816 1428 in
2861 1373 3000 1427 bane
3036 1388 3150 1427 rem
3188 1373 3445 1440 disputat.
3474 1401 3543 1411 —
3570 1371 3626 1425 In
3655 1369 3779 1425 cod.

2214 1465 2397 1530 XCIX,
2434 1483 2487 1520 ιι.
2521 1466 2573 1526 ξ,
2610 1474 2739 1518 sinit
2783 1468 2888 1518 duo
2936 1462 3233 1531 fragmenta
3266 1476 3333 1516 ex
3363 1475 3528 1528 opere
3572 1465 3779 1516 advers.

2213 1557 2533 1611 Eunomiunt
2563 1556 2685 1610 libri
2711 1570 2767 1614 v.
2794 1556 2833 1609 V
2862 1552 3065 1611 Kollar.
3098 1552 3150 1605 in
3180 1552 3451 1621 Supplem.
3488 1552 3553 1603 ad
3586 1552 3778 1606 Lamb.

2211 1648 2437 1713 Canum,
2477 1665 2531 1719 p.
2571 1648 2695 1703 624.
2730 1678 2798 1688 -
2834 1647 2889 1701 In
2939 1645 3061 1701 cod.
3107 1640 3195 1697 XII
3225 1641 3525 1709 Mosquensi
3576 1640 3777 1711 fragm.

2209 1757 2273 1797 ex
2312 1742 2493 1798 Basilii
2528 1743 2683 1797 tertio
2714 1740 2849 1794 libro
2863 1738 3228 1793 Antirrhet.ex
3256 1748 3417 1803 opere
3445 1735 3509 1785 ad
3537 1732 3776 1799 Amphil.

2209 1847 2263 1889 et
2286 1850 2375 1903 op.
2418 1836 2668 1888 adversus
2702 1832 3036 1892 Eunomiunt,
3056 1841 3162 1884 etc.
3190 1826 3320 1881 Vide
3340 1824 3573 1880 Matthxi
3598 1821 3772 1876 Notit.

545 1922 666 2006 dice
692 1923 855 1978 Garn.
889 1904 1429 2003 anteponendapet]
1470 1904 1684 1989 servata
1735 1934 1790 1989 in
1842 1904 2105 2006 plerisque

2213 1928 2328 1981 cod.
2375 1925 2697 1995 Musquens.,
2737 1938 2790 1989 ιι.
2835 1922 2925 1975 21.
2966 1950 3035 1962 -
3073 1920 3129 1974 In
3179 1923 3296 1975 cod.
3337 1919 3561 1975 Coislin.
3606 1914 3774 1978 CXX,

547 2005 759 2067 Latinis
794 2012 976 2069 Basilii
1034 2017 1362 2075 editionibus
1393 2061 1406 2083 ,
1440 2030 1495 2075 ct
1538 2022 1591 2075 in
1632 2030 1858 2090 utraque
1894 2005 2111 2078 Graec-o-

544 2101 729 2157 Latina
758 2102 1048 2163 Parisiensi
1067 2110 1167 2180 (d).
1189 2110 1448 2165 Nonnulla
1471 2113 1521 2164 in
1547 2114 1643 2165 hac
1660 2114 1907 2169 versione
1930 2128 2111 2184 repre-

546 2194 727 2247 bendit
775 2193 893 2253 Jac.
954 2198 1175 2262 Billius,
1218 2215 1337 2269 qua:
1392 2202 1443 2254 in
1506 2201 1783 2258 l'ossevini
1838 2208 2108 2274 Apparatus

545 2295 767 2351 possunt
802 2287 990 2344 videri.
1026 2289 1207 2362 Longe
1237 2291 1390 2362 plura
1424 2293 1652 2351 Ducarus
1683 2305 1738 2351 et
1770 2306 1898 2352 tum.
1929 2296 1973 2350 Il
2001 2296 2109 2351 Ba-

542 2378 653 2430 silii
685 2383 923 2434 recensiti
954 2383 1329 2439 Combelisius.
1358 2384 1477 2440 Jani
1511 2387 1757 2442 Cornarii
1792 2390 2109 2457 interpreta-

543 2469 618 2522 tio
665 2470 905 2540 quinque
954 2474 1212 2528 libroruin
1272 2476 1468 2543 legitur
1526 2477 1578 2531 in
1628 2478 1862 2533 editione
1915 2479 2105 2532 Latina

542 2556 838 2616 Basileensi
878 2565 944 2618 A.
974 2564 1134 2633 1552,
1167 2565 1260 2622 fol.
1302 2568 1546 2639 Denique
1580 2584 1704 2624 cum
1738 2569 1984 2624 versione
2010 2584 2105 2624 sua

541 2656 652 2702 tres
698 2659 753 2702 et
799 2661 1050 2719 quartum
1094 2667 1336 2708 estrema
1386 2665 1540 2723 parte
1590 2666 1838 2709 truncum
1874 2656 2109 2725 vulgavit

542 2738 860 2797 Theodorus
892 2741 1057 2811 Beza,
1089 2746 1358 2816 adjunctis
1400 2747 1683 2801 Athanasii
1720 2747 1941 2816 dialogis
1972 2763 2003 2800 v
2032 2747 2107 2800 De

543 2822 817 2896 Trinitate,
853 2836 1125 2891 Anastasii
1164 2847 1219 2893 et
1249 2836 1432 2908 Cyrilli
1480 2835 1839 2906 explicatione
1883 2836 2004 2891 ﬁdei
2053 2846 2109 2891 et

540 2917 855 2987 Pbtebadio,
899 2926 1057 2990 1570,
1097 2927 1171 2991 8',
1205 2929 1345 2996 apud
1388 2927 1453 2982 H.
1488 2927 1842 2997 Stephanum.
1876 2926 1933 2982 In
1963 2926 2106 2981 tertii

544 3011 664 3066 libri
695 3015 916 3069 exordio
962 3016 1163 3081 locum,
1198 3034 1228 3071 a
1269 3019 1474 3073 Graecis
1526 3029 1863 3086 corruptum,
1904 3018 2107 3072 notavit

540 3102 863 3162 Possevinus
913 3105 1243 3161 Bibliotlieras
1299 3108 1502 3163 selectw
1538 3124 1614 3173 vt,
1652 3108 1740 3173 16,
1776 3117 1830 3163 et
1874 3109 2105 3161 Allatius

541 3191 617 3247 De
660 3199 985 3265 processiono
1033 3198 1260 3265 Spiritus
1310 3202 1516 3266 sancti,
1565 3202 1742 3269 capite
1785 3199 1874 3265 20,
1912 3216 1967 3270 p.
2001 3199 2103 3253 IM

539 3302 656 3355 seq.
706 3289 907 3344 Confer
954 3288 1174 3346 Joannis
1223 3292 1383 3348 Vecci
1432 3294 1606 3363 capita
1653 3294 1719 3347 de
1762 3292 2100 3358 processione

538 3377 772 3449 Spiritus
807 3385 981 3437 saneti
1028 3384 1080 3436 in
1113 3394 1254 3437 tomo
1281 3385 1297 3437 Ι
1325 3384 1543 3438 Crescite
1572 3386 1875 3438 orthodoxa:
1900 3385 2101 3454 Allatii,

540 3489 593 3541 p.
642 3472 749 3528 225
795 3490 911 3540 seq.
960 3476 1125 3531 FABn.
1156 3506 1224 3516 -
1270 3478 1517 3545 Quinque
1559 3478 1679 3531 libri
1732 3480 1947 3533 suntin
1984 3482 2104 3536 cod.

541 3560 772 3620 Vindob.
820 3566 1015 3622 Caesar.
1051 3566 1233 3631 LXIII,
1276 3584 1336 3635 ll,
1386 3569 1438 3634 3,
1490 3578 1545 3623 et
1594 3567 1926 3634 LXXXVIII,
1971 3585 2027 3625 ιι.
2071 3571 2106 3624 2

542 3653 819 3726 (Lambec.
867 3657 957 3724 Ill,
1000 3675 1055 3728 p.
1100 3659 1207 3715 290
1251 3671 1307 3715 et
1357 3660 1503 3731 475).
1538 3690 1600 3700 --
1640 3660 1695 3715 In
1741 3659 1845 3715 vol.
1880 3658 1945 3726 V,
1983 3660 2105 3715 cod.

541 3746 785 3813 CCLV",
823 3767 876 3805 η.
919 3750 973 3815 8,
1013 3761 1094 3805 est
1144 3752 1436 3806 cardinalis
1486 3750 1825 3807 Bessarionis
1856 3751 1919 3806 ad
1952 3750 2105 3807 Alex.

541 3882 824 3937 continent.
857 3882 976 3947 Quo
1003 3883 1178 3936 minus
1210 3882 1582 3936 admirandum
1617 3894 1691 3936 est
1711 3924 1726 3947 ,
1770 3886 2010 3954 quasdam
2037 3887 2112 3940 ibi

541 3966 652 4001 esse
682 3950 857 4001 aliter.
886 3963 1043 4001 ataue
1072 3955 1126 4001 in
1169 3954 1373 4001 cmleris
1410 3954 1676 4001 meditatis
1718 3953 2111 4001 alabamtisauz

541 3966 652 4004 esse
682 3953 858 4015 aliter,
886 3963 1043 4023 atque
1072 3955 1126 4006 in
1169 3954 1373 4005 ca'teris
1410 3954 1676 4008 meditatis
1718 3953 2111 4025 elaboratisque

542 4020 852 4099 scriptiles
883 4024 1065 4099 eodem
1090 4032 1308 4099 auctore
1334 4024 1565 4099 prodita.
1706 4094 1717 4099 _
2042 4092 2089 4099 __

614 4090 689 4161 (a)
714 4089 849 4161 Vide
879 4091 1189 4149 Combelisii
1232 4090 1492 4146 Basiliam
1522 4094 1854 4160 recensitum,
1884 4102 2013 4149 tom.
2042 4092 2111 4161 II,

546 4160 971 4310 pafilgfiuemum
999 4230 1053 4284 in
1077 4230 1263 4288 limine
1288 4242 1468 4289 notar.
1502 4232 1571 4287 ad
1611 4231 1707 4289 llb.
1740 4249 1756 4289 ι
1786 4244 1970 4289 contra
1997 4234 2109 4289 Eu-

544 4314 857 4440 uitiati?“
887 4369 941 4424 in
969 4369 1118 4441 praef.
1157 4373 1223 4427 sd
1244 4373 1332 4427 ed.
1350 4372 1510 4441 paulo
1527 4382 1648 4441 post
1680 4374 1972 4439 laudatam,
1999 4384 2110 4429 tres

546 4439 753 4493 tantum
803 4453 923 4494 esse
975 4439 1162 4494 Basilii
1217 4439 1550 4507 arbitratur,
1605 4459 1725 4496 cum
1768 4454 1983 4507 tamen,
2018 4445 2109 4509 qui

2212 2017 2305 2072 fol.
2341 2017 2376 2071 4
2405 2032 2473 2071 ex
2505 2017 2647 2071 libro
2682 2025 2860 2070 contra
2888 2012 3206 2065 Eunomium
3235 2013 3297 2063 de
3328 2010 3607 2063 Trinitate.
3644 2008 3778 2062 Vide

2211 2107 2503 2163 Montl‘auc.
2532 2105 2673 2161 Bibl.
2705 2104 2951 2171 Coislin.,
2983 2118 3035 2172 p.
3069 2100 3195 2165 I93,
3221 2109 3381 2168 atque
3410 2099 3537 2151 alibi
3571 2100 3624 2151 in
3654 2099 3775 2151 aliis

2209 2204 2329 2258 cod.
2366 2215 2500 2257 mss.
2532 2230 2603 2240 —
2633 2199 2688 2253 ln
2736 2196 2900 2252 lIenr.
2948 2194 3147 2250 Canisii
3180 2192 3410 2246 Lection.
3466 2191 3631 2257 autiq.
3684 2198 3779 2242 aut

2216 2293 2487 2350 Thesauro
2512 2300 2964 2346 monumentorum
2990 2289 3168 2341 eccles.
3196 2294 3243 2337 et
3264 2284 3473 2345 histum,
3498 2296 3629 2335 cura
3654 2279 3774 2335 Jac.

2209 2386 2474 2449 Basnage,
2514 2393 2641 2437 tom.
2693 2382 2735 2445 l,
2782 2396 2836 2434 ιι.
2877 2378 2930 2438 6,
2968 2392 3021 2445 p.
3059 2376 3159 2430 I69
3209 2389 3349 2443 seq.,
3393 2382 3521 2428 sunt
3562 2372 3773 2435 Latine,

2208 2474 2391 2529 Basilii
2434 2473 2501 2529 bl.
2536 2472 2787 2526 Rationes
2835 2469 3169 2540 syllogistica.’
3197 2477 3381 2521 contra
3409 2469 3657 2528 Arianos,
3692 2463 3774 2516 in-

2207 2578 2377 2639 terpr.
2404 2568 2495 2625 Fr.
2533 2568 2821 2631 Turriano,
2854 2576 2909 2622 et
2937 2563 3194 2636 particula
3218 2564 3395 2633 operis
3426 2561 3620 2614 Contra
3654 2554 3772 2609 Ea-

2209 2662 2481 2727 nomium,
2530 2662 2671 2731 quod
2718 2659 3016 2729 ingenitum
3074 2672 3177 2710 non
3232 2652 3626 2711 substantiam,
3677 2646 3773 2702 sed

2208 2750 2459 2821 ῠπαρξιν,
2493 2753 2542 2804 id
2566 2760 2649 2805 est
2700 2750 3095 2809 exsistcntism,
3128 2745 3387 2799 declaret.
3439 2741 3771 2808 Sequuntur,

2206 2858 2261 2913 p.
2288 2842 2395 2896 223
2419 2857 2535 2912 seq.
2565 2841 2880 2910 appendicis
2928 2840 3047 2893 loco
3084 2852 3247 2906 opera
3277 2834 3545 2905 quasdam,
3572 2833 3775 2889 Basilio

2213 2949 2496 3006 perperam
2524 2934 2784 3003 ascripta,
2811 2932 3065 3000 adjuncto
3095 2928 3340 2985 Eunomii
3375 2941 3554 2996 opere.

2278 3026 2333 3081 1.
2374 3025 2503 3081 Duae
2545 3025 2779 3080 homiliae
2830 3025 2905 3079 De
2951 3023 3158 3094 api/icio
3203 3020 3426 3074 hominis
3464 3029 3520 3073 et
3557 3031 3660 3070 una
3698 3014 3773 3070 Ds

2204 3122 2473 3187 paradiso,
2503 3135 2555 3188 p.
2584 3120 2688 3173 323
2714 3135 2853 3188 seq.,
2885 3119 2952 3173 de
2997 3118 3194 3186 quibus
3220 3116 3332 3186 jam
3372 3121 3531 3167 antea
3556 3110 3621 3164 sd
3646 3124 3700 3163 ιι.
3739 3108 3767 3162 1

2206 3210 2544 3264 homiliarum
2580 3209 2784 3277 egimus
2819 3208 3054 3262 uberius.

2275 3294 2331 3353 2.
2374 3295 2617 3349 Homilim
2662 3295 2717 3350 in
2765 3293 2903 3363 μιαί.
2952 3310 3068 3357 xw.
3103 3309 3297 3360 xxvnt,
3349 3310 3534 3351 xxxvii
3565 3302 3617 3350 et
3645 3309 3770 3357 csv,

2208 3402 2330 3457 pag.
2390 3386 2498 3442 352
2545 3401 2686 3457 seq.,
2733 3386 2803 3442 de
2863 3386 3057 3457 quibus
3107 3402 3161 3441 v.
3207 3385 3455 3443 Garnier.
3506 3385 3559 3439 in
3609 3381 3768 3437 Praef.

2206 3493 2332 3550 pag.
2361 3493 2522 3533 xxxv.

2277 3572 2332 3624 3.
2405 3569 2822 3624 Commentarius
2906 3569 3253 3637 imperfectus
3334 3570 3391 3621 in
3467 3567 3771 3641 prophetam

2208 3659 2432 3714 Isaiam.
2471 3662 2773 3729 Antequam
2823 3659 2889 3714 de
2933 3659 3024 3713 illo
3058 3660 3209 3729 plura
3249 3659 3519 3724 adnotem,
3551 3671 3613 3711 ea
3651 3671 3773 3727 qua

2209 3752 2423 3809 Fabric.
2456 3753 2568 3824 (ubi
2604 3760 2690 3806 est
2722 3768 2778 3807 ιι.
2815 3751 2870 3823 6)
2901 3754 3139 3823 scripsit,
3166 3753 3253 3807 hic
3280 3766 3497 3820 ponam.
3526 3749 3700 3809 Ηιιι..

2212 3886 2477 3942 Carnierii
2502 3887 2799 3957 monitum,
2854 3887 3005 3943 libris
3035 3888 3140 3944 illis
3191 3887 3489 3957 pmiixum,
3518 3902 3643 3957 pag.
3664 3887 3774 3946 265

2212 3971 2321 4027 sq._.
2349 3968 2400 4027 et
2425 3956 2758 4011 Schroeckh.
2788 3958 2824 4011 l.
2862 3974 2935 4023 c.,
2970 3959 3057 4021 qui
3093 3956 3214 4027 pag.
3250 3957 3315 4011 37
3346 3972 3465 4025 sqq.
3502 3956 3769 4014 summam

2212 4025 2356 4095 dedit
2384 4025 2665 4089 librorum,
2692 4036 2746 4080 et
2776 4043 2898 4094 pag.
2935 4028 3001 4081 57
3045 4025 3186 4095 sqq.—
3200 4029 3518 4094 comprobat
3550 4027 3775 4085 Garnie-

2215 4094 2276 4148 rii
2300 4094 2584 4166 judicium.
2612 4096 2975 4166 librorumqne
3005 4094 3229 4166 istorum
3256 4098 3483 4152 duorum
3514 4098 3772 4152 condem-

2214 4165 2505 4218 nationem.
2543 4165 2793 4219 Attamen
2836 4164 3030 4233 praeter
3080 4164 3286 4222 Simon.
3329 4167 3587 4233 aliosque.
3612 4182 3641 4219 a
3675 4167 3773 4222 Fa-

2218 4236 2389 4289 bricio
2433 4235 2629 4289 citatus
2654 4234 2765 4290 VV.
2809 4236 2917 4294 DD.
2966 4239 3126 4291 etiam
3162 4237 3537 4296 Bellarminus,
3567 4236 3770 4290 Fronto

2217 4304 2467 4373 Duczens.
2498 4304 2888 4371 Contbeiisius,
2922 4306 3313 4368 'l‘illemontius,
3355 4307 3431 4359 Du
3468 4306 3563 4357 Pin
3585 4342 3601 4368 ,
3636 4314 3767 4373 διο..

2216 4372 2471 4428 Basilium
2510 4375 2743 4441 quinque
2769 4378 3024 4432 librorum
3047 4387 3317 4431 auctorem
3348 4375 3575 4442 faciunt.
3604 4387 3770 4442 atque

2217 4443 2269 4496 in
2301 4440 2862 4499 concilio’Florentino
2909 4457 2966 4498 ut
3005 4462 3034 4500 a
3090 4446 3316 4507 Latinis,
3360 4444 3430 4495 ita
3461 4456 3491 4495 a
3519 4440 3724 4498 Gmcis
3749 4485 3767 4510 ,

544 4520 771 4589 quartus
809 4523 1140 4572 numeratur,
1173 4520 1238 4590 ut.
1258 4514 1481 4605 uiin'itpe
1516 4514 1785 4605 inutilem,
1818 4514 2102 4605 adjuus‘it;
2134 4545 2183 4605 υ
2212 4512 2399 4605 [Basilii
2426 4515 2641 4605 nomine
2672 4517 2871 4592 pariter
2900 4518 3149 4597 citantur.
3181 4513 3297 4605 Νῆα,
3324 4512 3518 4605 desunt
3548 4515 3766 4605 codices

545 4579 790 4648 quintum
819 4593 949 4649 vero
974 4580 1333 4649 praetermisit.
1364 4580 1427 4635 IV
1460 4594 1637 4636 autem
1667 4579 1896 4637 Graecos
1912 4582 2099 4645 edidit,

550 4647 606 4700 ut
627 4649 720 4713 ait,
758 4647 948 4711 multo,
975 4647 1146 4716 quam
1182 4662 1307 4705 ante
1330 4652 1451 4715 hac,
1481 4653 1894 4706 emendatiores.
1926 4680 1995 4692 —
2026 4652 2101 4705 De

549 4717 643 4771 illa
677 4733 807 4771 vero
838 4719 1199 4789 controversia
1231 4721 1429 4773 inultus
1456 4730 1537 4772 est
1560 4720 1805 4775 Garnier.
1841 4723 1891 4773 in
1923 4720 2098 4789 praef,

552 4802 669 4859 pag.
705 4801 835 4840 um
856 4802 980 4859 sqq.
1002 4786 1030 4859 §
1052 4785 1142 4859 XI,
1168 4789 1257 4843 ubi
1287 4791 1353 4843 de
1387 4790 1602 4843 Iibrisin
1626 4785 1944 4844 Ειιηοιιιὶιιηὶ
1967 4785 2096 4859 agit.

550 4856 820 4929 Erasmus
855 4856 1023 4929 igitur
1054 4857 1250 4927 aliique
1271 4869 1488 4929 negant,
1528 4860 1660 4914 duos
1686 4856 2101 4929 posteriores'li-

547 4925 675 5007 bras
719 4939 749 5007 s_
784 4923 984 5007 Basilio
1015 4923 1485 5007 esse_'pro_le_étos:
1528 4923 1699 5007 atque"
1737 4932 2098 5007 antiquiorum

549 4995 717 5067 fuisse
733 4994 1009 5067 hominum
1034 4998 1158 5051 illud
1176 4994 1457 5065 indic-ium,
1475 4998 1553 5051 vel
1574 4994 1637 5055 es
1661 5014 1726 5052 eo
1746 4994 1909 5067 patei,
1933 5000 2096 5067 quod,

546 5063 868 5147 observante
894 5065 1120 5147 Gai-uer.
1157 5063 1208 5119 in
1232 5070 1421 5147 quinto
1447 5063 1590 5131 cod.,
1621 5063 1968 5147 oliin'nltegio',
1999 5063 2095 5123 Gr.

551 5147 709 5205 manu
742 5133 896 5202 initio
934 5138 1052 5191 libri
1087 5133 1265 5203 quarti
1311 5146 1548 5191 notatum
1579 5148 1681 5200 est.
1716 5138 1848 5192 alios
1865 5133 2096 5205 iiegare,

552 5202 699 5258 illum
726 5218 843 5258 esse
879 5205 937 5261 S.
972 5202 1191 5269 Basilii;
1229 5208 1321 5261 sed
1355 5218 1529 5261 tamen
1560 5224 1680 5262 eum
1711 5224 1813 5261 non
1843 5202 2097 5262 eandem;

553 5288 703 5345 nare,
734 5276 885 5345 quasi
914 5276 1129 5329 absurdi
1167 5275 1363 5345 aliquid
1392 5278 1685 5331 contineat.
1725 5276 1886 5344 Atqui
1928 5276 2095 5331 Garri.

555 5342 769 5399 illorum
813 5343 1102 5398 subscribit
1144 5342 1441 5409 sent—entia,
1475 5348 1614 5413 quod
1641 5342 1846 5414 (multis
1875 5348 1925 5399 in
1963 5348 2099 5401 hanc

553 5414 1167 5486 sententiamexemplis
1216 5420 1648 5486 argnmentisque
1706 5416 1823 5469 aliis
1856 5417 2097 5485 prolatis)

556 5485 741 5554 verba,
776 5483 967 5547 dictio,
1003 5486 1217 5553 phrasis
1248 5483 1531 5554 oinniaque
1563 5483 1970 5553 peregrinitatis
2001 5483 2098 5541 nec

557 5553 761 5606 subacti
782 5554 966 5621 judicii
991 5565 1169 5607 notam
1204 5570 1314 5620 pra:
1341 5571 1399 5610 se
1430 5553 1621 5619 ferant,
1642 5564 1697 5608 et
1730 5555 1957 5609 Basilius
1984 5571 2011 5609 a
2040 5570 2099 5611 se

557 5624 673 5687 ipso
698 5622 982 5676 dissentire
1012 5625 1253 5693 videatur
1280 5644 1293 5678 :
1326 5634 1437 5679 tum
1463 5626 1584 5693 quia
1618 5626 1700 5678 isti
1730 5628 1832 5678 duo
1857 5626 1975 5679 libri
2006 5628 2099 5679 de-

557 5694 665 5745 sint
698 5693 749 5743 in
779 5693 865 5745 ed.
902 5702 1006 5745 vel.
1046 5692 1326 5757 Veneta,et
1353 5696 1403 5748 in
1435 5692 1704 5749 nuanullis
1733 5697 1850 5749 cod.
1885 5695 1988 5749 Sed
2020 5696 2096 5750 le-

556 5767 656 5834 gat.
674 5761 831 5813 velim
864 5770 1023 5829 atque
1060 5765 1327 5819 examinet
1350 5763 1531 5821 Basilii
1562 5766 1787 5834 cupidus
1827 5764 2094 5821 Garnierii

563 5830 725 5899 ipsius
757 5843 1084 5902 argumenta,
1116 5835 1353 5902 speciose
1382 5830 1647 5907 docteque
1660 5836 1921 5903 exposita.
1954 5834 2089 5891 Add.

2210 4583 2291 4650 (ut
2336 4584 2400 4651 ad
2436 4583 2590 4635 linum
2626 4583 2785 4647 hujus
2842 4585 3095 4649 sectionis
3121 4581 3446 4647 notabimus)
3475 4583 3528 4636 in
3568 4583 3767 4651 quibus

2204 4652 2303 4703 sub
2337 4650 2516 4703 Basilii
2550 4652 2763 4705 nomine
2792 4653 2896 4705 duo
2929 4653 2999 4707 illi
3032 4652 3151 4704 libri
3185 4652 3453 4719 prioribus
3474 4653 3766 4707 adduntur.

2202 4721 2381 4787 Atque
2408 4720 2674 4773 Kollarius
2694 4723 2759 4775 ad
2784 4721 3051 4775 Lamhet‘ii
3079 4720 3367 4775 Comment.
3391 4720 3474 4783 III,
3499 4720 3767 4788 pag.2b$,

2205 4802 2322 4844 n0t.
2366 4789 2467 4851 Β..
2502 4790 2723 4843 Simonii
2771 4806 2834 4843 ae
2868 4790 3102 4843 Fabricii
3150 4791 3471 4845 sententiam
3517 4793 3761 4857 ailnptat.

2201 4860 2269 4912 At
2303 4862 2445 4913 enim
2476 4859 2717 4913 Garnieri
2748 4875 2810 4914 ac
2845 4860 3163 4915 SchrOekhii
3197 4867 3532 4928 argumenta,
3568 4861 3766 4928 quibus

2201 4928 2383 5051 nouato
2439 4931 2649 4983 illorum
2695 4930 3137 4997 demonstratur,
3190 4931 3432 5001 graviora
3491 4931 3761 4985 videntur.

2250 5015 2370 5051 Αιιι..

2250 5015 2370 5051 Αιιι..

2272 5072 2350 5137 (d)
2383 5067 2595 5139 Tertius
2634 5066 2805 5132 liber,
2864 5068 2919 5123 in
2962 5084 3069 5137 quo
3122 5067 3405 5139 disseritur
3447 5068 3512 5122 de
3557 5067 3763 5139 Spiritu

2199 5150 2387 5193 sancto
2420 5153 2483 5191 ex
2524 5137 2965 5206 interpretatione
2989 5140 3202 5206 Georgii
3230 5137 3578 5205 Trapezunt.,
3600 5137 3765 5205 repe-

2200 5210 2339 5260 ritnr
2363 5222 2574 5276 quoque
2598 5208 2649 5259 in
2678 5209 3000 5263 collectiOne
3032 5208 3404 5269 Conciliorum,
3439 5207 3577 5261 facta
3606 5224 3634 5260 a
3658 5208 3762 5261 Pc-

2200 5285 2283 5329 tro
2304 5277 2537 5339 Crabbe,
2575 5276 2862 5344 Minorita,
2905 5279 3095 5332 Colon.
3142 5278 3280 5343 apud
3322 5276 3465 5329 l’etr.
3507 5277 3760 5342 Onentel,

2199 5346 2359 5409 1558,
2415 5345 2507 5398 fol.
2534 5387 2549 5407 ,
2587 5361 2640 5414 p.
2674 5346 2800 5410 810,
2837 5357 2890 5401 et
2925 5347 3106 5400 Romae
3146 5361 3241 5413 per
3278 5346 3478 5400 Anton.
3516 5344 3759 5400 Iliadum.

2199 5415 2360 5478 1526,
2396 5415 2510 5485 ιρι..
2536 5417 2587 5468 in
2627 5418 2869 5485 actisque
2904 5415 3115 5469 concilii
3152 5416 3493 5485 mgmnenici,
3526 5417 3625 5468 sub
3656 5415 3761 5469 En-

2234 5488 2321 5555 eni
2344 5484 2437 5539 illl
2462 5484 2794 5555 congregati,
2830 5495 2961 5540 teste
2990 5489 3177 5555 Apost.
3206 5484 3350 5555 Zeno
3380 5486 3430 5537 in
3464 5484 3757 5541 Dissertas.

2252 5560 2475 5614 osstane.
2516 5553 2646 5609 toin.
2679 5556 2741 5617 ll,
2774 5570 2893 5623 pag.
2925 5556 2980 5613 9.
3027 5571 3083 5608 ιι.
3117 5553 3172 5607 6.
3212 5584 3283 5596 —
3318 5554 3701 5623 Autirrlieticys
3727 5569 3759 5608 a

2196 5623 2426 5694 Georgio
2453 5621 2819 5692 Trapezuntio
2846 5623 3037 5694 Latine
3062 5638 3275 5694 versus,
3320 5621 3760 5694 prmi-iissa__B{s-

2195 5690 2425 5749 sarionis
2457 5690 2705 5763 epistola,
2754 5695 2806 5748 in
2842 5695 2962 5748 cod.
3001 5693 3118 5748 Lat.
3166 5693 3371 5748 Veneto
3400 5692 3564 5751 Marc.
3590 5690 3747 5748 XLV.

2197 5764 2330 5821 Vide
2351 5774 2459 5822 cat.
2495 5764 2670 5822 Latin.
2697 5764 2880 5831 codd.,
2910 5778 3030 5836 pag.
3069 5763 3159 5819 25.
3186 5763 3349 5819 llus.
