4040 6452
1528 401 1807 459 NOTITIA
1848 402 1938 457 EX
1978 402 2319 461 FABRICIO.

3374 414 3529 455 CCLIII

362 521 504 601 [VL]
552 521 868 599 'Epprjvsta,
903 522 1017 581 sive
1070 524 1153 594 (ut
1187 523 1328 578 alius
1379 522 1546 579 codes
1590 523 1858 596 Combel.)
1888 530 1933 586 Α
1963 527 2094 583 nihil
2132 525 2394 583 contrarii
2426 528 2490 581 de
2518 526 2845 599 Pythonissa
2875 522 3114 582 Eudorea
3144 525 3403 582 aillrmari
3440 526 3529 587 iis,

304 606 591 695 Ἐξήγησις
613 620 665 670 in
689 630 775 669 XVI
810 617 981 687 prima
1006 617 1181 681 capita
1215 612 1376 669 Isaia:
1405 616 1693 685 prophetae.
1730 618 1864 672 Ver-

294 720 407 769 tere
440 712 603 777 cupit
631 707 913 773 Erasmus,
949 710 1043 762 scd
1087 720 1193 759 non
1243 720 1561 778 progressus
1598 718 1683 763 est
1726 709 1863 765 ultra

290 804 632 877 prommium.
670 801 831 858 Basil.
868 799 1023 858 1510.
1058 798 1135 853 1ο.
1166 799 1369 857 Caetera
1408 817 1439 855 ιι
1466 800 1723 857 Godl'rido
1752 799 1863 856 Τει-

291 906 510 953 tnsnno,
556 888 730 947 Paris.
784 889 944 951 I556.
995 887 1088 946 fol.
1143 891 1402 944 translata
1458 898 1620 954 sunt,
1666 890 1757 959 qui
1806 891 1859 946 in

289 983 534 1054 apologis
570 983 846 1055 praemissa
898 980 997 1036 hoc
1037 997 1173 1052 opus
1213 982 1475 1036 adversus
1514 980 1723 1035 Erasmi
1760 982 1860 1037 du-

290 1077 582 1133 bitationes
618 1073 822 1131 Basilio
872 1074 1110 1129 vindicat
1158 1073 1481 1128 testimoniis
1522 1073 1580 1128 S.
1618 1074 1859 1141 Maximi,

290 1168 589 1234 Simeonis,
615 1164 1014 1233 Metaphrastar,
1043 1165 1257 1219 Antonii
1287 1163 1517 1220 Melissa:
1545 1174 1602 1219 et
1639 1163 1861 1222 Joannis

292 1257 629 1316 Damasceni.
659 1256 863 1312 Confer
904 1255 1217 1311 Hicbaelem
1250 1256 1297 1312 le
1328 1258 1497 1324 Quien
1534 1259 1585 1312 in
1628 1259 1769 1313 notis
1794 1260 1861 1313 ad

292 1352 706 1417 Datnascenum,
739 1359 870 1406 tom.
891 1349 930 1411 I,
962 1363 1015 1417 p.
1044 1347 1169 1415 366,
1194 1360 1246 1405 et
1278 1349 1521 1404 Natalem
1547 1351 1698 1404 Alex.
1729 1366 1855 1404 saec.

290 1458 365 1505 tv,
396 1457 450 1511 p.
489 1439 613 1500 140.
643 1442 733 1510 qui
768 1438 963 1495 Tarisii
993 1438 1457 1507 ConstantinOpol.
1492 1436 1857 1492 testimonium

290 1532 439 1587 addit
463 1542 622 1599 atque
648 1532 964 1589 (Ecumeuii
994 1531 1078 1602 [et
1098 1530 1266 1586 Garn.
1296 1544 1346 1599 p.
1374 1528 1501 1595 377,
1528 1530 1580 1581 in
1608 1525 1857 1598 Manilo];

292 1633 475 1677 tamen
505 1621 744 1679 Joannes
786 1623 1200 1690 Drungaiieusis
1228 1621 1490 1689 prooemio
1515 1620 1730 1676 C-itenze
1756 1634 1857 1673 ms.

291 1712 509 1770 Patrum
546 1715 860 1772 Grecorum
896 1723 1149 1774 testatur,
1177 1712 1289 1781 jam
1330 1712 1457 1765 olim
1503 1710 1670 1767 fuisse
1707 1712 1860 1766 dubi-

288 1816 479 1871 tatum,
510 1810 650 1863 sitne
679 1808 780 1860 hoc
819 1821 954 1874 opus
988 1805 1187 1865 Basilii,
1227 1821 1415 1860 necne.
1462 1805 1573 1859 Καὶ
1616 1806 1771 1862 τοῦτο
1800 1808 1858 1861 δὲ

1963 634 2081 689 qua:
2109 621 2161 677 in
2194 619 2584 675 commentario
2630 622 2697 674 ad
2740 619 2889 675 Isaiae
2922 632 3040 684 vnt,
3068 636 3121 688 p.
3151 620 3310 685 “125,
3343 619 3408 674 de
3438 617 3528 673 illa

1963 710 2337 780 disputantur,
2384 709 2611 781 quilibet
2666 713 2959 781 intelliget,
3008 710 3101 779 qui
3161 726 3282 764 cum
3333 711 3532 767 Allatio

1965 818 2017 873 p.
2042 804 2167 871 447,
2191 806 2257 860 ad
2287 802 2620 857 Eustathium
2652 799 2728 855 De
2773 805 3183 873 engastrimymo
3207 803 3529 857 obsonare-

1964 896 2052 954 rit.
2093 896 2251 948 verba
2311 894 2363 948 in
2418 892 2645 960 epistola
2704 890 2926 957 Basilii,
2976 891 3380 966 ψυχαγωγοῦσα
3436 893 3530 948 τὸν

1960 984 2155 1049 Σαούλ,
2186 986 2515 1056 signiﬁcare,
2546 1000 2664 1053 qua:
2697 983 2875 1039 Saulis
2904 988 3132 1039 animmn
3169 985 3526 1057 μαγγανείαις

1962 1075 2075 1131 suis
2117 1087 2365 1141 mouerat,
2404 1091 2531 1143 nan,
2560 1089 2677 1147 qua
2714 1074 2931 1130 Sauleut
2962 1076 3025 1127 ab
3056 1076 3239 1144 inferis
3280 1075 3527 1130 evocavit.

1960 1168 2128 1223 Facit.

2028 1255 2185 1317 Coul‘.
2214 1255 2410 1314 Oudin.
2437 1257 2557 1312 loco
2584 1266 2739 1311 antea
2763 1255 2948 1312 citato.
2976 1254 3150 1310 Rivcti
3178 1254 3359 1311 Crilici
3385 1258 3529 1312 sacri

1958 1350 2150 1405 librum
2184 1366 2269 1415 ιιι,
2308 1364 2360 1420 p.
2396 1348 2499 1403 552
2537 1364 2679 1418 seq.;
2707 1348 3039 1405 St-broeckli.
3078 1348 3178 1402 loc.
3225 1354 3315 1411 cit,
3346 1368 3396 1418 ιι.
3426 1350 3532 1409 186

1962 1455 2105 1508 seq.,
2137 1443 2190 1496 in
2238 1444 2427 1513 primis
2471 1440 2719 1497 Garuier.
2770 1442 2928 1499 Prml‘.
2964 1447 3031 1496 ad
3070 1451 3201 1495 tom.
3238 1444 3276 1505 I,
3311 1443 3338 1514 ᾗ
3376 1443 3440 1510 X,
3472 1459 3525 1512 p.

1959 1545 2103 1585 XLth
2134 1546 2275 1599 seq.,
2315 1534 2405 1604 qui
2451 1532 2597 1588 illum
2633 1529 2923 1586 Comment.
2957 1541 3153 1602 negant
3180 1549 3207 1586 ιι
3238 1530 3434 1586 Basilio
3457 1533 3526 1588 Μ.

1958 1636 2078 1679 esse
2104 1621 2428 1687 confectum,
2463 1637 2515 1679 et
2548 1622 2718 1680 Garu.
2757 1639 2808 1692 p.
2849 1638 3039 1678 LIII-LX
3092 1624 3270 1687 docet,
3313 1639 3533 1693 compa-

1961 1726 2085 1771 rato
2111 1713 2326 1769 Eusebii
2375 1716 2786 1778 commentario,
2825 1730 2853 1768 a
2898 1714 3158 1784 plagiario
3188 1716 3414 1782 qundam
3459 1729 3532 1771 ex

1961 1806 2282 1863 Eusebianis
2328 1808 2731 1860 commentariis
2779 1806 3120 1877 potissimum
3160 1805 3528 1873 compilatum,

286 1898 585 1967 κατάδηλον
615 1895 751 1949 ποιῶ
792 1899 905 1959 τοῖς
944 1896 1378 1967 ἐντυγχάνουσιν,
1412 1898 1487 1962 ὡς
1518 1899 1547 1950 ὁ
1586 1900 1643 1951 ὲν
1692 1900 1855 1966 ἁγίοις

1969 1912 2026 1955 et
2060 1916 2305 1969 toagnam
2332 1900 2511 1971 operis
2536 1909 2740 1968 partem
2770 1916 2832 1953 ex
2864 1901 2968 1954 illis
3014 1900 3080 1954 sd
3123 1898 3341 1953 verbum
3384 1914 3531 1953 sum-

287 1989 567 2052 Βασίλειος
601 1988 764 2060 μέρος
801 2005 852 2042 τι
892 1989 994 2060 τῆς
1021 1990 1079 2043 ὲν
1113 1991 1267 2060 χερσὶ
1304 1988 1641 2061 «poemata;
1684 1988 1865 2059 ἡρμή-

288 2096 493 2135 νευσεν.
536 2080 695 2144 Ἥτις
722 2078 996 2151 ἡρμηνεία
1022 2081 1171 2153 παρὰ
1198 2080 1411 2143 πολλοῖς
1444 2077 1860 2149 ἀμφιϐάλλεται.

287 2171 464 2228 Etiam
525 2172 684 2226 hodie
728 2186 759 2224 s
812 2171 993 2225 multis
1039 2173 1179 2225 inter
1222 2171 1379 2224 dubia
1425 2184 1585 2240 opera
1632 2171 1859 2233 censeri,

289 2269 474 2318 monet
495 2260 931 2316 ﬂontlaucouius
959 2262 1109 2331 prmi“.
1143 2262 1198 2316 in
1237 2261 1517 2315 Eusebium
1541 2264 1610 2316 ad
1639 2261 1861 2329 Isaiam,

288 2369 340 2422 p.
369 2353 496 2410 550.
540 2351 827 2407 Hodieruis
869 2369 1027 2421 porro
1061 2351 1397 2420 scriptoribus
1431 2358 1543 2408 hac
1584 2353 1861 2408 dubitandi

289 2464 450 2503 causa
486 2457 586 2514 est,
618 2446 881 2501 silentium
936 2463 1113 2513 nempe
1149 2445 1480 2517 Hieronymi,
1510 2448 1599 2517 qui
1648 2462 1764 2501 cum
1806 2447 1861 2501 in

290 2555 504 2605 omnes,
557 2549 807 2611 quotquot
860 2549 1015 2592 antea
1067 2537 1226 2593 Isaia:
1270 2542 1575 2605 interpretes
1627 2548 1858 2606 egerant,

290 2641 539 2684 accurate
581 2638 869 2692 recenseat,
905 2646 969 2682 ue
1000 2632 1104 2700 γρὺ
1139 2631 1344 2700 quidem
1388 2627 1680 2683 de.Busilii
1721 2646 1864 2683 com-

288 2723 547 2777 mentario
574 2721 747 2776 habet.
766 2718 961 2775 Grecis
992 2732 1167 2772 autem
1203 2720 1324 2773 hinc
1349 2721 1490 2774 haud
1506 2720 1660 2775 dubie
1686 2723 1861 2787 suspi-

290 2815 373 2869 cio
407 2813 738 2875 nascebatur,
771 2813 910 2883 quod
954 2813 1123 2883 stylus
1167 2813 1661 2868 commentariorum
1700 2811 1861 2867 Basi-

289 2906 433 2959 liauo
479 2904 630 2975 longe
678 2903 933 2959 absimilis
978 2905 1233 2957 uideatur.
1270 2903 1602 2958 Remittimus
1645 2907 1859 2972 nostris,

288 2997 378 3065 qui
415 2992 607 3049 Basilii
645 3011 857 3062 operum
897 2996 1175 3047 editionem
1212 3011 1393 3047 uocum
1425 2995 1708 3048 adornant.
1739 2993 1858 3050 Cte-

294 3098 490 3149 terum,
525 3101 644 3155 qua
676 3086 745 3140 ab
775 3085 999 3139 Erasmo
1027 3098 1179 3137 versa
1212 3094 1338 3139 sunt
1368 3095 1421 3138 et
1448 3085 1577 3138 visio
1615 3087 1783 3153 prima
1828 3100 1859 3140 a

292 3173 578 3232 'I'ilmanno
626 3177 1015 3241 inscribuntur,
1052 3190 1081 3230 s
1130 3190 1183 3244 ιι.
1217 3174 1322 3231 802
1359 3191 1528 3246 usque
1576 3177 1643 3231 ad
1695 3178 1857 3233 verba

288 3283 343 3339 p.
368 3268 474 3325 808
498 3268 559 3331 C,
592 3269 846 3333 ὑπόθεσις
866 3268 959 3322 τοῦ
990 3234 1192 3338 ῥισλιᾉυ
1221 3270 1254 3339 ἡ
1284 3286 1415 3339 φανε
1426 3234 1494 3341 βά
1517 3271 1610 3323 καὶ
1635 3270 1858 3324 αὐτόθεν
1883 3234 1927 3292 C

288 3361 493 3434 Αηπτή.
538 3360 753 3431 Ἐπειδὴ
784 3361 926 3414 κατὰ
961 3361 1183 3430 χρόνους
1213 3363 1433 3431 γέγονεν
1480 3364 1509 3416 ὁ
1552 3363 1854 3436 προφήτης,

289 3467 411 3508 cum
456 3453 848 3507 commentario
894 3452 947 3506 in
983 3452 1177 3508 Isaiam
1212 3455 1343 3507 nihil
1384 3454 1585 3509 habent
1624 3469 1859 3510 commu-

287 3558 379 3609 ne,
412 3542 540 3599 licet
580 3542 657 3601 illi
691 3543 1089 3614 praemittuntur
1116 3546 1281 3599 etiam
1316 3545 1369 3599 in
1405 3544 1526 3600 aliis
1555 3546 1855 3613 codicibus,

286 3642 343 3690 ut
366 3633 674 3691 Colbertino
696 3632 1009 3690 MMDXCVI
1027 3634 1101 3705 (ο)
1127 3634 1273 3706 (olim
1299 3634 1535 3691 Thasum
1554 3635 1734 3702 bibl.),
1761 3637 1856 3693 sed

288 3726 343 3782 in
377 3742 488 3797 quo
529 3726 671 3782 male
712 3728 1137 3781 commentarius
1174 3726 1263 3781 ille
1295 3726 1529 3783 Eusebio
1579 3728 1854 3785 tribuitur.

286 3816 368 3872 Es
404 3817 572 3872 allato
601 3827 778 3873 autem
825 3813 1053 3872 Joannis
1089 3817 1504 3888 Drungariensis
1546 3819 1855 3874 testimonio

286 3918 502 3965 constat
524 3911 711 3974 etiam,
742 3924 850 3964 non
876 3917 1045 3965 totum
1083 3907 1298 3973 Isaiam,
1336 3910 1431 3965 sed
1484 3920 1689 3982 partem
1736 3921 1855 3967 tan-

287 4008 424 4065 tum,
451 3999 572 4070 ejus
597 4000 893 4070 prophetiae
927 4015 956 4053 a
985 3998 1187 4057 Basilio
1218 4002 1541 4059 illustratum
1570 4019 1850 4060 commen-

287 4090 425 4143 tario
452 4084 642 4152 fuisse,
674 4098 732 4141 ut
761 4102 983 4143 necesse
1015 4089 1083 4142 sit
1114 4104 1327 4145 errasse
1355 4088 1724 4156 Tilmannum,
1759 4093 1849 4161 qui

282 4177 388 4234 sibi
440 4177 746 4248 persuasit,
800 4178 1083 4232 Erasmum
1136 4193 1204 4232 ex
1257 4178 1474 4235 Grociui
1529 4180 1849 4235 bibliotheca

283 4270 711 4327 commentarios
755 4267 939 4325 Basilii
971 4270 1024 4325 in
1058 4271 1324 4341 integrum
1359 4274 1672 4342 prophetam
1707 4283 1852 4329 attu-

282 4366 413 4422 lisse
451 4383 466 4420 :
501 4364 663 4419 nimis
713 4365 854 4419 enim
905 4364 1022 4420 leve
1070 4375 1175 4429 est,
1210 4367 1351 4435 quod
1398 4365 1655 4436 sdjungit,
1693 4384 1851 4437 argu-

281 4467 524 4514 mentum
556 4474 571 4511 :
596 4455 733 4510 alias
761 4457 930 4525 fuerat
960 4457 1217 4523 dicturus,
1248 4458 1303 4511 iu
1327 4466 1454 4521 quot
1479 4475 1534 4513 se
1556 4461 1850 4514 extenderet

1965 1997 2127 2057 ptam.
2153 1989 2286 2042 Tum
2311 2005 2364 2058 p.
2388 2004 2475 2045 ut
2507 2003 2624 2058 seq.
2648 1987 3001 2049 deuionstrat.
3019 1998 3293 2044 auctorem
3321 2004 3351 2042 e
3377 1987 3531 2042 Basi-

1962 2078 2022 2138 Iii
2055 2078 2130 2133 ll.
2180 2080 2518 2150 aliorumque
2568 2083 2897 2152 scriptorum
2947 2079 3258 2149 fragmentis
3305 2080 3532 2136 confuse

1964 2171 2269 2241 inepteque,
2306 2185 2403 2223 nec
2447 2172 2719 2240 eleganter
2766 2187 2902 2241 opus
2949 2185 3104 2225 suum
3142 2174 3528 2238 conmosuisse,

1962 2271 2018 2316 ct
2062 2264 2249 2315 eadem
2301 2260 2592 2327 Scriptum
2641 2263 2751 2315 loca
2798 2265 2879 2317 bis
2927 2272 3114 2330 terque
3160 2269 3253 2315 aut
3300 2263 3531 2330 amplius

1963 2355 2327 2424 explicuisse;
2360 2354 2533 2423 ipsum
2576 2367 2704 2408 vero
2733 2352 2988 2408 Basilittnt
3028 2354 3096 2410 Μ.
3127 2370 3232 2410 non
3265 2370 3423 2424 posse.
3451 2362 3533 2409 tot

1962 2445 2227 2500 furtorum
2271 2453 2578 2514 suspectum
2614 2441 2823 2497 haberi.
2862 2443 3098 2510 Denique
3128 2461 3181 2511 p.
3212 2458 3345 2498 ιιιιι
3379 2445 3527 2496 varia

1962 2536 2228 2605 conjectat
2288 2540 2354 2591 de
2404 2544 2658 2601 auctore,
2709 2545 2871 2604 atque
2926 2542 3347 2595 commonstrat,
3396 2546 3531 2599 opus

1962 2628 2102 2682 istud
2130 2628 2389 2695 scriptum
2432 2626 2593 2681 fuisse
2628 2627 2739 2695 ipsa
2772 2626 2955 2681 Basilii
2996 2623 3065 2679 bl.
3094 2634 3273 2690 aetate,
3309 2638 3531 2691 con-po-

1961 2720 2121 2774 situm
2173 2720 2387 2790 quidem
2431 2733 2461 2773 a
2520 2718 2754 2783 Basilio,
2812 2719 2908 2773 sed
2960 2730 3081 2788 post
3129 2720 3245 2787 ejus
3299 2727 3529 2771 mortem

1961 2812 2258 2882 presbyteri
2297 2812 2574 2881 cujusdam
2621 2826 2784 2880 opera
2841 2810 2895 2863 in
2949 2810 3119 2862 lucem
3158 2810 3443 2876 prodiisse,
3476 2815 3533 2862 et

1959 2904 2102 2960 hunc
2146 2903 2366 2975 proprio
2411 2913 2581 2958 marte
2626 2903 2964 2957 elaborasse:
3001 2901 3190 2956 saltem
3227 2912 3529 2964 auctorem,

1958 2998 2203 3066 quisquis
2248 3006 2350 3061 est,
2387 2994 2657 3050 studuisse
2688 2993 2945 3048 Basiliutn
2997 2994 3048 3045 in
3099 2992 3367 3059 aliquibus
3406 2993 3531 3046 inti-

1963 3090 2085 3143 tari.
2115 3118 2186 3129 —
2213 3091 2280 3142 At
2320 3088 2486 3143 Garn.
2524 3090 2575 3142 in
2626 3086 2745 3142 Vita
2777 3087 2967 3144 Basilii
2992 3086 3090 3158 (1),
3141 3101 3261 3152 cap.
3302 3101 3431 3151 xw,
3472 3100 3527 3154 ν.

1962 3180 2064 3235 179
2098 3195 2238 3249 seq.,
2288 3180 2596 3233 retractavit
2646 3195 2798 3233 suam
2853 3183 3172 3236 sententiain
3240 3191 3295 3234 et
3344 3178 3526 3232 Basilii

1961 3271 2162 3326 nomini
2200 3271 2493 3327 vindicavit
2518 3280 2808 3327 comment.
2844 3273 2899 3327 in
2936 3271 3155 3325 Isaiam.
3185 3302 3256 3312 —
3288 3273 3401 3325 Sub
3428 3271 3523 3324 Ba—

1956 3361 2066 3417 silii
2112 3364 2325 3417 nomine
2383 3362 2437 3417 in
2491 3363 2614 3418 cod.
2665 3377 2794 3418 mss.
2843 3374 3133 3417 occurrere
3184 3360 3333 3415 illum
3379 3377 3530 3415 com-

1956 3464 2122 3510 ment.
2156 3455 2295 3509 haud
2331 3456 2523 3509 mirum
2557 3455 2787 3509 videtur.
2833 3453 2945 3517 Sic,
2974 3463 3034 3508 ut
3060 3455 3319 3523 quosdam
3354 3456 3527 3506 nomi-

1954 3559 2102 3608 nem,
2129 3544 2459 3600 Vindobona:
2501 3544 2552 3598 in
2596 3546 2715 3600 cod.
2745 3543 2909 3608 LXX,
2942 3544 3108 3599 LXXI
3143 3554 3199 3599 et
3236 3542 3444 3606 LXXII,
3471 3544 3527 3598 in

1954 3650 2062 3704 quo
2085 3637 2317 3701 ascripta
2339 3646 2459 3689 sum
2483 3636 2535 3689 in
2559 3637 2799 3705 margine
2826 3636 3045 3703 antiqua
3074 3634 3175 3690 Gr.
3199 3635 3426 3700 scholia,
3456 3650 3525 3689 ex

1953 3725 2173 3781 Eusebii
2227 3724 2486 3795 Pamphili
2540 3723 2875 3793 aliorumque
2916 3728 3171 3793 operibus
3218 3727 3524 3796 desumpta.

1953 3816 2090 3874 Vide
2122 3816 2401 3884 Lambec.,
2434 3817 2521 3885 lll,
2544 3835 2599 3890 p.
2632 3819 2738 3876 843
2763 3834 2878 3890 seq.
2906 3848 2977 3859 —
3001 3819 3254 3889 Augustae
3280 3817 3523 3873 Vindeli-

1951 3924 2137 3965 corum
2186 3909 2370 3965 Basilii
2413 3926 2611 3966 comm.
2648 3912 2703 3966 in
2752 3911 2975 3976 Isaiam,
3012 3922 3068 3966 et
3112 3912 3351 3979 ejusdem
3391 3909 3524 3966 Pro-

1954 4000 2163 4055 tbeoris
2208 4000 2567 4070 expositionis
2616 4000 2670 4054 in
2717 3998 2932 4055 Isaiam.
2968 4000 3101 4055 Vide
3130 3999 3338 4057 Reiseri
3373 4001 3520 4065 Cat..

1949 4104 2004 4159 p.
2051 4089 2120 4143 16
2169 4098 2224 4144 et
2271 4090 2363 4144 28.
2412 4117 2484 4130 —-
2523 4088 2790 4145 Monachii
2833 4089 2887 4145 in
2924 4091 3043 4145 cod.
3086 4089 3281 4147 Bavar.
3322 4090 3520 4156 XXXI,

1951 4178 2146 4236 XXXV
2174 4188 2229 4235 et
2254 4179 2417 4236 XCV.
2449 4179 2584 4236 Vide
2627 4181 2746 4236 Cat.
2794 4181 2913 4235 cod.
2954 4180 3075 4248 Gr.,
3106 4197 3157 4248 ν.
3193 4181 3244 4247 7,
3277 4180 3311 4235 8
3343 4191 3397 4235 et
3427 4182 3519 4245 56,

1950 4299 2021 4311 —
2052 4270 2290 4325 Venetiis
2320 4270 2373 4324 in
2405 4270 2528 4327 cod.
2560 4268 2803 4325 Nsuiano
2834 4268 3052 4326 XXXV.
3086 4272 3220 4327 Vide
3249 4272 3368 4327 Cat.
3397 4271 3517 4326 cmi.

1948 4363 2070 4428 Gr.,
2108 4362 2269 4429 Nam,
2295 4379 2349 4433 p.
2380 4364 2472 4421 is.
2500 4393 2570 4406 -
2616 4364 2748 4419 Ibid.
2785 4365 2838 4419 in
2879 4365 3001 4419 cod.
3033 4364 3163 4420 bibl.
3195 4365 3359 4420 Marc.
3401 4362 3515 4420 ιιι.

1951 4451 2082 4509 Vide
2123 4453 2333 4509 Zmetti
2376 4456 2495 4512 Cat.
2541 4455 2662 4510 cod.
2696 4454 2791 4511 Gr.
2820 4470 2874 4526 p.
2906 4456 2994 4511 42.
3035 4487 3080 4498 -
3148 4455 3433 4511 Florentiae
3461 4456 3516 4511 in

281 4551 454 4618 capita
483 4551 581 4618 (b).
613 4546 814 4602 Novam
847 4562 913 4601 ex
947 4549 1152 4615 integro
1185 4548 1482 4604 versionem
1523 4550 1679 4617 hujus
1714 4565 1843 4621 ope-
1875 4572 1924 4632 υ
1948 4548 2071 4602 cod.
2098 4546 2572 4601 Medic.—Laureut.
2600 4545 2665 4610 II,
2697 4547 2828 4617 plut.
2860 4548 2915 4612 ι,
2936 4548 3003 4603 de
3024 4564 3132 4617 quo
3163 4549 3376 4617 copiose
3402 4546 3519 4601 dis-

282 4640 360 4695 ris
382 4655 411 4694 a
440 4642 558 4693 viro
583 4639 764 4708 aliquo
793 4639 952 4692 docto
985 4651 1047 4689 ac
1090 4638 1258 4705 probo
1293 4639 1470 4707 parari
1504 4649 1653 4709 aptat
1680 4640 1842 4695 Com-

281 4732 524 4798 betisius,
552 4732 644 4803 qui
678 4731 826 4802 plura
864 4732 916 4784 in
944 4727 1212 4784 'l'ilmanni
1260 4730 1507 4784 versione
1552 4732 1841 4800 reprehen-

279 4823 358 4885 dit
398 4831 561 4890 stque
587 4819 873 4888 castigavit
910 4828 1040 4873 tom.
1075 4818 1090 4872 I
1125 4817 1315 4872 Basilii
1347 4818 1594 4881 restituti,
1627 4834 1680 4888 p.
1714 4819 1840 4876 417.

277 4909 335 4967 In
374 4909 603 4976 epistola
634 4909 702 4964 80
731 4909 916 4964 Basilii
960 4908 1026 4962 ad
1071 4908 1411 4964 Eustathium
1458 4909 1719 4962 medicum
1746 4910 1840 4982 (c),

351 5022 429 5091 la)
468 5018 605 5091 Vide
637 5018 1085 5091 Moptl’aucouium
1115 5020 1151 5074 Ι.
1182 5036 1257 5086 c.,
1284 5036 1336 5090 p.
1368 5020 1492 5077 348.
1529 5018 1693 5076 Fasti.
1713 5020 1847 5076 Add.

278 5088 419 5162 alios
456 5090 606 5162 coda.
649 5105 678 5142 a
708 5088 936 5145 Garuer.
989 5091 1041 5145 in
1086 5100 1197 5145 not.
1233 5088 1296 5162 p.
1319 5092 1425 5147 578
1454 5092 1646 5145 citatos
1688 5099 1849 5162 atque

276 5161 523 5219 Collatus.
557 5159 728 5213 lianc.

351 5230 426 5299 (b)
470 5229 814 5293 Possevinus,
855 5244 978 5283 cum
1016 5238 1229 5285 veteres
1274 5230 1441 5285 lihrOs
1487 5228 1849 5286 Messanensis

277 5300 623 5355 bibliotheca
671 5308 995 5370 recenseret.
1038 5302 1255 5370 scripsit
1294 5302 1345 5370 in
1387 5302 1521 5368 App.
1564 5315 1617 5367 p.
1654 5300 1743 5363 '57,
1779 5304 1846 5355 ad

278 5372 482 5439 calcem
515 5370 696 5437 operis
730 5387 743 5425 :
776 5367 1162 5439 Cupiosissima
1211 5371 1263 5424 in
1305 5367 1494 5425 Isaiam
1529 5370 1844 5439 prophetam

280 5438 342 5511 ι).
386 5438 564 5511 Basilii
606 5438 993 5511 interpretatio.
1018 5438 1176 5511 _Opu_s_
1212 5442 1476 5511 integrum
1528 5450 1579 5494 et
1634 5438 1838 5511 rarum.

278 5507 385 5562 Sed
407 5509 574 5564 Garu.
606 5511 728 5572 jure
763 5508 973 5562 dubitat
1017 5509 1069 5561 in
1124 5507 1618 5579 lonito'prmlixo:
1656 5518 1713 5579 et
1742 5508 1842 5576 ipsi

276 5579 725 5633 verisimillimum
780 5593 900 5633 esse
954 5579 1185 5638 videtur.
1239 5578 1396 5633 talem
1452 5578 1646 5632 librum
1701 5578 1843 5632 inte-

276 5662 433 5716 grum
464 5663 733 5717 nunquam
764 5648 1061 5704 exstitisse.
1085 5649 1234 5701 Adde
1255 5648 1447 5702 Oudln.
1476 5648 1514 5703 I.
1541 5663 1617 5711 c.,
1651 5664 1704 5717 p.
1736 5646 1839 5717 557

274 5730 421 5788 κς..
451 5717 543 5787 qui
598 5716 871 5787 epiustur,
919 5728 1195 5774 auctorem
1252 5718 1410 5787 hujus
1459 5716 1837 5773 commentarii

1948 4639 2082 4693 serit
2129 4637 2357 4691 Bandin.
2384 4635 2501 4691 Cat.
2549 4638 2664 4692 cod.
2717 4636 2838 4700 (in,
2874 4636 2914 4703 l,
2964 4655 3016 4707 p.
3054 4638 3158 4692 518
3205 4653 3319 4705 seq.
3352 4664 3422 4675 -
3459 4635 3519 4690 In

1948 4742 2145 4783 novem
2198 4728 2318 4781 cod.
2375 4726 2505 4781 bibl.
2536 4728 2684 4796 puhl.
2718 4727 2889 4782 Paris.
2920 4757 2989 4768 -—
3021 4726 3242 4781 Taurini
3293 4727 3345 4779 in
3392 4728 3513 4782 cod.

1950 4816 2122 4884 XXX,
2148 4834 2200 4871 ιι.
2232 4819 2285 4872 1.
2316 4816 2445 4873 Vide
2476 4816 2594 4873 Cat.
2624 4818 2719 4871 cod
2756 4818 2849 4872 Gr.
2878 4815 3065 4881 Taun,
3097 4831 3151 4883 ρ.
3185 4815 3305 4879 107,
3336 4826 3440 4870 ctc.

2022 4907 2159 4963 Tum
2212 4909 2455 4979 sequitur
2503 4924 2554 4977 p.
2606 4907 2709 4961 6I8
2753 4921 2870 4974 seq.
2920 4906 3006 4959 ed.
3054 4902 3216 4958 Garn.
3263 4903 3514 4957 Eunomii

1952 5023 2123 5077 videri
2170 5037 2287 5077 esse
2332 5021 2494 5075 alium
2535 5019 2814 5082 Basiliam,
2841 5018 2931 5087 qui
2973 5018 3022 5071 in
3056 5017 3335 5087 plerasque
3373 5016 3515 5071 Gre-

1990 5094 2090 5145 orii
2131 5093 2384 5146 Nazianz.
2445 5100 2584 5143 orat.
2638 5097 3026 5144 commentatus
3064 5098 3167 5151 cst,
3204 5100 3365 5148 atque
3411 5087 3512 5139 sub

1990 5102 2090 5145 orti
2131 5102 2384 5146 Nazianz.
2445 5102 2584 5143 orat.
2638 5102 3026 5144 commentatus
3064 5102 3167 5151 cst,
3204 5102 3365 5148 atque
3411 5102 3510 5139 sub

1951 5102 2302 5217 gonstantino
2348 5160 2702 5229 Porphyrug.,
2732 5160 2860 5213 circ.
2911 5159 2975 5229 Α.
3008 5158 3112 5213 9ἳο
3156 5159 3234 5210 vel
3267 5155 3379 5229 7930
3411 5155 3510 5229 llo-

1950 5235 2125 5287 ruisse
2172 5225 2784 5285 creditur.'T'uiu'cod.
2832 5228 3083 5295 Anglicas
3135 5228 3414 5295 nominat,
3456 5225 3509 5278 itt

1949 5318 2019 5371 qu
2047 5304 2145 5354 bus
2193 5304 2244 5353 id
2289 5316 2422 5368 onus
2469 5310 2676 5371 exslat_._
2708 5298 2845 5371 Dein
2884 5300 3156 5371 esatniniit
3197 5294 3513 5371 refntatque

1953 5363 2260 5425 testimonia
2292 5363 2528 5423 vi-tcrtuu
2557 5378 2609 5422 et
2637 5368 2974 5431 'Iilletnanni,
3007 5367 3058 5419 id
3089 5366 3290 5420 Basilio
3319 5363 3390 5419 Μ.
3423 5380 3510 5417 as-

1952 5442 2221 5503 serentis,
2278 5440 2609 5506 aliurutnque
2657 5438 2899 5507 judicia;
2957 5437 3191 5507 denique
3250 5435 3508 5507 ostendit,

1951 5511 2098 5564 illum
2131 5520 2421 5563 comment.
2460 5503 2561 5561 non
2600 5503 2867 5578 pertinere
2902 5507 2968 5560 ad
3008 5504 3288 5578 Basiliam.
3337 5503 3507 5578 Hau.

2022 5578 2095 5650 (ε)
2132 5578 2245 5650 Non
2280 5578 2481 5650 Basilii,
2513 5574 2611 5632 sed
2621 5576 2857 5650 ANysscu‘i
2883 5592 3005 5650 esse
3036 5576 3181 5631 illam
3206 5574 3507 5645 epistolam,

1946 5646 2138 5706 scribit
2164 5649 2369 5704 Natalis
2394 5649 2576 5716 Men,
2601 5648 2667 5703 de
2687 5646 2801 5718 qua
2832 5646 2994 5701 infra.

344 5836 424 5910 (1)
454 5834 681 5894 Harlesii
710 5849 948 5895 errorem
972 5834 1085 5909 jam
1116 5835 1425 5894 notavimus
1459 5835 1553 5907 qui
1598 5831 1868 5891 Garnerio
1912 5828 2069 5887 Vitari
2113 5828 2301 5887 Basilii
2330 5830 2540 5899 tribuit,
2592 5842 2715 5886 cum
2745 5825 2817 5884 sit
2843 5822 3122 5883 Prudentii
3150 5820 3372 5880 Marsni.
3397 5820 3501 5876 Es.
