4040 6462
521 410 676 452 CCLIV

1882 392 2413 451 PRULEGOMENA.

525 515 789 590 apologia,
840 530 996 584 quam
1046 514 1333 583 confutavit
1382 513 1614 571 Basilius
1658 515 1734 569 Μ.
1785 530 1811 571 e
1867 517 2096 572 Fabricii
2128 521 2173 577 Α
2203 513 2531 583 CCXXXVI,
2562 522 2702 571 orat.
2748 513 2889 582 XIV,
2921 514 2974 569 in
3006 515 3089 571 bis
3118 519 3237 575 dua
3265 518 3339 575 De
3367 519 3590 590 jejunio.
3634 522 3770 580 Vide

523 586 588 656 Β.
621 602 716 657 Gr.
756 606 1007 673 repetita.
1044 605 1172 659 Dein
1204 621 1255 675 p.
1290 604 1383 660 051
1419 622 1533 674 seq.

592 710 867 770 Eustatltii
902 718 955 770 in
994 716 1353 772 Hexaemeron
1394 719 1449 775 S.
1493 718 1704 783 Basilii,
1752 719 2099 789 Cappadocia:

523 808 774 877 episcopi,
808 806 999 863 Latina
1031 810 1399 877 metaphrasis,
1432 826 1499 866 ex
1537 811 1728 868 Latina
1758 827 1882 881 opp.
1915 811 2097 867 BasiIii

522 899 761 956 editione
822 902 1215 970 Antwerpiensi
1284 915 1534 975 sumpta,
1590 921 1710 960 cum
1762 907 1927 961 variis
1977 904 2096 959 cod.

525 992 847 1048 lectionibus
871 995 1124 1065 notisque
1151 996 1377 1051 criticis.
1407 997 1550 1051 Caici
1580 998 1707 1051 tomi
1735 997 1889 1066 primi
1918 999 2097 1053 adhae-

525 1097 689 1140 rent:
726 1085 779 1157 I)
817 1086 967 1143 Nota
1013 1087 1302 1144 Frontonis
1353 1089 1553 1152 Ducaai,
1595 1089 2031 1157 Burdegalensis,
2069 1104 2098 1143 e

527 1190 639 1231 soc.
690 1175 842 1243 Iesu,
877 1194 997 1247 quze
1046 1192 1193 1240 vero.
1231 1180 1346 1249 ipso
1379 1177 1545 1233 Garn.
1598 1189 1868 1243 monente,
1906 1196 2003 1235 nec
2033 1179 2097 1231 ad

526 1268 690 1338 hujus
733 1270 1025 1325 editionem
1078 1273 1274 1341 saepius
1318 1270 1609 1340 quadrant,
1646 1286 1743 1325 nec
1777 1282 2001 1339 possunt
2031 1270 2100 1324 ob

2200 607 2451 664 Lambec.
2486 607 2774 665 Comment.
2812 609 2874 672 V,
2907 623 2959 679 p.
2992 608 3093 663 I84
3125 626 3263 680 seq.,
3291 623 3396 669 etc.

2271 700 2563 754 Editiones.
2592 728 2664 743 -
2688 697 2871 752 Basilii
2905 698 2977 755 M.
3007 699 3083 753 De
3098 700 3310 769 jejunio
3344 713 3481 758 orat.
3513 705 3631 758 dIIiB
3671 707 3766 762 Gr.

2199 800 2254 844 et
2282 788 2399 843 Lat.
2432 790 2658 845 Erasmo
2689 791 3004 860 interprete,
3040 807 3127 863 ap.
3159 791 3296 847 And.
3330 795 3568 852 Wechel.
3607 796 3771 863 I555,

2199 882 2429 936 4°.—lb.
2449 883 2588 953 apud
2614 879 2767 936 Joan.
2791 882 3119 940 Bt-nenatum
3151 885 3307 951 I579,
3334 888 3409 953 8°,
3445 900 3579 946 teste
3614 888 3772 943 Mail-

2202 976 2333 1027 taire
2372 974 2438 1027 Α.
2476 975 2537 1031 Τ.
2567 973 2683 1037 ΙΙΙ,
2724 991 2775 1045 ρ.
2809 976 2911 1030 657
2958 988 3011 1029 et
3050 979 3173 1032 777.
3210 978 3284 1032 De
3308 980 3517 1047 jejunio
3555 990 3693 1038 orat.
3729 981 3772 1034 Il

2197 1064 2290 1117 Gr.
2326 1062 2499 1118 Paris.
2539 1082 2623 1133 ap.
2662 1065 2805 1122 Guil.
2832 1064 3015 1119 Morel.
3058 1067 3211 1133 1505,
3241 1068 3312 1124 8⁹.
3344 1066 3475 1123 Vide
3517 1070 3769 1124 eumdem

2200 1154 2251 1207 in
2283 1154 2479 1218 indice,
2508 1168 2560 1223 ρ.
2593 1156 2943 1212 II'l.—Joan.
2971 1154 3228 1223 Xipltilini
3265 1170 3319 1214 et
3352 1158 3531 1213 Basilii
3570 1160 3639 1213 M.
3669 1160 3772 1212 ali-

2197 1261 2328 1317 quot
2359 1260 2497 1304 orat.
2544 1266 2609 1304 ex
2644 1254 2807 1306 variis
2854 1254 2973 1307 cod.
3000 1246 3243 1308 ediditet
3284 1253 3644 1309 animadvers.
3676 1255 3775 1306 ad-

525 1374 720 1414 novam
776 1363 1042 1431 quadrare
1096 1339 1636 1431 interpretationem;
1697 1360 1755 1432 2)
1819 1365 2099 1434 prtecipuaa

2204 1339 2323 1405 iecit
2372 1342 2461 1395 Cr.
2522 1341 2671 1395 Frid.
2731 1341 2989 1400 Matthaei.
3047 1343 3283 1412 Mosqute
3336 1346 3477 1417 typis
3528 1344 3769 1399 univere.

526 1451 869 1522 antiquarum
902 1452 1031 1506 edit.
1065 1450 1449 1520 Prtel‘ationes;
1481 1454 1535 1523 5)
1574 1451 1801 1509 Indices.

593 1565 652 1619 In
688 1574 829 1620 tomo
859 1566 1098 1622 secundo
1134 1568 1321 1622 insunt
1354 1586 1366 1621 :
1404 1565 1453 1637 I)
1484 1568 1749 1636 genuina}.
1793 1584 1856 1621 ex
1894 1566 2100 1634 vulgari

524 1656 801 1725 opinione,
836 1657 1072 1713 homilite
1104 1657 1299 1720 XXIV,
1335 1656 1399 1710 de
1443 1656 1702 1720 diversis;
1736 1658 1792 1721 2)
1828 1657 2098 1720 Ascetica,

523 1762 647 1820 quae
685 1749 913 1820 genuina
951 1750 1256 1816 habentur;
1305 1748 1361 1818 5)
1397 1751 1579 1819 spuria
1623 1748 1846 1816 scripta,
1893 1763 1947 1801 η.
1985 1748 2102 1801 duae

525 1841 1007 1897 lucubratiunculas
1054 1840 1441 1908 Coteleriauae;
1493 1840 1549 1909 4)
1603 1839 1770 1893 altera
1825 1838 2093 1895 Combeli-

525 1935 713 1999 siana;
762 1932 817 2002 5)
867 1933 972 1987 duo
1021 1930 1099 1986 De
1149 1933 1399 1999 baptismo
1450 1929 1606 1994 libri;
1648 1929 1703 1999 6)
1750 1928 2013 2002 Liturgia,
2048 1942 2101 1985 et

525 2025 761 2079 homilia:
805 2039 944 2093 quas
1000 2022 1271 2078 transtulit
1317 2020 1545 2077 Ruﬁnus
1584 2035 1615 2075 e
1647 2021 1835 2078 (ἴε-κοο
1870 2024 1923 2078 in
1954 2023 2100 2077 Lati—

522 2131 676 2171 num.
705 2116 762 2171 In
791 2115 1191 2185 Prolegomenis
1216 2115 1327 2185 agit
1349 2115 1415 2169 de
1442 2115 1544 2168 illis
1572 2114 1813 2169 uberius.

594 2230 637 2287 I.
676 2230 843 2303 Igitur
871 2229 1197 2286 exhibentur
1224 2228 1461 2283 homiliz
1488 2227 1679 2284 XXIV.
1711 2227 1769 2283 In
1800 2230 1886 2285 ed.
1920 2228 2095 2285 Paris.

522 2338 706 2391 super.
758 2323 813 2375 in
859 2322 1032 2390 primo
1087 2322 1265 2374 adhuc
1318 2330 1463 2375 tomo
1523 2331 1879 2375 numerantur
1930 2321 2097 2375 XXXI

522 2414 781 2477 homilize,
809 2411 1009 2466 diversi
1040 2411 1368 2482 argumenti,
1396 2419 1449 2463 et
1490 2412 1712 2465 totidem
1746 2411 1876 2465 olim
1912 2426 2099 2467 recen-

522 2506 784 2562 sebantur
805 2521 863 2562 n.
890 2502 978 2569 ΙΙΙ,
1008 2505 1058 2558 in
1091 2502 1322 2557 Fabricii
1350 2500 1416 2556 Β.
1451 2501 1543 2556 Cr.
1587 2500 1763 2557 Haec.

593 2616 733 2693 [III.]
774 2617 827 2675 1.
863 2616 999 2688 Περὶ
1027 2615 1301 2686 νηστείας,
1330 2614 1407 2670 De
1424 2616 1653 2687 jejunio.
1690 2617 1879 2687 Incipit
1911 2636 1925 2672 :
1961 2618 2097 2671 Σαλ-

521 2711 740 2776 πίσατε,
774 2709 960 2782 φησὶν,
997 2712 1053 2763 ὲν
1083 2708 1447 2780 νεομηνείαις.
1484 2709 1671 2781 [Garn.
1710 2708 1773 2776 II,
1807 2725 1859 2778 p.
1892 2711 1915 2763 I
1959 2709 2098 2781 seq.)

525 2807 702 2862 Vertit
749 2804 1007 2858 Erasmus
1038 2803 1135 2869 (tl).
1178 2802 1346 2855 Solita
1385 2803 1497 2856 hinc
1538 2801 1757 2856 humilia
1793 2803 1843 2855 in
1880 2802 2099 2857 Grmco-

522 2914 645 2955 rum
700 2894 956 2950 Ecclesiis
1008 2892 1107 2963 legi
1172 2892 1450 2946 Dominiea
1508 2894 1938 2963 Quadragesimze
1988 2896 2099 2947 sive

522 2989 577 3045 in
608 2987 867 3042 Εἰσὸάσει
897 2984 1007 3038 τῶν
1037 2981 1321 3054 νηστειῶν.
1354 2982 1653 3051 Separatim
1688 2982 1885 3051 prodiit
1913 2981 2101 3039 Grtece

522 3080 823 3136 Helmstad.
866 3075 1025 3140 I666,
1065 3076 1151 3128 4°.
1177 3073 1341 3128 Fuit.
1379 3103 1448 3113 —
1496 3072 1738 3130 Homilize
1795 3074 2101 3145 frequenter

2200 1428 2400 1484 Caesar.
2439 1430 2600 1497 I775,
2635 1433 2690 1487 4°
2730 1433 2805 1504 (et
2858 1433 3365 1489 Matthaziediditcx
3409 1440 3529 1491 cod.
3574 1434 3770 1521 synod.

2085 1566 2098 1597 ε
2196 1522 2300 1576 977
2332 1532 2441 1578 tres
2470 1522 2649 1577 Basilii
2683 1536 2822 1579 orat.
2856 1522 2907 1595 I)
2938 1524 3074 1596 Περὶ
3098 1524 3433 1597 τελειότητος
3466 1527 3580 1596 βίου
3616 1543 3776 1597 μονα-

2198 1610 2327 1681 χῶν.
2374 1612 2428 1683 2)
2462 1613 2597 1683 Περὶ
2643 1614 2825 1679 ἐλέους
2869 1614 2962 1669 καὶ
3007 1613 3273 1687 χρίσεως,
3322 1616 3457 1680 sive,
3490 1627 3548 1670 ut
3578 1617 3771 1671 Matth.

2201 1705 2359 1758 vertit
2393 1705 2465 1759 De
2505 1705 2824 1766 liberalitate
2864 1719 2911 1763 et
2953 1708 3204 1778 justitia;
3237 1709 3292 1779 5)
3331 1708 3777 1781 Παραμυθητικὴ

2200 1792 2535 1849 ἀσθενοῦντι.
2568 1795 2669 1848 Ad.
2705 1810 2758 1849 η.
2793 1808 2911 1862 seq.
2945 1796 3113 1853 llsnL.

2268 1886 2323 1939 2.
2367 1886 2502 1957 Περὶ
2540 1886 2814 1956 νηστείας,
2852 1887 2929 1941 De
2964 1890 3168 1957 jejunio
3224 1890 3470 1945 secunda.
3509 1886 3703 1958 Incipit
3756 1906 3771 1942 :

2202 1976 2595 2048 Παρακαλεῖτε,
2640 1978 2823 2048 φησὶν,
2875 1977 3059 2049 ἱερεῖς,
3091 1978 3182 2030 τὸν
3220 1980 3365 2032 λαόν.
3403 1978 3581 2034 Vertit
3630 1981 3773 2035 idem

2203 2068 2481 2123 Erasmus.
2512 2069 2672 2125 Lecta
2702 2072 2813 2125 luec
2840 2070 3061 2125 homilia
3089 2071 3140 2125 in
3169 2069 3369 2127 Graecis
3395 2073 3641 2129 ecclesiis
3672 2073 3774 2141 (ὁ),

2198 2162 2265 2231 τῇ
2313 2165 2641 2234 παρασκευῇ
2684 2161 2782 2233 τῆς
2830 2162 3074 2233 τυρινῆς,
3115 2162 3227 2219 sive
3276 2162 3410 2219 feria
3450 2173 3603 2220 sexta
3653 2171 3777 2233 post

2200 2253 2423 2307 Cineres
2464 2252 2554 2323 (al.
2603 2255 2774 2323 pridie
2823 2254 2926 2308 diei
2990 2253 3291 2325 Cincrum).
3338 2253 3544 2309 Prodiit
3586 2253 3778 2309 Graece

2200 2358 2320 2396 cunt
2350 2344 2533 2410 priore
2572 2343 2777 2399 Lovan.
2814 2345 2975 2411 I565,
3004 2346 3082 2409 4°,
3116 2355 3171 2399 et
3208 2360 3277 2400 ex
3331 2345 3777 2415 interpretatione

2200 2431 2432 2498 Erasmi,
2468 2432 2718 2504 Friburg.
2757 2434 2921 2499 I552,
2948 2444 3002 2489 et
3044 2450 3109 2491 ex
3152 2434 3293 2490 Petri
3342 2434 3603 2492 Galesinii
3653 2452 3777 2491 ver-

2204 2525 2355 2581 sione
2386 2527 2541 2583 Hom.
2563 2526 2720 2595 1587,
2738 2528 2813 2597 4°,
2838 2540 2893 2584 et
2914 2528 3359 2596 MonachiiI6I5,
3393 2529 3571 2585 in-I2.
3605 2530 3773 2587 Fasti.

2204 2620 2337 2676 Vide
2373 2622 2439 2675 ad
2485 2622 2729 2677 anteced.
2766 2637 2821 2677 n.
2858 2622 2885 2678 I
2914 2629 2968 2679 et
2997 2638 3055 2678 n.
3084 2622 3174 2677 22.
3209 2652 3280 2663 ——
3308 2620 3367 2677 In
3395 2622 3562 2677 Garn.
3590 2621 3676 2675 ed.
3709 2620 3776 2686 ΙΙ,

2203 2728 2257 2781 p.
2296 2712 2363 2766 10
2404 2728 2523 2782 seq.
2558 2711 2606 2767 ls
2648 2728 2775 2768 vero
2816 2714 2971 2769 istam
3020 2725 3135 2768 orat
3170 2714 3206 2767 2
3240 2714 3457 2782 recepit,
3501 2728 3607 2767 non
3633 2715 3778 2782 quod

2202 2818 2324 2855 eam
2354 2812 2558 2857 certam
2596 2812 2759 2871 atque
2802 2803 3156 2858 indubitatam
3194 2813 3425 2873 putaret,
3453 2805 3546 2859 sed
3576 2806 3701 2874 quia
3745 2822 3777 2859 ει

2201 2892 2375 2945 doctis
2418 2893 2549 2945 viris
2589 2892 2711 2946 talis
2760 2892 3085 2959 haberetur;
3137 2894 3280 2950 cont”.
3316 2895 3485 2953 Garn.
3513 2895 3778 2965 judicium

2200 2984 2268 3038 de
2297 2984 2438 3039 illius
2464 2982 2646 3056 νοθείᾳ
2670 2984 2721 3039 in
2750 2984 2907 3041 Praef.
2936 3000 2989 3055 p.
3021 3001 3097 3051 tv,
3138 2986 3165 3059 §
3191 2988 3241 3043 I.
3279 2986 3449 3043 Hane.

2275 3076 2327 3132 5.
2364 3077 2457 3141 Εἰς
2496 3078 2590 3130 1:6-
2624 3079 2894 3147 Πρόσεχε
2944 3078 3199 3143 σεαυτῷ.
3254 3078 3321 3134 1η
3375 3077 3510 3132 illud
3570 3076 3773 3150 (Deut.

523 3172 869 3243 reperiuntur
903 3170 957 3225 in
992 3166 1115 3225 eod.
1151 3165 1550 3221 Parisiensibus
1587 3166 1732 3236 (vide
1768 3169 1997 3223 indicem
2035 3170 2100 3224 ad
2130 3206 2175 3268 ε
2206 3184 2294 3232 ιν,
2316 3169 2388 3223 9:
2424 3187 2442 3218 ι
2474 3170 2696 3224 Attende
2743 3170 2834 3222 tibi
2866 3170 2988 3238 ipsi.
3021 3186 3040 3220 ι
3086 3168 3320 3238 Incipit:
3351 3167 3457 3223 Τοῦ
3486 3168 3648 3240 λόγου
3676 3169 3779 3242 τὴν

524 3265 645 3320 Cat.
681 3264 802 3319 cod.
837 3261 985 3326 Par.,
1021 3259 1129 3314 Vni.
1168 3259 1230 3325 ll,
1269 3273 1385 3312 voc.
1430 3256 1705 3327 Basilius),
1744 3262 1795 3314 in
1832 3260 2103 3317 Vindobo-

525 3355 783 3410 nensibus
808 3353 1092 3415 Caesareis,
1122 3350 1425 3419 Masquens.
1452 3348 1595 3416 (vide
1622 3349 1822 3402 Anton.
1850 3349 2101 3417 Schiada,

522 3446 621 3503 Cat
664 3446 783 3501 cod.
824 3442 919 3499 Gr.
962 3444 1015 3497 in
1051 3442 1182 3498 bibl.
1211 3442 1403 3513 synod.
1434 3439 1756 3507 Moscuensi,
1782 3456 1835 3510 ρ.
1864 3441 1933 3495 28
1964 3457 2103 3513 seq.,

529 3557 655 3597 cum
699 3539 823 3596 aliis
859 3536 1043 3593 Basilii
1079 3533 1354 3606 operibus)
1388 3544 1441 3588 et
1475 3536 1525 3587 in
1561 3532 1703 3588 aliis.
1739 3533 2021 3591 Florentia:
2053 3535 2105 3591 in

527 3635 659 3692 bibl.
704 3632 1215 3692 Medic.-Laurent.,
1275 3628 1398 3684 cod.
1434 3625 1570 3695 VIII,
1604 3627 1739 3698 plut.
1790 3628 1846 3693 4,
1877 3628 2108 3683 homiliae

527 3727 621 3784 LX
650 3743 772 3783 cum
798 3725 1088 3797 epigraphe
1106 3721 1212 3775 Τοῦ
1234 3719 1596 3774 -Βασιλείου
1623 3750 1693 3761 -
1712 3720 1895 3791 ἠθικά.
1918 3721 1972 3775 In
2026 3722 2108 3777 his

527 3839 583 3875 η.
614 3822 666 3885 7,
699 3831 879 3872 sermo
904 3818 925 3869 1
955 3814 1033 3867 De
1047 3812 1275 3881 jejunio,
1308 3810 1360 3862 in
1388 3810 1476 3862 ed.
1519 3809 1694 3864 Paris.
1728 3811 1962 3866 secundo
1992 3813 2108 3867 loco

524 3910 767 3978 positus,
804 3915 858 3961 et
892 3918 1073 3959 sermo
1100 3901 1137 3954 2
1166 3900 1233 3955 de
1272 3899 1483 3963 eodem,
1515 3898 1569 3953 in
1600 3898 1683 3954 ed.
1714 3897 1888 3954 Paris.
1934 3903 2107 3971 primo

526 4000 646 4055 loco
684 3997 1005 4054 collocatus.
1058 3994 1217 4049 Plura
1266 3993 1413 4061 leges
1453 3990 1506 4046 in
1538 3989 1768 4046 Bandin.
1818 3991 1936 4047 Cat.
1987 3995 2101 4048 cod.

530 4093 628 4149 Gr.
658 4092 847 4159 Laur.,
876 4092 922 4157 Ι,
962 4105 1015 4159 p.
1049 4086 1152 4142 525
1197 4102 1311 4156 seq.
1344 4116 1414 4126 -—
1441 4084 1498 4139 In
1543 4085 1662 4141 cod.
1693 4084 1883 4155 XXVI,
1916 4102 1971 4142 n.
2012 4087 2103 4155 20,

532 4202 710 4244 sermo
734 4186 938 4253 primus
966 4181 1040 4233 De
1057 4179 1265 4248 jejunio
1290 4195 1357 4232 ex
1386 4179 1501 4247 ejus
1520 4177 1837 4235 Moralibus.
1866 4210 1935 4219 ——
1962 4180 2105 4235 Idem

531 4284 584 4335 in
621 4278 740 4333 eod.
784 4271 1023 4337 XXXIII,
1072 4291 1125 4325 ιι.
1167 4271 1222 4336 9,
1255 4270 1389 4337 plut.
1424 4271 1478 4333 7,
1512 4280 1566 4324 et
1620 4274 1739 4325 cod.
1772 4271 1933 4338 XVII,
1967 4290 2020 4328 η.
2052 4275 2106 4341 1,

528 4372 665 4444 plut.
693 4369 747 4423 ι.
784 4366 918 4421 Vide
962 4363 1187 4418 Bandin.
1222 4363 1325 4416 loc.
1359 4362 1476 4427 cit.,
1506 4377 1558 4430 p.
1593 4362 1723 4427 284,
1753 4362 1857 4416 294
1888 4375 1942 4419 et
1982 4366 2101 4421 541.

526 4494 600 4505 —
623 4460 759 4515 Ibid.
791 4458 843 4512 in
874 4455 992 4511 cod.
1036 4448 1264 4517 CXLIII,
1304 4468 1358 4505 n.
1392 4450 1478 4518 12,
1526 4450 1768 4505 Naniano
1800 4452 1918 4507 duae
1956 4456 2102 4511 hom.

530 4555 609 4612 De
646 4553 880 4624 jejunio,
916 4563 1039 4603 cum
1085 4545 1206 4599 aliis
1249 4552 1500 4612 quatuor.
1540 4542 1675 4599 Vide
1706 4543 1823 4596 Cat.
1856 4546 1973 4599 cod.
2005 4545 2098 4601 Gr.
2134 4545 2179 4600 D
2206 4546 2338 4615 cipit
2384 4566 2398 4601 :

532 4650 704 4712 Nam,
724 4662 777 4716 ιι.
805 4644 930 4699 354.
952 4639 1190 4710 ——Aputl
1218 4636 1579 4691 Montl‘aucon.
1616 4638 1668 4690 in
1696 4634 1833 4692 Bibl.
1860 4637 2099 4702 Coislin.,

531 4758 583 4809 p.
610 4740 707 4793 II7
726 4752 865 4805 seq.,
887 4733 1123 4789 humilia:
1146 4731 1376 4786 diversa:
1401 4726 1615 4783 XXXII.
1638 4728 1693 4781 In
1724 4731 1843 4783 cod.
1872 4729 2100 4795 XLVIII,

529 4831 583 4884 in
656 4829 740 4882 his
795 4826 869 4880 De
914 4825 1125 4894 jejunio
1172 4823 1312 4877 liber
1357 4838 1446 4885 Ill,
1516 4820 1787 4891 Νηστείας
1839 4822 1931 4873 καὶ
1990 4822 2102 4876 ἱλα-

530 4918 670 4991 σμοῦ
738 4920 766 4970 ὁ
826 4916 1017 4986 καιρός
1069 4916 1172 4986 (de
1218 4929 1325 4984 qua
1382 4913 1561 4977 tertia,
1614 4913 1937 4979 adulterina,
1965 4926 2101 4969 orat.

531 5012 585 5063 in
608 5010 898 5079 jejunium,
929 5008 1051 5061 vide
1080 5007 1247 5061 Garn.
1279 5004 1439 5059 Praei.
1467 5004 1533 5057 ad
1570 5013 1696 5057 tom.
1731 5001 1796 5067 II,
1830 5002 1857 5074 ᾗ
1888 5002 1956 5069 Χ,
1980 5019 2101 5073 pag.

531 5115 685 5154 xsxn
714 5098 856 5169 seq.)
887 5129 955 5141 -—
988 5099 1046 5150 In
1070 5097 1190 5150 cod.
1220 5094 1409 5160 XLIX,
1445 5094 1675 5149 bomilia:
1701 5092 1821 5148 XIX
1850 5096 2095 5150 diversae.

530 5222 601 5232 -—
627 5191 684 5245 In
720 5192 839 5245 cod.
876 5188 993 5252 XV,
1031 5187 1264 5243 homiliae
1305 5202 1395 5239 xw
1443 5186 1692 5253 morales,
1723 5187 1914 5240 iterum
1968 5203 2101 5256 qua-

532 5294 676 5349 tuor,
704 5292 758 5338 et
790 5284 906 5337 duce
941 5280 1015 5334 De
1037 5280 1263 5349 jejunio,
1291 5276 1625 5333 Vindobona:
1665 5280 1714 5332 in
1746 5278 1866 5333 cod.
1899 5276 2098 5333 Casar.

606 5424 682 5497 (a)
720 5422 951 5497 Fallitur
982 5419 1253 5497 Labbetts,
1286 5419 1590 5497 militum}
1630 5421 1707 5474 De
1739 5422 1979 5497 scriptor.
2014 5437 2098 5473 ec-

534 5488 682 5559 cles.,
734 5510 785 5562 p.
842 5492 965 5554 I77,
1005 5492 1253 5544 homilias
1302 5488 1473 5545 XXXI
1524 5490 1751 5545 Erasmo
1804 5492 2099 5562 interprete

535 5560 782 5619 exhiberi
822 5562 1031 5627 scribit,
1062 5576 1181 5614 cum
1224 5562 1358 5615 duas
1397 5571 1607 5613 tantum
1659 5563 1920 5626 primores
1968 5560 2101 5615 Era-

533 5649 688 5694 smus
734 5633 979 5687 verterit.
1034 5630 1239 5684 Erasmi
1299 5632 1626 5694 versionem,
1662 5646 1765 5683 non
1822 5631 2104 5695 Galesinii,

534 5713 825 5759 servarunt
863 5703 1127 5757 editiones
1160 5700 1361 5755 Latina
1414 5709 1469 5753 et
1510 5699 1934 5755 (lmen-Latina:
1973 5716 2102 5768 epe-

539 5790 660 5830 rttm
694 5773 897 5826 Basilii.
939 5771 1183 5825 Humilia:
1226 5780 1347 5827 octo
1381 5771 1562 5825 Basilii
1604 5785 1670 5824 ex
1713 5772 1964 5825 versione
1995 5774 2106 5823 An-

540 5845 723 5906 tonclli
794 5841 1150 5898 Arcimboldi'
1191 5842 1503 5913 prodierunt
1566 5840 1754 5895 Latine
1821 5841 2104 5895 Mediolani

2209 3260 2402 3329 χρῆσιν
2428 3260 2657 3313 δέδωκεν
2694 3260 2827 3329 ἡμῖν
2866 3259 2895 3310 ὀ
2941 3258 3131 3323 κτίσας
3165 3260 3312 3333 ἡμᾶς
3347 3261 3377 3314 ὁ
3415 3260 3568 3327 Θεός.
3607 3263 3781 3317 Vertit

2208 3362 2402 3419 praeter
2433 3350 2782 3405 Franciscum
2816 3350 3251 3422 Craneveldium,
3274 3354 3478 3410 Lovan.
3507 3355 3667 3418 I554,
3694 3354 3773 3420 8°,

2206 3441 2499 3496 Godiritlus
2556 3441 2875 3500 Tilmannus
2926 3455 3139 3516 :atque
3195 3447 3245 3499 in
3301 3444 3619 3500 Ecclesiaste
3676 3460 3778 3499 suo

2207 3531 2389 3588 erco
2411 3532 2735 3592 Franciscus
2755 3536 3128 3593 Combeﬁsius.
3159 3535 3306 3592 Citat
3327 3534 3385 3590 S.
3411 3535 3677 3592 Maximus
3706 3539 3775 3592 ad

2209 3626 2519 3698 Dionysium
2557 3627 2846 3698 AreOpag.,
2874 3636 3006 3684 tom.
3034 3628 3075 3692 Ι,
3122 3642 3242 3698 pag.
3268 3626 3360 3683 29.
3390 3625 3554 3681 ΕΔΜ.
3587 3627 3780 3686 Basilii

2210 3718 2279 3773 M.
2318 3728 2459 3773 orat.
2499 3718 2550 3771 in
2576 3719 2798 3774 Attende
2826 3720 2941 3784 tibi,
2976 3718 3094 3773 Lat.
3121 3717 3416 3775 Francisco
3449 3718 3780 3778 Maturantio

2210 3811 2523 3879 interprete.
2579 3810 2881 3879 Hagenoa,
2930 3811 2983 3865 in
3023 3810 3181 3864 tedib.
3223 3809 3419 3867 Thom.
3468 3812 3774 3880 Ansbelmi,

2208 3901 2483 3964 Badensis,
2514 3901 2672 3966 I522,
2702 3901 2776 3955 8°.
2806 3900 3010 3974 (Maitt.
3044 3899 3113 3966 II,
3144 3916 3197 3971 p.
3231 3900 3355 3957 626.
3387 3903 3501 3973 )—-
3539 3903 3597 3959 ln
3630 3904 3777 3959 XXII

2206 3992 2365 4047 codd.
2419 3992 2592 4047 Paris.
2636 3990 2768 4047 bibl.
2819 3992 3047 4062 publicat
3102 4004 3283 4050 exstat
3337 3995 3428 4052 illa
3463 3998 3659 4052 oratio.
3709 4028 3777 4037 ——

2206 4082 2494 4140 Florentiae
2527 4084 2582 4138 in
2605 4084 2727 4140 cod.
2756 4083 2895 4139 Med.
2924 4084 3179 4142 Laurent.
3206 4085 3397 4157 XXVI,
3428 4106 3483 4145 n.
3513 4089 3575 4144 21
3613 4088 3779 4158 (Ban-

2206 4176 2319 4230 din.
2354 4176 2394 4229 I.
2426 4192 2502 4242 c.,
2537 4174 2577 4241 Ι,
2608 4192 2735 4248 pag.
2777 4177 2927 4250 284.)
2954 4210 3023 4219 —
3054 4180 3111 4233 In
3146 4180 3267 4235 cod.
3308 4195 3420 4249 reg.
3453 4179 3778 4235 Taurinensi

2207 4267 2461 4332 CCCXX,
2495 4269 2590 4324 fol.
2624 4268 2746 4335 110,
2782 4285 2901 4325 cum
2932 4281 3075 4325 orat.
3103 4270 3179 4325 De
3195 4269 3421 4339 jejunio.
3450 4268 3589 4339 (Cat.
3618 4272 3772 4324 codd.

2209 4358 2304 4415 Gr.
2339 4358 2525 4425 Taur.,
2560 4374 2613 4429 p.
2646 4360 2793 4425 599),
2831 4370 2937 4415 etc.
2964 4360 3137 4416 Hau.

2279 4452 2351 4507 4.~
2374 4451 2509 4523 Περὶ
2540 4452 2909 4522 εὐχαριστίας,
2946 4452 3022 4506 De
3053 4451 3240 4521 gratiis
3275 4450 3386 4507 Deo
3415 4453 3655 4523 agendis.
3685 4453 3780 4508 In—

2462 4549 2755 4601 Ἢκούσατε
2802 4546 2910 4599 τῶν
2963 4546 3221 4617 ῥημάτων
3272 4544 3366 4599 τοῦ
3427 4546 3773 4604 ’Δποστόλου.

2215 4636 2494 4708 [ϐπηίετ.
2523 4638 2586 4703 ΙΙ,
2620 4653 2737 4707 pag.
2765 4636 2835 4690 24
2877 4650 2997 4705 sqq.
3045 4635 3141 4692 Est
3197 4637 3256 4691 in
3292 4636 3337 4690 II
3386 4637 3541 4692 codd.
3573 4636 3770 4705 Paris.,

2208 4728 2263 4782 in
2294 4730 2412 4784 cod.
2450 4729 2677 4784 Vindob.
2708 4726 3040 4793 CCXXXVI,
3065 4745 3121 4783 η.
3148 4730 3201 4787 4.
3234 4727 3297 4783 V.
3333 4727 3523 4785 Lamb.
3552 4730 3615 4799 V,
3647 4747 3769 4802 pag.

2210 4822 2377 4894 I85].
2409 4822 2581 4877 Vertit
2618 4822 2912 4879 Godl'ridus
2946 4822 3277 4878 Tilmannus.
3314 4822 3415 4896 [V.
3454 4825 3519 4881 ad
3559 4843 3612 4880 n.
3649 4826 3771 4898 sq.)

2278 4915 2330 4969 5.
2374 4916 2466 4977 Εἰς
2500 4915 2598 4986 τὴν
2636 4916 2889 4987 μάρτυρα
2933 4915 3249 4981 Ἰουλίτταν,
3284 4917 3339 4969 in
3359 4916 3626 4981 .lulittam,
3655 4933 3775 4986 quae

2204 5008 2520 5078 martyrium
2552 5007 2812 5063 Ctesareze
2842 5008 3023 5063 subiit.
3055 5004 3251 5076 Incipit
3284 5027 3296 5062 :
3344 5008 3407 5061 'H
3441 5009 3538 5079 μὲν
3569 5008 3771 5061 ὑπόθε-

2209 5115 2293 5163 σις
2321 5101 2418 5171 τῆς
2461 5100 2808 5172 Ἐκκλησίας.
2842 5099 3081 5155 Meminit
3110 5098 3544 5170 Martyrologium
3576 5098 3774 5153 Roma-

2206 5208 2333 5245 num
2368 5194 2437 5246 50
2478 5192 2584 5247 Jul.
2622 5206 2677 5249 et
2710 5194 2901 5247 Suidas
2948 5192 2999 5243 in
3036 5193 3373 5258 Βασίλειος.
3415 5190 3587 5244 Vertit
3622 5190 3769 5246 God-

2208 5284 2379 5339 Iridus
2408 5285 2722 5339 Tilmannus
2751 5294 2805 5338 et
2834 5294 2957 5339 ante
2988 5283 3329 5338 Tilmannum
3364 5281 3531 5337 Janus
3561 5280 3769 5336 Coma-

2203 5423 2363 5489 I569,
2395 5425 2483 5487 4°;
2517 5424 2606 5477 sed
2638 5424 2866 5490 illaejam
2900 5424 3031 5477 mihi
3066 5439 3169 5477 non
3201 5429 3327 5476 sunt
3352 5420 3415 5490 ad
3446 5434 3654 5481 manus,
3691 5423 3766 5475 uti

2204 5510 2302 5547 nec
2328 5494 2529 5549 Gallica
2561 5492 2617 5546 S.
2645 5489 2905 5563 Supplicii
2939 5494 3131 5562 (Paris.
3159 5493 3310 5558 1580,
3342 5489 3416 5560 8°)
3459 5506 3554 5545 nec
3588 5492 3769 5546 Italica

2204 5564 2453 5619 Galeazzi
2490 5564 2662 5617 Sessa:
2691 5566 3083 5631 interpretatio.

2278 5633 2349 5702 (ὁ)
2394 5634 2518 5687 Vide
2551 5627 2855 5688 Combeﬁsii
2901 5633 3154 5687 Basilium
3197 5632 3523 5702 recensitunt,
3562 5638 3691 5702 tom.
3726 5627 3768 5696 I,

2209 5721 2263 5773 p.
2289 5700 2385 5766 '85,
2421 5704 2508 5758 91.
2542 5702 2742 5774 Τυρινή
2783 5703 3017 5767 Graecis,
3066 5701 3439 5774 qurerLatinis
3494 5700 3773 5756 Dominica

2217 5775 2703 5843 Quinquagesimte,
2733 5773 2793 5829 rut
2827 5775 3019 5830 Allatio
3052 5773 3359 5843 Cangioque
3401 5780 3665 5827 notatum.
