4040 6444
1510 394 1790 450 NOTITIA
1827 391 1916 446 EX
1955 390 2276 447 FABRICIO

3386 396 3511 437 εειιν

287 518 419 572 rius.
461 514 710 570 Occurrit.
746 521 801 566 et
839 512 891 566 in
929 510 1244 566 Ecclesiaste
1293 510 1476 565 (ἐτίθει)
1525 510 1852 566 Combelisii.
1885 512 1929 567 Α
1957 506 2020 559 ab
2050 523 2108 560 eo
2134 503 2363 558 traducti
2390 520 2417 558 e
2447 503 2630 558 ϐιωτο
2655 499 2758 552 duo
2790 496 2857 552 D.
2889 494 3076 551 Basilii
3103 510 3384 559 sermones,
3408 498 3515 549 Ad-

286 596 452 665 Fssn.
483 595 534 660 Ιῖι
559 605 725 660 Cara.
746 606 855 666 ed.,
879 604 941 671 Il,
969 622 1089 676 pag.
1114 606 1183 660 55
1204 622 1323 673 sqq.
1344 603 1500 659 Cunl‘.
1523 602 1847 661 Schroeckh.

289 701 326 755 l.
353 718 426 763 c.,
461 714 583 769 pag.
608 697 733 753 191.
759 728 827 741 --
849 698 1134 765 ItaperItur
1158 700 1210 751 in
1249 697 1336 751 XII
1365 698 1520 751 codd.
1547 694 1675 749 bibl.
1699 696 1846 764 publ.

286 790 465 846 Paris.
505 817 576 831 -—
606 789 738 841 Item
783 790 835 841 in
866 787 985 841 cod.
1030 787 1328 841 Vindobon.
1363 786 1497 839 Caes.
1526 782 1752 849 CCXIV,
1794 800 1848 839 ιι.

287 880 377 944 12,
433 879 735 933 Admonilio
780 880 843 930 de
869 877 1160 948 gratiarum
1200 877 1402 928 actione
1433 890 1554 944 erga
1591 873 1779 940 Deum,
1812 874 1848 927 l'.

288 971 503 1040 potius,
544 978 601 1023 ut
641 968 846 1023 Kollar.
889 968 1147 1031 adnotat,
1184 977 1493 1034 excerptum
1551 980 1617 1019 ex
1654 964 1854 1018 Basilio

286 1059 477 1113 Itomil.
504 1060 560 1114 in
591 1057 864 1111 Julittam.
897 1054 960 1110 V.
996 1056 1142 1111 illum
1174 1066 1227 1110 et
1258 1056 1501 1112 Lambet.
1535 1054 1762 1119 Comnt.,
1786 1054 1852 1123 V,

286 1162 411 1220 pag.
469 1149 558 1204 95.
618 1147 852 1213 Pariter,
915 1145 1241 1202 observante
1307 1144 1576 1210 Kollario,
1636 1148 1853 1215 longum

286 1252 372 1296 est
421 1239 708 1311 fragment.
758 1257 825 1295 ex
876 1256 958 1294 or.
1003 1240 1057 1292 in
1089 1237 1372 1305 Julittam,
1420 1240 1563 1308 quod
1624 1239 1677 1292 in
1729 1239 1852 1294 cod.

287 1332 621 1399 CCXXXVI,
653 1349 707 1391 ιι.
741 1333 797 1398 4,
830 1346 1022 1401 nempe
1058 1341 1198 1385 orat.
1235 1329 1325 1396 XI,
1361 1331 1506 1385 inter
1528 1330 1663 1386 alias
1689 1341 1853 1385 oratt.

289 1424 500 1493 Basilii,
536 1427 589 1480 in
634 1426 725 1480 illo
759 1425 881 1480 cod.
922 1431 1162 1478 servatas
1206 1438 1293 1492 ap.
1338 1421 1593 1480 Lambec.
1635 1422 1694 1487 V,
1733 1439 1852 1494 pag.

294 1518 415 1583 185,
443 1518 756 1573 inscribitur
780 1515 938 1569 llam.
962 1518 1026 1569 de
1048 1518 1339 1586 gratiarum
1362 1516 1597 1581 actione;
1623 1517 1746 1570 hinc
1772 1531 1859 1569 se-

289 1611 477 1677 quitur
502 1609 632 1663 ibid.
662 1618 802 1662 orat.
832 1608 924 1661 XII
957 1608 1217 1677 inscripta
1246 1608 1417 1677 Λόγος
1444 1608 1695 1680 δεύτερος
1730 1610 1859 1679 περὶ

288 1700 664 1772 εὐχαριστίας.
703 1698 931 1754 Hatnilia
967 1712 1148 1755 autem
1190 1702 1242 1754 in
1274 1700 1524 1755 Julittam
1550 1712 1635 1756 est
1672 1716 1855 1756 revera

289 1792 629 1847 continuatio
667 1790 903 1846 humilia:
957 1791 1033 1845 De
1072 1793 1366 1861 gratiarum
1411 1793 1646 1854 actione,
1686 1792 1857 1858 pridie

288 1882 504 1937 habitae.
547 1881 664 1937 Vid.
706 1882 1026 1938 Schrmcitb.
1060 1854 1097 1935 I:
1136 1897 1213 1945 c.,
1250 1898 1370 1951 pag.
1405 1882 1527 1936 191.
1568 1910 1639 1922 -—
1673 1854 1861 1936 Basilii
1887 1854 1930 1908 Β

289 1972 523 2027 humilia:
552 1971 629 2027 De
652 1975 834 2043 gratiis
867 1973 969 2025 D'eo
1002 1973 1239 2041 agendis,
1271 1980 1325 2025 et
1359 1974 1410 2025 in
1438 1972 1687 2027 Julittam
1714 1990 1857 2028 mar-

291 2074 484 2135 tyrem,
515 2066 610 2120 Gr.
647 2064 872 2129 Lavan.,
915 2078 980 2117 ex
1021 2062 1160 2119 oIIic.
1193 2065 1417 2136 Ilutgeri
1454 2066 1656 2131 Rescii,
1700 2066 1855 2132 1555,

288 2156 363 2212 8'.
392 2186 462 2196 —
482 2154 604 2209 Lat.
638 2155 931 2224 interprete
962 2153 1203 2210 Huberto
1234 2156 1522 2221 Bai-laudo,
1559 2156 1859 2223 Philiatrio,

289 2245 492 2299 Lovan.
528 2259 595 2299 ex
626 2245 747 2299 ead.
782 2243 921 2300 olﬁc.
965 2245 1124 2311 1541,
1156 2245 1231 2303 8°.
1270 2246 1333 2301 V.
1369 2246 1635 2301 Maittaire
1663 2246 1728 2302 Α.
1770 2245 1860 2313 Τ.,

287 2334 353 2405 II,
381 2352 504 2406 pag.
536 2336 662 2403 780,
695 2347 749 2391 et
780 2336 869 2405 III,
901 2355 1022 2409 pag.
1054 2340 1180 2395 525.
1212 2339 1381 2394 IIARL.

358 2428 409 2484 6.
450 2429 588 2501 Περὶ
618 2429 961 2499 πλεονεξίας,
996 2434 1053 2487 in
1084 2434 1216 2487 illud
1251 2432 1407 2487 Luca:
1436 2449 1533 2500 xtl,
1584 2432 1673 2494 18.
1702 2453 1725 2487 ‹
1769 2434 1860 2485 de-

293 2531 497 2577 struans
528 2522 716 2577 horrea
756 2541 892 2591 mea,
936 2544 955 2577 ι
991 2534 1095 2580 etc.
1126 2525 1202 2579 De
1229 2527 1454 2578 auaritia
1486 2524 1766 2596 [Carnier.
1794 2524 1858 2592 II,

289 2627 342 2680 p.
376 2612 447 2668 45
494 2613 659 2687 sqq.]
691 2616 879 2686 Incipit
911 2635 924 2670 :
956 2616 1185 2670 Διπλοῦν
1224 2617 1285 2669 τὸ
1328 2613 1467 2680 εἶδος
1502 2616 1609 2670 τῶν
1670 2635 1864 2690 πειρα-

290 2717 466 2777 σμων.
490 2707 627 2761 Ante
652 2706 970 2761 Carnarium
1003 2709 1164 2763 vertit
1190 2707 1430 2777 Raphacl
1456 2707 1861 2775 Volaterranus,

297 2800 449 2867 cujus
509 2800 886 2868 interpretatio
939 2802 992 2856 in
1052 2801 1480 2858 Graeco—Latinis
1536 2804 1864 2858 editionibus

298 2891 424 2945 hinc
454 2891 576 2945 inde
601 2893 888 2949 emendata
920 2913 945 2948 a
976 2896 1247 2950 Frontone
1276 2896 1489 2948 Dacico.
1523 2894 1861 2949 Volaterrani

298 2983 476 3037 vers-io
508 2984 852 3039 homiliarum
887 2986 1066 3040 Basilii
1104 2987 1277 3040 lucem
1312 2988 1445 3040 vidit
1472 2991 1613 3056 apud
1652 2987 1861 3040 Ascen-

298 3074 437 3128 sium
462 3072 636 3129 Paris.
668 3076 827 3142 1520,
859 3077 971 3141 Ioh,
994 3076 1181 3130 Colon.
1211 3077 1369 3144 1551,
1393 3076 1487 3133 I'ol.
1511 3076 1641 3151 [Est
1662 3079 1716 3134 in
1749 3078 1864 3135 XVI

297 3167 454 3220 codd.
488 3166 616 3220 bibl.
647 3168 792 3234 publ.
829 3167 1040 3241 Parim]

361 3255 412 3309 7.
444 3256 589 3325 Πρὸς
613 3258 737 3321 τοὺς
762 3258 1139 3325 πλουτοῦντας,
1162 3261 1273 3317 sive
1294 3262 1450 3316 Κατὰ
1472 3261 1861 3325 πλουτούντων,

292 3344 358 3397 1η
381 3347 588 3411 diuites,
618 3349 686 3403 ad
733 3348 864 3406 Luc.
888 3367 1039 3416 xvm,
1073 3353 1165 3409 22.
1197 3353 1400 3425 [Carm
1442 3354 1504 3415 II,
1539 3370 1591 3421 p.
1621 3354 1681 3407 51
1713 3352 1862 3425 sqq.]

290 3434 485 3507 Incipit
516 3459 529 3494 :
560 3440 791 3513 Εἴρηται
818 3446 912 3497 καὶ
939 3444 1135 3515 πρῴην
1169 3445 1318 3514 ἡμῖν.
1354 3444 1527 3499 Vertit
1559 3444 1863 3501 Volaterra-

296 3546 402 3586 nus
433 3544 487 3588 et
513 3535 830 3592 Carnarius.
865 3535 1092 3609 [Exstat
1126 3539 1178 3592 in
1213 3536 1305 3592 XV
1334 3539 1492 3593 codd.
1527 3538 1703 3595 Paris.
1728 3538 1858 3595 bibl.

292 3624 480 3697 publ.]

360 3719 417 3773 8.
469 3719 558 3773 Ἐν
579 3718 722 3791 λιμῷ
746 3721 841 3774 καὶ
878 3721 1096 3793 αὐχμῷ,
1132 3732 1357 3793 tempore
1387 3724 1542 3793 [amis
1569 3733 1616 3777 et
1650 3724 1862 3779 siccita-

292 3812 390 3873 tis,
425 3809 569 3863 dicta
606 3809 826 3863 homilia
857 3810 911 3865 in
946 3814 1129 3866 divites
1159 3831 1344 3868 avaros
1378 3813 1585 3887 [Carm
1617 3814 1679 3881 Il,
1711 3832 1764 3885 p.
1795 3815 1864 3869 62

289 3898 453 3974 sqq]
484 3899 673 3970 Incipit
700 3919 713 3954 :
739 3900 889 3956 Λέων
932 3903 1232 3976 ὲρεύξεται.
1280 3905 1449 3960 Vertit
1484 3905 1862 3961 Volaterranns

292 4004 348 4047 et
385 3992 701 4048 Carnarius.
738 3992 865 4066 [Est
903 3995 956 4051 in
995 3995 1084 4048 XV
1122 3998 1276 4051 codd.
1318 3994 1492 4054 Paris.
1533 3998 1663 4053 bibl.
1710 3997 1857 4066 publ.

292 4085 446 4141 Conf.
478 4085 825 4149 Schrmckh.,
853 4102 903 4153 p.
930 4088 996 4139 67
1025 4086 1147 4157 ξφ]

361 4178 414 4231 9.
460 4177 583 4228 Ὅτι
631 4178 732 4229 οὐκ
766 4176 912 4229 ἐστιν
971 4176 1143 4240 αἴτιος
1199 4176 1308 4229 τῶν
1361 4178 1547 4231 κακῶν
1614 4182 1642 4233 ὀ
1709 4180 1858 4245 Θεός,

289 4268 428 4339 quod
483 4266 621 4322 Deus
676 4284 780 4323 non
834 4278 909 4322 est
958 4279 1143 4323 auctor
1208 4271 1485 4323 malorum.
1536 4267 1739 4340 [Carm
1795 4270 1859 4336 II,

289 4377 343 4432 p.
379 4361 447 4415 72
486 4360 643 4435 sqq.]
674 4361 868 4433 Incipit
898 4379 911 4417 :
944 4363 1137 4417 Πολλο)⁵
1166 4364 1267 4434 τῆς
1292 4363 1636 4425 διδασκαλίας
1664 4364 1713 4414 οἱ
1746 4365 1864 4435 τρό-

291 4469 406 4505 ποι.
460 4452 751 4508 Verterunt
791 4456 1178 4512 Volaterranus
1213 4468 1266 4511 et
1307 4458 1619 4513 Carnarius.
1659 4456 1773 4510 Vidi
1808 4468 1861 4511 et

1950 612 2128 650 versus
2162 597 2466 656 irascentes,
2513 592 2587 645 De
2621 589 2851 650 invidia;
2894 597 2940 641 et
2984 587 3047 639 ab
3080 586 3259 639 eodem
3300 602 3446 639 versa
3491 604 3519 641 e

1954 686 2137 742 Gra'co
2167 685 2443 752 Sophoclis
2476 685 2731 752 Antigone
2754 690 2799 734 et
2826 678 3035 733 Berveti
3070 680 3299 748 ejusdem
3323 679 3517 747 epigrr.

1953 782 2174 850 aliquot.
2202 780 2446 850 Lugduni
2474 795 2560 848 ap.
2596 776 2780 843 Steph.
2808 774 3070 828 boletum.
3102 774 3519 829 1541.—Ilom.

1954 874 2167 926 Advers.
2205 872 2512 933 iracundos,
2540 870 2633 924 Cr.
2667 867 3023 930 RommIS30,
3045 866 3119 933 8⁸,
3142 870 3193 922 in
3227 868 3354 923 bibl.
3388 868 3519 921 Bar-

1955 964 2156 1017 berina:
2184 974 2291 1014 cat.
2342 976 2396 1029 p.
2432 960 2555 1015 118.
2602 990 2671 1001 -—
2710 958 2891 1014 Leidte
2925 962 2976 1013 in
3021 960 3153 1015 bibl.
3203 960 3347 1029 publ.
3384 960 3522 1014 inter

1955 1066 2083 1106 mss.
2119 1067 2182 1105 ex
2236 1051 2409 1122 legato
2454 1051 2657 1105 Bonav.
2703 1049 2948 1104 Vulcanii
2985 1061 3112 1105 sunt
3151 1051 3419 1105 adnotatt.
3469 1051 3522 1103 in

1955 1142 2136 1198 Basilii
2164 1146 2479 1199 concionem
2520 1142 2718 1199 Contra
2766 1145 3046 1197 irascentes
3084 1152 3138 1198 et
3176 1141 3523 1197 Plutarchum

1955 1236 2033 1288 De
2059 1237 2245 1288 virtute
2268 1233 2550 1293 morali.V.
2575 1234 2697 1289 Cat.
2720 1235 2853 1289 bibl.
2887 1234 3038 1289 Leid.
3065 1250 3185 1304 pag.
3205 1233 3330 1300 547,
3350 1250 3402 1286 ιι.
3433 1232 3521 1287 71.

1952 1354 2024 1367 --
2060 1327 2196 1379 Add.
2229 1326 2296 1380 ad
2331 1343 2385 1381 ιι.
2429 1326 2518 1381 18.
2551 1355 2620 1365 -
2662 1326 2815 1381 Orat.
2852 1327 2940 1380 illa
2973 1325 3158 1381 Basilii
3195 1336 3279 1381 est
3316 1326 3368 1380 in
3403 1322 3527 1381 XIX

1956 1419 2111 1473 codd.
2152 1418 2278 1472 bibl.
2314 1419 2458 1488 publ.
2494 1418 2668 1474 Paris.
2710 1419 2880 1472 IIABL.

2034 1514 2118 1568 II.
2162 1514 2298 1585 Περὶ
2331 1512 2549 1583 φθόνου.
2593 1510 2669 1565 De
2700 1512 2915 1565 inuidia.
2953 1510 3145 1581 Incipit
3176 1524 3191 1564 :
3238 1508 3467 1579 Ἀγαθδς
3498 1507 3532 1563 6

1956 1607 2110 1669 Θεός.
2150 1605 2357 1676 [Carm
2394 1604 2458 1667 II,
2490 1622 2543 1676 p.
2581 1605 2640 1660 91
2688 1603 2847 1676 sqq.]
2897 1602 3188 1659 Verterunt
3215 1602 3531 1657 Volaterra-

1958 1715 2060 1753 nus
2126 1710 2180 1751 et
2243 1698 2563 1761 Carnarius,
2626 1709 2681 1753 et
2741 1698 3068 1753 Franciscus
3120 1695 3527 1761 Craneveldius,

1959 1789 2162 1843 Lovan.
2191 1788 2345 1853 1554,
2368 1787 2420 1842 8.
2451 1787 2748 1843 Centianns
2778 1789 2906 1841 item
2941 1788 3227 1843 Hervetus.
3268 1788 3407 1841 Ante
3432 1785 3531 1841 bos

1960 1882 2210 1936 Nicolaus
2233 1881 2503 1937 Perottus.
2534 1880 2699 1936 Fssn.
2734 1880 2806 1934 De
2848 1880 2978 1934 edit.
3008 1880 3274 1934 versionis
3310 1880 3531 1934 IIervet.

1960 1989 2014 2027 v.
2044 1974 2110 2027 ad
2139 1990 2193 2028 ιι.
2222 1975 2465 2027 anteced.
2494 2004 2564 2013 —
2585 1974 2767 2026 Basilii
2801 1971 2872 2027 Μ.
2902 1974 3051 2027 hom.
3085 1970 3158 2024 De
3185 1971 3410 2037 invidia,
3433 1970 3529 2024 Cr.

1961 2077 2014 2119 et
2042 2064 2162 2119 Lat.
2195 2080 2261 2119 ex
2288 2079 2429 2118 vers.
2464 2063 2671 2119 Daniel.
2702 2064 2975 2132 Augentii.
3012 2061 3183 2116 Paris.
3214 2077 3301 2132 ap.
3334 2062 3521 2117 Morel.

1963 2157 2122 2222 1586,
2164 2158 2248 2211 4ο.
2291 2158 2411 2212 Vid.
2450 2155 2636 2209 Pinelli
2661 2154 2781 2208 Cat.
2822 2154 2863 2218 I,
2894 2169 3014 2223 pag.
3047 2155 3137 2209 55.
3171 2165 3313 2209 —et
3358 2155 3528 2209 Maitt.

1962 2246 2052 2310 III,
2089 2262 2142 2317 p.
2186 2246 2309 2302 795.
2354 2276 2425 2287 —
2471 2245 2802 2301 Censorinus
2846 2274 2919 2286 —
2949 2243 3165 2300 Cebetis
3215 2245 3392 2301 tabula
3437 2261 3535 2317 per

1962 2337 2167 2391 Loduv.
2206 2337 2412 2392 Odoax.
2457 2353 2487 2391 e
2531 2337 2719 2391 Cra-co
2766 2352 3070 2405 conversa;
3105 2338 3427 2393 Plutarchus
3459 2337 3537 2394 De

1961 2429 2161 2481 invidia
2188 2437 2236 2481 et
2284 2430 2405 2482 odio
2428 2444 2444 2490 ;
2471 2427 2661 2481 Basilii
2686 2444 2764 2481 or.
2803 2429 2877 2483 De
2920 2430 3121 2485 invidia
3153 2448 3245 2501 per
3275 2428 3398 2485 Nic.
3433 2430 3534 2485 Pe-

1962 2528 2157 2572 rottnm
2197 2520 2470 2582 traducta;
2508 2519 2695 2574 Basilii
2721 2522 2873 2590 epist.
2915 2523 2990 2577 De
3023 2526 3128 2577 vita
3163 2525 3404 2579 solitaria
3441 2538 3539 2594 per

1961 2609 2300 2680 Philelphnm
2328 2621 2383 2666 et
2410 2612 2597 2667 Crtnco
2626 2615 2890 2678 traducta,
2923 2630 2971 2669 s.
3003 2615 3039 2668 I.
3066 2625 3120 2671 et
3146 2631 3198 2681 a,
3230 2616 3281 2670 4.
3309 2617 3441 2670 min.
3468 2616 3532 2672 V.

1964 2705 2142 2761 Fossii
2173 2708 2344 2762 Catal.
2376 2710 2533 2763 codd.
2559 2739 2619 2749 —
2657 2709 2909 2782 Magliab.
2934 2710 2976 2777 I,
3008 2728 3061 2782 p.
3088 2712 3183 2768 5II
3213 2728 3297 2783 sq.
3329 2713 3405 2769 De
3428 2711 3535 2768 alia

1964 2799 2096 2855 edit.
2140 2800 2339 2855 Benon.
2386 2801 2525 2855 1497
2555 2817 2604 2857 v.
2643 2803 2709 2855 ad
2746 2820 2799 2856 ιι.
2836 2804 2925 2858 94.
2966 2837 3036 2847 -
3075 2807 3421 2862 Censorinus.
3467 2837 3538 2849 —

1963 2881 2177 2936 Cebetis
2208 2884 2383 2937 tabula
2409 2914 2476 2924 —
2506 2884 2677 2939 Basil.
2708 2885 2785 2940 De
2814 2889 3011 2943 invidia
3034 2898 3089 2944 et
3119 2890 3195 2944 De
3218 2892 3321 2944 vita
3351 2893 3538 2946 solita-

1966 2974 2069 3035 ria,
2104 2972 2227 3028 Lat.
2258 2986 2368 3029 etc.
2395 2974 2589 3031 Venet.
2622 2992 2717 3045 per
2742 2978 3061 3035 Bernartliu.
3088 2982 3154 3036 de
3180 2980 3341 3038 Vital.
3373 2980 3534 3049 1500,

1965 3066 2041 3122 4ο.
2072 3064 2133 3123 V.
2165 3068 2335 3122 Maitt.
2361 3068 2449 3135 IV,
2474 3085 2597 3140 pag.
2628 3071 2731 3125 720
2760 3088 2842 3142 sq.
2863 3074 3064 3129 —Ce|.
3098 3074 3320 3131 Panzer.
3351 3082 3414 3132 Α.
3448 3076 3536 3143 Τ..

1892 3186 1935 3244 C
1970 3157 2078 3223 VII,
2111 3174 2162 3227 p.
2205 3158 2331 3225 270,
2365 3177 2419 3214 ιι.
2452 3161 2575 3225 125,
2618 3164 2923 3218 versionem
2960 3164 3277 3221 Craneveld.
3315 3176 3370 3221 et
3400 3168 3534 3223 edit.

1966 3254 2135 3310 refert
2157 3273 2219 3310 ex
2260 3257 2371 3311 Val.
2406 3259 2574 3311 Andr.
2607 3258 2747 3313 Bibl.
2792 3260 3023 3332 Belgic.,
3050 3278 3169 3333 pag.
3200 3263 3328 3329 227,
3367 3266 3434 3320 ad
3469 3267 3535 3321 Δ.

1966 3345 2127 3410 1554,
2162 3347 2238 3401 8°.
2268 3346 2441 3402 Inscr.
2488 3357 2573 3402 est
2606 3366 2619 3401 :
2661 3349 2851 3404 Basilii
2890 3352 2969 3406 Μ.
3009 3354 3239 3408 hami/ia:
3284 3365 3409 3409 tres.
3460 3357 3537 3410 De

1962 3439 2191 3493 utilitate
2237 3441 2493 3509 capienda
2526 3458 2591 3497 ex
2626 3444 2896 3513 gentilium
2940 3457 3217 3499 auctorum
3259 3448 3429 3502 libris.
3461 3448 3537 3504 De

1961 3532 2182 3585 inuidia.
2221 3530 2287 3585 In
2321 3532 2454 3587 illud
2490 3550 2509 3589 :
2547 3554 2567 3588 ι
2611 3534 2829 3590 Attende
2873 3536 2967 3590 tibi
3008 3539 3131 3608 ipsi.
3173 3559 3190 3591 ι
3220 3538 3412 3594 Latine
3445 3556 3540 3610 per

1960 3622 2157 3679 Franc.
2197 3625 2514 3683 Cranevehl.
2565 3626 2767 3682 Lovan.
2811 3643 2879 3682 ex
2925 3628 3018 3683 off.
3069 3630 3289 3697 Rutgeri
3333 3631 3534 3687 Rescii.

1962 3714 2119 3769 1554.
2160 3746 2227 3755 —
2255 3716 2443 3771 Basilii
2478 3717 2555 3773 ιι.
2592 3735 2655 3771 ac
2694 3717 2965 3772 Plutarchi
2999 3718 3076 3774 De
3123 3720 3320 3774 invidia
3374 3730 3421 3774 et
3451 3721 3535 3774 di-

1960 3808 2200 3859 scrimine
2222 3807 2431 3861 incidite
2457 3819 2504 3859 et
2533 3809 2662 3871 odii,
2695 3820 2852 3865 oratt.
2892 3809 2976 3864 II.
3010 3810 3230 3881 Leipzk.
3264 3810 3423 3876 1507,
3457 3813 3534 3867 4⁸.

1960 3927 2030 3938 -
2054 3898 2373 3953 Athanasius
2406 3901 2460 3953 in
2492 3899 2694 3955 Psalm.
2737 3919 2916 3967 opusc.
2946 3930 3017 3943 -—
3044 3902 3310 3971 Epicteti,
3337 3907 3535 3974 Angela

1962 3987 2230 4044 Politiano
2269 3992 2563 4061 interprete.
2606 3992 2798 4048 Basilii
2842 4004 2977 4051 orat.
3014 3994 3086 4051 De
3129 3996 3360 4060 invidia,
3408 3996 3534 4053 Nic.

1963 4078 2175 4135 Perouo
2228 4085 2527 4151 interprete.
2577 4085 2921 4150 Plutarchus,
2967 4095 3097 4149 elc.,
3130 4088 3420 4157 Argeator.
3467 4101 3539 4144 ex

1961 4177 2053 4232 off.
2079 4177 2267 4230 Matth.
2302 4176 2558 4233 Schnrer.
2593 4178 2749 4239 1508.
2776 4179 2849 4233 4ο.
2880 4178 3009 4233 Vide
3038 4179 3261 4242 Panzer,
3292 4178 3379 4243 VI,
3413 4196 3534 4250 pag.

1960 4268 2052 4334 42,
2079 4287 2131 4323 ιι.
2174 4268 2296 4328 151.
2327 4271 2520 4326 Exstat
2564 4272 2616 4324 in
2665 4272 2789 4325 XIX
2828 4273 2985 4327 codd.
3021 4273 3149 4327 bibl.
3179 4272 3326 4342 publ.
3360 4273 3535 4330 Paris.

1962 4362 2138 4418 ΗΑιιι..

2035 4457 2120 4510 12.
2162 4457 2253 4519 Εἰς
2283 4456 2381 4529 τὴν
2408 4456 2582 4527 ἀρχὴν
2612 4458 2721 4512 τῶν
2753 4460 3093 4531 Παροιμιῶν,
3122 4460 3189 4515 In
3223 4461 3536 4531 principium

290 4544 554 4599 Gallicam
598 4547 898 4599 versionem
941 4563 1194 4603 excusant
1239 4550 1560 4620 Bothomag.
1590 4548 1750 4611 1584,
1784 4547 1858 4601 8°.
1894 4534 1937 4587 υ
1966 4548 2395 4602 Prouerbiarum.
2427 4547 2622 4619 [Carm
2656 4551 2717 4614 II,
2743 4569 2795 4620 p.
2822 4554 2913 4617 97,
2947 4554 3080 4626 δια]
3108 4555 3337 4623 Incipit:
3372 4555 3537 4623 Ἀγα-

296 4638 464 4694 Εηιι.
501 4637 697 4693 Multus
746 4648 830 4692 est
876 4639 944 4693 de
1002 4641 1101 4692 hac
1148 4644 1293 4696 hom.
1338 4643 1653 4697 Schraatkh.
1698 4644 1734 4696 I.
1787 4658 1861 4705 c.,

295 4747 348 4801 p.
379 4733 484 4786 194
516 4748 636 4801 sqq.
671 4762 737 4774 —
773 4731 956 4788 Exstat
985 4731 1038 4785 in
1073 4731 1212 4785 XVII
1241 4736 1399 4789 codd.
1436 4735 1563 4789 bibl.
1597 4735 1738 4804 publ.
1766 4734 1865 4788 Pa-

296 4824 392 4877 ris.
419 4852 487 4862 —
509 4822 748 4879 Florent.
784 4826 836 4879 in
865 4823 985 4879 cod.
1011 4822 1267 4879 Laurent.
1293 4826 1431 4893 XVI,
1460 4845 1513 4882 ιι.
1538 4827 1627 4893 2:2,
1653 4828 1785 4901 plut.
1810 4830 1860 4885 7.

296 4912 563 4981 (Bandin.
596 4912 635 4976 l,
667 4929 718 4980 p.
747 4912 914 4983 28L)
955 4914 1127 4969 Ιιιιιιι..

364 5003 453 5057 10.
495 5003 651 5057 Κατὰ
690 5004 1079 5077 ὀργιζομένων,
1108 5007 1180 5061 De
1202 5008 1284 5061 ira
1305 5049 1319 5073 ,
1350 5009 1463 5063 sive
1489 5012 1736 5067 adversus
1764 5015 1866 5067 ira-

292 5107 489 5147 scentes
530 5096 732 5168 [Carm
768 5098 828 5161 Il,
871 5112 921 5166 p.
962 5097 1087 5169 85.]
1125 5099 1315 5171 Incipit
1356 5120 1368 5155 :
1401 5101 1610 5174 Ὠσπερ
1638 5105 1864 5160 ἐπὶτῶν

300 5187 557 5256 ἰατρικῶν
594 5188 1086 5261 παραγγελμάτων.
1122 5190 1414 5248 Verterunt
1443 5196 1603 5250 iidem
1624 5194 1867 5252 Volater-

295 5294 462 5333 rauus
493 5289 545 5332 et
579 5280 894 5337 Carnarius.
934 5282 1139 5337 Prodiit
1180 5296 1233 5339 et
1270 5287 1561 5355 separatim
1595 5287 1781 5342 Graece
1812 5299 1867 5341 et

293 5371 413 5425 Lat.
448 5370 621 5427 Paris.
662 5375 819 5441 1587,
865 5375 938 5439 4ο,
980 5390 1100 5429 cum
1133 5377 1580 5445 interpretatione
1614 5380 1864 5434 Centiani

293 5462 535 5519 IIerveti.
564 5462 729 5520 Fusa.
774 5468 817 5520 A
854 5467 1122 5522 Maittaire
1150 5469 1218 5523 Α.
1251 5466 1335 5530 Τ.,
1377 5470 1460 5535 III,
1493 5486 1546 5539 p.
1579 5469 1697 5538 798,
1731 5475 1861 5527 edit.

295 5554 375 5610 sic
402 5556 751 5625 designatur:
780 5556 971 5612 Basilii
1004 5557 1080 5612 Μ.
1114 5560 1254 5613 hom.
1286 5561 1536 5615 adversus
1564 5562 1863 5630 irascentes,

295 5644 390 5701 Gr.
423 5658 470 5700 et
498 5648 615 5703 Lat.
638 5648 915 5719 interprete
947 5651 1086 5706 Dan.
1115 5653 1388 5722 Augentio,
1416 5670 1531 5707 cum
1563 5654 1675 5725 ejus
1707 5658 1862 5709 natis.

295 5736 468 5791 Lutet.
493 5755 577 5808 ap.
609 5738 742 5795 Fed.
769 5742 956 5798 Morel.
981 5742 1135 5808 1587,
1159 5742 1306 5797 4⁶.-
1324 5744 1457 5801 Ibid.
1490 5760 1615 5800 vero
1635 5764 1689 5816 p.
1721 5745 1822 5799 550
1849 5766 1862 5802 :

295 5825 538 5885 Centiani
582 5829 791 5890 Heneti
819 5845 980 5890 oratt.
1019 5846 1141 5907 tres,
1172 5835 1250 5895 De
1276 5838 1549 5908 patientia,
1580 5852 1707 5911 etc.,
1743 5841 1862 5895 item

1966 4638 2057 4703 Θὸς
2080 4642 2108 4693 ὁ
2134 4644 2231 4712 τῆς
2254 4640 2566 4706 εὐπειθείας
2593 4643 2803 4713 μισθός.
2833 4644 3124 4699 Verterunt
3150 4642 3539 4699 Volaterrauus

1964 4739 2020 4781 et
2053 4730 2369 4784 Carnarius.
2406 4730 2598 4786 Exstat
2627 4733 2681 4787 in
2710 4732 2807 4788 XII
2832 4736 2987 4790 codd.
3016 4734 3145 4789 bibl.
3173 4734 3319 4805 publ.
3362 4733 3534 4794 Paris.

1964 4819 2139 4876 11Αιιι..

2046 4914 2132 4968 15.
2172 4914 2550 4987 Προτρεπτικὴ
2572 4918 2650 4980 εὶς
2669 4918 2729 4971 τὸ
2756 4918 2908 4986 ἆγιον
2931 4918 3243 4989 Βάπτισμα,
3268 4919 3536 4974 Exhorta-

1963 5006 2036 5058 tio
2067 5007 2135 5059 ad
2164 5007 2479 5073 baptismum
2512 5021 2559 5062 et
2594 5011 2968 5077 paznitentiam.
3003 5011 3213 5082 [Carm
3250 5012 3314 5073 II,
3344 5030 3395 5081 ρ.
3437 5014 3539 5067 115

1964 5115 2086 5171 sqq.
2110 5099 2127 5171 ]
2155 5097 2345 5169 Incipit
2381 5124 2391 5156 :
2435 5104 2495 5155 Ὀ
2524 5104 2621 5173 μὲν
2661 5102 2822 5170 σοφὸς
2849 5103 3117 5174 Σολομῶν.
3166 5105 3336 5158 Vertit
3374 5104 3533 5159 Vola-

1966 5201 2235 5247 terranus.
2274 5190 2403 5262 [Est
2442 5195 2493 5246 in
2522 5192 2710 5248 XXXV
2752 5196 2907 5248 codd.
2936 5197 3100 5252 Paris.
3138 5196 3267 5250 bibl.
3298 5198 3445 5267 publ.
3483 5212 3537 5255 et

1965 5284 2018 5337 in
2048 5286 2166 5339 cod.
2194 5284 2419 5343 Coislin.
2450 5284 2560 5349 CV,
2593 5301 2647 5339 ιι.
2677 5285 2833 5340 28.V.
2862 5286 3149 5345 Μυιιιῐςιιιε.
3176 5287 3314 5345 Bibl.
3348 5290 3534 5353 Coisl.,

1966 5392 2018 5446 p.
2047 5378 2164 5431 I79.
2197 5376 2251 5429 In
2279 5378 2401 5432 Cat.
2425 5378 2584 5431 codd.
2614 5377 2787 5433 Paris.
2821 5392 2948 5431 tom.
2976 5378 3038 5444 Il,
3063 5396 3183 5449 pag.
3213 5380 3303 5447 67,
3334 5381 3385 5434 in
3412 5383 3533 5437 cad.

1966 5468 2290 5535 CDLXXVI,
2328 5486 2381 5523 ιι.
2416 5471 2501 5535 18,
2539 5472 2799 5541 scriptum
2835 5483 2919 5527 est
2947 5474 3015 5527 ab
3043 5476 3262 5542 antiqua
3298 5489 3479 5539 manu,
3506 5490 3536 5526 υ

1968 5561 2355 5629 stylojudicari
2380 5578 2559 5631 posse,
2585 5573 2725 5616 orat.
2753 5566 2896 5619 illam
2931 5581 3035 5618 non
3069 5580 3189 5619 esse
3217 5580 3534 5636 germanum

1967 5652 2153 5707 Basilii
2204 5654 2385 5707 fetum.
2426 5656 2652 5709 Additur
2698 5671 2713 5711 :
2757 5658 2939 5726 Neque
2995 5660 3120 5713 illud
3173 5668 3410 5727 temere;
3452 5670 3537 5717 est

1967 5746 2110 5801 enim
2147 5745 2330 5815 CyriIIi
2366 5745 2627 5803 lIierosol.
2666 5751 3086 5818 procatechesis.
3127 5749 3324 5823 ΗΑιιι..]

2039 5837 2124 5893 14.
2166 5837 2319 5895 Κατὰ
2355 5839 2679 5911 μεθυόντων,
2712 5841 2781 5899 In
2808 5843 3105 5900 ebrietatem
3137 5852 3185 5899 et
3212 5843 3413 5899 luxum.
3438 5839 3534 5900 ln-
