4040 6458
1444 404 1724 461 NOTITIA
1765 405 1853 461 EX
1896 404 2241 461 FABRICIO.

3302 422 3455 465 εοιιι

218 525 481 598 gymnasii
522 525 743 595 Gerani)
792 524 948 580 Germ
988 523 1146 590 I79l,
1183 522 1314 576 min.
1353 520 1427 575 8⁸.
1453 522 1536 575 Ad
1582 524 1782 576 calcem
1815 534 1858 590 Α
1888 519 2073 585 libelli,
2103 518 2329 574 alteram
2378 518 2498 575 libri
2551 520 2625 575 De
2654 517 2884 590 legendis
2937 519 3272 587 antiquorum
3312 520 3460 574 libris

218 634 338 689 pug.
372 620 467 676 141
514 635 636 687 sqq.
686 618 912 686 repetita
958 627 1040 673 est
1082 614 1297 670 Krebsii
1348 613 1588 686 prolusio
1628 616 1783 669 modo

216 727 534 769 memorata.
560 741 631 753 -
662 712 752 766 Ille
790 712 924 767 liber
957 722 1039 768 est
1082 725 1296 781 quoque
1341 712 1392 763 in
1441 707 1525 764 Jo.
1570 707 1783 762 Patusaz

216 804 501 878 Encyclop.
539 805 754 872 pltilos.,
791 808 899 862 vol.
938 805 1000 859 III
1043 804 1187 871 init.,
1232 814 1286 859 et
1326 804 1477 857 locus
1512 818 1576 856 ex
1609 798 1699 851 illo
1732 799 1783 853 in

217 898 382 953 Lectii
431 899 659 965 Corpore
708 911 847 969 poet.
907 897 1144 951 Gra'cor.
1191 899 1309 951 init.
1353 894 1551 966 "ARL.]
1580 890 1788 949 Laudat

217 992 363 1045 hanc
408 990 593 1044 Basilii
640 993 929 1047 diatribam
970 990 1257 1059 aliquoties
1291 988 1375 1043 .Io.
1418 988 1784 1044 Damascenus

218 1083 269 1136 in
304 1083 615 1149 Parallelis,
650 1101 770 1155 quae
798 1091 977 1137 exstat
1007 1098 1220 1155 quoque
1249 1081 1442 1136 Latine
1480 1084 1544 1136 ad
1580 1082 1784 1137 calcem

218 1174 425 1229 Statua:
450 1176 805 1240 Mercurialis,
828 1176 983 1231 edita:
1013 1179 1080 1231 ab
1112 1175 1345 1228 Henrico
1368 1172 1508 1229 Julio
1538 1175 1785 1230 St-heurl.

220 1266 450 1323 IIelmst.
481 1270 640 1331 1656,
672 1269 747 1320 8°.
791 1266 996 1322 Gallice
1052 1268 1181 1319 olim
1234 1269 1501 1322 convertit
1536 1268 1788 1323 Claudius

219 1360 283 1415 de
315 1362 549 1416 I‘ontux.
587 1361 755 1415 Paris.
793 1362 953 1424 1561,
992 1360 1065 1414 8°.
1094 1359 1229 1416 Vide
1260 1372 1313 1415 ct
1354 1362 1607 1416 Ludovici
1641 1362 1788 1415 Tho-

220 1454 443 1508 massini
498 1453 804 1508 Methodum
856 1454 1033 1508 utendi
1094 1454 1280 1523 poetis,
1322 1455 1525 1511 Gallice
1565 1456 1786 1516 editam,

220 1543 314 1597 lib.
346 1561 386 1608 ι,
422 1558 543 1613 cap.
576 1546 629 1597 2.
665 1546 831 1601 FABB.
884 1548 1108 1617 Anglice
1153 1548 1316 1598 vertit
1363 1545 1508 1601 Guil.
1566 1546 1788 1602 Bel-lter.

220 1635 449 1690 Londini
480 1638 643 1702 I557,
666 1639 741 1694 8°.
775 1639 837 1693 V.
867 1640 1264 1711 Bt't'tggetnann,
1312 1638 1465 1700 View.
1500 1648 1631 1702 etc.,
1666 1654 1787 1705 pag.

222 1726 654 1785 Ili—Italicae
700 1734 977 1786 versiones
1014 1742 1139 1786 sunt
1179 1731 1261 1787 Jo.
1310 1732 1475 1787 Maria
1534 1732 1789 1787 Luccbini

222 1820 276 1873 in
304 1835 316 1871 :
340 1820 593 1875 Orazioni
616 1825 697 1874 ed.
734 1822 909 1875 omilie
942 1824 1007 1877 de
1045 1822 1147 1879 SS.
1183 1825 1332 1880 σίου.
1364 1827 1725 1882 Cltrisostomo
1764 1842 1790 1878 e

1892 613 2029 666 male
2052 611 2333 676 tribuisse;
2363 614 2819 669 accommodatam
2850 623 2972 667 vero
3016 625 3141 668 esse
3165 624 3348 665 eorum
3380 613 3463 665 in-

1894 704 2235 771 scriptionem
2260 746 2272 759 .
2296 705 2373 755 Ad
2405 704 2752 761 adolescentes
2778 708 2841 761 de
2875 705 3147 777 gentilium
3174 704 3323 758 libris
3344 721 3463 759 cum

1892 799 2069 869 fructu
2122 797 2556 867 legendis.—At
2602 799 2829 871 bomilia:
2883 812 3077 854 nomen
3127 799 3252 853 huic
3284 798 3468 854 libello

1892 892 2180 947 convenire
2214 890 2360 945 nullo
2398 890 2553 944 modo
2585 904 2765 959 posse,
2806 908 2889 946 res
2924 894 3036 963 ipsa
3076 888 3331 959 loquitur,
3364 890 3467 947 ad-

1893 992 2113 1039 notante
2143 982 2429 1039 Garnierio
2465 984 2517 1035 in
2556 991 2666 1037 not.
2688 982 2752 1036 ad
2782 981 2930 1036 illum
2963 984 3179 1046 librum,
3202 998 3322 1054 pag.
3344 984 3464 1037 175.

1891 1104 1964 1114 ——
1992 1073 2219 1143 Copiose
2258 1075 2583 1144 pulchreque
2617 1083 2765 1127 notat
2801 1074 3113 1143 judicatque
3140 1077 3207 1131 de
3249 1074 3341 1130 illo
3370 1072 3467 1128 lib.

1895 1165 2204 1219 Schroeckh
2240 1168 2273 1219 Ι.
2312 1182 2521 1235 c.,pag.
2563 1166 2665 1221 I96
2686 1182 2804 1235 sqq.
2841 1166 3012 1220 "ARL.

1964 1256 2074 1330 [25.
2115 1257 2209 1320 Εἰς
2233 1256 2329 1327 τὴν
2355 1259 2513 1325 ἁγίαν
2533 1260 2625 1313 τοῦ
2660 1256 2895 1333 Χριστοῦ
2923 1258 3191 1329 γέννησιν.
3223 1258 3287 1313 In
3318 1273 3472 1316 nata-

1894 1351 1992 1404 lem
2018 1350 2212 1405 Christi
2242 1351 2349 1404 sit'e
2388 1350 2738 1417 TlteOpItania.
2771 1352 2960 1422 Incipit
2987 1369 3000 1405 :
3025 1350 3257 1422 Χριστοῦ
3281 1352 3473 1425 γέννηο

1898 1460 1981 1504 σις
2013 1444 2089 1513 (τι)
2120 1441 2139 1514 l

1969 1530 2057 1584 ‘26.
2080 1534 2173 1593 Et;
2200 1531 2290 1585 τὸν
2318 1532 2470 1599 ἅγιον
2496 1533 2745 1603 μάρτυρα
2767 1533 3056 1603 Μάμαντα.
3088 1534 3155 1591 In
3185 1534 3247 1591 S.
3273 1544 3477 1606 marty-

1898 1639 2006 1677 rem
2058 1622 2413 1678 Mamantem.
2464 1624 2698 1691 Incipit:
2733 1624 2846 1677 οὐκ
2895 1625 3073 1694 ἀγνοῶ
3112 1629 3172 1681 τὸ
3222 1627 3474 1700 μέγεθος.

1900 1715 2091 1789 [Garn.
2132 1715 2197 1781 II,
2223 1717 2369 1770 hom.
2401 1714 2722 1785 XXlll,pag.
2753 1716 2856 1771 I85
2884 1717 3031 1788 sqq}.
3066 1718 3303 1774 Meminit
3333 1720 3481 1775 Mar-

1900 1810 2219 1881 tyrologium
2275 1808 2575 1863 Romanum
2612 1809 2676 1863 I7
2722 1809 2970 1880 Augusti,
3004 1820 3060 1865 et
3106 1813 3157 1865 in
3203 1810 3479 1866 Paratlelis

222 1911 450 1973 Basilio,
498 1924 604 1966 etc.
655 1911 895 1972 Florent,
953 1916 1111 1984 ΠΗ,
1143 1920 1233 1983 4°;
1262 1950 1329 1960 _
1363 1920 1653 1988 separatim
1701 1919 1790 1989 (πί)
1825 1906 1864 1960 Β
1892 1902 1975 1957 Jo.
2004 1900 3080 1956 Damascenus.VerteruntVolaterranus
3097 1901 3482 1957 etCornarius.

222 2001 379 2054 Alex.
407 1999 715 2071 Sirigatto.)
736 2003 921 2057 Venet.
953 2003 1114 2065 1655,
1145 2007 1200 2058 8°
1220 2005 1383 2066 ;—ab
1412 2005 1538 2065 alio,
1572 2003 1787 2056 Brixiae.

225 2092 384 2159 1756,
416 2093 524 2154 12ο,
566 2110 674 2151 rec.
707 2094 759 2147 in
791 2094 1032 2156 Operette
1061 2096 1203 2149 varie
1238 2096 1303 2149 de
1338 2094 1599 2149 canonico
1629 2092 1792 2149 Paolo

224 2183 518 2254 Gagliardi,
554 2186 845 2239 Bresciano
881 2187 1224 2241 accademico
1256 2187 1393 2241 della
1423 2187 1625 2242 Crusca
1656 2204 1669 2239 :
1702 2188 1788 2241 ed.

225 2291 253 2330 a
288 2277 349 2332 D.
396 2276 483 2331 Jo.
544 2278 696 2347 Bapt.
736 2278 1128 2333 Cbiaratnonti.
1167 2278 1222 2333 In
1252 2279 1488 2334 Brescia.
1522 2280 1681 2343 1759,
1715 2278 1791 2332 8°.

225 2369 359 2426 Vide
417 2369 628 2426 Paitoni
684 2369 825 2426 Bibl.
877 2372 1015 2443 degli
1078 2372 1255 2425 autori
1308 2402 1377 2413 -—
1427 2370 1794 2441 oolgarizzuti,

226 2468 354 2514 tom.
375 2460 415 2527 I,
436 2477 556 2533 pag.
578 2462 679 2516 146
704 2478 787 2533 sq.
810 2462 946 2517 Add.
972 2462 1323 2531 quorumdam
1340 2462 1793 2517 codd..notitiam.

224 2550 415 2607 Exstat
446 2554 496 2606 in
548 2553 667 2606 XIX
706 2555 863 2607 codd.
897 2555 1027 2607 bibl.
1064 2552 1208 2621 publ.
1243 2553 1418 2607 Paris.
1447 2582 1517 2593 —
1546 2553 1799 2621 Augustae

226 2642 438 2699 Vindel.
486 2652 540 2698 et
591 2644 709 2697 alite
763 2644 946 2696 Basilii
995 2643 1247 2697 bomilia}.
1295 2643 1360 2696 V.
1409 2642 1618 2697 Reiseri
1678 2643 1797 2695 Cat.

224 2748 345 2806 pag.
375 2734 463 2799 47,
490 2750 547 2788 n.
583 2734 1016 2789 39.—Monachii
1056 2735 1110 2787 in
1150 2734 1268 2789 cod.
1302 2731 1493 2790 Bavar.
1517 2731 1798 2789 CXXVIII.

228 2825 291 2881 V.
317 2825 437 2881 Cat.
480 2826 633 2880 codd.
679 2822 773 2879 Cr.
811 2825 972 2891 Bau.,
1018 2841 1138 2895 pag.
1190 2825 1277 2879 54.
1309 2855 1379 2866 —
1411 2824 1709 2883 Vindobon.
1748 2826 1801 2881 in

224 2920 345 2972 cod.
383 2917 583 2972 (ἔθεον.
636 2916 773 2983 XIV,
825 2933 878 2971 n.
920 2916 945 2972 1
982 2916 1304 2971 εΒασιλείου
1351 2916 1507 2987 λόγος
1551 2919 1632 2983 εἰς
1678 2919 1803 2982 τοὺς

224 3006 375 3070 νέους
399 3023 413 3037 ⁸
441 3006 559 3070 πῶς
595 3008 660 3061 ἃν
702 3008 759 3073 ἐξ
814 3007 1138 3076 Ἑλληνικῶν
1178 3007 1465 3076 ὠφελοῖντο
1511 3008 1684 3077 λόγων
1705 3026 1719 3039 ⁸
1751 3018 1806 3064 et

226 3116 280 3155 n.
307 3099 363 3163 2,
405 3098 571 3153 Leon.
612 3100 819 3153 Aretini
849 3101 1027 3153 versio
1064 3097 1181 3151 Lat.
1212 3099 1275 3152 V.
1303 3098 1504 3153 Kollar.
1530 3098 1803 3167 Supplem.

227 3192 291 3245 ad
333 3190 522 3245 Lamb.
571 3190 804 3251 Comm.,
832 3206 883 3259 p.
938 3190 1041 3244 152
1071 3206 1152 3260 sq.
1182 3218 1251 3229 —
1277 3189 1333 3244 In
1378 3191 1500 3245 cod.
1547 3190 1803 3244 Escorial.

226 3283 291 3339 V.
330 3285 510 3340 Pluer.
537 3284 725 3339 ltiner.
769 3302 860 3353 per
890 3283 1143 3352 Hispan.,
1170 3300 1289 3356 pag.
1326 3286 1447 3340 161.
1473 3314 1543 3326 -
1574 3283 1807 3339 Venetiis

226 3379 278 3434 in
317 3379 447 3433 bibl.
485 3378 651 3432 Marc.
712 3375 923 3431 LXXV.
983 3376 1045 3429 V.
1079 3376 1200 3432 Cat.
1251 3378 1405 3431 codd.
1458 3374 1552 3430 Gr.
1611 3375 1805 3443 Nam,

223 3486 276 3542 p.
301 3470 389 3525 52.
421 3498 495 3510 ——
526 3468 658 3523 Ibid.
713 3468 766 3522 in
817 3469 947 3523 bibl.
981 3483 1110 3523 mss.
1151 3467 1396 3523 Michael.
1429 3468 1492 3523 V.
1536 3466 1803 3523 Mittarell.

224 3564 343 3616 Cat.
378 3562 519 3615 illius
546 3560 702 3624 bibI.,
735 3574 788 3630 p.
820 3560 940 3613 111.
962 3588 1031 3598 -
1062 3559 1280 3613 Taurini
1314 3560 1366 3613 in
1393 3559 1513 3613 cod.
1543 3557 1805 3623 CCCLVI,

224 3655 324 3710 sol.
361 3653 485 3707 251.
520 3654 581 3709 V.
637 3658 757 3708 Cat.
808 3654 962 3707 codd.
1014 3648 1107 3705 Gr.
1154 3651 1353 3718 Taur.,
1405 3667 1525 3722 pag.
1580 3652 1701 3706 484.
1736 3682 1808 3694 -

222 3744 510 3798 Florentia:
564 3745 615 3797 in
667 3744 796 3796 bibl.
857 3743 1047 3797 Medic.
1090 3742 1247 3797 Laur.
1272 3782 1288 3807 ,
1327 3742 1543 3812 Ὀμιλία
1576 3745 1654 3805 εἰς
1682 3744 1808 3805 τοὺς

220 3838 396 3901 νέους,
442 3839 590 3899 ὅπως
618 3838 683 3889 ἂν
732 3834 789 3899 ἐξ
832 3835 1157 3905 Ἑλληνικῶν
1196 3834 1488 3901 ὠφελοῖντο
1514 3834 1685 3902 λόγων
1712 3851 1724 3863 ·
1755 3836 1807 3887 in

221 3932 341 3984 cod.
382 3927 516 3993 VIII,
554 3944 607 3981 tt.
642 3927 730 3991 57,
778 3926 911 3995 plut.
944 3926 997 3979 4.
1034 3955 1105 3966 —
1147 3924 1315 3993 Λόγος
1357 3924 1810 3995 συμϐουλευτικὸς

220 4020 357 4090 πρὸς
390 4019 516 4081 τοὺς
566 4019 740 4081 νέους,
770 4018 918 4081 ὅπως
958 4016 1022 4070 ἂν
1062 4019 1125 4069 ἐκ
1164 4016 1269 4069 τῶν
1292 4015 1463 4085 λόγων
1496 4015 1806 4084 ὠφελοῖντο,

220 4115 277 4171 In
310 4115 431 4166 cod.
466 4108 637 4173 XXV,
681 4112 813 4179 plut.
857 4111 910 4165 4.
964 4110 1023 4165 V.
1074 4108 1194 4165 Cat.
1239 4110 1355 4162 cod.
1404 4106 1499 4163 Gr.
1542 4108 1729 4173 Laur.,
1768 4111 1806 4175 I,

222 4218 278 4272 p.
308 4202 411 4257 527
443 4213 496 4255 et
522 4202 645 4255 547.
678 4231 749 4241 -
778 4202 855 4254 Ib.
895 4202 947 4254 in
983 4203 1104 4257 cod.
1150 4200 1343 4261 XXIX.
1384 4217 1438 4255 n.
1476 4201 1529 4265 6,
1560 4202 1691 4270 plut.
1719 4203 1806 4256 58.

223 4324 295 4335 —
320 4292 376 4346 ltt
410 4294 529 4347 cod.
562 4290 676 4356 XL,
706 4309 761 4347 n.
796 4291 851 4355 2,
896 4292 1027 4360 plut.
1060 4292 1147 4351 5.),
1200 4292 1371 4359 Λόγος
1426 4294 1809 4362 παραινετικὸς

224 4388 361 4458 πρὸς
395 4386 521 4449 τοὺς
550 4386 723 4450 νέους,
778 4384 896 4447 πῶς
945 4382 1011 4436 ἂν
1049 4382 1190 4437 Ἑλλ.
1224 4384 1390 4453 ὼφελ.
1422 4383 1617 4451 λόγων.
1646 4413 1716 4423 -
1749 4386 1806 4438 In

223 4479 346 4535 cod.
381 4475 623 4540 LXXIX,
663 4492 716 4529 n.
770 4476 822 4538 2,
867 4476 995 4545 plut.
1044 4474 1129 4529 89.
1184 4474 1318 4529 Vide
1369 4472 1540 4527 Band.
1580 4476 1615 4528 I.
1643 4490 1714 4539 c.,
1742 4475 1805 4539 II,

1891 1993 2058 2045 Fsan.
2098 1992 2172 2045 Dc
2213 2002 2452 2060 tempore
2477 2008 2583 2061 quo
2615 1993 2796 2046 habita
2837 1995 2928 2059 sit,
2958 2003 3147 2048 contra
3178 1992 3475 2048 Tillemon-

1893 2086 2023 2140 tium
2055 2084 2291 2155 disputat
2311 2083 2481 2141 Garn.
2515 2086 2568 2139 in
2607 2084 2765 2150 Vita,
2802 2101 2920 2155 cap.
2953 2088 3041 2153 56,
3079 2104 3132 2156 p.
3176 2087 3279 2143 142
3303 2102 3481 2159 sq.-

1892 2181 2081 2236 Exstat
2104 2182 2154 2235 in
2191 2179 2258 2234 lV
2289 2182 2449 2237 codd.
2485 2182 2657 2239 Paris.
2688 2182 2822 2239 bibl.
2864 2183 3011 2254 publ.
3043 2213 3116 2225 —
3140 2183 3328 2241 Grece
3358 2200 3458 2255 pro

1896 2274 1995 2326 diit
2040 2288 2104 2325 ex
2135 2281 2347 2343 typogr.
2383 2273 2572 2342 Steph.
2615 2273 2958 2331 Prevosteau.
3007 2276 3182 2332 Paris.
3218 2276 3372 2342 I599,
3402 2276 3479 2332 4⁸.

1898 2362 2066 2418 Hanc.

1966 2455 2055 2510 27.
2098 2456 2255 2511 Κατὰ
2290 2458 2657 2512 Σαϐελὶιανῶν
2684 2457 2778 2512 καὶ
2832 2458 3044 2531 ’Δρείου
3068 2461 3296 2515 καὶτῶν
3337 2461 3487 2514 Ἀνο-

1903 2551 2090 2621 μοίων.
2125 2550 2323 2605 Contra
2353 2552 2705 2614 Sabellionos,
2731 2554 2915 2605 Arium
2941 2561 2990 2607 et
3032 2554 3322 2607 Anomaeos.
3346 2550 3489 2607 Inci-

1901 2644 1980 2711 pit
2028 2658 2041 2695 :
2088 2641 2338 2711 Μάχεται
2408 2641 2738 2712 Ἰουδαῖσμὸς
2806 2642 3487 2716 Ἐλληνισμῷνπωτωη

1903 2734 2085 2789 iidem.
2134 2732 2300 2789 FABR.
2343 2734 2398 2789 In
2456 2734 2704 2791 Garnier.
2758 2736 2844 2789 ed.
2896 2747 2977 2790 est
3026 2738 3245 2789 bomilia
3289 2734 3486 2798 XXIV,

1902 2840 2023 2897 pag.
2058 2825 2160 2880 I89
2185 2843 2331 2895 sqq.,
2355 2838 2408 2881 et
2432 2827 2597 2883 Garn.
2628 2828 2869 2883 adnotat.
2901 2826 2952 2882 in
2983 2826 3105 2883 cod.
3140 2825 3179 2882 II
3208 2824 3376 2896 Regio
3407 2826 3493 2879 in-

1905 2916 2159 2985 scriptam
2208 2928 2327 2970 esse
2381 2917 2564 2969 bomil.
2619 2916 2770 2971 Κατὰ
2809 2917 3096 2971 Σαδελλίου
3136 2918 3230 2972 καὶ
3272 2914 3490 2988 Ἀρεεον

1906 3009 2135 3063 καὶτῶν
2181 3009 2504 3079 ’Ᾱνομοίωψ
2552 3009 2644 3062 καὶ
2678 3010 2910 3081 ἀκριϐὴς
2950 3010 3199 3077 Θεολογία
3242 3009 3491 3079 περὶτῆς

1908 3102 2066 3171 ἁγίας
2093 3103 2425 3174 Τριάδος.-
2446 3101 2600 3157 Hom.
2628 3104 2682 3155 in
2713 3101 3056 3166 Mamantem,
3088 3113 3269 3156 contra
3307 3100 3493 3157 Sabel-

1910 3192 2079 3247 (ianos
2100 3195 2299 3247 ctaliaa
2329 3194 2558 3248 Vindob.
2603 3195 2656 3248 in
2699 3194 2817 3251 cod.
2866 3194 3002 3249 Caes.
3050 3193 3258 3258 LXVII,
3308 3210 3363 3248 n.
3392 3192 3485 3251 Si.

1911 3303 2054 3358 sqq.,
2084 3298 2139 3341 et
2191 3289 2309 3343 cod.
2360 3286 2471 3351 XC,
2503 3304 2557 3343 n.
2586 3288 2673 3344 I9.
2731 3287 2795 3343 V.
2855 3287 3104 3342 Lamber.
3138 3286 3369 3348 Canum,
3399 3284 3489 3350 III,

1910 3396 2028 3452 pag.
2050 3380 2155 3435 552
2181 3396 2323 3451 sqq.,
2350 3390 2404 3436 et
2428 3379 2536 3444 VII,
2572 3396 2693 3451 pag.
2720 3378 2843 3433 561.
2870 3408 2943 3419 -
2968 3379 3138 3433 Paris.
3167 3380 3219 3432 in
3253 3377 3301 3433 Χ
3326 3378 3488 3433 codd.

1911 3474 2040 3529 bibl.
2080 3474 2225 3544 publ.
2261 3504 2329 3514 —
2366 3472 2586 3526 Taurini
2644 3474 2697 3525 in
2747 3471 2870 3527 cod.
2913 3470 3040 3527 CLI.
3084 3470 3144 3528 V.
3178 3482 3283 3526 cat.
3319 3470 3492 3525 Codd.

1908 3565 2002 3622 Gr.
2035 3566 2223 3631 Tuum,
2262 3582 2382 3635 pag.
2406 3564 2531 3618 242.
2562 3593 2632 3604 -
2664 3562 2901 3619 Florent.
2941 3565 2991 3617 in
3022 3563 3122 3619 cod
3161 3562 3323 3616 Laur.
3352 3560 3495 3626 XXI,

1909 3674 1962 3710 n.
2008 3658 2061 3721 5,
2097 3668 2171 3722 et,
2222 3657 2407 3710 mutila
2452 3658 2502 3710 in
2554 3657 2678 3721 line,
2720 3656 2773 3711 in
2819 3657 2939 3711 cod.
2978 3653 3191 3721 XXVII,
3234 3671 3290 3708 It.
3330 3654 3384 3709 5.
3426 3650 3471 3707 ν

1910 3748 2133 3803 Bandin.
2160 3747 2277 3801 Cat.
2304 3748 2459 3801 codd.
2494 3747 2653 3800 Laur.
2693 3745 2810 3812 Gr.,
2850 3746 2913 3814 II,
2944 3761 2998 3817 p.
3036 3745 3139 3801 544
3174 3757 3228 3800 et
3262 3746 3385 3801 551.

1981 3838 2239 3892 Homilias
2262 3838 2446 3893 Basilii
2482 3838 2684 3893 Gallice
2714 3839 2897 3904 vertit,
2926 3839 3125 3893 additis
3164 3837 3361 3892 Asterii
3399 3836 3498 3889 hoc

1912 3932 2097 3992 miliis,
2150 3929 2426 3984 Francisc.
2466 3930 2865 3999 Bellegardeus,
2921 3928 3093 3983 Paris.
3128 3927 3285 3992 1695,
3318 3925 3393 3981 8⁹.
3424 3953 3498 3968 -

1912 4020 2113 4077 Ontelie
2146 4021 2303 4075 scelte
2328 4022 2384 4073 di
2416 4020 2615 4074 Basilio
2651 4020 2727 4074 Μ.
2766 4036 2830 4076 ex
2893 4020 3071 4090 lingua
3106 4019 3199 4075 Gr.
3228 4032 3396 4073 versae
3429 4020 3500 4073 ab

1911 4114 2111 4184 Angelo
2141 4111 2305 4165 Maria
2335 4104 2505 4165 Ricci.
2534 4108 2771 4165 Florent.
2803 4108 2961 4173 I695,
2981 4107 3055 4161 4⁸.
3082 4136 3153 4147 -
3178 4106 3226 4162 X
3258 4105 3495 4162 oration.

1912 4207 2185 4258 variorum
2219 4205 2398 4258 ltalice
2450 4218 2619 4258 versa:
2650 4203 2717 4256 ab
2760 4202 2845 4258 Jo.
2877 4205 3006 4257 Ant.
3057 4201 3271 4254 Deluca.
3304 4197 3495 4253 Venet.

1912 4294 2070 4354 1760,
2105 4296 2180 4350 8⁸.
2216 4295 2274 4347 V.
2322 4293 2476 4363 plura
2506 4294 2559 4347 in
2596 4293 2806 4346 Paiton.
2854 4291 2993 4344 Bibl.
3031 4292 3167 4359 dein
3222 4290 3399 4344 autori
3427 4318 3501 4331 —

1912 4387 2280 4456 oolgafizzati,
2315 4385 2357 4449 l,
2413 4400 2537 4456 pag.
2580 4384 2683 4439 144
2719 4398 2840 4453 sqq.
2873 4414 2935 4424 —
2976 4383 3033 4437 In
3074 4382 3341 4437 Slavicam
3393 4382 3498 4437 lin-

1913 4493 2069 4547 guam
2113 4492 2375 4532 conversa
2415 4488 2497 4532 est
2554 4476 2736 4532 Basilii
2768 4475 2838 4531 Μ.
2880 4475 3153 4530 Institutio
3188 4482 3257 4531 ad
3308 4477 3499 4530 adole-

222 4586 346 4639 pag.
394 4570 518 4632 472,
573 4568 698 4631 571,
736 4565 823 4628 111,
874 4582 927 4635 p.
973 4566 1098 4619 416.
1133 4595 1201 4605 -
1236 4565 1413 4619 Leida:
1464 4567 1606 4620 inter
1645 4568 1798 4621 codd.

1909 4578 2127 4634 scentes,
2160 4578 2214 4622 et
2238 4568 2475 4622 adhaeret
2504 4569 2652 4636 operi
2695 4566 2908 4621 Slavico
2936 4565 3233 4622 :Bet-Itwar
3260 4564 3503 4632 Mosquze

223 4663 472 4717 Vossian.
507 4662 568 4715 V.
616 4660 791 4715 Cutal.
827 4660 952 4713 bibl.
986 4659 1127 4727 publ.
1177 4658 1349 4720 Leid.,
1392 4674 1444 4727 p.
1477 4658 1603 4720 598.
1634 4676 1689 4717 n.
1712 4659 1796 4713 65.

223 4756 609 4825 lnscriptiones
640 4756 782 4809 enim
815 4754 866 4807 in
905 4753 1057 4807 libris
1100 4762 1204 4805 tam
1239 4750 1461 4815 Graecis,
1488 4766 1646 4819 quam
1671 4751 1805 4805 Are-

226 4847 324 4900 tini
350 4861 491 4900 vers.
519 4844 727 4899 Latinis
750 4844 884 4897 mire
914 4844 1143 4907 variare,
1181 4838 1597 4909 aliquotiesjam
1622 4841 1808 4895 obser~

226 4938 518 4998 vavimus;
552 4944 709 5001 atque
745 4934 990 4989 Menken.
1023 4932 1055 4985 l.
1093 4948 1165 4996 c.,
1203 4947 1325 5001 pag.
1366 4930 1488 4996 145,
1516 4945 1582 4985 ex
1625 4930 1803 4984 Meliu-

224 5031 309 5085 sio
326 5028 502 5082 varias
524 5026 644 5079 libri
667 5026 717 5078 in
739 5026 893 5080 codd.
915 5023 1506 5092 inscriptiones,relert,
1528 5033 1809 5092 notatqne,

224 5131 503 5175 auctorem
552 5118 781 5185 Operis:
830 5116 1105 5169 Memoires
1162 5131 1294 5183 pour
1342 5116 1505 5168 servir
1559 5115 1591 5168 ὰ
1645 5114 1805 5169 l’hist.

224 5218 315 5267 des
339 5215 570 5266 homines
611 5209 687 5261 ill.
713 5211 847 5262 dans
885 5208 936 5260 la
978 5211 1085 5276 rep.
1118 5210 1207 5261 des
1250 5208 1442 5269 lettres,
1476 5216 1604 5261 tom.
1636 5205 1822 5283 XXV”

226 5320 351 5375 pag.
391 5302 519 5362 287,
557 5302 872 5355 diversitate
925 5300 1012 5353 illa
1065 5300 1474 5367 inscriptionum
1503 5300 1808 5367 deceptum,

226 5392 456 5446 Aretino
491 5390 735 5444 diversas
764 5390 901 5443 duas
940 5388 1318 5457 opusculorum
1342 5388 1521 5441 Basilii
1550 5390 1812 5455 interpre-

230 5483 483 5548 tationes,
519 5482 745 5536 alteram
771 5479 849 5534 De
878 5478 1177 5533 liberalibus
1211 5488 1258 5531 et
1305 5479 1544 5549 ingenuis
1580 5481 1811 5533 moribus

304 5659 377 5731 (a)
418 5658 569 5731 Hanc
614 5658 892 5731 bomiliaﬁm
948 5656 1323 5731 Tillemontius
1366 5657 1477 5727 jam
1528 5657 1580 5711 in
1630 5658 1806 5731 dubiis

227 5722 427 5815 posuit,
452 5746 515 5785 ac
535 5730 786 5815 Garnier.
825 5730 876 5782 in
912 5727 1158 5815 prati”;
1190 5722 1395 5815 V,ipa‘g'.
1422 5743 1637 5815 xvs‘qq.
1673 5730 1808 5815 mul-

230 5798 301 5855 tis
323 5802 655 5871 argumentis
691 5800 807 5867 ejus
850 5798 1060 5851 νοθείαν
1088 5798 1703 5871 cutura,Cnntbelisium
1752 5810 1806 5853 et

233 5872 314 5926 Du
365 5868 462 5926 Pin
532 5870 905 5925 demonstrare
977 5870 1200 5924 studuit.
1252 5868 1385 5923 llinc
1428 5884 1545 5923 eam
1612 5871 1659 5923 in
1711 5887 1775 5936 ap

1899 4676 1931 4713 a
1975 4661 2155 4715 mundi
2188 4658 2319 4723 (66',
2353 4660 2416 4713 A.
2450 4658 2577 4713 Chr.
2612 4656 2772 4727 ,αψα’,
2803 4656 2880 4711 4⁸.
2920 4656 3018 4710 Des
3070 4655 3500 4709 Kircltenleltrers

1903 4751 2133 4805 Basilius
2167 4751 2446 4821 Predigten
2473 4752 2579 4804 und
2628 4750 2901 4805 sticntliclte
2930 4749 3220 4816 Schriften,
3262 4763 3357 4801 aus
3380 4747 3499 4801 dem

1906 4842 2115 4898 Grieclt.
2162 4844 2420 4897 iibersetzt
2455 4860 2553 4897 oon
2592 4842 2703 4898 los.
2732 4860 2783 4896 υ.
2817 4840 3059 4895 chdel.
3090 4838 3131 4895 I.
3160 4868 3231 4880 —
3262 4838 3327 4894 VI
3364 4850 3500 4893 tom.

1911 4932 2207 4987 Vindobon.
2246 4932 2575 4997 1776-1778,
2619 4932 2703 4986 8°.

1985 5023 2084 5079 Hic
2119 5024 2371 5079 desinunt
2431 5023 2689 5086 homiliaa.
2722 5032 2776 5077 et
2829 5033 3129 5092 sequuntur
3173 5023 3409 5077 Ascetica
3441 5023 3497 5078 in

1914 5114 2044 5169 edit.
2078 5116 2326 5171 Garnier.
2373 5116 2431 5171 In
2482 5125 2592 5171 vet.
2623 5116 2707 5169 ed.
2744 5114 2867 5169 Par.
2915 5126 2969 5169 et
2994 5116 3169 5170 indice
3208 5114 3369 5170 Fabr.
3395 5118 3497 5169 ad-

1914 5204 2020 5259 huc
2066 5208 2431 5276 sequebantur
2479 5224 2536 5261 n.
2580 5207 2674 5274 28,
2708 5206 2783 5261 De
2816 5207 3157 5276 poenitentia;
3189 5223 3243 5260 n.
3281 5206 3374 5271 29,
3412 5205 3499 5259 Ad

1912 5313 2019 5362 eos,
2048 5300 2137 5367 qui
2176 5316 2267 5353 nos
2296 5301 2710 5363 calumniantur,
2749 5308 2886 5365 etc.;
2923 5316 2975 5353 η.
3011 5299 3099 5363 50,
3142 5298 3219 5354 De
3244 5298 3500 5367 paradiso

1915 5389 2001 5458 (de
2031 5406 2136 5460 qua
2192 5391 2409 5446 bomilia
2458 5392 2573 5461 jam
2625 5408 2785 5461 supra
2826 5394 2890 5445 ad
2937 5391 3033 5447 n.l
3071 5394 3214 5445 hom.
3251 5390 3497 5460 quadam

1913 5494 2038 5538 sunt
2069 5486 2366 5556 adnotata),
2398 5496 2451 5540 ct
2479 5503 2535 5539 n.
2557 5485 2646 5551 51,
2675 5485 2749 5540 De
2777 5485 2937 5539 libero
2959 5485 3202 5539 arbitrio.
3236 5484 3309 5538 De
3334 5482 3496 5551 n.28,

1914 5661 2162 5730 pendice,
2185 5677 2305 5731 pag.
2340 5663 2445 5718 595
2498 5679 2617 5733 sqq.
2652 5664 2790 5718 inter
2817 5665 3008 5719 dubias
3042 5664 3357 5733 spuriasqne
3388 5663 3497 5721 ho-

1915 5732 2093 5786 tuilias
2146 5736 2403 5799 reposuit,
2441 5746 2494 5787 ct
2525 5732 2642 5798 nos,
2696 5752 2817 5789 cum
2876 5740 2926 5787 in
2985 5732 3174 5789 ordine
3224 5732 3493 5790 librorum

1914 5801 2077 5857 Basil.
2110 5805 2300 5869 secuti,
2330 5820 2428 5859 suo
2466 5806 2579 5859 loco
2627 5805 2780 5875 plura
2822 5807 3082 5861 dit‘cnlIIS.
3112 5805 3280 5860 IIARL.
