4040 6470
536 436 675 481 ατιι

1872 413 2402 473 PBOLEGOMENA.

530 532 603 587 29
631 541 686 586 et
722 532 811 595 51,
841 530 977 585 inita
1014 531 1065 587 in
1119 530 1345 603 append.
1382 531 1468 587 ad.
1509 529 1678 591 ϐαι-η.
1708 540 1842 587 tom.
1891 531 1935 587 Il
1966 544 2092 599 age-
2123 532 2169 590 Δ
2198 543 2257 585 re
2300 530 2513 595 studet,
2548 538 2899 604 utrarumque
2950 533 3288 603 regularum,
3322 541 3430 591 tam
3465 533 3772 597 breviorem

530 637 673 677 mus.
700 620 828 689 Quae
864 637 990 677 vero
1028 619 1243 678 Fabric.
1271 623 1337 679 de
1363 640 1416 677 n.
1442 622 1511 678 30
1542 625 1853 694 scripserat,
1885 623 1974 678 hic
2014 637 2104 676 re-

530 724 793 783 petemus.
825 712 995 768 ΗΑιιι..

601 802 693 861 30.
731 804 825 868 Εἰς
854 804 945 859 τὸν
972 804 1315 876 παράδεισον.
1362 805 1434 859 De
1463 808 1729 875 paradiso.
1763 804 1845 859 At]
1878 805 2010 862 Gen.
2040 820 2102 871 II,

532 895 586 952 8.
645 896 876 967 Incipit:
915 898 1214 970 Νοήσωμεν
1252 898 1409 965 ἀξίαν
1449 900 1584 954 Θεοῦ
1628 896 1871 971 φυτείαν.
1935 898 2105 954 Vertit

531 981 851 1043 Carnarius.
884 988 1220 1043 llecensitam
1250 1004 1277 1041 a
1302 1005 1359 1044 se
1388 1000 1442 1044 et
1483 994 1532 1043 in
1582 990 1753 1056 capita
1793 987 2101 1041 distinctam

535 1078 751 1132 exhibet
785 1095 905 1133 cum
953 1082 1198 1135 versione
1244 1096 1340 1135 sua
1379 1083 1567 1136 Franc.
1608 1077 1965 1133 Combel‘teins
2002 1078 2105 1131 Ba-

534 1170 639 1221 silii
694 1170 775 1223 sui
831 1180 959 1224 tom.
1004 1170 1043 1233 l,
1077 1185 1199 1240 pag.
1232 1172 1357 1233 525,
1399 1171 1543 1223 velut
1576 1181 1903 1241 postremam
1935 1168 2106 1225 homi-

535 1259 726 1314 liarum
756 1264 809 1315 in
839 1262 1216 1317 Hexaemeron.
1252 1262 1517 1317 Ilactenus
1547 1261 1843 1317 Fabricius.

607 1350 746 1425 [IX]
794 1353 1122 1425 ’Δσκητικὰ,
1149 1353 1405 1419 Ascetica,
1437 1354 1595 1409 ubii.
1629 1352 1987 1423 Προδια).αλία
2013 1354 2105 1407 καὶ

532 1442 824 1511 διάγνωσις
848 1444 958 1500 τῶν
995 1445 1307 1516 ἀσκητικῶν
1329 1444 1728 1499 ὕποτυπώσεων
1765 1446 1861 1514 (tt).
1900 1444 2103 1501 Prcoia

535 1535 787 1590 allocutio
841 1553 903 1590 ac
964 1538 1201 1606 dignatio
1256 1539 1596 1592 asceticarum
1666 1536 2104 1605 informationum

539 1626 737 1699 (Garri.
780 1627 845 1690 ll,
897 1644 1017 1700 pag.
1053 1629 1206 1701 I99],
1254 1629 1368 1683 sive
1417 1628 1695 1698 Prologus,
1753 1630 1842 1698 qui
1888 1630 2101 1709 incipit,

534 1719 766 1788 Μεγάλα
799 1721 897 1793 μὲν
947 1721 1040 1776 τοῦ
1083 1720 1375 1786 Βασιλέως,
1412 1736 1531 1792 pag.
1567 1720 1693 1776 228.
1726 1721 1914 1777 Exstat
1941 1724 2103 1777 etiam

539 1812 593 1867 in
612 1810 814 1868 Latinis
834 1813 1154 1881 quibusdam
1178 1813 1540 1885 Chrysostomi
1564 1815 1909 1870 editionibus.
1936 1814 2099 1873 Fus.

538 1904 784 1960 Garnier.
816 1902 961 1957 dedit
995 1904 1394 1973 inscriptionem
1430 1923 1442 1958 :
1484 1904 1779 1977 Ἀσκητικὴ
1815 1907 2107 1978 προδιατύ-

537 2017 733 2063 πωσις,
760 2000 950 2065 prwttia
972 1999 1227 2054 institutio
1253 2000 1494 2063 ascetica,
1517 2010 1573 2055 et
1598 2000 1651 2055 in
1682 2011 1802 2056 nota
1833 2004 2103 2068 observat,

536 2093 592 2145 in
618 2093 783 2160 Regio
802 2092 923 2146 cod.
946 2093 1123 2160 primo
1148 2093 1271 2161 legi,
1303 2091 1653 2162 προδιαλαλία
1686 2094 1780 2147 καὶ
1814 2094 2109 2163 προδιήγηο

539 2201 624 2250 at;
668 2184 780 2239 τῶν
821 2184 1130 2256 ὰσκητικῶν
1167 2182 1583 2248 ὑποτυπώσεων,
1614 2184 1991 2239 Cmnbelisium
2015 2200 2108 2237 au-

542 2288 644 2332 tem
680 2278 909 2332 nominis
932 2276 1280 2332 similitudine
1306 2276 1588 2348 deceptum
1624 2276 1815 2347 legisse
1845 2292 1951 2330 non
1975 2294 2109 2348 προ-

536 2370 805 2441 διήγησις,
834 2369 926 2423 sed
962 2366 1382 2439 προδιάγνωσις,
1410 2369 1603 2430 prtcvia
1630 2370 1836 2422 notitia.
1873 2369 2108 2436 Denique

538 2463 607 2517 ab
640 2462 795 2516 initio
817 2458 1067 2515 Garuier.
1105 2474 1210 2514 non
1252 2458 1400 2513 dedit
1427 2473 1549 2511 cum
1581 2467 1808 2526 utraque
1838 2457 1925 2512 ed.
1955 2457 2090 2512 Pari-

538 2555 700 2609 siensi
741 2572 755 2607 :
782 2552 1010 2620 Μεγάλα
1043 2552 1140 2622 μὲν
1170 2549 1265 2606 τοῦ
1289 2549 1580 2615 Basilicas,
1607 2551 1698 2605 sed
1727 2565 1847 2605 cum
1882 2549 1968 2606 ed.
2002 2547 2107 2604 Ve—

537 2655 684 2710 neta,
712 2654 939 2712 utroque
974 2642 1248 2697 combells.
1281 2650 1335 2696 et
1360 2642 1481 2697 cod.
1537 2641 1702 2712 Regio
1734 2642 1923 2708 tertio,
1966 2640 2107 2696 καλὰ

543 2737 642 2810 μὶν
670 2737 765 2793 τοῦ
795 2737 930 2793 Bac.
955 2766 1025 2777 -
1051 2734 1158 2791 Sed
1186 2736 1252 2789 de
1288 2735 1573 2798 Asccticis,
1610 2749 1738 2786 num
1768 2745 1823 2788 et
1862 2750 2106 2803 quaenam

542 2831 754 2885 illorum
783 2841 910 2886 sunt
946 2829 1196 2900 genuina,
1236 2841 1480 2897 quamam
1517 2826 1623 2880 sint
1650 2826 1829 2895 spuria
1857 2826 2105 2889 dubiave,

541 2935 731 2991 magna
758 2920 824 2974 lis
853 2930 972 2974 orta
998 2929 1084 2975 est
1114 2921 1255 2975 inter
1278 2919 1389 2974 VV.
1420 2918 1551 2981 ου..
1576 2927 1630 2973 et
1652 2917 1741 2971 alii
1773 2918 1824 2971 in
1855 2916 1958 2971 alia
1987 2930 2105 2970 om-

539 3012 627 3067 nla
684 3020 979 3067 transeunt.
1017 3012 1289 3083 Praecipue
1336 3012 1691 3067 Bellarminus
1745 3010 1963 3082 aliique,
2016 3009 2107 3080 qui

538 3107 783 3160 eamdem
834 3107 1153 3174 prolltentur
1207 3105 1549 3168 doctrinam,
1585 3112 1817 3175 negant,
1864 3101 2107 3158 Ascetica

2204 638 2363 693 quam
2388 623 2707 694 longiorum,
2738 639 2902 680 unum
2926 639 3045 680 esse
3084 631 3441 700 eumdemque
3468 637 3768 689 auctorem.

2202 716 2399 771 Contra
2428 717 2480 771 in
2525 717 2707 785 quinta
2763 729 2913 786 parte
2955 727 3132 787 negat,
3184 732 3440 791 utrasque
3474 720 3686 790 regulas
3718 734 3777 779 et

2203 808 2615 862 constitutiones
2642 811 2968 865 monasticas
2991 810 3080 864 uni
3102 809 3387 882 eidemque
3418 814 3622 870 auctori
3650 829 3774 869 esse

2205 902 2534 956 tribuendas.
2563 899 2619 953 In
2659 910 2810 955 sexta
2838 913 2990 971 parte
3032 917 3216 958 eorum
3257 906 3474 974 adoptat
3510 914 3774 972 ornatque

2198 991 2597 1062 judieintn,qni
2645 1001 2898 1057 censent,
2942 994 3197 1049 Basilium
3247 1008 3367 1049 esse
3421 1010 3774 1064 utrarumque

2206 1084 2511 1152 regularum
2538 1093 2835 1140 auctorem.
2864 1082 2921 1137 Itt
2958 1089 3181 1156 septima
3218 1096 3368 1155 parte
3421 1092 3671 1146 videntur
3697 1089 3773 1142 illi

2204 1177 2610 1232 constitutiones
2646 1179 2954 1233 monasticae
2994 1179 3253 1233 Eustathii
3290 1177 3571 1235 Sebasteni
3612 1197 3769 1254 opus.

2203 1269 2260 1323 In
2292 1280 2511 1334 octava,
2538 1269 2775 1339 cpitimia
2824 1272 3154 1339 adiungenda
3188 1284 3306 1325 esse
3336 1273 3532 1338 spnriis
3559 1274 3772 1342 probat.

2204 1360 2443 1429 Denique
2480 1362 2530 1413 in
2565 1375 2702 1414 nona
2735 1372 2885 1431 parte
2934 1364 3306 1430 expenduntur
3338 1361 3445 1415 duo
3490 1364 3773 1432 opuscula,

2201 1468 2319 1521 quae
2347 1452 2702 1508 Combelisius
2734 1454 2784 1507 in
2811 1468 2908 1509 suo
2946 1454 3147 1508 Basilio
3210 1457 3464 1510 rccencito
3527 1468 3624 1521 pro
3678 1471 3778 1510 no-

2205 1546 2286 1601 vis
2333 1561 2398 1601 ac
2447 1547 2695 1618 genuinis
2739 1547 2925 1609 edidit,
2963 1560 3136 1612 eaque
3174 1546 3228 1600 in
3277 1545 3475 1613 spnriis
3507 1556 3773 1602 numerat.

2206 1636 2311 1693 Sed
2329 1638 2635 1692 ulteriorem
2667 1653 2854 1691 eorum
2894 1650 3012 1703 qure
3043 1633 3212 1690 Garn.
3244 1637 3530 1705 diligenter
3561 1639 3778 1708 collegit

2204 1739 2260 1784 et
2302 1730 2539 1796 scripsit,
2586 1729 3154 1783 eomtnentnratiOnem
3213 1729 3460 1796 prohibet
3512 1728 3778 1783 institutio

2209 1823 2364 1877 ratio.
2388 1822 2525 1875 Add.
2552 1821 2806 1876 Roessler
2834 1818 3143 1887 Bibliotnelt,
3183 1831 3313 1886 etc.,
3343 1830 3483 1891 part.
3516 1835 3600 1887 ιιι,
3630 1835 3684 1892 p.
3704 1821 3779 1877 89

2207 1928 2327 1984 sqq.

2274 2004 2342 2060 Β.
2369 2002 2558 2058 Basilii
2588 2032 2659 2044 —
2694 2020 2850 2072 opera
2877 2004 3137 2077 quadam,
3169 2006 3287 2059 scil.
3332 2014 3592 2060 tractatus
3632 2002 3781 2059 Ethi.

2207 2115 2389 2155 corum
2419 2116 2434 2163 ;
2461 2098 2706 2153 Ascetica
2732 2115 2748 2163 ;
2785 2098 2861 2152 De
2891 2099 3186 2165 virginitate
3214 2097 3488 2166 (adjuncto
3527 2111 3778 2152 sermone

2207 2189 2284 2244 De
2322 2188 2635 2260 paradiso);
2674 2202 2853 2244 contra
2904 2186 3219 2239 Eunumium
3274 2186 3515 2252 (additur
3566 2186 3618 2237 in
3672 2185 3779 2238 line

2207 2281 2407 2352 aliquid
2439 2293 2627 2336 contra
2686 2278 3077 2346 Sabellianos);
3112 2291 3386 2330 sermones
3434 2284 3487 2330 et
3538 2274 3779 2344 cpistola:

2207 2374 2493 2428 nonnullae.
2529 2374 2756 2428 GriPCﬂ:
2801 2384 2918 2440 qtae
2963 2369 3142 2422 omnia
3196 2380 3339 2421 nunc
3390 2366 3619 2434 primttm
3678 2364 3779 2418 im-

2205 2480 2389 2536 pressa
2426 2476 2550 2517 sunt
2597 2478 2690 2531 per
2719 2463 3051 2529 Stephanum
3079 2463 3146 2514 de
3176 2459 3358 2516 Sabio.
3400 2458 3585 2514 Venet.
3615 2458 3777 2521 I535,

2208 2557 2307 2612 sol.
2346 2554 2405 2611 V.
2457 2554 2720 2610 IIaitIaire
2758 2554 2823 2607 Δ.
2863 2552 2948 2619 Τ.,
2996 2551 3060 2619 Il,
3092 2569 3143 2623 p.
3183 2551 3288 2608 8I9
3328 2551 3553 2620 sq..qui
3604 2551 3778 2604 locum

2208 2664 2275 2704 ex
2302 2647 2635 2704 dedicatione
2683 2647 2904 2703 editoris
2958 2646 3010 2701 in
3044 2657 3171 2701 nota
3198 2645 3228 2697 ι
3261 2650 3570 2711 excerptum
3605 2640 3784 2696 reddi-

2212 2740 2311 2795 dit.

2278 2830 2334 2883 In
2365 2829 2578 2897 Iosephi
2623 2828 2803 2882 Maria:
2835 2826 3107 2882 Thomasii
3160 2841 3323 2897 opere
3352 2845 3365 2880 :
3406 2824 3780 2880 lnstitutiones

2208 2920 2506 2990 theologiam
2542 2921 2875 2989 antiquorum
2933 2917 3184 2983 Patrum,
3234 2929 3343 2974 etc.
3394 2918 3576 2973 Itonia:
3622 2916 3781 2978 I709.

2210 3014 2367 3076 1710.
2397 3012 2553 3067 ΠΙΞ.
2583 3012 2647 3067 Ill
2675 3012 2799 3068 voll.
2823 3011 2876 3066 8.
2906 3011 3045 3067 Sunt
3078 3011 3130 3065 in
3161 3011 3272 3066 vol.
3313 3012 3550 3066 secundo
3586 3008 3780 3064 Basilii

2209 3104 2279 3160 M.
2322 3105 2592 3170 Ascetica,
2635 3105 2769 3159 liber
2820 3103 2897 3158 De
2921 3104 3127 3174 judicio
3180 3105 3295 3168 Dei,
3332 3103 3409 3157 De
3434 3119 3552 3157 rem
3590 3117 3652 3155 ac
3693 3102 3781 3169 pia

541 3196 810 3268 pertinere
846 3197 911 3252 ad
950 3194 1200 3252 Basiliam
1237 3194 1308 3249 Μ.
1344 3196 1491 3263 quod
1526 3197 1613 3249 hic
1644 3195 1959 3249 traditiones
2004 3196 2106 3248 bu-
2134 3214 2178 3276 α
2208 3196 2332 3263 ﬁde,
2366 3211 2463 3250 nec
2498 3211 2599 3249 non
2626 3196 2743 3265 ejus
2780 3194 2994 3248 Moralia
3022 3193 3117 3248 Gr.
3142 3203 3195 3248 et
3230 3193 3348 3246 Lat.

543 3305 733 3345 manas
782 3287 1027 3360 projiciat
1062 3299 1161 3340 nec
1206 3283 1564 3339 admittendas
1607 3283 1789 3338 ducat.
1822 3283 2107 3338 Enimvero

540 3381 813 3447 Oudinus,
863 3394 983 3448 pag.
1036 3377 1141 3433 565
1190 3392 1332 3447 sqq.,
1377 3375 1468 3431 ubi
1512 3372 1713 3430 multus
1752 3382 1836 3430 est
1884 3374 1949 3430 de
2002 3374 2108 3429 illis

538 3470 798 3527 Asceticis
827 3471 1021 3539 illaque
1054 3471 1420 3525 controversia
1439 3510 1455 3535 ,
1486 3471 1732 3525 Ascetica
1763 3485 1855 3524 seu
1885 3468 2107 3523 moralia

537 3562 779 3630 iudicat,
814 3560 1102 3632 genuinum
1151 3574 1270 3613 esse
1328 3570 1491 3629 atque
1543 3561 1702 3612 etiam
1750 3559 2107 3614 indubitatum

544 3654 723 3709 Basilii
763 3654 947 3709 letum.
987 3651 1095 3707 Nec
1138 3660 1312 3705 tamen
1336 3651 1512 3702 omnia
1545 3664 1664 3718 qua:
1697 3650 1853 3703 hodie
1894 3651 2108 3704 Asccti-

543 3762 728 3803 corum
761 3747 977 3800 nomine
1014 3742 1393 3815 comprehendi
1433 3742 1630 3806 solent,
1659 3741 1785 3797 olim
1816 3743 1870 3794 in
1903 3740 2109 3795 Asceti-

542 3838 622 3890 cis
646 3835 1259 3905 comprehendebantur.
1288 3834 1460 3889 Photii
1478 3833 1691 3903 quidem
1716 3841 1875 3889 aetate
1891 3832 1965 3905 (ν.
1986 3832 2105 3888 cod.

538 3929 683 3996 eset)
714 3927 895 3981 Basilii
922 3945 1055 3997 opus
1089 3930 1409 3998 Ἀσκητικόν
1446 3932 1578 3985 duos
1604 3929 1679 3984 De
1713 3928 1919 3999 jejunio
1949 3944 2013 3983 ac
2035 3927 2111 3983 De

540 4019 895 4089 ﬁde‘ibellos,
928 4020 1145 4075 Moralia
1176 4029 1229 4075 et
1272 4019 1504 4089 Regulos
1552 4029 1662 4073 tum
1703 4020 1951 4087 majores,
1998 4030 2109 4074 tum

542 4111 777 4166 minores
793 4111 1004 4181 proprie
1022 4110 1499 4179 complectebatur.
1526 4110 1584 4164 V.
1605 4108 1858 4164 Garnier.
1888 4111 1940 4162 in
1973 4123 2111 4177 prte-

543 4208 710 4263 misso
760 4205 994 4274 Nonito,
1034 4222 1153 4278 pag.
1190 4204 1293 4262 I98
1332 4205 1386 4260 in
1435 4206 1621 4277 primis
1661 4206 1714 4259 in
1762 4202 1976 4275 Prtel'.§
2013 4203 2106 4268 Xl,

544 4314 667 4370 pag.
701 4315 889 4363 ιςιιν,
917 4315 1037 4370 sqq.
1085 4298 1285 4353 Dividit
1308 4297 1455 4353 illum
1495 4297 1888 4368 paragraphum
1922 4294 1973 4349 in
2005 4309 2110 4350 no-

544 4403 664 4444 vem
698 4400 879 4459 partes
901 4402 955 4442 et
998 4397 1076 4444 tot
1106 4390 1267 4458 igitur
1323 4389 1664 4458 quaestiones,
1693 4388 1745 4443 in
1792 4386 1988 4457 quibus
2026 4386 2110 4442 di-

544 4493 700 4534 versa
732 4480 999 4533 variorum
1057 4481 1365 4534 testimonia
1398 4490 1454 4536 et
1491 4482 1693 4551 judicia
1725 4480 1948 4537 collecta
1983 4485 2111 4534 sunt

2280 3286 2335 3339 In
2366 3286 2522 3341 codd.
2562 3295 2688 3340 sunt
2735 3285 2893 3338 modo
2940 3283 3141 3350 plures,
3172 3284 3332 3335 modo
3382 3280 3667 3348 pauciores
3691 3292 3783 3335 aut

2207 3378 2426 3448 singulm
2456 3388 2655 3446 partes.
2686 3376 2777 3431 Sic
2802 3376 2855 3430 in
2895 3375 3051 3431 codd.
3086 3372 3242 3439 LXII,
3277 3372 3461 3440 LXIII,
3488 3372 3648 3430 LXIV
3673 3371 3780 3428 Ve-

2209 3481 2319 3527 net.
2359 3470 2490 3525 bibl.
2533 3470 2696 3525 IIarci
2754 3479 2879 3524 sunt
2926 3469 3171 3525 Ascetica
3211 3487 3226 3534 ;
3270 3484 3516 3539 quamam
3568 3469 3780 3522 illorum

2209 3573 2390 3633 partes
2420 3564 2472 3617 in
2520 3562 2745 3634 singulis
2794 3563 2958 3618 insint
3007 3562 3163 3617 codd.
3211 3575 3504 3631 cognosces
3552 3576 3619 3615 ex
3662 3558 3779 3615 Cat.

2208 3652 2361 3706 codd.
2396 3651 2491 3707 Gr.
2527 3652 2721 3712 llam,
2744 3667 2865 3720 pag.
2898 3652 2969 3705 15
2998 3667 3081 3719 sq.
3111 3680 3183 3691 —
3210 3648 3494 3703 Florentiae
3547 3649 3601 3702 iu
3648 3650 3779 3703 bibl.

2208 3741 2369 3797 Laur.
2390 3743 2441 3796 in
2466 3742 2587 3797 eod.
2617 3740 2985 3806 XXII,‘26-28,
3015 3740 3148 3809 plut.
3177 3742 3231 3803 5,
3257 3740 3501 3809 quaedam
3527 3738 3778 3809 (Bandin.

2209 3834 2328 3891 Cat.
2359 3834 2513 3888 codd.
2541 3832 2635 3888 Gr.
2670 3831 2857 3896 Laur.,
2893 3832 2935 3895 I,
2970 3847 3091 3902 pag.
3118 3830 3230 3901 47).
3265 3860 3335 3871 -
3364 3830 3421 3885 In
3448 3830 3607 3886 codd.
3638 3830 3781 3893 XVI,

2210 3946 2267 3986 n.
2303 3930 2370 3986 15
2398 3928 2473 3983 De
2519 3930 2744 3983 ascetica
2788 3926 3091 3995 disciplina,
3120 3928 3379 3999 quomodo
3411 3935 3646 3995 oporteat
3693 3939 3783 3979 or-

2213 4023 2331 4075 nari
2355 4022 2665 4075 monachum
2683 4036 2702 4085 ;
2723 4028 2778 4076 et
2807 4036 2861 4073 n.
2886 4018 2974 4085 I5,
2999 4019 3266 4089 Excerpta
3293 4032 3355 4072 ex
3394 4017 3684 4081 Asceticis,
3715 4032 3784 4073 ex

2210 4126 2363 4181 capp.
2395 4112 2446 4174 1.
2475 4112 2565 4176 I9,
2592 4110 2693 4166 146
2722 4120 2773 4166 et
2802 4109 2927 4166 506.
2960 4140 3029 4153 —
3064 4108 3120 4165 In
3156 4111 3276 4166 cod.
3313 4108 3433 4177 XX,
3460 4126 3513 4163 ιι.
3556 4110 3610 4173 7,
3645 4110 3779 4179 plut.

2210 4202 2265 4264 9,
2300 4218 2366 4257 ex
2421 4202 2461 4257 ll
2511 4205 2848 4259 sermonibus
2885 4203 2961 4259 De
3012 4204 3150 4272 ﬁde;
3196 4203 3288 4259 sed
3342 4213 3565 4271 uterque
3603 4217 3785 4256 sermo

2208 4294 2375 4348 multo
2401 4293 2614 4348 brevior
2640 4304 2745 4359 est,
2779 4312 2941 4365 quam
2974 4298 3026 4351 in
3053 4298 3138 4351 ed.
3165 4296 3336 4351 Paris.
3358 4313 3372 4361 ;
3396 4303 3506 4350 tum
3527 4295 3644 4348 alite
3666 4309 3783 4362 par-

2211 4393 2289 4440 tes
2316 4401 2369 4438 n.
2394 4383 2609 4451 8—H,
2638 4384 2700 4439 I8
2730 4396 2783 4439 et
2815 4386 2880 4440 I9
2912 4385 3102 4454 (Band.
3135 4387 3173 4449 Ι,
3211 4402 3262 4455 p.
3297 4386 3403 4441 414
3425 4396 3478 4440 et
3501 4386 3607 4440 525
3634 4384 3784 4456 sqq.)

2206 4506 2277 4517 ——
2305 4474 2524 4529 Taurini
2555 4474 2609 4529 In
2640 4477 2759 4530 cod.
2791 4475 2902 4531 XCI
2929 4477 3173 4545 quaedam
3214 4487 3417 4546 partes,
3461 4492 3581 4546 qua:
3623 4492 3785 4531 cura-

544 4583 704 4642 atque
731 4572 1058 4637 examinata,
1089 4571 1255 4642 ipsius
1286 4549 1553 4627 sententia
1590 4575 1656 4628 de
1685 4574 2005 4628 auctoritate
2034 4572 2099 4626 ti-
2138 4549 2187 4606 Ῑ)
2215 4567 2322 4622 tius
2367 4566 2674 4623 indicantur
2720 4569 2774 4623 in
2824 4568 2942 4624 Cat.
2977 4569 3131 4624 codd.
3177 4566 3271 4622 Gr.
3301 4568 3491 4628 Taun.
3532 4583 3654 4637 pag.
3679 4569 3783 4626 182

545 4665 720 4734 deque
758 4663 1052 4719 libellorum
1094 4664 1353 4733 subjecta.
1397 4662 1575 4731 Quare
1620 4664 1673 4718 itt
1728 4673 1881 4735 parte
1932 4664 2105 4733 prima
2208 4669 2367 4725 sq.—
2385 4654 2620 4725 Nosque:
2646 4658 2695 4710 in
2727 4656 2857 4712 bibl.
2888 4659 3077 4729 synod.
3114 4659 3269 4714 codd.
3297 4658 3510 4721 XXVII,
3543 4657 3780 4736 XXVIII,

544 4754 778 4807 ostendit
804 4752 997 4823 praevia
1025 4752 1125 4806 tria
1154 4753 1499 4823 opuscula,u.
1533 4753 1585 4818 I)
1609 4756 1860 4821 praeviam
1891 4753 2107 4808 institu-
2210 4746 2403 4814 XXIX,
2437 4764 2556 4819 quae
2599 4750 2731 4814 sint,
2759 4750 3006 4821 designat
3039 4750 3272 4807 Matthxi
3313 4752 3364 4805 in
3419 4750 3594 4806 Notit.
3620 4754 3779 4806 codd.

544 4842 743 4896 tionem
773 4843 1080 4906 asceticam,
1105 4840 1161 4912 2)
1193 4857 1493 4897 sermonem
1516 4843 1805 4897 asceticum
1833 4851 1889 4898 et
1912 4844 2109 4897 exhor-
2212 4838 2408 4912 llosq.,
2438 4857 2489 4911 p.
2522 4841 2611 4905 49,
2646 4843 2735 4912 qui
2764 4857 2830 4897 ex
2876 4843 3054 4912 primo
3091 4844 3260 4899 edidit
3299 4839 3700 4914 Mosqumli'lS,
3723 4844 3779 4905 I.

543 4934 798 4987 tationem
844 4933 911 4988 de
964 4934 1356 4989 renuntiatione
1400 4949 1576 4989 rerum
1626 4934 1979 4987 humanarum
2001 4973 2016 4996 ,
2052 4944 2109 4987 et
2212 4931 2498 5006 Prologunt
2527 4951 2649 4991 cum
2678 4934 2878 5003 Xipltil.
2907 4944 2962 4989 et
2989 4934 3173 4990 Basilii
3212 4944 3375 4990 oratt.
3405 4962 3475 4976 —-
3510 4934 3778 4990 Mouachii

540 5023 870 5094 perfectione
899 5023 1149 5093 spiritali,
1173 5024 1228 5093 3)
1254 5040 1418 5079 serm.
1441 5026 1507 5080 de
1545 5026 1771 5080 ascetica
1796 5023 2094 5093 disciplina,

536 5115 813 5183 quomodo
844 5113 1162 5169 monachum
1186 5115 1370 5169 ornari
1398 5123 1665 5186 oporteat,
1700 5124 1973 5169 auctorem
2002 5115 2103 5168 ha-

540 5203 719 5259 buisse
744 5202 1022 5257 Basilium.
1053 5203 1108 5259 In
1146 5205 1381 5259 secunda
1432 5206 1661 5276 probare
1708 5206 1933 5269 studuit,
1958 5215 2104 5261 recte

539 5296 762 5361 sentire,
789 5296 880 5366 qui
906 5306 965 5350 ut
990 5294 1194 5351 libellos
1222 5296 1296 5351 De
1313 5297 1520 5367 judicio
1565 5314 1629 5354 ac
1652 5299 1788 5367 ﬁde;
1822 5300 1893 5353 ita
1924 5299 2102 5355 Mora-

540 5386 613 5441 Iia
660 5388 932 5442 ascribant
974 5386 1195 5442 Basilio.
1237 5386 1293 5440 In
1341 5388 1493 5442 tertia
1544 5388 1725 5453 docet,
1759 5391 1894 5445 duos
1912 5389 2099 5446 breves

538 5476 768 5544 libellos,
802 5479 892 5548 qui
936 5488 1059 5549 post
1099 5477 1315 5531 Moralia
1354 5478 1519 5533 locari
1569 5480 1762 5544 solent,
1803 5482 1855 5535 in
1892 5482 2099 5552 spurio-

538 5583 657 5623 rum
698 5585 923 5625 numero
964 5583 1083 5625 esse
1112 5570 1403 5641 ponendos.
1434 5570 1489 5624 In
1538 5583 1729 5641 quarta
1768 5574 2101 5629 demonstra-

606 5726 682 5798 (a)
716 5728 815 5800 _Sic
866 5730 932 5800 in;
966 5744 1066 5782 ms.
1110 5727 1290 5800 Regio
1333 5728 1594 5800 Prologus
1630 5730 1716 5783 ille
1751 5730 2097 5793 inscribitur,

540 5797 1045 5870 testegombelisio.
1097 5797 1224 5853 tom.
1252 5797 1296 5854 II
1338 5797 1526 5853 Basilii
1576 5800 1682 5864 sui,
1721 5816 1841 5870 pag.
1887 5800 1975 5859 85.
2004 5803 2095 5869 qui

534 5880 656 5940 pag.
680 5868 751 5925 99
773 5877 828 5925 et
852 5867 953 5923 l06
986 5869 1117 5925 alios
1144 5875 1276 5926 duos
1322 5871 1572 5942 prologos
1595 5884 1626 5925 e
1650 5867 1753 5925 ms.
1791 5870 1959 5941 Regio
1986 5867 2100 5929 edi-

2210 5027 2263 5081 in
2313 5026 2441 5081 bibl.
2474 5026 2667 5081 Bavar.
2708 5026 2990 5082 LXXXIX.
3036 5028 3099 5081 V.
3130 5026 3289 5091 Cat.,
3332 5038 3464 5091 etc.,
3507 5043 3561 5097 p.
3592 5027 3783 5083 54.—

2207 5116 2461 5185 Quaenatn
2510 5120 2732 5185 singula:
2783 5132 2962 5189 partes
3009 5129 3223 5175 exstent
3274 5120 3327 5175 in
3379 5118 3537 5174 codd.
3599 5116 3778 5173 Paris.

2206 5208 2381 5264 disces
2401 5224 2467 5263 ex
2502 5211 2676 5265 indice
2714 5213 2780 5264 ad
2828 5210 2930 5266 vol.
2969 5210 3014 5265 II
3060 5210 3234 5266 Catal.
3280 5213 3433 5266 codd.
3484 5208 3693 5273 Poris.,
3723 5218 3782 5263 ut

2206 5300 2274 5355 de
2304 5302 2461 5355 codd.
2493 5301 2833 5356 Vindobonn.
2870 5301 3099 5371 aliisque
3128 5302 3232 5371 (de
3283 5302 3475 5372 quibus
3516 5314 3681 5370 supra
3726 5300 3777 5354 in

2204 5406 2401 5461 genere
2432 5394 2536 5461 egi)
2575 5392 2849 5448 brevitatis
2877 5394 3056 5447 studio
3094 5402 3317 5448 taceam.
3361 5391 3526 5446 I‘IAIL.

2271 5482 2325 5535 2.
2359 5482 2683 5552 Παραίνεσις
2706 5484 2833 5554 περὶ
2871 5484 3149 5555 ἅποταγῆς
3176 5483 3290 5553 βίου
3326 5484 3417 5536 καὶ
3450 5481 3783 5547 τελειώσεως

2206 5574 2599 5645 πνευματικῆς.
2644 5577 2956 5630 Adhortatio
3001 5578 3066 5630 tle
3126 5576 3417 5630 abdicando
3466 5576 3683 5639 strculo,
3731 5585 3780 5630 et

2204 5732 2282 5786 dit
2326 5732 2512 5787 Grtccc
2566 5744 2618 5785 et
2657 5732 2877 5791 Latine.
2913 5735 2977 5787 de
3025 5733 3217 5803 quibus
3266 5732 3436 5803 inira,
3489 5744 3779 5803 monetque.

2207 5804 2501 5857 addendam
2540 5805 2688 5857 hisce
2721 5807 2970 5859 ascrticis
3009 5802 3285 5872 epistolam
3321 5802 3500 5857 Basilii
3545 5804 3672 5857 111.
