4040 6468
511 433 699 475 CCLXIV

1862 412 2399 470 PROLEGOIIENA.

512 536 565 590 in
603 533 801 588 Monito
839 535 1060 602 prtevio,
1093 532 1334 602 pluribus
1372 542 1552 587 autem
1576 540 1628 585 et
1657 531 1996 601 gravioribus
2026 533 2078 586 in
2112 538 2153 593 Α
2185 533 2490 588 adulterino
2513 533 2677 589 Garn.
2712 536 2765 590 in
2804 535 2962 592 Praef.
3001 535 3029 608 ᾗ
3079 535 3195 602 XII,
3234 552 3358 607 pag.
3388 553 3593 605 Lxxvn,
3620 556 3776 595 suam

512 628 664 699 praal'.
702 625 728 697 §
764 625 829 680 IX
864 635 918 679 et
949 625 1021 691 Χ,
1066 640 1168 696 pag
1206 640 1616 688 xxvnt—xxxttt,
1666 623 1887 693 prolatis
1921 627 2087 678 ratio-

512 720 693 781 nibus,
732 727 919 773 contra
951 716 1330 774 Combellsium
1352 756 1368 782 ,
1403 716 1755 775 Cotelerium.
1789 715 2082 772 Tillemon-

509 814 642 867 tium
686 823 739 867 et
768 812 844 867 Du
875 810 1000 877 Pin,
1039 811 1249 865 illarum
1295 818 1572 880 patronos,
1604 807 1897 873 dimicans,
1931 808 2083 863 istam

511 916 565 959 et
598 913 935 972 sequentem.

548 994 635 1049 "8.
676 994 814 1066 Περὶ
867 992 1139 1062 νηστείας,
1179 990 1295 1057 λόγ.
1334 989 1403 1057 γ’.
1444 988 1520 1043 De
1549 988 1757 1057 jejunio
1796 996 1932 1041 orat.
1989 985 2085 1039 111

513 1086 669 1157 (qua:
701 1087 888 1153 incipit
914 1085 1187 1153 Νηστείας
1212 1083 1302 1134 καὶ
1330 1079 1554 1151 ἱλασμοῦ
1578 1082 1606 1132 ό
1656 1080 1866 1150 καιρός,
1900 1096 1951 1148 p.
1982 1078 2078 1132 621

510 1178 670 1249 sqq.)
698 1194 794 1249 pro
811 1178 1008 1247 spuriis
1032 1176 1256 1239 habuit;
1284 1176 1375 1229 sed
1405 1185 1584 1229 tamen
1612 1174 1682 1229 Ita
1711 1188 1898 1227 rursus
1920 1173 2084 1226 eden-

512 1273 612 1327 das
642 1286 761 1327 esse
797 1272 1029 1332 censuit,
1060 1278 1119 1323 ut
1153 1268 1335 1323 (It-arca
1369 1278 1424 1323 et
1454 1267 1642 1322 Latina
1674 1276 1937 1334 notasque
1964 1282 2082 1316 mu-

510 1379 598 1420 tua
641 1376 878 1420 sumeret
911 1380 941 1417 a
983 1362 1272 1419 Cotelerio.
1305 1362 1441 1417 Nam
1487 1361 1618 1415 duas
1650 1360 1784 1414 istas
1829 1358 2083 1412 homilias

507 1458 789 1512 ediderunt
816 1455 907 1510 Fr.
932 1455 1282 1511 Combelisius
1307 1454 1363 1508 in
1399 1454 1715 1509 Ecclesiaste
1741 1468 1840 1507 suo
1873 1450 2079 1514 Cra'co,

504 1549 677 1604 Paris.
706 1548 861 1613 1674,
893 1548 945 1613 4,
984 1549 1170 1603 Latine
1198 1548 1480 1609 duntaxat,
1514 1558 1567 1601 ct
1591 1546 1673 1601 Ju.
1710 1547 1947 1615 Baptista
1979 1544 2081 1598 C0—

505 1641 727 1695 telerius
766 1639 951 1696 Graece
1004 1654 1067 1693 ac
1104 1637 1223 1690 Lat.
1284 1639 1334 1692 in
1375 1648 1502 1693 toat.
1553 1639 1568 1691 I
1618 1637 2079 1691 Monumentorum

503 1733 754 1788 Ecclesia:
809 1732 1050 1797 (ἕνωσιν,
1086 1730 1258 1784 Paris.
1311 1731 1469 1794 1677,
1502 1730 1564 1793 4,
1599 1745 1718 1800 pag.
1752 1729 1821 1783 58
1843 1757 1869 1769 -
1894 1728 1983 1782 40.
2023 1728 2077 1781 In

502 1827 872 1897 superioribus
891 1825 1045 1880 editt.
1086 1824 1509 1881 Graeco-Latinis
1543 1840 1647 1877 non
1678 1831 1856 1877 exstat
1886 1837 1969 1875 or.
2008 1820 2071 1874 III

502 1916 580 1970 De
600 1916 826 1986 jejunio.
872 1916 1005 1972 Hinc
1035 1916 1252 1972 Fabric.
1299 1918 1353 1971 in
1386 1928 1495 1971 vet.
1526 1916 1682 1977 cdit.,
1716 1913 1747 1985 δ
1783 1911 1897 1976 VII,
1931 1912 2072 1965 inter

501 2008 699 2079 scripta
723 2007 901 2064 Basilii
928 2023 1048 2077 quin
1072 2007 1172 2063 sub
1197 2007 1314 2076 ejus
1345 2009 1561 2062 nomine
1596 2004 1866 2069 feruntur,
1894 2003 1986 2055 sed
2021 2003 2073 2055 in

500 2102 622 2155 edd.
662 2099 916 2157 Gr.-Lat.
948 2117 1059 2156 non
1089 2111 1325 2165 exstant,
1360 2117 1414 2155 η.
1448 2098 1612 2154 XVIII
1653 2096 1858 2152 retulit.
1891 2124 1962 2135 —
2005 2093 2078 2147 De

501 2192 659 2246 codd.
689 2192 1007 2261 quibusdam
1031 2208 1082 2246 v.
1113 2192 1178 2247 ad
1211 2208 1265 2246 n.
1297 2192 1352 2259 2,
1388 2190 1530 2245 inter
1563 2186 1836 2248 ltomilias,
1873 2195 2005 2240 tom.
2036 2185 2073 2237 l.

501 2282 675 2343 Haec.

570 2374 623 2430 9.
663 2376 833 2444 Λόγος
870 2376 951 2439 ei;
989 2374 1089 2445 τὴν
1123 2372 1473 2426 ὑποτύπωσιν
1519 2372 1617 2442 τῆς
1650 2372 1957 2441 ἀσκήσεως·
2006 2368 2079 2422 De

499 2467 761 2536 religiosa:
790 2466 1181 2521 exercitationis
1208 2465 1582 2535 informatione
1613 2481 1805 2519 sermo.
1825 2463 1935 2519 Inc.
1969 2462 2076 2516 Τοῦ

490 2556 705 2631 ’Κυρίου
745 2557 900 2629 ἡμῶν
941 2556 1114 2629 Ἰησοῦ
1150 2556 1388 2631 Χριστοῦ
1421 2557 1876 2630 προστάσσοντος.
1906 2555 2074 2612 Garn.

498 2648 560 2711 ll,
596 2664 714 2720 pag.
746 2648 871 2715 615,
898 2663 961 2704 ex
995 2650 1233 2703 editione
1258 2648 1569 2703 Combellsii
1600 2649 1654 2699 in
1684 2646 1847 2713 hujus
1872 2643 2078 2698 Basilio

500 2744 773 2805 recensita,
832 2758 952 2812 pag.
997 2738 1255 2803 98-I05,
1303 2739 1485 2793 recudi
1526 2737 1675 2803 fecit,
1714 2746 1768 2792 et
1808 2740 1861 2791 in
1925 2736 2075 2807 praef.

500 2832 528 2904 δ
566 2832 653 2900 XI,
679 2844 865 2889 contra
894 2832 1274 2889 Combellsium
1300 2830 1607 2900 disputans,
1634 2830 1883 2900 probavit
1910 2830 2079 2885 fuisse

498 2930 566 2982 ab
609 2928 808 2997 aliquo,
851 2930 940 2997 qui
988 2928 1172 2983 Basilii
1226 2926 1461 2994 Regulus
1508 2925 1797 2991 diligenter
1836 2924 2077 2992 legisset,

500 3019 645 3074 illam
673 3029 809 3074 orat.
846 3019 929 3073 vel
961 3018 1140 3089 potius
1167 3016 1452 3084 epistolam
1490 3014 1687 3068 Basilio
1717 3015 2077 3084 suppositam.

2192 624 2545 695 amplissimis
2583 628 2768 683 verbis
2817 628 2957 683 dixit
3001 638 3057 681 et
3100 629 3438 699 gravissimis
3472 630 3645 686 tuitus
3693 642 3777 685 est

2191 719 2525 784 argumentis
2565 721 2913 787 sententiam,
2964 722 3251 789 disputans
3285 722 3531 792 inprimis
3581 735 3776 778 contra

2189 808 2591 865 Tillemontium
2617 821 2670 866 et
2697 814 2775 867 Du
2800 813 2923 875 Pin,
2952 814 3003 867 id
3032 813 3232 868 Basilio
3259 824 3582 878 asserentes,
3614 829 3780 886 atque

2191 899 2603 967 (:ombelisium,
2644 902 2924 959 Eustathio
2960 902 3258 959 Sebasteno
3296 905 3645 959 tribuentem.
3678 910 3779 958 At-

2188 1005 2295 1059 que
2328 991 2617 1048 Garnierio
2650 997 2946 1049 assentitur
2976 995 3292 1051 Scbroeckb
3320 996 3354 1050 I.
3389 1012 3465 1061 c.,
3498 1012 3619 1067 pag.
3644 998 3774 1055 205.

2187 1115 2256 1125 —
2282 1085 2571 1142 Florentize
2604 1088 2657 1141 in
2691 1090 2813 1143 cod.
2849 1088 3106 1144 Laurent.
3152 1106 3179 1142 a
3218 1089 3521 1158 bibliopega
3558 1092 3777 1145 inverse

2189 1189 2492 1247 compacto,
2525 1178 2645 1243 ΧΧ,
2676 1196 2730 1234 n.
2779 1181 2813 1235 5
2838 1208 2859 1220 -
2883 1179 2938 1245 6,
2990 1181 3125 1250 plut.
3168 1182 3223 1245 9,
3252 1191 3475 1237 notante
3510 1182 3777 1236 Bandinio

2192 1272 2242 1324 in
2296 1269 2416 1325 Cat.
2470 1275 2624 1329 codd.
2673 1272 2766 1327 Gr.
2798 1272 2989 1340 Laur.,
3023 1276 3064 1337 l,
3098 1290 3217 1346 pag.
3256 1276 3397 1341 425,
3446 1277 3683 1331 occurrit
3718 1279 3775 1332 l‘

2186 1363 2417 1417 sermol
2463 1364 2624 1433 (quod
2678 1377 2761 1421 est
2796 1381 2918 1435 cap.
2950 1367 2976 1420 1
3018 1366 3139 1420 libri
3183 1367 3259 1422 De
3306 1369 3585 1437 baptismo,
3643 1386 3771 1440 pag.

2187 1454 2290 1507 624
2320 1456 2407 1509 ed.
2436 1454 2662 1526 Garn.);
2697 1488 2766 1499 —
2791 1460 2847 1513 2°
2875 1461 3111 1528 Quaestio
3164 1476 3286 1515 cum
3317 1464 3694 1531 responsione,
3723 1482 3771 1518 ε.

2184 1562 2306 1616 cap.
2335 1547 2391 1612 2,
2426 1562 2548 1617 pag.
2582 1548 2687 1603 629
2726 1552 2811 1604 ed.
2868 1551 3035 1608 Garn.
3060 1571 3076 1619 ;
3106 1584 3173 1594 —
3203 1555 3261 1609 3'
3292 1554 3485 1611 Sermo
3517 1554 3595 1623 II,
3631 1572 3676 1610 s.
3705 1556 3776 1609 15

2184 1640 2469 1707 ῳιωειίυη-
2516 1655 2639 1695 cum
2674 1644 3137 1711 respoasionibus,
3166 1648 3308 1714 apud
3342 1645 3606 1702 Garnier.
3642 1664 3771 1718 pag.

2182 1732 2288 1785 65?.
2317 1747 2463 1800 sqq.;
2490 1761 2561 1771 —
2586 1731 2644 1786 4ο
2673 1732 2864 1788 Sermo
2905 1735 3117 1801 tertius,
3144 1737 3258 1791 sive
3288 1746 3454 1808 caput
3516 1740 3764 1802 tertium.

2183 1838 2301 1894 pag.
2335 1824 2440 1879 649
2467 1824 2634 1880 Garn.
2674 1824 2845 1881 Hane.

2253 1906 2334 1968 ll.
2359 1916 2704 1988 Λειτουργία.
2741 1915 3005 1988 Liturgia.
3038 1917 3206 1973 Garn.
3239 1916 3317 1984 Il,
3354 1934 3477 1989 pag.
3515 1921 3621 1975 672
3644 1938 3767 1991 sqq.

2179 2003 2284 2060 Sed
2342 2018 2659 2077 antequam,
2688 2025 2808 2079 quze
2844 2011 2934 2066 ille
2963 2010 3220 2076 reddidit,
3252 2025 3601 2077 enarrem,ea
3649 2028 3771 2080 qua:

2179 2096 2457 2155 Fabricius
2479 2101 2528 2153 in
2553 2111 2658 2156 vet.
2692 2102 2777 2156 ed.
2811 2102 2951 2155 inter
2974 2103 3198 2171 scripta,
3224 2102 3276 2155 in
3302 2102 3455 2156 editt.
3479 2100 3665 2156 Basilii
3696 2102 3768 2155 Μ.

2179 2186 2429 2245 Gr.-Lat.
2479 2193 2787 2248 desiderata
2820 2210 2876 2248 n.
2906 2193 3002 2247 XX
3029 2204 3084 2248 et
3112 2192 3277 2248 XXVI
3303 2195 3540 2265 scripsit,
3570 2197 3772 2251 additis

2180 2280 2498 2349 quibusdam
2548 2285 3018 2341 observationibus
3077 2288 3131 2342 lt.
3183 2288 3218 2342 l.
3258 2303 3537 2357 reponam.
3572 2288 3746 2346 Haec.

2251 2368 2418 2425 XXV.
2459 2372 2595 2426 Θεία
2629 2372 2969 2446 λειτουργία,
2998 2378 3177 2432 divina
3224 2379 3445 2449 liturgia
3479 2377 3583 2450 (a),
3613 2379 3773 2448 cujus

2178 2462 2425 2517 codicem
2455 2460 2705 2517 Graecum
2740 2465 2861 2535 plus
2896 2482 3060 2535 quam
3106 2469 3253 2522 mille
3280 2485 3549 2523 annorum
3593 2470 3646 2523 in
3685 2471 3769 2523 hi-

2181 2555 2454 2610 bliotheca
2482 2554 2782 2609 Barberina
2814 2558 3044 2625 reperiri
3076 2566 3310 2613 testatur
3332 2560 3769 2627 Montfaucenus,

2182 2662 2301 2714 pag.
2346 2646 2453 2701 210
2486 2647 2698 2701 Itineris
2742 2646 2942 2700 Italici.
2979 2646 3175 2718 Incipit
3216 2666 3230 2702 :
3276 2650 3335 2702 Ὀ
3383 2650 3536 2715 Θεὸς,
3582 2655 3611 2705 ὁ
3638 2653 3772 2718 Θεὸς

2179 2740 2212 2809 ἡ
2224 2739 2359 2809 μῶν,
2399 2741 2427 2793 ὁ
2460 2740 2552 2793 τὸν
2580 2740 2830 2811 οὐράνιον
2864 2739 3050 2812 ἄρτον,
3078 2741 3178 2811 τὴν
3202 2742 3429 2812 τροφήν,
3463 2755 3570 2796 etc.

2252 2830 2438 2886 Graece
2466 2848 2587 2887 cum
2620 2833 2836 2903 liturgia
2867 2832 3052 2888 Jacobi
3100 2844 3157 2886 et
3187 2831 3585 2904 Cbrysostomi,
3623 2834 3771 2889 aliis-

2181 2939 2286 2991 que
2311 2926 2530 2994 scriptis
2558 2926 2825 2994 lilurgicis
2845 2926 3042 2994 prodiit
3072 2924 3250 2981 Paris.
3285 2926 3445 2993 1560,
3484 2926 3610 2992 I'ol.,
3642 2944 3765 2997 pag.

2183 3015 2273 3077 45,
2312 3018 2452 3085 typis
2483 3019 2644 3086 regiis
2684 3019 2824 3086 apud
2870 3017 3014 3073 Guil.
3062 3017 3389 3085 Morelliutn,
3437 3028 3491 3074 et
3521 3017 3771 3076 Venetiis

498 3108 554 3164 In
591 3112 744 3167 editt.
788 3125 969 3181 super.
1006 3106 1267 3167 Gr.-Lat.
1303 3122 1408 3163 non
1451 3115 1647 3169 exstat,
1681 3113 1736 3159 et
1765 3119 1795 3157 a
1830 3102 2085 3158 Fabricio
2193 3106 2348 3171 1548,
2392 3107 2552 3170 1601,
2580 3117 2684 3162 etc.

498 3205 551 3259 in
583 3213 692 3260 vet.
722 3206 809 3260 ed.
852 3206 994 3260 inter
1031 3202 1296 3272 ejusmodi
1330 3201 1531 3255 omissa
1579 3200 1782 3267 scripta
1835 3213 1893 3251 n.
1937 3194 2078 3251 XXII
2106 3230 2148 3288 ϐ
2257 3197 2449 3255 Latine
2481 3214 2549 3253 ex
2577 3198 2743 3255 veteri
2772 3198 3025 3253 versione
3049 3198 3101 3252 in
3131 3198 3474 3255 Rincaviensi
3509 3201 3569 3257 S.
3602 3203 3771 3260 Joan-

498 3296 916 3351 memorabatur.
941 3324 1009 3335 —-
1046 3294 1234 3349 Exstat
1259 3293 1311 3347 in
1348 3290 1437 3345 VII
1477 3291 1634 3347 codd.
1670 3289 1841 3344 Paris.
1873 3288 2042 3343 Haec.

569 3387 653 3441 10.
685 3387 820 3459 Περὶ
844 3386 1239 3457 βαπτίσματος.
1265 3383 1340 3438 De
1363 3384 1638 3450 baptismo.
1668 3381 1743 3436 De
1762 3383 1863 3435 hoc
1884 3396 2071 3450 opusc.

496 3477 713 3533 Fabric.
738 3480 826 3545 qui
848 3478 901 3530 in
923 3487 1030 3530 vet.
1059 3477 1189 3527 edit.
1217 3473 1539 3527 numerabat
1562 3481 1685 3542 post
1711 3470 1963 3525 Itomilias
1988 3471 2073 3536 IV,

499 3581 630 3623 tom.
660 3569 675 3621 I
726 3569 849 3623 edd.
879 3581 1061 3635 super.
1087 3564 1317 3620 Gr-Lat.
1348 3580 1368 3612 s
1406 3564 1479 3617 De
1502 3563 1777 3631 baptismo,
1804 3566 1899 3633 ait,
1930 3576 1985 3619 et
2014 3566 2078 3619 de

499 3656 677 3728 oﬂiciis
697 3657 1133 3725 baptisandorum
1151 3654 1636 3721 baptizatorumque
1654 3653 1771 3705 libri
1796 3665 1919 3719 tres,
1946 3670 2077 3724 quo-

500 3765 619 3804 rum
663 3749 935 3804 secundus
972 3745 1216 3803 continet
1260 3744 1672 3815 responsionem
1708 3744 1773 3796 ad
1818 3744 2077 3799 tredecim

498 3841 859 3911 quaestiones;
888 3840 1081 3896 tertius
1108 3853 1237 3893 vero
1265 3838 1484 3893 brevior
1517 3839 1656 3890 male
1680 3836 1731 3889 in
1763 3836 1926 3891 editis
1952 3852 2076 3907 pag.

496 3934 602 3989 670
635 3932 871 3989 secundo
907 3932 1271 4001 praemittitur.
1314 3929 1445 3985 Vide
1468 3927 1854 3984 Combelisiutn
1888 3928 2077 3984 Basilii

499 4027 723 4079 restituti
748 4037 878 4080 tom.
913 4025 957 4089 I,
984 4041 1035 4093 p.
1065 4024 1191 4078 2w.
1230 4021 1405 4076 Vertit
1434 4019 1744 4090 Wolfgang.
1779 4022 2074 4090 Masculus,

498 4122 659 4176 Ihsil.
700 4119 875 4183 1540,
921 4118 1076 4189 cujus
1122 4118 1301 4172 versio
1352 4116 1405 4169 in
1449 4114 1854 4169 Grazco-Latin.
1915 4116 2072 4170 editt.

498 4223 696 4276 exstat,
726 4229 753 4266 a
792 4213 983 4267 Ducmo
1011 4212 1293 4280 castigata,
1322 4219 1377 4263 et
1406 4205 1577 4262 Janus
1605 4206 1923 4262 Cornarius.
1960 4226 1979 4258 ι
2009 4237 2078 4247 -

498 4306 541 4359 Δ
573 4306 883 4370 Garttierio,
919 4304 981 4366 II,
1009 4321 1057 4372 p.
1097 4303 1224 4364 624,
1266 4303 1405 4355 inter
1436 4301 1619 4370 spuria
1657 4300 1893 4371 positum
1922 4300 2078 4354 estid

498 4412 651 4465 Opus,
685 4397 825 4465 quod
857 4396 997 4466 apud
1029 4394 1177 4449 illum
1214 4401 1425 4445 constat
1469 4391 1680 4444 duobus
1707 4391 1898 4455 libris;
1939 4406 2077 4459 quo-

497 4504 617 4543 rum
643 4488 790 4557 prior
812 4487 1102 4540 distinctus
1124 4496 1209 4540 est
1237 4484 1291 4537 in
1328 4482 1429 4536 tria
1463 4496 1620 4552 capp.
1649 4483 1811 4550 Atqui
1857 4484 2076 4536 tertium

2180 3293 2265 3347 nis
2289 3293 2619 3348 monasterio
2644 3302 2880 3363 reperta,
2916 3302 3037 3362 post
3062 3290 3146 3346 Jo.
3178 3291 3509 3359 Cocblzeum,
3541 3296 3595 3351 in
3638 3295 3768 3365 Spe-

2178 3385 2295 3439 culo
2311 3385 2541 3455 antiqute
2562 3385 2848 3439 devotionis
2867 3386 3009 3439 circa
3030 3384 3264 3447 missam,
3298 3384 3584 3455 bloguntite
3604 3388 3767 3453 1549,

2181 3475 2293 3539 I'ol.,
2339 3490 2462 3545 pag.
2492 3474 2598 3529 119
2665 3473 2847 3544 Iconi.
2874 3475 3017 3547 Ittig.
3069 3474 3143 3529 De
3171 3476 3493 3530 bibliothecis
3523 3476 3765 3541 Patrum,

2178 3581 2300 3636 pag.
2338 3565 2442 3620 664
2468 3565 2689 3638 ],edidit
2715 3566 2966 3620 Claudius
3002 3568 3067 3621 de
3110 3568 3361 3622 Saim-tes
3400 3570 3539 3622 inter
3576 3566 3767 3623 Litur-

2178 3660 2295 3728 gica
2312 3656 2557 3726 Patrum,
2578 3658 2857 3729 Antwerp.
2885 3656 3044 3722 1562,
3070 3659 3119 3711 8.
3148 3658 3413 3713 I’racterea
3434 3661 3597 3715 vertit
3621 3658 3769 3715 Ger

2182 3750 2359 3803 tianus
2386 3748 2648 3804 Hervetus
2673 3750 2861 3805 Venet.
2890 3748 3048 3811 1548,
3074 3746 3139 3809 8;
3170 3750 3447 3817 Antwcrp.
3491 3749 3651 3818 156Ξ,
3708 3753 3764 3806 8.

2250 3836 2435 3891 Grzece
2470 3848 2525 3890 et
2563 3838 2749 3893 Latine
2794 3855 2917 3893 cum
2960 3839 3176 3896 Herveti
3214 3842 3464 3895 versione
3502 3851 3683 3895 exstat
3714 3844 3766 3895 iu

2179 3930 2440 3984 Auctariu
2474 3930 2737 3982 Ducaeann
2764 3929 3104 3985 Bibliotheca:
3142 3931 3365 3985 Patrum
3389 3930 3567 3985 Puris.
3598 3932 3764 3995 1624,

2180 4023 2300 4085 Iol.,
2337 4032 2484 4076 torno
2517 4022 2578 4087 ΙΙ,
2611 4030 2665 4075 et
2694 4021 2745 4074 iu
2769 4020 3099 4075 Bibliotheca
3126 4022 3349 4076 Patrum
3385 4023 3566 4080 Paris.
3601 4026 3767 4086 1654.

2180 4127 2315 4169 tom.
2351 4114 2469 4182 XII,
2498 4130 2550 4184 p.
2582 4113 2710 4178 ‘282,
2754 4128 2819 4169 ex
2854 4112 3046 4169 Graeco
3077 4111 3327 4167 Demetrii
3371 4112 3551 4179 ουςω,
3580 4116 3768 4173 Bas-nas

2184 4206 2342 4271 I526,
2371 4207 2425 4262 4.

2252 4298 2465 4352 Etcum
2497 4298 2663 4353 variis
2710 4298 3034 4353 lectionibus
3066 4298 3314 4367 natisque
3344 4296 3532 4350 Jacobi
3576 4300 3765 4364 hoari,

2184 4390 2235 4442 in
2269 4386 2590 4461 Eucltologio
2617 4389 2921 4443 Gra'contm
2948 4390 3235 4451 illustrato,
3263 4387 3435 4442 Paris.
3462 4388 3623 4451 1647,
3646 4390 3764 4451 I'ol..

2182 4496 2235 4549 p.
2270 4477 2371 4533 I58
2402 4495 2521 4549 seq.
2561 4478 2697 4550 [rec.
2728 4476 2918 4533 Venet.
2953 4478 3125 4543 I750;
3160 4489 3212 4531 et
3248 4478 3389 4532 aliud
3431 4479 3572 4536 illius
3606 4482 3765 4537 litur-

497 4590 657 4651 caput
681 4579 811 4635 olim
839 4577 1234 4631 inscribebatur
1268 4573 1425 4628 Liber
1452 4577 1735 4627 secundus.
1767 4575 1873 4628 Sed
1903 4574 2070 4629 Garn.
2109 4587 2156 4646 ι)
2182 4569 2281 4638 gite
2322 4568 2603 4637 exemplar
2649 4582 2715 4621 ex
2767 4583 2868 4622 ms.
2909 4565 3099 4621 Isidori
3143 4566 3433 4638 I'yrontali,
3473 4570 3765 4642 Smyrna-i,

498 4675 551 4726 in
600 4682 725 4726 nota
763 4686 884 4739 pag.
933 4667 1078 4723 649:
1114 4685 1132 4717 ι
1170 4664 1687 4729 Lucubratitmcula,
1719 4665 1912 4735 inquit,
1951 4679 2070 4734 qua:

496 4766 739 4831 sequitur
772 4762 851 4833 [ιι.
886 4777 1003 4829 cap.
1047 4758 1261 4813 tertium
1295 4759 1435 4825 apud
1468 4754 1642 4827 illum]
1678 4755 1871 4824 rejecta
1900 4767 1984 4811 est
2016 4758 2067 4811 in

495 4853 627 4922 Reg.
659 4853 833 4922 primo
872 4861 990 4920 post
1011 4863 1131 4903 eam
1158 4846 1697 4908 commentationem,
1730 4861 1849 4915 qua:
1881 4846 1933 4900 in
1971 4847 2070 4899 itu-

492 4945 696 5014 pressis
739 4944 889 4997 libris
924 4939 1240 4996 inscribitur
1281 4936 1438 4990 Liber
1476 4935 1757 5002 secundus,
1805 4938 1885 4993 sic
1930 4949 1987 4992 ut
2016 4938 2068 4990 in

494 5052 561 5092 eo
605 5034 793 5092 codice
837 5035 1238 5102 distinguantur
1273 5042 1383 5084 tres
1415 5030 1558 5085 libri.
1605 5029 1713 5084 Res
1739 5038 1918 5083 autem
1962 5045 2067 5084 non

497 5127 629 5180 tanti
660 5126 814 5180 nobis
844 5124 959 5177 visa
990 5135 1095 5186 est,
1126 5134 1183 5176 ut
1230 5131 1450 5191 propter
1485 5134 1548 5173 ea
1573 5120 1943 5187 judicaremus
1977 5131 2071 5174 aut

495 5231 607 5274 tres
640 5218 806 5273 libros
845 5216 1253 5285 distinguendos
1294 5229 1437 5279 esse,
1472 5222 1564 5266 aut
1588 5216 1875 5284 antiquum
1917 5215 2069 5268 ordi-

494 5328 619 5368 nem
671 5312 1005 5366 mutandum.
1066 5330 1083 5363 ι
1135 5307 1299 5363 Liber
1350 5307 1620 5363 secundus
1657 5308 1904 5362 continet
1954 5306 2067 5361 XIII

493 5410 685 5473 quaest.
716 5416 840 5456 cum
882 5401 1102 5455 totidem
1152 5399 1614 5469 responsionibus.
1664 5396 1737 5453 De
1783 5398 1875 5452 illo
1904 5412 2069 5467 Opere

567 5582 643 5653 (α)
688 5580 945 5653 Basiliam
980 5579 1266 5653 scripsisse
1302 5579 1504 5646 aliquid
1536 5576 1694 5645 hujus
1725 5576 2067 5653 argumenti,

494 5666 547 5708 et
574 5648 841 5720 liturgtatn
867 5649 1058 5704 litteris
1079 5652 1449 5720 consiguasse,
1479 5664 1582 5702 non
1609 5658 1691 5720 est
1714 5648 2065 5720 dubitandum

496 5734 618 5793 post
648 5716 725 5776 toi
748 5731 985 5774 veterum
1012 5730 1067 5771 et
1086 5716 1259 5793 totius
1282 5716 2067 5793 OrientistestintoniuttnLSetl

497 5786 639 5849 inter
673 5802 749 5845 tot
772 5805 826 5845 et
852 5799 958 5843 tam
989 5791 1203 5849 multas,
1238 5806 1356 5858 qua:
1381 5792 1448 5842 ab
1475 5789 1617 5841 illius
1646 5799 1887 5854 tempore
1920 5786 2069 5840 Basi-

495 5866 553 5921 .it
587 5864 817 5931 ltturgize
850 5860 1024 5915 allata:
1063 5871 1187 5915 sunt
1241 5861 1565 5914 mutationes
1597 5871 1645 5913 et
1690 5858 2061 5927 interpolatio-

2181 4660 2491 4716 monasterii
2528 4659 2589 4714 S.
2619 4656 2814 4714 Joann.
2856 4660 2911 4712 in
2960 4657 3131 4713 insula
3167 4658 3391 4714 l’athmo
3424 4661 3672 4723 diaconi.
3710 4679 3764 4733 p.

2181 4754 2305 4818 186,
2335 4768 2459 4806 cunt
2485 4748 2547 4803 V.
2581 4749 2643 4805 L.
2672 4751 2804 4805 edit.
2833 4750 3040 4805 Latinae
3076 4750 3367 4821 Margariui
3397 4752 3463 4807 de
3486 4752 3536 4807 la
3572 4753 3764 4824 Bigno,

2181 4862 2234 4915 p.
2269 4846 2389 4907 184,
2423 4856 2477 4899 et
2513 4855 2621 4899 not.
2652 4860 2705 4914 p.
2739 4842 2890 4916 185.]

2249 4940 2556 5013 [Fabricius
2588 4938 2726 4992 infra
2762 4938 2864 4993 vol.
2901 4934 3034 5001 XIII,
3067 4936 3093 5007 §
3124 4935 3307 5003 XLIV,
3329 4954 3448 5009 pag.
3479 4938 3588 4992 814
3619 4953 3765 5008 sqq.,

2181 5033 2329 5086 dedit
2350 5029 2656 5100 catalogum
2684 5030 3023 5099 Iiturgiarum
3054 5038 3220 5083 veter.
3259 5033 3552 5093 editarum,
3591 5042 3647 5084 et
3680 5047 3766 5085 re-

2179 5130 2364 5177 censet
2407 5137 2527 5193 pag.
2572 5120 2676 5176 816
2725 5137 2807 5189 sq.
2857 5120 3075 5189 Georgii
3124 5120 3412 5177 Cassandri
3461 5120 3763 5193 Liturgica.

2178 5212 2365 5267 Colon.
2399 5210 2558 5280 1559,
2595 5211 2650 5274 8,
2687 5221 2741 5264 et
2776 5213 2829 5264 in
2860 5211 3043 5265 limine
3069 5226 3315 5282 Operum,
3339 5209 3568 5277 junctim
3592 5216 3766 5269 edito-

2178 5320 2319 5367 rum,
2356 5302 2528 5359 Paris.
2561 5302 2719 5371 1616,
2762 5302 2881 5367 lol.,
2912 5304 2964 5355 in
3007 5304 3204 5373 quibus
3234 5318 3340 5356 non
3379 5302 3605 5374 integra:
3637 5309 3762 5376 qui-

2179 5400 2300 5453 dem
2333 5398 2562 5467 Iiturgia:
2589 5408 2820 5458 veteres,
2854 5396 2949 5450 sed
2979 5410 3298 5465 argumenta
3328 5395 3569 5451 breviter
3592 5413 3766 5467 expo-

2175 5592 2292 5637 nes,
2327 5576 2453 5644 quid
2488 5576 2703 5629 demum
2741 5575 2792 5629 in
2814 5589 2878 5629 ea
2907 5575 3092 5628 Basilii
3123 5574 3211 5639 sit,
3249 5582 3402 5627 certo
3434 5573 3639 5636 dicere,
3673 5575 3759 5634 vix

2172 5660 2255 5702 est
2280 5648 2399 5714 opis
2427 5647 2697 5701 humanm.
2730 5645 2915 5699 Basilii
2946 5646 3225 5715 Iiturgiam
3255 5644 3492 5715 illustrat
3520 5644 3757 5700 Allatius

2171 5713 2353 5772 exere.
2408 5716 2569 5780 XXV,
2624 5727 2809 5769 contra
2869 5713 3280 5785 Creyght‘onum.
3342 5713 3471 5768 Vide
3524 5727 3580 5769 et
3632 5715 3764 5773 Acta

2171 5799 2403 5843 sanctor.
2442 5798 2573 5842 tom.
2613 5788 2650 5841 ll
2685 5788 2854 5852 Junii,
2885 5801 3004 5857 pag.
3040 5786 3167 5841 815.
