4040 6454
1472 386 1755 444 ΝΟΤΙΤΙΑ
1796 384 1880 438 EX
1926 381 2260 440 FABllIClO.

3327 390 3497 434 CCLIV

234 510 337 563 sita
376 509 647 566 habemur
675 521 740 560 ex
786 506 1000 579 Iilltrgin
1036 508 1410 580 Chrysostomi
1445 525 1541 576 per
1576 512 1812 566 Leanetu
1845 518 1887 572 Α
1921 509 2155 578 turgium
2196 521 2212 559 :
2261 506 2313 561 in
2366 522 2490 577 cap.
2530 505 2619 571 17,
2665 508 2809 563 inter
2844 504 2947 560 alia
2997 519 3064 556 ex
3111 504 3300 573 missa,
3332 520 3495 573 quam

235 594 494 663 Tuscum,
529 614 593 651 ex
628 597 840 669 liturgia
877 599 1058 652 Basilii
1092 609 1145 655 et
1173 599 1360 655 Grmca
1393 597 1503 664 illa,
1530 601 1775 653 etaltera
1799 643 1810 661 ,

236 706 395 758 quam
444 689 564 757 Syri
611 688 946 758 Anaphoram
990 701 1217 753 vocant;
1254 698 1365 741 tum
1411 700 1657 744 recenset
1694 704 1814 759 pag.

234 780 337 835 818
364 792 486 846 sqq.
519 780 905 848 amplissimam
942 776 1304 849 Liturgiaruut
1326 776 1676 833 Orientalium
1706 780 1815 833 col-

236 876 509 927 lectionem
550 875 616 928 ab
666 872 897 926 Eusebio
938 874 1279 937 Ilenauduto,
1336 874 1506 929 Paris.
1546 874 1705 939 1716,
1748 877 1813 942 4,

237 967 447 1019 duobus
494 968 620 1021 voll.
679 966 876 1033 publici
917 968 1055 1037 juris
1098 965 1317 1023 iactatu.
1366 968 1584 1023 Fabric.
1638 979 1815 1024 autem

236 1058 513 1121 observat,
544 1056 849 1113 Reuaudoti
886 1060 1132 1112 versione
1157 1073 1261 1112 non
1299 1071 1413 1114 tuto
1450 1061 1647 1128 ubique
1674 1073 1819 1115 stare

240 1163 337 1202 nos
366 1166 546 1219 posse,
570 1150 686 1203 sive
718 1167 895 1205 causa:
918 1165 1028 1203 sua:
1053 1150 1417 1216 inservicntis,
1456 1153 1569 1206 sive
1595 1171 1700 1209 non
1730 1172 1818 1210 sa-

242 1240 309 1294 tis
342 1241 680 1305 assequentis
710 1255 895 1295 verum
932 1255 1171 1305 sensum,
1217 1245 1378 1313 idque
1428 1243 1672 1299 docuisse
1707 1247 1821 1299 Ma-

242 1334 521 1387 tltdrinutu
555 1333 891 1390 Veis‘eriutu
920 1334 970 1387 la
998 1334 1165 1390 Croze
1203 1338 1252 1389 in
1287 1335 1538 1405 Apologia
1561 1356 1652 1400 pro
1686 1339 1819 1393 Juba

240 1424 467 1487 Ludo/fa
501 1436 685 1478 contra
716 1425 1102 1479 Renaudotiunt
1146 1427 1346 1479 inserta
1391 1424 1579 1482 Dtario
1614 1430 1821 1481 littera-

242 1518 321 1565 rio
364 1514 620 1586 llttgensi,
652 1518 765 1571 sive
806 1515 1041 1571 Journal
1069 1519 1348 1581 littéraire,
1381 1528 1511 1577 tum.
1559 1519 1651 1579 IX,
1699 1535 1817 1589 pag.

239 1607 345 1660 259
374 1624 456 1677 sq.
499 1610 584 1680 (lu
629 1611 880 1664 thesauro
905 1609 1186 1677 epistolico
1216 1610 1549 1667 Lact-oziano
1588 1610 1812 1664 Renau-

241 1697 353 1752 doti
390 1710 447 1753 et
480 1700 597 1768 ejus
631 1700 1017 1754 controversiae
1054 1716 1176 1752 cum
1212 1699 1438 1754 Ludull'o
1470 1700 1724 1768 frequens
1764 1702 1822 1756 lit

243 1793 469 1844 mentio.
508 1790 571 1844 V.
606 1801 737 1843 tom.
770 1790 810 1850 I,
846 1806 966 1860 pag.
1004 1792 1136 1853 136;
1178 1792 1239 1858 Il,
1282 1812 1330 1861 p.
1373 1792 1490 1853 122,
1546 1793 1661 1859 19.9,
1696 1795 1819 1861 145,

1921 609 2137 663 vocant,
2171 598 2355 654 Basilii
2384 609 2441 655 et
2470 597 2711 670 ejusdem
2742 600 2960 669 liturgia
2996 596 3091 653 Gr.
3129 598 3498 652 Alexandrina

1918 706 1973 750 et
2004 694 2233 765 Syriaca
2262 692 2375 747 sive
2401 692 2624 763 Coptica
2656 692 2944 747 ostendere
2983 700 3237 752 conatur,
3271 691 3496 744 missam

1920 787 2000 840 sic
2033 784 2231 840 dictam
2260 799 2382 839 esse
2406 800 2592 840 verum
2621 781 2970 844 sacriﬁcium.
3002 796 3108 840 etc.
3138 782 3256 839 IIuc
3281 797 3500 852 quoque

1924 877 2195 946 pertinere
2232 876 2466 932 arbitror
2494 892 2630 946 opus
2658 873 2803 945 quod
2848 883 3027 927 tamen
3062 879 3123 928 ad
3159 892 3353 930 tnanus
3394 891 3502 930 nun

1925 971 2099 1024 habeo
2131 988 2143 1023 :

1995 1054 2107 1115 Jos.
2138 1060 2223 1114 Al.
2256 1059 2573 1113 Assemanni
2598 1061 2775 1113 Codex
2796 1059 3077 1128 liturgicus
3106 1057 3353 1111 Ecclesia:
3382 1060 3503 1111 nni-

1922 1169 2106 1217 cersa',
2138 1153 2189 1206 in
2215 1150 2306 1205 XV
2336 1151 2508 1205 libros
2545 1150 2891 1206 distributus.
2928 1152 3117 1206 Roma:
3171 1149 3500 1204 1749-1765.

1921 1245 2013 1301 XII
2050 1245 2174 1300 Voll.
2211 1245 2267 1299 4.
2338 1244 2507 1299 HABL.
2549 1244 2690 1297 Add.
2735 1242 3005 1299 Zaccat'ite
3050 1244 3192 1298 Bibl.
3254 1241 3501 1305 Ritnalis,

1922 1349 2055 1395 tom.
2085 1340 2126 1404 Ι,
2157 1355 2209 1409 p.
2242 1338 2343 1405 12;
2377 1350 2508 1393 tom.
2537 1335 2601 1403 Il,
2635 1352 2689 1407 p.
2721 1336 2788 1391 16
2818 1351 2879 1405 sq

1998 1430 2184 1484 Diﬂ‘ert
2216 1432 2283 1484 ab
2314 1431 2413 1483 hac
2437 1432 2488 1483 in
2516 1446 2619 1482 non
2647 1430 2835 1497 paucis
2858 1427 3072 1497 liturgia
3106 1426 3313 1493 Basilii,
3340 1443 3503 1497 quam

1925 1538 2049 1577 cum
2082 1522 2247 1575 altera
2276 1520 2524 1588 Gregorii
2555 1520 2710 1584 Naz.,
2738 1530 2793 1573 et
2823 1521 2982 1573 tertia
3011 1520 3197 1593 Cyrilli
3227 1536 3290 1575 es
3316 1520 3507 1575 codice

1924 1615 2157 1671 Arabico
2183 1614 2292 1684 (cui
2325 1612 2548 1682 Coptica
2585 1622 2747 1666 erant
2791 1609 3046 1679 adjuncta
3073 1629 3110 1681 ι,
3147 1625 3360 1667 versam
3403 1608 3509 1664 La-

1927 1713 2038 1766 tine
2064 1710 2233 1765 edidit
2257 1706 2536 1763 Victorius
2566 1705 2836 1772 Scialach,
2870 1707 3214 1767 Aerurensis.
3243 1706 3507 1761 Maronita

1926 1818 1954 1855 e
2010 1812 2195 1855 monte
2238 1799 2469 1860 Libano,
2496 1806 2725 1851 curante
2758 1797 2941 1851 Marco
2969 1797 3192 1852 Velsero
3213 1838 3228 1861 ,
3258 1799 3511 1863 Augusta:

243 1884 382 1948 155;
427 1882 513 1945 Ill,
547 1898 599 1951 p.
638 1882 701 1937 18
736 1899 834 1951 sqq
868 1923 882 1948 ,
913 1885 1014 1939 126
1041 1902 1147 1953 sq.,
1189 1886 1312 1948 155,
1362 1898 1446 1938 etc
1478 1887 1495 1954 )
1523 1914 1591 1926 ——
1627 1887 1683 1941 In
1735 1888 1819 1941 illa

1933 1893 2137 1947 Vindcl.
2175 1892 2336 1953 1604,
2388 1890 2443 1955 ιι,
2485 1898 2540 1941 et
2581 1900 2709 1942 tom.
2764 1888 2827 1942 γι
2877 1889 3010 1943 Bibl.
3065 1887 3292 1943 Patrum
3335 1886 3507 1941 Paris.

245 1977 406 2045 igitur
452 1976 662 2031 COHIICI.
703 1987 788 2030 est
830 1979 881 2031 in
911 1990 1042 2035 tum.
1076 1980 1116 2042 Ι,
1160 1996 1214 2032 ιι.
1250 1981 1302 2039 1,
1338 1968 1520 2033 Basilii
1552 1980 1765 2050 litttrgia
1793 1994 1821 2032 a

245 2065 500 2119 Scialach
549 2068 677 2120 olim
727 2083 881 2123 versa
932 2069 1060 2141 (sed
1114 2070 1469 2123 Reuaudotus
1515 2086 1706 2125 novam
1757 2086 1823 2121 ea

247 2160 474 2228 Coptico
496 2162 855 2218 concinnasse
880 2180 939 2217 se
968 2163 1267 2218 versione-tn
1296 2164 1599 2234 proﬁtetur)
1616 2178 1739 2230 pag.
1770 2162 1821 2225 1,

244 2261 299 2306 et
331 2250 636 2307 Benaudbti
664 2255 729 2308 ad
768 2271 889 2309 eam
929 2265 1219 2309 comment.
1261 2271 1384 2322 pag.
1410 2254 1512 2307 169
1537 2281 1560 2293 ο
1586 2253 1689 2306 500
1714 2262 1823 2305 tum

242 2359 309 2398 ex
332 2345 455 2400 cod.
484 2343 655 2399 Paris.
690 2346 822 2399 bibl.
849 2345 1068 2413 liturgia
1098 2344 1489 2409 Alexandrina,
1531 2344 1685 2398 initio
1710 2361 1826 2398 mu-

246 2438 360 2501 tila,
382 2453 433 2507 p.
461 2437 551 2491 57.
579 2435 643 2506 (a
664 2436 830 2491 Garn.
860 2437 1115 2502 reddita.)
1139 2451 1204 2487 ex
1229 2436 1348 2489 cod.
1378 2436 1543 2505 llegiu
1562 2436 1730 2491 Paris.
1757 2467 1826 2477 —

245 2543 308 2581 ac
336 2538 478 2581 nota:
523 2525 827 2578 Renuudoti
857 2543 908 2595 p.
955 2524 1219 2579 535-552.
1251 2523 1308 2578 In
1339 2536 1468 2579 tom.
1497 2526 1558 2587 Il,
1585 2525 1676 2593 qui
1705 2540 1829 2579 con-

248 2618 382 2670 tinet
425 2615 669 2683 liturgias
715 2631 777 2669 ex
829 2618 989 2669 codd.
1038 2616 1279 2683 Syriacis
1321 2615 1449 2670 bibl.
1500 2615 1827 2669 Colbertina:

246 2724 293 2763 s.
339 2706 708 2775 Seguieriante
754 2724 888 2764 mss.
932 2708 1048 2762 Lat.
1086 2724 1268 2763 versas
1301 2724 1329 2761 a
1367 2706 1607 2762 ltenaud.
1648 2719 1733 2762 est
1770 2726 1823 2763 ιι.

246 2800 335 2864 11,
364 2798 554 2854 Basilii
574 2798 649 2854 Μ.
676 2799 845 2869 (sive,
882 2801 1012 2853 utin
1044 2801 1168 2854 cod.
1194 2798 1527 2865 Colbertino,
1558 2798 1749 2853 Basilii
1776 2808 1827 2852 ct

248 2890 488 2962 Gregorii
531 2891 802 2962 Theologi)
841 2891 1085 2960 Liturgia
1116 2907 1162 2945 s.
1197 2894 1499 2959 anaphora,
1544 2907 1666 2960 pag.
1698 2892 1823 2955 548,

248 3000 312 3037 ex
344 2985 509 3036 Andr.
546 2984 696 3037 Blasii
728 2986 993 3045 versione,
1019 2984 1163 3037 edita
1190 2985 1466 3043 Antwern.
1504 2986 1662 3049 1569,
1687 2986 1737 3040 8.
1761 3016 1829 3025 —

251 3074 553 3127 Ilenaudoti
584 3073 731 3128 obss.
762 3091 811 3143 p.
840 3073 962 3127 562.

319 3164 705 3236 Λειτουργικὸν
755 3165 852 3217 σὺν
886 3164 1006 3235 Θεῷ
1050 3164 1214 3235 ἁγίῳ,
1254 3166 1396 3219 κατὰ
1423 3166 1519 3237 τὴν
1546 3166 1699 3233 τάξιν
1733 3168 1827 3223 τοῦ

248 3256 482 3309 τυπικοῦ
526 3258 623 3326 τῆς
655 3256 963 3309 πανσέπτου
1006 3257 1190 3327 Μῡνῆς
1228 3257 1328 3327 τῆς
1372 3259 1825 3331 κρυπτοφέρῤηζ,

248 3350 337 3402 ναὶ
384 3348 489 3420 μὴν
532 3350 672 3402 κατὰ
706 3350 825 3413 ἔθος
857 3350 965 3401 τῶν
1026 3350 1441 3421 ἰταλογραιχῶν
1488 3353 1828 3421 μοναζόντων

250 3439 345 3491 τοῦ
401 3438 635 3509 μεγάλου
687 3439 899 3510 Πατρὸς
944 3439 1099 3509 ἡμῶν
1139 3441 1440 3495 Butae/aloe.
1500 3444 1588 3495 Ἐν
1642 3444 1829 3518 Ῥώμῃ

252 3532 407 3603 παρὰ
444 3531 664 3603 Ἰωάννῃ
691 3532 969 3602 Βαπτιστῇ
993 3531 1072 3603 τῷ
1092 3533 1409 3605 Βουσσέττῳ
1430 3542 1605 3604 ,αχπτ
1625 3537 1827 3607 (1685),

256 3626 378 3689 ῘυΙ.,
407 3625 716 3679 conlectum
747 3623 815 3677 ab
842 3624 1153 3694 Apollinare
1185 3626 1431 3694 Agresta.
1465 3626 1601 3681 Vide
1628 3628 1829 3681 Baum-

253 3728 463 3785 garten,
494 3715 849 3769 Nachrichten
878 3732 975 3769 von
1008 3716 1345 3785 merkwurdig
1400 3713 1665 3781 Buchern,
1696 3727 1828 3773 tom.

254 3808 339 3870 111,
369 3824 421 3875 p.
459 3808 563 3863 559
584 3823 669 3877 sq.
694 3837 764 3847 —
791 3806 926 3862 Ibid.
952 3822 1003 3877 p.
1037 3807 1140 3862 557
1164 3824 1245 3877 sq.
1280 3798 1628 3861 recensentur
1675 3809 1833 3881 Ἀρχ-

258 3898 564 3969 ωρατικὸνο
629 3898 789 3952 Liber
832 3898 1158 3968 pontiﬁcalis
1208 3896 1464 3958 Ecclesia!
1520 3896 1721 3952 Grzecaa
1762 3928 1831 3938 —-

256 3990 441 4045 labore
468 3989 636 4042 lsasci
662 3988 907 4055 Ilaberti,
930 4000 1037 4043 etc.
1059 3988 1233 4043 Paris.
1266 3988 1424 4054 1645,
1448 3989 1564 4055 l'ol.,
1588 4004 1640 4045 et
1664 3991 1827 4045 Goari

255 4083 601 4155 Εὑχολόγιον,
636 4092 771 4155 etc.,
802 4082 912 4149 jam
962 4095 993 4133 a
1036 4080 1286 4134 Fabricio
1336 4092 1727 4149 memoratum;
1777 4096 1832 4138 et

256 4194 379 4249 pag.
422 4176 526 4230 207
566 4190 713 4245 sqq.,
750 4174 986 4243 Liturgia
1021 4172 1257 4227 Romana
1299 4188 1461 4237 vetus,
1510 4175 1613 4229 tria
1648 4190 1832 4228 sacra-

257 4271 521 4324 mentaria
572 4269 969 4338 complectens,
1008 4265 1339 4319 Leonianutn
1385 4267 1619 4331 scilicet,
1670 4266 1832 4322 Gela-

256 4366 467 4421 sianum
498 4372 554 4417 et
587 4366 866 4431 antiquum
899 4379 912 4415 :
958 4360 1373 4431 Gregoriauutn,
1410 4362 1605 4415 edente
1645 4361 1831 4414 Ludo-

259 4462 379 4512 vico
412 4456 650 4512 Antonio
680 4455 994 4517 Muratorio,
1026 4484 1094 4495 -—
1128 4456 1219 4523 qui
1263 4463 1317 4508 et
1352 4456 1519 4523 ipsum
1546 4470 1668 4507 cum
1701 4455 1835 4507 alia-

1930 1984 2090 2046 1654,
2137 2001 2260 2052 pag.
2306 1984 2394 2039 75.
2450 1980 2688 2051 Incipit:
2729 1980 2967 2043 Domine,
3015 1983 3106 2049 qui
3152 1981 3292 2035 nosti
3347 1978 3512 2033 corda

1929 2076 2219 2128 hominum.
2256 2074 2447 2143 [Garn.
2485 2075 2549 2137 11,
2585 2090 2637 2142 p.
2667 2071 2771 2126 688
2797 2088 2943 2142 sqq,
2970 2087 3091 2124 cum
3122 2085 3265 2126 vers.
3300 2070 3514 2124 [leuau-

1928 2168 2089 2240 doti.]

1998 2258 2107 2313 Nec
2129 2273 2234 2312 non
2254 2258 2558 2325 Anaphora,
2580 2272 2739 2324 quam
2768 2272 2833 2310 ex
2853 2255 3079 2327 Syriaco
3101 2252 3247 2307 dedit
3266 2251 3513 2305 Andreas

1929 2353 2153 2419 Masius,
2186 2352 2469 2418 Antvverp.
2506 2349 2663 2413 1569,
2709 2357 2869 2415 atque
2910 2349 3030 2401 inde
3062 2348 3321 2401 insertam
3348 2343 3514 2397 habes

1931 2456 2075 2500 tomo
2093 2444 2155 2500 IV
2173 2443 2312 2499 Bibl.
2337 2439 2560 2496 Patrum
2584 2440 2754 2492 Paris.
2776 2436 2912 2492 1575
2933 2446 2986 2489 et
3010 2446 3047 2490 ι.
3067 2436 3136 2490 VI
3155 2436 3325 2491 Paris.
3348 2434 3510 2496 1589,

1931 2535 2087 2595 1651,
2125 2533 2287 2597 1621,
2320 2531 2438 2595 fo|.,
2472 2542 2633 2599 atque
2668 2528 3045 2596 supplemento
3072 2524 3509 2579 Francol’urtensi

1930 2627 2239 2679 criticorqu
2260 2640 2537 2678 sacrorum
2556 2634 2686 2677 tom.
2707 2621 2769 2686 Il,
2788 2638 2837 2690 p.
2854 2620 2977 2674 459.
2997 2618 3331 2678 Breviorest,
3350 2626 3512 2683 atque

1934 2715 2119 2784 incipit
2138 2730 2151 2765 :
2173 2712 2393 2766 xEterne
2420 2714 2575 2776 Deus,
2602 2714 2692 2783 qui
2716 2714 2767 2765 in
2785 2710 3042 2778 principio
3066 2708 3303 2762 homines
3321 2707 3513 2760 creasti

1931 2809 1999 2860 ad
2021 2806 2816 2871 immortalitatem.Auaphora:
2834 2804 2948 2857 sive
2968 2801 3198 2871 liturgite
3223 2799 3513 2865 subjicitur

1930 2898 2158 2968 precatio
2178 2912 2285 2966 qua
2308 2897 2569 2951 consuevit
2597 2897 2763 2949 sacris
2782 2906 3025 2961 operatus
3052 2896 3129 2945 uti
3154 2894 3291 2958 apud
3320 2891 3511 2943 Deum.

1932 2991 2121 3059 Incipit
2147 3008 2159 3043 :
2191 2988 2462 3043 Luudetur
2487 2989 2711 3043 essentia
2736 3003 2853 3055 qua:
2882 2985 3123 3039 omnibus
3154 2985 3391 3036 essentiis
3417 3001 3511 3035 su-

1936 3083 2145 3134 blimior
2172 3091 2269 3134 est.
2305 3082 2472 3151 Uidit.
2502 3098 2529 3132 a
2569 3079 2931 3140 licuaudotio,
2966 3087 3023 3129 ut
3050 3075 3211 3146 paulo
3246 3085 3371 3127 ante
3395 3073 3508 3141 jam

1934 3172 2342 3244 animadverti.]

2003 3264 2157 3334 Apud
2194 3262 2411 3318 Petrum
2445 3262 2741 3325 Diaconum
2770 3264 2846 3332 (α)
2880 3261 2975 3314 lib.
3028 3260 3102 3313 De
3146 3260 3515 3312 incarnatione

1931 3368 1977 3411 et
2012 3357 2180 3426 gratia
2222 3356 2438 3422 Christi,
2476 3372 2575 3425 cap
2604 3355 2657 3417 8,
2690 3354 2943 3422 leguntur
2981 3366 3046 3405 ex
3100 3350 3283 3405 Basilii
3331 3348 3514 3404 Cassa-

1935 3449 2130 3503 riensis
2178 3450 2438 3513 oratione,
2467 3448 2581 3500 sive
2605 3445 2917 3513 precatione
2945 3443 3081 3495 sacri
3108 3441 3319 3499 altaris.
3348 3456 3511 3509 quam

1934 3555 2068 3607 pene
2099 3540 2411 3593 universum
2458 3536 2534 3588 ait
2567 3534 2915 3603 frequentare
2960 3532 3262 3596 Orientem,
3292 3546 3413 3599 qua:
3459 3531 3511 3582 in

1935 3628 2076 3679 nulla
2118 3625 2346 3694 liturgiaa
2372 3623 2607 3678 editione
2647 3623 2899 3691 leguntur
2937 3639 2950 3675 :
2999 3620 3219 3674 Domine
3262 3620 3515 3673 uirtutum

1940 3734 2002 3769 ac
2028 3728 2395 3782 tutamentum,
2415 3714 2602 3777 malos,
2623 3731 2947 3783 qua’suntus,
2969 3713 3127 3766 bonos
3145 3713 3321 3782 facito,
3349 3712 3514 3763 bonos

1934 3810 1989 3861 in
2019 3810 2249 3862 bonitate
2273 3826 2516 3862 conserva
2550 3823 2567 3859 :
2596 3810 2774 3860 omnia
2814 3824 2953 3859 erant
2985 3815 3153 3873 potes,
3199 3815 3245 3856 et
3290 3818 3395 3856 non
3432 3816 3508 3857 est

1932 3908 2021 3971 qui
2060 3903 2388 3955 contradicat
2437 3902 2551 3965 tibi,
2599 3917 2717 3953 cum
2766 3904 2905 3953 enim
2946 3896 3169 3951 colueris
3216 3895 3411 3963 salvas,
3464 3906 3512 3949 et

1937 4012 2084 4047 nemo
2113 3996 2302 4046 resistit
2335 3992 2590 4045 voluntati
2617 4002 2741 4043 tute.

2008 4086 2194 4139 XXVI.
2238 4084 2493 4137 Basilium
2534 4082 2624 4134 τὸν
2670 4082 2860 4149 Μέγαν
2903 4084 2960 4133 ὲν
3008 4083 3071 4152 τῇ
3116 4080 3384 4152 ἑρμηνείᾳ
3414 4077 3518 4149 τῆς

1936 4177 2279 4247 λειτουργίας
2317 4176 2447 4229 citat
2478 4174 2711 4237 lsaacus,
2744 4190 2948 4241 magnte
2975 4172 3241 4227 Armenta:
3285 4171 3518 4225 catholi-

1937 4285 2054 4335 cus,
2089 4268 2267 4324 s'teculi
2303 4283 2357 4321 ιι
2389 4267 2648 4337 scriptor,
2680 4267 2943 4321 invectiva
2979 4265 3003 4317 1
3040 4265 3091 4318 in
3126 4264 3431 4324 Armenios,
3462 4276 3517 4331 p.

1938 4362 2032 4415 541
2080 4362 2233 4431 (tom.
2261 4358 2305 4413 ll
2328 4362 2542 4413 Auctor.
2572 4360 2689 4412 novi
2718 4355 3150 4427 Combelisiani).
3180 4356 3272 4417 At,
3300 4370 3420 4425 qua:
3440 4352 3519 4407 af-

1939 4454 2063 4512 l‘ert.
2096 4462 2316 4505 exstant
2344 4452 2501 4505 hodie
2533 4452 2583 4505 in
2618 4451 2837 4521 Θεωρίᾳ
2864 4451 3261 4521 μυσταγωγικῇ
3298 4446 3519 4520 [Basilio

258 4569 375 4606 rum
416 4549 657 4618 gentium
693 4547 927 4615 Iiturgiis
978 4546 1228 4608 contulit,
1282 4553 1347 4599 ad
1399 4546 1830 4599 conﬁrmandam
1868 4583 1909 4640 υ
1940 4545 2171 4613 ascripta
2197 4545 2249 4598 in
2275 4546 2434 4598 duob.
2467 4546 2623 4598 codd.
2652 4544 2825 4598 Paris.
2852 4554 2908 4597 et
2940 4543 3059 4595 cod.
3086 4539 3376 4612 Escorial.]
3402 4556 3519 4608 quae

258 4659 370 4715 pre
397 4644 607 4697 caeteris
654 4638 933 4695 catholica:
981 4638 1237 4692 Ecclesia:
1264 4638 1331 4692 de
1358 4638 1699 4692 Eucharistia
1734 4638 1832 4691 do-

255 4737 523 4799 ctrinam,
549 4744 681 4797 etc.,
708 4731 899 4787 Venet.
938 4730 1095 4796 1748,
1128 4728 1169 4783 ll
1204 4730 1329 4785 voll.
1362 4729 1455 4784 fol.
1488 4728 1544 4782 In
1580 4731 1829 4798 prolego.

258 4842 404 4883 tuen.
438 4840 560 4893 cap.
597 4824 663 4877 η
694 4833 750 4878 et
788 4822 857 4877 15
892 4824 1297 4876 demonstrasse
1327 4821 1428 4875 sibi
1472 4823 1683 4875 videtur
1714 4820 1830 4873 Μιιο

260 4918 497 4975 ratorius
519 4931 841 4971 consensum
870 4914 1294 4971 Occidentalium
1321 4912 1681 4967 Ecclesiarmn
1707 4928 1829 4966 cum

258 5010 502 5064 Romana
548 5008 601 5060 in
657 5008 897 5060 doctrina
934 5006 1000 5059 de
1046 5020 1200 5059 sacra
1234 5018 1413 5067 cmna,
1448 5012 1503 5057 et
1550 5012 1837 5057 enumerat

258 5102 559 5173 prtecipuas
596 5097 951 5155 Orientalium
982 5097 1248 5168 liturgias,
1279 5097 1562 5165 primoque
1599 5097 1718 5149 loco
1750 5096 1829 5151 lit.

257 5196 593 5257 (iratorum,
622 5206 738 5260 qut
761 5200 985 5245 vocetur
1014 5189 1245 5257 Liturgia
1270 5189 1463 5243 Basilii
1489 5188 1563 5241 Μ.
1594 5199 1642 5241 et
1666 5191 1831 5257 Chry-

258 5289 510 5350 sostcmi;
537 5295 647 5338 tum
678 5290 959 5351 comparat
980 5281 1159 5335 Basilii
1190 5281 1485 5349 liturgiam,
1517 5280 1829 5346 inscriptam

258 5380 367 5435 τῶν
398 5377 879 5452 προηγιασμένων,
914 5388 969 5431 et
1010 5385 1198 5445 postea
1228 5373 1501 5444 Copticam
1538 5372 1723 5427 Basilii
1770 5373 1833 5425 li-

334 5518 408 5587 (a)
450 5516 593 5570 Inter
629 5514 906 5587 Fulgentji
933 5526 1119 5587 op_era,
1169 5521 1297 5587 tum.
1337 5510 1411 5587 |X_
1438 5509 1573 5565 Bibl.
1603 5506 1832 5587 Batrttnt

262 5578 400 5640 edit.’
432 5588 629 5654 Lugd.,
660 5578 779 5655 pug.
811 5583 933 5638 198.
972 5578 1144 5655 Faue.
1190 5582 1497 5655 llenautlot.
1527 5580 1742 5655 quidem
1778 5578 1830 5629 in

267 5659 400 5712 diss.
438 5650 825 5725 Do'liturgiar.
870 5652 1134 5708 Oriental.
1164 5653 1366 5725 origine
1405 5660 1453 5703 et
1495 5650 1831 5725 auctoritate,

266 5736 397 5781 tum.
426 5728 465 5787 l,
496 5742 619 5796 pag.
653 5720 859 5779 simu
903 5740 1014 5793 sq.,
1036 5734 1224 5796 contra
1255 5722 1562 5796 Tilletuout.
1590 5720 1833 5796 aliosque

265 5791 530 5854 ostendit.
571 5791 827 5862 ntajorcm
873 5791 1150 5846 dimidiam
1194 5807 1258 5845 es
1294 5791 1829 5862 It‘ulgentioucitatatu

265 5880 474 5934 partem
508 5870 561 5922 in
593 5858 684 5922 Gr.
724 5865 938 5934 litttrgta
970 5863 1222 5931 reperiri
1264 5863 1355 5917 sed
1379 5863 1501 5916 inde
1532 5859 1661 5914 nihil
1687 5858 1829 5913 aliud

1937 4651 2211 4692 auctore-tu
2262 4639 2423 4693 habet
2460 4637 2816 4694 Germanum.
2851 4636 3217 4701 patriarcham
3256 4632 3415 4688 CPol.
3454 4634 3519 4688 Α.

1933 4732 2064 4786 Chr.
2103 4729 2243 4784 1255
2289 4730 2625 4793 defunctum,
2668 4728 2795 4782 licet
2835 4727 2920 4780 illa
2973 4730 3024 4779 in
3076 4726 3356 4779 codicibus
3401 4727 3522 4793 qui-

1936 4824 2157 4879 busdam
2188 4838 2383 4877 nomen
2418 4822 2624 4884 Basilii,
2662 4822 2714 4873 in
2756 4820 2877 4874 aliis
2910 4818 3093 4890 Cyrilli
3127 4816 3523 4887 Hierosolymi-

1935 4917 2066 4979 tani,
2115 4916 2386 4985 praeferat,
2429 4924 2479 4970 et
2522 4916 2645 4968 licet
2681 4912 2883 4967 Basilio
2910 4912 3189 4965 vindicare
3230 4924 3349 4964 eam
3392 4909 3521 4961 velit

1936 5006 2291 5062 Comhelisius
2316 5008 2368 5060 in
2395 5006 2536 5061 notis
2572 5021 2626 5074 p.
2656 5002 2783 5058 420.
2813 5002 3001 5071 Incipit
3027 5019 3041 5055 :
3078 5000 3374 5069 Ἐκκλησία
3403 5000 3520 5051 ἐστὶ

1912 5098 2064 5174 ,ναὸς
2097 5100 2254 5153 Θεοῦ.
2286 5100 2458 5161 Fasti.

2022 5191 2251 5262 Ὶστορία
2298 5189 2694 5262 μυσταγωγικὴ
2729 5188 2825 5240 καὶ
2852 5184 3281 5256 ὲκκλησιαστική
3322 5183 3519 5235 citatttr

1938 5292 1989 5337 et
2020 5292 2200 5337 exstat
2222 5284 2274 5336 in
2306 5282 2427 5337 cod.
2458 5280 2702 5335 Naniauo
2731 5277 3061 5340 CCXXVIII,
3089 5295 3142 5331 n.
3170 5277 3265 5331 99.
3303 5275 3365 5329 ν.
3397 5272 3514 5328 Cat.

1938 5375 2091 5430 ι-υαιι.
2131 5372 2225 5427 Gr.
2262 5372 2433 5435 Nam,
2475 5387 2526 5441 p.
2571 5371 2694 5424 422.
2730 5400 2797 5411 -—
2832 5370 2876 5422 A
2917 5369 3171 5423 Garnier.
3224 5364 3287 5430 ll,
3329 5381 3379 5422 ο.
3412 5364 3518 5419 674

1944 5510 2125 5576 sequi,
2155 5510 2262 5565 nisi
2292 5518 2351 5564 ut
2392 5507 2633 5577 quaedam
2666 5506 2899 5577 liturgia-
2925 5500 3212 5556 Basiliante
3239 5498 3519 5577 particula

1943 5570 2053 5634 sint
2079 5570 2334 5644 servatae,
2368 5570 2527 5647 atque
2547 5570 2933 5647 qumuanfsint
2958 5585 3250 5647 germanae,
3270 5570 3384 5647 dici
3412 5584 3515 5621 nou

1943 5666 2120 5718 posse,
2146 5640 2330 5705 sobrie
2366 5640 2752 5703 animadvertit
2776 5646 2846 5718 c_|.
2882 5640 3211 5718 Schroet-klt,
3251 5641 3341 5708 qui
3370 5640 3515 5718 I._,c.,

1942 5709 2062 5790 pag.
2106 5709 2373 5782 303-206.
2426 5724 2490 5773 de
2531 5718 2744 5790 liturgia
2793 5715 2914 5768 Bas.
2938 5715 3098 5790 λιιιίι,
3154 5722 3209 5765 et
3266 5709 3510 5780 quaedam

1942 5783 2129 5848 contra
2159 5791 2435 5847 Benaudol
2489 5790 2623 5843 bene
2648 5783 2904 5855 disputat.
2937 5783 3105 5837 llsuL.
