4046 6464
505 392 694 442 cum:

1859 382 2395 444 I’BOLEGOMENA.

513 527 656 582 δρψ,
693 528 754 565 es
790 507 1084 562 Iteuaudoti
1127 524 1289 578 opere
1330 510 1422 564 cit.
1467 510 1683 563 reddita-
1718 519 1838 563 sunt
1881 521 2085 564 tantum
2121 515 2158 567 Α
2195 522 2364 570 ratus,
2409 508 2612 578 pridem
2650 508 2938 561 intercidit.
2990 509 3120 563 Vide
3148 505 3449 564 Tillt-tnonl.
3484 519 3608 562 tom.
3646 511 3763 570 XV:

509 606 680 673 prima
715 612 764 659 et
801 603 988 662 tertia;
1025 599 1406 670 I°l.iturgiaS.
1430 599 2087 656 BasiliiAlexandrina.ex

510 696 629 749 ro'd.
659 690 1130 752 Greco-Arabico,
1169 692 1318 742 initio
1351 690 1557 749 mutila,
1590 692 1684 746 Cr.
1713 706 1771 743 ac
1807 689 1920 742 Lat.
1941 722 2008 730 —
2033 692 2089 743 9."

511 785 746 852 Liturgia
781 786 837 839 S.
871 783 992 838 Bas.
1040 799 1106 837 ex
1158 784 1376 849 Coplltftl
1407 797 1686 838 conuersa.
1722 812 1789 820 —
1826 783 1878 833 In
1939 784 2086 850 prael'.

513 877 542 947 ς
576 875 710 938 XIII,
755 890 807 942 p.
842 889 1039 936 Luxv,
1076 874 1360 927 admodum
1394 889 1559 941 pauca
1592 875 1655 926 de
1681 870 2088 940 Basiliiliturgia

509 978 664 1022 caute
699 978 900 1026 monet.
931 967 1181 1034 quoniam
1221 966 1287 1014 ab
1317 964 1434 1019 aliis
1467 966 1672 1018 abunde
1708 966 1775 1016 sil
1805 963 1870 1016 de
1909 965 1994 1016 illa
2037 965 2086 1015 iu

512 1074 793 1130 utramque
832 1071 1037 1129 partem
1075 1060 1420 1125 disputatum.
1478 1061 1624 1112 Adde
1682 1057 1854 1110 Riveti
1906 1059 2088 1112 Critici

511 1155 645 1208 sacri
701 1152 792 1208 lib.
828 1167 906 1213 Ill,
937 1165 1054 1216 cap.
1089 1147 1180 1212 ‘20,
1223 1163 1274 1215 p.
1320 1149 1420 1202 554
1464 1162 1583 1214 sqq.
1629 1146 1852 1200 L‘berius
1896 1149 1961 1201 de
2002 1149 2088 1202 illa

515 1243 624 1307 egit
665 1252 716 1296 et
764 1242 975 1294 diversa
1005 1239 1272 1292 variorum
1310 1237 1509 1306 judieia
1543 1235 1756 1305 collegit
1796 1234 1992 1290 Outlin.
2037 1241 2085 1292 iu

515 1336 713 1386 Comm.
743 1333 835 1386 cit.
890 1345 1020 1386 tom.
1057 1330 1097 1392 l,
1141 1334 1201 1382 de
1232 1329 1446 1384 Basilio.
1482 1344 1599 1397 cap.
1635 1331 1688 1388 5,
1722 1346 1770 1394 p.
1798 1329 1902 1381 57").
1943 1347 2085 1398 ςιμι,,

515 1435 571 1475 ιιι
605 1422 901 1476 llenandoti
950 1422 1282 1484 aliorumque
1317 1419 1655 1470 narrationes
1686 1413 2088 1484 sententiasque

515 1517 938 1582 pra‘lermittam.
963 1540 1030 1551 —
1056 1511 1127 1564 De
1149 1513 1268 1562 cod.
1302 1511 1430 1563 bibl.
1453 1508 1623 1566 Paris.
1657 1526 1708 1562 η.
1745 1509 2086 1573 ΜΜΜΧΧΙΕΙ,

519 1607 859 1674 bombycino,
900 1605 1370 1661 Graeco-Arabico,
1412 1603 1502 1670 qui
1535 1605 1774 1656 continet
1818 1603 2086 1669 Iiturgiatu

516 1698 693 1749 Basilii
731 1695 1174 1757 Alexztndriuatn,
1208 1695 1424 1759 Coptice
1452 1707 1682 1755 versam,
1717 1710 1836 1744 eunt
1872 1693 2078 1745 versio-

519 1805 583 1839 ne
608 1787 860 1848 Arabica,
893 1787 984 1840 sed
1015 1785 1221 1837 diver~a
1249 1784 1312 1836 ab
1336 1798 1396 1836 ea
1422 1797 1538 1851 qum
1571 1785 1804 1836 occurrit
1829 1783 1878 1835 iu
1907 1783 2088 1850 Copti-

516 1879 594 1932 cis
626 1881 779 1933 codd.
818 1879 967 1946 plura
1004 1876 1165 1928 tradit
1210 1875 1505 1929 Rr‘ttaudot.
1549 1877 1600 1926 in
1643 1874 1933 1927 Montfauc.
1980 1874 2089 1927 Pu-
2123 1854 2162 1906 Β

511 1971 695 2036 la'ogr.
734 1967 852 2026 Cn,
887 1985 938 2036 p.
977 1967 1080 2020 515
1112 1985 1194 2032 sq.
1227 1999 1289 2008 —
1326 1968 1457 2020 Ibid.
1485 1967 1805 2020 iuterlihros
1833 1984 1956 2019 suos
1984 1968 2090 2022 Ge-

516 2061 697 2112 tasius
752 2061 802 2112 in
837 2061 1122 2129 diplomate
1160 2059 1345 2111 Gneeo
1385 2069 1519 2124 patr.
1569 2057 1625 2110 S.
1669 2058 1849 2113 Basilii
1888 2060 2088 2120 Rontm,

520 2165 636 2213 post
668 2169 792 2205 ann.
837 2155 966 2206 circ.
1002 2152 1155 2212 11ῗέῖὶ,
1199 2161 1458 2203 memorat
1485 2152 1581 2220 τὴν
1614 2153 1930 2221 ἑρμηνείαν,
1963 2163 2088 2214 ete.,

516 2246 994 2312 interpretationem
1031 2244 1259 2312 liturgiw
1293 2243 1352 2298 S.
1394 2243 1604 2297 Basilii.
1636 2275 1695 2285 —-
1734 2244 1785 2296 In
1829 2245 1956 2297 bibl.
1995 2243 2088 2297 Uf-

518 2336 770 2391 li-nbaslt.
813 2331 1062 2387 Francol.
1097 2332 1195 2386 fuit
1234 2334 1284 2385 in
1311 2335 1423 2386 cod.
1458 2351 1579 2386 saec.
1622 2351 1696 2389 tx.
1723 2333 1907 2384 Basilii
1937 2333 2092 2385 litur-

517 2431 627 2491 gia,
665 2429 755 2481 sed
795 2443 897 2480 non
932 2431 1087 2478 tntqu
1112 2430 1177 2476 ab
1217 2426 1355 2476 etlita
1389 2425 1571 2475 firmata
1615 2424 1663 2475 itt
1703 2424 1884 2476 titultis
1915 2425 2092 2478 diver-

519 2536 602 2582 sa,
637 2535 821 2572 verum
853 2521 1013 2572 etiam
1059 2520 1126 2570 ab
1153 2534 1213 2571 ea
1265 2533 1426 2584 quam
1459 2515 1656 2569 Euseb.
1697 2515 1996 2568 Itenandot.
2040 2518 2091 2569 in

519 2611 832 2664 Col/ertione
868 2612 1199 2675 Iiturgiarum
1238 2608 1520 2673 0riental.,
1546 2621 1671 2662 tom.
1707 2607 1745 2672 l,
1777 2623 1827 2675 p.
1860 2609 1925 2662 57
1949 2625 2089 2678 sqq..

518 2720 584 2756 ex
621 2703 784 2771 Regio
816 2703 936 2756 cod.
968 2703 1174 2770 primus
1202 2702 1389 2764 edidit,
1417 2701 1570 2769 longe
1606 2702 1880 2760 recedens,
1921 2703 1992 2750 uti
2027 2700 2095 2751 fe-

519 2810 580 2850 re
612 2812 710 2851 nec
737 2796 955 2865 Coptica
1001 2809 1100 2847 nec
1140 2794 1386 2862 Syriaca,
1430 2807 1525 2844 nec
1555 2793 1670 2844 alia:
1720 2791 1898 2842 Basilii
1943 2792 2093 2840 litur-

521 2889 624 2954 δεῖτε
654 2887 875 2939 invicem
917 2883 1262 2938 conveniunt.
1295 2882 1470 2947 Quare
1492 2879 1542 2933 .I.
1575 2879 1636 2932 11.
1680 2878 1846 2930 Maius
1875 2877 1924 2928 in
1953 2874 2088 2929 Bibl.

521 2997 620 3032 ms.
668 2979 1102 3045 Uﬂ'enbacltinna,
1161 2992 1214 3044 p.
1252 2973 1513 3036 497—522,
1567 2988 1684 3027 eam
1738 2971 1922 3026 Gnece
1970 2987 2091 3024 cum

520 3083 616 3118 sua
651 3070 898 3118 vei-sione
925 3067 1039 3119 Lat.
1064 3078 1116 3119 et
1149 3066 1417 3119 nonnullis
1447 3065 1711 3118 aduotatt.
1741 3062 1936 3131 publici
1960 3060 2097 3128 juris

2199 600 2415 653 Mentor.
2457 601 2557 652 hist
2585 598 2788 654 eccles..
2817 612 2871 665 p.
2908 598 3028 654 611.
3064 621 3082 652 ι
3120 599 3387 653 Ilactenus
3431 599 3591 654 FABR.
3626 600 3761 653 Gar-

2193 690 2351 752 nier.,
2372 691 2461 758 qui
2494 690 2592 743 tria
2630 689 2742 741 haec
2765 689 3018 756 opuscula
3055 690 3239 744 Gnece
3267 705 3496 754 unquam
3522 692 3761 744 exstitis-

2191 796 2249 832 se
2293 782 2519 844 dubitat,
2557 800 2586 834 e
2617 780 2890 834 contrario
2948 795 2976 830 a
3027 779 3234 835 Latinis
3265 786 3556 845 composita
3597 783 3764 836 fuisse

2196 891 2292 940 pro
2335 884 2486 928 certo
2531 877 2711 934 habet.
2736 874 2961 927 discedit
2988 888 3016 925 a
3045 879 3308 930 sententia
3340 874 3568 929 Fabricii
3605 889 3764 946 atque

2190 967 2404 1028 Oudini,
2432 976 2486 1019 et
2509 979 2668 1035 negat
2724 965 2954 1020 libellum
2987 965 3241 1033 primum,
3269 967 3322 1020 in
3361 981 3464 1033 quo
3502 981 3567 1018 ne
3598 983 3760 1020 unum

2189 1058 2404 1123 quidem
2445 1058 2671 1111 verbum
2696 1059 2760 1110 de
2791 1058 3082 1110 liberorum
3115 1057 3406 1112 amissione
3434 1057 3658 1125 legatur,
3693 1059 3758 1110 il-

2192 1151 2276 1200 Iud
2322 1149 2494 1215 ipsum
2540 1165 2673 1217 opus
2716 1164 2834 1201 esse
2871 1148 3102 1202 Victoris
3153 1146 3559 1211 Cartenneusis,
3617 1149 3760 1216 quod

2188 1242 2496 1295 Gennadius
2524 1243 2617 1308 ait,
2670 1241 2791 1294 ideo
2835 1242 3093 1308 scriptum
3141 1236 3308 1293 fuisse
3360 1256 3389 1292 a
3424 1239 3662 1302 Victore,
3704 1249 3763 1294 ut

2189 1332 2475 1398 quemdam
2510 1332 2742 1385 amicum
2781 1345 2934 1382 suum
2955 1343 3113 1396 super
3137 1325 3228 1380 lilii
3253 1337 3424 1382 morte
3448 1329 3760 1386 consolare-

2191 1436 2296 1476 tor.
2327 1424 2514 1486 Docet,
2554 1437 2826 1475 auctorem
2863 1421 3096 1473 voluisse
3133 1432 3319 1471 omnes
3363 1423 3630 1474 consolari
3672 1437 3764 1474 ca-

2192 1523 2486 1585 lamitosos,
2516 1519 2776 1586 praecipue
2803 1534 2895 1571 eos
2920 1517 3007 1584 qui
3034 1515 3192 1582 lepra:
3217 1516 3402 1568 morbo
3439 1516 3764 1569 alllietahan-

2191 1626 2296 1666 tur.
2328 1613 2563 1681 Denique
2590 1609 2766 1660 laudat
2803 1608 2959 1662 amici
2995 1605 3270 1674 cujusdam
3298 1604 3582 1669 judicium,
3611 1605 3761 1658 illum

2190 1701 2422 1754 libellum
2463 1715 2490 1752 a
2539 1695 2692 1750 Gallo
2750 1695 2913 1749 fusse
2968 1693 3347 1762 compositum,
3397 1707 3460 1744 eo
3510 1693 3763 1746 videlicet

2193 1800 2450 1858 tempore,
2489 1801 2594 1854 quo
2618 1785 2773 1853 Ieprue
2814 1788 2928 1839 lues
2975 1786 3216 1852 regiones
3253 1783 3369 1836 illas
3399 1781 3633 1834 maxime
3676 1783 3763 1833 in.

2195 1881 2429 1932 lestaret.
2466 1875 2540 1929 De
2569 1878 2799 1929 secunda
2833 1876 3170 1931 oratiuncula
3203 1877 3422 1944 adoptat
3444 1874 3612 1930 Garn.
3655 1872 3762 1926 Fa-

2193 1971 2345 2024 bricii
2399 1970 2735 2038 aliorumque
2764 1969 3046 2035 judicium.
3081 1968 3317 2019 Tertium
3357 1969 3590 2035 denique
3623 1982 3764 2035 opu:-

2192 2061 2398 2112 st-ulum
2430 2059 2656 2114 allirmat
2701 2059 2877 2115 Basilii
2904 2057 3115 2125 quidem
3147 2071 3248 2109 non
3280 2072 3398 2110 esse
3421 2071 3435 2120 ;
3458 2061 3572 2121 sed,
3613 2067 3701 2109 aut
3733 2072 3764 2111 ι

2193 2167 2319 2220 quo,
2345 2165 2434 2207 aut
2461 2169 2566 2222 quo
2599 2166 2835 2223 tempore
2863 2150 3195 2204 elaboratum
3225 2148 3315 2209 sit,
3344 2149 3496 2217 plane
3530 2149 3761 2217 ignorat.

2195 2243 2366 2297 llARL.

2267 2334 2454 2406 [XN/.1
2498 2333 2570 2386 De
2607 2332 2756 2384 laude
2805 2331 3056 2382 solitaria:
3098 2329 3233 2393 vitat,
3279 2327 3486 2384 Latine.
3532 2329 3762 2396 Incipit:

2200 2429 2337 2480 Libet
2379 2428 2440 2477 tle
2472 2424 2750 2493 singularis
2793 2423 2907 2475 vita:
2942 2439 3066 2474 mea!
3095 2424 3311 2489 meritis,
3370 2434 3472 2477 etc.
3536 2424 3593 2477 P.
3639 2424 3763 2478 705‘.

2197 2521 2374 2587 l\'eque
2414 2517 2512 2570 boc
2552 2515 2801 2568 Basilium
2846 2525 3118 2568 auctorem
3163 2515 3341 2576 habet,
3394 2517 3486 2569 secl
3542 2513 3764 2568 Petrum

2197 2610 2459 2671 Itatniani,
2494 2609 2710 2675 petitum
2751 2622 2814 2660 es
2860 2606 2974 2672 ejus
3021 2607 3278 2676 opusculo
3321 2606 3408 2670 XI,
3460 2609 3572 2660 sive
3630 2607 3766 2659 libro

2198 2700 2445 2751 Dominus
2477 2699 2756 2757 vobiscum,
2793 2713 2913 2764 eap.
2962 2697 3044 2758 19,
3085 2707 3211 2748 toni.
3242 2696 3303 2748 lll
3335 2695 3468 2764 Opp.
3505 2712 3626 2766 pag.
3665 2697 3769 2749 105

2195 2805 2308 2854 seq.
2335 2790 2462 2839 edit.
2497 2788 2666 2842 Paris.
2702 2787 2858 2842 1652:
2897 2786 2986 2836 t‘ol.

2267 2878 2430 2949 [XV.]
2457 2879 2756 2929 Atlntonitio
2807 2878 2873 2927 ad
2906 2877 3073 2943 ﬁlium
3100 2877 3409 2943 spiritalem,
3441 2875 3650 2938 Latine,
3709 2894 3769 2928 n-

2196 2981 2342 3024 eerto
2406 2973 2710 3036 interprete.
2748 2965 2936 3035 Incipit
2972 2968 3174 3033 :Audi,
3218 2967 3316 3033 ﬁli,
3359 2968 3770 3020 admonitionem

2196 3065 2358 3129 patris
2392 3064 2488 3125 tui,
2533 3078 2587 3130 p.
2621 3061 2725 3116 208
2777 3061 2965 3114 Exstat
3011 3074 3060 3114 et
3114 3062 3165 3114 in
3216 3062 3511 3129 appendiee
3557 3061 3769 3114 Codicis

523 3159 666 3212 fecit.
695 3189 764 3198 —-
798 3158 966 3210 l’at'is.
1015 3157 1065 3209 in
1104 3157 1230 3209 bibl.
1264 3157 1408 3223 pttbl.
1447 3157 1657 3224 liturgia
1686 3155 1780 3209 Gr.
1828 3165 2001 3208 exstat
2043 3155 2091 3207 itt
2122 3185 2164 3241 ϐ
2199 3158 2492 3222 regularum
2538 3158 2965 3218 utonasticarnm,
3007 3155 3270 3207 recensita
3314 3170 3340 3206 a
3385 3153 3526 3207 Luca
3558 3152 3773 3208 1101518-

523 3248 634 3304 VIII
666 3252 783 3305 cod.
820 3248 880 3303 ν.
922 3248 1036 3303 Cat.
1081 3249 1228 3300 codd.
1273 3247 1468 3300 Paris..
1500 3248 1603 3300 vol.
1645 3246 1720 3308 11;
1750 3255 2004 3312 praeterea
2041 3247 2090 3297 in

527 3341 630 3393 vol.
662 3340 679 3393 1
714 3350 1076 3400 etnnneratur,
1115 3355 1165 3407 p.
1203 3336 1290 3401 57,
1329 3337 1469 3388 inter
1508 3335 1660 3388 codd.
1709 3335 1981 3405 Syriacus,
2025 3333 2092 3385 li-

529 3432 698 3499 turgia
725 3429 901 3483 Basilii
931 3441 982 3482 et
1021 3427 1246 3497 Gregor.
1295 3427 1543 3479 Nazianz.
1592 3440 1710 3476 cum
1748 3425 1866 3475 aliis
1897 3425 1946 3475 iu
1973 3424 2092 3476 cod.

531 3519 765 3576 LXVI”.
807 3549 877 3559 -—
906 3518 1030 3587 Pag.
1064 3517 1133 3571 72
1160 3534 1241 3586 sq.
1279 3517 1418 3568 inter
1446 3516 1597 3567 codd.
1637 3513 1886 3580 Copticos
1913 3510 2090 3579 Iiturg.

533 3631 633 3666 una
658 3630 776 3666 cutu
805 3613 1247 3681 interpretatione
1276 3608 1524 3670 ArabiCa,
1552 3607 1705 3660 codd.
1733 3605 1900 3660 XXIV
1928 3620 2096 3673 usque

529 3705 594 3758 ad
632 3703 796 3765 XXX,
838 3706 888 3755 in
920 3705 974 3763 4,
1009 3704 1128 3755 eod.
1166 3701 1405 3764 XXXIX,
1443 3703 1491 3752 in
1514 3700 1565 3753 8.
1605 3729 1672 3738 —
1721 3699 1955 3768 Liturgia
1993 3698 2096 3750 Ba-

530 3795 615 3847 sil.
652 3795 702 3847 iu
733 3795 997 3862 epilomeu
1042 3794 1276 3850 redacta,
1313 3793 1362 3841 in
1400 3794 1519 3844 cod.
1555 3789 1720 3850 XXX,
1755 3790 1845 3844 fol.
1876 3821 1943 3830 --
1977 3791 2102 3842 Vin-

529 3887 753 3939 dobontc
779 3886 830 3937 iu
860 3885 976 3937 rod.
1005 3883 1142 3937 Cres.
1175 3882 1286 3944 XC,
1319 3898 1372 3930 n.
1403 3881 1453 3939 5,
1483 3880 1660 3932 Basilii
1688 3892 2006 3949 prmceplutn
2034 3884 2100 3936 ad

531 3979 860 4031 sacerdotem
891 3980 955 4029 de
992 3976 1166 4027 divina
1203 3972 1435 4036 liturgia,
1482 3980 1614 4022 teste
1664 3969 1924 4032 Nesselio,
1980 3972 2098 4028 Cat.

532 4073 662 4124 rodd
694 4111 709 4134 ,
737 4079 874 4136 part.
911 4085 961 4131 v,
992 4083 1109 4135 pag.
1144 4067 1263 4121 HG.
1300 4068 1467 4118 ll.\ltL.

605 4163 690 4219 1‘2.
732 4163 814 4223 13,
850 4161 932 4214 14.
980 4159 1252 4212 Tractatus
1301 4159 1360 4212 S.
1405 4159 1592 4213 Basilii
1645 4161 1707 4212 de
1748 4159 2100 4212 consolatione

535 4265 590 4317 in
632 4263 884 4319 mittet-sis,
931 4260 1158 4320 incerto,
1195 4258 1287 4309 sed
1325 4258 1544 4324 antiquo
1577 4261 1885 4324 interprete.
1931 4255 2097 4309 Garu.

534 4357 594 4414 Il.
630 4374 660 4424 p
718 4355 840 4419 697,
867 4354 954 4420 qui
991 4354 1040 4404 in
1082 4349 1231 4418 prmi.
1275 4348 1461 4419 §XIII,
1503 4365 1552 4416 p.
1584 4365 1758 4404 Lxxxv
1780 4365 1886 4416 sq.,
1910 4349 1974 4402 de
1999 4348 2102 4401 hoc

534 4459 587 4500 et
621 4449 827 4500 duobus
857 4445 1201 4512 sequentibus
1228 4459 1414 4509 Opusc.
1443 4441 1668 4502 Latinis,
1695 4458 1812 4510 qua:
1839 4445 1974 4509 apud
1998 4440 2101 4492 Fa-

2198 3249 2306 3310 nio,
2339 3248 2490 3298 (tota.
2528 3246 2684 3306 lolii,
2719 3244 2772 3306 4,
2809 3253 2862 3297 et
2895 3244 3033 3294 inter
3059 3241 3404 3295 Para'neticos
3434 3251 3620 3295 veteres
3646 3257 3769 3295 cura

2197 3339 2334 3390 notis
2373 3336 2677 3388 Melchioris
2719 3335 2954 3387 Goldasti
2987 3337 3159 3386 editos
3200 3334 3388 3386 lusulis
3420 3334 3576 3399 1604,
3608 3336 3662 3388 4.
3698 3334 3772 3387 De

2195 3429 2657 3497 Anglii-Saxonica
2687 3427 2927 3479 versione
2951 3441 3051 3478 ms.
3080 3428 3198 3478 vide
3221 3427 3519 3494 catalogum
3545 3428 3773 3493 scripto-

2199 3538 2312 3575 rum
2347 3518 2845 3588 septentrionalium
2883 3517 2933 3568 in
2968 3514 3234 3568 Thesauro
3269 3516 3481 3584 Georgii
3522 3515 3768 3580 lliekelii‘,

2199 3628 2316 3681 pag.
2339 3612 2424 3664 7'2.
2468 3611 2631 3664 Fusa.

2272 3700 2380 3772 [15.
2430 3698 2675 3752 llomilia:
2703 3707 2825 3752 octo
2850 3698 3056 3760 Basilii,
3085 3712 3215 3764 quas
3237 3695 3506 3747 transtulit
3545 3693 3770 3762 lin/inus

2201 3794 2260 3846 de
2288 3793 2467 3846 (ἐπιωεο
2500 3794 2553 3844 in
2588 3791 2850 3854 Latinum,
2876 3806 2904 3842 a
2929 3789 3092 3844 Garn.
3122 3787 3183 3848 ll,
3211 3802 3263 3855 p.
3288 3788 3390 3840 7I2
3413 3801 3558 3855 sqq.,
3586 3803 3616 3840 e
3639 3788 3774 3841 duo-

2203 3887 2302 3938 bus
2351 3885 2617 3939 \eteribus
2655 3883 2826 3936 Paris.
2868 3883 3021 3936 codd.
3066 3883 3294 3950 primum
3346 3880 3396 3931 in
3436 3879 3606 3931 lucem
3644 3894 3771 3947 pro-

2203 3976 2395 4027 duetm.
2448 3974 2582 4026 Add.
2634 3974 2748 4042 ejus
2799 3971 2954 4026 Praef.
3000 3987 3050 4040 p.
3097 3985 3272 4024 Lxuv
3313 3985 3395 4038 sq.
3431 3967 3586 4024 Conl.
3629 3967 3766 4023 Just.

2201 4065 2482 4118 Fontauini
2523 4065 2771 4119 Historia:
2826 4065 3048 4118 litterar.
3105 4063 3446 4133 Aquileiensis
3494 4062 3687 4114 librqu
3718 4077 3770 4126 v,

2202 4172 2317 4218 cap.
2349 4153 2402 4217 8,
2436 4170 2558 4223 pag.
2589 4154 2692 4207 298
2729 4169 2840 4221 sq.,
2871 4153 2960 4220 qui
2988 4154 3147 4206 etiam
3180 4161 3424 4211 testatur,
3457 4152 3772 4218 probatque,

2201 4259 2229 4294 a
2262 4242 2456 4295 ltulino
2491 4255 2632 4302 octo,
2662 4260 2786 4306 non,
2815 4245 2887 4294 uti
2923 4243 3296 4294 TlllCtllOlIlltlS
3318 4243 3560 4307 putabat,
3587 4243 3774 4293 decem

2200 4330 2382 4386 Basilii
2414 4333 2659 4386 homilias
2686 4332 2875 4385 Latiae
2903 4346 3021 4383 esse
3052 4333 3306 4393 redditas,
3339 4333 3626 4398 laudatque
3647 4333 3772 4384 cod.

2208 4424 2515 4477 lbbinatem
2571 4422 2775 4484 LXVII,
2817 4423 3062 4481 tltelltlll'.,
3094 4421 3144 4471 in
3193 4420 3320 4473 bibl.
3363 4418 3640 4484 Vaticana,
3683 4422 3771 4473 ubi

534 4539 666 4592 bric.
705 4545 1056 4589 numerantur
1090 4535 1203 4588 XIV
1239 4547 1291 4588 et
1326 4532 1442 4598 XV,
1474 4533 1631 4585 latius
1655 4533 1890 4586 disserit.
1928 4531 2095 4584 Haec.

2204 4517 2403 4580 pariter
2434 4514 2665 4567 homilia?
2706 4511 2809 4564 VIII
2846 4510 3128 4564 Basilianis:
3179 4524 3208 4560 a
3259 4507 3450 4561 Ruﬁno
3497 4523 3775 4560 conversa:

535 4628 814 4681 Fabricius
849 4636 1026 4678 autem
1065 4628 1114 4678 in
1154 4626 1318 4678 veteri
1348 4626 1501 4686 edil.,
1550 4640 1601 4678 η.
1641 4622 1754 4676 Xlll
1799 4623 2106 4692 appendicis

530 4720 806 4783 Gr.-L:tt.,
831 4735 882 4785 p.
914 4718 1016 4771 195
1044 4721 1128 4772 erl.
1166 4718 1332 4770 Paris.
1363 4733 1412 4770 a.
1440 4715 1594 4776 1618,
1622 4733 1639 4764 ‹
1663 4715 1870 4777 Latine,
1900 4716 1992 4773 ait,
2029 4714 2106 4766 iu-

532 4814 701 4878 cipit:
734 4811 1182 4876 Quemadmodum
1207 4811 1350 4861 navis
1375 4825 1488 4860 cum
1522 4806 1777 4858 undarum
1808 4813 2105 4873 tempestate

528 4913 837 4964 quassatur.
870 4903 982 4956 Non
1015 4913 1096 4954 est
1127 4901 1334 4963 Basilii,
1369 4916 1464 4953 nec
1496 4917 1524 4952 e
1560 4899 1745 4954 Graeco
1775 4913 1978 4957 versus,
2012 4898 2102 4948 sed

536 4995 722 5046 Latine
752 4994 985 5061 scriptus
1017 5008 1042 5042 a
1078 4991 1313 5054 Victore,
1371 4993 1459 5059 qui
1500 5002 1614 5058 post
1663 4987 1936 5042 Rusticum
1971 4988 2102 5039 Car-

539 5097 711 5136 tenna:
735 5083 1066 5135 Mauritania:
1095 5081 1146 5132 in
1177 5079 1357 5132 Africa
1392 5082 1673 5146 €pl§('0plIS
1701 5080 1841 5132 circa
1879 5082 1940 5130 Α.
1973 5078 2099 5130 Chr.

532 5174 640 5231 460
670 5174 788 5238 fuit,
827 5182 880 5225 et
916 5173 1055 5226 hunc
1080 5171 1492 5224 consolatoriam
1528 5171 1784 5229 libelhuu,
1823 5169 1910 5236 qui
1941 5169 2102 5219 etiam

539 5270 678 5320 inter
713 5265 769 5318 S.
803 5264 1052 5317 Eucherii
1085 5279 1244 5328 opera
1276 5263 1489 5328 legitur,
1521 5265 1582 5312 ad
1610 5261 1793 5312 nescio
1822 5274 1978 5327 quem
2007 5257 2105 5308 Ba-

534 5358 713 5409 siliam
743 5371 901 5422 snper
930 5363 1098 5408 morte
1126 5355 1216 5406 lilii
1248 5355 1481 5419 scripsit,
1519 5363 1651 5403 teste
1680 5349 1956 5404 Geunadio
1986 5364 2101 5416 cap.

535 5449 598 5500 77
634 5447 710 5499 De
737 5449 971 5512 scriptor.
1009 5446 1189 5497 eccles.
1224 5445 1403 5513 Ejusd.
1439 5443 1667 5494 Victoris
1699 5442 1831 5494 liber
1851 5440 1923 5493 De
1945 5443 2104 5506 paeni-

538 5541 697 5592 tentia
727 5539 994 5606 publicuni
1037 5540 1170 5590 inter
1214 5537 1268 5589 S.
1323 5535 1584 5588 Ambrosii
1619 5550 1778 5600 opera
1821 5535 1989 5585 lucem
2031 5533 2106 5583 vi-

538 5633 636 5692 dit,
680 5633 808 5684 etin
846 5646 946 5683 ms.
989 5629 1234 5683 Hennensi
1282 5630 1417 5680 male
1455 5630 1680 5679 rel'ertur
1725 5625 1789 5678 ad
1842 5623 2103 5676 Victorem

539 5726 923 5776 'l‘nnncnsem:
963 5721 1100 5774 liber
1135 5735 1261 5773 vero
1308 5723 1371 5773 ad
1421 5718 1792 5779 chsericum,
1845 5713 2107 5766 Vandalu-

535 5829 655 5869 ram
688 5828 885 5884 regem.
909 5821 1086 5866 contra
1115 5810 1354 5876 Artanos,
1395 5809 1668 5863 Gennadio
1694 5808 1871 5860 itidem
1907 5820 2101 5858 memo-

2207 4625 2327 4658 ('IIIII
2367 4607 2588 4673 prologo
2619 4606 2684 4657 ad
2710 4603 3076 4670 Apronianum
3113 4602 3380 4671 leguntur.
3411 4600 3776 4667 Octoquoquc

2210 4698 2442 4750 bouulia:
2470 4712 2588 4749 cum
2627 4696 2802 4748 Rulini
2843 4693 3052 4761 prtelat.
3102 4695 3150 4744 in
3194 4693 3386 4743 librum
3431 4690 3772 4742 humiliarqu

2209 4789 2410 4843 Basilii.
2437 4798 2558 4842 sunt
2592 4789 2642 4842 in
2673 4788 2792 4841 eod.
2837 4785 2954 4838 Lat.
2992 4785 3273 4838 llrcsdensi
3309 4785 3463 4836 elect.
3510 4781 3569 4836 V.
3606 4782 3775 4837 (iuet:

2209 4879 2568 4934 Memorabilia
2605 4879 2728 4932 bibl.
2767 4878 3036 4940 Dresd.,l.
3070 4887 3202 4945 part.
3243 4893 3314 4938 tv,
3352 4893 3404 4944 p.
3436 4876 3558 4928 562.

2276 4971 2634 5038 Appendicem
2681 4969 2786 5022 vol.
2825 4969 3041 5021 secundi
3077 4966 3242 5020 Garn.
3289 4965 3561 5032 excipiunt
3605 4963 3776 5016 Fron-

2210 5064 2346 5114 tonis
2379 5061 2551 5114 Dueasi
2586 5062 2637 5113 in
2667 5061 2916 5116 homilias
2960 5071 3012 5112 et
3058 5059 3158 5109 alia
3212 5058 3406 5110 diversi
3449 5056 3775 5124 argumenti,

2209 5157 2257 5208 in
2295 5156 2501 5221 regulas
2539 5162 2593 5206 et
2624 5151 2796 5207 fusius
2828 5161 2879 5205 et
2910 5150 3122 5204 brevius
3166 5158 3455 5204 tractatas;
3501 5148 3550 5199 in
3608 5145 3775 5198 libros

2212 5248 2282 5300 De
2310 5249 2562 5313 baptismo
2597 5262 2611 5298 :
2645 5256 2752 5298 tum
2784 5245 2971 5299 breves
3003 5252 3140 5295 notae
3182 5251 3235 5293 et
3283 5237 3775 5291 animadversiones

2209 5338 2445 5392 Federiei
2482 5337 2680 5389 Mut'elli
2718 5338 2766 5388 in
2800 5334 3059 5404 quasdam
3102 5331 3278 5383 Basilii
3309 5328 3591 5388 homilias;
3623 5326 3774 5378 deui-

2208 5448 2308 5501 que
2336 5433 2555 5484 indices.
2591 5430 2642 5480 In
2673 5428 2799 5479 edit.
2828 5426 2996 5478 Paris.
3023 5423 3228 5477 a.l6i8
3263 5433 3383 5471 sunt
3416 5431 3626 5484 quoque
3649 5417 3779 5468 sub—

2203 5527 2356 5589 jechc
2413 5532 2547 5573 none
2590 5523 2639 5571 in
2695 5521 2780 5570 illa
2826 5518 3034 5586 aliaque
3064 5531 3221 5584 opera
3261 5512 3464 5573 BtSllIl,
3501 5520 3553 5561 et
3602 5518 3774 5559 totum

2207 5631 2339 5682 Opus
2369 5613 2653 5680 obsignant
2690 5611 2849 5661 varia:
2886 5609 3142 5661 lectiones
3171 5606 3220 5657 in
3246 5602 3510 5663 Asrelica,
3535 5615 3597 5651 ex
3629 5598 3777 5653 codi-

2211 5723 2268 5762 ce.
2327 5707 2641 5771 perantiqno
2697 5703 2915 5754 (lerardi
2976 5700 3143 5758 Voss.“
3191 5707 3381 5749 notata:
3444 5695 3508 5746 ab
3560 5691 3773 5744 Δηὼ-ω

2217 5799 2433 5852 St'ltosto
2459 5799 2522 5850 all
2553 5798 2677 5849 edit.
2708 5796 2945 5848 (it‘a't‘ant
2981 5809 3028 5842 a.
3064 5785 3210 5842 15ἷί1.
