4046 6468
493 416 661 461 πως

1865 397 2229 460 PROLEGOM
2244 403 2396 459 ENA.

493 515 680 574 nudari
734 519 981 574 versione
1035 518 1235 589 legitur
1288 527 1430 572 IOIIlO
1471 535 1486 573 ι
1548 520 1664 587 ejus
1713 536 1930 589 operum
1966 520 2067 590 (α).
2103 527 2142 578 Α
2177 520 2285 572 seri
2321 517 2750 588 Cynmasmatum
2781 521 3091 575 litteratum
3118 519 3266 574 libris
3294 535 3376 585 ιιι,
3405 521 3499 577 Gr.
3525 531 3575 576 et
3600 517 3747 592 Lat.,

499 611 699 665 Eadem
729 611 914 666 Graece
963 621 1016 664 et
1047 610 1239 664 Latine
1280 624 1401 664 cum
1455 611 1805 678 grammatica
1835 612 2067 664 vocaliu-

501 705 674 758 Iornm
706 703 1151 772 interpretatione
1179 703 1377 772 prodiit
1407 704 1695 770 separatim
1728 703 1900 756 Paris.
1932 704 2064 758 1657

501 793 663 868 [1647
703 805 788 864 ap.
826 796 1076 848 Maltlair.
1107 796 1172 848 Α.
1219 793 1276 847 T.
1319 795 1404 861 Ill,
1455 806 1573 864 pag.
1609 794 1737 866 9I0]
1785 795 1837 848 8.
1878 795 2068 848 Extre-

499 902 643 944 mam
696 897 927 958 partem,
967 901 1086 957 quas
1134 889 1186 942 in
1231 889 1392 943 editis
1440 890 1796 950 desideratur,
1848 905 1912 942 ex
1967 904 2067 942 ms.

499 979 750 1035 Caesareo
791 978 976 1036 Graece
1021 982 1114 1035 dat
1155 981 1476 1036 Lambecius
1527 983 1612 1044 Ill,
1661 999 1711 1052 p.
1774 982 1877 1036 I49
1923 981 2066 1052 [cod.

499 1063 713 1138 LXXV,
741 1091 795 1145 p.
823 1075 927 1129 575
957 1078 1041 1129 ed.
1064 1073 1293 1137 Kollar.,
1321 1074 1472 1142 cujus
1507 1087 1685 1129 notam
1710 1077 1846 1129 vide.
1870 1073 2068 1146 Hasta]

571 1163 808 1234 Epistula
842 1163 998 1218 XLIII
1045 1165 1136 1235 [38
1173 1165 1362 1228 G.irn.,
1396 1181 1514 1236 pag.
1549 1167 1668 1220 115.
1721 1168 1808 1221 tibi
1842 1183 1890 1219 v.
1929 1163 2067 1236 not.]

489 1265 519 1304 8
558 1255 616 1311 S.
648 1257 881 1312 Maximo
913 1260 978 1311 ad
1034 1258 1250 1326 Dionys.
1295 1259 1558 1329 AreOpag.
1603 1269 1732 1312 tom.
1783 1259 1822 1320 Ι,
1875 1275 1926 1326 p.
1976 1259 2066 1321 ‘27,

499 1350 700 1405 citatur
745 1361 802 1402 ut
846 1350 1003 1418 λόγος
1042 1351 1220 1407 Basilii
1256 1352 1320 1405 ad
1363 1351 1583 1404 fratrem
1633 1352 1768 1421 Περὶ
1809 1351 2067 1420 διαφορᾶς

496 1440 687 1504 (οὐσίας
741 1442 833 1494 καὶ
882 1441 1248 1504 ὑποστάσεως.
1299 1440 1447 1494 Hanc
1497 1443 1654 1494 vertit
1702 1439 1807 1511 μθ.
1860 1440 2066 1495 Ccnon.

502 1532 685 1586 Patav.
719 1533 877 1593 1507,
914 1535 965 1586 4.
1001 1533 1064 1588 V.
1099 1533 1325 1586 Panzer.
1359 1531 1490 1598 VIII,
1533 1549 1652 1602 pag.
1685 1531 1813 1604 223]
1853 1541 1903 1587 et
1932 1532 2067 1586 Bea-

503 1632 587 1676 tus
618 1621 911 1677 Bhenanus
943 1624 1112 1677 Paris.
1150 1623 1308 1676 1515.
1349 1622 1542 1676 Eadem
1575 1623 1803 1691 epistola
1837 1624 2068 1691 quihus-

497 1711 625 1766 dam
660 1715 793 1769 locis
841 1716 1162 1784 interpolata
1209 1715 1401 1783 legitur
1433 1725 1562 1768 tom.
1599 1714 1640 1768 II
1673 1714 1898 1786 Nysseni
1924 1716 2070 1769 velut

497 1802 671 1869 ipsius
698 1809 762 1860 ad
791 1806 1004 1861 Petrum
1036 1806 1277 1860 fratrem.
1314 1805 1476 1877 [Vide
1505 1809 1556 1859 in
1582 1807 1746 1875 Greg.
1776 1806 1960 1879 Nyss.]

2172 610 2319 678 Lips.
2367 609 2521 674 l574,
2567 612 2620 673 8,
2655 622 2780 664 sunt
2826 612 2875 663 iu
2915 611 3053 666 libro
3095 627 3132 665 ιι
3164 611 3348 666 Basilii
3396 613 3463 666 Μ.
3495 623 3603 667 tres
3632 615 3746 683 epi-

2169 702 2337 756 stolae.
2372 701 2540 756 11Αιιι..

2241 790 2422 845 Basilii
2470 789 2723 858 epistolas
2772 791 3032 859 quasdam
3080 791 3248 846 edidit
3294 807 3516 860 quoque
3559 801 3750 847 Graec

2172 881 2390 937 Ilieron.
2422 882 2708 937 Brunellus
2735 881 2792 936 S.
2818 882 2893 944 1.,
2922 883 3106 937 Romae
3127 884 3180 946 8,
3209 900 3329 938 cum
3367 885 3488 938 aliis
3518 886 3747 939 aliorum

2171 973 2389 1026 Patrum
2419 973 2632 1026 selectis
2667 975 2887 1041 Scriptis
2913 986 2967 1026 et
3000 973 3254 1028 homiliis.

2245 1065 2512 1132 Epistolas
2564 1068 2839 1134 sexaginta
2902 1081 2967 1118 ex
3011 1065 3092 1118 Jo.
3144 1067 3329 1121 Jacobi
3375 1064 3597 1122 Beurert
3629 1085 3750 1122 ver-

2174 1157 2326 1210 sione
2357 1157 2575 1211 exhibet
2605 1158 2880 1210 Abraham
2914 1156 3186 1211 Scultetus
3223 1168 3352 1212 tom.
3391 1158 3459 1213 IV
3494 1159 3749 1215 Medulla:

2176 1246 2420 1309 Patrum,
2453 1264 2571 1318 pag.
2608 1249 2713 1303 255
2744 1265 2884 1318 seq.;
2915 1263 3192 1318 acceperat
3230 1261 3408 1303 autem
3444 1252 3562 1306 illas
3590 1255 3752 1308 Scul-

2178 1347 2319 1391 tetus
2382 1352 2412 1390 a
2473 1336 2610 1392 Jano
2681 1341 2945 1406 Cratero,
3003 1343 3454 1410 quemadmodum
3511 1344 3756 1400 Beurero

2170 1430 2385 1484 Graecas
2437 1446 2500 1484 ex
2541 1431 2818 1487 codicibus
2846 1433 3175 1502 Angustanis
3209 1437 3510 1504 descriptas
3544 1453 3749 1506 suppe-

2171 1527 2438 1578 ditaverat
2471 1524 2833 1578 Ilmsclielius.
2869 1525 2923 1578 In
2959 1527 3044 1581 bis
3080 1527 3275 1597 legitur
3309 1531 3470 1581 etiam
3520 1531 3747 1598 epistola

2171 1617 2236 1670 ad
2284 1617 2676 1685 Apollinarium
2711 1616 2809 1684 (ὁ),
2861 1632 3045 1686 quam,
3089 1619 3139 1672 in
3192 1620 3520 1674 editionibus
3560 1619 3747 1674 Basilii

2173 1708 2313 1760 haud
2346 1707 2581 1772 obviam,
2614 1704 2800 1761 Grzrce
2843 1708 3037 1762 deinde
3089 1718 3142 1761 et
3193 1709 3379 1764 Latine
3414 1726 3537 1766 cum
3577 1713 3752 1766 altera

2174 1801 2240 1852 ad
2270 1800 2632 1868 Apollinarem
2676 1811 2730 1855 et
2785 1801 2980 1868 duplici
3027 1802 3352 1869 Apollinaris
3401 1808 3748 1873 responsoria

579 1896 812 1964 Epistola
866 1896 1055 1950 LXXX
1129 1899 1231 1954 189
1273 1876 1552 1960 Garnier.,
1595 1898 1773 1966 ibique
1930 1876 2070 1968 ,ὶομι
2105 1876 2144 1929 Β
2177 1892 2412 1962 vulgavit
2440 1893 2739 1948 Cotelerius
2773 1903 2902 1947 tom.
2932 1893 2970 1947 ll
3004 1892 3356 1956 HrnmmenL,
3383 1911 3436 1964 ιι.
3463 1897 3548 1948 84.
3575 1898 3748 1951 Paris.

502 1985 702 2053 legitur
727 1984 866 2040 inter
889 1985 1135 2054 Gregorii
1171 1987 1399 2056 Nysseni
1434 1987 1657 2055 scripta,
1689 1997 1819 2042 tom.
1855 1989 1918 2054 Il,
1953 2005 2074 2058 pag.

503 2073 631 2141 458,
663 2077 762 2130 sub
788 2075 943 2129 titulo
974 2075 1048 2128 De
1079 2074 1138 2128 S.
1175 2074 1436 2129 Trinitalc
1471 2077 1537 2127 ad
1570 2075 1929 2142 Eustathium,
1955 2091 2075 2129 cum

500 2166 754 2218 versione
789 2165 1063 2218 Laurentii
1107 2164 1298 2218 Silani.

575 2255 870 2326 Epistolam
915 2255 1266 2310 CCLXXXIX
1299 2255 1392 2329 [95
1437 2255 1630 2329 Carm]
1677 2274 1796 2312 cum
1831 2259 2078 2312 versione

500 2362 605 2406 sua
674 2347 922 2415 notisque
969 2347 1175 2413 primus
1218 2345 1406 2401 Graece
1461 2348 1625 2401 edidit
1674 2347 1802 2402 Ger.
1853 2346 2077 2403 Vossius

507 2445 574 2498 ad
603 2443 807 2497 calcem
838 2439 1082 2508 Gregorii
1110 2437 1522 2508 Thaumaturgi,
1560 2440 1799 2510 Mogunt.
1832 2441 1988 2506 I604,
2021 2441 2075 2496 4.

577 2533 762 2588 Basilii
788 2542 841 2587 et
866 2530 1076 2584 Libanii
1104 2532 1362 2598 epistolas
1392 2539 1626 2598 mutuas,
1660 2548 1763 2583 una
1796 2549 1916 2586 cum
1959 2533 2080 2588 aliis

505 2637 604 2676 sex
635 2619 716 2674 vel
746 2630 951 2688 septem
988 2619 1324 2671 brevioribus
1353 2619 1598 2686 epistolis
1630 2621 1816 2676 Graece
1858 2624 1909 2676 in
1945 2625 2079 2676 tiro-

509 2728 638 2768 num
667 2727 795 2765 usus
831 2711 1009 2764 recudi
1042 2710 1167 2764 fecit
1219 2709 1281 2764 11.
1315 2710 1623 2778 Stephanus
1659 2713 1817 2779 I577,
1850 2715 1905 2775 8,
1943 2715 2081 2769 inter

508 2805 776 2875 epistolia,
805 2803 1058 2873 dialogos.
1090 2805 1456 2858 oratiunculas
1477 2815 1530 2858 et
1554 2807 1841 2873 poematia,
1862 2822 1892 2861 e
1920 2809 2082 2863 variis

509 2898 865 2965 scriptoribus
881 2897 1119 2949 collecta.
1148 2895 1311 2949 FABR.
1333 2895 1517 2948 Basilii
1544 2905 1597 2949 et
1617 2895 1822 2950 Libanii
1848 2899 2083 2963 epistola:

512 3001 731 3048 muniat.
765 3003 898 3056 quas
949 2989 1126 3058 magni
1175 2988 1305 3041 facit
1352 2986 1749 3051 Tillemontius,
1785 2988 2084 3056 probatque

513 3090 572 3133 ut
611 3080 890 3148 genuinas,
948 3080 1179 3132 maxime
1230 3080 1404 3132 dubiae
1453 3079 1701 3131 videntur
1736 3078 1984 3130 Garnier.
2032 3077 2086 3129 in

2178 1983 2334 2046 1681,
2367 1985 2420 2038 4.
2453 1985 2595 2040 Idem
2624 1987 2754 2040 alias
2793 1988 2927 2040 duas
2965 1996 3120 2040 antea
3169 1986 3402 2040 ineditas
3450 1989 3753 2059 ἀνεπιγρέ-

2178 2093 2331 2142 φους,
2370 2091 2636 2143 unamque
2666 2080 2793 2130 item
2828 2079 2896 2130 ad
2934 2077 3206 2131 Lilmnium
3232 2087 3286 2132 e:
3315 2081 3383 2132 ad
3422 2080 3549 2144 imp.
3579 2081 3754 2133 Theo-

2177 2169 2404 2228 dosium,
2439 2185 2595 2220 unam
2645 2171 2837 2223 eodem
2873 2171 2988 2224 loco
3026 2173 3078 2224 in
3125 2172 3298 2225 lucem
3333 2189 3454 2227 cum
3503 2175 3756 2228 versione

2178 2277 2273 2315 sua
2305 2261 2512 2313 extulit.
2540 2259 2698 2329 [Vide
2725 2261 2863 2314 infra
2898 2264 2962 2315 ad
2997 2280 3049 2316 ιι.
3088 2263 3256 2337 XIX.]

2251 2351 2501 2424 [Garnier
2533 2362 2662 2407 tom.
2694 2351 2782 2412 Ill,
2817 2369 2932 2421 pag.
2979 2355 3068 2416 66,
3116 2357 3282 2409 edidit
3317 2372 3376 2410 ex
3429 2358 3585 2412 codd.
3648 2355 3754 2409 fra-

2181 2453 2454 2512 gmentum
2492 2443 2731 2511 epistola:
2758 2441 2919 2496 Basil.
2946 2447 3010 2496 ad
3043 2444 3376 2500 Theodoram
3416 2451 3755 2513 canonicam,

2181 2534 2369 2588 Gr:rce
2400 2551 2520 2588 cum
2568 2536 2815 2587 versione
2849 2533 3066 2589 Latina.
3104 2537 3251 2589 Illam
3291 2540 3575 2604 epistolam
3619 2543 3760 2594 inte-~

2183 2635 2358 2688 gram,
2390 2631 2446 2673 at
2486 2635 2547 2674 ex
2583 2620 2773 2674 Latina
2819 2621 3005 2676 incerti
3055 2623 3332 2688 cujusdam
3367 2628 3564 2680 veteris
3593 2629 3760 2683 inter-

2183 2713 2508 2780 pretatione,
2541 2713 2657 2767 rudi
2691 2714 2930 2782 quidem,
2961 2717 3052 2769 sed
3091 2716 3188 2770 lida
3225 2729 3428 2786 (utpote
3470 2735 3590 2773 cum
3631 2724 3758 2774 toti-

2183 2804 2303 2857 dem
2336 2820 2471 2874 pene
2516 2808 2698 2862 verbis
2723 2822 2977 2876 expressa
3010 2810 3246 2862 auctoris
3279 2827 3496 2863 sensum
3520 2813 3754 2866 exactis-

2184 2898 2320 2950 sime
2359 2899 2568 2961 reddat,
2615 2902 2856 2970 adeoqne
2909 2903 3168 2966 deperditi
3222 2902 3395 2955 Gr:eci
3449 2913 3625 2956 textus
3659 2906 3756 2958 de-

2188 2984 2384 3037 fectum
2420 2989 2652 3040 maxima
2678 3004 2741 3039 ex
2783 2998 2933 3054 parte
2962 2989 3246 3054 suppleat),
3274 3005 3337 3041 ex
3367 2993 3488 3043 cod.
3527 2994 3754 3047 membr.

2189 3075 2320 3127 circ.
2356 3090 2479 3128 smc.
2511 3092 2605 3128 xm
2637 3076 2764 3127 bibl.
2812 3075 3057 3130 Monach.
3093 3091 3412 3145 congregat.
3448 3082 3757 3139 Casiniensis

519 3171 644 3226 Vita
676 3172 862 3225 Basilii
893 3186 1010 3235 cap.
1056 3171 1149 3230 39,
1192 3185 1247 3236 p.
1292 3168 1395 3220 I72
1436 3183 1612 3235 seqq.,
1652 3168 1696 3219 is
1743 3176 1920 3220 tamen
1971 3167 2087 3220 illas
2190 3163 2428 3218 Florenl.
2460 3165 2568 3232 (qui
2615 3165 2777 3217 codex
2827 3163 3063 3229 ejusdem
3116 3164 3295 3218 Basilii
3328 3167 3567 3220 asceliea
3605 3169 3756 3236 plura

515 3261 743 3330 sparsim
771 3257 959 3322 edidit,
997 3253 1258 3326 quasdam
1307 3256 1445 3308 inter
1473 3269 1593 3322 cpp.
1625 3270 1652 3305 a
1697 3253 1897 3306 Basilio
1924 3254 1974 3306 in
1999 3268 2081 3308 se-
2112 3242 2157 3302 C
2189 3255 2585 3322 complectitur,
2643 3257 2709 3309 ab
2755 3256 2939 3308 eodem
2991 3255 3283 3324 interprete
3332 3255 3521 3309 Latine
3567 3271 3759 3324 versat

513 3366 672 3408 cessa
701 3350 952 3418 scriptas.
983 3346 1266 3417 quasdam,
1295 3361 1416 3400 cum
1461 3343 1628 3399 Basil.
1663 3344 1714 3396 in
1747 3345 2086 3414 presbytero-

516 3459 633 3498 rum
665 3440 920 3496 cathedra
947 3439 1180 3495 sederet.
1216 3447 1270 3490 et
1301 3438 1453 3498 alias,
1485 3446 1768 3503 postquam
1800 3434 2087 3502 episcopus

518 3537 716 3590 fuerat.
761 3533 998 3599 Quarum
1030 3530 1244 3582 multas
1290 3544 1342 3596 p.
1395 3528 1500 3580 452
1541 3544 1690 3598 seqq.
1735 3529 1899 3583 dedit.
1930 3525 2083 3581 Conf.

519 3622 832 3681 Schroeth
880 3637 933 3691 p.
984 3619 1016 3674 6
1061 3634 1240 3689 seqq.,
1291 3617 1380 3686 qui
1434 3616 1600 3672 Garn.
1656 3617 1973 3671 dubitationi
2023 3617 2088 3671 de

519 3716 760 3772 omnium
811 3716 1020 3769 illarum
1071 3714 1231 3784 epist.
1285 3723 1591 3765 mutuarum
1644 3708 1814 3779 ιοθείᾳ
1845 3711 2086 3776 quautam

522 3810 774 3882 opponit;
807 3809 1004 3865 Oudin.
1034 3809 1072 3862 Ι.
1096 3823 1173 3873 c.,
1207 3822 1258 3876 p.
1294 3806 1397 3861 568
1422 3821 1565 3874 sqq.,
1597 3813 1650 3858 et
1678 3801 1918 3856 Btessler
1951 3805 1984 3852 I.
2014 3817 2086 3866 c.,

523 3906 615 3974 qui
661 3920 715 3970 p.
769 3902 864 3954 107
897 3916 1050 3970 seqq.
1099 3902 1165 3953 de
1197 3899 1441 3968 epistolis
1472 3897 1654 3950 Basilii
1693 3897 1744 3948 in
1786 3909 2008 3964 genere,
2037 3903 2092 3946 et

525 3998 592 4050 de
621 3993 977 4063 supposititiis
1015 4006 1227 4060 quoque
1261 4001 1533 4058 agnut.—
1555 3991 1607 4041 In
1642 4006 1657 4042 :
1685 3988 1804 4040 Τῶν
1849 3987 2090 4055 Ἐλληνι-

524 4088 636 4142 κῶν
665 4084 961 4141 ἐπιστολῶν
990 4081 1294 4150 ἀνθολογία,
1332 4080 1500 4134 Paris.
1550 4097 1616 4134 ex
1665 4091 1870 4151 typogr.
1903 4079 2088 4147 Steph.

528 4181 876 4242 I’revosteau,
924 4177 1152 4231 hteredis
1201 4173 1345 4230 Guil.
1397 4170 1620 4236 Morelli,
1672 4171 1984 4240 typograpbi
2038 4171 2089 4223 in

525 4270 727 4325 Graecis
769 4268 922 4336 regii,
962 4268 1012 4320 in
1043 4266 1226 4320 clauso
1269 4262 1542 4326 Brunello,
1587 4263 1743 4323 1585,
1777 4262 1830 4315 4.
1863 4259 1998 4313 Sunt
2037 4275 2088 4312 ιι.

531 4361 598 4415 12
622 4371 676 4413 et
701 4359 768 4412 15
793 4358 999 4411 Libanii
1023 4373 1110 4426 ep.
1137 4358 1200 4410 ad
1226 4354 1506 4414 Basilinm.
1533 4364 1586 4407 et
1611 4352 1789 4406 Basilii
1812 4355 1880 4404 ad
1908 4352 2092 4422 Olym-

532 4454 700 4522 pium.
725 4481 794 4492 —
818 4449 1088 4505 Inlozich.
1133 4451 1426 4505 Camerarii
1487 4445 1801 4502 collectione
1839 4443 2094 4511 epistola-

2187 3348 2420 3414 primntn
2458 3347 2510 3400 in
2552 3346 2725 3401 lucem
2762 3345 2981 3416 protulit
3022 3345 3166 3400 Petr.
3204 3347 3454 3417 Aloysius
3478 3347 3759 3412 Galletius,

2189 3440 2425 3506 ejusdem
2455 3441 2889 3510 congregationis
2906 3441 3095 3502 abbas,
3117 3442 3166 3492 in
3187 3441 3509 3510 (Amadntii)
3527 3441 3762 3497 Ληθαίο-

2190 3533 2255 3584 lis
2284 3532 2534 3595 litteram,
2579 3533 2682 3584 vol.
2740 3530 2780 3594 Ι,
2818 3533 2999 3587 Romae
3035 3534 3193 3596 I775,
3244 3535 3296 3598 8,
3340 3549 3461 3604 pag.
3481 3535 3770 3607 27scqq.°.

2189 3627 2330 3681 Idem
2390 3627 2646 3695 prtemisit
2691 3625 2935 3680 Graecum
2997 3638 3200 3681 textum
3233 3629 3448 3696 prioris,
3498 3645 3618 3699 qua:
3651 3630 3762 3697 jam

2191 3721 2519 3782 innoltterat,
2549 3718 2737 3788 partis,
2763 3733 2884 3770 cum
2937 3717 3056 3770 Lat.
3087 3720 3353 3772 versione.
3385 3720 3438 3772 In
3468 3722 3588 3776 cod.
3623 3721 3766 3775 Τεισι-

2192 3813 2295 3866 rin.
2335 3812 2465 3875 XCI,
2510 3812 2600 3866 fol.
2633 3812 2756 3874 268,
2793 3819 2876 3864 est
2925 3810 3153 3879 epistola
3199 3813 3263 3862 ad
3293 3811 3631 3865 Theodoram
3677 3831 3767 3864 ca-

2192 3903 2430 3954 conicam
2457 3918 2471 3955 :
2500 3905 2549 3955 in
2581 3903 2714 3956 edit.
2749 3901 3088 3957 Benedictin.
3120 3918 3205 3971 ep.
3233 3899 3512 3956 CLXXIII.
3548 3900 3611 3954 ν.
3641 3902 3762 3956 Cat.

2191 3991 2341 4042 codd.
2376 3988 2464 4042 Cr.
2501 3991 2684 4053 Taur.,
2715 4010 2765 4060 p.
2801 3993 2918 4046 185.
2956 3994 3119 4046 ΠΛΜ..

2265 4081 2558 4150 Epistulam
2589 4080 2769 4134 Basilii
2795 4081 3014 4135 CCLVII
3049 4084 3227 4135 laudat
3255 4082 3586 4152 Nicepliorns
3615 4085 3750 4138 Cre-

2194 4189 2351 4244 goras
2378 4174 2511 4226 libro
2541 4189 2605 4224 xit
2638 4171 2797 4234 Hist.,
2828 4189 2878 4239 p.
2918 4172 3041 4226 620.

2266 4265 2390 4320 Ilaec
2434 4268 2498 4320 de
2542 4264 2726 4317 Basilii
2777 4262 3042 4331 epistolis,
3090 4263 3283 4330 quibus
3323 4264 3474 4317 οὐδὲν
3520 4267 3769 4336 ἄμεινον.

2197 4359 2324 4413 nihil
2349 4359 2682 4425 prazstrmtius
2728 4356 2949 4424 reperiri
2989 4353 3063 4406 ait
3106 4353 3323 4416 Suidas,
3371 4371 3612 4425 quasque
3655 4369 3773 4410 tan-

2199 4469 2356 4520 quam
2384 4451 2580 4505 κανόνα
2603 4463 2653 4503 ct
2681 4465 2922 4501 normam
2950 4445 3042 4500 τοῦ
3065 4447 3472 4520 ὲπιστολιμαίου
3495 4451 3759 4521 χαρακτῆ-

533 4563 651 4600 rum
682 4545 968 4610 LXXXVI,
1012 4544 1239 4614 Ἐκλογὴ
1283 4545 1376 4596 καὶ
1417 4536 1528 4595 οἷον
1566 4538 1880 4619 ἁπάνθιᾳμα
1915 4536 2084 4606 διαφό-

2206 4561 2296 4615 ρος
2320 4543 2659 4595 commendat
2685 4541 2911 4595 Pholius
2945 4541 3060 4593 cod.
3087 4556 3250 4595 exuit
3280 4548 3334 4594 et
3361 4542 3582 4610 epistola
3609 4559 3745 4597 ccvn

537 4656 644 4711 ρων
696 4637 993 4692 ἐπιστολῶν
1034 4635 1377 4708 Ἑλληνικῶν.
1413 4644 1518 4687 etc.
1552 4633 1807 4697 Tubingu:
1851 4627 2004 4690 1540,
2040 4628 2096 4692 8,

534 4743 662 4785 sunt
697 4731 963 4786 nonnulla:
998 4729 1183 4784 Basilii
1233 4723 1492 4796 epistolas.
1514 4751 1582 4763 -—-
1606 4722 1660 4775 In
1698 4720 1885 4774 Matth.
1938 4720 2099 4771 Dres-

631 4903 663 4940 α
709 4895 893 4949 Italica
924 4891 1098 4945 versio
1128 4890 1180 4942 in
1225 4891 1345 4942 cod.
1377 4887 1577 4942 Veneto
1613 4885 1737 4938 bibl.
1765 4885 1822 4938 S.
1853 4883 2098 4938 Michael.

539 4964 605 5018 ν.
636 4963 905 5017 Mittarell.
937 4962 1056 5016 Cat.
1085 4959 1233 5014 illius
1263 4959 1387 5010 bibl.
1414 4975 1464 5026 p.
1499 4957 1616 5026 112.
1650 4984 1719 5026 -έ
1743 4953 1817 5026 De
1838 4957 1954 5008 aliis
1982 4953 2098 5026 Lat.

539 5036 668 5090 edit.
695 5034 802 5085 vid.
835 5048 994 5099 supra
1023 5033 1087 5085 ad
1120 5048 1174 5084 ιι.
1208 5046 1243 5083 lt
1276 5023 1550 5099 Homiliar.
1585 5025 1744 5078 Basil.
1772 5023 1839 5099 M_.
1872 5026 1936 5078 ad
1968 5025 2100 5099 Gre-

542 5122 657 5174 gor.
697 5103 824 5156 Naz.
849 5095 1102 5174 epistola.
1142 5102 1403 5174 Ejusdem
1436 5096 1504 5149 De
1537 5099 1739 5174 ratione
1770 5095 2101 5174 τίεις-δοίητε-

545 5163 641 5228 ria:
686 5174 799 5234 Iib.,
849 5163 1007 5225 Petro
1055 5163 1343 5224 Mosellano
1393 5169 1613 5233 interpr.
1667 5166 1814 5231 Lips.
1859 5164 2012 5224 l5l6,
2048 5163 2100 5216 4.

545 5244 723 5296 Eclitio
764 5242 880 5298 Lat.
913 5241 1111 5295 Budaeo
1138 5241 1442 5306 interprete,
1480 5237 1550 5290 De
1593 5239 1700 5289 vita
1735 5237 1786 5288 in
1822 5235 2105 5306 solitudine

545 5313 767 5382 agenda,
806 5329 928 5366 eum
969 5311 1148 5382 Budgei
1192 5305 1433 5382 epistolis
1465 5307 1582 5382 Lat.
1621 5308 1875 5382 Iih._\_t._et
1905 5305 2105 5382 Graaeis

545 5375 641 5438 lib.
682 5399 718 5442 ι,
755 5383 926 5438 Paris.
966 5397 1033 5448 ap
1077 5380 1160 5434 Jo.
1193 5375 1321 5433 Bad.
1357 5378 1676 5448 Ascensium
1715 5375 2018 5448 155l,_lgl_.,
2041 5376 2107 5429 de

591 5470 657 5507 ua
702 5455 789 5508 ed.
834 5451 953 5505 vide
1000 5445 1261 5504 Clemt-nt.
1305 5449 1444 5501 Bibl.
1471 5464 1584 5499 cur.
1627 5445 1690 5508 ν,
1726 5461 1845 5515 pag.
1890 5445 2108 5498 577.—

591 5470 657 5507 ua
702 5470 789 5508 eu.
834 5470 953 5505 vtae
1000 5470 1261 5504 blt’ml'llt.
1305 5470 1444 5501 Dial.
1471 5470 1584 5499 cur.
1639 5470 1690 5508 ν,
1728 5470 1845 5515 pug.
1890 5470 2102 5498 ou.—

548 5470 714 5577 gasd.
744 5553 809 5562 —
839 5522 1010 5576 Paris.
1036 5537 1119 5589 ap.
1155 5520 1294 5589 Guil.
1331 5519 1516 5570 Morel.
1550 5517 1699 5576 l56‘2,
1727 5519 1874 5589 8L—
1896 5516 2102 5589 Cra-ce.

551 5609 673 5647 cum
705 5593 884 5647 Bndaai
914 5583 1180 5646 versione.
1221 5588 1353 5642 Ibid.
1402 5605 1464 5642 ex
1517 5597 1723 5658 typogr.
1762 5583 2108 5658 Steph.,Pre-

553 5666 832 5719 vost—in
868 5664 1076 5717 aedibus
1103 5660 1185 5714 ιο.
1220 5655 1712 5723 Βωιιο-ιιειιί,“1581,
1749 5657 1800 5711 4.
1834 5655 2107 5708 Plutarch.

2207 4638 2348 4690 Faue

2275 4724 2446 4780 Codd.
2478 4723 2680 4794 aliquot
2711 4733 2955 4777 notitiam
2982 4733 3332 4792 subiungam;
3376 4734 3428 4778 et
3458 4723 3638 4789 plures
3663 4725 3747 4790 cpi

2203 4883 2278 4937 De
2309 4883 2523 4951 fortuna
2553 4880 2903 4935 Romanorum
2929 4889 2978 4934 et
3004 4883 3294 4937 Alexandri
3329 4883 3405 4937 Μ.
3431 4914 3499 4923 —-—
3531 4891 3585 4936 et
3617 4881 3775 4939 Basil.

2203 4952 2273 5007 Μ.
2314 4952 2389 5004 De
2425 4955 2530 5006 vita
2557 4953 2820 5006 solitaria.
2855 4953 3063 5018 Latine,
3102 4954 3300 5009 Budzeo
3331 4956 3645 5020 interprete,
3676 4953 3775 5007 Pa-

2203 5026 2300 5077 ris.
2356 5038 2440 5090 ap.
2490 5023 2714 5076 Senant.
2759 5023 2927 5085 l505,
2960 5033 3014 5075 4.
3072 5024 3338 5079 Maittaire
3386 5022 3448 5079 ll.
3493 5037 3611 5092 pag.
3655 5023 3782 5082 I72.

2205 5093 2390 5146 Basilii
2413 5103 2476 5163 et
2523 5092 2682 5163 Greg.
2717 5091 2974 5163 Nazianz.
3009 5098 3270 5163 epistolae,
3311 5091 3589 5160 nunquam
3621 5109 3786 5149 antea

2205 5165 2362 5218 editae
2392 5162 2483 5216 Gr.
2520 5162 2789 5229 Haganom
2821 5162 2977 5224 I528.
3013 5162 3064 5217 8⁷.
3100 5165 3267 5219 IIARL.

2280 5232 2359 5298 (bl
2391 5234 2466 5286 Ad
2515 5232 2904 5301 Apollinarium
2947 5236 3234 5301 scripsisse
3286 5248 3342 5285 se
3386 5248 3492 5286 non
3524 5234 3785 5288 diﬂitetur

2210 5302 2465 5365 Basilius,
2498 5305 2670 5357 laicus
2701 5305 2765 5356 ad
2808 5304 3028 5358 laicum.
3069 5302 3200 5358 Vide
3229 5304 3456 5357 indicem
3491 5321 3680 5356 eorum
3721 5306 3783 5355 ad

2209 5388 2348 5443 quos
2398 5372 2626 5428 Basilius
2661 5374 2899 5438 scripsit,
2943 5376 2995 5426 in
3028 5373 3329 5430 Eustatltio.
3359 5372 3523 5426 Fssa.
3557 5374 3612 5426 In
3655 5374 3790 5425 lla.-

2211 5443 2360 5495 duini
2396 5444 2617 5498 Collect.
2649 5444 2956 5504 coneilior.,
2989 5453 3120 5496 tom.
3155 5443 3241 5504 Ill,
3273 5445 3409 5497 inter
3444 5452 3562 5496 acta
3600 5445 3786 5499 conci-

2212 5514 2267 5566 lii
2300 5515 2883 5582 Constantinopolitani
2913 5530 3002 5568 an.
3037 5515 3161 5575 553,
3201 5516 3251 5566 in
3292 5514 3580 5568 collatione
3609 5531 3661 5576 v,
3701 5523 3784 5565 es:

2213 5584 2395 5637 Basilii
2441 5585 2507 5637 ad
2557 5584 2948 5653 Patropltilum,
3001 5584 3290 5654 Egearum
3341 5584 3531 5654 episc.,
3583 5586 3634 5636 in
3678 5599 3784 5651 qua

2213 5655 2550 5721 Apollinario
2579 5656 2866 5725 scripsisse
2892 5670 2950 5710 se
2988 5653 3097 5710 non
3133 5654 3404 5709 dillitetur.
3441 5653 3607 5708 Ilias.

615 5790 685 5838 (δ)
714 5781 832 5838 Ome
851 5780 1027 5830 Latine
1049 5784 1231 5828 tantum
1255 5783 1310 5827 ut.
1334 5778 1568 5827 anecdota
1601 5774 2035 5838 ed'di‘tGalletius.
2067 5769 2414 5838 hzec_totidcm
2463 5773 2623 5821 verbis
2669 5775 2833 5823 Griece
2881 5778 2932 5822 et
2979 5772 3151 5823 Latine
3204 5775 3435 5835 leguntur
3472 5775 3514 5818 in
3553 5773 3692 5833 epist.
3737 5770 3796 5820 ΞΒ

554 5843 610 5893 8.
641 5833 819 5903 Basilii,
853 5844 921 5893 De
942 5841 1227 5905 perfectione
1253 5839 1361 5890 ritw
1383 5838 1668 5899 ntonustirtr,
1699 5852 1743 5901 p.
1772 5838 1830 5884 {7-8
1855 5837 1929 5884 ed.
1963 5834 2145 5884 Itened.
2177 5833 2307 5882 Eon.
