4046 6446
1484 405 1764 461 ΝΟἨΤΙΑ
1809 405 1894 459 EX
1937 405 2279 461 FABRICIO.

3294 421 3490 464 (αι-ξι

239 522 497 579 stolarum
524 520 679 576 codd.
712 520 852 575 inter
882 535 995 585 eos,
1024 534 1159 588 quos
1189 534 1346 590 supra
1394 519 1625 588 laudavi,
1653 539 1803 592 repe-
1835 528 1882 582 Α
1911 522 2248 578 Theodoram
2317 527 2651 589 canonicam,
2710 534 2819 578 tum
2857 540 2910 575 ιι.
2963 521 3049 584 I6,
3080 522 3235 591 epist.
3269 524 3333 575 ad
3370 522 3489 577 Ain-

242 632 469 675 111111101⁸.

310 715 385 767 De
439 710 560 763 cod.
622 708 933 779 Augustano
979 707 1163 773 Vind.,
1222 711 1274 760 in
1321 720 1429 775 quo
1480 715 1605 760 sunt
1652 708 1805 777 epist.

240 800 599 865 CCCXLVIII,
648 819 697 858 ν,
746 800 949 853 Beiscr.
999 800 1173 853 lndic.
1222 812 1347 851 mss.
1401 798 1523 851 bibl.
1561 798 1808 867 August,

239 911 290 964 p.
344 893 615 949 I6-20.——
645 894 773 946 Ihil.
812 905 933 959 pag.
978 894 1065 947 89.
1116 890 1297 944 Basilii
1334 890 1404 943 M.
1462 890 1685 957 epistola
1743 892 1810 945 ad

240 988 528 1052 quemdam
572 984 918 1050 Gregorium,
966 985 1148 1036 addita
1186 991 1332 1041 nota,
1380 983 1447 1035 ab
1492 982 1611 1036 aliis
1660 983 1805 1037 illam

242 1078 434 1130 ascribi
481 1076 739 1141 Gregorio
768 1074 1129 1129 Nazianzeno.
1157 1101 1225 1111 -—
1250 1072 1574 1127 Vindobonas
1604 1074 1654 1126 in
1685 1073 1809 1127 cod.

241 1169 375 1221 (Iats.
406 1164 593 1225 LXIV.
625 1182 677 1217 ii.
704 1166 791 1230 21,
818 1175 943 1221 sunt
966 1178 1087 1231 epp.
1115 1161 1353 1226 XXXIV,
1385 1180 1520 1233 quas
1544 1161 1814 1216 recensuit

242 1257 495 1311 Lambec.
534 1253 734 1309 Comm.
787 1256 872 1319 III,
922 1268 1045 1321 pag.
1079 1252 1183 1307 300
1216 1267 1394 1321 seqq.,
1438 1261 1493 1304 et
1542 1250 1814 1303 Kollarius

242 1350 466 1400 adnotat
517 1348 797 1416 epistolam
880 1344 1164 1412 septimam
1220 1344 1271 1396 in
1329 1345 1432 1396 hoc
1489 1350 1541 1393 et
1586 1349 1817 1406 quatuor

244 1439 363 1489 aliis
402 1440 561 1493 codd.
619 1439 754 1493 C:es.
803 1436 1025 1489 inscribi
1084 1437 1369 1506 Γρηγορίῳ
1420 1432 1812 1502 πρεσϐεδτὲρῳο

248 1544 374 1587 non,
406 1540 460 1582 ut
512 1532 563 1582 in
609 1530 693 1582 ed.
740 1526 920 1581 Basilii
964 1528 1098 1598 Opp.
1148 1526 1517 1587 Benedictina,
1567 1534 1695 1577 tom.
1730 1524 1817 1587 III,

248 1635 365 1689 pag.
402 1621 524 1682 H9,
553 1636 638 1688 ep.
668 1618 755 1673 LV
786 1636 847 1674 ex
876 1619 1031 1673 codd.
1060 1618 1265 1681 IIarlei,
1298 1628 1351 1670 et
1383 1617 1555 1670 tribus
1594 1616 1734 1677 aliis,
1759 1619 1815 1670 it.

247 1726 308 1760 nx
332 1712 488 1769 edit.,
512 1710 863 1781 Παρηγορίῳ,
894 1710 985 1761 sed
1021 1709 1194 1764 editor
1222 1709 1273 1762 in
1308 1718 1430 1759 nota
1473 1708 1742 1767 observat,
1767 1705 1819 1757 in

248 1816 341 1855 sex
370 1801 528 1853 codd.
556 1813 607 1852 et
659 1804 707 1849 in
746 1799 914 1849 tribus
948 1800 1011 1847 ad
1045 1800 1335 1867 mai-ginem
1384 1799 1481 1867 legi
1518 1795 1819 1869 Γρηγορίῳ.

249 1895 407 1959 (Adit.
443 1892 689 1943 Lainbec.
715 1888 800 1953 IV,
822 1888 1052 1957 pagJSI
1073 1904 1153 1955 sq.
1178 1892 1241 1940 'de
1259 1893 1378 1943 eod.
1401 1888 1633 1950 LXXIX,
1653 1892 1822 1957 inquo
1858 1870 1895 1925 θ

251 2001 301 2035 ιι.
335 1984 400 2034 I2
428 1985 609 2033 i-adeui
648 1984 841 2050 legitur
864 1983 1131 2050 epistola).
1152 2012 1217 2020 —
1237 1982 1288 2032 lzi
1314 1983 1499 2033 eodem
1519 1984 1636 2033 rod.
1663 1980 1818 2033 LXIV

249 2076 323 2140 (in
347 2091 451 2137 quit
473 2074 572 2125 alia
607 2075 766 2125 multa
796 2084 913 2127 sunt
941 2072 1375 2139 B:isilii0pp.).lt.
1400 2070 1715 2139 28tLamb.,
1737 2070 1818 2135 III,
1888 2087 1895 2091 '

250 2180 305 2233 p.
340 2162 488 2234 6298),
514 2166 674 2232 epist.
715 2164 1054 2233 responsoria
1086 2162 1150 2215 ad
1187 2159 1457 2230 Optimum
1487 2161 1818 2227 episcopum.

249 2288 317 2298 -—
355 2257 408 2309 In
448 2258 569 2311 cod.
623 2255 806 2320 LXIII,
852 2273 903 2309 ιι.
960 2258 1012 2318 4,
1064 2254 1301 2325 epistola-
1343 2252 1458 2306 .\XI
1514 2252 1693 2305 Basilii
1726 2250 1821 2314 Μ.,

252 2341 495 2415 Gregorii
544 2348 826 2411 Nazianz.,
880 2348 1145 2415 Antipatri
1202 2346 1463 2415 prmsidis,
1512 2355 1565 2398 et
1606 2342 1821 2398 Iuliani.

254 2441 466 2506 (Lamb.
509 2440 662 2500 ibiil.,
700 2456 753 2507 p.
782 2437 1076 2506 2909111.).
1104 2468 1171 2478 —-—
1204 2437 1257 2488 III
1293 2438 1411 2489 cod.
1447 2435 1651 2497 LXVII,
1684 2451 1820 2503 prte-

255 2542 337 2583 Icr
365 2530 556 2582 multas
586 2531 834 2583 homilias
870 2538 1032 2597 atque
1072 2544 1194 2598 epp.
1230 2528 1431 2588 Basilii,
1458 2544 1509 2579 ii.
1539 2525 1682 2590 XXI,
1718 2527 1824 2577 En-

254 2622 478 2673 comium
510 2622 561 2673 in
599 2620 886 2683 Meletium,
930 2622 1030 2671 sub
1059 2619 1273 2673 nomine
1312 2617 1533 2677 Basilii;
1574 2616 1663 2668 sed
1708 2616 1825 2668 vide

257 2714 390 2767 infra
429 2716 494 2767 ad
530 2732 581 2767 ii.
618 2712 767 2767 XXX
800 2722 847 2764 et
893 2711 1145 2767 Lambec.
1181 2710 1266 2775 lll,
1308 2726 1359 2779 p.
1388 2710 1508 2763 551.
1534 2736 1601 2747 -—
1626 2706 1691 2761 Ν.
1727 2722 1824 2760 au-

258 2813 358 2855 tem
387 2803 498 2865 XL,
536 2804 713 2855 Basilii
752 2804 910 2871 epist.
947 2803 1010 2853 ad
1046 2800 1375 2868 Simpliciam
1406 2802 1474 2854 de
1512 2800 1679 2867 ipsius
1728 2812 1823 2851 eu-

258 2895 469 2957 nucliis,
499 2902 552 2944 et
584 2875 836 2945 Lamhec.
879 2910 929 2959 p.
957 2892 1059 2944 530
1086 2908 1204 2958 sqq.
1246 2892 1516 2959 excerpsit
1544 2904 1826 2959 argumen-

258 2992 369 3035 tum
423 2983 582 3051 hujus
620 2983 859 3049 epistolae
908 2982 1245 3047 praemissum
1298 2983 1541 3048 scituqiie
1582 2983 1823 3049 dignum,

256 3073 347 3127 sed
386 3075 645 3127 omissum
683 3088 896 3142 quoque
932 3072 982 3124 in
1022 3071 1107 3122 ed.
1163 3069 1517 3135 Benedictin.,
1552 3080 1711 3134 atque
1750 3070 1827 3121 Io-

1910 614 2235 682 pliilocliiuin
2268 614 2355 684 (ad
2385 631 2541 683 quem
2578 619 2755 687 plures
2789 624 2914 670 sunt
2946 615 3203 683 epistola:
3237 613 3291 667 in
3325 615 3490 668 variis

1911 708 2065 759 codd.
2096 708 2132 759 V
2160 710 2389 762 iudicem
2414 710 2478 760 ad
2516 710 2656 761 illum
2689 712 2810 764 Cat.
2855 724 2971 763 voc.
3013 706 3293 775 Basilius).
3328 706 3484 761 Conf.

1914 799 2141 853 Bandin.
2173 800 2291 854 Cat.
2335 801 2489 853 codd.
2526 799 2619 853 Cr.
2653 801 2815 854 Laur.
2850 804 2889 865 I,
2926 816 3047 871 pag.
3079 798 3335 853 42L—In
3365 800 3487 852 eod.

1916 887 2049 953 VIII,
2086 889 2216 958 plut.
2242 892 2299 951 4,
2325 890 2415 943 XL
2462 890 2695 944 humilia:
2738 900 2791 945 et
2818 894 2884 945 IV
2916 908 3035 960 epp.
3077 921 3145 934 -—
3176 891 3233 943 In
3267 891 3389 944 cod.
3414 888 3485 942 IX

1914 983 2317 1037 exstautXLVlI
2347 983 2601 1045 ΙιοιιιὶΙίειι,
2631 978 2677 1035 X
2696 991 2888 1051 epp.et
2916 984 3045 1037 liber
3072 983 3144 1037 De
3168 981 3484 1050 virginitate.

1914 1104 1983 1113 —
2020 1076 2074 1127 In
2110 1076 2228 1126 eod.
2257 1074 2368 1137 XII,
2391 1091 2443 1127 ii.
2476 1074 2565 1136 l8,
2587 1073 2727 1126 XXV
2754 1074 3180 1144 epistul:e.-—ln
3209 1069 3489 1136 cod.XlV,

1918 1183 1969 1218 ιι.
2002 1167 2058 1227 2.
2082 1165 2393 1220 CCCXLIV.
2434 1166 2495 1219 ν.
2530 1165 2755 1219 Bandin.
2790 1165 2830 1229 I,
2878 1182 3000 1235 pag.
3037 1164 3161 1227 525,
3213 1164 3337 1229 528,
3362 1162 3489 1224 535.

1916 1256 2037 1309 559.
2067 1257 2121 1309 In
2150 1266 2278 1307 tom.
2320 1257 2384 1319 II,
2436 1258 2487 1309 in
2537 1256 2659 1310 cad.
2695 1254 2802 1317 VII,
2838 1273 2891 1310 ιι.
2932 1255 3023 1321 99,
3054 1256 3186 1323 plut.
3215 1254 3301 1317 57,
3340 1255 3493 1307 initio

1917 1354 2072 1397 erant
2103 1345 2260 1411 epist.
2286 1345 2604 1407 CCLXXI",
2643 1346 2735 1399 sed
2776 1348 3019 1413 qua-dam
3045 1345 3382 1407 exciderunt,
3406 1361 3496 1397 ito-

1922 1446 2065 1488 tante
2116 1436 2363 1500 Bandin.,
2400 1456 2449 1506 p.
2484 1439 2607 1491 547.
2636 1469 2698 1477 -
2746 1440 2799 1492 In
2832 1441 2952 1492 cod.
3012 1436 3248 1499 XXXIV,
3293 1452 3350 1489 ii.
3404 1437 3489 1501 Η),

1919 1529 2072 1595 epist.
2122 1529 2297 1583 Basilii
2326 1532 2390 1583 ad
2426 1530 2701 1583 Libanium
2746 1541 2800 1584 et
2826 1532 2981 1599 hujus
3014 1529 3310 1599 responsio.
3334 1557 3404 1568 —
3436 1528 3496 1582 Iil

1921 1624 2038 1675 cod.
2071 1620 2203 1685 XVI,
2226 1641 2279 1674 ii.
2313 1623 2366 1685 5,
2408 1622 2778 1689 epist.XXIV,
2809 1635 2863 1677 et
2901 1624 2951 1675 in
2985 1622 3103 1678 cod.
3147 1621 3317 1683 XXX,
3353 1636 3407 1673 ιι.
3436 1619 3494 1684 7,

1922 1714 2053 1777 pltll.
2092 1711 2182 1775 59,
2223 1726 2309 1780 ep.
2346 1710 2560 1766 XXXIII
2624 1722 2822 1767 mutua:
2856 1712 3034 1765 Basilii
3061 1728 3122 1766 ac
3160 1712 3393 1765 Libanii.
3423 1708 3497 1765 V.

1924 1817 2040 1868 pag.
2070 1803 2173 1856 ιιίι
2203 1812 2253 1854 et

1995 1895 2129 1946 Add.
2164 1894 2321 1948 codd.
2372 1893 2595 1948 Taurin.
2645 1895 2779 1957 XCI,
2828 1926 2896 1935 —
2930 1894 3039 1959 CV,
3089 1921 3135 1933 ο-
3168 1891 3397 1949 CLXVI.
3434 1922 3498 1932 —-

1924 1981 2204 2045 CLXXIX,
2236 1986 2285 2037 iii
2316 1983 2437 2039 Cat.
2472 1986 2623 2037 codd.
2652 1984 2744 2039 Cr.
2788 2002 2838 2053 p.
2886 1986 3008 2046 I83,
3038 1986 3157 2049 196,
3198 1986 3323 2045 252,
3368 1984 3493 2040 266.

1992 2074 2224 2137 Epistola
2257 2075 2319 2127 ail
2377 2074 2605 2145 Gregor.
2656 2087 2922 2144 praecepta
2971 2078 3091 2129 vitae
3136 2079 3209 2129 rel
3236 2079 3397 2144 giosa:
3438 2084 3495 2129 et

1923 2164 2193 2230 perfectas.
2231 2180 2260 2216 e
2297 2166 2484 2219 Grieco
2525 2169 2577 2220 in
2610 2167 2849 2221 Italicum
2880 2181 3183 2219 sermonem
3216 2166 3496 2231 translata,

1922 2264 1975 2306 et
2007 2255 2147 2305 edita
2175 2252 2370 2308 Brixia:
2407 2257 2568 2320 I733,
2596 2259 2679 2310 I2.
2720 2258 2782 2312 V.
2815 2257 3023 2311 Pailoni
3057 2254 3332 2320 Bibliotli.,
3358 2267 3500 2321 etc.,

1922 2344 1964 2411 ι,
1997 2363 2046 2415 p.
2082 2347 2199 2400 HS.

1998 2435 2093 2503 Ep.
2120 2438 2185 2489 ad
2209 2435 2434 2504 Gregor.
2466 2434 2721 2490 Naziaiiz.
2762 2437 2981 2506 Anglice
3024 2455 3159 2494 vers.
3196 2454 3290 2505 per
3329 2438 3489 2492 Ricn.

1926 2530 2189 2581 Sclierrie.
2225 2529 2389 2582 Lond.
2441 2529 2558 2583 sine
2585 2544 2636 2584 α.
2670 2538 2817 2591 nota,
2850 2528 2900 2581 8.
2954 2527 3083 2581 Vide
3130 2529 3500 2598 Bruggemann

1942 2617 2097 2681 l’icw,
2132 2630 2236 2672 etc.
2268 2661 2282 2682 ,
2335 2638 2384 2688 p.
2428 2620 2565 2682 412,
2620 2621 2705 2687 qui
2757 2619 2883 2673 ibid.
2938 2621 3209 2673 versiones
3252 2620 3502 2689 Anglicas

1927 2709 2152 2764 aliorum
2172 2710 2352 2763 Basilii
2379 2711 2756 2778 opusculorum
2788 2712 2971 2763 refert.
3011 2740 3078 2750 ——
3106 2710 3336 2764 Gariiier
3357 2712 3500 2762 inter

1926 2802 2136 2870 spurias
2182 2816 2298 2870 epp.
2358 2802 2561 2869 recepit
2614 2817 2827 2871 quoque
2880 2816 2999 2870 pag.
3042 2800 3149 2853 462
3200 2814 3320 2869 sqq.
3385 2814 3503 2852 ιιιιιο

1930 2904 2048 2948 tuas
2076 2893 2281 2947 Libanii
2306 2905 2359 2949 et
2400 2892 2584 2949 Basilii
2613 2895 2891 2965 epistolas,
2919 2904 2973 2950 et
3004 2910 3055 2962 p.
3087 2894 3192 2949 ιδε
3220 2910 3283 2947 ex
3316 2891 3498 2946 Basilii

1927 2988 2154 3055 epistola
2181 2988 2248 3042 ad
2271 2986 2544 3042 Iulianum
2569 2988 2902 3058 Apostatam,
2927 2991 2986 3039 de
3010 2986 3067 3039 S.
3095 2984 3372 3051 Trinitate,
3392 2992 3497 3038 etc.

1932 3086 2043 3130 tum
2078 3088 2291 3132 mutuas
2332 3080 2651 3147 Apolliiiarii
2684 3078 2975 3144 Basiliique
3005 3090 3150 3144 epp.,
3174 3076 3405 3143 denique
3433 3074 3500 3128 ad

255 3183 377 3220 cuin
409 3166 811 3219 memorabilem
849 3174 1034 3219 contra
1074 3161 1461 3216 eunuchos.—
1488 3159 1822 3216 Cod.LXXV
1854 3208 1895 3265 Ο
1930 3168 2312 3234 Theodosium,
2342 3172 2407 3224 de
2432 3170 2626 3238 quibus
2659 3170 2795 3221 intra
2826 3171 2890 3222 ad
2918 3186 2967 3221 η,
3002 3168 3119 3221 χιχ
3153 3183 3389 3237 agemus.

256 3261 497 3312 continet
530 3256 767 3311 CCLVIII
804 3257 1055 3325 epistolas
1084 3270 1204 3308 cum
1234 3253 1324 3307 XII
1353 3269 1474 3323 epp.
1515 3252 1723 3307 Libanii
1762 3254 1824 3306 ad

256 3349 543 3414 Basiliuin;
583 3350 649 3401 de
671 3349 866 3416 quibus
897 3350 1092 3399 multus
1125 3355 1207 3398 est
1238 3345 1488 3399 Lambec.
1514 3345 1594 3403 III.
1624 3361 1674 3413 p.
1694 3344 1823 3398 558-

253 3440 380 3505 572,
412 3450 466 3492 et
511 3439 690 3491 varios
743 3453 953 3491 err0res
996 3438 1127 3491 edit.
1158 3436 1252 3491 Gr.
1294 3436 1410 3490 Lat.
1450 3435 1625 3489 Paris.
1659 3438 1828 3489 corri—

254 3534 351 3602 git.
374 3562 442 3573 —
469 3529 523 3583 In
556 3531 674 3586 cod.
711 3529 932 3591 CCXCI,
962 3546 1015 3581 ii.
1043 3528 1067 3581 I
1096 3527 1342 3597 cpistola,
1374 3544 1479 3581 non
1515 3528 1579 3580 ad
1626 3527 1829 3596 Grego-

257 3626 394 3676 rium
418 3620 575 3686 Nam,
615 3632 670 3675 ut
698 3623 749 3675 in
778 3624 897 3675 eod.
931 3621 1195 3691 proditur,
1234 3620 1326 3674 sed
1362 3618 1617 3673 adversus
1652 3618 1828 3672 Euuoc

257 3716 533 3775 mium,ac
565 3731 617 3768 ii.
648 3714 702 3777 5,
743 3712 940 3768 Iuliani
992 3728 1078 3781 ep.
1126 3712 1191 3766 ad
1234 3711 1513 3774 Basiliam,
1564 3709 1828 3776 huiusque

258 3806 467 3876 integra
499 3806 813 3874 responsio;
852 3807 917 3859 de
944 3805 1136 3873 quibus
1158 3820 1208 3855 ν.
1248 3803 1501 3855 Lainhec.
1538 3811 1695 3868 atque
1714 3798 1830 3850 Kol-

256 3898 355 3951 lar.
398 3898 463 3961 ιτ,
506 3914 558 3967 p.
594 3900 697 3954 5I8
725 3914 842 3968 sqq.

335 3990 574 4042 Veiietiis
598 3992 649 4040 in
684 3990 812 4042 bibl.
842 3988 1003 4040 Marc.
1039 3989 1156 4038 i-oil.
1191 3985 1324 4047 LXI,
1350 4000 1475 4052 epp.
1505 3981 1822 4037 CCLXXIV.

262 4102 281 4133 ι
311 4084 535 4143 Omnes,
578 4088 653 4135 ait
680 4082 889 4134 Zanelii
924 4098 974 4151 p.
1018 4082 1087 4135 Η
1115 4081 1231 4133 Cat.
1265 4082 1418 4132 codd.
1452 4078 1544 4135 Gr.
1578 4080 1745 4131 Marc.
1775 4079 1826 4131 in

258 4175 389 4225 edit.
426 4172 719 4226 novissima
758 4175 1141 4225 monachorum
1170 4171 1225 4225 S.
1257 4171 1455 4222 Bencd.
1477 4179 1826 4239 praeteream,

255 4282 373 4330 QIIII‘
396 4266 564 4331 posita
582 4274 661 4317 est
679 4264 777 4317 sub
796 4279 1019 4317 numero
1032 4263 1201 4317 CCLX
1214 4262 1348 4321 XIV,
1368 4263 1465 4316 hoc
1492 4262 1642 4314 titulo
1661 4279 1670 4310 :
1688 4261 1830 4329 Πρὸς

255 4354 587 4411 ἀσθενοῦντα
636 4354 1084 4425 παραμυθητική,
1143 4352 1508 4407 Consolatoria
1567 4352 1633 4401 nd
1680 4350 1831 4415 inﬁr-

253 4464 434 4510 mum;
495 4447 683 4512 incipit
732 4465 745 4498 :
809 4447 865 4498 Ὀ
910 4446 1020 4513 βίος
1071 4446 1178 4497 τῶν
1242 4443 1541 4515 ἀνθρώπων
1600 4441 1823 4511 βραχύς.

2004 3260 2265 3330 Epistolas
2295 3269 2593 3329 sequuntur
2638 3260 2690 3313 in
2736 3260 3028 3328 appeiidiee
3089 3273 3139 3327 p.
3188 3258 3293 3311 468
3342 3272 3491 3325 sqq.,

1927 3355 2202 3422 prmmisso
2247 3355 2466 3414 monito,
2520 3352 2725 3405 Ἠθικοὶ
2782 3352 2926 3417 λόγοι
2958 3352 3057 3414 κδ’,
3118 3362 3247 3414 etc.,
3284 3350 3372 3419 qui
3432 3350 3509 3403 ad

1927 3451 2059 3499 tom.
2084 3443 2125 3497 II
2147 3445 2197 3497 iu
2221 3446 2351 3500 edit.
2379 3442 2628 3498 (in-Lat.
2662 3459 2711 3495 a.
2743 3442 2900 3507 I6I8,
2924 3442 2974 3493 in
3003 3441 3297 3508 sppeiidice
3326 3440 3505 3508 primo

1930 3534 2043 3587 loco
2086 3542 2397 3600 ponuntur;
2433 3532 2499 3585 de
2541 3531 2736 3598 quibus
2778 3529 2993 3583 Fabric.
3030 3530 3080 3583 iii
3134 3537 3239 3584 vet.
3268 3529 3400 3583 edit.
3442 3544 3499 3583 n.

1926 3627 2017 3691 XI,
2057 3629 2191 3687 hare,
2226 3640 2344 3693 quae
2362 3624 2899 3693 sequuntur.littcris
2928 3623 3287 3691 eonsignavit.
3328 3621 3499 3676 “All.-

2000 3714 2142 3786 [ΧΗ
2168 3714 2443 3769 Sermones
2488 3713 2681 3766 XXIV
2724 3714 2945 3767 niorales
2992 3711 3069 3785 [in
3108 3713 3337 3782 appcnd.
3369 3722 3496 3765 tom.

1928 3805 2123 3859 Ilcdit.
2160 3803 2407 3858 GL-thl.
2461 3803 2620 3875 1618]
2655 3821 2681 3856 a
2716 3802 2965 3857 Simeoue
3010 3804 3271 3872 magistro
3322 3813 3375 3857 et
3415 3803 3499 3857 lo-

1928 3898 2166 3967 gotheta,
2203 3897 2441 3964 excerpti
2492 3911 2522 3951 e
2576 3896 2750 3948 Basilii
2787 3896 3028 3963 Scriptis,
3075 3905 3127 3949 et
3159 3895 3403 3948 centenis
3442 3895 3500 3948 in

1929 4010 2134 4048 morem
2173 3991 2461 4061 compositi
2497 3990 2644 4058 λόγοι
2695 3988 2792 4042 κδ’.
2839 3988 3217 4058 Ἐκλεχθέντες
3262 3986 3349 4039 διὰ
3399 3987 3501 4037 Συ-

1929 4085 2075 4157 μεὼν
2114 4084 2205 4137 τοῦ
2249 4084 2547 4153 μαγίστρου
2588 4082 2681 4133 καὶ
2719 4080 2999 4146 λογοθέτου
3052 4081 3115 4131 ὲκ
3160 4080 3346 4158 πασῷν
3392 4080 3500 4133 τῶν

1928 4174 2320 4245 πραγματειῶν
2350 4172 2445 4225 τοῦ
2483 4174 2539 4224 ὲν
2572 4173 2747 4239 ἁγίοις
2774 4172 2985 4243 [ἰατρὸς
3012 4172 3169 4241 ἡμῶν
3197 4171 3496 4233 Βασιλιιου,

1928 4277 2032 4319 etc.
2082 4266 2300 4319 Simenn
2340 4265 2427 4319 ille
2460 4265 2733 4332 magister,
2784 4264 2873 4331 qui
2913 4266 3075 4316 etiam
3113 4263 3499 4330 Metaphrastes

1929 4359 2085 4422 vulgo
2118 4358 2284 4417 audit,
2334 4356 2512 4409 clarus
2538 4354 2637 4408 fuit
2669 4355 2769 4407 sub
2817 4354 2995 4408 sweuli
3026 4355 3216 4407 decimi
3263 4353 3496 4406 initium.

1929 4448 2069 4503 Loca
2107 4449 2286 4501 Basilii
2327 4462 2357 4500 e
2394 4448 2589 4515 quibus
2620 4461 2899 4501 sermones
2933 4446 2986 4499 lii
3022 4444 3262 4499 contexti
3291 4454 3416 4496 sunt
3445 4443 3495 4494 in

256 4539 493 4591 Halwtur
527 4547 579 4591 et
612 4538 662 4589 in
694 4537 809 4588 cod.
851 4535 980 4589 LIV.
1024 4555 1040 4585 ι
1063 4536 1276 4589 ———Cod.
1313 4533 1531 4597 LXXV,
1563 4536 1717 4599 (Epist.
1759 4532 1824 4584 ail
1858 4548 1903 4603 ι)
1932 4541 2263 4607 marginibus
2298 4541 2647 4593 adnotantur,

257 4629 590 4693 Siinpliciam
639 4629 970 4681 luereticaiu.
1009 4659 1075 4668 -
1117 4625 1246 4681 Cod.
1293 4625 1529 4687 LXXIX,
1587 4624 1827 4691 epistola!

252 4716 669 4782 IIIICXXXVIII,
724 4728 777 4771 et
825 4717 1019 4771 Iuliani
1070 4718 1331 4787 epistola;
1387 4719 1490 4769 inc.
1544 4716 1601 4768 τὸ
1654 4717 1829 4785 ἔμφυ-

250 4827 366 4869 τον,
425 4824 548 4863 cum
600 4808 777 4861 Basilii
823 4812 1193 4878 responsione.
1250 4840 1319 4849 —-
1364 4808 1497 4863 Cod.
1561 4806 1825 4862 CXXXIX

253 4904 413 4966 epist.
448 4914 550 4953 una
587 4902 648 4950 ad
698 4899 991 4964 Iulianum,
1050 4913 1104 4955 et
1134 4918 1218 4969 ep.
1267 4904 1331 4954 ad
1371 4900 1726 4967 Simpliciam.
1758 4926 1828 4939 --

254 4993 385 5043 (Ind.
434 4990 687 5044 DLXXV.
722 4991 904 5044 Basilii
929 5002 981 5045 et
1003 4992 1257 5046 Nazianz.
1290 4992 1529 5057 epistulre
1562 4991 1823 5046 XXXVII.

256 5084 321 5137 V.
353 5084 526 5136 Catal.
557 5086 707 5135 codd.
741 5084 931 5144 Mam,
970 5099 1019 5150 p.
1053 5085 1136 5148 52,
1172 5085 1258 5147 55,
1289 5084 1356 5138 80
1380 5095 1424 5134 et
1456 5084 1579 5137 502.

328 5176 471 5228 Inter
496 5176 652 5229 codd.
679 5175 870 5228 Thom.
898 5175 1025 5229 Gale
1062 5178 1113 5227 in
1153 5175 1270 5229 Cat.
1309 5176 1462 5228 codd.
1501 5177 1723 5242 Angliw,
1762 5173 1824 5233 II,

254 5283 379 5335 pag.
419 5266 541 5331 I88,
582 5283 635 5317 ιι.
682 5267 840 5333 5945,
897 5279 1224 5319 memoratur
1274 5268 1454 5318 Basilii
1496 5266 1561 5318 M.
1603 5265 1824 5333 epistola

261 5357 498 5409 timidum
549 5356 724 5419 edita;
759 5359 851 5411 sed
883 5374 985 5410 nec
1038 5357 1361 5425 principium
1408 5356 1548 5408 illius
1581 5371 1676 5409 nec
1720 5354 1826 5407 ulla

262 5451 362 5503 alia
402 5450 589 5501 notitia
640 5449 884 5511 additur;
940 5465 1004 5500 an
1050 5449 1159 5511 illa,
1192 5465 1308 5516 qua:
1362 5447 1501 5500 infra
1550 5463 1602 5504 ιι.
1634 5446 1827 5500 XXXII

262 5540 634 5596 memoratur?

336 5630 629 5684 Florentia:
657 5632 705 5682 in
758 5630 888 5685 hibl.
917 5630 1403 5684 Medio-Laurent.
1453 5631 1503 5683 in
1550 5630 1670 5684 cod.
1708 5629 1828 5693 XX,

256 5724 394 5792 phil.
428 5723 482 5782 9.
510 5733 632 5776 sunt
656 5724 801 5775 varia
830 5722 1011 5775 Basilii
1051 5738 1243 5789 opera;
1288 5723 1339 5773 in
1367 5722 1454 5775 liis
1487 5738 1542 5774 ιι.
1574 5722 1660 5786 IS,
1705 5736 1827 5791 epp.

259 5820 324 5860 ιιι
382 5814 683 5874 (ἶΙιΗοιιριιι,
741 5814 805 5868 ad
865 5814 1183 5883 tiwgor'uiu
1242 5812 1591 5883 Thrologum,
1653 5823 1705 5867 et
1764 5814 1829 5866 ad

2004 4635 2053 4689 I.
2082 4634 2215 4703 Περὶ
2269 4632 2470 4703 ἀρετῆς
2519 4630 2613 4682 καὶ
2667 4628 2883 4689 κακίας,
2925 4626 2996 4678 De
3033 4630 3219 4679 virtute
3277 4635 3322 4677 et
3356 4636 3494 4677 riuo.

1928 4723 2112 4791 Incipit
2148 4743 2159 4774 τ
2207 4724 2263 4776 Ὀ
2303 4724 2399 4791 μὲν
2423 4720 2623 4791 Κύριος
2647 4719 2804 4788 ἡμῶν
2839 4716 3043 4787 Ἰησοῦς
3071 4716 3319 4787 Χριστός.

1997 4814 2049 4867 2.
2076 4815 2210 4884 Περὶ
2232 4810 2454 4880 διδαχῆς
2494 4809 2587 4861 καὶ
2604 4806 2908 4867 νουθεσίας,
2942 4806 3014 4857 De
3046 4806 3281 4857 doctrina
3322 4813 3367 4855 et
3396 4819 3496 4854 aa-

1928 4908 2228 4960 monitioue.
2254 4904 2448 4969 Incipit
2492 4917 2505 4953 :
2537 4902 2598 4953 El
2628 4899 2721 4951 ἐπὶ
2750 4896 3053 4958 τοσαύταις.

1996 5018 2049 5073 3.
2084 5019 2219 5086 Περὶ
2258 5017 2479 5084 ἀγάπης
2527 5015 2625 5082 τῆς
2668 5013 2803 5083 πρὸς
2839 5012 2927 5063 τὸν
2952 5010 3084 5063 Θεὸν
3120 5025 3213 5062 και
3246 5023 3335 5061 τον
3356 5024 3494 5076 πλη-

1930 5109 2064 5167 σίον,
2092 5107 2169 5160 De
2210 5123 2383 5158 amore
2428 5122 2551 5173 erga
2602 5102 2767 5157 Deum
2802 5112 2847 5155 et
2905 5102 3217 5171 prosimum.
3259 5100 3494 5169 Incipit:

1928 5202 2065 5263 Τοὺς
2094 5199 2201 5251 τῶν
2227 5197 2511 5267 βιωτικῶν.

1997 5313 2051 5365 4.
2075 5312 2210 5381 Περὶ
2227 5306 2613 5378 ὲλεημυσύνης,
2639 5308 2708 5359 De
2726 5304 3074 5357 misericordia
3092 5313 3136 5357 et
3160 5303 3497 5372 benignitate.

1930 5403 2151 5469 Incipit:
2193 5401 2253 5451 ΕΞ
2285 5395 2584 5466 θαυμάζεις
2604 5396 2671 5448 τὰ
2710 5398 2965 5466 χρήματα

2092 5508 2227 5577 Περὶ
2256 5506 2485 5557 πλούτου
2512 5505 2601 5557 καὶ
2632 5506 2839 5564 πενίας,
2883 5504 2953 5553 De
2974 5502 3165 5553 divitiis
3203 5509 3251 5552 ιι
3275 5515 3497 5567 pauper-

1933 5612 2055 5655 tate.
2082 5600 2267 5666 Incipit
2298 5617 2312 5651 :
2349 5598 2428 5650 Τὰ
2455 5597 2665 5667 φρέατα.
2698 5595 3107 5663 ὲξαντλούμενα.

1999 5714 2049 5767 6.
2096 5714 2226 5781 Περὶ
2264 5712 2589 5776 πλεονεξίας,
2618 5710 2689 5763 Dc
2714 5710 2955 5762 (II‘IIIIIIII.
2986 5706 3203 5775 Incipit:
3234 5705 3400 5757 Ὅταν
3420 5704 3496 5764 εἷς

1966 5808 1975 5820 ο
2027 5806 2037 5818 ι
2144 5808 2149 5817 ι
2201 5806 2222 5819 ς
2274 5807 2281 5819 ο

1931 5823 2102 5859 οικιαν
2132 5822 2335 5875 ανορθς.
