4046 6488
545 437 756 478 CCLXXII

1884 424 2410 481 PROLEGOMENA.

614 541 666 595 ’1.
698 540 833 610 Περὶ
853 540 1150 613 ἁμαρτίας,
1176 539 1251 596 De
1280 554 1513 611 peccato.
1532 543 1720 615 Incipit
1739 561 1752 596 :
1774 545 1969 614 Πολὺν,
1988 548 2088 614 ἀγα

2214 546 2475 613 suspicor,
2528 557 2649 598 esse
2696 542 2947 599 homilias
2992 558 3179 599 novem
3227 547 3523 611 breviores,
3566 564 3700 617 quas
3743 571 3774 611 α

542 631 725 704 πητοί.

613 724 667 780 8.
701 723 834 793 Περὶ
862 726 1169 792 μετανοίας,
1204 722 1280 778 De
1302 724 1623 794 paenitentia.
1661 727 1890 785 Incipit:
1924 728 2109 791 Διττός

544 830 632 885 μοι
650 813 810 883 φόϐος
842 815 1125 886 ἐνέσκηψε.

608 905 661 960 9.
692 906 824 977 Περὶ
854 907 1182 978 προσευχῆς,
1244 907 1319 962 De
1349 918 1665 977 precatione.
1721 910 1909 981 Incipit
1945 930 1957 966 :
1988 913 2105 983 Χρὴ

538 997 637 1069 τὴν
667 1000 992 1070 προσευχήν.
1024 1000 1121 1053 llic
1153 1016 1332 1053 sermo
1365 1018 1486 1058 cmn
1526 1002 1725 1056 Nicolai
1749 1004 1954 1059 Glaseri
1990 1018 2107 1055 Ver-

539 1088 708 1147 sione,
732 1088 950 1154 junctus
978 1091 1184 1143 duobus
1228 1091 1381 1148 libris
1416 1095 1785 1163 Chrysostomi
1834 1094 1909 1149 De
1954 1096 2104 1150 modo

541 1179 727 1229 orandi
754 1177 938 1238 Deum,
970 1180 1165 1246 prodiit
1215 1183 1265 1234 in
1316 1185 1554 1251 ejusdem
1590 1182 1797 1239 Glaseri
1830 1183 2103 1252 Cynosura

539 1266 747 1330 pietatis
775 1279 822 1320 et
877 1286 1078 1321 morum
1128 1270 1317 1327 Grreco
1355 1273 1565 1339 Latina,
1615 1275 2002 1341 Gicssm1609,
2046 1279 2099 1331 8.

612 1358 695 1413 10.
716 1360 849 1430 Περὶ
872 1363 1146 1432 νηστείας,
1178 1365 1249 1417 De
1278 1365 1509 1433 jejunio.
1542 1368 1766 1436 Incipit:
1800 1368 2103 1439 Στρατηγοὶ

540 1448 636 1518 μὲν
665 1452 743 1515 είς
771 1453 1090 1523 παράταξιν.

610 1543 695 1597 11.
739 1546 871 1614 Περὶ
910 1545 1163 1612 Θανάτου,
1186 1546 1259 1601 De
1286 1562 1465 1603 morte.
1509 1549 1699 1616 Incipit
1728 1546 1834 1603 εὮ
1853 1550 1945 1604 τοῦ
1976 1552 2101 1605 θαύ-

545 1652 731 1702 ματος,
759 1637 1051 1708 ἀγαπητοί.
1092 1638 1239 1694 llanc
1273 1657 1335 1693 ex
1369 1657 1500 1695 mss.
1549 1642 1823 1697 Vaticanis
1858 1645 2019 1697 vertit
2045 1652 2101 1697 et

534 1723 725 1779 Latine
760 1728 898 1783 inter
926 1746 1085 1796 opera
1130 1730 1392 1797 Ephrzemi
1427 1730 1548 1802 Syri
1592 1735 1759 1788 edidit
1791 1734 1917 1789 Ger.
1965 1733 2097 1790 Vos-

536 1815 839 1878 SIIIS,'I0ln.
872 1818 907 1880 I,
943 1834 992 1882 p.
1026 1818 1152 1870 9.00.

2214 634 2506 689 Francisco
2538 633 2767 700 Vergara
2806 649 2991 688 versas
3027 648 3145 687 esse
3172 634 3363 693 Latine
3393 651 3577 692 narrat
3608 639 3773 694 Nico-

2212 729 2328 779 laus
2354 729 2617 780 Antonius
2644 725 2693 777 in
2718 723 2857 779 Bibl.
2889 726 3145 795 Hispana.
3169 725 3334 786 FABR.
3362 731 3494 786 Sunt
3512 732 3562 784 in
3590 736 3773 787 decem

2210 820 2329 871 cod.
2356 818 2484 871 bibl.
2521 816 2665 886 publ.
2688 815 2859 869 Paris.

2285 910 2540 963 Ultimum
2575 910 2749 964 locum
2782 906 2833 960 in
2862 907 3089 960 tomolll
3117 908 3202 963 ed.
3241 909 3406 966 Garn.
3433 921 3658 983 occupat
3682 913 3775 965 Περ

2211 1000 2264 1069 pl.
2285 1000 2380 1067 τῆς
2413 1000 2469 1050 ὲν
2499 999 2765 1069 παρθενίᾳ
2812 997 3047 1068 ἀληθοῦς
3090 998 3358 1071 ἀφθορίας
3382 1007 3517 1076 πρὸς
3548 1005 3776 1077 Λητοῖον

2206 1091 2501 1144 ἐπίσκοπον
2524 1090 2830 1159 Μελιτηνῆς
2866 1090 2962 1163 (a),
2992 1088 3147 1143 Liber
3184 1093 3247 1145 de
3292 1109 3410 1147 vera
3457 1098 3773 1167 virginitatis

2206 1182 2501 1250 integritate
2528 1183 2597 1233 ad
2630 1179 2889 1248 Letoium,
2924 1181 3305 1237 Melitinemem
3332 1186 3649 1256 episcopum.
3685 1188 3770 1243 In-

2205 1275 2332 1339 cipit
2370 1292 2383 1329 :
2425 1276 2486 1328 υί
2522 1274 2619 1344 μὲν
2652 1272 2838 1326 πολλοὶ
2875 1276 2982 1328 τῶν
3024 1275 3115 1328 τὸν
3165 1276 3414 1344 νυμφίον,
3448 1292 3552 1336 etc.
3579 1284 3634 1337 In
3682 1283 3769 1338 ed.

2204 1361 2376 1419 Paris.
2406 1382 2456 1417 a.
2494 1363 2651 1424 16‘8,
2680 1374 2809 1417 tom.
2838 1363 2883 1430 I,
2910 1376 2960 1419 et
3009 1383 3036 1419 a
3066 1365 3314 1420 Fabricio
3348 1367 3398 1419 in
3443 1381 3546 1426 vet.
3592 1376 3681 1428 ed.
3719 1374 3770 1426 in

2206 1458 2522 1512 recensione
2556 1456 2699 1510 illius
2731 1458 2857 1511 lomi
2900 1477 2952 1516 n.
2986 1460 3047 1522 V,
3084 1460 3225 1514 inter
3246 1459 3478 1529 genuina
3514 1466 3774 1534 recipitur

2203 1545 2383 1603 Basilii
2414 1561 2595 1616 opera.
2627 1545 2804 1615 Atque
2846 1548 3129 1603 Fabricius
3173 1552 3285 1603 hinc
3316 1566 3436 1618 qua:
3463 1566 3773 1620 sequuntur

2201 1639 2269 1693 de
2304 1639 2392 1692 illo
2416 1639 2553 1691 libro
2582 1638 2841 1693 notavit:
2883 1658 2901 1690 ι
2935 1637 3105 1691 Vertit
3132 1640 3447 1694 Ambrosius
3475 1642 3769 1699 Camaldu-

2205 1732 2389 1791 lensis,
2423 1727 2611 1782 Venet.
2649 1728 2804 1793 1550,
2833 1730 2885 1784 8.
2914 1730 3062 1785 Licet
3090 1746 3217 1786 vero
3248 1731 3552 1786 Dorscheus
3585 1746 3773 1790 noster

2205 1822 2256 1873 in
2288 1819 2801 1890 lndiceiniquitatis,
2836 1837 2955 1891 pag.
2991 1823 3092 1876 175
3117 1839 3225 1893 sq.,
3249 1834 3301 1877 et
3324 1839 3390 1877 ex
3424 1823 3553 1893 ipsis
3586 1824 3755 1877 etiam

608 1908 696 1964 12.
725 1909 858 1979 Περὶ
891 1900 1065 1980 λύπης
1118 1911 1212 1964 καὶ
1244 1910 1501 1982 ἀθυμίας,
1539 1913 1614 1968 De
1662 1932 1878 1971 incerare
1915 1929 1963 1971 et
2006 1922 2088 1971 tri-

2204 1911 2359 1964 nom.
2401 1889 2660 1966 Ecclesiae
2704 1889 2932 1967 addictis
2978 1889 3183 1970 Natalis
3232 1916 3538 1971 Alexander
3571 1927 3627 1973 et
3677 1916 3771 1971 alii

534 2001 699 2054 stitia.
756 2000 947 2071 Incipit
991 2020 1005 2056 :
1067 2004 1233 2058 Ὅταν
1284 2005 1378 2060 ἴδω
1425 2007 1518 2060 καὶ
1561 2007 1622 2059 τὸ
1671 2008 1839 2062 κακὸν
1890 2011 2103 2066 εὐοδού-

532 2107 715 2160 μενον.

603 2185 846 2257 15.[Ιερὶ
884 2185 1158 2258 ὑπομονῆς
1175 2189 1268 2242 καὶ¹
1310 2190 1711 2262 μακροθυμίας,
1749 2194 1824 2249 De
1848 2198 2101 2266 patientia

528 2288 577 2330 et
606 2278 903 2331 tolerantia.
930 2277 1123 2346 Incipit
1153 2299 1166 2335 :
1207 2282 1411 2354 Μηδεὶς
1448 2283 1507 2351 ἐξ
1534 2276 1608 2337 ὧν
1637 2286 1825 2342 ἔπαθε.

604 2371 691 2423 14.
730 2370 862 2441 Περὶ
898 2371 1198 2445 μελλούσης
1256 2376 1509 2447 κρίσεως,
1564 2378 1641 2431 De
1675 2380 1850 2446 futuro
1870 2380 2095 2447 judicio.

534 2460 723 2526 Incipit
764 2478 778 2515 ε
814 2462 981 2516 Ὅταν
1029 2464 1232 2537 μέλλῃς
1265 2468 1357 2519 ὲπί
1398 2487 1518 2521 τινα
1562 2469 1756 2539 ὁρμᾷν.
1795 2469 1945 2525 Hunc
1966 2488 2099 2540 quo-

525 2567 634 2620 que
674 2567 981 2609 sermonem
1028 2554 1218 2610 Latine
1262 2573 1288 2608 a
1338 2573 1396 2613 se
1442 2573 1660 2612 versum
1694 2559 1913 2614 exhibet
1963 2560 2091 2619 Ger.

531 2642 755 2700 Vossius
783 2655 915 2700 tom.
948 2645 967 2701 I
1005 2645 1239 2715 Operttm
1273 2649 1542 2717 Ephrremi
1567 2650 1715 2722 Syri,
1760 2670 1809 2723 p.
1830 2653 1955 2709 211.

598 2735 687 2790 15.
712 2737 846 2808 Περὶ
869 2738 1041 2809 ἀρχῆς
1071 2740 1165 2793 καὶ
1192 2741 1460 2807 ἐξουσίας,
1496 2742 1571 2795 De
1606 2746 1903 2810 principatu
1930 2755 1980 2799 et
2008 2764 2098 2813 po-

527 2834 729 2881 testate.
768 2827 956 2897 Incipit
982 2848 995 2882 :
1020 2832 1196 2883 Καλὸν
1230 2833 1335 2898 ἀεὶ,
1366 2834 1425 2886 τὸ
1451 2836 1634 2904 χεῖρον
1660 2834 1765 2886 ὑπὸ
1800 2834 1893 2887 τοῦ
1922 2836 2098 2906 κρείτ-

523 2935 675 2981 τονος
700 2919 947 2988 ἄγεσθαι.

596 3009 683 3065 16.
723 3011 857 3083 Περὶ
889 3013 1328 3084 γαστριμαργίας
1352 3016 1446 3069 καὶ
1464 3015 1655 3087 μέθης,
1692 3015 1767 3068 De
1795 3015 2020 3087 ingluvie
2047 3029 2094 3074 et

522 3101 791 3157 ebrietate.
842 3100 1037 3173 Incipit
1064 3119 1077 3154 :
1103 3102 1448 3177 Μονότροπος
1477 3110 1506 3161 ὁ
1538 3108 1633 3162 τοῦ
1668 3108 2095 3180 Χριστιανισμοῦ

526 3192 659 3257 Βίος.

594 3282 680 3338 17.
713 3283 846 3352 Περὶ
894 3285 1061 3355 ὀργῆς
1108 3287 1200 3338 καὶ
1243 3286 1460 3355 ἔχθρας,
1518 3289 1591 3340 De
1636 3292 1716 3340 ira
1754 3301 1801 3342 et
1832 3294 1971 3344 odio.
2007 3292 2091 3345 In-

514 3370 691 3440 cipit:
725 3372 991 3439 Μέγιστον
1032 3375 1391 3445 κατηγόρημα
1428 3377 1771 3446 Χριστιανοῦ.

595 3462 679 3517 18.
714 3463 851 3535 Περὶ
884 3464 1079 3533 φθόνου
1118 3468 1212 3519 καὶ
1256 3466 1579 3537 βασκανίας.
1615 3468 1692 3523 De
1731 3472 1891 3525 livore
1927 3473 2086 3527 etin-

520 3553 681 3607 eidia.
716 3553 898 3622 Incipit
933 3574 946 3608 :
976 3555 1182 3627 Πολλὴν
1225 3559 1355 3629 ἡμῖν
1382 3562 1597 3629 ἐμποιεῖ
1614 3562 1713 3632 τὴν
1740 3563 1945 3615 ἄνοιαν.

595 3645 681 3700 19.
708 3646 845 3720 Περὶ
883 3650 1237 3721 σωφροσύνης
1288 3654 1381 3706 xa‘t
1432 3654 1745 3719 ἀκολασίας,
1782 3656 1856 3709 De
1896 3669 2087 3722 tempe-

524 3740 696 3789 rantia
732 3748 779 3790 et
816 3741 1209 3795 incontinentia.
1248 3744 1432 3813 Incipit
1468 3763 1481 3797 :
1531 3746 1592 3799 Ὀ
1623 3746 1730 3799 τῶν
1763 3749 2087 3803 Μακεδόνων

534 3827 897 3900 Ἀλέξανδρος.

590 3916 680 3971 20.
705 3918 839 3989 Περὶ
866 3920 1364 3991 ταπεινοφροσύνης
1396 3924 1487 3975 καὶ
1516 3925 1837 3991 κενοδοξίας,
1888 3927 1961 3980 De
1986 3929 2087 3982 Im-

520 4008 745 4063 militate
778 4018 825 4063 et
874 4026 1009 4065 cana
1038 4011 1227 4081 gloria.
1260 4012 1447 4083 Incipit
1477 4034 1490 4069 :
1538 4017 1841 4090 Ἀμήχανον
1870 4018 1961 4072 τὸν
2011 4022 2085 4091 μὴ

520 4101 976 4172 καταδεξάμενον.

587 4194 679 4247 21.
710 4196 845 4266 Περὶ
874 4196 1134 4266 εὐτυχίας
1168 4199 1261 4251 καὶ
1300 4199 1587 4270 δυστυχίας
1622 4202 1715 4255 καὶ
1750 4206 2081 4273 φρονήσεως,

525 4284 602 4339 De
621 4284 869 4355 felicitate
902 4302 963 4339 ac
993 4289 1323 4353 infortunio;
1354 4300 1463 4342 tum
1494 4293 1655 4344 etiant
1689 4291 1763 4344 De
1780 4295 2079 4359 prudentia.

516 4375 710 4444 Incipit
739 4395 752 4431 :
784 4376 921 4431 Οὔτε
941 4379 1007 4431 τὰ
1038 4379 1204 4444 δεξιά.

584 4469 673 4523 22.
711 4469 846 4540 Περὶ
860 4472 1133 4541 προνοίας,
1160 4470 1235 4525 De
1258 4472 1597 4539 providentia.
1630 4471 1819 4539 Incipit
1843 4486 1857 4523 :
1898 4471 2004 4525 Τοῦ
2024 4473 2081 4525 ἐν

516 4560 594 4633 τῷ
620 4563 1016 4633 προστάγματι.

590 4652 681 4707 25.
708 4654 845 4725 Περὶ
869 4654 1066 4727 ψυχῆς,
1092 4654 1167 4709 De
1183 4656 1383 4709 anima.
1411 4654 1604 4723 Incipit
1635 4672 1647 4706 :
1683 4652 1756 4707 Τδ
1777 4654 1876 4725 τὴν
1901 4656 2081 4708 πᾶσαν

515 4746 772 4817 σπουδήν.

584 4838 671 4891 24.
723 4836 858 4898 Hegi.
888 4840 1051 4909 τιμῆς
1102 4839 1321 4908 γονέων,
1380 4837 1475 4895 καὶ
1504 4838 1711 4909 γήρως,
1766 4840 1859 4891 καὶ
1900 4839 2084 4910 νεότη-

514 4946 627 4997 τος,
662 4931 735 4984 De
773 4931 967 4983 honore
988 4947 1089 4999 quo
1121 4931 1372 5001 aﬂiciendi
1401 4940 1518 4983 sunt
1550 4940 1811 4997 parentes,
1850 4931 1915 4981 de
1936 4946 2083 4983 sene-

512 5030 657 5075 ctute
684 5032 732 5075 et
761 5023 1055 5089 jurentute.
1092 5021 1283 5089 Incipit
1315 5037 1328 5071 :
1355 5021 1449 5081 Τὸ.
1492 5019 1855 5090 Ἐξεγέρθητι,
1890 5017 2083 5089 Κύριε.

581 5110 903 5165 Prodierunt
932 5109 983 5163 bi
1034 5123 1313 5164 scrmones
1356 5110 1585 5176 primum
1629 5108 1819 5163 Graece
1856 5124 1887 5163 e
1941 5108 2073 5164 bibl.

514 5202 654 5268 regis
677 5197 1152 5260 Christianissitni,
1205 5196 1376 5251 Paris.
1414 5198 1553 5266 apud
1595 5197 1738 5253 Guil.
1794 5198 2073 5253 Morellum

519 5288 675 5352 1556,
704 5289 757 5343 8.
790 5286 925 5342 llinc
961 5302 991 5339 α
1028 5286 1255 5342 Simone
1282 5285 1516 5350 Mailleo.
1544 5288 1950 5357 archiepiscopo
1968 5287 2077 5341 Tu-

510 5379 753 5442 ronensi,
773 5377 1015 5432 translati
1040 5376 1092 5430 in
1126 5376 1371 5430 Latinum
1400 5392 1726 5443 sermonem,
1756 5378 1887 5431 ibid.
1914 5377 2073 5443 1558,

508 5473 565 5524 8.
592 5467 783 5522 Postea
820 5478 1047 5535 utraque
1088 5467 1265 5535 lingua
1306 5482 1427 5520 cum
1457 5480 1589 5519 nova
1630 5465 2074 5531 interpretatione

510 5557 767 5611 Stanislai
819 5558 993 5621 llovii,
1026 5555 1277 5610 Francof.
1317 5555 1453 5610 1598
1482 5565 1535 5609 et
1574 5556 1733 5619 1611,
1758 5557 1811 5609 8.
1839 5558 2077 5611 Simonis

508 5660 541 5698 ι
569 5644 742 5699 Maille
778 5645 1149 5714 interpretatio
1184 5644 1371 5697 Latina
1412 5654 1623 5699 servata
1653 5654 1737 5698 est
1774 5644 1829 5697 in
1859 5644 2075 5699 Graeco-

511 5734 721 5789 Latinis
743 5750 965 5804 operuat
1001 5734 1183 5790 Basilii
1233 5736 1577 5792 editionibus.
1610 5735 1685 5791 Ex
1727 5736 1812 5791 his
1853 5737 2070 5801 ethicis,

2204 2002 2368 2056 libell.
2424 2002 2497 2057 De
2547 2004 2842 2071 virginitate
2869 2003 3051 2059 Basilii
3080 2022 3200 2061 esse
3230 2020 3445 2077 negent,
3483 2021 3660 2064 tamen
3694 2011 3769 2064 illi

2201 2094 2437 2146 vindicat
2462 2095 2562 2149 hoc
2590 2096 2872 2164 scriptum,
2915 2111 2943 2147 ιι
2985 2095 3149 2149 Suida
3186 2098 3348 2151 etiam
3378 2112 3768 2165 memoratum,

2199 2184 2557 2240 Combelisius
2577 2186 2884 2241 testimonio
2914 2183 3261 2251 Nazianzeni,
3289 2191 3377 2258 qui
3403 2199 3546 2244 orat.
3578 2191 3671 2257 20,
3696 2192 3774 2244 De

2199 2274 2421 2343 Basilio,
2453 2296 2572 2349 pag.
2621 2280 2746 2345 558,
2790 2279 2859 2333 τὰ
2884 2279 3137 2351 ἔγγραφα
3174 2282 3343 2351 Ipsius
3372 2281 3439 2335 de
3473 2282 3773 2351 virginibus

2197 2368 2541 2439 διατάγματα
2590 2383 2998 2426 commemorat.
3033 2373 3255 2428 Lctoius
3305 2372 3394 2427 ille
3442 2372 3692 2426 laudatur
3738 2394 3766 2425 ει

2199 2457 2528 2512 Theodorito
2556 2459 2699 2523 n.2,
2719 2458 2859 2512 Hist.
2888 2481 2905 2511 ι
2932 2460 3202 2516 Hactenus
3227 2461 3528 2517 Fabricius.
3555 2462 3769 2516 Atenim

2197 2546 2469 2615 Garnier.,
2497 2550 2583 2619 qui
2612 2551 2663 2604 in
2693 2553 2890 2621 praevio
2919 2550 3118 2605 Monito
3148 2554 3292 2607 illum
3312 2555 3504 2609 librum
3524 2556 3769 2624 spuriunt

2199 2655 2323 2695 esse
2361 2642 2696 2698 demonstrat
2724 2659 2789 2698 ex
2825 2645 2949 2715 styli
2983 2645 3496 2701 dissimilitudineet
3520 2648 3770 2715 imagini-

2203 2734 2304 2787 bus
2333 2734 2620 2798 indecoris,
2653 2748 2812 2803 atque
2842 2736 3095 2804 quoniam
3128 2736 3345 2791 Letoius
3381 2736 3488 2799 ille,
3516 2738 3604 2789 cui
3628 2753 3769 2790 nun-

2199 2835 2428 2892 cupatus
2460 2836 2543 2879 est
2577 2826 2729 2889 liber,
2768 2827 3009 2895 pluribus
3040 2838 3160 2895 post
3192 2826 3374 2880 Basilii
3402 2835 3630 2881 mortem
3666 2844 3766 2881 an-

2197 2915 2280 2967 nis
2327 2915 2393 2969 ad
2431 2915 2746 2984 dignitatem
2798 2917 3035 2986 episcopi
3090 2917 3447 2972 Melitinensis
3496 2922 3765 2989 pervenit,

2196 3004 2427 3073 primum
2459 3004 2679 3061 Suidam
2712 3009 2845 3062 nihil
2882 3016 3161 3073 moratur;
3191 3011 3386 3064 deinde
3419 3007 3755 3066 Nasianzcui

2198 3099 2587 3165 testimonium,
2633 3102 2775 3169 quod
2801 3116 2964 3172 grave
2999 3102 3229 3166 videtur,
3258 3111 3313 3157 et
3349 3117 3456 3172 quo
3492 3102 3765 3157 Combeli-

2198 3191 2311 3245 sius
2336 3205 2399 3245 ac
2420 3191 2495 3244 Du
2530 3191 2626 3246 Pin
2659 3193 2722 3245 ad
2751 3194 2944 3246 librum
2976 3192 3176 3249 Basilio
3197 3195 3353 3249 unice
3385 3198 3761 3259 asserendum,

2199 3283 2469 3347 nituntur,
2507 3300 2610 3337 non
2652 3286 2717 3338 de
2747 3294 2929 3339 nostro
2965 3285 3215 3355 intelligit
3248 3285 3412 3340 libro.
3454 3308 3470 3336 ι
3511 3286 3638 3348 Sed,
3663 3287 3761 3346 ait.

2195 3387 2316 3425 cum
2340 3372 2635 3443 Gregorius
2661 3374 2845 3428 Basilii
2900 3375 3099 3443 scripta
3132 3374 3335 3438 laudat,
3371 3375 3566 3443 quibus
3596 3374 3762 3444 virgi-

2194 3463 2419 3515 nitatem
2462 3478 2587 3517 vere
2620 3464 2798 3517 colere
2832 3465 3079 3529 docebat,
3120 3463 3344 3534 Regulus
3389 3465 3610 3531 indicat,
3644 3479 3766 3531 qua:

2195 3553 2328 3607 nihil
2370 3568 2591 3621 prorsus
2641 3557 2861 3618 habent,
2902 3557 3044 3623 quod
3085 3571 3191 3609 non
3224 3558 3288 3609 ad
3318 3557 3575 3625 optimam
3598 3572 3765 3611 exco-

2192 3644 2364 3699 leudre
2395 3644 2723 3714 virginitatis
2749 3648 3010 3699 rationem
3036 3648 3324 3714 pertineat.
3350 3648 3525 3715 Atque
3552 3649 3763 3703 etiamsi

2190 3747 2465 3790 constaret
2538 3734 2792 3790 Basiliunt
2843 3736 3098 3805 singulari
3146 3752 3308 3805 opera
3356 3737 3430 3791 De
3466 3739 3765 3808 virginitate

2193 3829 2508 3897 scripsisse:
2558 3842 2744 3882 verum
2789 3827 2916 3881 illud
2961 3843 3095 3897 Opus
3139 3831 3552 3885 desiderandum
3582 3844 3761 3900 esset;

2194 3919 2411 3973 minime
2459 3932 2580 3973 vers
2634 3918 2794 3982 illud,
2872 3920 3012 3987 quod
3072 3921 3123 3973 in
3190 3922 3441 3977 manibus
3501 3923 3765 3979 habemus

2198 4008 2386 4079 effingi
2440 4010 2486 4062 ei
2548 4010 2601 4062 in
2662 4018 2767 4063 tam
2820 4010 3105 4065 manifesta
3157 4012 3281 4082 styli
3324 4014 3765 4071 dissimilitudine

2191 4115 2255 4151 ac
2305 4108 2606 4169 temporum
2672 4100 3036 4170 discrepantia
3097 4101 3339 4157 deberet.
3395 4122 3416 4156 ι
3473 4102 3620 4173 Opus
3676 4116 3761 4159 ta-

2193 4205 2350 4252 tucn,
2418 4191 2486 4243 ab
2556 4191 2880 4260 antiquitate
2943 4195 3417 4259 commendatum,
3487 4199 3759 4262 concedit,

2191 4281 2453 4347 scriptum
2476 4296 2600 4335 esse
2630 4292 2824 4350 quarto
2847 4285 3065 4350 saeculo,
3094 4287 3378 4355 eidemque
3400 4286 3586 4341 Letoio
3623 4305 3761 4341 nun-

2188 4378 2443 4437 cupatum
2479 4371 2825 4435 Melitinensi,
2856 4375 2921 4426 ad
2965 4390 3124 4441 quem
3152 4378 3315 4429 etiam
3345 4378 3595 4447 Gregorii
3623 4379 3759 4447 Nys-

2188 4463 2304 4516 seui
2345 4472 2523 4516 exstat
2548 4464 2769 4532 epistola
2804 4466 3085 4519 canonica.
3131 4466 3416 4521 Garnierio
3459 4470 3759 4523 assentitur

2117 4586 2156 4639 ο
2191 4552 2501 4608 Scltroetzkb
2541 4554 2577 4607 l.
2614 4571 2687 4615 c.,
2721 4571 2843 4624 pag.
2866 4554 2993 4618 205,
3026 4556 3117 4609 sed
3142 4556 3309 4612 multo
3333 4560 3605 4627 copiosius
3635 4576 3760 4627 per-

2186 4646 2431 4713 sequitur
2483 4647 2621 4700 idem
2664 4657 3044 4715 argumentum
3076 4648 3272 4703 Oudin.
3308 4649 3342 4703 I.
3372 4667 3445 4711 c.,
3498 4665 3623 4718 pag.
3650 4651 3759 4708 553

2186 4753 2334 4804 sqq.,
2372 4738 2462 4806 qui
2488 4738 2715 4805 primum
2748 4738 2991 4792 nominat
3020 4736 3426 4803 Bellarminum,
3453 4739 3754 4807 Labbeum,

2188 4827 2263 4881 Du
2294 4827 2415 4891 Pin,
2441 4826 2806 4895 Caveumque,
2833 4829 2922 4895 qui
2957 4828 3009 4882 id
3036 4844 3173 4898 opus
3198 4840 3423 4883 censent
3454 4832 3754 4901 legitimum

2184 4935 2305 4973 esse
2333 4918 2512 4974 Basilil
2553 4918 2753 4984 letum;
2789 4919 2912 4973 dein
2948 4935 3077 4974 vero
3110 4921 3307 4973 multas
3336 4924 3602 4986 rationes,
3631 4927 3755 4994 qui—

2186 5014 2285 5067 bus
2317 5022 2493 5067 motus
2533 5010 2755 5066 Godel‘r.
2810 5010 3155 5067 Ilermantius
3191 5013 3243 5065 in
3300 5012 3416 5066 Vita
3459 5012 3657 5069 Basilii
3705 5024 3755 5069 et

2182 5101 2419 5171 Gregorii
2461 5099 2730 5154 Nazianz.
2763 5100 2962 5156 Gallice.
2989 5101 3212 5168 scripta,
3247 5100 3298 5154 id
3341 5102 3750 5170 abnegavitBao

2180 5195 2321 5257 silio,
2364 5191 2548 5255 refert,
2583 5194 2884 5261 probatque
2926 5202 2979 5245 et
3002 5201 3181 5245 ornat.
3216 5222 3289 5232 —
3319 5192 3512 5246 Exstat
3547 5196 3597 5247 in
3623 5197 3746 5249 cod.

2180 5284 2421 5338 Naniano
2451 5284 2641 5340 Venet.
2666 5282 2896 5350 CXXIII,
2930 5299 2983 5338 n.
3011 5282 3099 5346 15,
3124 5285 3190 5337 de
3226 5298 3333 5353 quo
3362 5298 3409 5335 ν.
3444 5283 3561 5337 Cat.
3591 5285 3746 5338 codd.

2181 5377 2275 5430 (ἐν.
2308 5376 2479 5441 Nam,
2513 5395 2567 5443 ιι.
2597 5376 2703 5430 256
2748 5392 2855 5444 sq.,
2900 5386 2953 5428 et
2983 5377 3035 5428 in
3067 5377 3224 5429 codd.
3272 5376 3461 5431 Bavar.
3490 5374 3745 5429 Monach.

2179 5466 2393 5528 XXXII,
2426 5467 2694 5521 LXXXIX
2727 5480 2780 5522 et
2810 5468 2985 5525 XCIII.
3015 5469 3073 5521 V.
3106 5470 3222 5522 Cat.
3259 5470 3412 5521 codd.
3454 5465 3546 5520 Cr.
3588 5466 3746 5530 Βαυ..

2180 5572 2231 5623 p.
2262 5555 2316 5615 8,
2352 5556 2421 5609 54
2467 5566 2520 5609 et
2546 5557 2633 5609 55.
2661 5588 2728 5597 -
2766 5558 2981 5611 Dresda:
3013 5560 3063 5611 in
3110 5560 3237 5612 bibl.
3296 5557 3453 5611 elect.
3494 5566 3580 5610 est
3622 5559 3743 5611 eod.

2180 5645 2355 5697 Latin.
2384 5648 2474 5715 qui
2529 5649 2772 5703 continet
2826 5650 3107 5705 Athanasii
3136 5660 3189 5706 et
3205 5649 3386 5704 Basilii
3417 5664 3545 5717 opp.
3573 5647 3631 5702 In
3662 5650 3747 5703 his

2178 5735 2355 5791 Basilii
2387 5737 2461 5793 De
2487 5739 2670 5793 militia
2706 5744 3002 5797 monachali
3031 5744 3093 5799 ad
3118 5743 3396 5813 quemdam
3420 5741 3746 5812 discipulum

582 5854 657 5923 (a)
697 5852 863 5923 Vulgo
891 5854 1084 5922 legitur
1115 5853 1370 5921 Μελέτης·
1407 5856 1497 5911 sed
1515 5855 1765 5910 Garnicr.
1800 5856 1900 5909 title
1924 5854 2072 5910 codd.

2198 5855 2325 5909 rexit
2364 5854 2689 5923 Μελετηνῆς.
