  <div class='ocr_page' id='page_1' title='image "/cluster/home/n/w/nwhite01/storage/ocr_20150623/29/ien.35556001660547/285.png"; bbox 0 0 4046 6448; ppageno 0'>
   <div class='ocr_carea' id='block_1_1' title="bbox 1500 396 2281 455">
    <p class='ocr_par' dir='ltr' id='par_1_1' title="bbox 1500 396 2281 455">
     <span class='ocr_line' id='line_1_1' title="bbox 1500 396 2281 455; baseline 0.005 -4"><span class='ocrx_word' id='word_1_1' title='bbox 1500 398 1775 455; x_wconf 72' lang='grc' dir='ltr'><strong>ΝΟΪΙΤΙΑ</strong></span> <span class='ocrx_word' id='word_1_2' title='bbox 1816 396 1907 452; x_wconf 83' lang='lat' dir='ltr'><strong>EX</strong></span> <span class='ocrx_word' id='word_1_3' title='bbox 1947 396 2281 455; x_wconf 74' lang='lat' dir='ltr'><strong>FABIIIUO.</strong></span> 
     </span>
    </p>
   </div>
   <div class='ocr_carea' id='block_1_2' title="bbox 263 512 3511 584">
    <p class='ocr_par' dir='ltr' id='par_1_2' title="bbox 263 512 3511 584">
     <span class='ocr_line' id='line_1_2' title="bbox 263 512 3511 584; baseline 0.002 -15"><span class='ocrx_word' id='word_1_4' title='bbox 263 530 457 584; x_wconf 85' lang='lat' dir='ltr'><strong>suum;</strong></span> <span class='ocrx_word' id='word_1_5' title='bbox 500 515 576 570; x_wconf 92' lang='lat' dir='ltr'><strong>De</strong></span> <span class='ocrx_word' id='word_1_6' title='bbox 604 514 849 569; x_wconf 74' lang='lat' dir='ltr'><strong>laudibus</strong></span> <span class='ocrx_word' id='word_1_7' title='bbox 891 514 1008 567; x_wconf 79' lang='lat' dir='ltr'><strong>rita:</strong></span> <span class='ocrx_word' id='word_1_8' title='bbox 1039 513 1335 573; x_wconf 79' lang='lat' dir='ltr'><strong>solitariw;</strong></span> <span class='ocrx_word' id='word_1_9' title='bbox 1386 513 1452 568; x_wconf 90' lang='lat' dir='ltr'><strong>ad</strong></span> <span class='ocrx_word' id='word_1_10' title='bbox 1494 512 1741 571; x_wconf 83' lang='lat' dir='ltr'><strong>Lctoium</strong></span> <span class='ocrx_word' id='word_1_11' title='bbox 1768 514 1843 570; x_wconf 86' lang='lat' dir='ltr'><strong>De</strong></span> <span class='ocrx_word' id='word_1_12' title='bbox 1872 529 1918 583; x_wconf 77' lang='grc' dir='ltr'><strong>Α</strong></span> <span class='ocrx_word' id='word_1_13' title='bbox 1953 512 2137 567; x_wconf 81' lang='lat' dir='ltr'><strong>Basilii</strong></span> <span class='ocrx_word' id='word_1_14' title='bbox 2173 514 2240 567; x_wconf 88' lang='lat' dir='ltr'><strong>ab</strong></span> <span class='ocrx_word' id='word_1_15' title='bbox 2270 514 2485 571; x_wconf 81' lang='lat' dir='ltr'><strong>Arianls</strong></span> <span class='ocrx_word' id='word_1_16' title='bbox 2522 514 2604 571; x_wconf 83' lang='lat' dir='ltr'><strong>vel</strong></span> <span class='ocrx_word' id='word_1_17' title='bbox 2650 512 3057 584; x_wconf 78' lang='lat' dir='ltr'><strong>Apollinaristis</strong></span> <span class='ocrx_word' id='word_1_18' title='bbox 3078 516 3343 571; x_wconf 78' lang='lat' dir='ltr'><strong>conﬁctas</strong></span> <span class='ocrx_word' id='word_1_19' title='bbox 3372 533 3511 583; x_wconf 84' lang='lat' dir='ltr'><strong>esse,</strong></span> 
     </span>
    </p>
   </div>
   <div class='ocr_carea' id='block_1_3' title="bbox 263 604 3517 677">
    <p class='ocr_par' dir='ltr' id='par_1_3' title="bbox 263 604 3517 677">
     <span class='ocr_line' id='line_1_3' title="bbox 263 604 3517 677; baseline 0.001 -17"><span class='ocrx_word' id='word_1_20' title='bbox 263 626 379 662; x_wconf 73' lang='lat' dir='ltr'><strong>tera</strong></span> <span class='ocrx_word' id='word_1_21' title='bbox 413 608 710 677; x_wconf 82' lang='lat' dir='ltr'><strong>integritate</strong></span> <span class='ocrx_word' id='word_1_22' title='bbox 740 606 1051 673; x_wconf 81' lang='lat' dir='ltr'><strong>virginitatis</strong></span> <span class='ocrx_word' id='word_1_23' title='bbox 1080 615 1132 659; x_wconf 91' lang='lat' dir='ltr'><strong>et</strong></span> <span class='ocrx_word' id='word_1_24' title='bbox 1158 607 1419 673; x_wconf 82' lang='lat' dir='ltr'><strong>quasdam</strong></span> <span class='ocrx_word' id='word_1_25' title='bbox 1462 619 1584 673; x_wconf 83' lang='lat' dir='ltr'><strong>epp.</strong></span> <span class='ocrx_word' id='word_1_26' title='bbox 1612 610 1677 659; x_wconf 80' lang='lat' dir='ltr'><strong>ad</strong></span> <span class='ocrx_word' id='word_1_27' title='bbox 1708 612 1836 660; x_wconf 78' lang='grc' dir='ltr'>Αιιι-</span> <span class='ocrx_word' id='word_1_28' title='bbox 1941 622 2045 660; x_wconf 90' lang='lat' dir='ltr'><strong>non</strong></span> <span class='ocrx_word' id='word_1_29' title='bbox 2084 604 2344 659; x_wconf 83' lang='lat' dir='ltr'><strong>diﬂitetur</strong></span> <span class='ocrx_word' id='word_1_30' title='bbox 2382 608 2492 675; x_wconf 78' lang='lat' dir='ltr'><strong>ipse</strong></span> <span class='ocrx_word' id='word_1_31' title='bbox 2518 607 2840 671; x_wconf 84' lang='lat' dir='ltr'><strong>Cotelerins,</strong></span> <span class='ocrx_word' id='word_1_32' title='bbox 2877 623 3058 676; x_wconf 89' lang='lat' dir='ltr'><strong>quem,</strong></span> <span class='ocrx_word' id='word_1_33' title='bbox 3089 608 3134 662; x_wconf 92' lang='lat' dir='ltr'><strong>si</strong></span> <span class='ocrx_word' id='word_1_34' title='bbox 3172 607 3369 677; x_wconf 81' lang='lat' dir='ltr'><strong>placet,</strong></span> <span class='ocrx_word' id='word_1_35' title='bbox 3397 612 3517 665; x_wconf 79' lang='lat' dir='ltr'><strong>vide</strong></span> 
     </span>
    </p>
   </div>
   <div class='ocr_carea' id='block_1_4' title="bbox 3284 421 3515 463">
    <p class='ocr_par' dir='ltr' id='par_1_4' title="bbox 3284 421 3515 463">
     <span class='ocr_line' id='line_1_4' title="bbox 3284 421 3515 463; baseline 0.013 -3"><span class='ocrx_word' id='word_1_36' title='bbox 3284 421 3515 463; x_wconf 70' lang='grc' dir='ltr'>εειιιιιι</span> 
     </span>
    </p>
   </div>
   <div class='ocr_carea' id='block_1_5' title="bbox 261 695 3515 768">
    <p class='ocr_par' dir='ltr' id='par_1_5' title="bbox 261 695 3515 768">
     <span class='ocr_line' id='line_1_5' title="bbox 261 695 3515 768; baseline 0.001 -16"><span class='ocrx_word' id='word_1_37' title='bbox 261 702 610 765; x_wconf 82' lang='lat' dir='ltr'><strong>pttilochium,</strong></span> <span class='ocrx_word' id='word_1_38' title='bbox 648 698 713 749; x_wconf 81' lang='lat' dir='ltr'><strong>ad</strong></span> <span class='ocrx_word' id='word_1_39' title='bbox 738 695 1049 753; x_wconf 89' lang='lat' dir='ltr'><strong>Terentium</strong></span> <span class='ocrx_word' id='word_1_40' title='bbox 1082 708 1136 750; x_wconf 90' lang='lat' dir='ltr'><strong>et</strong></span> <span class='ocrx_word' id='word_1_41' title='bbox 1162 696 1330 761; x_wconf 86' lang='lat' dir='ltr'><strong>alias;</strong></span> <span class='ocrx_word' id='word_1_42' title='bbox 1366 698 1441 752; x_wconf 90' lang='lat' dir='ltr'><strong>De</strong></span> <span class='ocrx_word' id='word_1_43' title='bbox 1457 698 1631 751; x_wconf 84' lang='lat' dir='ltr'><strong>studio</strong></span> <span class='ocrx_word' id='word_1_44' title='bbox 1663 701 1833 767; x_wconf 77' lang='lat' dir='ltr'><strong>genti-</strong></span> <span class='ocrx_word' id='word_1_45' title='bbox 1938 713 2057 768; x_wconf 81' lang='lat' dir='ltr'><strong>pag.</strong></span> <span class='ocrx_word' id='word_1_46' title='bbox 2089 698 2211 753; x_wconf 80' lang='grc'>555.</span> <span class='ocrx_word' id='word_1_47' title='bbox 2250 697 2330 751; x_wconf 92' lang='lat' dir='ltr'><strong>Illi</strong></span> <span class='ocrx_word' id='word_1_48' title='bbox 2360 713 2489 752; x_wconf 77' lang='lat' dir='ltr'><strong>vero</strong></span> <span class='ocrx_word' id='word_1_49' title='bbox 2515 702 2579 754; x_wconf 88' lang='lat' dir='ltr'><strong>ad</strong></span> <span class='ocrx_word' id='word_1_50' title='bbox 2611 700 2974 757; x_wconf 85' lang='lat' dir='ltr'><strong>Theodosium</strong></span> <span class='ocrx_word' id='word_1_51' title='bbox 3016 704 3153 757; x_wconf 90' lang='lat' dir='ltr'><strong>hanc</strong></span> <span class='ocrx_word' id='word_1_52' title='bbox 3188 711 3367 757; x_wconf 79' lang='lat' dir='ltr'><strong>notam</strong></span> <span class='ocrx_word' id='word_1_53' title='bbox 3415 704 3515 755; x_wconf 80' lang='lat' dir='ltr'><strong>ud-</strong></span> 
     </span>
    </p>
   </div>
   <div class='ocr_carea' id='block_1_6' title="bbox 258 789 3519 866">
    <p class='ocr_par' dir='ltr' id='par_1_6' title="bbox 258 789 3519 866">
     <span class='ocr_line' id='line_1_6' title="bbox 258 789 3519 866; baseline 0.002 -24"><span class='ocrx_word' id='word_1_54' title='bbox 258 796 385 845; x_wconf 75' lang='lat' dir='ltr'><strong>lium</strong></span> <span class='ocrx_word' id='word_1_55' title='bbox 415 794 643 843; x_wconf 88' lang='lat' dir='ltr'><strong>litterar.</strong></span> <span class='ocrx_word' id='word_1_56' title='bbox 672 790 765 845; x_wconf 92' lang='lat' dir='ltr'><strong>lib.</strong></span> <span class='ocrx_word' id='word_1_57' title='bbox 800 803 855 846; x_wconf 88' lang='lat' dir='ltr'><strong>et</strong></span> <span class='ocrx_word' id='word_1_58' title='bbox 890 790 1071 845; x_wconf 82' lang='lat' dir='ltr'><strong>Rulini</strong></span> <span class='ocrx_word' id='word_1_59' title='bbox 1104 789 1158 843; x_wconf 91' lang='lat' dir='ltr'><strong>in</strong></span> <span class='ocrx_word' id='word_1_60' title='bbox 1209 790 1403 847; x_wconf 87' lang='lat' dir='ltr'><strong>librqu</strong></span> <span class='ocrx_word' id='word_1_61' title='bbox 1434 791 1619 844; x_wconf 89' lang='lat' dir='ltr'><strong>homil.</strong></span> <span class='ocrx_word' id='word_1_62' title='bbox 1650 791 1831 847; x_wconf 79' lang='lat' dir='ltr'><strong>Basdii</strong></span> <span class='ocrx_word' id='word_1_63' title='bbox 1936 791 2101 845; x_wconf 84' lang='lat' dir='ltr'><strong>tlitam</strong></span> <span class='ocrx_word' id='word_1_64' title='bbox 2137 793 2189 845; x_wconf 90' lang='lat' dir='ltr'><strong>in</strong></span> <span class='ocrx_word' id='word_1_65' title='bbox 2222 807 2323 846; x_wconf 86' lang='lat' dir='ltr'><strong>tus.</strong></span> <span class='ocrx_word' id='word_1_66' title='bbox 2356 793 2620 859; x_wconf 85' lang='lat' dir='ltr'><strong>reperisse</strong></span> <span class='ocrx_word' id='word_1_67' title='bbox 2664 796 2803 850; x_wconf 87' lang='lat' dir='ltr'><strong>idem</strong></span> <span class='ocrx_word' id='word_1_68' title='bbox 2834 810 2887 866; x_wconf 91' lang='lat' dir='ltr'><strong>p.</strong></span> <span class='ocrx_word' id='word_1_69' title='bbox 2912 794 3017 849; x_wconf 83' lang='lat'><strong>559</strong></span> <span class='ocrx_word' id='word_1_70' title='bbox 3038 808 3217 851; x_wconf 89' lang='lat' dir='ltr'><strong>mouet</strong></span> <span class='ocrx_word' id='word_1_71' title='bbox 3248 816 3261 848; x_wconf 91' lang='lat'><strong>:</strong></span> <span class='ocrx_word' id='word_1_72' title='bbox 3307 796 3371 850; x_wconf 80' lang='lat' dir='ltr'><strong>&#39;ll</strong></span> <span class='ocrx_word' id='word_1_73' title='bbox 3402 799 3519 850; x_wconf 79' lang='grc' dir='ltr'><strong>ἐπι·</strong></span> 
     </span>
    </p>
   </div>
   <div class='ocr_carea' id='block_1_7' title="bbox 258 881 1799 960">
    <p class='ocr_par' dir='ltr' id='par_1_7' title="bbox 258 881 1799 939">
     <span class='ocr_line' id='line_1_7' title="bbox 258 881 1799 939; baseline -0.002 0"><span class='ocrx_word' id='word_1_74' title='bbox 258 885 633 939; x_wconf 68' lang='lat' dir='ltr'><strong>Prariatioucm</strong></span> <span class='ocrx_word' id='word_1_75' title='bbox 679 898 798 938; x_wconf 91' lang='lat' dir='ltr'><strong>cum</strong></span> <span class='ocrx_word' id='word_1_76' title='bbox 838 884 951 937; x_wconf 90' lang='lat' dir='ltr'><strong>VIII</strong></span> <span class='ocrx_word' id='word_1_77' title='bbox 990 881 1248 937; x_wconf 89' lang='lat' dir='ltr'><strong>homiliis.</strong></span> <span class='ocrx_word' id='word_1_78' title='bbox 1296 882 1357 935; x_wconf 84' lang='lat' dir='ltr'><strong>V.</strong></span> <span class='ocrx_word' id='word_1_79' title='bbox 1389 882 1578 936; x_wconf 83' lang='lat' dir='ltr'><strong>Goetz.</strong></span> <span class='ocrx_word' id='word_1_80' title='bbox 1609 882 1799 936; x_wconf 77' lang='lat' dir='ltr'><strong>Memor</strong></span> 
     </span>
    </p>
   </div>
   <div class='ocr_carea' id='block_1_8' title="bbox 1907 881 3515 960">
    <p class='ocr_par' dir='ltr' id='par_1_8' title="bbox 1936 882 3515 960">
     <span class='ocr_line' id='line_1_8' title="bbox 1936 882 3515 960; baseline 0.004 -25"><span class='ocrx_word' id='word_1_81' title='bbox 1936 883 2095 956; x_wconf 79' lang='grc' dir='ltr'><strong>στολὴ</strong></span> <span class='ocrx_word' id='word_1_82' title='bbox 2142 884 2280 956; x_wconf 81' lang='grc' dir='ltr'><strong>αὕτη</strong></span> <span class='ocrx_word' id='word_1_83' title='bbox 2320 882 2441 935; x_wconf 71' lang='grc' dir='ltr'>οὔτε</span> <span class='ocrx_word' id='word_1_84' title='bbox 2488 883 2595 936; x_wconf 82' lang='grc' dir='ltr'><strong>ἀπὸ</strong></span> <span class='ocrx_word' id='word_1_85' title='bbox 2629 886 2736 937; x_wconf 83' lang='grc' dir='ltr'><strong>τῶν</strong></span> <span class='ocrx_word' id='word_1_86' title='bbox 2762 889 3051 959; x_wconf 85' lang='grc' dir='ltr'><strong>νοημάτων</strong></span> <span class='ocrx_word' id='word_1_87' title='bbox 3087 887 3212 939; x_wconf 71' lang='grc' dir='ltr'><strong>οὔτε</strong></span> <span class='ocrx_word' id='word_1_88' title='bbox 3258 889 3367 941; x_wconf 82' lang='grc' dir='ltr'><strong>ἀπὸ</strong></span> <span class='ocrx_word' id='word_1_89' title='bbox 3411 888 3515 960; x_wconf 76' lang='grc' dir='ltr'><strong>τῆς</strong></span> 
     </span>
    </p>
   </div>
   <div class='ocr_carea' id='block_1_9' title="bbox 255 972 1799 1049">
    <p class='ocr_par' dir='ltr' id='par_1_9' title="bbox 255 975 1475 1047">
     <span class='ocr_line' id='line_1_9' title="bbox 255 975 1475 1047; baseline 0 -19"><span class='ocrx_word' id='word_1_90' title='bbox 255 978 380 1030; x_wconf 63' lang='lat' dir='ltr'><strong>tibi.</strong></span> <span class='ocrx_word' id='word_1_91' title='bbox 414 975 630 1043; x_wconf 87' lang='lat' dir='ltr'><strong>Dresd.,</strong></span> <span class='ocrx_word' id='word_1_92' title='bbox 675 989 802 1032; x_wconf 89' lang='lat' dir='ltr'><strong>tom.</strong></span> <span class='ocrx_word' id='word_1_93' title='bbox 833 980 874 1043; x_wconf 95' lang='lat' dir='ltr'><strong>I,</strong></span> <span class='ocrx_word' id='word_1_94' title='bbox 904 977 1027 1031; x_wconf 87' lang='lat' dir='ltr'><strong>coll.</strong></span> <span class='ocrx_word' id='word_1_95' title='bbox 1052 976 1104 1042; x_wconf 72' lang='grc'><strong>4,</strong></span> <span class='ocrx_word' id='word_1_96' title='bbox 1138 994 1190 1047; x_wconf 93' lang='lat' dir='ltr'><strong>p.</strong></span> <span class='ocrx_word' id='word_1_97' title='bbox 1220 978 1325 1032; x_wconf 80' lang='grc'><strong>565</strong></span> <span class='ocrx_word' id='word_1_98' title='bbox 1355 991 1475 1045; x_wconf 75' lang='lat' dir='ltr'><strong>sqq.</strong></span> 
     </span>
    </p>
   </div>
   <div class='ocr_carea' id='block_1_10' title="bbox 1907 972 3511 1049">
    <p class='ocr_par' dir='ltr' id='par_1_10' title="bbox 1932 972 3511 1049">
     <span class='ocr_line' id='line_1_10' title="bbox 1932 972 3511 1049; baseline 0.004 -20"><span class='ocrx_word' id='word_1_99' title='bbox 1932 978 2185 1046; x_wconf 80' lang='grc' dir='ltr'><strong>φράσεως</strong></span> <span class='ocrx_word' id='word_1_100' title='bbox 2214 978 2388 1032; x_wconf 80' lang='grc' dir='ltr'>ἔοικεν</span> <span class='ocrx_word' id='word_1_101' title='bbox 2419 972 2558 1029; x_wconf 78' lang='grc' dir='ltr'>εἶναι</span> <span class='ocrx_word' id='word_1_102' title='bbox 2588 976 2682 1029; x_wconf 82' lang='grc' dir='ltr'><strong>τοῦ</strong></span> <span class='ocrx_word' id='word_1_103' title='bbox 2733 982 2967 1049; x_wconf 81' lang='grc' dir='ltr'><strong>μεγάλου</strong></span> <span class='ocrx_word' id='word_1_104' title='bbox 2995 980 3301 1035; x_wconf 68' lang='grc' dir='ltr'>Βασιλείαν.</span> <span class='ocrx_word' id='word_1_105' title='bbox 3346 980 3511 1035; x_wconf 69' lang='lat' dir='ltr'><strong>Fsea.</strong></span> 
     </span>
    </p>
   </div>
   <div class='ocr_carea' id='block_1_11' title="bbox 325 1068 3515 1142">
    <p class='ocr_par' dir='ltr' id='par_1_11' title="bbox 325 1068 3515 1142">
     <span class='ocr_line' id='line_1_11' title="bbox 325 1068 3515 1142; baseline 0.001 -19"><span class='ocrx_word' id='word_1_106' title='bbox 325 1070 449 1125; x_wconf 61' lang='lat' dir='ltr'><strong>&quot;ac</strong></span> <span class='ocrx_word' id='word_1_107' title='bbox 474 1084 600 1126; x_wconf 88' lang='lat' dir='ltr'><strong>sunt</strong></span> <span class='ocrx_word' id='word_1_108' title='bbox 638 1089 800 1142; x_wconf 83' lang='lat' dir='ltr'><strong>opera</strong></span> <span class='ocrx_word' id='word_1_109' title='bbox 854 1079 909 1124; x_wconf 88' lang='lat' dir='ltr'><strong>ct</strong></span> <span class='ocrx_word' id='word_1_110' title='bbox 952 1072 1183 1140; x_wconf 81' lang='lat' dir='ltr'><strong>genuina</strong></span> <span class='ocrx_word' id='word_1_111' title='bbox 1218 1084 1272 1127; x_wconf 91' lang='lat' dir='ltr'><strong>et</strong></span> <span class='ocrx_word' id='word_1_112' title='bbox 1310 1072 1467 1124; x_wconf 87' lang='lat' dir='ltr'><strong>duhia</strong></span> <span class='ocrx_word' id='word_1_113' title='bbox 1518 1072 1825 1142; x_wconf 83' lang='lat' dir='ltr'><strong>spuriaque,</strong></span> <span class='ocrx_word' id='word_1_114' title='bbox 1931 1068 2101 1123; x_wconf 84' lang='lat' dir='ltr'><strong>Garu.</strong></span> <span class='ocrx_word' id='word_1_115' title='bbox 2133 1070 2218 1134; x_wconf 88' lang='lat' dir='ltr'><strong>III,</strong></span> <span class='ocrx_word' id='word_1_116' title='bbox 2268 1088 2318 1140; x_wconf 89' lang='lat' dir='ltr'><strong>p.</strong></span> <span class='ocrx_word' id='word_1_117' title='bbox 2358 1069 2484 1125; x_wconf 73' lang='grc'><strong>465.</strong></span> <span class='ocrx_word' id='word_1_118' title='bbox 2533 1068 2595 1123; x_wconf 91' lang='lat' dir='ltr'><strong>V.</strong></span> <span class='ocrx_word' id='word_1_119' title='bbox 2629 1086 2790 1139; x_wconf 82' lang='lat' dir='ltr'><strong>supra</strong></span> <span class='ocrx_word' id='word_1_120' title='bbox 2842 1074 2928 1125; x_wconf 88' lang='lat' dir='ltr'><strong>ubi</strong></span> <span class='ocrx_word' id='word_1_121' title='bbox 2963 1092 3014 1128; x_wconf 88' lang='grc' dir='ltr'><strong>ιι.</strong></span> <span class='ocrx_word' id='word_1_122' title='bbox 3054 1074 3098 1129; x_wconf 77' lang='grc' dir='ltr'><strong>Χ</strong></span> <span class='ocrx_word' id='word_1_123' title='bbox 3152 1077 3219 1129; x_wconf 88' lang='lat' dir='ltr'><strong>de</strong></span> <span class='ocrx_word' id='word_1_124' title='bbox 3269 1074 3515 1141; x_wconf 71' lang='lat' dir='ltr'><strong>epistolis</strong></span> 
     </span>
    </p>
   </div>
   <div class='ocr_carea' id='block_1_12' title="bbox 254 1162 3508 1232">
    <p class='ocr_par' dir='ltr' id='par_1_12' title="bbox 254 1162 3508 1232">
     <span class='ocr_line' id='line_1_12' title="bbox 254 1162 3508 1232; baseline -0.001 -13"><span class='ocrx_word' id='word_1_125' title='bbox 254 1180 372 1231; x_wconf 62' lang='lat' dir='ltr'><strong>qlia:</strong></span> <span class='ocrx_word' id='word_1_126' title='bbox 410 1166 756 1220; x_wconf 86' lang='lat' dir='ltr'><strong>continentur</strong></span> <span class='ocrx_word' id='word_1_127' title='bbox 824 1165 877 1218; x_wconf 76' lang='grc' dir='ltr'><strong>ιιι</strong></span> <span class='ocrx_word' id='word_1_128' title='bbox 929 1166 1058 1219; x_wconf 86' lang='lat' dir='ltr'><strong>edit.</strong></span> <span class='ocrx_word' id='word_1_129' title='bbox 1109 1164 1823 1222; x_wconf 69' lang='lat' dir='ltr'><strong>Gttl‘lt.—BttllCtIIClIn0I&#39;tttlt.</strong></span> <span class='ocrx_word' id='word_1_130' title='bbox 1931 1163 2215 1232; x_wconf 72' lang='lat' dir='ltr'><strong>agebantur,</strong></span> <span class='ocrx_word' id='word_1_131' title='bbox 2269 1168 2334 1217; x_wconf 92' lang='lat' dir='ltr'><strong>ad</strong></span> <span class='ocrx_word' id='word_1_132' title='bbox 2372 1164 2533 1218; x_wconf 88' lang='lat' dir='ltr'><strong>linem</strong></span> <span class='ocrx_word' id='word_1_133' title='bbox 2570 1171 2779 1227; x_wconf 86' lang='lat' dir='ltr'><strong>notata,</strong></span> <span class='ocrx_word' id='word_1_134' title='bbox 2819 1162 2906 1216; x_wconf 91' lang='lat' dir='ltr'><strong>ubi</strong></span> <span class='ocrx_word' id='word_1_135' title='bbox 2950 1179 3165 1232; x_wconf 76' lang='lat' dir='ltr'><strong>quoque</strong></span> <span class='ocrx_word' id='word_1_136' title='bbox 3201 1164 3385 1219; x_wconf 72' lang='grc' dir='ltr'>Βιιιιι</span> <span class='ocrx_word' id='word_1_137' title='bbox 3421 1181 3508 1230; x_wconf 83' lang='lat' dir='ltr'><strong>ep.</strong></span> 
     </span>
    </p>
   </div>
   <div class='ocr_carea' id='block_1_13' title="bbox 250 1252 3510 1329">
    <p class='ocr_par' dir='ltr' id='par_1_13' title="bbox 250 1252 3510 1329">
     <span class='ocr_line' id='line_1_13' title="bbox 250 1252 3510 1329; baseline 0.001 -19"><span class='ocrx_word' id='word_1_138' title='bbox 250 1261 455 1325; x_wconf 72' lang='lat' dir='ltr'><strong>Agmuu</strong></span> <span class='ocrx_word' id='word_1_139' title='bbox 486 1260 747 1312; x_wconf 87' lang='lat' dir='ltr'><strong>claudunt</strong></span> <span class='ocrx_word' id='word_1_140' title='bbox 788 1258 1031 1311; x_wconf 85' lang='lat' dir='ltr'><strong>addenda</strong></span> <span class='ocrx_word' id='word_1_141' title='bbox 1066 1271 1227 1329; x_wconf 86' lang='lat' dir='ltr'><strong>atque</strong></span> <span class='ocrx_word' id='word_1_142' title='bbox 1257 1260 1585 1312; x_wconf 72' lang='lat' dir='ltr'><strong>eiiieudmutu</strong></span> <span class='ocrx_word' id='word_1_143' title='bbox 1631 1262 1696 1312; x_wconf 74' lang='lat' dir='ltr'><strong>ml</strong></span> <span class='ocrx_word' id='word_1_144' title='bbox 1724 1264 1822 1314; x_wconf 80' lang='lat' dir='ltr'><strong>tria</strong></span> <span class='ocrx_word' id='word_1_145' title='bbox 1928 1252 1994 1306; x_wconf 78' lang='lat' dir='ltr'><strong>ad</strong></span> <span class='ocrx_word' id='word_1_146' title='bbox 2028 1252 2396 1321; x_wconf 79' lang='lat' dir='ltr'><strong>Apollinarem</strong></span> <span class='ocrx_word' id='word_1_147' title='bbox 2430 1253 2799 1309; x_wconf 78' lang='lat' dir='ltr'><strong>Laodicenum</strong></span> <span class='ocrx_word' id='word_1_148' title='bbox 2833 1255 3182 1322; x_wconf 65' lang='lat' dir='ltr'><strong>supposition</strong></span> <span class='ocrx_word' id='word_1_149' title='bbox 3213 1256 3375 1309; x_wconf 77' lang='lat' dir='ltr'><strong>allata</strong></span> <span class='ocrx_word' id='word_1_150' title='bbox 3407 1266 3510 1308; x_wconf 82' lang='lat' dir='ltr'><strong>est.</strong></span> 
     </span>
    </p>
   </div>
   <div class='ocr_carea' id='block_1_14' title="bbox 254 1344 3505 1417">
    <p class='ocr_par' dir='ltr' id='par_1_14' title="bbox 254 1344 3505 1417">
     <span class='ocr_line' id='line_1_14' title="bbox 254 1344 3505 1417; baseline -0.001 -14"><span class='ocrx_word' id='word_1_151' title='bbox 254 1351 560 1413; x_wconf 80' lang='lat' dir='ltr'><strong>\olumina;</strong></span> <span class='ocrx_word' id='word_1_152' title='bbox 614 1358 721 1402; x_wconf 88' lang='lat' dir='ltr'><strong>tmn</strong></span> <span class='ocrx_word' id='word_1_153' title='bbox 779 1350 993 1405; x_wconf 67' lang='lat' dir='ltr'><strong>selecue</strong></span> <span class='ocrx_word' id='word_1_154' title='bbox 1036 1352 1328 1407; x_wconf 78' lang='lat' dir='ltr'><strong>Frontonis</strong></span> <span class='ocrx_word' id='word_1_155' title='bbox 1370 1352 1541 1406; x_wconf 81' lang='lat' dir='ltr'><strong>Duca-i</strong></span> <span class='ocrx_word' id='word_1_156' title='bbox 1588 1363 1726 1406; x_wconf 76' lang='lat' dir='ltr'><strong>notze</strong></span> <span class='ocrx_word' id='word_1_157' title='bbox 1771 1354 1821 1405; x_wconf 90' lang='lat' dir='ltr'><strong>in</strong></span> <span class='ocrx_word' id='word_1_158' title='bbox 1925 1377 1996 1388; x_wconf 90' lang='lat'><strong>—</strong></span> <span class='ocrx_word' id='word_1_159' title='bbox 2030 1344 2266 1413; x_wconf 80' lang='lat' dir='ltr'><strong>Epistula</strong></span> <span class='ocrx_word' id='word_1_160' title='bbox 2307 1348 2373 1398; x_wconf 86' lang='lat' dir='ltr'><strong>ad</strong></span> <span class='ocrx_word' id='word_1_161' title='bbox 2406 1348 2772 1401; x_wconf 83' lang='lat' dir='ltr'><strong>Theodosium</strong></span> <span class='ocrx_word' id='word_1_162' title='bbox 2825 1346 2979 1415; x_wconf 88' lang='lat' dir='ltr'><strong>itup.,</strong></span> <span class='ocrx_word' id='word_1_163' title='bbox 3013 1361 3098 1415; x_wconf 91' lang='lat' dir='ltr'><strong>ap.</strong></span> <span class='ocrx_word' id='word_1_164' title='bbox 3135 1345 3303 1401; x_wconf 81' lang='lat' dir='ltr'><strong>Garu.</strong></span> <span class='ocrx_word' id='word_1_165' title='bbox 3332 1348 3417 1415; x_wconf 89' lang='lat' dir='ltr'><strong>III,</strong></span> <span class='ocrx_word' id='word_1_166' title='bbox 3450 1364 3505 1417; x_wconf 87' lang='lat' dir='ltr'><strong>p.</strong></span> 
     </span>
    </p>
   </div>
   <div class='ocr_carea' id='block_1_15' title="bbox 252 1439 1501 1511">
    <p class='ocr_par' dir='ltr' id='par_1_15' title="bbox 252 1439 1501 1511">
     <span class='ocr_line' id='line_1_15' title="bbox 252 1439 1501 1511; baseline 0.003 -17"><span class='ocrx_word' id='word_1_167' title='bbox 252 1443 438 1495; x_wconf 82' lang='lat' dir='ltr'><strong>librum</strong></span> <span class='ocrx_word' id='word_1_168' title='bbox 474 1439 550 1495; x_wconf 87' lang='lat' dir='ltr'><strong>De</strong></span> <span class='ocrx_word' id='word_1_169' title='bbox 572 1439 769 1508; x_wconf 88' lang='lat' dir='ltr'><strong>Spiritu</strong></span> <span class='ocrx_word' id='word_1_170' title='bbox 796 1454 995 1507; x_wconf 88' lang='lat' dir='ltr'><strong>sancto,</strong></span> <span class='ocrx_word' id='word_1_171' title='bbox 1030 1445 1260 1511; x_wconf 68' lang='lat' dir='ltr'><strong>denique</strong></span> <span class='ocrx_word' id='word_1_172' title='bbox 1280 1445 1501 1498; x_wconf 83' lang='lat' dir='ltr'><strong>indices.</strong></span> 
     </span>
    </p>
   </div>
   <div class='ocr_carea' id='block_1_16' title="bbox 316 1532 1823 1604">
    <p class='ocr_par' dir='ltr' id='par_1_16' title="bbox 316 1532 1823 1604">
     <span class='ocr_line' id='line_1_16' title="bbox 316 1532 1823 1604; baseline 0.002 -17"><span class='ocrx_word' id='word_1_173' title='bbox 316 1532 393 1587; x_wconf 85' lang='lat' dir='ltr'><strong>Ne</strong></span> <span class='ocrx_word' id='word_1_174' title='bbox 424 1532 553 1601; x_wconf 90' lang='lat' dir='ltr'><strong>quid</strong></span> <span class='ocrx_word' id='word_1_175' title='bbox 590 1544 767 1587; x_wconf 82' lang='lat' dir='ltr'><strong>autem</strong></span> <span class='ocrx_word' id='word_1_176' title='bbox 790 1549 979 1589; x_wconf 91' lang='lat' dir='ltr'><strong>eorum</strong></span> <span class='ocrx_word' id='word_1_177' title='bbox 1007 1553 1126 1604; x_wconf 67' lang='lat' dir='ltr'><strong>quin</strong></span> <span class='ocrx_word' id='word_1_178' title='bbox 1156 1533 1368 1591; x_wconf 72' lang='lat' dir='ltr'><strong>Fabric.</strong></span> <span class='ocrx_word' id='word_1_179' title='bbox 1412 1540 1464 1589; x_wconf 89' lang='lat' dir='ltr'><strong>in</strong></span> <span class='ocrx_word' id='word_1_180' title='bbox 1484 1546 1588 1590; x_wconf 86' lang='lat' dir='ltr'><strong>vet.</strong></span> <span class='ocrx_word' id='word_1_181' title='bbox 1617 1538 1703 1589; x_wconf 87' lang='lat' dir='ltr'><strong>ed.</strong></span> <span class='ocrx_word' id='word_1_182' title='bbox 1732 1538 1823 1590; x_wconf 85' lang='lat' dir='ltr'><strong>ad-</strong></span> 
     </span>
    </p>
   </div>
   <div class='ocr_carea' id='block_1_17' title="bbox 1925 1437 3503 1508">
    <p class='ocr_par' dir='ltr' id='par_1_17' title="bbox 1925 1437 3503 1508">
     <span class='ocr_line' id='line_1_17' title="bbox 1925 1437 3503 1508; baseline 0.003 -17"><span class='ocrx_word' id='word_1_183' title='bbox 1925 1437 2029 1491; x_wconf 76' lang='grc'><strong>466</strong></span> <span class='ocrx_word' id='word_1_184' title='bbox 2068 1456 2175 1508; x_wconf 85' lang='lat' dir='ltr'><strong>sq.,</strong></span> <span class='ocrx_word' id='word_1_185' title='bbox 2223 1442 2364 1493; x_wconf 88' lang='lat' dir='ltr'><strong>inter</strong></span> <span class='ocrx_word' id='word_1_186' title='bbox 2400 1441 2619 1508; x_wconf 85' lang='lat' dir='ltr'><strong>spurias</strong></span> <span class='ocrx_word' id='word_1_187' title='bbox 2668 1456 2731 1494; x_wconf 80' lang='lat' dir='ltr'><strong>ex</strong></span> <span class='ocrx_word' id='word_1_188' title='bbox 2777 1439 3038 1494; x_wconf 84' lang='lat' dir='ltr'><strong>Cotelerii</strong></span> <span class='ocrx_word' id='word_1_189' title='bbox 3077 1440 3313 1493; x_wconf 79' lang='lat' dir='ltr'><strong>Monum.</strong></span> <span class='ocrx_word' id='word_1_190' title='bbox 3354 1441 3503 1495; x_wconf 80' lang='lat' dir='ltr'><strong>Eccl.</strong></span> 
     </span>
    </p>
   </div>
   <div class='ocr_carea' id='block_1_18' title="bbox 1925 1526 3503 1601">
    <p class='ocr_par' dir='ltr' id='par_1_18' title="bbox 1925 1526 3503 1601">
     <span class='ocr_line' id='line_1_18' title="bbox 1925 1526 3503 1601; baseline 0.003 -19"><span class='ocrx_word' id='word_1_191' title='bbox 1925 1526 2144 1591; x_wconf 71' lang='lat' dir='ltr'><strong>Gra&#39;caz,</strong></span> <span class='ocrx_word' id='word_1_192' title='bbox 2191 1540 2321 1584; x_wconf 91' lang='lat' dir='ltr'><strong>tom.</strong></span> <span class='ocrx_word' id='word_1_193' title='bbox 2362 1530 2425 1594; x_wconf 91' lang='lat' dir='ltr'><strong>ll,</strong></span> <span class='ocrx_word' id='word_1_194' title='bbox 2462 1547 2514 1600; x_wconf 94' lang='lat' dir='ltr'><strong>p.</strong></span> <span class='ocrx_word' id='word_1_195' title='bbox 2545 1530 2634 1584; x_wconf 69' lang='lat'><strong>:57.</strong></span> <span class='ocrx_word' id='word_1_196' title='bbox 2685 1532 2859 1598; x_wconf 80' lang='lat' dir='ltr'><strong>Atque</strong></span> <span class='ocrx_word' id='word_1_197' title='bbox 2890 1533 2943 1585; x_wconf 92' lang='lat' dir='ltr'><strong>iu</strong></span> <span class='ocrx_word' id='word_1_198' title='bbox 2996 1535 3238 1601; x_wconf 73' lang='lat' dir='ltr'><strong>margine</strong></span> <span class='ocrx_word' id='word_1_199' title='bbox 3267 1545 3503 1596; x_wconf 86' lang='lat' dir='ltr'><strong>notatur.</strong></span> 
     </span>
    </p>
   </div>
   <div class='ocr_carea' id='block_1_19' title="bbox 248 1621 3503 1697">
    <p class='ocr_par' dir='ltr' id='par_1_19' title="bbox 248 1621 3503 1697">
     <span class='ocr_line' id='line_1_19' title="bbox 248 1621 3503 1697; baseline 0.003 -23"><span class='ocrx_word' id='word_1_200' title='bbox 248 1623 350 1676; x_wconf 89' lang='lat' dir='ltr'><strong>huc</strong></span> <span class='ocrx_word' id='word_1_201' title='bbox 376 1624 693 1694; x_wconf 81' lang='lat' dir='ltr'><strong>scripserat,</strong></span> <span class='ocrx_word' id='word_1_202' title='bbox 738 1628 789 1681; x_wconf 90' lang='lat' dir='ltr'><strong>iu</strong></span> <span class='ocrx_word' id='word_1_203' title='bbox 818 1628 917 1683; x_wconf 79' lang='lat' dir='ltr'><strong>huc</strong></span> <span class='ocrx_word' id='word_1_204' title='bbox 963 1627 1049 1681; x_wconf 86' lang='lat' dir='ltr'><strong>ed.</strong></span> <span class='ocrx_word' id='word_1_205' title='bbox 1094 1627 1459 1693; x_wconf 79' lang='lat' dir='ltr'><strong>desideretur,</strong></span> <span class='ocrx_word' id='word_1_206' title='bbox 1492 1629 1694 1697; x_wconf 72' lang='lat' dir='ltr'><strong>reliqua</strong></span> <span class='ocrx_word' id='word_1_207' title='bbox 1736 1631 1821 1684; x_wconf 90' lang='lat' dir='ltr'><strong>hic</strong></span> <span class='ocrx_word' id='word_1_208' title='bbox 1921 1622 2057 1677; x_wconf 73' lang='lat' dir='ltr'><strong>alias</strong></span> <span class='ocrx_word' id='word_1_209' title='bbox 2091 1622 2192 1692; x_wconf 81' lang='lat' dir='ltr'><strong>legi</strong></span> <span class='ocrx_word' id='word_1_210' title='bbox 2249 1632 2455 1676; x_wconf 77' lang='lat' dir='ltr'><strong>tantum</strong></span> <span class='ocrx_word' id='word_1_211' title='bbox 2492 1621 2569 1693; x_wconf 83' lang='grc' dir='ltr'><strong>τῷ</strong></span> <span class='ocrx_word' id='word_1_212' title='bbox 2621 1621 2848 1691; x_wconf 85' lang='grc' dir='ltr'><strong>βασιλεῖ.</strong></span> <span class='ocrx_word' id='word_1_213' title='bbox 2904 1624 3252 1679; x_wconf 85' lang='lat' dir='ltr'><strong>Tillcumntio</strong></span> <span class='ocrx_word' id='word_1_214' title='bbox 3284 1625 3503 1693; x_wconf 72' lang='lat' dir='ltr'><strong>quidem</strong></span> 
     </span>
    </p>
   </div>
   <div class='ocr_carea' id='block_1_20' title="bbox 244 1716 1821 1790">
    <p class='ocr_par' dir='ltr' id='par_1_20' title="bbox 244 1716 1821 1790">
     <span class='ocr_line' id='line_1_20' title="bbox 244 1716 1821 1790; baseline -0.004 -21"><span class='ocrx_word' id='word_1_215' title='bbox 244 1716 551 1785; x_wconf 85' lang='lat' dir='ltr'><strong>subjiciam,</strong></span> <span class='ocrx_word' id='word_1_216' title='bbox 578 1720 796 1774; x_wconf 83' lang='lat' dir='ltr'><strong>Omissis</strong></span> <span class='ocrx_word' id='word_1_217' title='bbox 831 1721 920 1781; x_wconf 82' lang='lat' dir='ltr'><strong>iis,</strong></span> <span class='ocrx_word' id='word_1_218' title='bbox 954 1733 1073 1786; x_wconf 71' lang='lat' dir='ltr'><strong>qua:</strong></span> <span class='ocrx_word' id='word_1_219' title='bbox 1108 1718 1220 1787; x_wconf 85' lang='lat' dir='ltr'><strong>jam</strong></span> <span class='ocrx_word' id='word_1_220' title='bbox 1260 1720 1312 1773; x_wconf 89' lang='lat' dir='ltr'><strong>in</strong></span> <span class='ocrx_word' id='word_1_221' title='bbox 1342 1721 1643 1790; x_wconf 82' lang='lat' dir='ltr'><strong>superioris</strong></span> <span class='ocrx_word' id='word_1_222' title='bbox 1683 1718 1821 1773; x_wconf 56' lang='lat' dir='ltr'><strong>cur-</strong></span> 
     </span>
    </p>
   </div>
   <div class='ocr_carea' id='block_1_21' title="bbox 1920 1712 3504 1785">
    <p class='ocr_par' dir='ltr' id='par_1_21' title="bbox 1920 1712 3504 1785">
     <span class='ocr_line' id='line_1_21' title="bbox 1920 1712 3504 1785; baseline 0.002 -16"><span class='ocrx_word' id='word_1_223' title='bbox 1920 1716 2135 1770; x_wconf 72' lang='lat' dir='ltr'><strong>videtur</strong></span> <span class='ocrx_word' id='word_1_224' title='bbox 2170 1719 2279 1770; x_wconf 74' lang='lat' dir='ltr'><strong>lucc</strong></span> <span class='ocrx_word' id='word_1_225' title='bbox 2309 1716 2535 1785; x_wconf 85' lang='lat' dir='ltr'><strong>epistola</strong></span> <span class='ocrx_word' id='word_1_226' title='bbox 2569 1712 2827 1782; x_wconf 82' lang='lat' dir='ltr'><strong>juvenem</strong></span> <span class='ocrx_word' id='word_1_227' title='bbox 2870 1726 2924 1769; x_wconf 91' lang='lat' dir='ltr'><strong>et</strong></span> <span class='ocrx_word' id='word_1_228' title='bbox 2976 1719 3246 1772; x_wconf 82' lang='lat' dir='ltr'><strong>rhetorem</strong></span> <span class='ocrx_word' id='word_1_229' title='bbox 3278 1733 3384 1770; x_wconf 92' lang='lat' dir='ltr'><strong>non</strong></span> <span class='ocrx_word' id='word_1_230' title='bbox 3408 1718 3504 1772; x_wconf 88' lang='lat' dir='ltr'><strong>de-</strong></span> 
     </span>
    </p>
   </div>
   <div class='ocr_carea' id='block_1_22' title="bbox 246 1805 3505 1883">
    <p class='ocr_par' dir='ltr' id='par_1_22' title="bbox 246 1805 3505 1883">
     <span class='ocr_line' id='line_1_22' title="bbox 246 1805 3505 1883; baseline 0 -22"><span class='ocrx_word' id='word_1_231' title='bbox 246 1812 484 1865; x_wconf 77' lang='lat' dir='ltr'><strong>neriana:</strong></span> <span class='ocrx_word' id='word_1_232' title='bbox 518 1813 652 1865; x_wconf 88' lang='lat' dir='ltr'><strong>edit.</strong></span> <span class='ocrx_word' id='word_1_233' title='bbox 688 1812 1005 1864; x_wconf 83' lang='lat' dir='ltr'><strong>recensione</strong></span> <span class='ocrx_word' id='word_1_234' title='bbox 1054 1814 1411 1867; x_wconf 87' lang='lat' dir='ltr'><strong>reddideram.</strong></span> <span class='ocrx_word' id='word_1_235' title='bbox 1440 1814 1492 1867; x_wconf 92' lang='lat' dir='ltr'><strong>In</strong></span> <span class='ocrx_word' id='word_1_236' title='bbox 1524 1814 1818 1883; x_wconf 81' lang='lat' dir='ltr'><strong>appendice</strong></span> <span class='ocrx_word' id='word_1_237' title='bbox 1852 1869 1892 1883; x_wconf 73' lang='lat'>_</span> <span class='ocrx_word' id='word_1_238' title='bbox 1921 1808 2185 1869; x_wconf 86' lang='lat' dir='ltr'><strong>decuisse,</strong></span> <span class='ocrx_word' id='word_1_239' title='bbox 2232 1805 2388 1873; x_wconf 88' lang='lat' dir='ltr'><strong>isque</strong></span> <span class='ocrx_word' id='word_1_240' title='bbox 2416 1806 2809 1872; x_wconf 85' lang='lat' dir='ltr'><strong>Theodosium,</strong></span> <span class='ocrx_word' id='word_1_241' title='bbox 2847 1807 2932 1862; x_wconf 89' lang='lat' dir='ltr'><strong>cui</strong></span> <span class='ocrx_word' id='word_1_242' title='bbox 2986 1807 3249 1877; x_wconf 83' lang='lat' dir='ltr'><strong>inscripta</strong></span> <span class='ocrx_word' id='word_1_243' title='bbox 3281 1818 3363 1863; x_wconf 89' lang='lat' dir='ltr'><strong>est</strong></span> <span class='ocrx_word' id='word_1_244' title='bbox 3390 1809 3505 1876; x_wconf 87' lang='lat' dir='ltr'><strong>epi-</strong></span> 
     </span>
    </p>
   </div>
   <div class='ocr_carea' id='block_1_23' title="bbox 243 1902 1810 1975">
    <p class='ocr_par' dir='ltr' id='par_1_23' title="bbox 243 1902 1810 1975">
     <span class='ocr_line' id='line_1_23' title="bbox 243 1902 1810 1975; baseline 0.003 -21"><span class='ocrx_word' id='word_1_245' title='bbox 243 1904 404 1972; x_wconf 71' lang='lat' dir='ltr'><strong>igitur</strong></span> <span class='ocrx_word' id='word_1_246' title='bbox 433 1903 499 1954; x_wconf 86' lang='lat' dir='ltr'><strong>ad</strong></span> <span class='ocrx_word' id='word_1_247' title='bbox 534 1912 664 1955; x_wconf 90' lang='lat' dir='ltr'><strong>tom.</strong></span> <span class='ocrx_word' id='word_1_248' title='bbox 700 1902 739 1955; x_wconf 97' lang='lat' dir='ltr'><strong>ll</strong></span> <span class='ocrx_word' id='word_1_249' title='bbox 766 1903 894 1956; x_wconf 86' lang='lat' dir='ltr'><strong>edit.</strong></span> <span class='ocrx_word' id='word_1_250' title='bbox 925 1902 1019 1960; x_wconf 86' lang='lat' dir='ltr'><strong>Gr.</strong></span> <span class='ocrx_word' id='word_1_251' title='bbox 1048 1904 1165 1959; x_wconf 83' lang='lat' dir='ltr'><strong>Lat.</strong></span> <span class='ocrx_word' id='word_1_252' title='bbox 1195 1922 1244 1959; x_wconf 90' lang='lat' dir='ltr'><strong>a.</strong></span> <span class='ocrx_word' id='word_1_253' title='bbox 1266 1905 1423 1967; x_wconf 80' lang='grc'><strong>1618.</strong></span> <span class='ocrx_word' id='word_1_254' title='bbox 1460 1919 1511 1960; x_wconf 90' lang='lat' dir='ltr'><strong>et</strong></span> <span class='ocrx_word' id='word_1_255' title='bbox 1537 1906 1676 1975; x_wconf 86' lang='lat' dir='ltr'><strong>apud</strong></span> <span class='ocrx_word' id='word_1_256' title='bbox 1704 1904 1810 1959; x_wconf 84' lang='lat' dir='ltr'><strong>Fa-</strong></span> 
     </span>
    </p>
   </div>
   <div class='ocr_carea' id='block_1_24' title="bbox 243 1993 1579 2064">
    <p class='ocr_par' dir='ltr' id='par_1_24' title="bbox 243 1993 1579 2064">
     <span class='ocr_line' id='line_1_24' title="bbox 243 1993 1579 2064; baseline 0.006 -20"><span class='ocrx_word' id='word_1_257' title='bbox 243 1995 377 2046; x_wconf 88' lang='lat' dir='ltr'><strong>l.ric.</strong></span> <span class='ocrx_word' id='word_1_258' title='bbox 408 1994 561 2055; x_wconf 91' lang='lat' dir='ltr'><strong>olim,</strong></span> <span class='ocrx_word' id='word_1_259' title='bbox 595 2012 647 2046; x_wconf 90' lang='grc' dir='ltr'><strong>ιι.</strong></span> <span class='ocrx_word' id='word_1_260' title='bbox 671 1993 761 2048; x_wconf 88' lang='lat' dir='ltr'><strong>XII</strong></span> <span class='ocrx_word' id='word_1_261' title='bbox 787 2011 930 2064; x_wconf 54' lang='lat' dir='ltr'><strong>sum,</strong></span> <span class='ocrx_word' id='word_1_262' title='bbox 971 1999 1146 2050; x_wconf 89' lang='lat' dir='ltr'><strong>adhuc</strong></span> <span class='ocrx_word' id='word_1_263' title='bbox 1182 2001 1524 2064; x_wconf 82' lang='lat' dir='ltr'><strong>reperiuntur</strong></span> <span class='ocrx_word' id='word_1_264' title='bbox 1566 2017 1579 2051; x_wconf 91' lang='lat'>:</span> 
     </span>
    </p>
   </div>
   <div class='ocr_carea' id='block_1_25' title="bbox 309 2085 1813 2159">
    <p class='ocr_par' dir='ltr' id='par_1_25' title="bbox 309 2085 1813 2159">
     <span class='ocr_line' id='line_1_25' title="bbox 309 2085 1813 2159; baseline 0.003 -20"><span class='ocrx_word' id='word_1_265' title='bbox 309 2085 421 2140; x_wconf 80' lang='lat' dir='ltr'><strong>XII.</strong></span> <span class='ocrx_word' id='word_1_266' title='bbox 454 2087 588 2159; x_wconf 73' lang='grc' dir='ltr'><strong>Περὶ¹</strong></span> <span class='ocrx_word' id='word_1_267' title='bbox 612 2089 1005 2159; x_wconf 72' lang='grc' dir='ltr'><strong>γραμματικῆς</strong></span> <span class='ocrx_word' id='word_1_268' title='bbox 1029 2090 1354 2159; x_wconf 78' lang='grc' dir='ltr'><strong>γυμνασίας,</strong></span> <span class='ocrx_word' id='word_1_269' title='bbox 1381 2090 1453 2142; x_wconf 89' lang='lat' dir='ltr'><strong>De</strong></span> <span class='ocrx_word' id='word_1_270' title='bbox 1472 2095 1813 2158; x_wconf 83' lang='lat' dir='ltr'><strong>grammatica</strong></span> 
     </span>
    </p>
   </div>
   <div class='ocr_carea' id='block_1_26' title="bbox 236 2176 1812 2249">
    <p class='ocr_par' dir='ltr' id='par_1_26' title="bbox 236 2176 1812 2249">
     <span class='ocr_line' id='line_1_26' title="bbox 236 2176 1812 2249; baseline 0.004 -20"><span class='ocrx_word' id='word_1_271' title='bbox 236 2178 629 2230; x_wconf 66' lang='lat' dir='ltr'><strong>exercitatione.</strong></span> <span class='ocrx_word' id='word_1_272' title='bbox 677 2178 914 2245; x_wconf 89' lang='lat' dir='ltr'><strong>Incipit:</strong></span> <span class='ocrx_word' id='word_1_273' title='bbox 973 2176 1141 2249; x_wconf 75' lang='grc' dir='ltr'>Κύριε</span> <span class='ocrx_word' id='word_1_274' title='bbox 1184 2176 1357 2249; x_wconf 82' lang='grc' dir='ltr'><strong>Ἰησοῦ</strong></span> <span class='ocrx_word' id='word_1_275' title='bbox 1413 2180 1730 2249; x_wconf 74' lang='grc' dir='ltr'><strong>Χριστέ.....</strong></span> <span class='ocrx_word' id='word_1_276' title='bbox 1758 2194 1812 2235; x_wconf 77' lang='lat' dir='ltr'><strong>et</strong></span> 
     </span>
    </p>
   </div>
   <div class='ocr_carea' id='block_1_27' title="bbox 234 2263 1813 2339">
    <p class='ocr_par' dir='ltr' id='par_1_27' title="bbox 234 2263 1813 2339">
     <span class='ocr_line' id='line_1_27' title="bbox 234 2263 1813 2339; baseline 0.001 -17"><span class='ocrx_word' id='word_1_277' title='bbox 234 2269 395 2323; x_wconf 79' lang='grc' dir='ltr'>δεῖσε</span> <span class='ocrx_word' id='word_1_278' title='bbox 419 2268 728 2339; x_wconf 83' lang='grc' dir='ltr'><strong>γινώσκειν,</strong></span> <span class='ocrx_word' id='word_1_279' title='bbox 763 2263 809 2325; x_wconf 82' lang='grc' dir='ltr'><strong>ὦ</strong></span> <span class='ocrx_word' id='word_1_280' title='bbox 839 2270 1067 2326; x_wconf 78' lang='grc' dir='ltr'><strong>παιδίον.</strong></span> <span class='ocrx_word' id='word_1_281' title='bbox 1112 2272 1172 2331; x_wconf 82' lang='grc' dir='ltr'><strong>Ρ.</strong></span> <span class='ocrx_word' id='word_1_282' title='bbox 1206 2273 1328 2327; x_wconf 83' lang='grc'><strong>171.</strong></span> <span class='ocrx_word' id='word_1_283' title='bbox 1348 2272 1515 2328; x_wconf 82' lang='lat' dir='ltr'><strong>Vertit</strong></span> <span class='ocrx_word' id='word_1_284' title='bbox 1541 2271 1813 2327; x_wconf 82' lang='lat' dir='ltr'><strong>Gilbcrtus</strong></span> 
     </span>
    </p>
   </div>
   <div class='ocr_carea' id='block_1_28' title="bbox 234 2363 1811 2437">
    <p class='ocr_par' dir='ltr' id='par_1_28' title="bbox 234 2363 1811 2437">
     <span class='ocr_line' id='line_1_28' title="bbox 234 2363 1811 2437; baseline 0.006 -24"><span class='ocrx_word' id='word_1_285' title='bbox 234 2363 530 2432; x_wconf 74' lang='lat' dir='ltr'><strong>Cognatus,</strong></span> <span class='ocrx_word' id='word_1_286' title='bbox 562 2363 897 2422; x_wconf 77' lang='lat' dir='ltr'><strong>Nozorenus.</strong></span> <span class='ocrx_word' id='word_1_287' title='bbox 948 2368 1021 2421; x_wconf 92' lang='lat' dir='ltr'><strong>De</strong></span> <span class='ocrx_word' id='word_1_288' title='bbox 1074 2367 1231 2437; x_wconf 81' lang='lat' dir='ltr'><strong>hujus</strong></span> <span class='ocrx_word' id='word_1_289' title='bbox 1263 2368 1427 2422; x_wconf 88' lang='lat' dir='ltr'><strong>libelli</strong></span> <span class='ocrx_word' id='word_1_290' title='bbox 1484 2367 1811 2422; x_wconf 87' lang='lat' dir='ltr'><strong>editiouihus</strong></span> 
     </span>
    </p>
   </div>
   <div class='ocr_carea' id='block_1_29' title="bbox 234 2452 1811 2529">
    <p class='ocr_par' dir='ltr' id='par_1_29' title="bbox 234 2452 1811 2529">
     <span class='ocr_line' id='line_1_29' title="bbox 234 2452 1811 2529; baseline 0.006 -26"><span class='ocrx_word' id='word_1_291' title='bbox 234 2452 345 2505; x_wconf 76' lang='lat' dir='ltr'><strong>disi</strong></span> <span class='ocrx_word' id='word_1_292' title='bbox 404 2463 552 2507; x_wconf 87' lang='grc' dir='ltr'>ιοιιιο</span> <span class='ocrx_word' id='word_1_293' title='bbox 604 2465 757 2510; x_wconf 85' lang='lat' dir='ltr'><strong>sexto</strong></span> <span class='ocrx_word' id='word_1_294' title='bbox 805 2457 964 2525; x_wconf 84' lang='lat' dir='ltr'><strong>hujus</strong></span> <span class='ocrx_word' id='word_1_295' title='bbox 1007 2455 1370 2525; x_wconf 73' lang='lat' dir='ltr'><strong>Bibliothecm,</strong></span> <span class='ocrx_word' id='word_1_296' title='bbox 1427 2474 1547 2529; x_wconf 80' lang='lat' dir='ltr'><strong>pag.</strong></span> <span class='ocrx_word' id='word_1_297' title='bbox 1595 2460 1700 2515; x_wconf 77' lang='lat'><strong>519</strong></span> <span class='ocrx_word' id='word_1_298' title='bbox 1758 2467 1811 2514; x_wconf 89' lang='lat' dir='ltr'><strong>et</strong></span> 
     </span>
    </p>
   </div>
   <div class='ocr_carea' id='block_1_30' title="bbox 234 2541 1810 2613">
    <p class='ocr_par' dir='ltr' id='par_1_30' title="bbox 234 2541 1810 2613">
     <span class='ocr_line' id='line_1_30' title="bbox 234 2541 1810 2613; baseline 0.007 -19"><span class='ocrx_word' id='word_1_299' title='bbox 234 2541 357 2606; x_wconf 77' lang='lat'><strong>522,</strong></span> <span class='ocrx_word' id='word_1_300' title='bbox 412 2546 501 2597; x_wconf 88' lang='lat' dir='ltr'><strong>ubi</strong></span> <span class='ocrx_word' id='word_1_301' title='bbox 536 2546 718 2598; x_wconf 87' lang='lat' dir='ltr'><strong>monui</strong></span> <span class='ocrx_word' id='word_1_302' title='bbox 767 2548 952 2613; x_wconf 86' lang='lat' dir='ltr'><strong>etiam,</strong></span> <span class='ocrx_word' id='word_1_303' title='bbox 1006 2562 1191 2600; x_wconf 76' lang='lat' dir='ltr'><strong>verum</strong></span> <span class='ocrx_word' id='word_1_304' title='bbox 1242 2561 1516 2603; x_wconf 81' lang='lat' dir='ltr'><strong>auctorem</strong></span> <span class='ocrx_word' id='word_1_305' title='bbox 1560 2567 1662 2603; x_wconf 89' lang='lat' dir='ltr'><strong>non</strong></span> <span class='ocrx_word' id='word_1_306' title='bbox 1692 2567 1810 2605; x_wconf 80' lang='lat' dir='ltr'><strong>esse</strong></span> 
     </span>
    </p>
   </div>
   <div class='ocr_carea' id='block_1_31' title="bbox 234 2632 1811 2712">
    <p class='ocr_par' dir='ltr' id='par_1_31' title="bbox 234 2632 1811 2712">
     <span class='ocr_line' id='line_1_31' title="bbox 234 2632 1811 2712; baseline 0.007 -27"><span class='ocrx_word' id='word_1_307' title='bbox 234 2633 292 2686; x_wconf 83' lang='lat' dir='ltr'><strong>S.</strong></span> <span class='ocrx_word' id='word_1_308' title='bbox 340 2632 623 2699; x_wconf 85' lang='lat' dir='ltr'><strong>Basilium,</strong></span> <span class='ocrx_word' id='word_1_309' title='bbox 662 2638 756 2690; x_wconf 87' lang='lat' dir='ltr'><strong>sed</strong></span> <span class='ocrx_word' id='word_1_310' title='bbox 807 2636 1110 2693; x_wconf 82' lang='lat' dir='ltr'><strong>Manuelem</strong></span> <span class='ocrx_word' id='word_1_311' title='bbox 1166 2638 1596 2709; x_wconf 79' lang='lat' dir='ltr'><strong>Moschopulum,</strong></span> <span class='ocrx_word' id='word_1_312' title='bbox 1656 2642 1811 2712; x_wconf 80' lang='lat' dir='ltr'><strong>lange</strong></span> 
     </span>
    </p>
   </div>
   <div class='ocr_carea' id='block_1_32' title="bbox 233 2728 1809 2801">
    <p class='ocr_par' dir='ltr' id='par_1_32' title="bbox 233 2728 1809 2801">
     <span class='ocr_line' id='line_1_32' title="bbox 233 2728 1809 2801; baseline 0.004 -21"><span class='ocrx_word' id='word_1_313' title='bbox 233 2728 594 2783; x_wconf 87' lang='lat' dir='ltr'><strong>recentiorem</strong></span> <span class='ocrx_word' id='word_1_314' title='bbox 640 2730 985 2799; x_wconf 88' lang='lat' dir='ltr'><strong>scriptorem,</strong></span> <span class='ocrx_word' id='word_1_315' title='bbox 1012 2732 1102 2801; x_wconf 92' lang='lat' dir='ltr'><strong>qui</strong></span> <span class='ocrx_word' id='word_1_316' title='bbox 1141 2732 1283 2786; x_wconf 83' lang='lat' dir='ltr'><strong>circa</strong></span> <span class='ocrx_word' id='word_1_317' title='bbox 1328 2733 1505 2786; x_wconf 69' lang='lat' dir='ltr'><strong>saeculi</strong></span> <span class='ocrx_word' id='word_1_318' title='bbox 1537 2748 1622 2786; x_wconf 76' lang='lat' dir='ltr'><strong>xtv</strong></span> <span class='ocrx_word' id='word_1_319' title='bbox 1647 2733 1809 2788; x_wconf 86' lang='lat' dir='ltr'><strong>tinem</strong></span> 
     </span>
    </p>
   </div>
   <div class='ocr_carea' id='block_1_33' title="bbox 230 2822 1808 2891">
    <p class='ocr_par' dir='ltr' id='par_1_33' title="bbox 230 2822 1808 2891">
     <span class='ocr_line' id='line_1_33' title="bbox 230 2822 1808 2891; baseline 0.003 -18"><span class='ocrx_word' id='word_1_320' title='bbox 230 2822 449 2876; x_wconf 82' lang='lat' dir='ltr'><strong>claruit.</strong></span> <span class='ocrx_word' id='word_1_321' title='bbox 489 2822 652 2877; x_wconf 76' lang='lat' dir='ltr'><strong>FABR.</strong></span> <span class='ocrx_word' id='word_1_322' title='bbox 682 2822 839 2878; x_wconf 81' lang='lat' dir='ltr'><strong>Conl.</strong></span> <span class='ocrx_word' id='word_1_323' title='bbox 870 2822 1037 2878; x_wconf 87' lang='lat' dir='ltr'><strong>Henr.</strong></span> <span class='ocrx_word' id='word_1_324' title='bbox 1064 2824 1243 2879; x_wconf 86' lang='lat' dir='ltr'><strong>Vales.</strong></span> <span class='ocrx_word' id='word_1_325' title='bbox 1280 2822 1359 2878; x_wconf 87' lang='lat' dir='ltr'><strong>De</strong></span> <span class='ocrx_word' id='word_1_326' title='bbox 1394 2827 1603 2889; x_wconf 84' lang='lat' dir='ltr'><strong>critica,</strong></span> <span class='ocrx_word' id='word_1_327' title='bbox 1642 2824 1733 2879; x_wconf 86' lang='lat' dir='ltr'><strong>lib.</strong></span> <span class='ocrx_word' id='word_1_328' title='bbox 1772 2842 1808 2891; x_wconf 91' lang='grc' dir='ltr'>ι,</span> 
     </span>
    </p>
   </div>
   <div class='ocr_carea' id='block_1_34' title="bbox 230 2914 1807 2986">
    <p class='ocr_par' dir='ltr' id='par_1_34' title="bbox 230 2914 1807 2986">
     <span class='ocr_line' id='line_1_34' title="bbox 230 2914 1807 2986; baseline 0.003 -21"><span class='ocrx_word' id='word_1_329' title='bbox 230 2928 349 2981; x_wconf 91' lang='lat' dir='ltr'><strong>cap.</strong></span> <span class='ocrx_word' id='word_1_330' title='bbox 384 2914 475 2978; x_wconf 78' lang='lat'><strong>25,</strong></span> <span class='ocrx_word' id='word_1_331' title='bbox 508 2931 629 2983; x_wconf 79' lang='lat' dir='ltr'><strong>pug.</strong></span> <span class='ocrx_word' id='word_1_332' title='bbox 663 2916 760 2968; x_wconf 77' lang='lat' dir='ltr'><strong>I73</strong></span> <span class='ocrx_word' id='word_1_333' title='bbox 789 2930 868 2983; x_wconf 87' lang='lat' dir='ltr'><strong>sq.</strong></span> <span class='ocrx_word' id='word_1_334' title='bbox 889 2943 957 2955; x_wconf 79' lang='grc' dir='ltr'><strong>-ο</strong></span> <span class='ocrx_word' id='word_1_335' title='bbox 985 2914 1281 2970; x_wconf 87' lang='lat' dir='ltr'><strong>IuGilberti</strong></span> <span class='ocrx_word' id='word_1_336' title='bbox 1315 2916 1536 2986; x_wconf 79' lang='lat' dir='ltr'><strong>Cognati</strong></span> <span class='ocrx_word' id='word_1_337' title='bbox 1566 2918 1807 2986; x_wconf 82' lang='lat' dir='ltr'><strong>(Cousiu)</strong></span> 
     </span>
    </p>
   </div>
   <div class='ocr_carea' id='block_1_35' title="bbox 229 3004 1804 3074">
    <p class='ocr_par' dir='ltr' id='par_1_35' title="bbox 229 3004 1804 3074">
     <span class='ocr_line' id='line_1_35' title="bbox 229 3004 1804 3074; baseline 0.003 -16"><span class='ocrx_word' id='word_1_338' title='bbox 229 3005 502 3060; x_wconf 83' lang='lat' dir='ltr'><strong>Nozoreni</strong></span> <span class='ocrx_word' id='word_1_339' title='bbox 523 3006 799 3074; x_wconf 84' lang='lat' dir='ltr'><strong>aperihus,</strong></span> <span class='ocrx_word' id='word_1_340' title='bbox 824 3004 987 3058; x_wconf 81' lang='lat' dir='ltr'><strong>Basil.</strong></span> <span class='ocrx_word' id='word_1_341' title='bbox 1018 3006 1178 3070; x_wconf 69' lang='lat'><strong>1542,</strong></span> <span class='ocrx_word' id='word_1_342' title='bbox 1210 3006 1328 3069; x_wconf 82' lang='lat' dir='ltr'><strong>fo|.,</strong></span> <span class='ocrx_word' id='word_1_343' title='bbox 1356 3017 1483 3060; x_wconf 90' lang='lat' dir='ltr'><strong>tom.</strong></span> <span class='ocrx_word' id='word_1_344' title='bbox 1512 3007 1551 3072; x_wconf 93' lang='lat' dir='ltr'><strong>I,</strong></span> <span class='ocrx_word' id='word_1_345' title='bbox 1583 3026 1638 3061; x_wconf 91' lang='grc' dir='ltr'>ιι.</span> <span class='ocrx_word' id='word_1_346' title='bbox 1666 3010 1717 3063; x_wconf 92' lang='lat'><strong>1.</strong></span> <span class='ocrx_word' id='word_1_347' title='bbox 1745 3007 1804 3063; x_wconf 84' lang='lat' dir='ltr'><strong>V.</strong></span> 
     </span>
    </p>
   </div>
   <div class='ocr_carea' id='block_1_36' title="bbox 230 3097 1804 3167">
    <p class='ocr_par' dir='ltr' id='par_1_36' title="bbox 230 3097 1804 3167">
     <span class='ocr_line' id='line_1_36' title="bbox 230 3097 1804 3167; baseline 0.001 -16"><span class='ocrx_word' id='word_1_348' title='bbox 230 3097 613 3167; x_wconf 74' lang='lat' dir='ltr'><strong>ﬂaumgarten.</strong></span> <span class='ocrx_word' id='word_1_349' title='bbox 672 3097 983 3151; x_wconf 80' lang='lat' dir='ltr'><strong>Nachricht.</strong></span> <span class='ocrx_word' id='word_1_350' title='bbox 1038 3114 1132 3151; x_wconf 74' lang='lat' dir='ltr'><strong>von</strong></span> <span class='ocrx_word' id='word_1_351' title='bbox 1178 3097 1485 3153; x_wconf 77' lang='lat' dir='ltr'><strong>merkwitrd.</strong></span> <span class='ocrx_word' id='word_1_352' title='bbox 1548 3098 1804 3161; x_wconf 76' lang='lat' dir='ltr'><strong>But/tem,</strong></span> 
     </span>
    </p>
   </div>
   <div class='ocr_carea' id='block_1_37' title="bbox 229 3189 777 3261">
    <p class='ocr_par' dir='ltr' id='par_1_37' title="bbox 229 3189 777 3261">
     <span class='ocr_line' id='line_1_37' title="bbox 229 3189 777 3261; baseline -0.002 -16"><span class='ocrx_word' id='word_1_353' title='bbox 229 3204 357 3246; x_wconf 90' lang='lat' dir='ltr'><strong>tom.</strong></span> <span class='ocrx_word' id='word_1_354' title='bbox 387 3191 452 3252; x_wconf 83' lang='lat' dir='ltr'><strong>X,</strong></span> <span class='ocrx_word' id='word_1_355' title='bbox 486 3208 537 3261; x_wconf 92' lang='lat' dir='ltr'><strong>p.</strong></span> <span class='ocrx_word' id='word_1_356' title='bbox 567 3189 635 3245; x_wconf 75' lang='grc'><strong>48</strong></span> <span class='ocrx_word' id='word_1_357' title='bbox 658 3207 777 3261; x_wconf 83' lang='lat' dir='ltr'><strong>sqq.</strong></span> 
     </span>
    </p>
   </div>
   <div class='ocr_carea' id='block_1_38' title="bbox 298 3282 1799 3351">
    <p class='ocr_par' dir='ltr' id='par_1_38' title="bbox 298 3282 1799 3351">
     <span class='ocr_line' id='line_1_38' title="bbox 298 3282 1799 3351; baseline 0.001 -16"><span class='ocrx_word' id='word_1_358' title='bbox 298 3283 430 3350; x_wconf 54' lang='lat' dir='ltr'><strong>Quae</strong></span> <span class='ocrx_word' id='word_1_359' title='bbox 457 3296 759 3351; x_wconf 83' lang='lat' dir='ltr'><strong>sequuntur</strong></span> <span class='ocrx_word' id='word_1_360' title='bbox 783 3302 835 3337; x_wconf 87' lang='grc' dir='ltr'><strong>ιι.</strong></span> <span class='ocrx_word' id='word_1_361' title='bbox 864 3282 998 3349; x_wconf 81' lang='lat' dir='ltr'><strong>XIII,</strong></span> <span class='ocrx_word' id='word_1_362' title='bbox 1034 3283 1106 3338; x_wconf 83' lang='lat' dir='ltr'><strong>De</strong></span> <span class='ocrx_word' id='word_1_363' title='bbox 1143 3284 1503 3339; x_wconf 75' lang='lat' dir='ltr'><strong>consolatione</strong></span> <span class='ocrx_word' id='word_1_364' title='bbox 1530 3287 1581 3338; x_wconf 87' lang='lat' dir='ltr'><strong>in</strong></span> <span class='ocrx_word' id='word_1_365' title='bbox 1610 3287 1799 3339; x_wconf 80' lang='lat' dir='ltr'><strong>adver-</strong></span> 
     </span>
    </p>
   </div>
   <div class='ocr_carea' id='block_1_39' title="bbox 224 3375 1800 3441">
    <p class='ocr_par' dir='ltr' id='par_1_39' title="bbox 224 3375 1800 3441">
     <span class='ocr_line' id='line_1_39' title="bbox 224 3375 1800 3441; baseline 0.001 -12"><span class='ocrx_word' id='word_1_366' title='bbox 224 3378 339 3440; x_wconf 85' lang='lat' dir='ltr'><strong>sis;</strong></span> <span class='ocrx_word' id='word_1_367' title='bbox 376 3394 429 3431; x_wconf 87' lang='grc' dir='ltr'><strong>ιι.</strong></span> <span class='ocrx_word' id='word_1_368' title='bbox 464 3375 604 3438; x_wconf 86' lang='lat' dir='ltr'><strong>XIV,</strong></span> <span class='ocrx_word' id='word_1_369' title='bbox 639 3375 714 3429; x_wconf 94' lang='lat' dir='ltr'><strong>De</strong></span> <span class='ocrx_word' id='word_1_370' title='bbox 749 3378 904 3429; x_wconf 80' lang='lat' dir='ltr'><strong>laude</strong></span> <span class='ocrx_word' id='word_1_371' title='bbox 927 3379 1179 3431; x_wconf 71' lang='lat' dir='ltr'><strong>solitaria:</strong></span> <span class='ocrx_word' id='word_1_372' title='bbox 1203 3390 1340 3441; x_wconf 76' lang='lat' dir='ltr'><strong>vute,</strong></span> <span class='ocrx_word' id='word_1_373' title='bbox 1375 3393 1429 3432; x_wconf 85' lang='lat' dir='ltr'><strong>et</strong></span> <span class='ocrx_word' id='word_1_374' title='bbox 1458 3377 1573 3441; x_wconf 87' lang='lat' dir='ltr'><strong>XV,</strong></span> <span class='ocrx_word' id='word_1_375' title='bbox 1606 3381 1800 3431; x_wconf 76' lang='lat' dir='ltr'><strong>Admo—</strong></span> 
     </span>
    </p>
   </div>
   <div class='ocr_carea' id='block_1_40' title="bbox 226 3466 1804 3535">
    <p class='ocr_par' dir='ltr' id='par_1_40' title="bbox 226 3466 1804 3535">
     <span class='ocr_line' id='line_1_40' title="bbox 226 3466 1804 3535; baseline 0.003 -16"><span class='ocrx_word' id='word_1_376' title='bbox 226 3468 358 3520; x_wconf 82' lang='lat' dir='ltr'><strong>nitio</strong></span> <span class='ocrx_word' id='word_1_377' title='bbox 386 3466 454 3519; x_wconf 83' lang='lat' dir='ltr'><strong>ad</strong></span> <span class='ocrx_word' id='word_1_378' title='bbox 494 3466 664 3535; x_wconf 81' lang='lat' dir='ltr'><strong>ﬁlium</strong></span> <span class='ocrx_word' id='word_1_379' title='bbox 694 3468 1002 3535; x_wconf 73' lang='lat' dir='ltr'><strong>spiritalem,</strong></span> <span class='ocrx_word' id='word_1_380' title='bbox 1040 3482 1093 3522; x_wconf 87' lang='lat' dir='ltr'><strong>et</strong></span> <span class='ocrx_word' id='word_1_381' title='bbox 1133 3468 1380 3524; x_wconf 79' lang='lat' dir='ltr'><strong>Garnier.</strong></span> <span class='ocrx_word' id='word_1_382' title='bbox 1410 3481 1538 3523; x_wconf 89' lang='lat' dir='ltr'><strong>tom.</strong></span> <span class='ocrx_word' id='word_1_383' title='bbox 1569 3470 1628 3533; x_wconf 86' lang='lat' dir='ltr'><strong>Il,</strong></span> <span class='ocrx_word' id='word_1_384' title='bbox 1666 3471 1804 3523; x_wconf 87' lang='lat' dir='ltr'><strong>inter</strong></span> 
     </span>
    </p>
   </div>
   <div class='ocr_carea' id='block_1_41' title="bbox 224 3559 1797 3631">
    <p class='ocr_par' dir='ltr' id='par_1_41' title="bbox 224 3559 1797 3631">
     <span class='ocr_line' id='line_1_41' title="bbox 224 3559 1797 3631; baseline 0.004 -21"><span class='ocrx_word' id='word_1_385' title='bbox 224 3560 410 3627; x_wconf 80' lang='lat' dir='ltr'><strong>spuria</strong></span> <span class='ocrx_word' id='word_1_386' title='bbox 449 3570 786 3626; x_wconf 81' lang='lat' dir='ltr'><strong>reposuerat,</strong></span> <span class='ocrx_word' id='word_1_387' title='bbox 824 3560 947 3613; x_wconf 85' lang='lat' dir='ltr'><strong>item</strong></span> <span class='ocrx_word' id='word_1_388' title='bbox 980 3578 1033 3612; x_wconf 91' lang='grc' dir='ltr'><strong>ιι.</strong></span> <span class='ocrx_word' id='word_1_389' title='bbox 1060 3560 1200 3615; x_wconf 83' lang='lat' dir='ltr'><strong>XVI.</strong></span> <span class='ocrx_word' id='word_1_390' title='bbox 1247 3559 1503 3614; x_wconf 85' lang='lat' dir='ltr'><strong>Gennadii</strong></span> <span class='ocrx_word' id='word_1_391' title='bbox 1534 3562 1661 3617; x_wconf 87' lang='lat' dir='ltr'><strong>diss.</strong></span> <span class='ocrx_word' id='word_1_392' title='bbox 1688 3564 1797 3631; x_wconf 85' lang='lat' dir='ltr'><strong>epi-</strong></span> 
     </span>
    </p>
   </div>
   <div class='ocr_carea' id='block_1_42' title="bbox 222 3650 1797 3725">
    <p class='ocr_par' dir='ltr' id='par_1_42' title="bbox 222 3650 1797 3725">
     <span class='ocr_line' id='line_1_42' title="bbox 222 3650 1797 3725; baseline 0.004 -24"><span class='ocrx_word' id='word_1_393' title='bbox 222 3652 433 3716; x_wconf 84' lang='lat' dir='ltr'><strong>stulica,</strong></span> <span class='ocrx_word' id='word_1_394' title='bbox 490 3660 655 3721; x_wconf 86' lang='lat' dir='ltr'><strong>atque</strong></span> <span class='ocrx_word' id='word_1_395' title='bbox 710 3650 870 3716; x_wconf 89' lang='lat' dir='ltr'><strong>XVII,</strong></span> <span class='ocrx_word' id='word_1_396' title='bbox 933 3651 1217 3706; x_wconf 67' lang='lat' dir='ltr'><strong>Frentanis</strong></span> <span class='ocrx_word' id='word_1_397' title='bbox 1262 3652 1439 3706; x_wconf 74' lang='lat' dir='ltr'><strong>Dncwi</strong></span> <span class='ocrx_word' id='word_1_398' title='bbox 1477 3665 1629 3720; x_wconf 69' lang='lat' dir='ltr'><strong>note,</strong></span> <span class='ocrx_word' id='word_1_399' title='bbox 1686 3655 1797 3725; x_wconf 81' lang='lat' dir='ltr'><strong>jam</strong></span> 
     </span>
    </p>
   </div>
   <div class='ocr_carea' id='block_1_43' title="bbox 223 3744 1375 3813">
    <p class='ocr_par' dir='ltr' id='par_1_43' title="bbox 223 3744 1375 3813">
     <span class='ocr_line' id='line_1_43' title="bbox 223 3744 1375 3813; baseline 0.002 -18"><span class='ocrx_word' id='word_1_400' title='bbox 223 3761 389 3813; x_wconf 75' lang='lat' dir='ltr'><strong>supra</strong></span> <span class='ocrx_word' id='word_1_401' title='bbox 424 3745 538 3799; x_wconf 87' lang='lat' dir='ltr'><strong>suis</strong></span> <span class='ocrx_word' id='word_1_402' title='bbox 564 3747 697 3798; x_wconf 84' lang='lat' dir='ltr'><strong>locis</strong></span> <span class='ocrx_word' id='word_1_403' title='bbox 734 3746 986 3811; x_wconf 77' lang='lat' dir='ltr'><strong>explicita</strong></span> <span class='ocrx_word' id='word_1_404' title='bbox 1023 3755 1166 3797; x_wconf 81' lang='lat' dir='ltr'><strong>sunt.</strong></span> <span class='ocrx_word' id='word_1_405' title='bbox 1206 3744 1375 3797; x_wconf 76' lang='grc' dir='ltr'>ΙΙΑιιι..</span> 
     </span>
    </p>
   </div>
   <div class='ocr_carea' id='block_1_44' title="bbox 223 3832 1771 3903">
    <p class='ocr_par' dir='ltr' id='par_1_44' title="bbox 223 3832 1771 3903">
     <span class='ocr_line' id='line_1_44' title="bbox 223 3832 1771 3903; baseline -0.001 -17"><span class='ocrx_word' id='word_1_406' title='bbox 223 3832 331 3887; x_wconf 85' lang='lat' dir='ltr'><strong>VII.</strong></span> <span class='ocrx_word' id='word_1_407' title='bbox 368 3832 577 3902; x_wconf 83' lang='lat' dir='ltr'><strong>Scripta</strong></span> <span class='ocrx_word' id='word_1_408' title='bbox 611 3832 670 3887; x_wconf 90' lang='lat' dir='ltr'><strong>S.</strong></span> <span class='ocrx_word' id='word_1_409' title='bbox 714 3832 925 3899; x_wconf 87' lang='lat' dir='ltr'><strong>Basilii,</strong></span> <span class='ocrx_word' id='word_1_410' title='bbox 956 3834 1029 3886; x_wconf 78' lang='lat' dir='ltr'><strong>rel</strong></span> <span class='ocrx_word' id='word_1_411' title='bbox 1063 3849 1177 3903; x_wconf 77' lang='grc' dir='ltr'><strong>(μιω</strong></span> <span class='ocrx_word' id='word_1_412' title='bbox 1210 3834 1299 3884; x_wconf 75' lang='lat' dir='ltr'><strong>sub</strong></span> <span class='ocrx_word' id='word_1_413' title='bbox 1336 3832 1450 3902; x_wconf 84' lang='lat' dir='ltr'><strong>ejus</strong></span> <span class='ocrx_word' id='word_1_414' title='bbox 1474 3834 1685 3903; x_wconf 77' lang='lat' dir='ltr'><strong>nomine</strong></span> <span class='ocrx_word' id='word_1_415' title='bbox 1722 3833 1771 3901; x_wconf 82' lang='lat' dir='ltr'><strong>fe</strong></span> 
     </span>
    </p>
   </div>
   <div class='ocr_carea' id='block_1_45' title="bbox 294 3901 1799 3975">
    <p class='ocr_par' dir='ltr' id='par_1_45' title="bbox 294 3901 1799 3975">
     <span class='ocr_line' id='line_1_45' title="bbox 294 3901 1799 3975; baseline 0.001 -19"><span class='ocrx_word' id='word_1_416' title='bbox 294 3901 503 3968; x_wconf 83' lang='lat' dir='ltr'><strong>runtur,</strong></span> <span class='ocrx_word' id='word_1_417' title='bbox 532 3906 622 3959; x_wconf 85' lang='lat' dir='ltr'><strong>sed</strong></span> <span class='ocrx_word' id='word_1_418' title='bbox 657 3921 774 3975; x_wconf 80' lang='lat' dir='ltr'><strong>qua:</strong></span> <span class='ocrx_word' id='word_1_419' title='bbox 799 3906 853 3958; x_wconf 90' lang='lat' dir='ltr'><strong>in</strong></span> <span class='ocrx_word' id='word_1_420' title='bbox 893 3901 1211 3959; x_wconf 81' lang='lat' dir='ltr'><strong>editionibus</strong></span> <span class='ocrx_word' id='word_1_421' title='bbox 1238 3901 1665 3958; x_wconf 64' lang='lat' dir='ltr'><strong>timeo-Latinis</strong></span> <span class='ocrx_word' id='word_1_422' title='bbox 1695 3920 1799 3957; x_wconf 83' lang='lat' dir='ltr'><strong>non</strong></span> 
     </span>
    </p>
   </div>
   <div class='ocr_carea' id='block_1_46' title="bbox 294 3986 522 4030">
    <p class='ocr_par' dir='ltr' id='par_1_46' title="bbox 294 3986 522 4030">
     <span class='ocr_line' id='line_1_46' title="bbox 294 3986 522 4030; baseline 0.013 -3"><span class='ocrx_word' id='word_1_423' title='bbox 294 3986 522 4030; x_wconf 81' lang='lat' dir='ltr'><strong>exstant.</strong></span> 
     </span>
    </p>
   </div>
   <div class='ocr_carea' id='block_1_47' title="bbox 291 4064 1796 4139">
    <p class='ocr_par' dir='ltr' id='par_1_47' title="bbox 291 4064 1796 4139">
     <span class='ocr_line' id='line_1_47' title="bbox 291 4064 1796 4139; baseline 0.003 -20"><span class='ocrx_word' id='word_1_424' title='bbox 291 4064 479 4120; x_wconf 85' lang='lat' dir='ltr'><strong>XVIII.</strong></span> <span class='ocrx_word' id='word_1_425' title='bbox 514 4066 751 4123; x_wconf 76' lang='lat' dir='ltr'><strong>Hoinilia</strong></span> <span class='ocrx_word' id='word_1_426' title='bbox 788 4072 943 4123; x_wconf 90' lang='lat' dir='ltr'><strong>tertia</strong></span> <span class='ocrx_word' id='word_1_427' title='bbox 980 4070 1043 4123; x_wconf 86' lang='lat' dir='ltr'><strong>de</strong></span> <span class='ocrx_word' id='word_1_428' title='bbox 1061 4070 1293 4139; x_wconf 75' lang='lat' dir='ltr'><strong>jejunio,</strong></span> <span class='ocrx_word' id='word_1_429' title='bbox 1326 4067 1492 4134; x_wconf 63' lang='lat' dir='ltr'><strong>{edita</strong></span> <span class='ocrx_word' id='word_1_430' title='bbox 1533 4086 1561 4122; x_wconf 89' lang='lat' dir='ltr'><strong>a</strong></span> <span class='ocrx_word' id='word_1_431' title='bbox 1583 4069 1796 4124; x_wconf 80' lang='lat' dir='ltr'><strong>Game-</strong></span> 
     </span>
    </p>
   </div>
   <div class='ocr_carea' id='block_1_48' title="bbox 203 4158 1797 4242">
    <p class='ocr_par' dir='ltr' id='par_1_48' title="bbox 203 4158 1797 4242">
     <span class='ocr_line' id='line_1_48' title="bbox 203 4158 1797 4242; baseline 0.001 -29"><span class='ocrx_word' id='word_1_432' title='bbox 203 4162 304 4242; x_wconf 47' lang='lat' dir='ltr'><strong>‘rio</strong></span> <span class='ocrx_word' id='word_1_433' title='bbox 341 4161 393 4212; x_wconf 94' lang='lat' dir='ltr'><strong>iu</strong></span> <span class='ocrx_word' id='word_1_434' title='bbox 426 4170 560 4213; x_wconf 89' lang='lat' dir='ltr'><strong>tom.</strong></span> <span class='ocrx_word' id='word_1_435' title='bbox 588 4158 655 4226; x_wconf 91' lang='lat' dir='ltr'><strong>II,</strong></span> <span class='ocrx_word' id='word_1_436' title='bbox 687 4160 826 4215; x_wconf 89' lang='lat' dir='ltr'><strong>inter</strong></span> <span class='ocrx_word' id='word_1_437' title='bbox 858 4164 1038 4231; x_wconf 85' lang='lat' dir='ltr'><strong>spuria</strong></span> <span class='ocrx_word' id='word_1_438' title='bbox 1063 4160 1246 4215; x_wconf 67' lang='lat' dir='ltr'><strong>Busdii</strong></span> <span class='ocrx_word' id='word_1_439' title='bbox 1274 4164 1498 4230; x_wconf 71' lang='lat' dir='ltr'><strong>scripta.</strong></span> <span class='ocrx_word' id='word_1_440' title='bbox 1528 4172 1581 4216; x_wconf 92' lang='lat' dir='ltr'><strong>et</strong></span> <span class='ocrx_word' id='word_1_441' title='bbox 1607 4177 1706 4231; x_wconf 75' lang='lat' dir='ltr'><strong>ego</strong></span> <span class='ocrx_word' id='word_1_442' title='bbox 1730 4162 1797 4215; x_wconf 87' lang='lat' dir='ltr'><strong>de</strong></span> 
     </span>
    </p>
   </div>
   <div class='ocr_carea' id='block_1_49' title="bbox 221 4251 1555 4326">
    <p class='ocr_par' dir='ltr' id='par_1_49' title="bbox 221 4251 1555 4326">
     <span class='ocr_line' id='line_1_49' title="bbox 221 4251 1555 4326; baseline 0 -19"><span class='ocrx_word' id='word_1_443' title='bbox 221 4255 309 4307; x_wconf 85' lang='lat' dir='ltr'><strong>illa</strong></span> <span class='ocrx_word' id='word_1_444' title='bbox 342 4253 409 4305; x_wconf 85' lang='lat' dir='ltr'><strong>ad</strong></span> <span class='ocrx_word' id='word_1_445' title='bbox 447 4270 501 4306; x_wconf 90' lang='grc' dir='ltr'><strong>ιι.</strong></span> <span class='ocrx_word' id='word_1_446' title='bbox 532 4251 567 4307; x_wconf 98' lang='lat'><strong>2</strong></span> <span class='ocrx_word' id='word_1_447' title='bbox 604 4254 914 4323; x_wconf 85' lang='lat' dir='ltr'><strong>spuriorum</strong></span> <span class='ocrx_word' id='word_1_448' title='bbox 944 4254 1159 4307; x_wconf 77' lang='lat' dir='ltr'><strong>Illorum</strong></span> <span class='ocrx_word' id='word_1_449' title='bbox 1198 4254 1326 4309; x_wconf 73' lang='lat' dir='ltr'><strong>dixi.</strong></span> <span class='ocrx_word' id='word_1_450' title='bbox 1358 4253 1555 4326; x_wconf 74' lang='grc' dir='ltr'>11Αιιι..]</span> 
     </span>
    </p>
   </div>
   <div class='ocr_carea' id='block_1_50' title="bbox 292 4344 1797 4411">
    <p class='ocr_par' dir='ltr' id='par_1_50' title="bbox 292 4344 1797 4411">
     <span class='ocr_line' id='line_1_50' title="bbox 292 4344 1797 4411; baseline 0.001 -13"><span class='ocrx_word' id='word_1_451' title='bbox 292 4345 530 4398; x_wconf 78' lang='lat' dir='ltr'><strong>Mamilia</strong></span> <span class='ocrx_word' id='word_1_452' title='bbox 570 4348 622 4399; x_wconf 90' lang='lat' dir='ltr'><strong>in</strong></span> <span class='ocrx_word' id='word_1_453' title='bbox 660 4344 1060 4400; x_wconf 73' lang='lat' dir='ltr'><strong>Prorerbiorum</strong></span> <span class='ocrx_word' id='word_1_454' title='bbox 1101 4344 1185 4411; x_wconf 88' lang='lat' dir='ltr'><strong>VI,</strong></span> <span class='ocrx_word' id='word_1_455' title='bbox 1228 4346 1283 4410; x_wconf 70' lang='grc'><strong>4,</strong></span> <span class='ocrx_word' id='word_1_456' title='bbox 1319 4347 1461 4400; x_wconf 84' lang='lat' dir='ltr'><strong>edita</strong></span> <span class='ocrx_word' id='word_1_457' title='bbox 1502 4345 1690 4401; x_wconf 69' lang='lat' dir='ltr'><strong>Graece</strong></span> <span class='ocrx_word' id='word_1_458' title='bbox 1743 4355 1797 4401; x_wconf 90' lang='lat' dir='ltr'><strong>et</strong></span> 
     </span>
    </p>
   </div>
   <div class='ocr_carea' id='block_1_51' title="bbox 216 4437 1797 4493">
    <p class='ocr_par' dir='ltr' id='par_1_51' title="bbox 216 4437 1797 4493">
     <span class='ocr_line' id='line_1_51' title="bbox 216 4437 1797 4493; baseline 0 -2"><span class='ocrx_word' id='word_1_459' title='bbox 216 4437 415 4492; x_wconf 81' lang='lat' dir='ltr'><strong>Latine</strong></span> <span class='ocrx_word' id='word_1_460' title='bbox 449 4454 475 4489; x_wconf 77' lang='grc' dir='ltr'><strong>ιι</strong></span> <span class='ocrx_word' id='word_1_461' title='bbox 506 4437 777 4491; x_wconf 81' lang='lat' dir='ltr'><strong>Cotelerio</strong></span> <span class='ocrx_word' id='word_1_462' title='bbox 823 4440 874 4491; x_wconf 88' lang='lat' dir='ltr'><strong>in</strong></span> <span class='ocrx_word' id='word_1_463' title='bbox 909 4448 1039 4492; x_wconf 91' lang='lat' dir='ltr'><strong>tom.</strong></span> <span class='ocrx_word' id='word_1_464' title='bbox 1075 4439 1090 4493; x_wconf 93' lang='lat' dir='ltr'><strong>I</strong></span> <span class='ocrx_word' id='word_1_465' title='bbox 1124 4439 1512 4491; x_wconf 82' lang='lat' dir='ltr'><strong>Monumenior.</strong></span> <span class='ocrx_word' id='word_1_466' title='bbox 1551 4438 1797 4491; x_wconf 67' lang='lat' dir='ltr'><strong>Ecclesia</strong></span> 
     </span>
    </p>
   </div>
   <div class='ocr_carea' id='block_1_52' title="bbox 1836 3192 1944 3275">
    <p class='ocr_par' dir='ltr' id='par_1_52' title="bbox 1836 3192 1944 3275">
     <span class='ocr_line' id='line_1_52' title="bbox 1836 3192 1944 3275; baseline 0 -28"><span class='ocrx_word' id='word_1_467' title='bbox 1836 3192 1944 3275; x_wconf 76' lang='lat' dir='ltr'><strong>CP</strong></span> 
     </span>
    </p>
   </div>
   <div class='ocr_carea' id='block_1_53' title="bbox 1919 1898 3497 1969">
    <p class='ocr_par' dir='ltr' id='par_1_53' title="bbox 1919 1898 3497 1969">
     <span class='ocr_line' id='line_1_53' title="bbox 1919 1898 3497 1969; baseline 0.001 -17"><span class='ocrx_word' id='word_1_468' title='bbox 1919 1898 2077 1958; x_wconf 90' lang='lat' dir='ltr'><strong>stola.</strong></span> <span class='ocrx_word' id='word_1_469' title='bbox 2131 1913 2239 1952; x_wconf 90' lang='lat' dir='ltr'><strong>non</strong></span> <span class='ocrx_word' id='word_1_470' title='bbox 2290 1910 2542 1965; x_wconf 77' lang='lat' dir='ltr'><strong>magnum</strong></span> <span class='ocrx_word' id='word_1_471' title='bbox 2580 1899 2727 1952; x_wconf 89' lang='lat' dir='ltr'><strong>illum</strong></span> <span class='ocrx_word' id='word_1_472' title='bbox 2790 1901 3174 1969; x_wconf 85' lang='lat' dir='ltr'><strong>imperatorem</strong></span> <span class='ocrx_word' id='word_1_473' title='bbox 3222 1899 3497 1969; x_wconf 81' lang='lat' dir='ltr'><strong>intelligit,</strong></span> 
     </span>
    </p>
   </div>
   <div class='ocr_carea' id='block_1_54' title="bbox 1919 1986 3492 2056">
    <p class='ocr_par' dir='ltr' id='par_1_54' title="bbox 1919 1986 3492 2056">
     <span class='ocr_line' id='line_1_54' title="bbox 1919 1986 3492 2056; baseline 0.002 -14"><span class='ocrx_word' id='word_1_474' title='bbox 1919 1988 2013 2042; x_wconf 87' lang='lat' dir='ltr'><strong>sed</strong></span> <span class='ocrx_word' id='word_1_475' title='bbox 2046 1989 2329 2055; x_wconf 71' lang='lat' dir='ltr'><strong>praesidem</strong></span> <span class='ocrx_word' id='word_1_476' title='bbox 2356 1986 2590 2056; x_wconf 86' lang='lat' dir='ltr'><strong>aliquem</strong></span> <span class='ocrx_word' id='word_1_477' title='bbox 2620 1988 2991 2056; x_wconf 66' lang='lat' dir='ltr'><strong>Cappadociae.</strong></span> <span class='ocrx_word' id='word_1_478' title='bbox 3022 1992 3093 2044; x_wconf 69' lang='lat' dir='ltr'><strong>At</strong></span> <span class='ocrx_word' id='word_1_479' title='bbox 3124 1991 3176 2044; x_wconf 92' lang='lat' dir='ltr'><strong>iu</strong></span> <span class='ocrx_word' id='word_1_480' title='bbox 3205 2000 3327 2045; x_wconf 89' lang='lat' dir='ltr'><strong>uota</strong></span> <span class='ocrx_word' id='word_1_481' title='bbox 3368 1993 3492 2045; x_wconf 84' lang='lat' dir='ltr'><strong>aui-</strong></span> 
     </span>
    </p>
   </div>
   <div class='ocr_carea' id='block_1_55' title="bbox 1918 2077 3497 2152">
    <p class='ocr_par' dir='ltr' id='par_1_55' title="bbox 1918 2077 3497 2152">
     <span class='ocr_line' id='line_1_55' title="bbox 1918 2077 3497 2152; baseline 0.003 -20"><span class='ocrx_word' id='word_1_482' title='bbox 1918 2077 2206 2132; x_wconf 82' lang='lat' dir='ltr'><strong>madvertit</strong></span> <span class='ocrx_word' id='word_1_483' title='bbox 2237 2081 2411 2134; x_wconf 83' lang='lat' dir='ltr'><strong>editor</strong></span> <span class='ocrx_word' id='word_1_484' title='bbox 2438 2079 2711 2134; x_wconf 83' lang='lat' dir='ltr'><strong>Beuediet.</strong></span> <span class='ocrx_word' id='word_1_485' title='bbox 2757 2081 2807 2133; x_wconf 91' lang='lat' dir='ltr'><strong>in</strong></span> <span class='ocrx_word' id='word_1_486' title='bbox 2847 2081 2932 2136; x_wconf 90' lang='lat' dir='ltr'><strong>ed.</strong></span> <span class='ocrx_word' id='word_1_487' title='bbox 2973 2079 3140 2135; x_wconf 67' lang='lat' dir='ltr'><strong>Gurn.</strong></span> <span class='ocrx_word' id='word_1_488' title='bbox 3176 2095 3341 2137; x_wconf 80' lang='lat' dir='ltr'><strong>totum</strong></span> <span class='ocrx_word' id='word_1_489' title='bbox 3377 2084 3497 2152; x_wconf 87' lang='lat' dir='ltr'><strong>epi-</strong></span> 
     </span>
    </p>
   </div>
   <div class='ocr_carea' id='block_1_56' title="bbox 1914 2168 3504 2243">
    <p class='ocr_par' dir='ltr' id='par_1_56' title="bbox 1914 2168 3504 2243">
     <span class='ocr_line' id='line_1_56' title="bbox 1914 2168 3504 2243; baseline 0.003 -18"><span class='ocrx_word' id='word_1_490' title='bbox 1914 2170 2108 2225; x_wconf 85' lang='lat' dir='ltr'><strong>stolam</strong></span> <span class='ocrx_word' id='word_1_491' title='bbox 2153 2168 2333 2224; x_wconf 78' lang='lat' dir='ltr'><strong>Basilii</strong></span> <span class='ocrx_word' id='word_1_492' title='bbox 2372 2173 2511 2241; x_wconf 87' lang='lat' dir='ltr'><strong>ston</strong></span> <span class='ocrx_word' id='word_1_493' title='bbox 2566 2182 2727 2241; x_wconf 87' lang='lat' dir='ltr'><strong>atque</strong></span> <span class='ocrx_word' id='word_1_494' title='bbox 2782 2174 2994 2242; x_wconf 83' lang='lat' dir='ltr'><strong>ingenio</strong></span> <span class='ocrx_word' id='word_1_495' title='bbox 3070 2188 3389 2243; x_wconf 72' lang='lat' dir='ltr'><strong>repugnare.</strong></span> <span class='ocrx_word' id='word_1_496' title='bbox 3443 2184 3504 2232; x_wconf 79' lang='lat' dir='ltr'><strong>et</strong></span> 
     </span>
    </p>
   </div>
   <div class='ocr_carea' id='block_1_57' title="bbox 1916 2258 3501 2335">
    <p class='ocr_par' dir='ltr' id='par_1_57' title="bbox 1916 2258 3501 2335">
     <span class='ocr_line' id='line_1_57' title="bbox 1916 2258 3501 2335; baseline 0.006 -24"><span class='ocrx_word' id='word_1_497' title='bbox 1916 2258 2050 2312; x_wconf 86' lang='lat' dir='ltr'><strong>alias</strong></span> <span class='ocrx_word' id='word_1_498' title='bbox 2107 2259 2323 2314; x_wconf 87' lang='lat' dir='ltr'><strong>adducit</strong></span> <span class='ocrx_word' id='word_1_499' title='bbox 2370 2262 2609 2315; x_wconf 79' lang='lat' dir='ltr'><strong>rationes</strong></span> <span class='ocrx_word' id='word_1_500' title='bbox 2652 2276 2876 2330; x_wconf 75' lang='lat' dir='ltr'><strong>graves,</strong></span> <span class='ocrx_word' id='word_1_501' title='bbox 2915 2263 3113 2332; x_wconf 85' lang='lat' dir='ltr'><strong>quibus</strong></span> <span class='ocrx_word' id='word_1_502' title='bbox 3156 2263 3501 2335; x_wconf 75' lang='lat' dir='ltr'><strong>impugnatul&#39;</strong></span> 
     </span>
    </p>
   </div>
   <div class='ocr_carea' id='block_1_58' title="bbox 1915 2352 3498 2422">
    <p class='ocr_par' dir='ltr' id='par_1_58' title="bbox 1915 2352 3498 2422">
     <span class='ocr_line' id='line_1_58' title="bbox 1915 2352 3498 2422; baseline 0.004 -16"><span class='ocrx_word' id='word_1_503' title='bbox 1915 2352 2244 2407; x_wconf 83' lang='lat' dir='ltr'><strong>Tilletnoutii</strong></span> <span class='ocrx_word' id='word_1_504' title='bbox 2292 2353 2578 2422; x_wconf 90' lang='lat' dir='ltr'><strong>judicium,</strong></span> <span class='ocrx_word' id='word_1_505' title='bbox 2622 2365 2674 2409; x_wconf 88' lang='lat' dir='ltr'><strong>et</strong></span> <span class='ocrx_word' id='word_1_506' title='bbox 2704 2354 2945 2412; x_wconf 89' lang='lat' dir='ltr'><strong>litteram</strong></span> <span class='ocrx_word' id='word_1_507' title='bbox 2984 2370 3105 2412; x_wconf 85' lang='lat' dir='ltr'><strong>esse</strong></span> <span class='ocrx_word' id='word_1_508' title='bbox 3133 2356 3498 2413; x_wconf 86' lang='lat' dir='ltr'><strong>adulteriuam</strong></span> 
     </span>
    </p>
   </div>
   <div class='ocr_carea' id='block_1_59' title="bbox 1915 2445 2543 2502">
    <p class='ocr_par' dir='ltr' id='par_1_59' title="bbox 1915 2445 2543 2502">
     <span class='ocr_line' id='line_1_59' title="bbox 1915 2445 2543 2502; baseline 0 -2"><span class='ocrx_word' id='word_1_509' title='bbox 1915 2446 2339 2502; x_wconf 82' lang='lat' dir='ltr'><strong>demonstratur.</strong></span> <span class='ocrx_word' id='word_1_510' title='bbox 2374 2445 2543 2502; x_wconf 77' lang='lat' dir='ltr'><strong>llsnL.</strong></span> 
     </span>
    </p>
   </div>
   <div class='ocr_carea' id='block_1_60' title="bbox 1984 2537 3496 2612">
    <p class='ocr_par' dir='ltr' id='par_1_60' title="bbox 1984 2537 3496 2612">
     <span class='ocr_line' id='line_1_60' title="bbox 1984 2537 3496 2612; baseline 0.001 -20"><span class='ocrx_word' id='word_1_511' title='bbox 1984 2537 2101 2592; x_wconf 87' lang='lat' dir='ltr'><strong>XX.</strong></span> <span class='ocrx_word' id='word_1_512' title='bbox 2149 2538 2395 2593; x_wconf 76' lang='lat' dir='ltr'><strong>Rationes</strong></span> <span class='ocrx_word' id='word_1_513' title='bbox 2449 2540 2783 2609; x_wconf 72' lang='lat' dir='ltr'><strong>syllogisticw</strong></span> <span class='ocrx_word' id='word_1_514' title='bbox 2818 2551 2999 2594; x_wconf 83' lang='lat' dir='ltr'><strong>contra</strong></span> <span class='ocrx_word' id='word_1_515' title='bbox 3050 2542 3298 2606; x_wconf 79' lang='lat' dir='ltr'><strong>Arianos,</strong></span> <span class='ocrx_word' id='word_1_516' title='bbox 3354 2544 3496 2612; x_wconf 68' lang='lat' dir='ltr'><strong>quod</strong></span> 
     </span>
    </p>
   </div>
   <div class='ocr_carea' id='block_1_61' title="bbox 1913 2627 3499 2697">
    <p class='ocr_par' dir='ltr' id='par_1_61' title="bbox 1913 2627 3499 2697">
     <span class='ocr_line' id='line_1_61' title="bbox 1913 2627 3499 2697; baseline 0.005 -17"><span class='ocrx_word' id='word_1_517' title='bbox 1913 2627 2084 2681; x_wconf 79' lang='lat' dir='ltr'><strong>Filius</strong></span> <span class='ocrx_word' id='word_1_518' title='bbox 2134 2633 2196 2682; x_wconf 86' lang='lat' dir='ltr'><strong>sit</strong></span> <span class='ocrx_word' id='word_1_519' title='bbox 2233 2629 2393 2689; x_wconf 83' lang='lat' dir='ltr'><strong>Deus,</strong></span> <span class='ocrx_word' id='word_1_520' title='bbox 2443 2632 2693 2697; x_wconf 85' lang='lat' dir='ltr'><strong>prodiere</strong></span> <span class='ocrx_word' id='word_1_521' title='bbox 2730 2640 2874 2683; x_wconf 90' lang='lat' dir='ltr'><strong>totuo</strong></span> <span class='ocrx_word' id='word_1_522' title='bbox 2917 2629 2955 2683; x_wconf 91' lang='lat' dir='ltr'><strong>V</strong></span> <span class='ocrx_word' id='word_1_523' title='bbox 3001 2630 3305 2686; x_wconf 82' lang='lat' dir='ltr'><strong>Lectionum</strong></span> <span class='ocrx_word' id='word_1_524' title='bbox 3356 2635 3499 2689; x_wconf 77' lang='lat' dir='ltr'><strong>tinti-</strong></span> 
     </span>
    </p>
   </div>
   <div class='ocr_carea' id='block_1_62' title="bbox 1910 2716 3498 2792">
    <p class='ocr_par' dir='ltr' id='par_1_62' title="bbox 1910 2716 3498 2792">
     <span class='ocr_line' id='line_1_62' title="bbox 1910 2716 3498 2792; baseline 0.006 -23"><span class='ocrx_word' id='word_1_525' title='bbox 1910 2734 2137 2787; x_wconf 85' lang='lat' dir='ltr'><strong>quarum</strong></span> <span class='ocrx_word' id='word_1_526' title='bbox 2175 2716 2340 2776; x_wconf 81' lang='lat' dir='ltr'><strong>lleur.</strong></span> <span class='ocrx_word' id='word_1_527' title='bbox 2366 2718 2592 2784; x_wconf 79' lang='lat' dir='ltr'><strong>Cunisii,</strong></span> <span class='ocrx_word' id='word_1_528' title='bbox 2625 2736 2745 2790; x_wconf 78' lang='lat' dir='ltr'><strong>pag.</strong></span> <span class='ocrx_word' id='word_1_529' title='bbox 2785 2719 3020 2775; x_wconf 79' lang='lat'><strong>166-171</strong></span> <span class='ocrx_word' id='word_1_530' title='bbox 3059 2721 3158 2792; x_wconf 88' lang='lat' dir='ltr'><strong>(a),</strong></span> <span class='ocrx_word' id='word_1_531' title='bbox 3187 2730 3279 2777; x_wconf 88' lang='lat' dir='ltr'><strong>sed</strong></span> <span class='ocrx_word' id='word_1_532' title='bbox 3304 2721 3498 2778; x_wconf 66' lang='lat' dir='ltr'><strong>Latine</strong></span> 
     </span>
    </p>
   </div>
   <div class='ocr_carea' id='block_1_63' title="bbox 1914 2810 3491 2884">
    <p class='ocr_par' dir='ltr' id='par_1_63' title="bbox 1914 2810 3491 2884">
     <span class='ocr_line' id='line_1_63' title="bbox 1914 2810 3491 2884; baseline 0.003 -21"><span class='ocrx_word' id='word_1_533' title='bbox 1914 2819 2147 2872; x_wconf 84' lang='lat' dir='ltr'><strong>tantum,</strong></span> <span class='ocrx_word' id='word_1_534' title='bbox 2194 2810 2488 2880; x_wconf 87' lang='lat' dir='ltr'><strong>interprete</strong></span> <span class='ocrx_word' id='word_1_535' title='bbox 2514 2811 2812 2867; x_wconf 83' lang='lat' dir='ltr'><strong>Francisco</strong></span> <span class='ocrx_word' id='word_1_536' title='bbox 2854 2812 3114 2877; x_wconf 89' lang='lat' dir='ltr'><strong>Turiano,</strong></span> <span class='ocrx_word' id='word_1_537' title='bbox 3154 2813 3213 2869; x_wconf 88' lang='lat' dir='ltr'><strong>S.</strong></span> <span class='ocrx_word' id='word_1_538' title='bbox 3239 2813 3288 2869; x_wconf 65' lang='grc' dir='ltr'><strong>δ.</strong></span> <span class='ocrx_word' id='word_1_539' title='bbox 3314 2812 3491 2884; x_wconf 72' lang='lat' dir='ltr'><strong>lngol-</strong></span> 
     </span>
    </p>
   </div>
   <div class='ocr_carea' id='block_1_64' title="bbox 1911 2899 3495 2975">
    <p class='ocr_par' dir='ltr' id='par_1_64' title="bbox 1911 2899 3495 2975">
     <span class='ocr_line' id='line_1_64' title="bbox 1911 2899 3495 2975; baseline 0.005 -21"><span class='ocrx_word' id='word_1_540' title='bbox 1911 2902 2052 2955; x_wconf 85' lang='lat' dir='ltr'><strong>stad.</strong></span> <span class='ocrx_word' id='word_1_541' title='bbox 2094 2899 2253 2966; x_wconf 74' lang='grc'><strong>1604,</strong></span> <span class='ocrx_word' id='word_1_542' title='bbox 2294 2900 2347 2955; x_wconf 70' lang='grc'><strong>4.</strong></span> <span class='ocrx_word' id='word_1_543' title='bbox 2399 2899 2571 2971; x_wconf 89' lang='lat' dir='ltr'><strong>Incip.</strong></span> <span class='ocrx_word' id='word_1_544' title='bbox 2609 2901 2666 2956; x_wconf 87' lang='lat' dir='ltr'><strong>Si</strong></span> <span class='ocrx_word' id='word_1_545' title='bbox 2695 2900 2867 2959; x_wconf 79' lang='lat' dir='ltr'><strong>Filius</strong></span> <span class='ocrx_word' id='word_1_546' title='bbox 2907 2914 2983 2959; x_wconf 86' lang='lat' dir='ltr'><strong>est</strong></span> <span class='ocrx_word' id='word_1_547' title='bbox 3019 2918 3211 2960; x_wconf 84' lang='lat' dir='ltr'><strong>natura</strong></span> <span class='ocrx_word' id='word_1_548' title='bbox 3241 2904 3403 2975; x_wconf 81' lang='lat' dir='ltr'><strong>Deus,</strong></span> <span class='ocrx_word' id='word_1_549' title='bbox 3442 2912 3495 2962; x_wconf 82' lang='lat' dir='ltr'><strong>et</strong></span> 
     </span>
    </p>
   </div>
   <div class='ocr_carea' id='block_1_65' title="bbox 1911 2993 3491 3061">
    <p class='ocr_par' dir='ltr' id='par_1_65' title="bbox 1911 2993 3491 3061">
     <span class='ocr_line' id='line_1_65' title="bbox 1911 2993 3491 3061; baseline 0.004 -14"><span class='ocrx_word' id='word_1_550' title='bbox 1911 2993 2074 3049; x_wconf 84' lang='lat' dir='ltr'><strong>Pater</strong></span> <span class='ocrx_word' id='word_1_551' title='bbox 2094 3005 2167 3049; x_wconf 82' lang='lat' dir='ltr'><strong>est</strong></span> <span class='ocrx_word' id='word_1_552' title='bbox 2208 3007 2399 3049; x_wconf 86' lang='lat' dir='ltr'><strong>natura</strong></span> <span class='ocrx_word' id='word_1_553' title='bbox 2440 2994 2605 3061; x_wconf 84' lang='lat' dir='ltr'><strong>Deus,</strong></span> <span class='ocrx_word' id='word_1_554' title='bbox 2649 3013 2749 3049; x_wconf 87' lang='lat' dir='ltr'><strong>non</strong></span> <span class='ocrx_word' id='word_1_555' title='bbox 2792 3008 2865 3050; x_wconf 86' lang='lat' dir='ltr'><strong>est</strong></span> <span class='ocrx_word' id='word_1_556' title='bbox 2915 2998 3055 3051; x_wconf 86' lang='lat' dir='ltr'><strong>alius</strong></span> <span class='ocrx_word' id='word_1_557' title='bbox 3105 2996 3245 3052; x_wconf 86' lang='lat' dir='ltr'><strong>Deus</strong></span> <span class='ocrx_word' id='word_1_558' title='bbox 3293 2996 3491 3053; x_wconf 84' lang='lat' dir='ltr'><strong>Filius.</strong></span> 
     </span>
    </p>
   </div>
   <div class='ocr_carea' id='block_1_66' title="bbox 1910 3082 3495 3155">
    <p class='ocr_par' dir='ltr' id='par_1_66' title="bbox 1910 3082 3495 3155">
     <span class='ocr_line' id='line_1_66' title="bbox 1910 3082 3495 3155; baseline 0.003 -17"><span class='ocrx_word' id='word_1_559' title='bbox 1910 3084 2073 3138; x_wconf 70' lang='lat' dir='ltr'><strong>Fsan.</strong></span> <span class='ocrx_word' id='word_1_560' title='bbox 2103 3082 2157 3135; x_wconf 91' lang='lat' dir='ltr'><strong>In</strong></span> <span class='ocrx_word' id='word_1_561' title='bbox 2185 3084 2355 3137; x_wconf 87' lang='lat' dir='ltr'><strong>schol.</strong></span> <span class='ocrx_word' id='word_1_562' title='bbox 2393 3085 2459 3138; x_wconf 90' lang='lat' dir='ltr'><strong>ad</strong></span> <span class='ocrx_word' id='word_1_563' title='bbox 2494 3084 2755 3155; x_wconf 84' lang='lat' dir='ltr'><strong>Euthym.</strong></span> <span class='ocrx_word' id='word_1_564' title='bbox 2785 3084 3112 3153; x_wconf 75' lang='lat' dir='ltr'><strong>Zigabenum</strong></span> <span class='ocrx_word' id='word_1_565' title='bbox 3144 3087 3344 3141; x_wconf 89' lang='lat' dir='ltr'><strong>citatur</strong></span> <span class='ocrx_word' id='word_1_566' title='bbox 3367 3087 3395 3141; x_wconf 85' lang='grc' dir='ltr'><strong>ὁ</strong></span> <span class='ocrx_word' id='word_1_567' title='bbox 3419 3088 3495 3141; x_wconf 75' lang='grc' dir='ltr'><strong>ιι·</strong></span> 
     </span>
    </p>
   </div>
   <div class='ocr_carea' id='block_1_67' title="bbox 1946 3175 3495 3249">
    <p class='ocr_par' dir='ltr' id='par_1_67' title="bbox 1946 3175 3495 3249">
     <span class='ocr_line' id='line_1_67' title="bbox 1946 3175 3495 3249; baseline 0.003 -19"><span class='ocrx_word' id='word_1_568' title='bbox 1946 3182 2005 3238; x_wconf 77' lang='grc' dir='ltr'><strong>ὸς</strong></span> <span class='ocrx_word' id='word_1_569' title='bbox 2038 3176 2132 3230; x_wconf 77' lang='grc' dir='ltr'><strong>καὶ</strong></span> <span class='ocrx_word' id='word_1_570' title='bbox 2161 3176 2335 3246; x_wconf 76' lang='grc' dir='ltr'>μέγας</span> <span class='ocrx_word' id='word_1_571' title='bbox 2368 3175 2648 3239; x_wconf 79' lang='grc' dir='ltr'><strong>Βασίλειος</strong></span> <span class='ocrx_word' id='word_1_572' title='bbox 2677 3177 2733 3228; x_wconf 80' lang='grc' dir='ltr'>ὲν</span> <span class='ocrx_word' id='word_1_573' title='bbox 2762 3179 2874 3239; x_wconf 81' lang='grc' dir='ltr'><strong>τοῖς</strong></span> <span class='ocrx_word' id='word_1_574' title='bbox 2902 3176 3304 3249; x_wconf 81' lang='grc' dir='ltr'><strong>Συλλογισμοίς,</strong></span> <span class='ocrx_word' id='word_1_575' title='bbox 3332 3189 3495 3249; x_wconf 84' lang='lat' dir='ltr'><strong>atque</strong></span> 
     </span>
    </p>
   </div>
   <div class='ocr_carea' id='block_1_68' title="bbox 1917 3267 3487 3339">
    <p class='ocr_par' dir='ltr' id='par_1_68' title="bbox 1917 3267 3487 3339">
     <span class='ocr_line' id='line_1_68' title="bbox 1917 3267 3487 3339; baseline 0.001 -15"><span class='ocrx_word' id='word_1_576' title='bbox 1917 3270 1988 3324; x_wconf 93' lang='lat' dir='ltr'><strong>cl.</strong></span> <span class='ocrx_word' id='word_1_577' title='bbox 2018 3268 2256 3322; x_wconf 64' lang='lat' dir='ltr'><strong>Matthxi</strong></span> <span class='ocrx_word' id='word_1_578' title='bbox 2311 3269 2462 3338; x_wconf 66' lang='lat' dir='ltr'><strong>prmi.</strong></span> <span class='ocrx_word' id='word_1_579' title='bbox 2493 3270 2558 3321; x_wconf 81' lang='lat' dir='ltr'><strong>ad</strong></span> <span class='ocrx_word' id='word_1_580' title='bbox 2587 3267 2750 3323; x_wconf 86' lang='lat' dir='ltr'><strong>Etttlt.</strong></span> <span class='ocrx_word' id='word_1_581' title='bbox 2781 3268 2966 3339; x_wconf 73' lang='lat' dir='ltr'><strong>Zigah.</strong></span> <span class='ocrx_word' id='word_1_582' title='bbox 2992 3282 3287 3325; x_wconf 88' lang='lat' dir='ltr'><strong>comment.</strong></span> <span class='ocrx_word' id='word_1_583' title='bbox 3316 3272 3371 3323; x_wconf 77' lang='lat' dir='ltr'><strong>in</strong></span> <span class='ocrx_word' id='word_1_584' title='bbox 3401 3268 3487 3326; x_wconf 74' lang='lat' dir='ltr'><strong>IV</strong></span> 
     </span>
    </p>
   </div>
   <div class='ocr_carea' id='block_1_69' title="bbox 1908 3358 3493 3429">
    <p class='ocr_par' dir='ltr' id='par_1_69' title="bbox 1908 3358 3493 3429">
     <span class='ocr_line' id='line_1_69' title="bbox 1908 3358 3493 3429; baseline 0.001 -16"><span class='ocrx_word' id='word_1_585' title='bbox 1908 3359 2222 3429; x_wconf 69' lang='lat' dir='ltr'><strong>Evangelia,</strong></span> <span class='ocrx_word' id='word_1_586' title='bbox 2256 3369 2385 3414; x_wconf 90' lang='lat' dir='ltr'><strong>tom.</strong></span> <span class='ocrx_word' id='word_1_587' title='bbox 2414 3360 2450 3423; x_wconf 94' lang='lat' dir='ltr'><strong>I,</strong></span> <span class='ocrx_word' id='word_1_588' title='bbox 2508 3375 2628 3429; x_wconf 73' lang='lat' dir='ltr'><strong>pag.</strong></span> <span class='ocrx_word' id='word_1_589' title='bbox 2662 3358 2748 3424; x_wconf 90' lang='lat'><strong>19,</strong></span> <span class='ocrx_word' id='word_1_590' title='bbox 2788 3369 2900 3413; x_wconf 90' lang='lat' dir='ltr'><strong>not.</strong></span> <span class='ocrx_word' id='word_1_591' title='bbox 2941 3360 2995 3424; x_wconf 89' lang='lat'><strong>9,</strong></span> <span class='ocrx_word' id='word_1_592' title='bbox 3039 3364 3365 3427; x_wconf 64' lang='lat' dir='ltr'><strong>suspicatur,</strong></span> <span class='ocrx_word' id='word_1_593' title='bbox 3407 3360 3493 3415; x_wconf 81' lang='lat' dir='ltr'><strong>in-</strong></span> 
     </span>
    </p>
   </div>
   <div class='ocr_carea' id='block_1_70' title="bbox 1905 3448 3236 3522">
    <p class='ocr_par' dir='ltr' id='par_1_70' title="bbox 1905 3448 3236 3522">
     <span class='ocr_line' id='line_1_70' title="bbox 1905 3448 3236 3522; baseline -0.002 -16"><span class='ocrx_word' id='word_1_594' title='bbox 1905 3453 2067 3522; x_wconf 78' lang='lat' dir='ltr'><strong>telljgi</strong></span> <span class='ocrx_word' id='word_1_595' title='bbox 2094 3452 2311 3514; x_wconf 90' lang='lat' dir='ltr'><strong>librum,</strong></span> <span class='ocrx_word' id='word_1_596' title='bbox 2346 3450 2591 3504; x_wconf 71' lang='lat' dir='ltr'><strong>Rationes</strong></span> <span class='ocrx_word' id='word_1_597' title='bbox 2614 3452 2875 3521; x_wconf 79' lang='lat' dir='ltr'><strong>syllogist.</strong></span> <span class='ocrx_word' id='word_1_598' title='bbox 2907 3461 3016 3505; x_wconf 87' lang='lat' dir='ltr'><strong>etc.</strong></span> <span class='ocrx_word' id='word_1_599' title='bbox 3064 3448 3236 3504; x_wconf 79' lang='grc' dir='ltr'>ΙΙΑιιι..</span> 
     </span>
    </p>
   </div>
   <div class='ocr_carea' id='block_1_71' title="bbox 1975 3539 3478 3611">
    <p class='ocr_par' dir='ltr' id='par_1_71' title="bbox 1975 3539 3478 3611">
     <span class='ocr_line' id='line_1_71' title="bbox 1975 3539 3478 3611; baseline -0.001 -16"><span class='ocrx_word' id='word_1_600' title='bbox 1975 3539 2111 3595; x_wconf 77' lang='lat' dir='ltr'><strong>XXI.</strong></span> <span class='ocrx_word' id='word_1_601' title='bbox 2151 3539 2447 3593; x_wconf 80' lang='lat' dir='ltr'><strong>Phi/acatia</strong></span> <span class='ocrx_word' id='word_1_602' title='bbox 2471 3555 2501 3595; x_wconf 88' lang='lat' dir='ltr'><strong>e</strong></span> <span class='ocrx_word' id='word_1_603' title='bbox 2531 3542 2748 3610; x_wconf 79' lang='lat' dir='ltr'><strong>scriptis</strong></span> <span class='ocrx_word' id='word_1_604' title='bbox 2784 3540 3033 3611; x_wconf 81' lang='lat' dir='ltr'><strong>Origeuis</strong></span> <span class='ocrx_word' id='word_1_605' title='bbox 3081 3542 3408 3595; x_wconf 82' lang='lat' dir='ltr'><strong>concinnata</strong></span> <span class='ocrx_word' id='word_1_606' title='bbox 3449 3555 3478 3594; x_wconf 82' lang='lat' dir='ltr'><strong>a</strong></span> 
     </span>
    </p>
   </div>
   <div class='ocr_carea' id='block_1_72' title="bbox 1900 3629 3477 3704">
    <p class='ocr_par' dir='ltr' id='par_1_72' title="bbox 1900 3629 3477 3704">
     <span class='ocr_line' id='line_1_72' title="bbox 1900 3629 3477 3704; baseline 0.001 -19"><span class='ocrx_word' id='word_1_607' title='bbox 1900 3632 2098 3686; x_wconf 60' lang='lat' dir='ltr'><strong>Basilio</strong></span> <span class='ocrx_word' id='word_1_608' title='bbox 2128 3640 2183 3685; x_wconf 90' lang='lat' dir='ltr'><strong>et</strong></span> <span class='ocrx_word' id='word_1_609' title='bbox 2236 3630 2603 3697; x_wconf 80' lang='lat' dir='ltr'><strong>Nazianzeno,</strong></span> <span class='ocrx_word' id='word_1_610' title='bbox 2650 3642 2706 3685; x_wconf 88' lang='lat' dir='ltr'><strong>ut</strong></span> <span class='ocrx_word' id='word_1_611' title='bbox 2738 3633 2847 3686; x_wconf 72' lang='lat' dir='ltr'><strong>dixi</strong></span> <span class='ocrx_word' id='word_1_612' title='bbox 2896 3632 2988 3685; x_wconf 89' lang='lat' dir='ltr'><strong>lib.</strong></span> <span class='ocrx_word' id='word_1_613' title='bbox 3019 3648 3068 3691; x_wconf 83' lang='grc' dir='ltr'>ν.</span> <span class='ocrx_word' id='word_1_614' title='bbox 3117 3647 3234 3699; x_wconf 84' lang='lat' dir='ltr'><strong>cap.</strong></span> <span class='ocrx_word' id='word_1_615' title='bbox 3269 3631 3289 3686; x_wconf 96' lang='lat'><strong>1</strong></span> <span class='ocrx_word' id='word_1_616' title='bbox 3329 3629 3477 3704; x_wconf 77' lang='lat' dir='ltr'><strong>[pag.</strong></span> 
     </span>
    </p>
   </div>
   <div class='ocr_carea' id='block_1_73' title="bbox 1898 3721 3488 3795">
    <p class='ocr_par' dir='ltr' id='par_1_73' title="bbox 1898 3721 3488 3795">
     <span class='ocr_line' id='line_1_73' title="bbox 1898 3721 3488 3795; baseline -0.002 -18"><span class='ocrx_word' id='word_1_617' title='bbox 1898 3723 1996 3777; x_wconf 78' lang='lat' dir='ltr'><strong>22l</strong></span> <span class='ocrx_word' id='word_1_618' title='bbox 2032 3739 2116 3792; x_wconf 82' lang='lat' dir='ltr'><strong>sq.</strong></span> <span class='ocrx_word' id='word_1_619' title='bbox 2151 3722 2237 3775; x_wconf 78' lang='grc' dir='ltr'><strong>νυΙ</strong></span> <span class='ocrx_word' id='word_1_620' title='bbox 2266 3721 2398 3795; x_wconf 70' lang='lat' dir='ltr'><strong>VII].</strong></span> <span class='ocrx_word' id='word_1_621' title='bbox 2420 3723 2593 3778; x_wconf 59' lang='lat' dir='ltr'><strong>Fusa.</strong></span> <span class='ocrx_word' id='word_1_622' title='bbox 2619 3724 2791 3777; x_wconf 82' lang='lat' dir='ltr'><strong>Codd.</strong></span> <span class='ocrx_word' id='word_1_623' title='bbox 2826 3724 2876 3775; x_wconf 91' lang='lat' dir='ltr'><strong>in</strong></span> <span class='ocrx_word' id='word_1_624' title='bbox 2902 3724 3008 3776; x_wconf 81' lang='lat' dir='ltr'><strong>vol.</strong></span> <span class='ocrx_word' id='word_1_625' title='bbox 3047 3723 3127 3776; x_wconf 76' lang='lat' dir='ltr'><strong>VII</strong></span> <span class='ocrx_word' id='word_1_626' title='bbox 3159 3726 3252 3780; x_wconf 84' lang='lat' dir='ltr'><strong>cit.</strong></span> <span class='ocrx_word' id='word_1_627' title='bbox 3281 3739 3488 3777; x_wconf 77' lang='lat' dir='ltr'><strong>tut-mo-</strong></span> 
     </span>
    </p>
   </div>
   <div class='ocr_carea' id='block_1_74' title="bbox 1906 3814 3481 3888">
    <p class='ocr_par' dir='ltr' id='par_1_74' title="bbox 1906 3814 3481 3888">
     <span class='ocr_line' id='line_1_74' title="bbox 1906 3814 3481 3888; baseline 0 -20"><span class='ocrx_word' id='word_1_628' title='bbox 1906 3815 2040 3869; x_wconf 89' lang='lat' dir='ltr'><strong>ratis</strong></span> <span class='ocrx_word' id='word_1_629' title='bbox 2074 3815 2200 3870; x_wconf 88' lang='lat' dir='ltr'><strong>add.</strong></span> <span class='ocrx_word' id='word_1_630' title='bbox 2251 3818 2375 3869; x_wconf 91' lang='lat' dir='ltr'><strong>cod.</strong></span> <span class='ocrx_word' id='word_1_631' title='bbox 2416 3817 2713 3888; x_wconf 75' lang='lat' dir='ltr'><strong>Augustan.</strong></span> <span class='ocrx_word' id='word_1_632' title='bbox 2759 3815 2971 3871; x_wconf 78' lang='lat' dir='ltr'><strong>Vitulel.</strong></span> <span class='ocrx_word' id='word_1_633' title='bbox 3014 3818 3305 3870; x_wconf 86' lang='lat' dir='ltr'><strong>secundum</strong></span> <span class='ocrx_word' id='word_1_634' title='bbox 3348 3814 3481 3869; x_wconf 76' lang='lat' dir='ltr'><strong>Ilei-</strong></span> 
     </span>
    </p>
   </div>
   <div class='ocr_carea' id='block_1_75' title="bbox 1899 3907 3486 3977">
    <p class='ocr_par' dir='ltr' id='par_1_75' title="bbox 1899 3907 3486 3977">
     <span class='ocr_line' id='line_1_75' title="bbox 1899 3907 3486 3977; baseline 0.001 -16"><span class='ocrx_word' id='word_1_635' title='bbox 1899 3908 2005 3962; x_wconf 87' lang='lat' dir='ltr'><strong>seri</strong></span> <span class='ocrx_word' id='word_1_636' title='bbox 2059 3908 2291 3963; x_wconf 86' lang='lat' dir='ltr'><strong>indicem</strong></span> <span class='ocrx_word' id='word_1_637' title='bbox 2343 3924 2473 3964; x_wconf 84' lang='lat' dir='ltr'><strong>mss.</strong></span> <span class='ocrx_word' id='word_1_638' title='bbox 2526 3907 2657 3963; x_wconf 87' lang='lat' dir='ltr'><strong>bibl.</strong></span> <span class='ocrx_word' id='word_1_639' title='bbox 2690 3907 2940 3977; x_wconf 72' lang='lat' dir='ltr'><strong>August.,</strong></span> <span class='ocrx_word' id='word_1_640' title='bbox 2997 3925 3049 3973; x_wconf 89' lang='lat' dir='ltr'><strong>p.</strong></span> <span class='ocrx_word' id='word_1_641' title='bbox 3082 3908 3169 3961; x_wconf 73' lang='lat'><strong>38.</strong></span> <span class='ocrx_word' id='word_1_642' title='bbox 3220 3908 3393 3971; x_wconf 58' lang='lat' dir='ltr'><strong>meti,</strong></span> <span class='ocrx_word' id='word_1_643' title='bbox 3429 3917 3486 3962; x_wconf 74' lang='lat' dir='ltr'><strong>e&#39;.</strong></span> 
     </span>
    </p>
   </div>
   <div class='ocr_carea' id='block_1_76' title="bbox 1897 4000 3484 4071">
    <p class='ocr_par' dir='ltr' id='par_1_76' title="bbox 1897 4000 3484 4071">
     <span class='ocr_line' id='line_1_76' title="bbox 1897 4000 3484 4071; baseline 0 -16"><span class='ocrx_word' id='word_1_644' title='bbox 1897 4000 2088 4056; x_wconf 77' lang='lat' dir='ltr'><strong>Medic.</strong></span> <span class='ocrx_word' id='word_1_645' title='bbox 2123 4000 2377 4057; x_wconf 78' lang='lat' dir='ltr'><strong>Laurent.</strong></span> <span class='ocrx_word' id='word_1_646' title='bbox 2411 4000 2525 4066; x_wconf 80' lang='lat' dir='ltr'><strong>XV,</strong></span> <span class='ocrx_word' id='word_1_647' title='bbox 2556 4001 2685 4071; x_wconf 91' lang='lat' dir='ltr'><strong>plut.</strong></span> <span class='ocrx_word' id='word_1_648' title='bbox 2716 4000 2771 4063; x_wconf 76' lang='grc'><strong>4,</strong></span> <span class='ocrx_word' id='word_1_649' title='bbox 2818 4001 2872 4053; x_wconf 91' lang='lat' dir='ltr'><strong>in</strong></span> <span class='ocrx_word' id='word_1_650' title='bbox 2907 4014 3014 4068; x_wconf 88' lang='lat' dir='ltr'><strong>quo</strong></span> <span class='ocrx_word' id='word_1_651' title='bbox 3056 4000 3389 4067; x_wconf 53' lang='lat' dir='ltr'><strong>quaestiones</strong></span> <span class='ocrx_word' id='word_1_652' title='bbox 3428 4000 3484 4055; x_wconf 87' lang='lat' dir='ltr'><strong>in</strong></span> 
     </span>
    </p>
   </div>
   <div class='ocr_carea' id='block_1_77' title="bbox 1898 4090 3509 4161">
    <p class='ocr_par' dir='ltr' id='par_1_77' title="bbox 1898 4090 3509 4161">
     <span class='ocr_line' id='line_1_77' title="bbox 1898 4090 3509 4161; baseline 0.002 -17"><span class='ocrx_word' id='word_1_653' title='bbox 1898 4094 2002 4145; x_wconf 90' lang='lat' dir='ltr'><strong>duo</strong></span> <span class='ocrx_word' id='word_1_654' title='bbox 2031 4092 2197 4146; x_wconf 91' lang='lat' dir='ltr'><strong>lihros</strong></span> <span class='ocrx_word' id='word_1_655' title='bbox 2225 4093 2437 4161; x_wconf 75' lang='lat' dir='ltr'><strong>partita:</strong></span> <span class='ocrx_word' id='word_1_656' title='bbox 2459 4103 2619 4156; x_wconf 85' lang='lat' dir='ltr'><strong>sunt;</strong></span> <span class='ocrx_word' id='word_1_657' title='bbox 2656 4091 2814 4160; x_wconf 87' lang='lat' dir='ltr'><strong>primi</strong></span> <span class='ocrx_word' id='word_1_658' title='bbox 2844 4090 2963 4145; x_wconf 91' lang='lat' dir='ltr'><strong>libri</strong></span> <span class='ocrx_word' id='word_1_659' title='bbox 2995 4093 3325 4161; x_wconf 70' lang='lat' dir='ltr'><strong>quaestiones</strong></span> <span class='ocrx_word' id='word_1_660' title='bbox 3360 4092 3509 4147; x_wconf 83' lang='lat' dir='ltr'><strong>suut‘</strong></span> 
     </span>
    </p>
   </div>
   <div class='ocr_carea' id='block_1_78' title="bbox 1898 4181 3485 4254">
    <p class='ocr_par' dir='ltr' id='par_1_78' title="bbox 1898 4181 3485 4254">
     <span class='ocr_line' id='line_1_78' title="bbox 1898 4181 3485 4254; baseline 0.001 -16"><span class='ocrx_word' id='word_1_661' title='bbox 1898 4184 2041 4245; x_wconf 82' lang='lat' dir='ltr'><strong>XXI,</strong></span> <span class='ocrx_word' id='word_1_662' title='bbox 2070 4184 2290 4237; x_wconf 87' lang='lat' dir='ltr'><strong>secundi</strong></span> <span class='ocrx_word' id='word_1_663' title='bbox 2338 4194 2515 4237; x_wconf 88' lang='lat' dir='ltr'><strong>autem</strong></span> <span class='ocrx_word' id='word_1_664' title='bbox 2556 4181 2691 4248; x_wconf 86' lang='lat' dir='ltr'><strong>XII;</strong></span> <span class='ocrx_word' id='word_1_665' title='bbox 2745 4184 3073 4237; x_wconf 83' lang='lat' dir='ltr'><strong>adnotantur</strong></span> <span class='ocrx_word' id='word_1_666' title='bbox 3111 4199 3327 4254; x_wconf 91' lang='lat' dir='ltr'><strong>quoque</strong></span> <span class='ocrx_word' id='word_1_667' title='bbox 3370 4184 3485 4239; x_wconf 82' lang='lat' dir='ltr'><strong>suis</strong></span> 
     </span>
    </p>
   </div>
   <div class='ocr_carea' id='block_1_79' title="bbox 1898 4273 3472 4344">
    <p class='ocr_par' dir='ltr' id='par_1_79' title="bbox 1898 4273 3472 4344">
     <span class='ocr_line' id='line_1_79' title="bbox 1898 4273 3472 4344; baseline 0.001 -18"><span class='ocrx_word' id='word_1_668' title='bbox 1898 4273 2030 4327; x_wconf 83' lang='lat' dir='ltr'><strong>locis</strong></span> <span class='ocrx_word' id='word_1_669' title='bbox 2066 4289 2211 4328; x_wconf 78' lang='lat' dir='ltr'><strong>varia</strong></span> <span class='ocrx_word' id='word_1_670' title='bbox 2234 4274 2481 4341; x_wconf 79' lang='lat' dir='ltr'><strong>()rigeuis</strong></span> <span class='ocrx_word' id='word_1_671' title='bbox 2511 4288 2697 4343; x_wconf 86' lang='lat' dir='ltr'><strong>opera,</strong></span> <span class='ocrx_word' id='word_1_672' title='bbox 2731 4289 2761 4328; x_wconf 88' lang='lat' dir='ltr'><strong>e</strong></span> <span class='ocrx_word' id='word_1_673' title='bbox 2786 4276 2987 4344; x_wconf 88' lang='lat' dir='ltr'><strong>quibus</strong></span> <span class='ocrx_word' id='word_1_674' title='bbox 3022 4276 3375 4328; x_wconf 81' lang='lat' dir='ltr'><strong>auctoritates</strong></span> <span class='ocrx_word' id='word_1_675' title='bbox 3404 4275 3472 4328; x_wconf 86' lang='lat' dir='ltr'><strong>ad</strong></span> 
     </span>
    </p>
   </div>
   <div class='ocr_carea' id='block_1_80' title="bbox 1899 4365 3463 4436">
    <p class='ocr_par' dir='ltr' id='par_1_80' title="bbox 1899 4365 3463 4436">
     <span class='ocr_line' id='line_1_80' title="bbox 1899 4365 3463 4436; baseline -0.001 -16"><span class='ocrx_word' id='word_1_676' title='bbox 1899 4367 2180 4420; x_wconf 81' lang='lat' dir='ltr'><strong>solvendas</strong></span> <span class='ocrx_word' id='word_1_677' title='bbox 2239 4369 2568 4436; x_wconf 64' lang='lat' dir='ltr'><strong>questiones</strong></span> <span class='ocrx_word' id='word_1_678' title='bbox 2628 4379 2851 4436; x_wconf 75' lang='lat' dir='ltr'><strong>sumpta:</strong></span> <span class='ocrx_word' id='word_1_679' title='bbox 2897 4376 3044 4421; x_wconf 73' lang='lat' dir='ltr'><strong>sntit.</strong></span> <span class='ocrx_word' id='word_1_680' title='bbox 3095 4365 3160 4419; x_wconf 90' lang='lat' dir='ltr'><strong>V.</strong></span> <span class='ocrx_word' id='word_1_681' title='bbox 3200 4368 3350 4433; x_wconf 84' lang='lat' dir='ltr'><strong>plura</strong></span> <span class='ocrx_word' id='word_1_682' title='bbox 3410 4366 3463 4419; x_wconf 91' lang='lat' dir='ltr'><strong>in</strong></span> 
     </span>
    </p>
   </div>
   <div class='ocr_carea' id='block_1_81' title="bbox 1900 4456 3469 4527">
    <p class='ocr_par' dir='ltr' id='par_1_81' title="bbox 1900 4456 3469 4527">
     <span class='ocr_line' id='line_1_81' title="bbox 1900 4456 3469 4527; baseline 0.001 -17"><span class='ocrx_word' id='word_1_683' title='bbox 1900 4456 2127 4512; x_wconf 83' lang='lat' dir='ltr'><strong>Baudini</strong></span> <span class='ocrx_word' id='word_1_684' title='bbox 2165 4458 2282 4512; x_wconf 82' lang='lat' dir='ltr'><strong>Cat.</strong></span> <span class='ocrx_word' id='word_1_685' title='bbox 2340 4460 2490 4513; x_wconf 83' lang='lat' dir='ltr'><strong>codd.</strong></span> <span class='ocrx_word' id='word_1_686' title='bbox 2532 4460 2625 4515; x_wconf 84' lang='lat' dir='ltr'><strong>Gr.</strong></span> <span class='ocrx_word' id='word_1_687' title='bbox 2662 4459 2847 4524; x_wconf 62' lang='lat' dir='ltr'><strong>Tanta,</strong></span> <span class='ocrx_word' id='word_1_688' title='bbox 2883 4457 2924 4521; x_wconf 85' lang='grc' dir='ltr'><strong>Ι,</strong></span> <span class='ocrx_word' id='word_1_689' title='bbox 2960 4475 3080 4527; x_wconf 68' lang='lat' dir='ltr'><strong>pag.</strong></span> <span class='ocrx_word' id='word_1_690' title='bbox 3107 4457 3229 4512; x_wconf 60' lang='lat'><strong>540.</strong></span> <span class='ocrx_word' id='word_1_691' title='bbox 3294 4458 3346 4511; x_wconf 90' lang='lat' dir='ltr'><strong>In</strong></span> <span class='ocrx_word' id='word_1_692' title='bbox 3378 4458 3469 4512; x_wconf 88' lang='lat' dir='ltr'><strong>ed.</strong></span> 
     </span>
    </p>
   </div>
   <div class='ocr_carea' id='block_1_82' title="bbox 216 4518 1799 4629">
    <p class='ocr_par' dir='ltr' id='par_1_82' title="bbox 216 4518 1795 4603">
     <span class='ocr_line' id='line_1_82' title="bbox 216 4518 1795 4603; baseline 0.001 -21"><span class='ocrx_word' id='word_1_693' title='bbox 216 4529 441 4593; x_wconf 60' lang='lat' dir='ltr'><strong>Cra&#39;ca’,</strong></span> <span class='ocrx_word' id='word_1_694' title='bbox 472 4546 523 4599; x_wconf 88' lang='lat' dir='ltr'><strong>p.</strong></span> <span class='ocrx_word' id='word_1_695' title='bbox 568 4530 755 4586; x_wconf 78' lang='lat'><strong>28-57.</strong></span> <span class='ocrx_word' id='word_1_696' title='bbox 801 4529 991 4601; x_wconf 90' lang='lat' dir='ltr'><strong>Incipit</strong></span> <span class='ocrx_word' id='word_1_697' title='bbox 1026 4550 1039 4585; x_wconf 91' lang='lat'><strong>:</strong></span> <span class='ocrx_word' id='word_1_698' title='bbox 1070 4533 1145 4585; x_wconf 83' lang='grc' dir='ltr'>υὺ</span> <span class='ocrx_word' id='word_1_699' title='bbox 1186 4518 1346 4586; x_wconf 72' lang='grc' dir='ltr'>λυπεῖ</span> <span class='ocrx_word' id='word_1_700' title='bbox 1388 4549 1455 4603; x_wconf 87' lang='grc' dir='ltr'>με</span> <span class='ocrx_word' id='word_1_701' title='bbox 1494 4531 1795 4594; x_wconf 74' lang='grc' dir='ltr'><strong>ἐλάττωσις</strong></span> 
     </span>
    </p>
   </div>
   <div class='ocr_carea' id='block_1_83' title="bbox 1907 4518 3477 4629">
    <p class='ocr_par' dir='ltr' id='par_1_83' title="bbox 1907 4548 3477 4621">
     <span class='ocr_line' id='line_1_83' title="bbox 1907 4548 3477 4621; baseline 0.002 -18"><span class='ocrx_word' id='word_1_702' title='bbox 1907 4548 2087 4603; x_wconf 89' lang='lat' dir='ltr'><strong>Tariui</strong></span> <span class='ocrx_word' id='word_1_703' title='bbox 2124 4552 2283 4606; x_wconf 82' lang='lat' dir='ltr'><strong>unico</strong></span> <span class='ocrx_word' id='word_1_704' title='bbox 2316 4561 2519 4605; x_wconf 89' lang='lat' dir='ltr'><strong>tantum</strong></span> <span class='ocrx_word' id='word_1_705' title='bbox 2551 4552 2711 4615; x_wconf 87' lang='lat' dir='ltr'><strong>libro,</strong></span> <span class='ocrx_word' id='word_1_706' title='bbox 2746 4552 2797 4604; x_wconf 90' lang='lat' dir='ltr'><strong>lu</strong></span> <span class='ocrx_word' id='word_1_707' title='bbox 2827 4565 2950 4604; x_wconf 74' lang='lat' dir='ltr'><strong>xm</strong></span> <span class='ocrx_word' id='word_1_708' title='bbox 2972 4565 3126 4621; x_wconf 85' lang='lat' dir='ltr'><strong>capp.</strong></span> <span class='ocrx_word' id='word_1_709' title='bbox 3163 4551 3477 4613; x_wconf 88' lang='lat' dir='ltr'><strong>distributo.</strong></span> 
     </span>
    </p>
   </div>
   <div class='ocr_carea' id='block_1_84' title="bbox 214 4620 1799 4711">
    <p class='ocr_par' dir='ltr' id='par_1_84' title="bbox 214 4620 1799 4695">
     <span class='ocr_line' id='line_1_84' title="bbox 214 4620 1799 4695; baseline 0.003 -22"><span class='ocrx_word' id='word_1_710' title='bbox 214 4620 325 4674; x_wconf 85' lang='grc' dir='ltr'><strong>τῶν</strong></span> <span class='ocrx_word' id='word_1_711' title='bbox 356 4620 738 4676; x_wconf 84' lang='grc' dir='ltr'><strong>συνελθόντων.</strong></span> <span class='ocrx_word' id='word_1_712' title='bbox 766 4621 916 4677; x_wconf 78' lang='lat' dir='ltr'><strong>lianc</strong></span> <span class='ocrx_word' id='word_1_713' title='bbox 943 4638 1155 4692; x_wconf 85' lang='lat' dir='ltr'><strong>quoque</strong></span> <span class='ocrx_word' id='word_1_714' title='bbox 1182 4622 1263 4695; x_wconf 68' lang='lat' dir='ltr'><strong>[ut</strong></span> <span class='ocrx_word' id='word_1_715' title='bbox 1292 4621 1648 4695; x_wconf 84' lang='lat' dir='ltr'><strong>superiorem]</strong></span> <span class='ocrx_word' id='word_1_716' title='bbox 1674 4635 1799 4677; x_wconf 88' lang='lat' dir='ltr'><strong>ante</strong></span> 
     </span>
    </p>
   </div>
   <div class='ocr_carea' id='block_1_85' title="bbox 1907 4620 3479 4711">
    <p class='ocr_par' dir='ltr' id='par_1_85' title="bbox 1907 4620 3479 4711">
     <span class='ocr_line' id='line_1_85' title="bbox 1907 4620 3479 4711; baseline 0 -16"><span class='ocrx_word' id='word_1_717' title='bbox 1907 4643 2211 4696; x_wconf 82' lang='lat' dir='ltr'><strong>continetur</strong></span> <span class='ocrx_word' id='word_1_718' title='bbox 2251 4641 2564 4696; x_wconf 81' lang='lat' dir='ltr'><strong>Pliilocalia.</strong></span> <span class='ocrx_word' id='word_1_719' title='bbox 2600 4641 2783 4694; x_wconf 77' lang='lat' dir='ltr'><strong>Turini</strong></span> <span class='ocrx_word' id='word_1_720' title='bbox 2816 4642 2925 4704; x_wconf 90' lang='lat' dir='ltr'><strong>ed.,</strong></span> <span class='ocrx_word' id='word_1_721' title='bbox 2952 4620 3111 4711; x_wconf 86' lang='lat' dir='ltr'><strong>quam</strong></span> <span class='ocrx_word' id='word_1_722' title='bbox 3151 4642 3201 4694; x_wconf 90' lang='lat' dir='ltr'><strong>in</strong></span> <span class='ocrx_word' id='word_1_723' title='bbox 3231 4640 3479 4695; x_wconf 86' lang='lat' dir='ltr'><strong>manibus</strong></span> 
     </span>
    </p>
   </div>
   <div class='ocr_carea' id='block_1_86' title="bbox 215 4712 1798 4785">
    <p class='ocr_par' dir='ltr' id='par_1_86' title="bbox 215 4712 1798 4785">
     <span class='ocr_line' id='line_1_86' title="bbox 215 4712 1798 4785; baseline 0.002 -19"><span class='ocrx_word' id='word_1_724' title='bbox 215 4712 547 4767; x_wconf 89' lang='lat' dir='ltr'><strong>Cotelerium</strong></span> <span class='ocrx_word' id='word_1_725' title='bbox 577 4725 815 4770; x_wconf 74' lang='lat' dir='ltr'><strong>verterat</strong></span> <span class='ocrx_word' id='word_1_726' title='bbox 851 4714 1153 4785; x_wconf 85' lang='lat' dir='ltr'><strong>Latineque</strong></span> <span class='ocrx_word' id='word_1_727' title='bbox 1184 4716 1432 4769; x_wconf 84' lang='lat' dir='ltr'><strong>ediderat</strong></span> <span class='ocrx_word' id='word_1_728' title='bbox 1467 4715 1798 4769; x_wconf 85' lang='lat' dir='ltr'><strong>Franciscus</strong></span> 
     </span>
    </p>
   </div>
   <div class='ocr_carea' id='block_1_87' title="bbox 214 4804 1795 4878">
    <p class='ocr_par' dir='ltr' id='par_1_87' title="bbox 214 4804 1795 4878">
     <span class='ocr_line' id='line_1_87' title="bbox 214 4804 1795 4878; baseline 0.002 -18"><span class='ocrx_word' id='word_1_729' title='bbox 214 4804 579 4863; x_wconf 85' lang='lat' dir='ltr'><strong>Comhelisius</strong></span> <span class='ocrx_word' id='word_1_730' title='bbox 606 4808 658 4861; x_wconf 91' lang='lat' dir='ltr'><strong>in</strong></span> <span class='ocrx_word' id='word_1_731' title='bbox 692 4807 1011 4863; x_wconf 71' lang='lat' dir='ltr'><strong>Ecclesiaste</strong></span> <span class='ocrx_word' id='word_1_732' title='bbox 1036 4807 1243 4874; x_wconf 64' lang='grc' dir='ltr'><strong>(ἐνίει-ο,</strong></span> <span class='ocrx_word' id='word_1_733' title='bbox 1274 4810 1362 4878; x_wconf 87' lang='lat' dir='ltr'><strong>qui</strong></span> <span class='ocrx_word' id='word_1_734' title='bbox 1394 4808 1507 4863; x_wconf 80' lang='lat' dir='ltr'><strong>loca</strong></span> <span class='ocrx_word' id='word_1_735' title='bbox 1550 4810 1795 4878; x_wconf 68' lang='lat' dir='ltr'><strong>quaedam</strong></span> 
     </span>
    </p>
   </div>
   <div class='ocr_carea' id='block_1_88' title="bbox 214 4896 1567 4967">
    <p class='ocr_par' dir='ltr' id='par_1_88' title="bbox 214 4896 1567 4967">
     <span class='ocr_line' id='line_1_88' title="bbox 214 4896 1567 4967; baseline 0.004 -17"><span class='ocrx_word' id='word_1_736' title='bbox 214 4896 365 4951; x_wconf 82' lang='lat' dir='ltr'><strong>illius</strong></span> <span class='ocrx_word' id='word_1_737' title='bbox 398 4896 629 4951; x_wconf 89' lang='lat' dir='ltr'><strong>illustrat</strong></span> <span class='ocrx_word' id='word_1_738' title='bbox 664 4909 794 4951; x_wconf 91' lang='lat' dir='ltr'><strong>tom.</strong></span> <span class='ocrx_word' id='word_1_739' title='bbox 830 4897 845 4951; x_wconf 98' lang='lat'>|</span> <span class='ocrx_word' id='word_1_740' title='bbox 873 4897 1065 4951; x_wconf 85' lang='lat' dir='ltr'><strong>Basilii</strong></span> <span class='ocrx_word' id='word_1_741' title='bbox 1106 4900 1363 4962; x_wconf 85' lang='lat' dir='ltr'><strong>recensiti,</strong></span> <span class='ocrx_word' id='word_1_742' title='bbox 1395 4915 1447 4967; x_wconf 92' lang='lat' dir='ltr'><strong>p.</strong></span> <span class='ocrx_word' id='word_1_743' title='bbox 1478 4899 1567 4955; x_wconf 89' lang='lat'><strong>2|.</strong></span> 
     </span>
    </p>
   </div>
   <div class='ocr_carea' id='block_1_89' title="bbox 289 4985 1791 5061">
    <p class='ocr_par' dir='ltr' id='par_1_89' title="bbox 289 4985 1791 5061">
     <span class='ocr_line' id='line_1_89' title="bbox 289 4985 1791 5061; baseline 0.002 -19"><span class='ocrx_word' id='word_1_744' title='bbox 289 4985 431 5043; x_wconf 78' lang='lat' dir='ltr'><strong>XIX.</strong></span> <span class='ocrx_word' id='word_1_745' title='bbox 468 4988 545 5041; x_wconf 82' lang='lat' dir='ltr'><strong>Ad</strong></span> <span class='ocrx_word' id='word_1_746' title='bbox 582 4991 972 5057; x_wconf 79' lang='lat' dir='ltr'><strong>Apollinarium</strong></span> <span class='ocrx_word' id='word_1_747' title='bbox 1020 4991 1257 5059; x_wconf 72' lang='lat' dir='ltr'><strong>epistolz‘e</strong></span> <span class='ocrx_word' id='word_1_748' title='bbox 1289 4992 1427 5055; x_wconf 68' lang='lat' dir='ltr'><strong>dum,</strong></span> <span class='ocrx_word' id='word_1_749' title='bbox 1470 5007 1682 5061; x_wconf 87' lang='lat' dir='ltr'><strong>unaque</strong></span> <span class='ocrx_word' id='word_1_750' title='bbox 1728 4992 1791 5045; x_wconf 87' lang='lat' dir='ltr'><strong>ad</strong></span> 
     </span>
    </p>
   </div>
   <div class='ocr_carea' id='block_1_90' title="bbox 214 5081 1793 5153">
    <p class='ocr_par' dir='ltr' id='par_1_90' title="bbox 214 5081 1793 5153">
     <span class='ocr_line' id='line_1_90' title="bbox 214 5081 1793 5153; baseline 0.001 -17"><span class='ocrx_word' id='word_1_751' title='bbox 214 5081 501 5136; x_wconf 84' lang='lat' dir='ltr'><strong>Libaniutn</strong></span> <span class='ocrx_word' id='word_1_752' title='bbox 532 5100 544 5135; x_wconf 89' lang='lat'><strong>:</strong></span> <span class='ocrx_word' id='word_1_753' title='bbox 587 5084 652 5135; x_wconf 88' lang='lat' dir='ltr'><strong>ad</strong></span> <span class='ocrx_word' id='word_1_754' title='bbox 693 5083 1053 5138; x_wconf 88' lang='lat' dir='ltr'><strong>Theodosium</strong></span> <span class='ocrx_word' id='word_1_755' title='bbox 1090 5084 1220 5153; x_wconf 92' lang='lat' dir='ltr'><strong>imp.</strong></span> <span class='ocrx_word' id='word_1_756' title='bbox 1252 5099 1379 5147; x_wconf 84' lang='lat' dir='ltr'><strong>una,</strong></span> <span class='ocrx_word' id='word_1_757' title='bbox 1418 5096 1473 5139; x_wconf 88' lang='lat' dir='ltr'><strong>et</strong></span> <span class='ocrx_word' id='word_1_758' title='bbox 1501 5087 1618 5139; x_wconf 74' lang='lat' dir='ltr'><strong>dure</strong></span> <span class='ocrx_word' id='word_1_759' title='bbox 1654 5101 1793 5139; x_wconf 86' lang='lat' dir='ltr'><strong>com-</strong></span> 
     </span>
    </p>
   </div>
   <div class='ocr_carea' id='block_1_91' title="bbox 214 5174 1791 5237">
    <p class='ocr_par' dir='ltr' id='par_1_91' title="bbox 214 5174 1791 5237">
     <span class='ocr_line' id='line_1_91' title="bbox 214 5174 1791 5237; baseline 0.002 -9"><span class='ocrx_word' id='word_1_760' title='bbox 214 5174 549 5228; x_wconf 66' lang='lat' dir='ltr'><strong>mendatitiw</strong></span> <span class='ocrx_word' id='word_1_761' title='bbox 580 5174 645 5227; x_wconf 89' lang='lat' dir='ltr'><strong>ad</strong></span> <span class='ocrx_word' id='word_1_762' title='bbox 680 5175 967 5237; x_wconf 87' lang='lat' dir='ltr'><strong>incertum,</strong></span> <span class='ocrx_word' id='word_1_763' title='bbox 1009 5177 1195 5231; x_wconf 66' lang='lat' dir='ltr'><strong>Graece</strong></span> <span class='ocrx_word' id='word_1_764' title='bbox 1232 5186 1286 5229; x_wconf 84' lang='lat' dir='ltr'><strong>et</strong></span> <span class='ocrx_word' id='word_1_765' title='bbox 1318 5176 1512 5231; x_wconf 83' lang='lat' dir='ltr'><strong>Latine</strong></span> <span class='ocrx_word' id='word_1_766' title='bbox 1540 5178 1695 5231; x_wconf 75' lang='lat' dir='ltr'><strong>edita:</strong></span> <span class='ocrx_word' id='word_1_767' title='bbox 1727 5179 1791 5231; x_wconf 87' lang='lat' dir='ltr'><strong>ab</strong></span> 
     </span>
    </p>
   </div>
   <div class='ocr_carea' id='block_1_92' title="bbox 213 5265 1786 5338">
    <p class='ocr_par' dir='ltr' id='par_1_92' title="bbox 213 5265 1786 5338">
     <span class='ocr_line' id='line_1_92' title="bbox 213 5265 1786 5338; baseline 0.002 -17"><span class='ocrx_word' id='word_1_768' title='bbox 213 5270 408 5321; x_wconf 89' lang='lat' dir='ltr'><strong>eodem</strong></span> <span class='ocrx_word' id='word_1_769' title='bbox 437 5265 707 5320; x_wconf 85' lang='lat' dir='ltr'><strong>Cotelerio</strong></span> <span class='ocrx_word' id='word_1_770' title='bbox 754 5276 882 5319; x_wconf 92' lang='lat' dir='ltr'><strong>tom.</strong></span> <span class='ocrx_word' id='word_1_771' title='bbox 913 5267 952 5321; x_wconf 94' lang='lat' dir='ltr'><strong>ll</strong></span> <span class='ocrx_word' id='word_1_772' title='bbox 988 5266 1376 5321; x_wconf 79' lang='lat' dir='ltr'><strong>Manumentor.</strong></span> <span class='ocrx_word' id='word_1_773' title='bbox 1423 5284 1542 5338; x_wconf 74' lang='lat' dir='ltr'><strong>pug.</strong></span> <span class='ocrx_word' id='word_1_774' title='bbox 1572 5268 1641 5323; x_wconf 65' lang='lat'><strong>84</strong></span> <span class='ocrx_word' id='word_1_775' title='bbox 1672 5284 1786 5337; x_wconf 86' lang='lat' dir='ltr'><strong>seq.</strong></span> 
     </span>
    </p>
   </div>
   <div class='ocr_carea' id='block_1_93' title="bbox 214 5356 1788 5427">
    <p class='ocr_par' dir='ltr' id='par_1_93' title="bbox 214 5356 1788 5427">
     <span class='ocr_line' id='line_1_93' title="bbox 214 5356 1788 5427; baseline 0.004 -20"><span class='ocrx_word' id='word_1_776' title='bbox 214 5373 322 5409; x_wconf 84' lang='lat' dir='ltr'><strong>una</strong></span> <span class='ocrx_word' id='word_1_777' title='bbox 360 5372 482 5410; x_wconf 89' lang='lat' dir='ltr'><strong>cum</strong></span> <span class='ocrx_word' id='word_1_778' title='bbox 533 5356 852 5424; x_wconf 82' lang='lat' dir='ltr'><strong>Apollinarii</strong></span> <span class='ocrx_word' id='word_1_779' title='bbox 899 5359 1061 5415; x_wconf 88' lang='lat' dir='ltr'><strong>binis.</strong></span> <span class='ocrx_word' id='word_1_780' title='bbox 1092 5360 1426 5427; x_wconf 83' lang='lat' dir='ltr'><strong>totidemque</strong></span> <span class='ocrx_word' id='word_1_781' title='bbox 1478 5358 1688 5414; x_wconf 86' lang='lat' dir='ltr'><strong>Libauii</strong></span> <span class='ocrx_word' id='word_1_782' title='bbox 1723 5362 1788 5413; x_wconf 83' lang='lat' dir='ltr'><strong>atl</strong></span> 
     </span>
    </p>
   </div>
   <div class='ocr_carea' id='block_1_94' title="bbox 216 5446 1783 5521">
    <p class='ocr_par' dir='ltr' id='par_1_94' title="bbox 216 5446 1783 5521">
     <span class='ocr_line' id='line_1_94' title="bbox 216 5446 1783 5521; baseline 0.006 -23"><span class='ocrx_word' id='word_1_783' title='bbox 216 5446 480 5500; x_wconf 80' lang='lat' dir='ltr'><strong>Basilium</strong></span> <span class='ocrx_word' id='word_1_784' title='bbox 514 5448 753 5516; x_wconf 85' lang='lat' dir='ltr'><strong>epistolis</strong></span> <span class='ocrx_word' id='word_1_785' title='bbox 784 5458 836 5500; x_wconf 88' lang='lat' dir='ltr'><strong>et</strong></span> <span class='ocrx_word' id='word_1_786' title='bbox 870 5463 974 5501; x_wconf 84' lang='lat' dir='ltr'><strong>una</strong></span> <span class='ocrx_word' id='word_1_787' title='bbox 1011 5451 1077 5503; x_wconf 88' lang='lat' dir='ltr'><strong>ad</strong></span> <span class='ocrx_word' id='word_1_788' title='bbox 1109 5452 1356 5504; x_wconf 88' lang='lat' dir='ltr'><strong>eumdem</strong></span> <span class='ocrx_word' id='word_1_789' title='bbox 1394 5452 1783 5521; x_wconf 80' lang='lat' dir='ltr'><strong>Amphilochii.</strong></span> 
     </span>
    </p>
   </div>
   <div class='ocr_carea' id='block_1_95' title="bbox 214 5534 1790 5612">
    <p class='ocr_par' dir='ltr' id='par_1_95' title="bbox 214 5534 1790 5612">
     <span class='ocr_line' id='line_1_95' title="bbox 214 5534 1790 5612; baseline 0.006 -23"><span class='ocrx_word' id='word_1_790' title='bbox 214 5534 608 5602; x_wconf 82' lang='lat' dir='ltr'><strong>Paris.,168l,</strong></span> <span class='ocrx_word' id='word_1_791' title='bbox 658 5538 711 5591; x_wconf 74' lang='grc' dir='ltr'><strong>ιι.</strong></span> <span class='ocrx_word' id='word_1_792' title='bbox 762 5537 1031 5606; x_wconf 84' lang='lat' dir='ltr'><strong>Epistolas</strong></span> <span class='ocrx_word' id='word_1_793' title='bbox 1092 5551 1305 5595; x_wconf 87' lang='lat' dir='ltr'><strong>mutuas</strong></span> <span class='ocrx_word' id='word_1_794' title='bbox 1364 5542 1679 5612; x_wconf 77' lang='lat' dir='ltr'><strong>Apollinarii</strong></span> <span class='ocrx_word' id='word_1_795' title='bbox 1736 5554 1790 5598; x_wconf 90' lang='lat' dir='ltr'><strong>et</strong></span> 
     </span>
    </p>
   </div>
   <div class='ocr_carea' id='block_1_96' title="bbox 288 5697 1785 5770">
    <p class='ocr_par' dir='ltr' id='par_1_96' title="bbox 288 5697 1785 5770">
     <span class='ocr_line' id='line_1_96' title="bbox 288 5697 1785 5770; baseline 0.008 -23"><span class='ocrx_word' id='word_1_796' title='bbox 288 5697 365 5765; x_wconf 82' lang='lat' dir='ltr'><strong>la)</strong></span> <span class='ocrx_word' id='word_1_797' title='bbox 397 5697 516 5770; x_wconf 81' lang='lat' dir='ltr'><strong>sec.</strong></span> <span class='ocrx_word' id='word_1_798' title='bbox 548 5708 656 5753; x_wconf 82' lang='lat' dir='ltr'><strong>vet.</strong></span> <span class='ocrx_word' id='word_1_799' title='bbox 684 5701 770 5753; x_wconf 86' lang='lat' dir='ltr'><strong>ed.</strong></span> <span class='ocrx_word' id='word_1_800' title='bbox 824 5698 1118 5770; x_wconf 65' lang='lat' dir='ltr'><strong>lugolstad.</strong></span> <span class='ocrx_word' id='word_1_801' title='bbox 1158 5717 1208 5754; x_wconf 82' lang='lat' dir='ltr'><strong>a.</strong></span> <span class='ocrx_word' id='word_1_802' title='bbox 1239 5702 1565 5765; x_wconf 64' lang='lat'><strong>16014604,</strong></span> <span class='ocrx_word' id='word_1_803' title='bbox 1603 5706 1695 5759; x_wconf 88' lang='lat' dir='ltr'><strong>sed</strong></span> <span class='ocrx_word' id='word_1_804' title='bbox 1735 5707 1785 5759; x_wconf 92' lang='lat' dir='ltr'><strong>in</strong></span> 
     </span>
    </p>
   </div>
   <div class='ocr_carea' id='block_1_97' title="bbox 209 5768 1783 5841">
    <p class='ocr_par' dir='ltr' id='par_1_97' title="bbox 209 5768 1783 5841">
     <span class='ocr_line' id='line_1_97' title="bbox 209 5768 1783 5841; baseline 0.005 -20"><span class='ocrx_word' id='word_1_805' title='bbox 209 5768 464 5841; x_wconf 63' lang='lat' dir='ltr'><strong>Basuagii</strong></span> <span class='ocrx_word' id='word_1_806' title='bbox 494 5770 714 5837; x_wconf 87' lang='lat' dir='ltr'><strong>repetita</strong></span> <span class='ocrx_word' id='word_1_807' title='bbox 754 5768 1066 5838; x_wconf 76' lang='lat' dir='ltr'><strong>mutataque</strong></span> <span class='ocrx_word' id='word_1_808' title='bbox 1094 5782 1147 5825; x_wconf 85' lang='lat' dir='ltr'><strong>et</strong></span> <span class='ocrx_word' id='word_1_809' title='bbox 1171 5784 1329 5824; x_wconf 85' lang='lat' dir='ltr'><strong>aucta</strong></span> <span class='ocrx_word' id='word_1_810' title='bbox 1362 5774 1448 5826; x_wconf 90' lang='lat' dir='ltr'><strong>ed.</strong></span> <span class='ocrx_word' id='word_1_811' title='bbox 1487 5774 1783 5841; x_wconf 82' lang='lat' dir='ltr'><strong>inscripta:</strong></span> 
     </span>
    </p>
   </div>
   <div class='ocr_carea' id='block_1_98' title="bbox 214 5838 1783 5901">
    <p class='ocr_par' dir='ltr' id='par_1_98' title="bbox 214 5838 1783 5901">
     <span class='ocr_line' id='line_1_98' title="bbox 214 5838 1783 5901; baseline 0.005 -8"><span class='ocrx_word' id='word_1_812' title='bbox 214 5838 517 5893; x_wconf 62' lang='lat' dir='ltr'><strong>Thesaurus</strong></span> <span class='ocrx_word' id='word_1_813' title='bbox 563 5853 1015 5895; x_wconf 83' lang='lat' dir='ltr'><strong>monumentorum</strong></span> <span class='ocrx_word' id='word_1_814' title='bbox 1073 5842 1357 5896; x_wconf 84' lang='lat' dir='ltr'><strong>ecclesiast.</strong></span> <span class='ocrx_word' id='word_1_815' title='bbox 1410 5854 1458 5897; x_wconf 89' lang='lat' dir='ltr'><strong>et</strong></span> <span class='ocrx_word' id='word_1_816' title='bbox 1506 5838 1783 5901; x_wconf 76' lang='lat' dir='ltr'><strong>historico-</strong></span> 
     </span>
    </p>
   </div>
   <div class='ocr_carea' id='block_1_99' title="bbox 1904 4729 3475 4802">
    <p class='ocr_par' dir='ltr' id='par_1_99' title="bbox 1904 4729 3475 4802">
     <span class='ocr_line' id='line_1_99' title="bbox 1904 4729 3475 4802; baseline -0.001 -17"><span class='ocrx_word' id='word_1_817' title='bbox 1904 4732 2097 4797; x_wconf 81' lang='lat' dir='ltr'><strong>ltabeo,</strong></span> <span class='ocrx_word' id='word_1_818' title='bbox 2128 4735 2383 4802; x_wconf 79' lang='lat' dir='ltr'><strong>inscripta</strong></span> <span class='ocrx_word' id='word_1_819' title='bbox 2417 4744 2499 4787; x_wconf 79' lang='lat' dir='ltr'><strong>est</strong></span> <span class='ocrx_word' id='word_1_820' title='bbox 2544 4751 2557 4786; x_wconf 89' lang='lat'><strong>:</strong></span> <span class='ocrx_word' id='word_1_821' title='bbox 2604 4730 2841 4802; x_wconf 79' lang='lat' dir='ltr'><strong>Origenis</strong></span> <span class='ocrx_word' id='word_1_822' title='bbox 2880 4732 3185 4785; x_wconf 77' lang='lat' dir='ltr'><strong>Adamantii</strong></span> <span class='ocrx_word' id='word_1_823' title='bbox 3217 4729 3475 4783; x_wconf 76' lang='lat' dir='ltr'><strong>Philoco-</strong></span> 
     </span>
    </p>
   </div>
   <div class='ocr_carea' id='block_1_100' title="bbox 1899 4819 3474 4891">
    <p class='ocr_par' dir='ltr' id='par_1_100' title="bbox 1899 4819 3474 4891">
     <span class='ocr_line' id='line_1_100' title="bbox 1899 4819 3474 4891; baseline 0 -16"><span class='ocrx_word' id='word_1_824' title='bbox 1899 4823 1993 4888; x_wconf 87' lang='lat' dir='ltr'><strong>lia,</strong></span> <span class='ocrx_word' id='word_1_825' title='bbox 2027 4829 2090 4879; x_wconf 87' lang='lat' dir='ltr'><strong>de</strong></span> <span class='ocrx_word' id='word_1_826' title='bbox 2131 4825 2365 4878; x_wconf 84' lang='lat' dir='ltr'><strong>obscuris</strong></span> <span class='ocrx_word' id='word_1_827' title='bbox 2415 4824 2471 4877; x_wconf 88' lang='lat' dir='ltr'><strong>S.</strong></span> <span class='ocrx_word' id='word_1_828' title='bbox 2508 4822 2795 4891; x_wconf 72' lang='lat' dir='ltr'><strong>Scriptum</strong></span> <span class='ocrx_word' id='word_1_829' title='bbox 2834 4824 2981 4882; x_wconf 76' lang='lat' dir='ltr'><strong>locis,</strong></span> <span class='ocrx_word' id='word_1_830' title='bbox 3026 4840 3057 4875; x_wconf 90' lang='lat' dir='ltr'><strong>a</strong></span> <span class='ocrx_word' id='word_1_831' title='bbox 3091 4819 3149 4876; x_wconf 88' lang='lat' dir='ltr'><strong>S.</strong></span> <span class='ocrx_word' id='word_1_832' title='bbox 3198 4821 3259 4875; x_wconf 93' lang='lat' dir='ltr'><strong>S.</strong></span> <span class='ocrx_word' id='word_1_833' title='bbox 3306 4819 3370 4874; x_wconf 85' lang='grc' dir='ltr'><strong>Ρ.</strong></span> <span class='ocrx_word' id='word_1_834' title='bbox 3406 4819 3474 4875; x_wconf 80' lang='lat'><strong>1’.</strong></span> 
     </span>
    </p>
   </div>
   <div class='ocr_carea' id='block_1_101' title="bbox 1897 4912 3474 4985">
    <p class='ocr_par' dir='ltr' id='par_1_101' title="bbox 1897 4912 3474 4985">
     <span class='ocr_line' id='line_1_101' title="bbox 1897 4912 3474 4985; baseline -0.002 -16"><span class='ocrx_word' id='word_1_835' title='bbox 1897 4914 2097 4969; x_wconf 85' lang='lat' dir='ltr'><strong>Basilio</strong></span> <span class='ocrx_word' id='word_1_836' title='bbox 2128 4916 2201 4969; x_wconf 81' lang='grc' dir='ltr'><strong>Μ.</strong></span> <span class='ocrx_word' id='word_1_837' title='bbox 2248 4928 2301 4970; x_wconf 84' lang='lat' dir='ltr'><strong>et</strong></span> <span class='ocrx_word' id='word_1_838' title='bbox 2326 4914 2575 4985; x_wconf 73' lang='lat' dir='ltr'><strong>Gregorio</strong></span> <span class='ocrx_word' id='word_1_839' title='bbox 2619 4916 2901 4983; x_wconf 74' lang='lat' dir='ltr'><strong>Theulogo,</strong></span> <span class='ocrx_word' id='word_1_840' title='bbox 2950 4930 3014 4967; x_wconf 75' lang='lat' dir='ltr'><strong>ex</strong></span> <span class='ocrx_word' id='word_1_841' title='bbox 3041 4916 3195 4967; x_wconf 86' lang='lat' dir='ltr'><strong>variis</strong></span> <span class='ocrx_word' id='word_1_842' title='bbox 3228 4912 3474 4983; x_wconf 78' lang='lat' dir='ltr'><strong>Origenis</strong></span> 
     </span>
    </p>
   </div>
   <div class='ocr_carea' id='block_1_102' title="bbox 1899 5002 3476 5073">
    <p class='ocr_par' dir='ltr' id='par_1_102' title="bbox 1899 5002 3476 5073">
     <span class='ocr_line' id='line_1_102' title="bbox 1899 5002 3476 5073; baseline 0.001 -16"><span class='ocrx_word' id='word_1_843' title='bbox 1899 5007 2291 5059; x_wconf 83' lang='lat' dir='ltr'><strong>commentariis</strong></span> <span class='ocrx_word' id='word_1_844' title='bbox 2318 5018 2577 5073; x_wconf 72' lang='lat' dir='ltr'><strong>excerpta.</strong></span> <span class='ocrx_word' id='word_1_845' title='bbox 2602 5036 2672 5048; x_wconf 90' lang='lat'><strong><em>—</em></strong></span> <span class='ocrx_word' id='word_1_846' title='bbox 2700 5003 2894 5059; x_wconf 87' lang='lat' dir='ltr'><strong>Omnia</strong></span> <span class='ocrx_word' id='word_1_847' title='bbox 2932 5022 3066 5059; x_wconf 84' lang='lat' dir='ltr'><strong>nunc</strong></span> <span class='ocrx_word' id='word_1_848' title='bbox 3093 5006 3312 5072; x_wconf 80' lang='lat' dir='ltr'><strong>primum</strong></span> <span class='ocrx_word' id='word_1_849' title='bbox 3333 5002 3476 5058; x_wconf 77' lang='lat' dir='ltr'><strong>Crte-</strong></span> 
     </span>
    </p>
   </div>
   <div class='ocr_carea' id='block_1_103' title="bbox 1899 5094 3471 5166">
    <p class='ocr_par' dir='ltr' id='par_1_103' title="bbox 1899 5094 3471 5166">
     <span class='ocr_line' id='line_1_103' title="bbox 1899 5094 3471 5166; baseline -0.001 -17"><span class='ocrx_word' id='word_1_850' title='bbox 1899 5112 1956 5149; x_wconf 86' lang='lat' dir='ltr'><strong>ce</strong></span> <span class='ocrx_word' id='word_1_851' title='bbox 1978 5096 2117 5149; x_wconf 84' lang='lat' dir='ltr'><strong>edita</strong></span> <span class='ocrx_word' id='word_1_852' title='bbox 2146 5112 2211 5151; x_wconf 74' lang='lat' dir='ltr'><strong>ex</strong></span> <span class='ocrx_word' id='word_1_853' title='bbox 2244 5097 2367 5151; x_wconf 87' lang='lat' dir='ltr'><strong>bibl.</strong></span> <span class='ocrx_word' id='word_1_854' title='bbox 2415 5095 2595 5166; x_wconf 77' lang='lat' dir='ltr'><strong>Regia,</strong></span> <span class='ocrx_word' id='word_1_855' title='bbox 2646 5113 2803 5166; x_wconf 86' lang='lat' dir='ltr'><strong>opera</strong></span> <span class='ocrx_word' id='word_1_856' title='bbox 2831 5108 2876 5151; x_wconf 86' lang='lat' dir='ltr'><strong>et</strong></span> <span class='ocrx_word' id='word_1_857' title='bbox 2925 5098 3099 5151; x_wconf 82' lang='lat' dir='ltr'><strong>studio</strong></span> <span class='ocrx_word' id='word_1_858' title='bbox 3147 5096 3236 5150; x_wconf 83' lang='lat' dir='ltr'><strong>Jo.</strong></span> <span class='ocrx_word' id='word_1_859' title='bbox 3266 5094 3471 5159; x_wconf 78' lang='lat' dir='ltr'><strong>Turini,</strong></span> 
     </span>
    </p>
   </div>
   <div class='ocr_carea' id='block_1_104' title="bbox 1898 5185 3469 5259">
    <p class='ocr_par' dir='ltr' id='par_1_104' title="bbox 1898 5185 3469 5259">
     <span class='ocr_line' id='line_1_104' title="bbox 1898 5185 3469 5259; baseline -0.001 -20"><span class='ocrx_word' id='word_1_860' title='bbox 1898 5188 2183 5257; x_wconf 81' lang='lat' dir='ltr'><strong>Andegavi,</strong></span> <span class='ocrx_word' id='word_1_861' title='bbox 2214 5190 2303 5259; x_wconf 87' lang='lat' dir='ltr'><strong>qui</strong></span> <span class='ocrx_word' id='word_1_862' title='bbox 2324 5201 2367 5243; x_wconf 82' lang='lat' dir='ltr'><strong>et</strong></span> <span class='ocrx_word' id='word_1_863' title='bbox 2397 5188 2589 5243; x_wconf 89' lang='lat' dir='ltr'><strong>Latina</strong></span> <span class='ocrx_word' id='word_1_864' title='bbox 2619 5190 2740 5257; x_wconf 79' lang='lat' dir='ltr'><strong>fecit</strong></span> <span class='ocrx_word' id='word_1_865' title='bbox 2777 5201 2823 5243; x_wconf 88' lang='lat' dir='ltr'><strong>et</strong></span> <span class='ocrx_word' id='word_1_866' title='bbox 2863 5191 2998 5242; x_wconf 86' lang='lat' dir='ltr'><strong>notis</strong></span> <span class='ocrx_word' id='word_1_867' title='bbox 3034 5188 3336 5240; x_wconf 74' lang='lat' dir='ltr'><strong>illustrat-it.</strong></span> <span class='ocrx_word' id='word_1_868' title='bbox 3362 5185 3469 5241; x_wconf 90' lang='lat' dir='ltr'><strong>Lu-</strong></span> 
     </span>
    </p>
   </div>
   <div class='ocr_carea' id='block_1_105' title="bbox 1899 5278 3471 5352">
    <p class='ocr_par' dir='ltr' id='par_1_105' title="bbox 1899 5278 3471 5352">
     <span class='ocr_line' id='line_1_105' title="bbox 1899 5278 3471 5352; baseline -0.001 -19"><span class='ocrx_word' id='word_1_869' title='bbox 1899 5288 1992 5333; x_wconf 89' lang='lat' dir='ltr'><strong>tet.</strong></span> <span class='ocrx_word' id='word_1_870' title='bbox 2035 5278 2207 5335; x_wconf 84' lang='lat' dir='ltr'><strong>Paris.</strong></span> <span class='ocrx_word' id='word_1_871' title='bbox 2257 5298 2343 5350; x_wconf 85' lang='lat' dir='ltr'><strong>ap.</strong></span> <span class='ocrx_word' id='word_1_872' title='bbox 2392 5282 2602 5336; x_wconf 74' lang='lat' dir='ltr'><strong>Sebast.</strong></span> <span class='ocrx_word' id='word_1_873' title='bbox 2636 5282 2934 5352; x_wconf 85' lang='lat' dir='ltr'><strong>Cramoisy.</strong></span> <span class='ocrx_word' id='word_1_874' title='bbox 2978 5279 3134 5340; x_wconf 70' lang='lat'><strong>1624.</strong></span> <span class='ocrx_word' id='word_1_875' title='bbox 3166 5282 3221 5334; x_wconf 67' lang='grc'><strong>4.</strong></span> <span class='ocrx_word' id='word_1_876' title='bbox 3288 5280 3471 5334; x_wconf 80' lang='lat' dir='ltr'><strong>Additi</strong></span> 
     </span>
    </p>
   </div>
   <div class='ocr_carea' id='block_1_106' title="bbox 1895 5370 3476 5437">
    <p class='ocr_par' dir='ltr' id='par_1_106' title="bbox 1895 5370 3476 5437">
     <span class='ocr_line' id='line_1_106' title="bbox 1895 5370 3476 5437; baseline 0 -16"><span class='ocrx_word' id='word_1_877' title='bbox 1895 5375 2022 5422; x_wconf 86' lang='lat' dir='ltr'><strong>sunt</strong></span> <span class='ocrx_word' id='word_1_878' title='bbox 2079 5370 2197 5422; x_wconf 87' lang='lat' dir='ltr'><strong>libri</strong></span> <span class='ocrx_word' id='word_1_879' title='bbox 2234 5371 2512 5427; x_wconf 73' lang='lat' dir='ltr'><strong>Zacharia:</strong></span> <span class='ocrx_word' id='word_1_880' title='bbox 2564 5372 2881 5427; x_wconf 81' lang='lat' dir='ltr'><strong>Scholastici</strong></span> <span class='ocrx_word' id='word_1_881' title='bbox 2920 5372 2993 5425; x_wconf 84' lang='lat' dir='ltr'><strong>De</strong></span> <span class='ocrx_word' id='word_1_882' title='bbox 3029 5372 3211 5423; x_wconf 85' lang='lat' dir='ltr'><strong>mundi</strong></span> <span class='ocrx_word' id='word_1_883' title='bbox 3263 5370 3476 5437; x_wconf 80' lang='lat' dir='ltr'><strong>opiﬁcio</strong></span> 
     </span>
    </p>
   </div>
   <div class='ocr_carea' id='block_1_107' title="bbox 1896 5462 3466 5535">
    <p class='ocr_par' dir='ltr' id='par_1_107' title="bbox 1896 5462 3466 5535">
     <span class='ocr_line' id='line_1_107' title="bbox 1896 5462 3466 5535; baseline 0.003 -23"><span class='ocrx_word' id='word_1_884' title='bbox 1896 5471 2087 5516; x_wconf 72' lang='lat' dir='ltr'><strong>contra</strong></span> <span class='ocrx_word' id='word_1_885' title='bbox 2120 5464 2468 5532; x_wconf 88' lang='lat' dir='ltr'><strong>philosophos</strong></span> <span class='ocrx_word' id='word_1_886' title='bbox 2505 5467 2744 5535; x_wconf 83' lang='lat' dir='ltr'><strong>disput.;</strong></span> <span class='ocrx_word' id='word_1_887' title='bbox 2796 5464 3095 5526; x_wconf 81' lang='lat' dir='ltr'><strong>Anastasii,</strong></span> <span class='ocrx_word' id='word_1_888' title='bbox 3139 5462 3466 5533; x_wconf 77' lang='lat' dir='ltr'><strong>presbyteri.</strong></span> 
     </span>
    </p>
   </div>
   <div class='ocr_carea' id='block_1_108' title="bbox 1898 5552 3467 5628">
    <p class='ocr_par' dir='ltr' id='par_1_108' title="bbox 1898 5552 3467 5628">
     <span class='ocr_line' id='line_1_108' title="bbox 1898 5552 3467 5628; baseline 0 -23"><span class='ocrx_word' id='word_1_889' title='bbox 1898 5552 1971 5606; x_wconf 89' lang='lat' dir='ltr'><strong>De</strong></span> <span class='ocrx_word' id='word_1_890' title='bbox 2000 5554 2226 5608; x_wconf 83' lang='lat' dir='ltr'><strong>hominis</strong></span> <span class='ocrx_word' id='word_1_891' title='bbox 2253 5558 2320 5608; x_wconf 87' lang='lat' dir='ltr'><strong>ad</strong></span> <span class='ocrx_word' id='word_1_892' title='bbox 2361 5558 2636 5628; x_wconf 86' lang='lat' dir='ltr'><strong>imaginem</strong></span> <span class='ocrx_word' id='word_1_893' title='bbox 2664 5557 2759 5611; x_wconf 85' lang='lat' dir='ltr'><strong>Dei</strong></span> <span class='ocrx_word' id='word_1_894' title='bbox 2789 5557 3051 5610; x_wconf 85' lang='lat' dir='ltr'><strong>creatione</strong></span> <span class='ocrx_word' id='word_1_895' title='bbox 3073 5554 3209 5608; x_wconf 82' lang='lat' dir='ltr'><strong>liber</strong></span> <span class='ocrx_word' id='word_1_896' title='bbox 3238 5563 3292 5608; x_wconf 88' lang='lat' dir='ltr'><strong>et</strong></span> <span class='ocrx_word' id='word_1_897' title='bbox 3319 5553 3467 5608; x_wconf 69' lang='grc' dir='ltr'><strong>θειο-</strong></span> 
     </span>
    </p>
   </div>
   <div class='ocr_carea' id='block_1_109' title="bbox 1894 5714 3449 5841">
    <p class='ocr_par' dir='ltr' id='par_1_109' title="bbox 1894 5714 3449 5841">
     <span class='ocr_line' id='line_1_109' title="bbox 1894 5714 3449 5841; baseline 0.01 -77"><span class='ocrx_word' id='word_1_898' title='bbox 2052 5717 2343 5841; x_wconf 40' lang='lat' dir='ltr'><strong>axina.</strong></span> <span class='ocrx_word' id='word_1_899' title='bbox 2375 5720 2415 5785; x_wconf 90' lang='lat' dir='ltr'><strong>l,</strong></span> <span class='ocrx_word' id='word_1_900' title='bbox 2444 5718 2672 5776; x_wconf 82' lang='lat' dir='ltr'><strong>Amstel.</strong></span> <span class='ocrx_word' id='word_1_901' title='bbox 2712 5718 2873 5783; x_wconf 83' lang='lat'><strong>1725.</strong></span> <span class='ocrx_word' id='word_1_902' title='bbox 2895 5716 3009 5784; x_wconf 83' lang='lat' dir='ltr'><strong>t‘ol.,</strong></span> <span class='ocrx_word' id='word_1_903' title='bbox 3037 5733 3093 5773; x_wconf 89' lang='grc' dir='ltr'><strong>ιι.</strong></span> <span class='ocrx_word' id='word_1_904' title='bbox 3120 5715 3173 5785; x_wconf 88' lang='lat'><strong>6,</strong></span> <span class='ocrx_word' id='word_1_905' title='bbox 3201 5732 3321 5788; x_wconf 71' lang='lat' dir='ltr'><strong>pag.</strong></span> <span class='ocrx_word' id='word_1_906' title='bbox 3348 5714 3449 5779; x_wconf 72' lang='grc'><strong>169</strong></span> 
     </span>
    </p>
   </div>
  </div>
