4046 6488
1925 444 2455 497 PROLEGUMENA.

562 564 653 620 hic
681 560 1017 632 appellantur
1050 560 1335 634 ém'ripta;
1366 566 1682 634 namhmulto
1710 559 2333 634 pluresinveniebantnr
2372 561 2882 634 descriptteinuno
2924 564 3110 618 codice
3140 579 3299 633 quam
3337 563 3390 617 ln
3438 563 3660 634 reliquis
3696 564 3798 620 tri-

563 634 687 696 bus,
712 631 1106 702 apparebatque
1152 631 1212 685 in'
1236 633 1410 702 pmnis
1446 631 1545 685 illis
1578 633 1871 684 diversitas
1905 632 2153 699 loquendi
2190 647 2219 683 a
2247 632 2437 698 primis
2464 641 2517 684 et
2547 631 2923 685 nonnullarum
2962 631 3260 687 dictionum
3297 636 3523 694 novitas.
3558 631 3799 689 vnecnon

564 704 823 756 vocabula
860 705 1099 773 quaedam
1134 703 1417 771 peregrina
1447 712 1501 773 et
1546 702 1883 773 vulgariaab
1916 716 1980 754 eo
2036 702 2151 773 loco
2208 702 2401 773 legere
2437 702 2843 770 incipiebamus.
2900 704 2988 757 tibi
3047 704 3273 757 aliorum
3326 705 3570 758 codicum
3625 719 3799 773 parum

568 774 907 836 desinebant,
939 772 1056 826 haec
1087 784 1288 834 tamen,
1326 774 1464 842 sicut
1493 772 1542 826 in
1572 771 1661 824 illo
1691 772 1873 824 codice
1926 771 2249 834 invenimus,
2291 772 2341 823 in
2379 771 2480 823 fine
2526 773 2694 838 posita
2727 785 2871 838 sunt,
2898 789 2963 828 ne
2994 775 3121 839 quid
3153 776 3364 828 deesset
3409 773 3492 826 his
3517 774 3604 842 qui
3629 771 3798 828 etiam

568 842 768 896 talibus
797 854 943 896 recte
971 845 1045 895 Uti
1082 851 1367 896 nm'erunt.
1405 840 1809 895 Observabatur
1845 843 2060 909 insuper
2099 842 2352 894 nonnulla
2386 842 2677 893 diversitas
2710 858 2849 898 nunc
2879 847 3190 904 verborum,
3224 860 3366 897 nunc
3402 840 3795 897 sententiarum

568 914 710 966 inter
745 914 857 982 ipsa
890 914 1241 980 exemplaria,
1272 927 1375 979 qua
1406 913 1456 965 in
1489 926 1543 963 re
1578 912 1829 980 quamvis
1864 913 2033 982 tutius
2067 912 2339 966 videretur
2370 914 3027 982 propositumrulrumque
3058 916 3333 977 servandi,
3376 924 3430 967 et
3469 913 3518 965 in
3551 915 3797 982 margine

565 981 933 1042 describendi,
965 994 1019 1033 ut
1048 984 1211 1035 libera
1242 982 1469 1053 facultas
1503 984 1723 1033 daretur
1744 982 1943 1053 tectori
1975 981 2203 1053 eligendi
2240 983 2604 1053 quodvellet;
2638 981 2765 1050 quia
2801 994 2976 1037 tamen
3006 989 3108 1038 hoc
3134 986 3186 1037 in
3228 985 3421 1053 primis
3450 983 3609 1051 hujus
3642 981 3796 1037 volu—

566 1053 728 1106 tninis
754 1053 961 1123 paginis
1002 1055 1162 1123 nimis
1219 1052 1377 1105 anxie
1418 1062 1689 1123 servatum
1737 1050 1905 1123 fuisse
1950 1052 2269 1123 quibusdam
2314 1052 2617 1123 videbatur,
2672 1066 2785 1105 rent
2824 1057 2894 1105 ita
2926 1053 3199 1123 tdeinceps
3229 1050 3692 1123 temperavimus,
3738 1063 3797 1107 ut

565 1123 803 1175 adhibita
830 1120 1370 1189 majori-diligentia,
1428 1122 1604 1192 minus
1638 1135 1779 1187 saepe
1820 1122 1871 1173 itt
1912 1121 2132 1192 reliquis
2169 1121 2269 1173 hoc
2322 1120 2502 1175 facere
2540 1137 2885 1192 cogeremur.
2925 1120 3307 1178 Verumtamen
3362 1120 3539 1191 neque
3596 1123 3650 1176 itt
3709 1124 3795 1179 his

561 1206 740 1262 neque
780 1193 833 1244 in
883 1192 1003 1245 aliis
1060 1206 1294 1262 unquam
1354 1190 1777 1258 suppletionibus
1834 1190 2036 1243 nostris
2066 1198 2157 1242 aut
2199 1190 2664 1247 emendationibus
2707 1194 2869 1246 etiam
2906 1192 3233 1262 syllabarum
3263 1194 3347 1248 vel
3395 1190 3791 1248 elementorum

564 1261 840 1332 proprium
867 1277 1083 1315 sensum
1125 1261 1294 1314 secuti
1319 1276 1528 1332 sumus,
1566 1262 1658 1314 sed
1689 1262 2379 1332 exemplariorum_tantum
2408 1262 2562 1315 fidem
2598 1272 2760 1332 atque
2787 1261 3133 1317 consensum.
3168 1266 3273 1319 Sed
3297 1276 3350 1318 et
3387 1264 3436 1317 in
3468 1263 3792 1331 quibusdam

560 1328 773 1395 eorum,
800 1331 843 1385 si
884 1347 987 1399 qua
1025 1332 1308 1400 aliquando
1333 1331 1485 1385 nobis
1518 1341 1705 1383 exorta
1750 1330 2059 1394 (lillicultas,
2083 1328 2165 1381 vel
2197 1344 2316 1397 qua;
2355 1345 2456 1384 non
2488 1328 2775 1386 admodum
2831 1333 2963 1388 levis
2995 1334 3265 1389 videretur
3294 1328 3559 1388 dubitatio
3597 1348 3795 1388 occur-

557 1402 740 1465 risset,
773 1402 911 1454 idem
944 1404 1278 1455 servavimus
1313 1416 1325 1452 :
1360 1415 1479 1453 nam
1506 1401 1788 1455 confestim
1820 1404 2233 1471 rerurrebamus
2254 1400 2333 1471 ad
2359 1400 2479 1471 viva
2504 1404 2857 1471 exemplaria,
2892 1404 2993 1458 hoc
3024 1414 3106 1457 est
3143 1405 3207 1458 ad
3244 1405 3391 1458 viros
3416 1404 3661 1459 eruditos
3686 1419 3793 1458 non

556 1471 735 1525 solum
780 1472 973 1525 litteris
1013 1486 1077 1525 ac
1107 1472 1409 1544 linguarum
1442 1471 1869 1544 peritia,verum
1900 1472 2063 1523 etiam
2104 1469 2205 1544 sub
2248 1469 2375 1538 jugo
2408 1468 2608 1544 Christi
2648 1468 2701 1527 et
2753 1475 2803 1527 in
2836 1468 3092 1544 religione
3137 1475 3353 1528 assidua
3399 1474 3794 1529 exercitatione

561 1551 802 1596 versatos
835 1560 848 1593 :
884 1543 1245 1614 quostoptinte
1291 1542 1441 1614 novit
1468 1541 1745 1609 diligitque
1778 1541 1943 1614 etiam
1977 1540 2273 1614 paternitas
2305 1548 2415 1592 tua.
2478 1540 2599 1614 llasc
2628 1553 2804 1614 tamen
2841 1540 3097 1614 non'jideo
3132 1545 3359 1599 dicimus
3386 1551 3509 1614 quia
3558 1546 3795 1598 arbitre-

559 1626 683 1682 ntur
717 1626 814 1666 nos
845 1612 937 1682 tali
966 1609 1241 1682 diligentia
1266 1611 1445 1663 omnia
1474 1620 1767 1673 assccutos,
1796 1609 1879 1661 vel
1904 1610 2046 1676 qttod
2080 1609 2393 1682 ignoremus
2411 1612 2600 1682 adhuc
2632 1613 2921 1679 plurimum
2961 1613 3061 1665 loci
3104 1609 3485 1679 remanere,—in
3523 1630 3633 1682 quo
3664 1627 3790 1669 sese

558 1681 787 1734 aliorum
818 1681 1081 1735 industria
1110 1688 1231 1747 post
1263 1690 1488 1752 conatus
1518 1678 2207 1752 nosuosexercere‘possit
2246 1694 2343 1752 pro
2398 1679 2597 1752 Christi
2636 1678 2806 1752 gloria
2841 1693 2895 1736 et
2924 1683 3153 1751 proximi
3190 1678 3419 1738 utilitate
3450 1699 3463 1735 :
3496 1678 3686 1738 verum
3720 1685 3792 1737 ita

554 1765 1063 1812 commemoramus,
1098 1760 1153 1801 ut
1186 1764 1283 1819 per
1310 1764 1371 1802 ea
1405 1749 1613 1821 aliquos
1639 1750 1936 1803 excitemus
1960 1748 2411 1821 adtaemulandum
2437 1764 2535 1803 nos
2561 1748 2694 1821 bona
2714 1748 3080 1817 aemulatione,
3108 1766 3567 1821 provocemusqne
3590 1752 3792 1808 fratres

554 1830 771 1875 nostros
795 1823 862 1873 ad
890 1822 942 1872 id
975 1834 1099 1892 cum
1134 1818 1396 1892 charitatg
1444 1819 1794 1892 supplendum
1820 1828 1885 1892 et
1911 1818 2283 1892 corrigendum
2332 1819 2384 1892 in
2431 1834 2539 1887 quo
2587 1819 2720 1890 lapsi
2749 1837 2954 1877 sumus.
2988 1818 3156 1892 Igitur
3188 1824 3301 1892 hate
3331 1824 3399 1873 ita
3438 1818 3498 1877 se
3542 1824 3786 1889 habent;

556 1905 698 1943 nunc
727 1900 937 1960 caetera
962 1888 1310 1953 explicemus.
1350 1888 1496 1958 Opus
1523 1893 1695 1958 ipsunt
1722 1889 1985 1943 dividitur
2013 1889 2063 1942 in
2098 1898 2279 1956 partes
2303 1890 2504 1959 plures,
2539 1888 2862 1946 sed'melius
2893 1901 2978 1947 est
3016 1888 3082 1944 ut
3128 1891 3275 1960 prius
3316 1902 3485 1944 totum
3535 1893 3785 1948 volumen

554 1960 873 2015 dividamus.
924 1959 976 2011 In
1033 1964 1134 2013 Itoc
1167 1960 1441 2013 volumine
1487 1960 1585 2012 tria
1619 1973 1779 2027 opera
1815 1960 2177 2022 continentur,
2210 1962 2349 2012 inter
2390 1975 2447 2014 se
2473 1961 2687 2027 quidem
2732 1963 2968 2025 diversa,
3004 1959 3243 2028 ejusdem
3292 1971 3467 2013 tamen
3527 1965 3787 2023 auctoris.

552 2030 798 2083 videlicet
823 2030 1049 2100 primum
1067 2030 1173 2081 τῶν
1196 2028 1528 2099 ἀσκητικῶν,
1560 2032 1853 2083 secundum
1894 2028 1966 2080 De
2002 2030 2323 2100 virginitate,
2356 2033 2572 2083 tertium
2597 2042 2779 2084 contra
2809 2031 3146 2085 Eunomium.
3182 2029 3358 2085 Primo
3374 2031 3793 2100 operiannexus

555 2110 637 2154 cst
668 2108 933 2170 tractatus
969 2099 1277 2153 Ethicorum
1302 2098 1555 2153 collectus
1591 2101 1927 2170 potissimum
1952 2112 2018 2170 ex
2052 2098 2339 2170 Evangelio
2368 2111 2421 2153 et
2443 2101 2721 2169 Apostolo.
2750 2102 3002 2157 Secundo
3034 2102 3107 2155 De
3137 2098 3435 2169 virginitate
3476 2102 3791 2170 adjungitur

555 2185 735 2242 sermo
773 2168 849 2222 De
871 2170 1137 2242 paradiso.
1164 2166 1780 2242 'l‘ertiotadditu‘r'etiam
1817 2167 2019 2233 aliquid
2065 2168 2124 2242 in
2160 2166 2263 2221 fine
2289 2180 2472 2242 contra
2495 2166 2863 2242 'Sabellianos,
2896 2188 3014 2242 qua:
3046 2166 3232 2242 omnia
3264 2173 3341 2242 ab,
3382 2173 3482 2225 hoc
3516 2166 3789 2242 Apont'ilice

556 2239 725 2313 fuisse
755 2240 1052 2313 composita
1083 2254 1255 2313 nemo
1273 2240 1499 2313 dubitat.
1542 2239 1616 2313 [_)e
1649 2242 1821 2313 primo
1863 2246 1922 2313 et
1952 2238 2114 2313 tertio
2142 2241 2384 2313 meminit
2425 2242 2614 2313 beatus
2642 2238 2999 2313 Hieronymus
3030 2243 3082 2295 in
3134 2240 3267 2295 libro
3311 2241 3389 2295 De
3419 2238 3787 2295 ecclesiasticis

552 2310 915 2382 scriptoribus.
947 2309 1029 2382 ‘De
1054 2310 1511 2382 secundobeatus
1537 2305 1833 2382 Gregorius
1857 2305 2235 2382 Nazianzenus
2266 2310 2320 2382 in_
2368 2310 2615 2382 laudibus
2658 2305 2859 2366 Basilii'
2896 2314 3000 2375 sui,
3034 2327 3345 2382 quanquam
3393 2327 3491 2366 nec
3548 2316 3787 2380 primum

550 2379 624 2433 ibi
646 2376 1032 2455 tacetomttino
1056 2394 1155 2433 nec
1188 2381 1405 2455 tertium
1435 2397 1447 2431 :
1482 2380 1606 2433 dum
1639 2379 1865 2455 alterunt
1891 2393 2148 2455 npaxrtxt

2201 2394 2249 2443 ς,
2274 2378 2499 2432 alterum
2516 2381 2934 2455 ἀπιρρητικοὺς
2962 2376 3153 2455 λόγίους
3181 2376 3408 2455 appellat
3436 2376 3793 2455 κᾳὶ’σοδομι-

548 2449 702 2533 τικὸγ
733 2447 864 2519 πῦρ.
902 2448 1087 2535 itaqtie
1116 2459 1173 2503 ut
1201 2450 1264 2535 ad
1289 2450 1523 2535 primum
1548 2450 1862 2535 redeamus,
1890 2447 2009 2518 post
2029 2449 2146 2535 pro!

2194 2462 2311 2517 gum
2345 2447 2707 2535 et‘nonn'ull'o's
2734 2447 3017 2508 sermones
3036 2447 3373 2535 emeritos;
3399 2452 3495 2535 κςιὶ
3526 2447 3792 2535 παραβι-

549 2519 737 2582 τικούς
762 2518 1004 2589 sequitur
1037 2520 1338 2586 homologia
1386 2518 1660 2589 catholicae
1691 2519 1846 2587 fidei;
1898 2529 2018 2587 post
2069 2520 2208 2572 banc
2236 2526 2497 2572 tractatus
2542 2518 2845 2576 Ethicurum
2875 2537 3035 2589 quem
3076 2518 3330 2589 diximus,
3362 2528 3446 2576 cui
3492 2518 3792 2579 succedunt

549 2593 712 2644 etiam
742 2588 831 2662 alii
862 2603 1136 2643 sermoaes
1163 2588 1634 2662 ἀσκητικοίηὶῃᾴρ
1665 2598 1853 2645 auctor
1883 2603 2147 2662 peraeque

2192 2602 2213 2642 5
2266 2597 2555 2662 tractatum
2575 2590 2682 2662 -τῆς
2716 2588 3025 2662 ὰσκήσὲως,
3059 2608 3154 2662 per
3204 2588 3681 2661 interrogationem
3736 2603 3790 2647 ct

553 2658 961 2729 responsionem
994 2672 1114 2711 eum
1163 2657 1410 2712 bifariam
1444 2659 1668 2729 dividit;
1701 2672 1823 2710 nam
1854 2660 2027 2729 primo
2070 2658 2178 2727 agit
2217 2672 2331 2729 rein
2381 2657 2656 2729 copiosius
2706 2674 2799 2728 per
2846 2657 3229 2726 "responsiones
3293 2676 3387 2713 seu
3413 2657 3791 2718 ‘defiuitiones

553 2726 815 2797 quasdam
852 2727 1095 2791 latiores,
1126 2743 1285 2796 quam
1318 2736 1520 2795 partem
1551 2727 1664 2793 ipse
1709 2726 1938 2794 appellat
1970 2726 2129 2798 690w,
2163 2727 2305 2779 κατὰ
2338 2726 2562 2789 πλάτος.
2606 2726 2842 2782 secundo
2890 2731 3220 2783 contractius
3262 2745 3357 2797 per
3404 2733 3790 2798 responsiones

551 2798 849 2860 breviores,
872 2798 1019 2868 hanc
1055 2807 1204 2851 vocat
1232 2799 1349 2851 κατ’
1376 2798 1638 2868 ἐπιτομήν
1670 2814 1684 2850 :
1731 2801 1884 2854 tertio
1915 2799 2031 2852 loco
2071 2812 2149 2867 pm

2186 2809 2340 2851 untur
2374 2798 2644 2862 διατάξεις
2676 2813 2810 2865 quas
2852 2798 3036 2851 dicere
3070 2798 3302 2868 solemus
3342 2802 3784 2868 constitutiones,

553 2870 709 2922 valde
754 2867 970 2934 quidem
1024 2869 1182 2922 utiles
1236 2880 1291 2923 et
1341 2866 1661 2922 necessaria:
1697 2879 1808 2923 tum
1861 2866 2139 2933 solitariis,
2176 2879 2287 2921 tum
2332 2870 2494 2922 etiam
2548 2869 2850 2923 cmnobitis.
2903 2868 3160 2935 Sequitur
3193 2866 3387 2920 deinde
3444 2870 3675 2937 epistola
3722 2874 3786 2923 ad

553 2939 832 3009 Cltilmtem
868 2938 1107 3005 ejusdem
1141 2954 1305 3009 prope
1335 2940 1657 3007 argumenti,
1689 2954 1809 2992 cum
1843 2941 1946 2991 alia
1979 2939 2044 2990 ad
2084 2938 2419 3009 monachum
2457 2938 2663 3009 lapsura
2700 2955 2713 2991 :
2747 2950 3019 3008 postremo
3068 2948 3346 3009 ponuntur
3370 2950 3654 3009 sermones
3683 2940 3790 2993 duo

551 3008 629 3061 De
653 3008 939 3074 baptismo;
977 3023 1099 3062 nam
1130 3007 1185 3061 et
1215 3011 1310 3063 bos
1338 3009 1638 3078 invenimus
1661 3010 1713 3061 in
1738 3010 1915 3063 multis
1943 3008 2362 3078 exemplaribus.
2392 3007 2577 3062 Partes
2605 3007 2784 3078 igitur
2827 3012 3003 3077 operis
3032 3007 3141 3060 τῶν
3177 3007 3494 3078 ἀσκητικῶν
3541 3018 3596 3061 et
3630 3009 3786 3077 quasi

553 3080 798 3147 membra
828 3078 995 3147 ipsius
1019 3080 1129 3130 fere
1163 3078 1279 3131 haec
1305 3088 1449 3130 sunt.
1477 3077 1699 3141 Quanta:
1727 3090 1905 3132 autem
1937 3077 2186 3147 utilitatis
2234 3087 2287 3129 et
2334 3077 2666 3130 excellentiae
2706 3080 2777 3131 sit
2808 3081 2909 3132 hoc
2942 3094 3074 3146 opus
3108 3080 3262 3133 facile
3308 3077 3689 3147 intelligemus,
3742 3080 3785 3131 si

555 3146 766 3202 titulum
796 3146 960 3212 ipsius
986 3148 1375 3200 attenderinms
1408 3148 1869 3213 intentionemqne
1901 3146 2221 3213 scriptoris;
2258 3149 2488 3197 sumitur
2510 3148 2652 3198 enim
2687 3150 2754 3199 ab
2788 3163 2849 3200 ea
2880 3163 2936 3201 re
2977 3151 3031 3199 in
3073 3164 3176 3214 qua
3219 3146 3497 3211 versatur,
3534 3148 3789 3203 videlicet

551 3221 621 3270 ab
658 3232 755 3269 usu
795 3224 957 3282 atque
991 3216 1382 3270 exercitatione
1408 3216 1656 3287 virtutis;
1698 3219 1742 3270 si
1778 3218 1991 3286 quidem
2022 3215 2199 3267 omnis
2225 3224 2453 3287 conatus
2481 3217 2715 3287 auctoris
2743 3217 2846 3287 huc
2878 3218 3210 3283 p0tissimum
3244 3218 3483 3287 respicit,
3518 3231 3576 3272 ut
3598 3219 3789 3274 doceat

552 3302 653 3343 nos
689 3301 793 3340 non
844 3287 1003 3341 modo
1031 3287 1157 3339 vitia
1190 3288 1375 3356 fugere
1417 3301 1480 3338 ac
1533 3282 2044 3354 virtutem'eligcre,
2100 3286 2242 3353 quod
2295 3283 2410 3337 fere
2448 3298 2649 3356 omnes
2679 3282 2883 3338 faciunt
2915 3303 2927 3338 :
2961 3300 3145 3356 verum
3191 3282 3366 3356 ipsam
3410 3282 3692 3353 exercere,
3731 3300 3790 3343 ut

554 3357 762 3413 scilicet
792 3356 963 3411 electa
995 3357 1163 3411 semel
1190 3353 1390 3410 virtute
1419 3367 1733 3410 constanter
1763 3359 1814 3411 in
1849 3353 1917 3411 ea
1942 3368 2372 3425 perseveremus,
2408 3353 2639 3426 vivendo
2682 3363 2737 3408 et
2763 3355 3042 3426 operando
3073 3362 3131 3407 ut
3173 3353 3330 3426 decet
3357 3374 3372 3423 ;
3419 3372 3595 3426 neque
3641 3361 3789 3413 enim

553 3427 853 3484 sufficiebat
879 3428 1001 3480 huic
1030 3428 1143 3480 viro
1173 3428 1343 3481 malos
1380 3435 1585 3480 tantum
1618 3429 1889 3497 corrigere
1923 3424 2083 3493 atque
2114 3426 2317 3478 hortari
2354 3425 2421 3479 ad
2442 3425 2686 3497 bonum,
2727 3425 2829 3479 nisi
2854 3425 3019 3497 etiam
3055 3426 3273 3497 doceret
3297 3424 3409 3497 jam
3440 3424 3635 3491 bonos,
3678 3442 3789 3496 quo

552 3508 720 3568 pacto;
746 3512 804 3549 se
829 3505 1165 3568 exercerent,
1192 3506 1252 3549 ut
1275 3494 1785 3568 lierenttmelioresi
1808 3497 2165 3563 Quamobrem
2199 3510 2335 3568 cuni
2378 3494 2867 3568 reliquiauctores,
2915 3496 3166 3562 idemque
3207 3496 3309 3568 iste
3343 3495 3427 3568 vir
3457 3494 3710 3568 summus
3734 3498 3787 3549 in

552 3563 679 3620 aliis
711 3563 949 3618 homi'liis
985 3575 1039 3619 et
1071 3566 1391 3619 tractatibus
1426 3566 1540 3618 suis
1591 3569 1993 3635 interpretando
2022 3572 2076 3619 et
2098 3563 2373 3619 suadendo
2406 3564 2621 3635 virtutis
2648 3566 2787 3618 viam
2822 3575 3027 3620 tantum
3059 3566 3311 3620 ostendat
3339 3583 3353 3619 :
3391 3565 3443 3619 in
3481 3566 3583 3619 hoc
3608 3579 3793 3635 opere

556 3645 714 3705 urget
741 3650 858 3701 nos,
880 3636 1156 3704 trahitque
1175 3638 1522 3690 vehementer
1552 3637 1618 3707 ad
1642 3649 1789 3690 recte
1814 3637 2121 3695 vivendum,
2146 3649 2210 3707 ac
2240 3637 2534 3707 secundum
2565 3634 2617 3688 id
2646 3636 2785 3707 quod
2828 3636 3165 3707 ostenderat,
3199 3635 3555 3707 operandam,
3586 3634 3791 3691 docens

546 3703 758 3776 quanto
804 3718 1021 3771 conatu,
1060 3703 1167 3774 quo
1194 3703 1688 3776 tempore._quibus
1722 3707 1913 3776 modis,
1937 3719 2110 3776 quave
2160 3705 2458 3776 intentione
2485 3705 2693 3775 singula
2726 3720 2823 3759 nos
2854 3706 3031 3776 facere
3062 3703 3484 3776 atque'evitare
3511 3713 3789 3776 oporteat,

557 3773 616 3830 tit
641 3776 781 3845 apud
816 3777 979 3828 Deum
1009 3773 1154 3830 reete
1180 3773 1360 3831 vivere
1386 3774 1710 3845 judicemur,
1742 3784 1799 3827 et
1830 3775 1879 3826 in
1913 3774 2065 3845 nobis
2097 3773 2226 3845 ipsis
2253 3787 2354 3825 non
2386 3784 2493 3826 tam
2522 3773 2686 3828 videri
2738 3776 2881 3839 boui,
2912 3774 2995 3827 vel
3014 3773 3155 3845 dici,
3178 3790 3341 3845 quam
3376 3773 3645 3845 exsistere
3689 3789 3787 3829 va-

557 3840 789 3900 leamus.
813 3844 961 3898 Multi
1000 3847 1143 3899 enim
1174 3840 1431 3917 appetunt
1459 3856 1664 3899 rectum
1698 3860 1804 3900 non
1832 3852 2005 3917 recte,
2036 3840 2345 3917 faciuntque
2374 3844 2514 3911 quod
2544 3846 2744 3917 bonum
2773 3856 2855 3899 est
2874 3858 2978 3898 non
3014 3843 3171 3917 bene,
3197 3840 3399 3912 quibus
3428 3859 3524 3913 per
3549 3843 3788 3917 _Moyse_u

556 3917 819 3971 Dominus
842 3917 970 3969 dicit
1006 3934 1019 3969 :
1047 3908 1358 3985 Juste'q'uod
1374 3917 1578 3985 justum
1610 3926 1684 3970 est
1711 3913 2032 3984 persequeris
2057 3912 2096 3963 ⁸.
2129 3908 2311 3985 Primo
2335 3908 2513 3978 itaque
2546 3912 2660 3985 loco
2687 3916 2738 3985 iu
2777 3924 3010 3985 tractatu
3048 3908 3356 3985 Ethjcérum
3400 3908 3791 3985 statuitpt'enl-

563 3989 787 4040 tentiam
817 3985 973 4054 juxta
1012 3981 1444 4054 praedicationem
1480 3981 1797 4050 Salvatoris,
1858 3981 2113 4040 asserens
2157 3982 2320 4054 ab_ea
2365 3982 3067 4054 necessarioincipiendum
3120 3981 3790 4054 Christiano,_decl'a_rans

557 4062 720 4111 etiam
750 4048 981 4124 tempus,
1012 4048 1224 4120 locum,
1259 4057 1585 4122 modumque
1639 4048 1807 4124 ipsius
1854 4065 1909 4108 et
1952 4054 2181 4124 fructus.
2212 4048 2437 4124 Deinde
2457 4050 2727 4124 distinctis
2776 4048 3013 4124 diversis
3025 4055 3295 4124 _ﬂdelium
3339 4052 3597 4124 gradibus
3628 4050 3792 4107 docet

554 4128 773 4180 ordines
803 4120 943 4179 intra
972 4120 1274 4181 Ecclesiam
1299 4120 1622 4179 constitutos
1647 4120 1976 4195 persequens
2000 4122 2263 4192 singulos,
2285 4120 2658 4195 _piurimisque
2682 4124 2968 4176 sententiis
2996 4122 3128 4177 Novi
3160 4120 3497 4195 T_estafnenti
3536 4123 3594 4195 in
3622 4137 3788 4195 unum

557 4197 797 4252 collectis
832 4209 995 4263 atque
1025 4196 1323 4265 dispositis,
1347 4195 1493 4250 elicit
1514 4209 1580 4249 ex
1604 4190 1671 4249 iis
1700 4190 1849 4248 varia
1883 4190 2196 4265 argumenta
2232 4191 2301 4265 ad
2329 4190 2641 4265 formandos
2663 4205 2843 4265 mores
2867 4198 2941 4265 et_
2963 4195 3027 4245 ad
3058 4192 3421 4265 cognitionem
3458 4191 3785 4260 pertinentia

557 4260 997 4322 lucidissimae'ac
1025 4260 1363 4321 solidissima:
1388 4265 1631 4320 veritatis
1656 4267 1708 4320 in
1739 4260 2103 4320 obedientiam
2129 4264 2509 4334 mandatorum
2540 4261 2654 4334 Dei,
2685 4261 2884 4330 ubique
2912 4261 3115 4334 docetis
3147 4260 3472 4334 auctoritate
3497 4274 3624 4334 _n0t_t
3666 4274 3787 4324 sua,

559 4338 654 4391 sed
684 4336 1109 4401 Scripturarum,
1133 4351 1239 4405 qua
1268 4336 1320 4388 iu
1352 4351 1408 4389 re
1434 4336 1580 4390 locus
1613 4336 1703 4391 ille
1733 4336 1967 4389 maxime
1988 4331 2259 4405 excellere
2288 4328 2525 4405 videtur,
2552 4332 2644 4385 ubi
2681 4328 3027 4405 enumeratis
3051 4330 3166 4405 fere
3199 4330 3452 4385 omnibus
3472 4328 3791 4405 _Scriptura

561 4408 695 4460 locis
721 4397 916 4473 quibus
958 4397 1214 4459 Dominus
1250 4408 1515 4459 monendo
1544 4407 1626 4460 vel
1673 4404 2053 4475 praecipiendo,
2100 4411 2158 4475 ut
2187 4400 2389 4469 aliquid
2434 4401 2550 4475 fiat,
2578 4403 2850 4475 promittit
2878 4402 3259 4475 obedietttibus
3301 4397 3789 4475 pramiumjitam

560 4468 817 4530 aeternam
852 4492 866 4529 :
901 4492 1023 4529 mox
1074 4490 1105 4530 e
1158 4478 1374 4543 regione
1422 4476 1556 4527 alios
1587 4468 1795 4539 statuit,
1837 4468 2170 4543 recensendo
2200 4468 2393 4538 quibus
2417 4468 2621 4543 _verbis
2650 4472 2911 4541 quibusve
2956 4474 3135 4526 causis
3191 4468 3427 4543 minetur
3459 4468 3785 4543 supplicium

563 4547 1081 4616 transgressoribus,
1123 4540 1459 4614 prohibendo
1491 4546 1591 4597 hoc
1620 4554 1711 4597 aut
1735 4545 1877 4598 aliud
1900 4546 2105 4616 neliat.
2139 4541 2242 4616 Per
2268 4556 2387 4608 qua:
2416 4540 2529 4594 haec
2555 4543 2736 4594 omnia
2782 4540 3791 4616 unumquemquefideliumdeducens

562 4620 616 4671 in
642 4610 799 4669 tinctu
816 4618 1101 4684 proprium
1124 4610 1479 4683 professionis
1498 4630 1629 4679 suae,
1649 4617 1885 4669 ostendit
1910 4615 2085 4683 printo
2112 4612 2299 4680 quales
2322 4625 2445 4684 esset
2458 4620 2707 4684 oporteat
2727 4624 2818 4684 eos
2846 4610 3043 4684 quibus
3070 4610 3384 4684 praedicatio
3402 4610 3549 4684 verbi
3583 4610 3787 4665 Christi

564 4680 851 4741 commissa
876 4680 959 4739 est
989 4688 1042 4739 in
1066 4680 1307 4756 Ecclesia
1336 4694 1391 4739 et
1420 4701 1548 4756 cura
1583 4686 1760 4756 gregis
1790 4680 1979 4754 ipsius,
2003 4693 2063 4756 ut
2082 4682 2495 4756 veri__pra:positl_
2532 4680 2661 4756 sint,
2694 4682 2917 4756 verique
2964 4680 3201 4756 episcopi
3232 4699 3248 4756 ς
3281 4681 3497 4756 deinde
3525 4694 3791 4756 expressa

564 4759 795 4827 imagine
822 4756 1129 4827 verailidei,
1162 4771 1226 4809 ac
1258 4754 1429 4827 forma
1460 4749 1745 4823 cujuslib'et
1767 4749 2097 4827 rénascentis
2118 4752 2169 4804 in
2193 4752 2429 4814 Christo,
2466 4750 2703 4804 declarat
2724 4749 2848 4827 quid
2886 4753 3139 4827 ωυρμ-ἰαί)
3174 4750 3316 4815 fidei,
3349 4749 3476 4827 quid
3507 4749 3790 4827 proprium

562 4819 881 4881 Chrfsdani.
938 4825 1071 4880 Hinc
1107 4819 1436 4895 interpositis
1464 4819 1781 4892 quibusdam
1810 4823 2145 4895 sermonibus
2187 4834 2511 4895 persequens
2562 4824 2841 4895 materiam
2871 4823 2965 4892 τῆς
3001 4822 3308 4893 ἀσκήσεως,
3356 4819 3793 4895 μςὶυεςιιοῃιιυμι

564 4898 727 4950 latius
763 4895 999 4959 disserit,
1038 4898 1228 4949 deinde
1247 4890 1494 4963 pressius
1524 4896 1750 4963 reliqua,
1782 4896 1923 4948 sicut
1943 4894 2144 4945 dictum
2180 4890 2283 4945 est.
2321 4890 2580 4957 Incipiens
2628 4893 2812 4959 itaque
2847 4907 2878 4945 a
2908 4890 3445 4960 duobus'pratceptis
3476 4890 3785 4963 charitatis,

565 4967 619 5019 in
645 4966 837 5035 quibus
864 4968 1039 5019 omnis
1065 4959 1323 5035 perfectio
1352 4959 1922 5034 religionis—emisistit,
1954 4964 2110 5035 docet
2139 4976 2200 5015 ea
2253 4975 2347 5035 per
2383 4976 2501 5035 qua;
2542 4975 2740 5035 corpus
2780 4965 3142 5035 animumque
3162 4959 3438 5035 exercere
3478 4959 3791 5035 quis_debet

565 5038 632 5088 ad
663 5028 1557 5103 acquirendam'exercendamque
1590 5035 1907 5087 charitatem
1953 5033 2041 5085 Dei
2088 5040 2141 5103 et
2188 5028 2439 5099 proximi,
2469 5028 2842 5103 deducensque
2877 5047 2943 5087 ex
2976 5028 3210 5086 ea'velut
3238 5032 3489 5103 ex_f'onte
3531 5028 3790 5103 quidnam

566 5097 863 5159 l'acere'vel
887 5121 988 5157 non
1013 5108 1192 5159 facere
1217 5097 1714 5173 Oportcat'militem
1764 5104 1964 5157 Christi
2004 5097 2305 5173 cupientem
2336 5110 2455 5168 post
2487 5100 2588 5155 hac
2634 5102 2688 5154 in
2733 5097 2974 5156 n'ovitate
3004 5104 3127 5154 vita:
3150 5100 3455 5173 ambulare,
3483 5107 3538 5150 et
3580 5097 3791 5173 sublata

566 5190 731 5228 cruce
757 5175 907 5242 sequi
942 5175 1223 5229 Dominum
1252 5170 1408 5230 suum
1434 5176 1700 5229 dicentem
1731 5192 1745 5225 :
1777 5175 1879 5237 Qui
1918 5175 2024 5225 vult
2069 5172 2241 5223 venire
2274 5180 2387 5237 post
2422 5186 2501 5223 me
2531 5174 2741 5239 abneget
2766 5174 3095 5239 semetipsum
3146 5172 3165 5242 ξ
3195 5181 3249 5225 et
3279 5170 3488 5237 reliqua
3517 5170 3794 5242 :osteudtt

566 5245 801 5313 primum
830 5238 1137 5299 necessario
1188 5246 1604 5299 renuntiandum
1638 5245 1891 5297 omnibus
1936 5254 2055 5310 qua:
2090 5241 2142 5292 in
2191 5242 2293 5313 hac
2314 5242 2422 5293 vita
2460 5238 2830 5309 possidentur,
2879 5238 3367 5313 declinandumque
3418 5253 3468 5313 a_
3512 5238 3695 5305 turba,
3721 5248 3790 5313 _ut

565 5306 724 5368 Ilesus
752 5318 979 5369 inveniri
1025 5325 1081 5369 et
1130 5317 1349 5369 retineri
1385 5315 1601 5382 possit:
1649 5306 1994 5380 relinquenda
2036 5318 2120 5382 est
2145 5312 2287 5364 enim
2340 5306 2534 5378 patria,
2587 5314 2855 5379 cognatio,
2910 5312 3112 5377 amici;
3155 5306 3503 5382 relinquenda
3551 5310 3790 5382 negotia,

569 5386 790 5446 divitiae,
822 5388 1225 5455 ecettpationes,
1257 5377 1676 5446 familiaritates,
1712 5377 1872 5455 atque
1912 5385 1964 5436 in
1994 5380 2190 5455 primis
2213 5377 2465 5455 voluntas
2514 5384 2756 5449 propria,
2805 5377 2999 5455 sajpius
3053 5377 3417 5455 revocansia‘d
3458 5377 3787 5455 memoriam

570 5456 789 5507 verbum
816 5448 1021 5509 Donn'ni
1045 5448 1273 5517 dicentis
1304 5470 1317 5507 :
1348 5455 1597 5508 Ducendi
1633 5455 1695 5507 de
1724 5454 1846 5505 creto
1866 5468 1967 5505 non
1997 5448 2053 5503 iu
2089 5451 2282 5517 faciam
2316 5450 2633 5503 voluntatem
2655 5466 2818 5505 meam
2853 5448 2901 5517 ';
2934 5465 3098 5520 quam
3122 5462 3269 5505 certe
3296 5450 3339 5520 si
3367 5448 3586 5520 iecisset
3609 5461 3793 5520 errare

568 5540 675 5578 non
710 5533 937 5593 poterat.
963 5525 1082 5579 Mox
1117 5526 1360 5594 plurimis
1387 5524 1685 5577 rationibus
1720 5525 2095 5577 commendato
2127 5520 2687 5594 instituto_religiottis
2715 5534 2768 5575 et
2794 5517 3073 5594 proposito
3107 5519 3317 5594 vivendi
3344 5518 3418 5594 in
3461 5517 3795 5594 monasterio

571 5596 625 5648 iu
658 5585 918 5649 societate
953 5585 1237 5649 multorum
1261 5597 1359 5649 sub
1376 5596 1504 5665 jugo
1530 5594 1728 5647 Christi
1764 5608 1778 5648 :
1821 5594 2061 5665 ostendit
2074 5595 2353 5665 quomodo
2378 5585 2917 5665 fratrésinstituendi
2961 5598 3107 5656 sunt,
3132 5592 3221 5659 qui
3247 5585 3795 5665 seponttinoofferre

570 5680 666 5732 per
688 5666 829 5719 hanc
862 5667 1002 5717 viam
1045 5678 1099 5719 et
1124 5656 1845 5726 consecra're'decreverunt,
1888 5656 2123 5729 quandiu
2173 5662 2457 5731 probandi,
2512 5662 2707 5728 quibus
2738 5663 3015 5717 laboribus
3062 5656 3373 5720 exercendi,
3403 5660 3623 5726 quando
3651 5656 3795 5732 reci-

570 5726 772 5803 piendi,
800 5752 904 5803 quo
932 5738 1111 5790 studio
1146 5739 1363 5806 regendi
1409 5748 1463 5789 et
1492 5734 1826 5805 perficiendi,
1879 5726 2097 5786 tradens
2150 5726 2317 5786 etiam
2362 5726 2613 5787 nonnulla
2651 5734 2717 5789 de
2760 5733 3021 5789 solitarius
3067 5743 3123 5787 et
3168 5734 3234 5786 de
3280 5726 3791 5784 sanctimonialibus

643 5876 665 5908 ‘
694 5878 849 5933 Deut.
878 5892 985 5942 xw,
1016 5876 1102 5929 20.
1180 5878 1199 5908 ’
1224 5875 1409 5929 Matth.
1446 5889 1552 5939 xvi,
1590 5871 1678 5927 24.

557 463 768 508 CCLXIX

1760 5873 1778 5903 ³
1809 5868 1958 5927 Joan.
1997 5884 2068 5935 rt,
2101 5868 2189 5924 58.
