4046 6440
1414 352 1913 409 ΡΙὶιἘΡΑΤΙΟΝΕδ
1952 350 2305 416 ΑΝΤΙΩΙᾸᾸΞ.
3245 356 3495 403 ccum.

244 475 465 534 feminis
487 494 623 546 quas
658 477 744 529 hic
779 484 935 529 vocat
964 475 1257 530 canonicas
1287 492 1299 528 :
1328 479 1522 545 quibus
1547 476 1598 528 in
1631 477 1805 532 libi-llo
1857 477 1930 530 De
1980 478 2275 544 virginitate
2304 475 2578 544 suppletur
2620 475 2878 543 quidquid
2930 478 2981 529 in
3028 481 3129 546 hoc
3155 472 3474 546 desiderati

246 561 447 618 posset.
484 542 559 603 Illi
601 561 815 615 quoque
850 546 962 614 (tibi
1010 546 1174 600 semel
1216 542 1411 618 recepti
1441 548 1659 614 fuerint)
1688 552 1898 601 discunt
1922 542 2082 613 quam
2138 547 2363 599 fideliter
2387 542 2436 599 iu
2469 542 2651 601 domo,
2675 542 3106 618 Deiiconversari
3136 542 3386 618 «lubeant.
3420 559 3477 594 u':

248 613 442 686 corpus
469 613 815 679 animumque
844 613 1150 686 exerceant
1182 615 1245 667 ad
1291 613 1658 686 paupertatem
1694 619 2046 676 retinendam,
2080 618 2487 683 castitatemqne
2531 633 2635 670 non
2673 615 2835 668 modo
2875 617 3072 676 carnis,
3118 613 3209 670 sed
3254 614 3477 686 spiritus;

247 702 299 743 et
329 684 718 757 cogitationum
747 704 761 740 :
791 702 997 741 necnon
1024 688 1089 739 ad
1122 684 1485 742 dimicandum
1515 688 1724 740 fortiter
1756 696 1941 757 contra
1978 688 2183 753 scipsos
2222 701 2315 754 per
2342 686 2720 747 obedientiam,
2756 694 2814 737 ut
2844 686 3081 757 apposita
3113 684 3277 739 semel
3315 699 3478 757 manu

249 763 311 813 ad
337 754 583 811 aratrum
613 767 760 811 retro
789 759 1023 826 amplius
1055 770 1327 826 nunquam
1351 757 1662 823 respiciant.
1695 758 1833 812 llinc
1871 756 1938 809 de
1967 757 2340 826 religiosorum
2375 758 2565 810 studiis
2595 766 2754 826 atque
2775 754 3251 826 exercitationibus
3283 756 3478 816 singulo

249 829 398 881 latim
428 827 678 895 loquens,
706 829 861 882 docet
884 824 1273 898 quomodoet
1315 826 1554 898 quandiu
1598 832 1887 890 orandum,
1932 842 2039 894 quo
2068 824 2256 882 ordine
2295 826 2647 898 psallendum,
2673 824 2789 880 icnr
2821 834 2874 898 et
2905 824 3174 898 quomodo
3223 827 3478 881 manibus

250 892 608 967 operantium,
640 898 767 952 item
814 892 1018 965 quanto
1066 896 1242 951 studio
1293 892 1649 967 cogitationes
1684 914 1896 967 regere,
1931 892 2065 950 iram
2121 892 2356 958 frenare,
2391 912 2417 947 a
2456 897 2647 967 risuet
2694 896 2910 964 crapula
2966 892 3259 955 abstinere,
3311 912 3470 960 quam

250 966 529 1021 humiliter
560 968 815 1024 fratribus
842 967 1069 1037 servire,
1104 965 1405 1037 senioribus
1442 968 1683 1037 obedire,
1716 965 1922 1037 seipsos
1956 968 2248 1037 abnegare,
2283 967 2528 1020 ultimum
2574 965 2746 1019 locum
2779 968 2976 1037 eligere
3020 972 3266 1037 oporteat
3309 968 3471 1018 disci-

250 1037 404 1103 pulos
424 1048 480 1093 et
515 1039 819 1094 imitatores
847 1034 1047 1089 Christi
1072 1050 1090 1099 ;
1127 1035 1329 1093 addens
1360 1036 1629 1105 quomodo
1656 1034 1980 1093 inﬁrmiores
2006 1034 2287 1101 tolerandi,
2310 1048 2622 1105 peccatores
2652 1035 2979 1103 corrigendi,
3008 1035 3193 1101 aegroti
3225 1038 3471 1105 carendi,

252 1106 494 1175 hospites
529 1106 880 1175 suscipiendi,
916 1116 1253 1175 quantopere
1282 1103 1564 1162 mulierum
1593 1111 1863 1163 consortia
1902 1107 2175 1168 evitanda,
2212 1103 2656 1172 saeculariumque
2681 1116 2734 1158 et
2765 1107 3284 1169 consanguineorum
3314 1103 3472 1156 fami-

250 1173 520 1233 liaritatt-s
572 1173 855 1245 fugiendar,
890 1173 948 1229 in
972 1173 1167 1242 quibus
1200 1180 1534 1245 potissimum
1568 1176 1817 1232 abscondi
1855 1178 2258 1231 solentinsidim
2284 1186 2336 1229 et
2371 1178 2540 1244 laquei
2574 1176 2797 1229 inimici.
2842 1176 3001 1228 .‘llulta
3032 1188 3245 1244 quoque
3274 1176 3338 1245 de
3369 1176 3472 1228 cibi

252 1257 306 1301 et
336 1261 493 1319 potus
536 1244 885 1319 abstinentia,
919 1247 983 1319 de
1006 1244 1245 1317 jejuniis,
1278 1251 1343 1303 de
1380 1246 1613 1319 silentio.
1652 1250 1717 1303 de
1743 1250 1943 1318 vigiliis
1985 1246 2210 1314 aliisque
2234 1247 2711 1319 exercitationibus
2737 1245 2973 1319 sanet_is,_
3004 1255 3057 1319 et
3091 1245 3230 1319 quid
3252 1244 3424 1319 diram
3454 1285 3471 1306 ,

249 1314 471 1441 ἓηὸηόο
517 1332 692 1384 neque
724 1317 790 1370 de
821 1314 1165 1381 vestimento,
1224 1333 1398 1385 neque
1459 1316 1525 1368 de
1571 1314 1972 1381 calceam'entis,
2007 1331 2181 1385 neque
2229 1317 2295 1371 de
2345 1331 2478 1369 zona
2528 1317 2816 1370 admonere
2864 1314 3073 1368 desistit
3123 1315 3473 1383 philosophos

281 1386 491 1441 .hristi?
520 1385 715 1441 Verum
744 1396 803 1440 ut
836 1386 902 1441 ad
932 1403 1025 1441 eas
1052 1390 1281 1441 virtutes
1307 1401 1425 1441 uuae
1457 1397 1580 1439 sunt
1612 1390 1841 1441 nronria:
1865 1387 2158 1441 Christiani
2185 1388 2485 1441 veniamus.
2513 1401 2670 1441 uuam
2705 1385 2869 1439 multa
2903 1392 2959 1438 et
2990 1384 3141 1437 utilia
3172 1386 3261 1439 hic
3303 1399 3473 1441 nrotie

281 1386 491 1441 Ihristi?
520 1385 715 1441 Verum
744 1396 803 1440 ut
836 1386 902 1441 ad
932 1403 1025 1441 eas
1052 1390 1281 1442 virtutes
1307 1384 1425 1456 quae
1457 1397 1580 1457 sunt
1612 1390 1841 1457 propria:
1865 1384 2158 1445 Christiani
2185 1388 2485 1448 veniamus,
2513 1401 2670 1457 quam
2705 1385 2869 1439 multa
2903 1384 3141 1457 etutiiia
3172 1386 3261 1439 hic
3303 1399 3473 1454 prope

252 1470 496 1526 semper,
546 1457 654 1512 imo
679 1457 890 1511 nonnisi
924 1472 1135 1525 semper
1160 1453 1339 1524 atque
1357 1456 1536 1510 omnia
1580 1453 1741 1509 tradit
1767 1461 1830 1511 ad
1855 1458 2223 1513 :edilicandam
2259 1457 2309 1509 in
2346 1457 2497 1508 nobis
2536 1456 2712 1526 iidem,
2743 1470 2912 1521 spem,
2941 1453 3285 1515 eharitatem.
3307 1453 3463 1509 asse-

254 1525 384 1580 reus
407 1537 532 1583 ante
557 1528 738 1582 omnia
764 1528 1120 1582 exercendam
1152 1528 1306 1594 quasi
1343 1527 1746 1581 fundamentum
1801 1529 1922 1581 vita!
1952 1528 2245 1597 spiritualis
2274 1527 2607 1597 patientiam,
2666 1525 3049 1597 humilitatem,
3088 1526 3468 1597 imansueiudi.

254 1611 400 1663 nem,
440 1599 634 1654 deinde
664 1609 892 1653 ett-teras
926 1592 1262 1659 virtutes,_ut
1290 1600 1342 1652 in
1375 1598 1624 1653 omnibus
1648 1611 1859 1665 semper
1889 1592 2464 1657 honorificetur’Deus,
2500 1605 2556 1650 et
2603 1596 2895 1665 :edilicetur
2948 1594 3244 1665 proximus.
3312 1592 3471 1665 Multa

254 1662 511 1735 pra-terea
539 1670 604 1723 de
630 1669 892 1737 oppositis
927 1666 1067 1737 vitiis
1096 1666 1432 1722 disseruntur
1454 1683 1749 1737 eorumque
1769 1662 2029 1736 periculis
2061 1684 2124 1722 ac
2156 1666 2402 1737 remediis
2435 1681 2552 1733 qua:
2587 1665 2742 1737 facile
2774 1664 3071 1737 legentibus
3093 1671 3303 1737 patent.
3337 1662 3473 1737 Illud

254 1732 438 1807 autem
470 1738 524 1792 in
548 1732 797 1793 boc'v'iro
825 1733 1070 1807 mirabile
1104 1738 1272 1791 videri
1301 1747 1480 1807 potest
1506 1741 1573 1791 ob
1605 1732 1728 1791 viiaa
1763 1732 2127 1803 sanctitatem,
2159 1732 2620 1807 excellentemque
2671 1732 3256 1807 doctrinam‘ipsiuset
3291 1733 3475 1807 multi-

252 1805 448 1929 rlicem
483 1822 663 1861 rerum
692 1806 1102 1873 experientiam,
1124 1801 1559 1875 quod,'quamvis
1587 1808 1651 1861 de
1683 1821 2002 1876 quacunque
2028 1823 2086 1863 re
2114 1801 2163 1863 ei
2211 1804 2479 1860 disserere
2505 1806 2808 1872 placuisset,
2834 1802 3049 1857 munisi
3079 1801 3474 1868 sapientissime

273 1878 398 1929 oaui
435 1885 656 1929 nosset:
684 1876 1035 1929 nihilominus
1068 1876 1251 1929 videas
1284 1891 1403 1929 eum
1435 1877 1577 1929 omni
1610 1888 1802 1929 conatu
1840 1877 2021 1929 fugere
2047 1887 2098 1929 et
2127 1878 2279 1929 quasi
2310 1874 2620 1929 formidare.
2648 1892 2713 1929 ne
2746 1875 2872 1929 cuid
2922 1876 3035 1929 inse
3076 1886 3171 1929 per
3198 1887 3255 1926 se
3288 1872 3339 1925 in
3374 1874 3473 1926 hoc

273 1878 398 1946 oqui
435 1885 656 1946 posset:
684 1872 1035 1929 nihilominus
1068 1872 1251 1931 videas
1284 1872 1403 1929 eum
1435 1877 1577 1929 omni
1610 1872 1802 1931 conatu
1840 1872 2021 1945 fugere
2047 1887 2098 1930 et
2127 1878 2279 1946 quasi
2310 1874 2620 1946 formidare,
2648 1892 2713 1929 ne
2746 1875 2872 1943 quid
2922 1876 3035 1946 ipse
3076 1886 3171 1940 per
3198 1887 3255 1926 se
3288 1872 3339 1925 in
3374 1874 3473 1946 hoc

250 1944 418 2014 opere
440 1944 666 1999 tradere
693 1948 774 1999 vel
803 1946 1125 2000 servandum
1156 1962 1251 2000 sua
1288 1946 1611 1999 auctoritate
1643 1944 1938 2015 praecipere
1969 1944 2197 2011 cuipiam
2242 1947 2510 2007 videatur,
2542 1944 2677 1998 adeo
2716 1947 2767 1997 iu
2798 1945 3048 2015 omnibus
3075 1951 3130 1996 et
3161 1956 3257 2015 per
3288 1944 3471 2015 omnia

252 2011 427 2086 solum
463 2017 719 2085 praedicat
747 2016 1042 2072 Christum.
1071 2017 1342 2086 Prazponit
1363 2017 1505 2069 enim
1533 2011 1727 2071 fere'in
1760 2011 2006 2084 singulis,
2032 2016 2098 2069 de
2130 2017 2323 2086 quibus
2353 2015 2627 2086 locuturus
2657 2023 2760 2075 est,
2790 2014 3093 2078 exemplum
3125 2013 3205 2066 vel
3244 2011 3469 2086 verbum

251 2082 553 2156 Domini—ex
579 2088 869 2155 Evangelio
902 2088 981 2142 vel
1008 2082 1283 2156 Apostolo,
1321 2086 1455 2140 adeo
1478 2091 1640 2155 quod,
1672 2089 1795 2140 dum
1827 2082 1969 2140 aliud
2004 2082 2164 2154 agere
2194 2085 2424 2156 videtur,
2455 2086 2506 2137 in
2532 2085 2632 2138 hoc
2660 2085 2823 2138 etiam
2852 2085 3083 2150 proileSI.
3115 2082 3258 2149 quod
3306 2098 3471 2149 supra

255 2154 521 2227 ducentos
558 2154 852 2226 Scriptura:
884 2158 1032 2211 locos
1060 2154 1366 2227 legentibus
1396 2154 1796 2227 interpretatur,
1837 2169 1942 2209 tam
1974 2154 2279 2227 commode,
2317 2164 2423 2227 tam
2455 2164 2916 2227 cppo_rtnuc.__t_am
2952 2165 3096 2209 vere.
3148 2161 3214 2227 ut_
3258 2168 3473 2227 sensum

248 2227 470 2295 quidem
500 2221 795 2297 Scriptura:
824 2228 1042 2297 quiper
1068 2221 1143 2297 se'
1171 2228 1369 2279 latebat
1394 2226 1447 2278 in
1488 2221 1665 2297 littera
1705 2221 2050 2297 observatum
2076 2224 2717 2297 solummodo“revelare,
2751 2224 2977 2289 aliisque
3025 2221 3313 2297 ostendere
3343 2221 3477 2274 velle

256 2291 535 2361 videatur,
571 2291 675 2350 non
706 2291 884 2347 autem
923 2291 1034 2362 ipse
1075 2296 1318 2349 invenire
1350 2295 1701 2363 excogitando
1724 2304 1777 2349 et
1807 2296 2120 2349 disserendo
2148 2305 2207 2349 ut
2243 2294 2303 2347 lit
2332 2312 2347 2347 :
2393 2294 2527 2347 nihil
2556 2294 2777 2363 omnino
2811 2307 2981 2359 neque
3010 2307 3037 2345 a
3071 2291 3270 2359 seipso,
3304 2306 3476 2359 neque

251 2367 322 2419 ab
356 2366 479 2418 aliis
512 2366 614 2418 sibi
646 2364 925 2433 postulans
955 2365 1100 2418 credi
1142 2381 1157 2418 :
1192 2379 1299 2431 quo
1340 2366 1417 2428 lit,
1449 2362 1507 2417 ut
1552 2380 1659 2431 quo
1703 2365 1873 2432 magis
1923 2366 2122 2432 aliquid
2150 2378 2397 2418 asserere
2423 2364 2505 2419 vel
2542 2363 2730 2432 jubere
2758 2362 3032 2423 formidat,
3072 2372 3222 2433 tanto
3254 2377 3476 2431 persua-

249 2434 377 2487 deat
417 2436 619 2498 verius,
648 2431 945 2503 iubeatque
999 2436 1391 2498 vehementius,
1450 2438 1727 2502 magisque
1768 2431 2059 2503 legentium
2119 2436 2325 2485 animos
2370 2431 2553 2487 trahat
2604 2445 2765 2502 atque
2803 2434 3065 2503 accendat
3122 2431 3177 2503 iu
3235 2446 3474 2503 amorem

250 2504 555 2588 sapientiae,
588 2499 709 2559 cum
741 2499 929 2588 omnes
956 2505 1023 2588 ad
1053 2520 1174 2585 eam
1205 2499 1577 2588 itabortelur,
1598 2499 1667 2588 ut
1698 2499 2017 2570 sola‘jnbeat
2045 2503 2283 2588 ciiaritas
2307 2503 2537 2582 Christi,
2569 2499 2692 2588 alia:
2737 2505 2788 2555 iu
2816 2517 2909 2555 ore
2947 2499 3399 2588 ipsittsiloqttitur
3424 2511 3478 2551 et

250 2570 427 2643 spirat
453 2576 507 2630 in
535 2585 773 2645 pectore.
807 2572 1016 2628 Habent
1052 2575 1213 2642 igitur
1243 2575 1367 2645 hinc
1402 2574 1649 2645 monachi
1687 2588 1982 2645 omnesque
2012 2572 2244 2645 religiosi
2272 2572 2369 2624 viri
2397 2583 2445 2625 et
2502 2575 2757 2645 mulieres
2772 2585 2878 2645 per
2901 2586 2962 2645 ea
2991 2585 3109 2645 qua;
3136 2570 3337 2645 legunt,
3371 2584 3477 2636 quo

249 2640 413 2715 pacto
443 2647 509 2701 ad
535 2640 707 2700 Deum
750 2645 995 2700 conversi
1048 2640 1099 2698 in
1136 2644 1223 2697 via
1253 2644 1369 2711 ejus
1394 2644 1658 2715 tutissime
1711 2640 1955 2712 progredi
1997 2652 2055 2715 et
2109 2641 2369 2710 prolicere
2397 2643 2637 2715 possint,
2666 2642 2710 2693 si
2753 2642 3053 2715 doctrinam
3079 2640 3319 2715 docentis
3366 2654 3475 2715 non

253 2709 541 2783 spernant,
587 2718 885 2783 praesertim
915 2715 1005 2769 ubi
1036 2729 1130 2770 eos
1178 2709 1359 2769 :nonet
1388 2714 1518 2768 nihil
1550 2709 1828 2783 propr—iuni
1866 2709 2160 2782 possidere,
2192 2714 2621 2783 consanguineos
2653 2727 2778 2783 suos
2814 2711 3103 2780 negligere,
3138 2709 3474 2783 sincului'iutn

254 2779 525 2855 amicitias
562 2779 769 2853 fugere,
796 2784 1093 2855 claustrum
1120 2786 1505 2852 silentiumque
1538 2779 1782 2855 diligere,
1810 2779 2081 2855 publicum
2136 2782 2362 2855 evitare,
2399 2782 2544 2836 nullo
2577 2782 2735 2835 modo
2784 2799 2811 2834 a
2862 2779 3281 2855 cottgrcgalioae
3306 2779 3477 2830 disce-

254 2853 406 2925 dere,
440 2852 658 2925 crucem
716 2854 1289 2925 tollerettantumque
1326 2855 1574 2923 amplecti
1628 2852 1786 2923 quam
1811 2852 1939 2908 'sibi
1985 2854 2263 2921 elegerunt
2301 2853 2351 2925 iu
2409 2861 2638 2925 partem,
2670 2866 2897 2925 eamque
2928 2852 3089 2902 corde
3140 2857 3195 2901 et
3249 2862 3479 2925 corpore

252 2924 887 2993 assiduegcircumferre.
928 2923 1138 2977 Habent
1168 2917 1374 2992 praelati
1418 2917 1479 2978 'et
1524 2917 1760 2993 episcopi
1794 2925 1918 2977 hinc
1968 2917 2132 2993 multa
2164 2936 2307 2993 quae,
2332 2917 2606 2985 hauriant,
2641 2917 2835 2993 quibus
2870 2933 3058 2993 greges
3104 2932 3229 2973 suos
3277 2917 3480 2993 optime

252 3002 448 3063 regant
482 2991 824 3063 formentque
858 2993 911 3047 in
941 2986 1235 3048 Christum.
1288 2993 1498 3046 Habent
1528 2986 1580 3045 ei
1620 2986 1799 3061 plebes
1822 2993 2080 3063 iidelium
2112 2986 2349 3063 (quando
2380 2986 2808 3063 ‘nullusgradus,
2852 2989 2931 3042 vel
2976 2986 3169 3063 sexus,
3204 2986 3364 3063 _nulla
3397 2997 3478 3063 est

252 3056 389 3134 tetas
422 3064 563 3117 intra
596 3056 913 3134 Ecclesiam,
940 3078 1101 3134 quam
1135 3066 1237 3118 iste
1271 3056 1774 3134 nondoceati'quid
1813 3061 2015 3134 faciant
2054 3056 2217 3112 etiam
2266 3062 2415 3134 ipszn,
2448 3056 2902 3134 quidveol'ferant
2946 3057 3248 3134 praeposiiis
3280 3056 3392 3109 suis
3425 3057 3479 3109 iu

252 3133 577 3199 obsequium
604 3131 834 3198 Christi,
863 3128 977 3191 sive
1005 3151 1108 3199 vn,
1146 3137 1261 3189 sive
1290 3133 1502 3196 mulier,
1532 3128 1647 3188 sive
1667 3128 1831 3195 liber,
1862 3131 1977 3184 sive
2004 3144 2213 3199 servus,
2249 3131 2363 3182 sive
2390 3144 2577 3191 senex,
2623 3129 2735 3199 sive
2770 3128 3112 3193 adolescens,
3148 3129 3261 3181 sive
3302 3136 3479 3194 pater,

254 3203 370 3273 sive
401 3198 565 3268 Illius,
599 3204 850 3259 omnibus
872 3206 1014 3258 enim
1048 3204 1288 3272 loquitur
1322 3204 1411 3273 qui
1445 3204 1495 3273 in
1549 3203 1766 3258 Christo
1794 3201 1965 3273 renati
1998 3198 2273 3273 Christum
2303 3199 2594 3273 induerunt
2622 3198 2663 3264 ‘,
2696 3198 2967 3273 hortando
2986 3211 3078 3251 eos
3122 3204 3239 3273 post
3281 3204 3480 3273 rectam

256 3271 418 3343 fidem
449 3274 516 3328 ad
541 3265 878 3343 patientiam,
907 3276 972 3327 ad
1002 3265 1365 3343 contemptum
1408 3272 1565 3339 hujus
1594 3274 1815 3343 mundi,
1857 3272 1924 3343 ad
1976 3269 2378 3343 castigationem
2424 3270 2623 3343 carnis,
2660 3268 2726 3343 ad
2779 3265 3135 3321 imitationem
3179 3265 3385 3343 Domini
3428 3274 3482 3317 et

261 3335 569 3398 Salvatoris
617 3344 788 3396 nostri
819 3335 945 3396 Jesu
990 3335 1442 3402 Christifdocens
1469 3335 1632 3395 etiam
1663 3342 1753 3410 qui
1803 3340 2037 3403 habitus,
2069 3335 2158 3405 qui
2196 3341 2341 3394 vocis
2392 3342 2599 3403 modus,
2632 3339 2751 3410 quis
2800 3346 2990 3410 gestus
3031 3335 3273 3410 corporis
3321 3343 3483 3403 atque

254 3412 651 3475 membrorum,
677 3425 797 3479 quae
825 3412 1014 3477 verba,
1050 3412 1140 3481 qui
1166 3426 1342 3469 mores
1364 3415 1591 3465 deceant
1618 3407 2005 3481 Christianum.
2036 3410 2226 3481 Clerici
2266 3411 2484 3481 insuper
2533 3408 2702 3481 nostri
2738 3409 2935 3481 habent
2979 3407 3088 3481 ipsi
3112 3419 3326 3481 quoque
3374 3420 3482 3481 non

256 3497 431 3552 pauca
462 3498 583 3552 quae
617 3474 853 3545 dis-cant,
883 3474 1020 3537 inter
1046 3474 1164 3552 quae
1190 3484 1351 3536 etiam
1378 3482 1526 3552 illud,
1555 3493 1612 3536 ut
1647 3497 1751 3536 non
1783 3490 1890 3535 tam
1938 3480 2095 3536 facile
2125 3480 2175 3552 in
2205 3474 2539 3552 privatorum
2570 3477 2652 3530 vel
2677 3475 3024 3552 siecularium
3057 3474 3309 3552 domibus
3342 3474 3486 3549 cele-

256 3542 420 3623 breut
469 3542 647 3623 divina
704 3542 988 3623 intysteria.
1039 3542 1176 3619 Quin
1226 3553 1389 3623 etiam
1426 3542 1622 3607 fratres
1667 3542 2297 3623 quondam_nost_ri,qui
2340 3548 2555 3623 Satanae
2602 3545 3146 3623 calliditatedecepti
3188 3559 3363 3613 nuper
3415 3542 3483 3623 ab

255 3622 502 3678 Ecclesia
537 3614 801 3677 catholica
854 3614 1241 3685 discessisrunt,
1275 3631 1329 3675 et
1360 3621 1461 3690 ipsi
1496 3614 1737 3691 profecio
1778 3620 2061 3691 invenient
2105 3619 2208 3691 hic_
2249 3617 2412 3691 multa
2446 3617 2641 3691 quibus
2697 3619 2762 3691 aii
2818 3615 3321 3691 resipiscendutu__a
3368 3614 3484 3691 suis

255 3694 555 3755 erroribus,
587 3708 651 3746 ac
675 3692 741 3745 ad
776 3693 1017 3747 eamdem
1049 3682 1292 3747 sanctam
1325 3682 1550 3744 matre-ni
1582 3690 1878 3745 Ecclesiatn
1929 3688 2304 3741 revertendum
2356 3682 2641 3755 plurimum
2677 3682 3015 3755 adjnveutur,
3042 3696 3213 3755 atque
3253 3682 3380 3735 illud
3429 3684 3480 3736 in

258 3762 475 3884 rrimis,
508 3753 715 3816 scilicet
742 3776 847 3815 non
881 3776 1000 3815 esse
1028 3764 1379 3816 deserendam
1416 3759 1715 3814 Ecclesiam
1747 3758 1948 3813 Christi
1993 3767 2276 3825 propterea
2314 3753 2455 3825 quod
2485 3757 2625 3809 intra
2653 3753 2796 3810 illam
2840 3765 2895 3808 et
2946 3754 3115 3807 malos
3166 3753 3483 3822 plerumque

278 3831 507 3884 nomines
537 3844 657 3884 esse
692 3832 969 3884 contingat
1004 3872 1014 3884 .
1049 3841 1159 3884 tum
1191 3830 1398 3883 discent
1435 3832 1564 3884 quid
1607 3843 1699 3884 eos
1732 3842 1948 3884 sapere.
1978 3830 2173 3884 quidve
2215 3830 2420 3880 sentire
2456 3834 2703 3884 ouorteat
2745 3826 2811 3877 de
2863 3832 3125 3884 potestate
3178 3830 3231 3878 et
3279 3824 3483 3875 unitate

278 3824 507 3885 nomines
537 3844 657 3885 esse
692 3832 969 3899 contingat
1004 3872 1014 3884 .
1049 3841 1159 3884 tum
1191 3830 1398 3883 discent
1435 3832 1564 3899 quid
1607 3843 1699 3884 eos
1732 3842 1948 3894 sapere,
1978 3824 2173 3895 quidve
2199 3824 2420 3899 sentire
2456 3826 2811 3899 Oporteat_tle
2863 3832 3132 3899 potestate
3178 3830 3231 3878 et
3279 3824 3486 3899 unitate

260 3900 557 3967 Ecclesiae;
591 3901 657 3955 de
682 3892 1070 3954 ecclesiasticis
1098 3892 1473 3963 sacramentis,
1506 3900 1571 3953 tle
1606 3899 1711 3953 fide
1753 3892 1807 3952 et
1854 3892 2127 3966 operibus,
2180 3897 2244 3950 de
2272 3898 2444 3967 libero
2473 3892 2766 3967 voluntatis
2797 3893 3046 3956 arbitrio,
3103 3896 3167 3949 de
3219 3892 3486 3959 religiosis

254 3974 421 4037 votis,
454 3972 519 4025 de
542 3964 781 4041 jejunio,
800 3968 974 4038 deque
1002 3970 1123 4023 aliis
1160 3969 1365 4041 muitis,
1399 3970 1559 4023 modo
1607 3979 1756 4041 recte
1791 3983 1853 4021 ac
1890 3964 2188 4036 diligenter
2236 3966 2525 4019 attendant
2571 3978 2691 4041 qua;
2736 3964 2963 4041 legunt.“
2988 3973 3040 4017 et
3087 3977 3305 4041 errores
3360 3976 3487 4041 suos

255 4033 425 4111 velini.
456 4033 622 4111 magis
644 4033 915 4108 corrigere
942 4053 1100 4107 quam
1134 4033 1359 4111 tueri,a
1384 4041 1578 4111 quibus
1601 4040 1727 4111 olim
1749 4052 1840 4092 eos
1858 4033 2127 4111 revocare
2153 4044 2253 4111 ,__tu
2290 4049 2500 4111 quoque
2529 4036 2812 4111 scribendo
2834 4042 2886 4085 et
2917 4033 3249 4111 disserendo,
3284 4033 3485 4111 optime

254 4110 442 4175 Pater,
477 4102 581 4165 non
612 4102 861 4165 destitisti
899 4102 1209 4177 priusquam
1234 4109 1314 4162 vel
1348 4102 1449 4178 ipsi
1479 4119 1529 4162 te
1552 4110 1756 4174 audire,
1791 4108 1871 4162 vel
1914 4118 1967 4159 tu
1998 4122 2090 4159 eos
2122 4106 2248 4157 talia
2281 4108 2473 4178 docere
2507 4103 2575 4156 ob
2600 4106 2834 4178 gradum
2852 4104 3159 4178 apostolicae
3198 4102 3481 4173 dignitatis

257 4174 543 4248 tantopere
573 4180 853 4235 tenereris.
885 4174 1348 4233 Fuisti'hactenus
1369 4174 1674 4233 inembrum
1721 4178 1983 4248 corporis,
2003 4178 2109 4243 jam
2138 4188 2275 4248 vero
2307 4174 2602 4248 membrum
2636 4188 2693 4227 es
2723 4174 2934 4248 capitis,
2970 4175 3093 4226 hinc
3119 4174 3299 4248 itaque
3344 4180 3487 4223 recte

256 4243 516 4318 intelligis
546 4266 686 4304 nunc
720 4264 813 4303 eos
839 4250 1079 4318 quandiu
1118 4250 1297 4320 curari
1346 4260 1573 4320 possunt
1610 4249 1675 4301 ad
1706 4258 1756 4301 te
1796 4243 1960 4320 multo
2011 4246 2180 4311 magis
2207 4258 2365 4311 quam
2412 4244 2560 4320 prius
2606 4254 2780 4320 atque
2819 4245 2978 4295 aliter
3009 4243 3325 4320 pertinere;
3363 4256 3484 4320 nam

255 4336 394 4390 quos
422 4310 655 4373 a'tueltac
682 4320 747 4373 ad
794 4310 1051 4372 unitatem
1084 4310 1537 4386 corporis'redire
1568 4318 1870 4390 scribendo»
1905 4310 2152 4390 hortatus
2178 4310 2257 4377 es,
2286 4310 2531 4390 posiitac
2554 4310 2815 4390 exemplis
2842 4324 3004 4379 atque
3026 4311 3364 4390 orationibus
3390 4310 3484 4363 tibi

256 4379 634 4460 expugnandi,
673 4391 944 4460 monendi,
983 4379 1316 4456 sanandlque
1364 4400 1616 4460 sunt,ac
1661 4386 2045 4460 benignissime
2101 4384 2466 4460 pertraheudi,
2523 4385 2601 4436 sic
2645 4394 2820 4460 tamen
2849 4393 2906 4433 ut
2936 4382 3185 4460 eosdem,
3219 4379 3309 4460 ubi
3354 4394 3487 4449 opus

256 4449 448 4525 (aerii,
482 4460 645 4514 etiam
680 4449 956 4527 arguendo
1014 4467 1067 4509 et
1114 4449 1432 4512 disserendo
1460 4449 1815 4511 nihilominus
1836 4469 2016 4527 cures,
2055 4449 2219 4527 atque
2268 4453 2476 4527 intrare
2508 4452 2818 4520 compellas,
2853 4459 2911 4503 ut
2957 4452 3001 4503 si
3045 4449 3181 4504 forte
3210 4451 3278 4504 ob
3307 4464 3486 4527 mores

258 4519 477 4586 nostros
506 4544 564 4584 se
594 4519 843 4597 ipsosvita
876 4528 1259 4595 praeciderunt,
1291 4529 1534 4580 moribus
1563 4529 1687 4581 item
1720 4525 1949 4597 nostris,
1985 4523 2067 4575 vel
2087 4519 2288 4597 saltem
2321 4521 2552 4597 aiicujus
2578 4519 2888 4597 nostrorum
2942 4529 3283 4597 revocentur,
3315 4519 3484 4597 subii-

256 4600 581 4669 cianturque
606 4588 766 4666 capiti
820 4588 919 4651 suo
954 4598 1021 4650 ad
1068 4588 1423 4669 obedientium
1454 4597 1686 4669 iideimiu
1731 4594 2048 4669 obsequium
2078 4592 2300 4645 Christi.
2333 4592 2689 4669 Quamobrem
2744 4590 2991 4669 volumen
3030 4592 3131 4669 boc
3158 4588 3488 4669 sanctissimi

258 4670 361 4723 viri
394 4659 617 4736 digitum
644 4659 861 4736 quidem
893 4680 1107 4735 semper
1142 4667 1358 4735 ingenio
1393 4679 1446 4719 et
1479 4667 1671 4720 studiis
1712 4668 1837 4727 tuis,
1868 4659 2091 4736 istorum
2129 4677 2286 4736 causa
2326 4666 2414 4719 sit,
2449 4672 2505 4713 ιιι
2535 4660 2869 4736 temporibus
2906 4661 3108 4714 nostris
3139 4659 3231 4736 tibi
3258 4659 3484 4736 potissi-

257 4752 406 4792 mum
442 4730 721 4801 debeatur,
753 4749 915 4807 tuque
951 4730 1287 4791 in'doctrt'ua
1337 4736 1505 4807 ipsius
1557 4740 1621 4788 ad
1659 4734 2053 4803 praedicandum
2083 4733 2508 4807 aliisveritatetu
2542 4731 2792 4807 sectanda
2830 4740 2883 4807 e_t
2929 4732 3221 4807 ast_r_uenda
3258 4730 3485 4781 invicem

258 4808 461 4879 debeas
490 4800 790 4879 plutjmutn
815 4800 909 4860 otii
964 4807 1225 4879 adbibere
1253 4815 1308 4879 et
1343 4800 1673 4874 diligentiaﬂ
1708 4819 1811 4879 non
1856 4802 2337 4879 pro_r_eparati_oue
2364 4816 2550 4854 eorum
2599 4800 2757 4852 modo
2787 4800 2879 4867 qui
2908 4800 3243 4879 ceciderunt,
3300 4812 3485 4852 verum

257 4878 423 4932 etiam
459 4868 559 4948 p'ro
589 4877 843 4948 Ecclesia:
877 4878 1157 4930 catholica:
1186 4868 1566 4948 aediﬁcatione,
1591 4868 1937 4948 omniumque
1959 4868 2192 4925 fidelium
2220 4869 2423 4948 fructu,
2482 4882 2686 4948 necnon
2712 4880 2911 4948 sancta:
2958 4868 3104 4948 sedis
3128 4868 3283 4948 istius
3324 4883 3487 4948 orna-

260 4956 444 5003 mento
459 4937 523 5002 ἐι
554 4947 889 5015 adiumento,
918 4960 1038 5013 qua:
1060 4954 1111 4999 te
1136 4961 1305 5015 nuper
1330 4946 1459 4999 nihil
1486 4937 1590 4999 tale
1619 4937 1946 5015 cupientem,
1998 4955 2172 5015 neque
2205 4940 2369 5015 etiam
2419 4942 2765 5009 cogitantem,
2803 4939 3093 5015 splendore
3107 4937 3487 5015 Ah_uj_us_digui-

262 5018 385 5072 tatis
423 5028 530 5071 tam
564 5006 826 5086 legitime,
860 5006 964 5068 tam
1008 5016 1128 5079 rite,
1158 5006 1265 5086 tam
1296 5025 1480 5070 sancte
1524 5017 1589 5086 ad
1620 5006 2170 5086 sei'psamuinvitatfit,
2202 5018 2261 5061 ut
2298 5011 2348 5061 in
2378 5006 2538 5062 tantis
2562 5008 3067 5086 perturbationibus
3100 5007 3246 5086 fidei,
3274 5006 3486 5086 dissen-

254 5076 718 5155 sionibusque'ac
765 5076 1039 5140 scandatis
1086 5076 1511 5155 iuobedientium
1552 5076 1781 5155 filiorum
1808 5082 2028 5155 adjuta,_
2058 5080 2197 5155 sicut
2224 5093 2320 5155 par
2345 5089 2446 5139 est.
2481 5076 2762 5155 stu'tliisjic
2793 5076 3186 5155 moribustuls,
3220 5076 3487 5155 solidetur

260 5158 316 5238 in
344 5146 584 5238 pomiuo
610 5157 959 5238 eLdirigatu-r
994 5157 1046 5208 in
1086 5154 1295 5238 laudem
1324 5164 1379 5209 et
1409 5154 1632 5234 gloriam
1664 5146 1889 5238 Domini
1912 5162 1968 5205 et
1996 5146 2304 5238 Salvat‘oris‘
2324 5150 2498 5204 nostri
2526 5146 2647 5205 Jesu
2679 5148 2879 5204 Christi
2914 5167 2927 5202 :
2960 5148 3049 5218 qui
3085 5162 3206 5203 cum
3242 5147 3403 5201 Patre
3442 5154 3495 5201 et

263 5228 475 5299 Spiritu
502 5239 694 5282 sancto
723 5219 853 5282 vivit
882 5234 937 5280 et
968 5224 1320 5296 regnatbeus
1350 5219 1443 5294 per
1475 5224 1655 5281 omnia
1684 5224 2002 5280 saeculorum
2028 5219 2243 5276 stecula.
2274 5221 2465 5274 Amen.

326 5408 349 5440 ⁸
370 5407 547 5467 Galat.
579 5424 662 5475 ut,
689 5407 778 5463 27.
