4046 6456
544 397 805 441 ωιιιινι

1889 390 2385 446 PBOLEGOMENA
2396 431 2410 445 .

554 506 726 552 totum
753 510 1022 565 occupare
1043 496 1329 552 recolendo
1362 496 1653 555 Dominicte
1682 502 2119 563 Circumcistouis
2147 514 2193 571 Α
2218 508 2547 579 perdurarit.
2588 526 2605 559 ι
2640 505 2763 563 Haec
2786 514 2844 562 ut
2864 509 3038 577 quoad
3069 522 3177 563 rem
3204 507 3452 579 pleraque
3481 526 3605 565 vera
3628 523 3777 583 sunt,

552 587 832 659 mysterio.
872 584 969 642 Bis
994 590 1264 642 recentior
1284 588 1597 644 Grazcorum
1628 592 2031 661 pietas,s:eculo
2064 616 2116 652 xt

547 684 756 739 addidit
788 686 1007 739 tertium
1036 685 1135 755 ipsi
1162 685 1531 756 Gregorioque
1551 688 1823 760 Thcologo
1846 704 1897 747 et
1923 693 2115 749 Joanui

549 776 940 847 Cbrysostomo
968 779 1328 832 communiter
1355 779 1759 837 celebrandum.
1794 784 1868 839 De
1900 785 1998 839 hoc
2020 785 2120 839 dif-

549 867 779 923 ferimus
832 884 994 940 agere
1052 885 1223 940 usque
1269 880 1391 941 post
1422 876 1553 927 A-tta
1590 875 1714 930 vitae
1752 875 1925 933 fusius
1957 880 2121 947 expli-

554 961 727 1014 canda
755 981 768 1016 :
798 961 865 1017 de
910 963 1179 1041 prioribus
1212 963 1420 1019 duobus
1452 967 1665 1035 praefari
1690 969 1882 1036 placet.
1914 970 2120 1026 Latinis

551 1067 682 1123 ergo
719 1051 1121 1123 Martyrologiis
1156 1054 1261 1108 hoc
1286 1068 1377 1110 xtv
1400 1054 1542 1110 Junii
1597 1058 1867 1127 ascriptus
1902 1072 2121 1117 sanctus

552 1144 785 1199 Basilius
841 1154 970 1199 est:
1010 1162 1113 1200 non
1169 1156 1296 1200 sunt
1332 1156 1507 1202 tamen
1557 1149 1930 1218 antiquissima
1988 1152 2118 1206 illa:

552 1244 736 1296 tacent
771 1237 914 1291 enim
962 1236 1028 1291 de
1074 1235 1279 1291 Basilio
1317 1237 1722 1309 liieronymiani
1758 1240 2121 1313 Martyrologii

551 1328 821 1399 ecgrapha
851 1329 1073 1395 omnia;
1133 1343 1343 1384 necnon
1385 1331 1654 1400 genuinus
1699 1331 1874 1399 Beda,
1909 1336 2123 1388 omnia-

552 1436 659 1491 que
711 1420 867 1476 Bedze
928 1430 1137 1476 vetusta
1194 1419 1621 1492 Supplementa,
1660 1439 1765 1477 una
1814 1441 1933 1477 cum
1967 1425 2128 1481 Floro

553 1508 924 1579 Lugdunensi,
951 1526 1015 1566 ac
1046 1514 1281 1583 denique
1300 1512 1722 1570 Wandelbertus
1770 1512 2124 1570 Prumiensis.

553 1598 721 1656 Primi
758 1601 811 1655 in
835 1602 922 1656 illo
953 1604 1303 1668 nominando,
1342 1620 1408 1660 ex
1438 1605 1707 1660 communi
1733 1615 1911 1660 tamen
1945 1609 2128 1661 nescio

554 1705 665 1760 quo
700 1690 868 1757 fonte,
904 1692 1125 1748 fuerunt
1161 1694 1440 1750 Usuardus
1466 1706 1520 1750 et
1552 1697 1666 1750 Ado
1695 1716 1710 1751 :
1743 1711 1971 1766 quorum
2020 1698 2129 1766 pri-

557 1797 700 1849 mus,
744 1798 896 1838 more
922 1798 1023 1839 suo
1048 1784 1286 1853 brevior,
1312 1788 1379 1841 ad
1415 1803 1545 1842 xvm
1574 1788 1844 1845 Kalendas
1890 1788 2014 1844 Julii
2050 1790 2129 1845 sic

2218 598 2287 650 ita
2316 598 2367 651 in
2418 597 2844 653 circumstantiis
2871 599 2938 652 ab
2961 600 3185 654 historia
3222 600 3446 655 multum
3479 605 3773 673 aberrant;

2220 689 2360 755 quod
2400 688 2603 758 patebit
2636 689 3002 744 consideranti
3036 692 3166 744 Acta
3209 691 3435 746 inferius
3467 695 3659 751 danda.
3701 698 3778 753 Ex

2218 780 2402 835 Adone
2456 792 2634 835 tamen
2687 782 3010 847 ostenditur,
3034 792 3278 837 sanctum
3310 782 3588 849 Basilinm,
3623 789 3782 845 annis

2220 868 2417 923 abhinc
2446 869 2769 938 octingentis
2805 869 2907 925 coli
2956 870 3131 925 solere
3179 872 3280 927 hac
3332 874 3538 928 decima
3589 891 3780 946 quarta

2218 958 2362 1014 Junii
2403 978 2417 1027 ;
2464 960 2692 1032 indeque
2742 961 2995 1016 suadetur
3037 962 3223 1017 eadem
3278 962 3364 1018 die
3406 978 3779 1022 consecratum

2221 1052 2581 1121 episcOpum;
2632 1054 2874 1122 quamvis
2940 1054 3215 1123 ignoretur
3258 1058 3395 1111 unde
3446 1058 3548 1113 hoc
3593 1058 3771 1117 Latini

2224 1144 2551 1213 acceperint,
2580 1145 2883 1201 tacentibus
2919 1145 3123 1201 Graecis

2294 1235 2349 1288 3.
2391 1233 2619 1289 Usuardi
2653 1233 2880 1291 Lubeca:
2915 1237 3099 1292 excusi
3131 1247 3184 1293 et
3208 1237 3433 1293 Florarii
3466 1239 3785 1298 Sanctorum

2224 1336 2496 1391 auctores,
2518 1342 2641 1382 cum
2670 1326 2852 1382 forsan
2881 1330 3193 1399 ignorarent
3238 1347 3341 1399 qua
3373 1332 3438 1387 de
3460 1347 3622 1388 causa
3670 1337 3788 1391 dies

2228 1416 2319 1470 ιιίο
2383 1416 2584 1471 Basilio
2640 1431 2797 1472 sacer
2844 1417 3158 1487 haberetur,
3210 1421 3617 1476 translationem
3672 1424 3789 1494 ejus

2228 1507 2515 1575 quamdam
2541 1548 2557 1573 ,
2584 1508 2677 1563 sed
2707 1508 2957 1563 omnibus
2985 1508 3103 1564 aliis
3134 1511 3366 1580 ignotam
3400 1512 3788 1583 excogitarunt.

2231 1594 2447 1652 Primus
2483 1615 2497 1652 :
2534 1618 2551 1650 ‹
2601 1598 2756 1669 Apud
2812 1598 3114 1654 Caesaream
3158 1601 3548 1672 Cappadociae,
3585 1607 3787 1676 inquit,

2232 1689 2519 1743 translatio
2547 1688 2605 1747 S.
2640 1690 2845 1757 Basilii,
2880 1691 3117 1762 episcopi
3144 1703 3198 1746 et
3233 1694 3577 1752 confessoris.
3622 1717 3642 1750 ι
3672 1698 3793 1754 Flo-

2234 1779 2435 1833 rarium
2462 1781 2649 1835 iisdem
2675 1781 2843 1847 addit,
2891 1800 2909 1833 ι
2941 1782 3124 1837 fratris
3151 1782 3395 1855 Gregorii
3422 1798 3475 1842 et
3500 1788 3670 1855 Petri,
3703 1795 3792 1861 qui

559 1874 753 1928 scribit
774 1874 827 1927 in
871 1874 1120 1930 omnibus
1148 1876 1263 1932 fere
1290 1878 1729 1948 exemplaribus;
1775 1899 1794 1930 ι
1830 1881 1982 1946 Apud
2010 1882 2125 1935 (ξπ-
2159 1880 2202 1935 Β
2234 1881 2477 1939 tempore
2515 1871 2753 1926 Valentis
2784 1873 3143 1943 imperatoris,
3182 1874 3423 1929 doctrina
3453 1883 3793 1947 etlsapientia

558 1976 769 2016 saream
802 1963 1158 2034 Cappadociae
1186 1967 1396 2023 Natalis
1424 1968 1482 2022 S.
1519 1970 1700 2025 Basilii
1744 1973 2005 2041 episcopi,
2038 1973 2129 2042 qui

562 2061 804 2122 tempore
858 2057 1099 2112 Valentis
1149 2059 1400 2114 doctrina
1449 2070 1504 2115 et
1560 2064 1821 2134 sapientia
1880 2064 2131 2132 insignis,

558 2142 921 2214 omnibusque
971 2146 1265 2203 virtutibus
1299 2146 1577 2218 fundatus,
1628 2152 1953 2206 mirabiliter
1980 2151 2134 2207 eﬂ'ulo

561 2233 653 2288 sit.
696 2250 719 2286 ι
748 2234 851 2292 Per
882 2236 1115 2293 natalem
1149 2238 1312 2304 diem,
1343 2240 1507 2293 alium
1554 2242 1642 2296 hic
1674 2241 1972 2311 intelligere
2026 2259 2130 2299 non

563 2339 873 2395 possumus,
917 2343 1079 2398 quam
1112 2331 1547 2385 anniversarium
1599 2334 1954 2390 ordinationis
1981 2373 1999 2401 ,
2054 2336 2132 2390 uti

559 2431 784 2477 sanctus
813 2421 922 2477 Leo
960 2423 1183 2490 Magnus
1206 2464 1220 2488 ,
1256 2438 1508 2478 sermone
1545 2427 1705 2479 tertio
1732 2427 1782 2480 in
1822 2428 2133 2482 anniversa-

562 2516 647 2570 rio
668 2516 1054 2585 assumptionis
1089 2533 1219 2582 suae,
1240 2532 1361 2573 eum
1388 2520 1661 2574 servitutis
1693 2536 1803 2575 suae
1830 2522 2133 2577 natalitium

562 2604 705 2657 diem
733 2604 981 2673 appellat.
1033 2605 1158 2660 Ideo
1190 2607 1508 2661 hodiernum
1542 2608 1841 2663 Romanum
1873 2609 2136 2682 Martyro~

564 2695 788 2762 legium.
818 2696 1047 2754 servatis
1070 2698 1194 2754 aliis
1233 2699 1467 2756 Usuardi
1516 2699 1716 2765 verbis,
1764 2700 1884 2756 loco
1908 2700 2133 2766 Natalis.

564 2788 965 2844 ordinationem
1014 2794 1223 2859 posuit;
1280 2793 1588 2865 addiditque
1643 2794 1785 2865 quod
1837 2794 2135 2849 Ecclesiam

566 2879 832 2935 adversus
864 2881 1094 2938 Arianos
1128 2895 1183 2938 et
1214 2884 1629 2942 Macedonianos
1671 2887 1808 2942 mira
1837 2888 2140 2943 constantia

564 2971 828 3029 defendit.

638 3155 692 3208 2.
730 3154 866 3221 Ado,
902 3154 1054 3225 cujus
1094 3156 1274 3226 priora
1302 3156 1462 3212 verba
1511 3159 1849 3229 transcripsit
1876 3158 1989 3227 ejus
2038 3161 2137 3215 ab-

566 3247 838 3303 breviator
870 3265 1193 3321 anonymus,
1224 3252 1313 3320 qui
1342 3252 1439 3305 sub
1472 3249 1629 3305 Bedaa
1669 3252 1884 3306 nomine
1916 3254 2142 3307 circum-

568 3340 762 3407 fertur,
816 3354 867 3395 et
912 3341 1197 3396 Baronium
1248 3344 1485 3413 aliosque
1564 3344 1745 3415 plures
1816 3344 2004 3399 fefellit
2076 3361 2139 3401 ac

568 3433 742 3499 fallit,
778 3432 895 3487 Ado
928 3473 943 3495 ,
1000 3435 1257 3505 inquam,
1313 3436 1381 3487 ad
1428 3436 1657 3489 similem
1716 3434 1831 3491 fere
1891 3436 2136 3494 Usuardo

568 3530 1165 3592 commemorationem,
1223 3529 1306 3580 his
1335 3528 1511 3581 verbis
1536 3538 1847 3596 conceptam
1887 3547 1900 3583 :
1934 3547 1952 3580 ι
1986 3529 2140 3597 Apud

569 3617 872 3671 Caesaream
914 3617 1268 3685 Cappadocia:
1303 3618 1473 3673 sancti
1514 3615 1694 3670 Basilii
1738 3618 1999 3685 episeOpi,
2033 3620 2141 3672 fra-

573 3709 673 3762 tris
704 3707 949 3777 Gregorii
988 3720 1042 3761 ct
1094 3710 1257 3775 Petri,
1299 3728 1316 3761 ι
1358 3710 1634 3779 prolixiori
1679 3708 1854 3777 elogio
1896 3709 2142 3762 eumdem

571 3800 654 3856 sic
681 3800 1027 3871 prosequitur
1059 3818 1072 3853 ε
1104 3821 1122 3852 ι
1163 3803 1265 3869 Qui
1313 3817 1434 3856 cum
1474 3812 1615 3855 esset
1650 3800 1903 3855 omnibus
1931 3799 2146 3852 virtuti-

565 3896 673 3947 bus
703 3894 981 3959 fundatus,
1019 3905 1075 3949 et
1098 3895 1329 3963 quodam
1360 3904 1602 3954 tempore
1649 3909 1677 3946 a
1722 3894 1944 3948 Valente
1972 3892 2147 3962 impe-

574 3993 757 4037 ratore
789 3985 841 4038 in
870 3985 1118 4037 exsiliunt
1166 3999 1263 4051 pro
1296 3984 1396 4035 tide
1426 3991 1731 4046 cogeretur,
1758 3982 2031 4035 exhibitus
2078 3980 2145 4035 ad

578 4072 814 4126 tribunal
865 4073 1129 4143 praefecti,
1159 4073 1564 4141 terroribnsqne
1594 4074 1675 4141 (ιιι
1723 4074 1797 4127 illi
1853 4075 2019 4129 moris
2066 4084 2150 4128 est

575 4166 857 4237 potestati)
896 4176 951 4220 et
981 4167 1141 4220 minis
1178 4166 1430 4219 maximis
1465 4164 1547 4232 agi
1577 4165 1761 4231 cnspit,
1795 4175 1853 4217 ut
1878 4166 1979 4219 nisi
2011 4180 2149 4237 prae-

574 4258 747 4325 ceptis
779 4259 1038 4327 principis
1063 4258 1326 4324 obcdiret,
1347 4257 1623 4311 interitum
1654 4256 1756 4310 sibi
1790 4253 1900 4321 jam
1925 4255 2148 4324 jamque

574 4360 821 4418 speraret
846 4351 1178 4419 impendere.
1206 4349 1356 4403 Tunc
1383 4348 1493 4412 ille,
1534 4347 1837 4414 intrepidus
1868 4356 1922 4399 et
1948 4347 2149 4415 absque

576 4444 683 4495 ulla
717 4443 879 4496 animi
912 4444 1318 4510 perturbatione
1343 4483 1357 4507 ,
1396 4442 1511 4494 haec
1556 4443 1656 4495 sibi
1692 4440 1963 4494 minitanti
2017 4455 2149 4508 pra:-

2234 1960 2492 2028 insiguis;
2520 1977 2644 2015 cum
2674 1962 2789 2030 ipse
2835 1962 3129 2032 imperator
3177 1965 3245 2017 de
3288 1964 3428 2019 illius
3452 1967 3645 2020 exsilio
3675 1985 3768 2022 seu

2235 2050 2459 2103 tentiam
2486 2050 2646 2104 vellet
2674 2053 2913 2108 scribere
2939 2092 2954 2118 ,
3009 2054 3241 2123 primus,
3265 2055 3556 2124 secundus,
3591 2068 3645 2112 et
3686 2070 3795 2113 ter-

2236 2141 2342 2201 tius
2365 2140 2609 2196 calamus
2644 2140 2849 2199 fractus
2885 2154 2996 2211 est;
3043 2144 3183 2200 unde
3217 2146 3523 2217 indignatus
3551 2149 3794 2203 chartam

2237 2230 2420 2300 fregit.
2459 2229 2669 2285 Claruit
2716 2246 2856 2289 anno
2914 2236 3106 2291 salutis
3162 2236 3288 2295 569.
3321 2255 3341 2288 ι
3382 2237 3798 2309 Manuscriptum

2235 2322 2295 2380 S.
2314 2321 2553 2387 Gudultc,
2578 2337 2691 2377 non
2713 2326 3046 2382 translationi
3065 2330 3156 2384 sed
3173 2331 3481 2397 elevationi,
3499 2333 3665 2400 hujus
3692 2334 3797 2387 diei

2238 2414 2434 2469 festum
2473 2413 2702 2469 ascribit
2729 2431 2743 2466 :
2775 2422 2828 2468 et
2856 2426 3033 2482 recte,
3062 2420 3104 2472 si
3136 2430 3326 2489 praeter
3359 2423 3694 2478 ordinarium
3719 2426 3801 2479 lo-

2237 2505 2434 2574 quendi
2464 2506 2708 2572 modum,
2745 2521 2841 2577 per
2860 2506 3213 2564 elevationem
3245 2514 3565 2585 intelligeret
3592 2516 3798 2570 exalta-

2242 2596 2447 2651 tionem
2479 2597 2596 2665 ejus
2642 2598 2699 2652 in
2726 2600 3038 2654 cathedram
3073 2602 3449 2672 episcopalem.
3482 2608 3714 2662 Additur
3751 2611 3800 2663 in

2238 2686 2429 2762 eodem
2459 2686 2702 2745 Florario
2722 2688 3052 2758 elogium,_ab
3078 2690 3196 2746 aliis
3225 2691 3450 2747 Usuardi
3482 2700 3804 2768 apographis

2239 2779 2514 2836 diversum
2539 2821 2556 2847 ,
2593 2795 2695 2837 nec
2741 2782 2946 2837 erroris
2976 2795 3191 2853 expers.
3243 2801 3261 2835 ι
3314 2783 3466 2851 Apud
3500 2786 3803 2844 Ctesaream

2238 2872 2592 2943 Cappadociae
2617 2912 2633 2939 ,
2668 2875 2901 2932 elevatio
2931 2875 3075 2931 beati
3118 2884 3174 2930 et
3207 2878 3384 2947 magni
3431 2876 3616 2933 Basilii
3643 2919 3660 2944 ,
3690 2881 3771 2949 epi

2242 2965 2389 3032 scopi
2425 2975 2480 3019 et
2522 2968 2879 3032 confessoris,
2930 2965 3117 3022 fratris
3165 2968 3339 3024 sancti
3392 2966 3637 3039 Gregorii
3698 2970 3809 3024 Na-

2244 3056 2491 3113 xianaeni
2543 3066 2598 3111 et
2637 3056 2779 3111 Petri
2806 3077 2821 3112 :
2846 3059 2930 3113 cui
2960 3058 3211 3114 Christus
3241 3076 3362 3115 cum
3398 3060 3511 3115 suis
3548 3063 3812 3131 apostolis

2247 3162 2533 3215 apparens,
2566 3149 2929 3205 ministerium
2966 3150 3144 3207 Missa:
3176 3152 3360 3208 docuit
3390 3167 3407 3205 :
3437 3162 3490 3208 et
3513 3153 3667 3221 cujus
3689 3170 3811 3222 pre-

2244 3240 2397 3295 cibus
2443 3238 2677 3310 Ephrem
2723 3239 2890 3311 Syrus
2943 3241 3130 3298 Graece
3196 3244 3407 3300 locutus
3452 3255 3577 3301 est:
3606 3250 3810 3316 quique

2245 3342 2475 3387 mortem
2504 3329 2701 3385 Juliani
2749 3334 3024 3399 Apostattn
3058 3348 3154 3399 per
3193 3334 3571 3390 revelationem
3605 3354 3805 3407 cogno-

2243 3428 2343 3492 vit,
2392 3427 2482 3495 qui
2529 3428 2733 3481 vadens
2760 3425 2827 3479 ad
2861 3424 3061 3478 bellum
3094 3422 3396 3492 Persicum,
3420 3427 3519 3487 sibi
3550 3429 3599 3481 in
3634 3433 3809 3484 reditu

2245 3517 2666 3571 destructionem
2714 3515 2975 3571 Caesareae
3017 3513 3195 3570 fuerat
3237 3515 3620 3570 comminatus.
3661 3535 3681 3568 ι
3731 3520 3810 3572 An

2247 3608 2553 3664 intellectus
2606 3623 2793 3664 errore
2818 3648 2834 3673 ,
2865 3624 2934 3663 an
2984 3608 3176 3663 calami
3208 3609 3432 3663 nimium
3482 3609 3811 3674 festinantis.

2247 3698 2623 3755 Nazianzenus
2668 3715 2763 3768 pro
2797 3698 3040 3769 Nysseno
3071 3700 3160 3755 hic
3212 3701 3451 3770 legatur,
3504 3718 3610 3757 non
3657 3702 3815 3756 facile

2248 3790 2470 3843 dixeris.
2525 3791 2599 3844 De
2645 3792 2871 3843 aliorum
2907 3792 2995 3844 hic
3048 3801 3393 3845 narratorum
3430 3794 3659 3849 veritate
3704 3805 3815 3849 sta-

2250 3886 2392 3941 tues,
2416 3894 2538 3931 cum
2569 3882 2699 3932 Acta
2728 3879 2955 3933 inferius
2978 3880 3149 3933 danda
3178 3881 3491 3951 perlegeris.

2320 3974 2373 4027 4.
2408 3972 2463 4027 ln
2499 3974 2779 4029 ritualibus
2805 3974 3115 4029 Grtecorum
3157 3976 3331 4039 libris.
3366 3978 3469 4031 hoc
3492 3978 3577 4031 die
3609 3994 3702 4033 xxv
3724 3976 3816 4033 Ju-

2249 4066 2327 4121 nii
2369 4065 2639 4121 neminem
2696 4065 2928 4136 reperio,
2960 4067 3049 4135 qui
3078 4068 3403 4122 mentionem
3436 4068 3605 4122 sancti
3633 4068 3815 4124 Basilii

2253 4160 2436 4224 faciat,
2466 4169 2660 4228 praeter
2693 4158 3039 4229 Horologium
3072 4175 3165 4215 seu
3199 4160 3482 4215 llorarium
3515 4200 3531 4226 ,
3560 4160 3626 4213 ad
3660 4176 3814 4215 usum

2252 4252 2563 4305 monasterii
2613 4252 2827 4320 Cryptze
2855 4249 3068 4305 ferrata:
3100 4261 3154 4305 et
3190 4251 3416 4304 aliorum
3448 4255 3813 4306 monasterio-

2254 4356 2371 4394 rum
2416 4342 2620 4395 ordinis
2648 4340 2707 4393 S.
2746 4340 2965 4403 Basilii,
2995 4348 3217 4393 curante
3244 4341 3674 4395 eminentissimo
3695 4357 3818 4395 car-

2255 4431 2432 4487 diuale
2460 4431 2662 4489 Nerlio.
2692 4430 2877 4484 Romae
2913 4430 3256 4499 impressum,
3289 4431 3379 4486 ubi
3430 4431 3627 4501 legitur
3653 4433 3815 4487 divini

577 4535 723 4589 fecto
776 4535 1116 4603 respondisse
1167 4534 1337 4588 fertur
1371 4547 1385 4584 :
1425 4551 1441 4583 ι
1483 4533 1657 4601 Atque
1711 4532 1919 4585 utinam
1950 4529 2147 4599 aliquid
2183 4553 2226 4608 υ
2255 4520 2414 4576 oﬂicii
2438 4522 2528 4575 hic
2557 4519 2740 4575 titulus
2776 4538 2789 4573 :
2821 4539 2838 4571 ι
2872 4519 3053 4575 Sancti
3084 4520 3261 4576 Patris
3294 4523 3463 4577 nostri
3489 4521 3675 4575 Basilii
3710 4522 3819 4576 Ma-

580 4627 714 4680 mihi
748 4636 894 4681 esset
941 4626 1086 4695 digni
1120 4627 1378 4690 muneris,
1410 4625 1550 4693 quod
1580 4621 2007 4687 offerrem-huic,
2058 4627 2147 4689 qui

578 4720 846 4773 maturius
892 4717 1151 4773 Basilinm
1201 4718 1267 4770 de
1301 4719 1444 4771 nodo
1500 4716 1642 4770 follis
1692 4716 1852 4781 huius
1907 4714 2152 4768 absolve-

579 4819 685 4863 ret.
726 4828 745 4862 ι
778 4809 1023 4877 Cumque
1050 4810 1276 4863 daretur
1315 4812 1362 4862 ei
1398 4825 1501 4863 nox
1536 4824 1656 4880 qua:
1678 4818 1797 4863 erat
1833 4807 2005 4862 media
2036 4847 2051 4871 ,
2083 4806 2150 4862 ad

581 4902 815 4969 spatium
847 4902 1209 4966 deliberandi,
1246 4902 1594 4971 respondisse
1612 4900 1789 4955 denuo
1808 4900 2148 4968 perhibetur:

588 5012 606 5041 α
650 4994 760 5062 Ego
794 4997 1037 5049 crastino
1086 4994 1203 5061 ipse
1236 5009 1333 5048 ero
1371 4994 1462 5063 qui
1508 5008 1648 5049 nunc
1692 5012 1707 5048 :
1752 5002 1805 5047 tu
1837 5003 1909 5060 te,
1948 4994 2151 5049 utinam

584 5103 690 5139 non
725 5088 1006 5140 mutares!
1049 5106 1067 5139 ι
1098 5087 1163 5140 Et
1200 5087 1287 5140 illa
1313 5086 1527 5155 quidem
1565 5095 1724 5139 nocte
1762 5101 1901 5139 uxor
1929 5086 2157 5153 impera-

586 5178 745 5240 toris,
777 5178 921 5231 velut
949 5179 1239 5232 tortoribus
1257 5176 1475 5239 tradita,
1496 5179 1802 5239 cruciatur;
1836 5176 1977 5231 filius
2004 5190 2152 5240 vero,

586 5269 676 5335 qui
720 5268 800 5322 eis
849 5279 969 5322 erat
1030 5268 1240 5331 unicus,
1290 5268 1612 5332 exstinctus,
1681 5274 1921 5337 paternae
1963 5266 2155 5336 impie-

588 5358 713 5411 tatis
735 5359 896 5412 solvit
921 5358 1181 5428 supplicia
1213 5376 1226 5409 :
1256 5359 1327 5411 ita
1377 5368 1437 5412 ut
1482 5369 1607 5412 ante
1638 5360 1809 5412 lucem
1842 5359 1991 5411 missi
2025 5356 2153 5417 sint,

590 5451 682 5516 qui
722 5460 979 5520 rogarent
1033 5449 1290 5506 Basilinm
1352 5460 1407 5505 ut
1440 5450 1688 5520 precibus
1716 5449 1828 5504 suis
1858 5448 2156 5502 intercede-

591 5553 676 5597 ret
707 5557 804 5611 pro
836 5542 936 5608 eis,
964 5558 1031 5598 ne
1062 5545 1227 5602 etiam
1258 5543 1382 5611 ipsi,
1429 5552 1483 5596 et
1521 5544 1737 5611 quidem
1766 5540 1932 5595 multo
1959 5542 2156 5607 iustius

591 5636 904 5689 interirent.
939 5634 1029 5690 Sic
1075 5634 1313 5698 accidit,
1360 5644 1421 5689 ut
1453 5648 1575 5690 cum
1608 5648 1796 5687 omnes
1849 5631 2157 5686 Catholicos

591 5729 864 5793 expulerit
912 5726 1143 5792 Valens,
1180 5724 1408 5781 Basilius
1452 5739 1621 5796 usque
1665 5726 1730 5777 ad
1762 5724 1886 5780 vita:
1910 5721 2111 5775 exitum
2136 5758 2152 5783 ,

597 5820 922 5877 intemerato
984 5834 1383 5878 esmmurnoms
1416 5827 1756 5873 sacramento
1778 5859 1791 5881 ,
1832 5816 1882 5870 in
1916 5812 2156 5870 Ecclesia

2255 4612 2366 4684 gni,
2399 4633 2419 4666 ι
2454 4612 2648 4665 deinde
2709 4614 3075 4681 praescribitur
3121 4616 3276 4675 ordo,
3305 4613 3576 4683 plerisque
3604 4613 3821 4667 desum-

2254 4707 2360 4774 ptis
2387 4720 2450 4759 ex
2496 4703 2663 4772 prima
2692 4703 2930 4759 Januarii
2963 4722 2975 4757 :
3010 4705 3111 4759 hac
3140 4706 3283 4757 enim
3318 4704 3369 4757 in
3400 4705 3622 4771 praefato
3655 4704 3824 4759 [lora-

2266 4798 2348 4853 rio
2382 4797 2551 4850 sancti
2603 4795 2788 4851 Basilii
2836 4795 3026 4850 festum
3063 4797 3313 4859 habetur,
3356 4797 3672 4850 solemniter
3700 4812 3824 4864 per-

2254 4890 2541 4959 agendum,
2572 4887 2731 4941 simul
2751 4902 2870 4941 cum
2896 4887 3033 4941 festo
3062 4885 3514 4942 Circumcisionis.
3536 4886 3599 4939 Et
3623 4887 3688 4941 de
3717 4886 3819 4940 Ba-

2264 4978 2389 5035 silio
2440 4980 2655 5047 quidem
2707 4978 2773 5031 ad
2818 4978 3038 5032 missam
3077 4976 3181 5032 hoc
3218 4978 3432 5032 canitur
3479 4977 3819 5045 tropariuzu;

2261 5089 2280 5123 ι
2320 5070 2373 5125 In
2398 5084 2613 5125 omnem
2636 5081 2837 5123 terram
2866 5068 3033 5122 exivit
3055 5083 3219 5122 sonus
3254 5077 3400 5131 tuus,
3441 5077 3498 5119 ut
3520 5070 3823 5137 susciperet

2259 5177 2565 5219 sermonem
2608 5171 2797 5225 tuum,
2832 5174 2940 5227 quo
2974 5174 3073 5214 nos
3121 5159 3301 5212 divine
3355 5170 3823 5229 congruenterque

2255 5254 2576 5317 erudivisti,
2611 5252 2904 5323 explanatis
2954 5260 3205 5304 naturam
3265 5263 3490 5314 rerum,
3542 5258 3593 5304 et
3642 5264 3822 5303 mores

2258 5348 2536 5402 hominum
2597 5358 2893 5398 exornans.
2954 5341 3154 5409 Regale
3209 5340 3614 5401 sacerdotium.
3664 5340 3823 5395 Pater

2257 5448 2467 5502 sancte,
2502 5435 2774 5491 intercede
2808 5436 2943 5501 apud
2966 5433 3239 5487 Christum
3280 5430 3445 5485 Deum
3472 5443 3739 5499 nostrum,
3766 5444 3820 5485 ut

2256 5534 2531 5588 salvcntur
2555 5531 2747 5582 animae
2781 5536 2995 5580 nostrae.
3029 5546 3048 5576 ι
3092 5525 3225 5581 lluic
3252 5524 3587 5595 subiungitur
3616 5528 3682 5580 de
3708 5528 3824 5579 εῖτ-ς

2258 5625 2589 5681 cumcisione
2624 5619 2798 5675 simile
2833 5618 3167 5689 troparium:
3200 5636 3219 5668 ι
3256 5616 3359 5683 Qui
3382 5616 3537 5673 sedes
3564 5617 3616 5669 in
3639 5618 3820 5669 εχρυιο

2262 5720 2337 5774 sis
2399 5732 2560 5787 super
2597 5716 2844 5767 thronum
2902 5712 3073 5769 instar
3113 5710 3249 5780 ignis
3302 5708 3660 5779 splendidum,
3702 5722 3823 5759 cum

2263 5810 2423 5866 Patre
2454 5820 2653 5864 aeterno
2680 5812 2731 5859 et
2772 5800 2953 5856 d'nino
2980 5810 3067 5857 tuo
3096 5800 3327 5871 Spiritu,
3360 5801 3615 5870 dignatus
3644 5815 3708 5853 es
3731 5815 3797 5853 na
