4046 6454
1045 385 1405 446 EXCEBPTA
1452 395 1538 450 EX
1581 398 1785 455 ACTIS
1823 401 1881 454 S.
1925 401 2162 459 BASlLli
2206 406 2721 465 BOLLANDL‘NIS.

3212 425 3341 465 CCL!
3352 425 3495 464 ιιηι

270 497 354 551 πί
387 498 615 595 “uel”
648 514 713 553 ει
750 505 921 595 "ml?
969 509 1052 554 "'3
1107 505 1303 557 imae”
1336 507 1551 576 Virillnc
1581 552 1596 575 ,
1623 523 1678 566 et
1728 511 1837 568 cir-
1864 517 1910 574 A
1946 517 2021 571 Ex
2059 519 2288 573 metrico
2325 523 2487 575 etiam
2518 521 2818 595 Synaxario
2872 536 2964 575 seu
3006 520 3329 577 Kalendario
3378 522 3496 580 dies

262 590 492 645 eiuncidi
527 605 659 657 puer
683 600 808 642 octo
846 592 1053 646 dierum
1080 613 1093 648 :
1131 595 1384 665 sitgloria
1415 600 1617 665 optimo
1648 607 1827 659 consi-

261 679 337 735 lio
370 693 482 747 tun,
515 681 686 748 gloria
723 682 1080 741 incarnationi
1116 689 1423 758 tnm,3loria
1456 708 1676 747 summa!
1698 711 1825 766 erga

261 788 363 828 nos
396 772 708 825 demissioni
740 782 862 841 tua},
889 779 1045 832 unice
1073 777 1347 832 hominum
1377 792 1603 836 amatur.
1641 800 1661 837 ι
1695 784 1828 844 Hinc

258 878 452 923 rursus
481 863 546 916 ad
580 862 831 920 Basilium
860 886 873 920 :
916 888 934 920 ι
976 868 1054 923 Tu
1091 869 1236 924 basis
1268 872 1586 930 inconcussa
1631 875 1823 934 Eccle-

264 957 385 1015 siaz,
421 954 666 1022 praebens
713 961 922 1015 cunctis
957 961 1272 1017 mortalibus
1312 964 1621 1022 inviolatum
1678 972 1819 1026 relu-

262 1047 434 1115 gium,
470 1056 667 1119 tuaque
698 1051 1030 1105 conﬁrmans
1053 1052 1338 1121 dogmata;
1370 1058 1489 1113 cceli
1536 1060 1709 1113 instar
1746 1077 1828 1117 re-

264 1138 571 1202 sptontlcns,
608 1152 796 1196 sancte
826 1139 1012 1194 Basili.
1044 1161 1063 1193 ι
1103 1142 1364 1201 Similiter
1387 1160 1443 1202 ct
1472 1151 1703 1217 primum
1734 1167 1827 1206 ve-

265 1230 571 1299 tustiusque.
602 1231 834 1286 officium
862 1271 877 1296 ,
935 1232 1264 1304 descriptum
1297 1239 1349 1293 in
1401 1239 1618 1295 Menaeis
1642 1278 1657 1303 ,
1708 1240 1827 1300 l'esti

267 1330 433 1388 atque
467 1320 638 1373 sancti
671 1323 915 1376 encomia
949 1324 1174 1393 miscet;
1207 1340 1259 1383 et
1280 1330 1587 1399 invesperis
1613 1332 1825 1399 quidem

265 1409 433 1465 habet
501 1417 610 1463 tres
662 1426 852 1467 versus
907 1414 1219 1483 similares,
1277 1429 1336 1472 ut
1398 1431 1636 1487 vocant;
1696 1436 1829 1491 quo.

264 1517 385 1555 rum
432 1503 638 1571 primus
684 1504 751 1559 de
791 1518 933 1562 seSto
984 1509 1275 1561 ascribitur
1309 1507 1572 1579 Byzanti;
1601 1510 1708 1563 duo
1734 1526 1829 1563 an-

267 1600 377 1646 tem
431 1596 497 1650 de
548 1607 737 1653 sancto
789 1600 1047 1653 dicuntur
1092 1613 1213 1652 esse
1264 1599 1445 1653 Basilii
1494 1611 1548 1656 et
1604 1600 1827 1657 Joannis

268 1686 655 1742 monachorum
678 1728 694 1752 ,
731 1703 958 1756 quorum
994 1690 1261 1757 posterior
1310 1691 1517 1745 videtur
1566 1709 1688 1749 esse
1720 1694 1827 1748 Da-

269 1789 575 1839 masccnns,
603 1778 741 1829 idem
788 1788 842 1830 et
869 1789 1059 1832 auctor
1081 1782 1304 1836 canonis
1333 1782 1524 1850 prolixi
1552 1784 1616 1837 de
1640 1785 1824 1840 eodem

1934 610 2112 665 obitus
2145 612 2259 676 ejus
2289 611 2386 665 hnc
2410 627 2562 667 versu
2604 614 2952 668 anmmtiatnr
2980 632 2993 666 :

2008 702 2430 775 Ἰαννουαρίοιο
2461 704 2634 775 (ζάνες
2657 703 2938 775 Βασιλέτε
2965 706 3181 775 πρώτῃ.

2013 773 2147 840 Ipsis
2178 776 2437 828 occumbis
2469 771 2618 837 lani,
2652 776 2866 838 Basilio,
2893 771 3167 831 Kalendis.

1944 861 2093 916 Tunc
2115 865 2275 917 etiam
2298 863 2537 932 ejusdem
2570 862 2761 918 festum
2789 868 3056 936 praecipuo
3079 866 3222 920 cultu
3248 864 3487 922 celebra-

1939 960 2025 1004 tur
2060 952 2110 1005 in
2135 955 2480 1010 sanctissima
2504 970 2695 1024 magna
2723 954 2959 1018 Ecclesia
2997 958 3493 1026 Constantinopoli.

1932 1042 2006 1096 uti
2067 1042 2265 1111 legitur
2302 1046 2353 1098 in
2394 1044 2501 1097 line
2540 1043 2702 1112 Elogii
2743 1044 3030 1109 historici,
3072 1045 3216 1117 quod
3264 1046 3367 1101 hoc
3406 1048 3495 1100 die

1930 1134 2282 1195 recitandum,
2314 1133 2686 1202 prinscrihitur
2728 1134 2779 1188 in
2835 1133 3049 1189 Menatis
3088 1134 3328 1192 excusis.
3366 1134 3495 1189 Elo-

1928 1240 2076 1294 gtum
2101 1223 2201 1278 hoc
2230 1240 2334 1277 non
2360 1238 2507 1280 caret
2535 1225 2763 1279 mendis.
2801 1225 3000 1290 Quare,
3024 1239 3090 1279 eo
3116 1228 3337 1292 omisso,
3360 1224 3496 1282 satis

1929 1320 2102 1375 habeo
2133 1318 2431 1389 producere
2489 1319 2632 1373 aliud
2692 1318 2911 1373 brevius
2937 1354 2952 1379 ,
2994 1314 3085 1370 sed
3118 1320 3383 1373 vetustius
3437 1324 3496 1372 et

1928 1412 2259 1471 accuratius.
2290 1425 2357 1465 ex
2390 1407 2690 1481 Menologio
2729 1408 2916 1464 Basilii
2948 1409 3313 1479 imperatoris,
3348 1410 3493 1465 circa

1929 1517 2125 1556 annum
2152 1500 2257 1556 984
2287 1501 2593 1569 conscripto
2617 1501 2716 1555 hac
2745 1500 3031 1555 verborum
3058 1500 3231 1555 t‘orma
3261 1517 3275 1553 :

1998 1592 2049 1646 6.
2092 1592 2151 1645 Ὀ
2190 1595 2246 1646 ὲν
2276 1593 2474 1661 Ἀγίοις
2505 1592 2695 1663 Πατὴρ
2718 1596 2750 1664 ἡ
2760 1592 2876 1663 μῶν
2905 1586 3181 1655 Βασίλειος
3196 1587 3267 1663 ἦν
3286 1589 3379 1643 ἐπὶ
3397 1589 3499 1661 τῆς

1929 1683 2203 1755 βασιλείας
2258 1684 2575 1747 Οὐάλεντος,
2640 1685 2817 1737 ὅντινα
2873 1684 3147 1737 υύάλεντα
3177 1685 3245 1739 τὰ
3284 1682 3495 1755 ’Δρείου

1925 1780 2018 1833 τοῦ
2070 1777 2343 1849 αἱρετικοῦ
2376 1776 2673 1847 φρονοῦντα
2711 1778 3230 1849 παρρησιασάμενος
3277 1772 3494 1845 ἠλεγξε,

266 1876 455 1920 sancto
477 1905 493 1930 ,
526 1867 610 1920 cui
654 1867 886 1937 elogium
918 1869 983 1922 de
1018 1870 1123 1925 vita
1153 1873 1514 1944 interponitur
1538 1874 1639 1931 hoc
1668 1876 1826 1932 disti-

1935 1872 2021 1922 καὶ
2045 1870 2227 1922 ἔπεισε
2259 1869 2392 1936 παρ’
2437 1867 2616 1935 ὀλίγον
2662 1868 2759 1934 τὴν
2797 1869 3007 1941 αἵρεσιν
3059 1864 3417 1937 ἀρνήσασθαι,
3446 1864 3496 1917 ει

271 1956 373 2011 cbo
400 1967 674 2027 praeeunte
698 1977 712 2012 :

336 2068 424 2142 Ζιξ
461 2070 777 2142 Βασιλείας
805 2071 903 2127 καὶ
928 2074 1124 2128 θανὼν
1147 2075 1218 2127 ἐν
1246 2077 1459 2142 Κυρίω.

335 2138 423 2208 Ζῇ
450 2141 549 2193 καὶ
580 2141 715 2210 παρ’
742 2143 886 2214 ἡμῖν
913 2144 992 2210 ὡς
1013 2142 1219 2197 λαλῶν
1237 2142 1303 2196 ἐκ
1329 2138 1448 2197 ῖτῶν
1475 2146 1731 2209 βίϐλων.

341 2230 602 2296 Basilius.
623 2237 779 2289 etiam
819 2247 1076 2297 mortuus,
1108 2232 1325 2286 Domina
1356 2237 1509 2301 uiuit;

336 2300 605 2373 Nobisque
635 2308 778 2368 vivit,
816 2307 871 2357 in
900 2307 1008 2357 suis
1037 2304 1250 2373 loquens
1286 2302 1455 2360 libris.

271 2419 468 2474 Exstat
510 2422 649 2490 apud
692 2416 1075 2472 Combclisium
1129 2421 1304 2475 oratio
1338 2422 1506 2477 sancti
1554 2421 1828 2491 Amphilo-

268 2512 401 2573 chii,
425 2510 721 2566 lconiensis
751 2509 1011 2580 episcopi,
1033 2512 1083 2565 in
1104 2512 1313 2566 Domini
1337 2515 1824 2581 circumcisionem,

267 2604 319 2653 in
347 2618 454 2668 quo
482 2602 570 2657 ille
592 2603 669 2657 sic
695 2604 758 2656 de
790 2612 978 2657 sancto
1006 2603 1203 2659 Basilio
1236 2603 1478 2678 loquitur
1514 2623 1528 2659 :
1557 2625 1576 2657 ι
1614 2606 1709 2660 Hic
1730 2609 1829 2661 cir-

265 2696 623 2761 cumcisione,
655 2711 774 2767 quae
802 2696 859 2750 lit
886 2697 939 2750 in
965 2696 1154 2766 spiritu
1179 2707 1233 2752 et
1261 2698 1443 2752 divino
1486 2698 1829 2767 baptismate.

265 2802 464 2860 magno
514 2788 699 2845 animo
743 2790 1029 2857 pradicant
1058 2828 1073 2854 ,
1120 2788 1402 2859 perspicue
1449 2789 1733 2845 admodum
1783 2791 1828 2846 si

265 2882 391 2947 quis
412 2882 549 2937 alius
581 2881 670 2937 Dei
700 2882 894 2947 cultor,
930 2882 1397 2938 circumcisionem
1431 2881 1485 2937 in
1517 2896 1679 2938 carne
1700 2882 1831 2938 sub.

270 2973 459 3026 movit.
490 2971 699 3027 Idcirco
732 2973 893 3026 etiam
938 2971 1052 3039 eius
1084 2972 1149 3025 ad
1193 2972 1358 3028 Deum
1390 2987 1419 3026 a
1455 2982 1595 3029 terra
1626 2983 1678 3028 et
1707 2990 1832 3030 cor-

264 3074 400 3132 pore
452 3062 648 3116 solutio
678 3062 1033 3132 migratioquc
1056 3102 1070 3126 ,
1106 3078 1213 3117 non
1244 3063 1339 3116 abs
1370 3079 1424 3117 re
1450 3104 1465 3127 ,
1525 3080 1699 3133 neque
1750 3065 1831 3134 (ut

266 3156 388 3224 quis
424 3164 621 3224 praeter
648 3155 913 3210 rationem
946 3155 1107 3209 interit
1136 3155 1460 3225 suSpicatns)
1490 3171 1518 3209 a
1553 3171 1705 3222 casu,
1734 3158 1831 3213 ho-
1857 3191 1902 3249 ρ

267 3250 455 3305 σίἰοτηξι
487 3250 573 3305 die
598 3249 1029 3305 circumcisionis
1056 3248 1205 3318 Jesu,
1239 3248 1411 3305 media
1442 3250 1641 3303 divinae
1673 3248 1832 3304 Citri-

269 3341 336 3395 sti
380 3341 647 3394 nativitati
681 3342 1051 3409 baptismoque
1083 3343 1391 3409 concurrit;
1432 3343 1524 3397 sed
1563 3342 1707 3397 velut
1741 3341 1833 3407 qui

274 3430 625 3483 beatissimus
663 3428 767 3491 vir,
807 3430 858 3481 in
886 3429 1426 3485 Christinativitatis
1473 3431 1834 3501 baptismique

273 3522 683 3576 renuntiatione
716 3531 769 3574 et
798 3522 1150 3587 exaltatione,
1185 3521 1836 3592 spiritualemicircumci-

273 3615 481 3668 sionem
540 3613 893 3675 exaltaverit,
928 3628 1077 3668 sacra
1113 3614 1386 3670 memorias
1414 3614 1533 3682 ejus
1561 3616 1671 3683 die,
1727 3631 1831 3671 una

275 3717 330 3760 et
363 3706 478 3774 ipse
519 3705 808 3761 resolutius
832 3744 849 3769 ,
879 3706 945 3759 ad
995 3705 1271 3761 Christum
1319 3707 1544 3760 exaltari
1579 3710 1776 3762 meruit
1815 3725 1830 3761 :

270 3799 658 3866 decretumque
682 3797 779 3850 luit
803 3806 863 3851 ut
890 3811 985 3865 per
1008 3796 1061 3851 id
1088 3806 1298 3866 tempus
1328 3812 1505 3849 annua
1560 3796 1674 3863 ejus
1721 3811 1830 3850 me-

273 3889 444 3942 moria
480 3887 872 3956 celehritasque
892 3885 1221 3941 recolcrctur
1247 3902 1259 3939 :
1290 3884 1491 3938 idcirco
1514 3884 1836 3948 universalis

270 3997 366 4054 per
386 3995 574 4035 omnes
597 3980 748 4034 orbis
778 3988 957 4047 partes
996 3988 1307 4032 sanctorum
1338 3977 1708 4031 universorum
1737 3977 1837 4031 Ec-

273 4072 465 4134 clesia,
506 4070 911 4124 sanctissimam
935 4068 1051 4137 ejus
1080 4083 1401 4135 sacramque
1427 4070 1515 4123 die
1546 4070 1645 4123 hac
1674 4083 1837 4137 agens

276 4162 700 4231 gloriﬁcansque
726 4161 1063 4223 memoriam,
1086 4157 1410 4225 gratissimis
1434 4159 1541 4211 Deo
1564 4158 1835 4223 laudibus,

268 4269 379 4306 tua
423 4252 696 4307 Christum
721 4290 737 4317 ,
767 4250 858 4320 qui
906 4250 1171 4318 gloriosus
1220 4258 1305 4304 est
1354 4249 1406 4303 in
1442 4251 1648 4305 sanctis
1672 4252 1785 4306 suis
1816 4292 1834 4324 ,

270 4344 498 4398 canticis
521 4343 757 4397 celebrat
786 4351 839 4396 et
864 4341 1146 4411 gloriﬁcat.
1182 4360 1201 4392 ι

343 4434 399 4490 5.
426 4431 625 4487 Menzea
652 4447 868 4502 quoque
886 4430 1124 4486 Venetiis
1147 4447 1366 4496 excusa,
1382 4433 1551 4502 prima
1569 4429 1835 4497 Januarii,

1931 1960 2007 2029 μὴ
2046 1960 2429 2031 αἰσχυνόμενον
2467 1958 2629 2012 αὑτὸν
2664 1958 2886 2012 ἔϐλεπεν
2906 1976 2920 1989 θ
2948 1960 3096 2028 ὅμως
3141 1960 3190 2011 el
3217 1956 3316 2029 τὴν
3345 1956 3495 2027 αἵρε-

1928 2067 2013 2103 σιν
2049 2048 2265 2113 τελείως
2294 2053 2394 2104 οὐκ
2445 2050 2737 2121 ἠρνήσατο,
2773 2049 2908 2112 τέως
2962 2051 3054 2102 καὶ
3088 2052 3154 2120 τῇ
3199 2045 3499 2119 Ἐκκλησία

1928 2142 2221 2215 προσῆλθε,
2260 2141 2693 2215 λειτουργοῦντος
2742 2142 2832 2196 τοῦ
2893 2141 3124 2213 μεγάλου
3178 2141 3495 2205 Βασιλείον,

1928 2235 2021 2287 καὶ
2046 2234 2192 2305 δῶρα
2231 2234 2563 2306 προσέφερεν
2582 2254 2595 2266 ·
2626 2232 2695 2307 ἦν
2729 2236 2785 2289 δὲ
2809 2236 2836 2288 ὁ
2882 2233 3055 2307 μέγας
3088 2233 3361 2296 Boethio;
3382 2230 3497 2294 υίὸς

1930 2325 2209 2379 Βασιλείου
2255 2326 2347 2378 τοῦ
2384 2325 2491 2378 ἀπὸ
2524 2325 2619 2378 τοῦ
2668 2329 2890 2390 Πόντου,
2937 2326 3027 2383 καὶ
3070 2323 3365 2396 Ἐμμελίας
3400 2322 3498 2393 τῆς

1927 2418 2035 2472 ἀπὸ
2066 2418 2165 2489 τῆς
2193 2419 2607 2481 Καππαδοκίας,
2656 2420 2801 2482 ὅστις
2836 2423 2891 2472 ἐν
2942 2420 3101 2489 σοφίᾳ
3149 2418 3240 2472 καὶ
3299 2414 3498 2485 γνώσει

1928 2513 2136 2573 πάντας
2191 2509 2285 2562 καὶ
2316 2509 2441 2573 τοὺς
2480 2508 2743 2573 παλαιοὺς
2774 2508 3013 2578 ἐνίκησε,
3040 2506 3418 2579 κατεξαίρετον
3439 2504 3498 2558 δὲ

1926 2601 2177 2655 τοσοῦτον
2199 2600 2412 2668 ἐγένετο
2436 2598 2684 2671 εὐλαῦὴς,
2708 2600 2783 2667 ὡς
2813 2600 2906 2653 καὶ
2930 2599 3217 2670 ἀρχιερεὺς
3244 2598 3497 2666 γενέσθαι

1928 2693 2018 2747 τοῦ
2060 2694 2245 2765 θρόνου
2293 2694 2652 2766 Καισαρείας,
2684 2692 2817 2745 ὅπου
2858 2692 2951 2746 καὶ
3004 2689 3232 2752 πολλοὺς
3286 2686 3501 2756 ἀγῶνας

1930 2786 2067 2857 ὑπὲρ
2098 2789 2196 2855 τῆς
2223 2788 2500 2858 ὀροοόόξου
2526 2788 2763 2851 πίστεως
2794 2784 3108 2856 ὑπομείνας,
3144 2784 3236 2836 καὶ
3262 2780 3499 2853 βασιλεῖς

1932 2878 2023 2931 καὶ
2064 2879 2338 2949 ὑπάρχους
2385 2878 2777 2944 καταπλείξας,
2814 2878 2909 2930 καὶ
2949 2877 3055 2930 τῶν
3100 2875 3389 2943 αἱρετικῶν
3427 2870 3498 2925 τὰ

1933 2972 2177 3043 στόματα
2228 2970 2437 3043 φράξας
2489 2972 2603 3034 τοῖς
2636 2970 2812 3038 λόγοις
2833 3008 2846 3031 ,
2894 2970 2983 3025 καὶ
3044 2965 3223 3036 βιϐλία
3274 2965 3500 3017 πλεῖστα

1933 3061 2404 3137 συγγραψάμενος,
2444 3061 2537 3115 καὶ
2591 3060 2760 3131 μυρία
2797 3058 3048 3129 Θαύματα
3104 3056 3497 3128 ἐργασάμενος,

1933 3152 1989 3203 ὲν
2027 3154 2213 3222 εἰρήνῃ
2236 3151 2371 3221 πρὸς
2392 3151 2593 3222 Κύριον
2621 3149 2971 3220 ὲξεδήμησεν.
3018 3166 3037 3199 ι
3076 3146 3310 3202 Sanctus
3341 3145 3501 3201 Pater

1938 3252 2123 3295 nnater
2148 3240 2376 3293 Basilius
2403 3239 2583 3292 ﬂoruit
2603 3239 2701 3294 sub
2740 3239 2978 3293 Valentis
3007 3236 3257 3306 imperio.
3299 3234 3496 3291 Valen-

1939 3342 2042 3386 tem
2071 3346 2219 3395 vero,
2256 3330 2455 3385 Ariana
2488 3330 2677 3385 hazresi
2726 3329 3010 3394 inlectum,
3062 3325 3285 3381 liberius
3310 3326 3498 3380 admo-

1938 3424 2115 3480 nendo
2142 3424 2439 3493 redarguit,
2471 3422 2859 3492 persuasitque
2893 3420 3279 3490 propemodum
3327 3418 3503 3473 hare-

1934 3516 2035 3569 sim
2070 3512 2339 3582 abjurare,
2372 3515 2419 3566 si
2457 3527 2562 3566 non
2598 3511 2695 3564 sibi
2739 3510 2790 3563 id
2836 3508 3092 3564 dedecori
3139 3509 3379 3563 futurum
3425 3509 3497 3561 ti—

1935 3605 2164 3661 muisset
2195 3623 2208 3658 :
2239 3602 2487 3671 quamvis
2514 3601 2658 3656 enim
2702 3600 2948 3656 haeresim
2997 3600 3153 3669 plene
3193 3614 3297 3654 non
3340 3596 3499 3669 abju-

1938 3697 2185 3759 raverit,
2239 3695 2530 3750 accedebat
2594 3703 2770 3745 tamen
2828 3692 2893 3744 ad
2941 3691 3225 3747 ecclesiam
3256 3730 3272 3754 ,
3308 3706 3502 3758 magno

1938 3787 2137 3842 Basilio
2168 3802 2280 3842 rem
2325 3787 2556 3841 divinam
2616 3784 2886 3848 faciente,
2927 3795 2981 3840 et
3032 3784 3169 3838 dona
3220 3782 3502 3839 ollerebat.

1937 3881 2065 3936 Erat
2100 3894 2227 3934 vero
2251 3893 2476 3949 magnus
2516 3876 2747 3931 Basilius
2784 3874 2927 3931 illius
2972 3875 3157 3930 Basilii
3186 3874 3421 3936 Pontici,
3448 3882 3501 3929 et

1938 3969 2215 4027 Emmeliie
2254 3970 2609 4039 Cappadocis.
2650 3967 2744 4022 Vir
2786 3968 2890 4022 iste
2925 3967 3199 4036 egregius,
3237 3966 3501 4033 sapientia

1936 4072 1990 4117 et
2026 4060 2267 4115 doctrina
2317 4073 2526 4112 coazvos
2576 4072 2727 4127 atque
2779 4071 2844 4111 ac
2913 4055 3164 4125 antiquos
3204 4055 3499 4125 superavit.

1939 4152 2164 4207 Pietatis
2197 4166 2325 4205 vero
2353 4159 2473 4205 erat
2501 4145 2608 4203 tam
2635 4150 2850 4203 eximia:
2875 4191 2891 4217 ,
2922 4158 2983 4203 ut
3012 4149 3065 4203 in
3100 4148 3349 4203 thronum
3392 4148 3505 4216 epi-

1946 4244 2217 4314 scopalem
2254 4243 2513 4297 (ia-sares:
2540 4250 2761 4295 erectus
2784 4240 2883 4307 sit,
2920 4241 3007 4295 ubi
3040 4250 3095 4295 et
3121 4240 3285 4294 multa
3322 4249 3497 4294 certa-

1940 4334 2083 4391 mina
2116 4349 2211 4403 pro
2239 4334 2539 4388 orthodoxa
2583 4332 2687 4387 ﬁde
2717 4333 3004 4397 sustinuit;
3041 4342 3317 4401 stuporem
3341 4330 3500 4386 simul

1938 4437 1992 4483 et
2024 4438 2281 4481 terrorem
2334 4425 2744 4494 imperatoribus
2794 4434 2848 4480 et
2894 4424 3167 4495 praefectis
3209 4422 3499 4489 incutiens,

268 4536 331 4580 ut
354 4526 465 4596 jam
491 4526 674 4580 dicere
698 4525 835 4594 cwpi
872 4563 888 4587 ,
915 4522 1145 4581 oﬂicinm
1178 4526 1350 4579 sancti
1377 4524 1558 4580 Basilii
1582 4525 1835 4580 solemni-

1942 4513 2425 4584 harreticorumque
2488 4528 2582 4567 ora
2654 4512 2873 4567 dicendi
2939 4511 2988 4564 vi
3055 4510 3313 4565 obturans
3368 4528 3382 4566 :
3435 4525 3500 4565 ac

272 4627 356 4673 ter
402 4615 812 4677 celebrandum,
869 4614 1025 4669 simul
1070 4630 1190 4669 cum
1238 4616 1382 4671 festo
1408 4617 1837 4674 circumcisionis

272 4708 659 4781 praascribunt,
694 4707 910 4775 hymnis
931 4706 1095 4760 variis
1117 4707 1458 4777 canticisque
1485 4710 1550 4760 ad
1574 4706 1832 4763 honorem

274 4800 453 4854 sancti
509 4800 772 4853 intextum
806 4838 823 4863 ,
875 4800 1067 4867 quibus
1093 4800 1389 4855 orthodoxa
1425 4800 1541 4868 ejus
1564 4800 1834 4863 doctrina,

278 4890 577 4960 pastoralis
610 4890 932 4953 sollicitudo,
962 4901 1107 4945 casta
1137 4892 1495 4958 conversatio,
1541 4891 1832 4947 miraculo-

274 4995 395 5034 rum
445 4981 620 5049 gratia
656 4978 873 5034 ctelitus
902 4994 1185 5043 concessa,
1218 4980 1524 5035 laudantur.
1553 4980 1830 5050 Exemplo,

278 5072 505 5140 reliquis
531 5071 744 5126 omissis
768 5110 783 5132 ,
811 5070 920 5125 sint
964 5070 1114 5125 hinc:
1151 5092 1168 5119 ι
1210 5070 1406 5125 Diﬂ'usa
1442 5080 1523 5125 est
1557 5071 1731 5142 gratia
1781 5070 1833 5124 itt

280 5163 439 5219 labiis
473 5164 604 5228 tuis,
636 5172 820 5218 sancte
856 5162 1042 5226 Pater,
1075 5170 1129 5216 et
1158 5162 1332 5217 lactus
1373 5171 1555 5232 pastor
1579 5163 1836 5217 Ecclesia;

276 5254 511 5319 ChriSti;
537 5253 762 5310 docuisti
797 5253 1088 5320 rationales
1129 5268 1257 5308 oves
1308 5252 1527 5306 credere
1565 5252 1616 5305 in
1652 5252 1833 5313 Trini-

276 5355 470 5413 tatem,
532 5344 1043 5401 consubstantialem
1076 5346 1130 5400 in
1166 5359 1268 5399 una
1306 5346 1526 5398 deitate.
1559 5342 1838 5399 Miraculo-

281 5453 402 5493 rttm
436 5435 610 5504 gratia
662 5434 873 5491 cmlitus
914 5444 1205 5490 exornatus
1230 5476 1245 5500 ,
1279 5434 1522 5489 fraudem
1575 5433 1833 5487 idolorum

283 5527 670 5598 prmtlicatione
718 5526 1035 5589 confudisti,
1066 5526 1371 5579 antistitum
1423 5525 1693 5595 princeps,
1720 5522 1837 5597 glo-

280 5620 385 5681 ria,
409 5618 691 5683 fulcimen,
722 5617 1032 5671 beatissime
1068 5616 1254 5679 Basili,
1275 5628 1328 5669 et
1349 5615 1565 5669 Patrum
1599 5615 1836 5671 omnium

281 5711 543 5764 doctrina:
571 5708 868 5779 exemplar.
900 5708 1179 5764 Fiduciam
1216 5708 1355 5776 apud
1404 5706 1683 5761 Christum
1744 5720 1839 5758 na-

281 5807 421 5870 ctus,
444 5801 617 5870 ipsum
646 5800 963 5871 deprecare.
980 5807 1038 5858 ut
1055 5799 1328 5855 salvcntur
1352 5800 1540 5854 animae
1573 5807 1789 5855 nostraz.
1814 5818 1830 5851 ι

1938 4607 2154 4663 tandem
2183 4644 2200 4671 ,
2236 4621 2354 4660 cum
2388 4606 2587 4659 multos
2631 4605 2799 4657 libros
2849 4604 3191 4673 scripsisset,
3244 4614 3299 4657 et
3331 4602 3499 4673 pluri-

1943 4716 2029 4755 ma
2066 4707 2333 4770 patrassct
2372 4695 2631 4752 miracula
2665 4733 2681 4759 ,
2710 4694 2762 4747 in
2791 4708 2921 4763 pace
2948 4694 3197 4764 migravit
3228 4693 3294 4747 ad
3324 4693 3502 4747 Domi-

1939 4805 2085 4844 num.

2011 4882 2059 4935 7.
2111 4879 2293 4949 Neque
2322 4877 2491 4933 solum
2528 4875 2579 4930 in
2619 4876 2789 4931 sacris
2827 4876 3138 4931 Grrecorum
3176 4874 3333 4931 fastis
3396 4876 3501 4931 hac

1938 4972 2024 5027 die
2049 4971 2318 5037 ascriptus
2347 4977 2432 5020 est
2488 4974 2705 5021 sanctus
2745 4964 3009 5029 Basilius;
3044 4966 3134 5020 sed
3190 4975 3338 5018 tanta
3372 4963 3499 5020 festi

1941 5060 2283 5123 solemnitas,
2314 5072 2433 5129 qua:
2465 5071 2561 5126 per
2589 5055 2867 5112 Orientem
2922 5058 3092 5125 prima
3137 5055 3381 5112 Januarii
3434 5057 3499 5110 ad

1937 5155 2054 5225 ejus
2082 5152 2484 5208 venerationem
2534 5149 2783 5205 instituta
2816 5158 2899 5203 est
2922 5189 2937 5214 ,
2969 5151 3312 5204 occasionem
3365 5164 3503 5218 prae.-

1939 5247 2055 5301 buit
2104 5243 2502 5312 antiquioribus
2538 5240 2931 5312 Martyrolngiis
2967 5239 3203 5304 Latinis,
3242 5241 3359 5306 ejus
3392 5254 3503 5293 me-

1940 5338 2171 5392 moriam
2200 5334 2390 5390 saltem
2410 5333 2640 5404 aliquam
2669 5332 2858 5387 cadent
2888 5345 3107 5402 quoque
3133 5330 3219 5384 die
3250 5330 3497 5385 faciendi.

1940 5432 2089 5485 Inter
2121 5441 2216 5482 eos
2241 5424 2381 5479 Beda
2417 5424 2789 5495 supposititius
2833 5423 3032 5487 habet,
3082 5422 3257 5476 sancti
3315 5420 3501 5477 Basilii

1942 5518 2209 5589 episcopi.
2257 5515 2536 5571 Usuardus
2570 5515 2907 5571 Coloniensis
2934 5552 2949 5576 ,
2987 5514 3042 5567 in
3083 5511 3325 5567 Caesarea
3366 5512 3501 5582 Cap-

1940 5610 2177 5682 padociae
2239 5608 2500 5678 depositio
2555 5608 2725 5663 sancti
2771 5604 2973 5660 Basilii.
3025 5605 3383 5674 Maurolycus,
3446 5606 3501 5660 in

1941 5704 2183 5758 Caesarea
2222 5700 2575 5771 Cappadocia:
2628 5699 2891 5768 depositio
2934 5697 3104 5753 sancti
3166 5695 3347 5750 Basilii
3387 5699 3501 5764 cpi-

1946 5794 2115 5865 st-opi,
2144 5792 2296 5863 cujus
2320 5792 2612 5849 celebritas
2631 5792 2841 5847 decimo
2866 5800 3055 5847 octavo
3081 5789 3348 5845 Kalendas
3374 5787 3499 5843 Julii
