4046 6454
520 412 832 455 εεειιινιη

1873 388 2404 444 ΡΒυιΕΟυΜΕΝΑι.

520 513 855 584 ροιίςδίιιιυηι
885 508 1162 565 recolitur.
1193 505 1310 572 liis,
1344 503 1575 573 elogiqu
1611 512 1673 558 et
1695 518 1891 558 annum
1920 516 2069 556 moro
2110 520 2156 575 Α
2184 499 2288 554 alia
2341 498 2493 555 utilia
2537 496 2900 568 conscripsit;
2954 503 3009 550 et
3035 538 3050 561 ,
3091 513 3254 567 super
3283 495 3448 552 multa
3483 497 3751 555 mirabilia

524 607 592 660 tis
614 617 892 671 perperam
924 600 1283 669 designatum,
1309 599 1512 651 addens
1537 593 1837 651 Florarium
1858 610 1870 643 :
1893 615 1911 645 ‹
1945 592 2071 659 Qui.

524 693 695 759 inquit
722 701 1008 760 ,tempore
1043 686 1284 745 Valentis
1318 688 1664 755 imperatoris
1711 685 1955 740 doctrina
2000 691 2073 737 -et

526 783 791 851 sapientia
816 781 1065 853 insignis,
1097 778 1457 847 omnibusque
1478 778 1769 833 virtutibus
1806 775 2079 838 fuudmns,

524 875 845 930 mirabiliter
874 874 1093 930 ell’ulsit.
1113 872 1416 929 Obiitcirca
1455 885 1653 925 annum
1685 868 1891 923 Domini
1912 865 2035 922 385.
2062 883 2084 918 s

525 964 828 1030 Notkerus,
883 981 913 1019 a
945 964 1171 1033 reliquis
1213 962 1466 1017 omnibus
1509 957 1929 1015 diversissimum
1977 957 2091 1011 elo-

526 1059 672 1129 giutn
711 1065 937 1120 texens,
968 1054 1035 1109 ad
1085 1052 1330 1109 eumdem
1363 1055 1385 1107 l
1422 1049 1662 1107 Januarii
1703 1066 1718 1103 :
1756 1067 1774 1099 ι
1822 1048 1875 1101 In
1908 1046 2089 1100 (ἐδεδει-

525 1160 645 1210 rea,
677 1146 885 1216 inquit,
915 1143 1200 1215 metropoli
1239 1141 1589 1211 Cappadocia}
1618 1178 1632 1202 ,
1670 1137 1933 1208 depositio
1968 1152 2089 1190 san-

526 1238 600 1294 cti
635 1238 819 1294 Basilii
850 1239 1121 1312 episcopi,
1158 1237 1250 1307 qui
1280 1235 1542 1305 Regulam
1584 1230 1818 1286 fratrum
1848 1238 1907 1284 et
1928 1228 2091 1282 multa

2184 607 2304 662 qua:
2357 591 2524 654 fecit,
2568 590 2982 661 chirographum
3031 592 3225 659 perditi
3272 589 3547 652 hominis,
3609 596 3752 657 quod

2186 682 2399 737 diabolo
2452 680 2597 746 fecit,
2657 681 2862 737 orando
2922 679 3159 748 recipere
3213 681 3439 747 meruit;
3492 690 3560 732 es
3611 678 3750 731 diem

2190 776 2381 829 mortis
2426 787 2534 830 suae
2583 782 2801 842 propter
2846 771 3250 829 conversionem
3280 771 3477 844 Joseph
3530 768 3743 826 Hebraei

2193 864 2431 932 distulit,
2484 874 2541 921 et
2574 866 3027 935 conscriptionem
3060 862 3336 932 cujusdam
3372 862 3588 920 nefandi
3637 874 3753 914 sce-

2186 957 2317 1013 leris
2336 960 2497 1013 etiam
2530 957 2814 1013 defunctus
2843 958 3094 1014 abolevit.
3122 976 3140 1007 ι
3179 955 3283 1010 Sed
3308 958 3495 1012 haece:
3530 954 3755 1026 pseudo-

2190 1047 2572 1116 Ampbilocbio
2608 1056 2841 1117 sumpta,
2864 1064 3024 1121 quam
3050 1049 3295 1117 exiguam
3325 1045 3482 1101 ﬁdem
3509 1060 3757 1101 merean—

2187 1150 2296 1205 tur,
2327 1142 2465 1195 infra
2498 1141 2713 1211 patebit.
2784 1182 2797 1195 .
2879 1183 2892 1195 .
2976 1182 2989 1196 .
3070 1182 3084 1197 .
3162 1181 3176 1195 .
3261 1181 3273 1194 .
3357 1177 3371 1190 .
3454 1174 3470 1190 .

2192 1268 2303 1284 οσι
2384 1273 2396 1285 ι
2474 1274 2489 1287 ο
2567 1272 2583 1285 ι
2662 1269 2676 1283 ο
2755 1270 2768 1284 ο
2851 1268 2955 1285 0o
3035 1272 3047 1284 ι
3134 1271 3147 1285 ο
3232 1271 3245 1283 ι
3329 1265 3345 1282 0
3435 1265 3450 1280 0
3540 1263 3557 1279 0
3636 1263 3653 1279 0
3734 1256 3756 1279 ο

770 1743 861 1804 De
895 1738 1185 1822 reliquiis
1220 1740 1286 1801 S'.
1333 1735 1565 1798 Basilii
1602 1737 1850 1815 Brugas
1896 1730 2317 1795 Flandrorum
2343 1725 2666 1792 translatis
2706 1736 2759 1785 et
2795 1742 2985 1804 usque
3021 1723 3201 1787 hodie
3243 1721 3526 1784 servati}.

637 2000 849 2057 Nemini
925 2014 1030 2055 non
1099 1992 1367 2056 videbitur
1422 1998 1778 2055 admiratione
1831 1995 2169 2065 dignum,B

530 2092 675 2163 quod
696 2092 762 2147 de
792 2099 902 2145 tam
929 2088 1161 2147 celebris
1213 2092 1385 2146 sancti
1440 2090 1684 2159 reliquiis
1708 2088 1798 2143 vix
1831 2087 1939 2143 ulla
1970 2086 2099 2142 reli-

532 2197 620 2239 i-ta
655 2183 916 2241 memoria
945 2183 1052 2251 sit,
1090 2182 1235 2238 nulla
1270 2182 1480 2249 uspiam
1541 2178 1682 2235 facta
1712 2182 1959 2251 corporis
1993 2179 2099 2234 ele-

533 2277 705 2342 vatio,
748 2274 1100 2331 translatiove
1135 2271 1363 2342 legatur,
1390 2272 1542 2342 cujus
1587 2281 1992 2327 monumentum
2017 2268 2112 2324 vel}

534 2368 759 2423 historia
793 2367 859 2422 ad
886 2376 1130 2436 posteros
1153 2365 1451 2420 transierit.
1475 2363 1631 2419 Tanti
1656 2374 1835 2417 tamen
1862 2362 2099 2416 thesauri

532 2467 717 2531 caput,
770 2458 1052 2515 brachium
1103 2467 1160 2513 et
1199 2467 1405 2513 costam
1463 2456 1649 2509 Roma!
1690 2454 1875 2508 haberi
1906 2452 2103 2505 asserit

538 2550 875 2608 Pancirolius
917 2549 971 2607 in
1034 2549 1383 2619 reliquiarum
1418 2544 1578 2600 Urbis
1608 2542 1869 2599 lndiculo.
1896 2552 2100 2609 partem

538 2660 671 2701 vero
698 2660 806 2701 non
832 2645 1080 2715 exiguam
1105 2659 1135 2697 a
1162 2641 1468 2712 quingentis
1498 2637 1777 2692 minimum
1812 2637 1970 2690 annis
1991 2649 2105 2705 pos-

537 2734 679 2788 sidet
722 2734 1073 2789 celeberrima
1113 2731 1475 2785 Flandrorum
1522 2729 1711 2784 civitas
1744 2726 1936 2797 Brugte
1961 2768 1976 2792 ,
2014 2725 2101 2778 ubi

533 2824 699 2879 etiant
722 2833 900 2879 exstat
935 2823 1231 2893 antiquitus
1248 2822 1498 2885 ecclesia,
1533 2820 1633 2875 sub
1661 2820 1899 2888 ejusdem
1927 2819 2100 2873 sancti

540 2916 761 2973 nomine
795 2919 993 2973 dicata.
1016 2913 1296 2971 Fundator
1324 2913 1423 2969 fuit
1442 2912 1815 2969 Theudoricus
1844 2912 2105 2975 Alsatius.

538 3000 897 3058 Flandrorum
956 3018 1019 3058 ac
1074 3001 1564 3059 Viromanduorum
1617 3017 1799 3057 comes
1858 3002 1926 3056 ab
1969 3016 2108 3055 anno

545 3093 680 3148 “28
710 3096 777 3146 ad
816 3094 954 3149 1169
996 3109 1011 3147 τ
1046 3096 1112 3148 de
1142 3109 1243 3159 qua
1291 3093 1608 3148 fundatione
1659 3092 1851 3162 Brugis
1901 3096 2109 3156 accepi-

540 3201 661 3240 mus
684 3183 919 3255 Philippi
957 3183 1050 3238 lilii
1080 3184 1311 3254 diploma
1337 3224 1353 3247 ,
1394 3186 1576 3237 datum
1598 3176 1746 3237 'auno
1776 3183 1946 3248 “87;
1974 3192 2027 3236 et
2078 3197 2105 3235 a

541 3277 782 3333 Roberto
848 3275 913 3332 Ill
967 3275 1235 3333 Flandria:
1291 3274 1492 3330 comite
1544 3283 1909 3341 renovatum,
1964 3287 2107 3327 anno

542 3367 703 3434 1321,
733 3368 835 3424 hoc
866 3379 1054 3425 tenore
1086 3387 1100 3425 :

640 3478 661 3512 ε
698 3459 1018 3523 Universis,
1071 3468 1183 3513 tam
1240 3459 1591 3527 praesentibus
1651 3472 1810 3527 quam
1877 3456 2113 3521 futuris.

545 3560 839 3617 praesentes
907 3550 1114 3605 litteras
1176 3550 1503 3618 inspecturis
1536 3591 1553 3616 ,
1610 3550 1875 3605 llobertus
1936 3565 2117 3603 comes

546 3642 816 3699 Flandriie
839 3645 1091 3709 salutem,
1124 3652 1179 3698 et
1211 3642 1287 3696 rei
1331 3650 1498 3711 gesta:
1542 3655 1769 3696 noscere
1810 3642 2114 3695 veritatem.

547 3735 628 3788 Ad
659 3745 977 3803 perpetuam
1015 3734 1092 3790 rei
1144 3735 1461 3790 memoriam
1488 3773 1503 3800 ,
1531 3743 1713 3788 n0tum
1745 3732 1974 3787 facimus
1996 3731 2117 3785 uni-

548 3826 765 3879 versis:
805 3823 876 3879 Ut
925 3826 1176 3881 instituta
1211 3826 1522 3892 salubriter,
1558 3826 1758 3881 nostris
1812 3836 1867 3879 et
1915 3822 2120 3896 praede-

552 3929 834 3971 cessorum
867 3926 1175 3971 nostrorum
1235 3918 1601 3987 temporibus,
1632 3916 1885 3987 prudenti
1916 3925 1968 3971 et
1994 3932 2123 3987 pro-

550 4009 668 4063 viso
717 4016 1038 4078 matureque
1084 4008 1313 4064 consilio
1349 4006 1671 4061 continuata
1697 4022 1793 4077 per
1821 4007 2121 4075 praedeces-

551 4116 703 4158 sores
741 4111 982 4169 nostros,
1010 4110 1158 4157 certa
1186 4101 1418 4172 quadam
1450 4100 1639 4154 notitia
1672 4108 2035 4170 propagentur
2068 4100 2120 4152 in

555 4203 835 4266 posteros;
881 4208 950 4249 ne
997 4206 1253 4262 processu
1287 4193 1546 4260 temporis
1572 4208 1601 4244 a
1637 4201 1976 4259 posterorum
2009 4204 2126 4242 me-

557 4286 727 4342 moria
758 4325 774 4352 ,
831 4299 928 4356 per
962 4284 1199 4354 ineptam
1233 4283 1521 4338 oblivionis
1558 4282 1842 4352 caliginem
1871 4321 1886 4346 ,
1933 4294 2127 4335 evane-

557 4387 748 4443 scant,
782 4378 1081 4432 litterarum
1130 4373 1301 4429 solent
1331 4374 1541 4429 indiciis
1590 4374 1818 4445 publicis
1849 4371 2120 4427 aeternari.

556 4466 668 4524 Nos
697 4468 861 4539 igitur
882 4465 1228 4522 attendentes
1248 4506 1264 4530 ,
1293 4467 1717 4536 praedecessores
1754 4474 1991 4526 nostros,
2028 4476 2124 4532 pro

558 4576 778 4616 suarum
814 4574 880 4615 ac
910 4560 1369 4629 praedecessorum
1397 4568 1451 4613 et
1474 4570 1848 4611 successorum
1903 4570 2122 4609 suorum

2270 2010 2290 2044 s
2331 1990 2401 2047 Ut
2444 1991 2497 2045 in
2536 1984 2862 2055 temporibus
2919 1984 3120 2037 nostris
3165 1982 3408 2036 instituta
3475 1976 3766 2035 salubriter

2196 2095 2252 2140 et
2280 2084 2525 2155 prudenti
2546 2079 2767 2137 consilio
2791 2073 3125 2141 conﬁrmata,
3185 2083 3330 2128 certa
3356 2073 3587 2143 quadam
3617 2071 3759 2124 noti—

2202 2177 2271 2231 tia
2324 2183 2678 2246 pr0pagentur
2708 2169 2762 2224 in
2792 2177 3052 2240 posteros.
3095 2179 3161 2219 ne
3224 2176 3475 2231 processu
3510 2161 3767 2227 temporis

2200 2284 2231 2323 a
2263 2280 2597 2337 posterorum
2632 2262 2887 2319 memoria
2926 2274 3018 2331 per
3049 2259 3281 2325 ineptam
3316 2250 3599 2308 oblivionis
3624 2249 3755 2302 cali-

2201 2361 2376 2429 ginem
2411 2364 2752 2416 evanescant,
2791 2354 3083 2406 litterarum
3132 2346 3303 2403 solent
3354 2342 3567 2398 indiciis
3607 2350 3770 2393 mter-

2204 2452 2340 2503 nuri.
2361 2449 2695 2516 Quapropter
2734 2457 2833 2511 ego
2862 2440 3157 2508 Philippus,
3185 2437 3273 2493 Dei
3297 2434 3466 2507 gratia
3496 2429 3765 2487 Flamlrizn

2201 2554 2403 2604 comes,
2437 2548 2543 2590 tam
2574 2532 2803 2606 posteris
2836 2545 2995 2601 quam
3017 2528 3391 2601 praesentibus,
3422 2533 3603 2578 notum
3639 2536 3763 2575 esse

2203 2630 2367 2695 volo,
2427 2626 2568 2698 quod
2625 2633 2779 2694 pater
2832 2635 2982 2675 meus
3039 2620 3207 2689 dignae
3265 2615 3535 2672 memoriae
3586 2626 3769 2667 comes

2206 2719 2599 2777 Theodoricus.
2632 2726 2691 2771 et
2724 2722 2897 2767 mater
2934 2725 3053 2765 mea
3088 2712 3190 2780 pias
3240 2705 3631 2764 recordationis
3680 2719 3773 2758 co-

2206 2810 2411 2865 mitissa
2446 2806 2636 2861 Sibilla
2664 2846 2678 2870 ,
2716 2802 2898 2858 divina
2953 2802 3306 2869 inspiratione
3348 2796 3629 2862 commoti,
3674 2808 3773 2863 pro

2208 2906 2503 2960 animarum
2545 2914 2762 2957 suarum
2814 2909 2870 2953 et
2898 2912 3115 2951 suorum
3154 2894 3606 2965 praedecessorum
3641 2902 3772 2942 nec-

2208 3016 2313 3054 non
2343 3007 2398 3052 et
2427 3008 2800 3051 successorum
2856 2991 3030 3044 salute
3053 3029 3068 3055 ,
3098 2986 3288 3056 Brugis
3315 2987 3366 3038 in
3397 2981 3652 3043 Castello,
3710 2981 3765 3032 in

2208 3092 2412 3146 honore
2452 3087 2544 3141 Dei
2570 3093 2624 3140 ct
2670 3084 2840 3138 beatae
2867 3079 3104 3148 Virginis
3127 3076 3334 3141 Marize,
3360 3083 3413 3129 et
3442 3072 3614 3127 sancti
3665 3071 3702 3122 ll
3722 3091 3766 3120 l-

2208 3180 2312 3235 silii
2349 3176 2607 3247 episcopi,
2654 3170 2934 3226 ecclesiam
2970 3183 3033 3221 ex
3087 3165 3303 3235 preprio
3352 3170 3566 3230 sumptu
3613 3159 3778 3213 aedili-

2208 3269 2319 3326 cari
2357 3268 2618 3329 fecerunt,
2644 3273 2698 3318 et
2733 3262 2799 3316 ad
2829 3258 3025 3314 ibidem
3055 3259 3161 3313 Deo
3190 3254 3527 3311 serviendum
3560 3253 3615 3307 in
3649 3266 3777 3321 pro.

2219 3362 2335 3435 pria
2364 3372 2620 3432 persona,
2645 3370 2740 3426 per
2774 3362 3006 3424 quatuor
3033 3349 3360 3420 capellauos,
3386 3346 3647 3402 canonice
3671 3356 3780 3398 διας·

2222 3434 2444 3508 luerunt
2468 3446 2693 3520 singulis
2724 3446 2909 3501 decem
2941 3442 3108 3497 libras
3140 3441 3192 3494 in
3226 3438 3363 3494 l‘esto
3392 3439 3565 3492 sancti
3603 3434 3784 3489 Marti-

2226 3545 2278 3599 ni
2308 3558 2372 3597 ex
2407 3540 2585 3595 oﬂicio
2615 3537 2885 3600 Lambini,
2912 3533 3138 3603 singulis
3166 3546 3308 3584 xxvn
3348 3528 3551 3582 solidos
3589 3541 3656 3578 ex
3690 3524 3785 3576 mi-

2219 3633 2446 3688 nisterio
2486 3627 2880 3683 Lamberti.....
2923 3642 2943 3676 ι
2987 3622 3246 3689 Sequitur
3289 3615 3621 3685 singulorum
3653 3614 3787 3665 redi-

2225 3732 2377 3777 tuum
2432 3727 2687 3775 accurata
2725 3714 3097 3777 enumeratio;
3143 3724 3247 3779 qua
3293 3707 3469 3762 studio
3497 3704 3784 3759 brevitatis

2225 3812 2612 3889 praetermissa,
2640 3809 2717 3864 sic
2745 3806 3091 3863 continuatur
3118 3800 3347 3872 diploma
3374 3818 3387 3854 :

2299 3928 2318 3962 ι
2350 3908 2422 3964 Ut
2448 3915 2625 3960 autem
2644 3903 2759 3956 haec
2789 3898 2969 3954 omnia
2997 3911 3113 3967 quae
3144 3904 3327 3964 postea
3358 3902 3788 3959 supervenerunt

2233 4000 2317 4055 vel
2347 3999 2518 4053 adhuc
2543 3998 2977 4063 supercrescent,
3002 3996 3115 4043 rata
3140 3994 3195 4039 et
3226 3980 3532 4037 iuconvulsa
3569 3994 3787 4047 perma-

2228 4100 2415 4151 neant,
2447 4088 2748 4141 litterarum
2773 4079 3032 4135 custodiae
3066 4074 3469 4135 commiserunt,
3486 4079 3539 4124 et
3562 4068 3787 4138 privile-

2225 4181 2296 4250 gii
2333 4179 2413 4234 sui
2446 4176 2739 4231 munimine
2768 4174 3116 4224 armaverunt
3142 4184 3157 4220 :
3186 4165 3326 4231 quod
3359 4162 3518 4232 longo
3549 4169 3790 4227 tempore

2224 4280 2343 4341 post
2374 4281 2561 4323 eorum
2604 4266 2902 4325 decessum,
2931 4274 2996 4313 ex
3027 4257 3299 4311 communi
3349 4251 3604 4308 incendio
3664 4250 3791 4302 Bru-

2225 4340 2400 4434 gensi,
2433 4373 2529 4430 per
2551 4356 2814 4410 incuriam
2868 4349 3117 4419 deperiit.
3160 4347 3237 4401 Ne
3268 4356 3448 4399 autem
3486 4344 3587 4396 hoc
3618 4340 3786 4395 infor-

2235 4430 2406 4520 luuio,
2443 4449 2587 4522 quod
2622 4449 2755 4500 bene
2781 4445 3020 4498 fecerant
3062 4452 3245 4493 eorum
3280 4437 3545 4489 amitteret
3571 4430 3800 4499 posteri-

2236 4556 2354 4611 tas,
2385 4520 2644 4613 quidquid
2678 4537 2731 4591 in
2771 4550 2837 4589 eo
2865 4534 3084 4602 dignum
3130 4526 3391 4583 memoria
3420 4520 3788 4591 conscriptum

560 4653 867 4709 animarum
892 4652 1094 4717 salute,
1129 4650 1323 4720 Brngis
1346 4650 1397 4704 in
1418 4647 1617 4719 Burge,
1644 4647 1694 4701 in
1720 4650 1978 4701 honorem
2008 4644 2124 4712 Dei,
2160 4665 2202 4721 ι)
2232 4638 2433 4700 fuerat,
2469 4630 2690 4688 rescribi
2739 4637 2794 4683 el
2831 4622 3141 4679 conﬁrmari
3185 4620 3323 4721 feci
3354 4614 3677 4721 subscriptis
3701 4627 3795 4667 eo-

561 4748 735 4803 beatte
760 4743 1000 4817 Virginis
1029 4742 1211 4798 Marias
1236 4786 1251 4810 ,
1284 4754 1338 4795 et
1369 4742 1540 4797 sancti
1599 4739 1780 4794 Basilii
1830 4737 2070 4807 episcopi
2105 4775 2119 4799 ,

561 4838 940 4907 ecclesiamex
969 4838 1183 4909 proprio
1213 4843 1426 4903 sumptu
1450 4832 1791 4894 :ediilcatam,
1823 4830 1889 4885 ad
1917 4829 2114 4883 ibidem

565 4929 677 4985 Deo
698 4943 792 4999 per
816 4936 1051 4999 quatuor
1080 4924 1388 4993 capellauos
1416 4920 1549 4975 inibi
1585 4920 1858 4975 institutos
1897 4916 1948 4971 in
1986 4929 2113 4983 pro-

566 5020 681 5093 pria
730 5033 961 5089 persona
992 5016 1427 5079 deserviendum,
1463 5012 1743 5078 fundasse,
1784 5019 1839 5065 et
1863 5005 2124 5063 canonice

569 5112 824 5168 statuisse
865 5124 1002 5180 :pro
1047 5110 1246 5178 quibus
1293 5106 1492 5161 reditus
1544 5112 1598 5158 et
1656 5102 1759 5157 alia
1798 5102 2115 5156 ordinarunt

572 5204 787 5275 provisa
809 5241 825 5267 ,
861 5209 1015 5271 prout
1045 5201 1097 5254 in
1124 5197 1322 5253 litteris
1366 5194 1748 5262 inirascriptis,
1776 5192 1953 5262 sigillo
1992 5203 2129 5259 quo-

580 5302 699 5355 Jam
752 5298 904 5351 bona:
960 5292 1230 5349 memoria:
1260 5288 1461 5344 domini
1496 5286 1721 5355 Philippi
1751 5325 1766 5350 ,
1796 5284 1922 5339 olim
1965 5281 2122 5337 Fluu-

574 5390 718 5447 dria:
754 5385 993 5450 comitis,
1035 5379 1444 5455 prtedecessoris
1477 5376 1643 5432 nostri
1677 5374 1949 5445 sigillatis,
1984 5385 2142 5440 appa-

606 5480 730 5535 ebat
753 5478 925 5549 prima
958 5475 1093 5529 facie
1114 5514 1129 5539 ,
1167 5474 1281 5528 inec
1311 5482 1365 5525 et
1401 5468 1503 5523 alia
1547 5468 1686 5521 inter
1716 5474 1909 5519 caetera
1936 5460 2144 5531 plenius

586 5571 953 5630 :ontinentur.
987 5567 1132 5635 Quas
1164 5566 1375 5619 litteras
1401 5578 1502 5617 nos
1533 5562 1764 5616 vidimus
1786 5598 1801 5622 ,
1839 5568 1892 5612 et
1915 5555 2146 5624 diligen-

587 5673 670 5716 ter
701 5658 920 5731 inspici,
948 5673 1011 5713 ac
1045 5653 1389 5712 collationem
1431 5653 1498 5707 de
1538 5652 1604 5707 iis
1636 5652 1749 5706 lteri
1780 5647 2006 5705 iecimus
2059 5659 2146 5699 so-

589 5757 755 5813 lerter
780 5772 795 5810 :
817 5766 1044 5824 quarum
1078 5760 1231 5806 tenor
1260 5747 1379 5801 talis
1397 5755 1515 5801 est:

2234 4742 2353 4783 rum
2390 4725 2481 4797 qui
2517 4719 2883 4779 interfuerunt
2910 4714 3248 4776 nominibus,
3276 4706 3520 4769 Gerardi,
3547 4704 3794 4775 Brugen-

2231 4821 2307 4877 sis
2333 4796 2631 4889 praapositi,
2658 4809 2928 4867 Flandriae
2962 4804 3301 4868 cancellarii;
3332 4796 3589 4869 Hngonis,
3626 4796 3792 4889 deca-

2233 4913 2285 4967 ni
2338 4888 2397 4965 S.
2435 4888 2754 4969 Donatiani;
2805 4899 3073 4965 Joannis,
3131 4891 3419 4963 Brugensis
3473 4888 3790 4951 castellani;

2232 4999 2462 5057 Gilberti
2516 4997 2584 5051 de
2634 4995 2782 5048 Aria.
2812 4991 3001 5044 Actum
3042 4989 3093 5041 in
3128 4984 3315 5047 Maleo,
3357 4994 3498 5035 anno
3525 4977 3788 5032 incarnati

2232 5093 2393 5148 \‘erbi
2428 5104 2737 5145 ucuxxvn.

2314 5203 2333 5235 ι
2372 5184 2606 5249 Quarum
2636 5179 2934 5233 litterarum
2974 5171 3218 5228 eliectum
3249 5182 3349 5223 nos
3373 5165 3664 5228 Robertus,
3703 5176 3793 5216 εον

2236 5290 2350 5329 mes
2377 5272 2643 5327 Flandrize
2679 5266 3040 5336 supradictus,
3079 5276 3177 5333 pro
3206 5258 3361 5314 nobis
3389 5266 3443 5312 et
3468 5253 3796 5310 successori-

2233 5360 2332 5413 bus
2361 5354 2914 5423 nostris,anctoritate
2946 5361 3128 5405 nostra
3157 5344 3458 5417 principali,
3478 5351 3793 5412 perpetuum

2234 5454 2476 5523 vigorem
2528 5457 2583 5501 et
2638 5445 2847 5501 roboris
2882 5443 3193 5497 tirmitutem
3247 5436 3490 5493 volumus
3524 5433 3792 5487 obtinere.

2237 5545 2297 5599 In
2324 5543 2477 5612 cujus
2511 5540 2587 5594 rei
2622 5534 2987 5593 testimonium
3017 5531 3248 5602 sigillum
3290 5536 3530 5583 nostrum
3562 5540 3797 5595 praesen-

2242 5636 2385 5690 tibus
2415 5640 2499 5688 est
2525 5641 2848 5699 appensnm.
2900 5623 3091 5677 Datum
3144 5617 3409 5683 Curtraci,
3444 5616 3798 5683 praesentibus

2247 5726 2503 5796 magistro
2531 5718 2747 5776 Nicolao
2785 5718 2851 5774 de
2876 5716 3032 5774 Petra
3060 5754 3075 5780 ,
3121 5710 3361 5769 ecclesia:
3389 5708 3569 5765 Beata:
3618 5704 3795 5761 Maria
