4046 6442
1036 403 1393 460 ΕΧΟΕΠΡΤΛ
1436 401 1522 456 EX
1563 397 1763 455 ACTIS
1802 397 1862 454 S.
1902 390 2149 453 BASILil
2183 388 2705 448 BOLLANDIANIS.

3226 402 3359 443 CCL!
3368 400 3394 440 Ι
3405 399 3501 444 ιιι

253 535 547 607 Brugensis
593 532 919 604 praposito;
960 528 1100 600 Mag.
1154 526 1385 582 Henrico
1416 524 1600 589 Bram,
1650 525 1828 596 legum
1856 532 1902 588 Α
1929 519 2216 587 eidemque
2247 510 2569 585 parochiali,
2595 521 2807 566 caetera
2826 524 2891 563 es
2920 507 3068 573 Asia,
3109 504 3306 572 Gallia,
3331 505 3506 573 italia,

254 630 583 697 professore,
625 624 892 680 canonico
919 619 1287 685 'i‘ornarensi;
1314 617 1453 688 Mag.
1490 616 1826 678 Christiano,

1928 610 2226 681 Belgioque
2270 605 2513 662 collecta
2539 643 2554 668 ,
2584 616 2817 672 quarum
2852 602 2904 654 in
2948 599 3243 669 diplomate
3272 597 3505 670 Philippi

252 695 498 775 ecclesia
526 715 933 772 ilarlebecensis
958 711 1278 783 praposito;
1311 710 1529 765 domino
1553 707 1825 764 Christia-
1920 700 2147 759 comitis
2175 697 2407 755 habetur
2432 695 2643 751 notitia.

259 828 328 866 no
355 851 372 876 ,
400 814 543 866 dicto
591 810 811 872 Matam,
844 809 1050 862 decano
1082 806 1239 859 dicta
1270 801 1686 858 Harlebecensis
1735 812 1830 855 ec-

255 906 475 970 clesia;
508 905 731 960 Simone
755 904 953 957 Vast-un
976 943 990 967 ,
1018 899 1285 955 Flandria
1311 905 1621 965 receptore;
1649 902 1702 947 et
1724 891 1831 945 Ro-

256 998 432 1068 gerio,
466 996 677 1050 Tomun
712 1037 727 1062 ,
766 992 1078 1049 consiliario
1103 1000 1157 1045 et
1195 988 1464 1045 serviente
1496 996 1714 1049 nostro;
1743 984 1830 1038 die

255 1088 537 1152 Mercurii,
588 1096 707 1155 post
732 1085 929 1139 festum
962 1081 1103 1137 beati
1132 1079 1279 1135 Petri
1311 1080 1379 1134 ad
1410 1076 1653 1143 Vincula,
1686 1088 1831 1129 anno

256 1178 475 1235 Domini
506 1177 785 1233 millesimo
808 1173 1187 1229 trecentesimo
1217 1170 1474 1241 vigesimo
1498 1169 1693 1238 primo.
1722 1185 1741 1218 ι
1765 1164 1831 1221 Et

254 1272 422 1328 bulla
448 1268 787 1340 appendebat
839 1265 1062 1321 comitis
1086 1263 1317 1334 sigillum
1350 1262 1404 1316 in
1437 1275 1561 1315 cera
1600 1260 1743 1324 alba,
1776 1266 1831 1311 et

251 1364 371 1434 jam
402 1363 513 1418 fere
544 1360 699 1415 ﬂava.
739 1357 970 1413 inferius
993 1358 1251 1427 scriptum
1283 1362 1438 1408 erat:
1473 1370 1493 1403 ο
1522 1351 1686 1407 Facta
1719 1349 1831 1405 col-

262 1459 464 1512 latione
492 1456 668 1523 hujus,
697 1469 818 1506 cum
847 1452 987 1506 bulla
1025 1458 1302 1505 reservata
1354 1450 1405 1501 in
1442 1447 1644 1503 sacello
1672 1444 1828 1500 Sacri

259 1547 486 1600 tirnoris
518 1542 743 1613 Brugis;
784 1540 960 1596 inveni
995 1553 1096 1611 ego
1148 1538 1531 1609 inirascriptus
1554 1534 1828 1601 notarius,

263 1640 457 1710 Brugis
485 1650 699 1706 quoque
726 1634 990 1697 residens,
1022 1632 1233 1700 copiam
1260 1630 1401 1685 hanc
1431 1643 1553 1684 cum
1590 1627 1677 1682 illa
1703 1641 1833 1682 con-

261 1734 489 1789 cordare
512 1748 525 1783 :
560 1729 698 1799 quod
718 1736 964 1783 attestor.
985 1743 1004 1778 i
1026 1724 1093 1780 Et
1112 1726 1380 1795 signatum
1402 1732 1540 1786 erat,
1565 1740 1584 1774 ι
1615 1720 1829 1793 Spetael

256 1827 507 1883 notarius
546 1824 703 1879 167i.
734 1841 755 1878 ι

336 1920 479 1975 Inter
520 1917 939 1989 Crucesignatos
984 1913 1272 1986 principes,
1325 1911 1414 1983 qui
1478 1924 1578 1982 pro
1606 1921 1832 1978 recupe-

256 2011 430 2067 randa
462 2010 632 2068 Terra
689 2018 876 2066 sancta
929 2021 1025 2078 per
1059 2005 1327 2062 Minorem
1373 2003 1559 2060 Asiam
1594 2001 1834 2057 victores

259 2105 634 2168 transierunt,
685 2111 739 2157 et
791 2107 1107 2170 recuperata
1144 2098 1303 2154 casis
1349 2095 1598 2154 barbaris
1630 2094 1831 2161 Nicaa,

252 2196 500 2253 Iconium
537 2194 590 2249 in
622 2192 917 2264 Lycaonia,
943 2201 1104 2263 atque
1133 2189 1440 2247 Casaream
1466 2189 1520 2244 in
1544 2187 1835 2258 Cappado-

258 2293 345 2345 cia
368 2290 720 2345 obtinuerunt
759 2300 903 2341 anno
926 2300 1136 2346 Ixcvn.
1171 2283 1271 2339 fuit
1309 2282 1584 2338 Robertus
1609 2277 1673 2341 li,
1701 2277 1833 2334 Hie-

260 2380 683 2453 rosolymitanus
738 2377 862 2434 inde
910 2378 1120 2441 dictus,
1156 2375 1423 2431 Flandria
1466 2387 1671 2430 comes.
1699 2371 1833 2427 iiuic

261 2476 408 2528 inter
453 2469 692 2539 pradam
727 2469 901 2540 potuit
925 2468 1186 2539 obtigisse
1237 2464 1302 2521 8.
1353 2464 1538 2520 Basilii
1589 2476 1829 2533 corpus,

258 2560 403 2635 quod
440 2560 529 2616 ille
560 2560 615 2616 in
655 2559 966 2616 Flandriam
1004 2557 1232 2625 miserit,
1282 2555 1366 2612 vel
1419 2570 1487 2611 ex
1518 2555 1675 2626 Syria
1708 2559 1833 2625 post

260 2654 538 2710 biennium
570 2666 823 2709 reversus
846 2650 1117 2718 attulerit;
1147 2649 1397 2722 quamvis
1427 2648 1544 2721 ejus
1576 2648 1653 2705 rei
1686 2646 1831 2703 nulla

257 2756 439 2803 exstet
482 2745 761 2801 memoria.
786 2742 1008 2799 Roberti
1060 2743 1203 2799 illius
1228 2758 1293 2799 ex
1329 2758 1517 2799 sorore
1560 2739 1833 2797 Gertrude

255 2852 313 2893 et
347 2837 686 2894 Theoderico
736 2836 953 2892 Alsatia
1004 2835 1334 2906 Lantgravio
1384 2847 1546 2903 nupta
1578 2871 1594 2897 ,
1654 2846 1828 2902 nepos

261 2932 367 2984 fuit
396 2929 786 2993 Theodericus,
820 2934 1176 2997 cognomento
1204 2924 1464 2988 Alsatius,
1489 2933 1609 2993 post
1637 2920 1832 2979 S..Ca-

263 3022 361 3075 roli
397 3021 530 3074 Dani
582 3035 766 3075 necem
804 3018 1129 3071 vindicatain
1161 3026 1217 3070 et
1245 3014 1550 3069 abdicatum
1599 3012 1832 3068 Guiiiei-

262 3131 407 3169 mum
436 3111 823 3170 Normannnm,
854 3117 1165 3177 assumptus
1215 3105 1270 3161 in
1320 3106 1636 3161 comitatum
1663 3102 1831 3159 Fian-

261 3206 424 3257 ιιι-ἕω.
464 3202 561 3255 llic
601 3198 1045 3267 pranominatam
1102 3198 1277 3253 sancti
1321 3195 1507 3251 Basilii
1548 3194 1831 3249 ecclesiam
1860 3229 1903 3288 ο

260 3291 507 3345 {undavit
557 3287 868 3359 dolavitque
899 3329 915 3355 ,
974 3289 1226 3358 princeps
1260 3287 1382 3357 pius
1410 3324 1427 3350 ,
1459 3294 1514 3339 et
1549 3293 1742 3355 quater
1775 3283 1828 3337 in

256 3398 474 3439 sacram
508 3382 753 3437 militiam
779 3379 1088 3451 profectus;
1118 3380 1262 3435 unde
1289 3377 1463 3449 prima
1495 3376 1613 3431 vice
1643 3388 1830 3429 rever-

260 3487 379 3530 tens
406 3489 548 3530 anno
576 3474 796 3529 circiter
838 3469 995 3533 “59,
1027 3471 1241 3526 videtur
1270 3468 1562 3525 adduxisse
1609 3478 1831 3521 uxorem

262 3569 548 3635 Sibillam,
600 3562 1071 3635 Hierosolymitani
1136 3562 1280 3633 regis
1333 3557 1583 3615 Fulconis
1632 3556 1832 3625 tiliam,

259 3676 383 3718 cum
433 3673 539 3729 qua
594 3657 906 3725 praedictam
952 3653 1145 3709 deinde
1188 3651 1476 3708 aediﬁcavit
1510 3650 1820 3715 ecclesiam,

260 3760 561 3818 sanctoque
590 3744 787 3802 Basilio
813 3745 1042 3811 dicavit;
1093 3744 1277 3815 utique
1304 3741 1389 3799 vel
1439 3741 1508 3800 ob
1556 3750 1827 3798 recentem

260 3844 504 3911 aliquam
540 3854 668 3912 erga
701 3838 951 3895 eumdem
983 3836 1367 3910 obligationem
1391 3876 1407 3903 ,
1438 3834 1520 3892 vel
1558 3849 1721 3891 causa
1758 3833 1835 3890 l'e-

281 3936 382 3990 icis
406 3948 473 3988 ea
496 3930 661 4005 Syria
690 3932 918 3996 reditus,
960 3930 1067 3986 nisi
1097 3930 1307 4001 opinari
1337 3930 1461 4001 quis
1484 3927 1684 3994 mallet,
1709 3942 1836 3983 san—

259 4027 331 4082 cti
371 4025 532 4080 istius
580 4038 703 4079 ossa
738 4034 866 4077 tunc
901 4022 1134 4092 primum
1185 4021 1346 4075 allata
1403 4022 1457 4076 in
1515 4019 1833 4075 Flandriam

261 4121 430 4176 fuisse
461 4118 528 4173 ab
559 4116 811 4187 ipsemet.
843 4114 912 4171 Ut
946 4122 1004 4170 ut
1032 4123 1135 4180 est,
1163 4111 1313 4170 idem.
1335 4125 1515 4168 eomes
1543 4112 1833 4168 secundani

264 4215 316 4268 in
347 4209 624 4268 Orientem
663 4206 1062 4281 expeditionem
1088 4204 1326 4275 suscepit
1350 4217 1441 4257 an.
1470 4199 1643 4265 tiu;
1684 4200 1836 4255 inde-

260 4321 368 4377 qne
392 4321 481 4360 an.
517 4303 658 4359 “50
708 4315 960 4357 reversus
989 4299 1195 4369 Brugas
1216 4339 1231 4364 ,
1263 4296 1415 4366 juxta
1447 4293 1721 4367 Meyerum
1776 4292 1833 4348 in

265 4397 571 4453 Annalibus
604 4394 892 4458 Flandria,
914 4402 970 4447 et
993 4391 1221 4459 septimo
1250 4390 1373 4444 ldus
1402 4388 1622 4457 Aprilis,
1658 4388 1837 4443 incre-

262 4488 417 4547 diliili
448 4487 643 4557 gaudio
699 4500 764 4540 ac
810 4482 1165 4556 gratulatione
1200 4498 1229 4537 a
1260 4481 1509 4537 Fiandris
1536 4492 1819 4549 exceptus,

268 4578 554 4638 sacerrimi
612 4578 823 4635 cruoris
879 4576 1084 4633 Christi
1138 4576 1442 4644 portionem
1474 4611 1491 4639 ,
1550 4572 1603 4626 in
1656 4571 1834 4642 phiala
1869 4581 1912 4636 υ

265 4670 587 4743 crystallina
643 4671 1006 4741 deportatam,
1037 4680 1135 4733 per
1191 4665 1448 4720 Leonium
1479 4663 1685 4718 Abbam
1716 4661 1843 4716 Ber-

271 4764 519 4826 tinicum,
553 4759 834 4815 collocavit
869 4761 919 4814 in
948 4759 1062 4814 ade
1103 4756 1285 4811 Sancti
1325 4754 1541 4819 Basilii,
1569 4756 1636 4809 ad
1676 4769 1840 4827 quam

272 4872 393 4911 cum
429 4855 621 4924 ingens
654 4852 891 4921 undique
924 4862 1223 4906 concursus
1257 4848 1534 4917 multaque
1580 4848 1840 4902 miracula

273 4948 487 5010 tierent,
521 4955 684 5015 atque
715 4942 789 4997 ita
812 4942 1010 5011 prioris
1038 4938 1252 5007 patroni
1294 4938 1473 4994 cultus
1521 4950 1585 4993 ac
1614 4952 1842 4994 venera-

275 5041 350 5093 tio
370 5039 779 5099 obscuraretur,
816 5034 985 5087 visnm
1025 5031 1187 5087 fuerit
1218 5029 1342 5085 huic
1373 5030 1723 5096 renovanda,
1748 5044 1842 5084 or-

275 5126 571 5195 nanda‘que
602 5124 803 5193 pariter
829 5120 1129 5189 collegiata
1167 5125 1222 5174 et
1272 5116 1547 5186 primaria:
1592 5115 1840 5170 ecclesia

274 5212 693 5276 conducturnm,
724 5210 768 5263 si
806 5209 857 5263 in
898 5209 1035 5261 hanc
1070 5203 1493 5261 transferrentur
1522 5205 1697 5261 sancti
1726 5202 1837 5258 Ba-

275 5304 381 5358 silii
404 5315 558 5359 sacra
585 5315 736 5365 ossa;
769 5300 871 5355 nisi
910 5300 961 5353 id
986 5298 1237 5356 malimus
1266 5296 1470 5351 factum
1500 5295 1713 5368 opinari
1742 5312 1840 5368 per

276 5402 751 5467 pramemoratum
779 5392 939 5464 Burgi
962 5391 1253 5461 Burgensis
1292 5388 1623 5457 incendium,
1678 5390 1840 5461 longo

278 5498 524 5555 tempore
570 5493 694 5557 post
741 5497 1021 5538 excessum
1055 5480 1424 5545 fundatorum,
1472 5480 1547 5535 uti
1597 5482 1840 5553 loquitur

277 5579 549 5635 Bobertus
590 5576 693 5645 ill;
747 5573 962 5644 quando
1016 5574 1336 5629 restanratis
1368 5570 1613 5629 ecclesiis
1648 5575 1838 5631 amba-

279 5673 400 5736 bus,
430 5668 691 5742 placuerit
736 5670 814 5725 sic
850 5666 1085 5724 dividere
1116 5666 1371 5736 reliquias
1394 5705 1411 5733 ,
1440 5680 1470 5721 a
1498 5663 1839 5722 Theodorico

277 5765 408 5819 olim
439 5762 709 5834 depositas
739 5763 804 5817 ad
833 5760 892 5816 8.
922 5758 1133 5826 Basilii,
1169 5766 1228 5812 ut
1253 5755 1413 5828 hujus
1449 5756 1715 5823 ecclesia,
1749 5768 1836 5813 ut-

274 5866 407 5927 pote
451 5854 706 5911 Palatina
731 5892 748 5921 ,
801 5850 1062 5908 manserit
1094 5862 1251 5907 sacer
1281 5861 1477 5916 cruor;
1536 5848 1831 5920 collegiata

2004 789 2245 861 Diploma
2276 788 2379 842 hoc
2409 786 2671 841 habemus
2699 789 3102 850 transumptuin
3128 779 3229 834 sub
3256 778 3358 834 lide
3407 793 3509 849 pu-

1930 881 2072 934 blica
2096 877 2307 933 Claudii
2336 876 2573 947 Agretti,
2604 871 2962 943 protonatarii
2992 869 3301 939 apostolici.
3328 866 3508 923 ﬂabe-

1931 986 2053 1026 mus
2090 970 2253 1024 etiam
2281 966 2426 1021 aliud
2473 965 2893 1020 instrumentum
2944 960 3317 1016 translationis
3370 956 3508 1013 alte-

1930 1066 2064 1130 rius,
2109 1063 2266 1119 facta
2319 1076 2464 1117 anno
2512 1057 2687 1123 “65;
2741 1072 2808 1113 ac
2841 1056 3075 1125 denique
3128 1052 3505 1110 translationis

1931 1158 2123 1219 tertiae,
2161 1154 2264 1209 hoc
2303 1152 2421 1223 ipso
2454 1165 2559 1221 quo
2586 1148 2947 1219 imprimimus
2986 1160 3128 1201 anno
3172 1144 3312 1201 1697
3357 1143 3511 1200 cele-

1928 1247 2133 1312 brata;
2162 1244 2379 1317 quando
2410 1244 2462 1297 in
2490 1240 2692 1296 veteris
2730 1253 2910 1310 capsa
2958 1240 3239 1308 apertione
3263 1236 3378 1292 sola
3420 1236 3511 1290 in-

1930 1350 2087 1392 venta
2117 1346 2372 1390 narratur
2405 1332 2635 1400 reliqnia
2661 1330 2835 1387 sancti
2877 1329 3084 1393 Basilii,
3115 1344 3223 1385 una
3248 1343 3370 1384 cum
3404 1326 3501 1382 lit-

1932 1431 2066 1486 teris
2096 1431 2148 1483 in
2178 1441 2508 1500 pergameno
2537 1440 2660 1480 cum
2702 1436 2901 1494 magno
2924 1421 3105 1491 sigillo
3141 1422 3329 1487 rubro,
3351 1418 3511 1476 exbl-

1926 1524 2093 1578 bente
2147 1519 2375 1591 eiligiein
2410 1526 2742 1588 equestrem,
2793 1524 2849 1569 et
2884 1513 3075 1569 sericis
3111 1512 3352 1583 antiquis
3376 1511 3511 1583 liga-

1934 1614 2129 1668 mentis
2156 1610 2454 1681 adjunctis,
2474 1607 2627 1678 cujus
2659 1606 2888 1672 lectura,
2908 1612 3017 1659 tam
3042 1603 3094 1657 in
3125 1603 3305 1673 sigillo
3345 1616 3508 1673 quam

1933 1704 1986 1756 in
2038 1712 2363 1771 pergameno
2392 1735 2410 1760 ,
2441 1709 2551 1749 non
2580 1692 2754 1763 potuit
2801 1691 2919 1747 ﬂeri
2943 1728 2961 1753 ,
2995 1700 3217 1761 propter
3282 1687 3510 1743 nimiam

1935 1798 2277 1845 vetustatem.
2308 1786 2450 1840 Cum.
2478 1797 2673 1853 magno
2698 1780 2944 1852 profecto
2986 1777 3324 1850 posteritatis
3349 1776 3513 1833 detri-

1860 1881 1905 1938 B
1935 1890 2141 1946 mento,
2165 1894 2235 1935 ex
2284 1877 2379 1933 tali
2405 1876 2636 1941 lectura,
2672 1874 2719 1931 si
2748 1872 2864 1929 tleri
2892 1886 2956 1928 ea
2983 1870 3274 1941 potuisset,
3307 1868 3510 1926 verosi-

1934 1974 2138 2029 militer
2168 1969 2523 2027 intellectura
2553 1980 2745 2023 nomen
2782 1978 2848 2019 ac
2877 1973 3089 2033 tempus
3129 1960 3288 2031 primi
3324 1968 3508 2016 trans-

1934 2065 2124 2122 latoris
2169 2078 2235 2120 ac
2286 2059 2588 2119 domitoris.
2616 2057 2887 2116 Oliverius
2912 2055 3163 2122 Vredius,
3198 2055 3345 2109 inter
3372 2052 3512 2109 Bru-

1937 2172 2131 2232 genses
2168 2155 2333 2227 hujus
2372 2151 2555 2211 saculi
2589 2149 2834 2206 eruditos
2857 2147 3282 2219 jnrisconsultos
3326 2144 3510 2201 nomi-

1938 2249 2299 2315 natissimus,
2355 2259 2501 2302 anno
2573 2242 2714 2299 1659
2772 2240 2946 2298 edidit
3010 2238 3188 2310 sigilla
3249 2237 3509 2295 comitum

1934 2342 2203 2399 Flandria
2230 2379 2245 2405 ,
2287 2337 2485 2409 insigni
2530 2331 2937 2392 Commentario
2963 2329 3251 2385 illustrata.
3288 2328 3507 2384 Primus

1936 2434 2008 2490 ibi
2032 2431 2302 2502 equestris
2325 2428 2570 2485 occurrit
2602 2418 3220 2489 Balduinus,lnsulanus
3250 2432 3280 2473 a
3307 2418 3511 2491 patria.

1932 2526 2064 2583 Pius
2098 2538 2227 2581 vero
2251 2536 2282 2577 a
2311 2520 2495 2577 divino
2528 2517 2675 2574 cultu
2702 2515 2903 2577 dictus,
2942 2520 3081 2569 teste
3106 2510 3342 2584 Meyero,
3364 2508 3508 2564 etab

1935 2630 2082 2671 anno
2111 2612 2251 2669 1054
2275 2611 2343 2666 ad
2370 2607 2507 2664 1057
2543 2605 2747 2678 potitus
2769 2602 3053 2660 comitatu.
3073 2600 3208 2657 Cum
3245 2599 3351 2656 isto
3371 2598 3516 2654 aliis-

1934 2721 2041 2778 que
2069 2701 2423 2775 sequentibus
2464 2697 2715 2756 conferre
2748 2694 2791 2750 si
2823 2692 2991 2749 libeat
3024 2699 3181 2746 vetus
3215 2689 3381 2753 istud.
3408 2701 3512 2745 cu.

1928 2798 2018 2869 jus
2039 2797 2234 2854 littera
2263 2800 2619 2856 evanuerunt,
2640 2786 2907 2859 sigillum;
2933 2784 3185 2842 fortassis
3210 2795 3275 2838 es
3305 2780 3507 2849 majori

1935 2888 2205 2947 minorive
2238 2886 2473 2944 ruditate
2501 2881 2625 2955 equi
2670 2879 2978 2950 equitisque
3007 2916 3023 2943 ,
3068 2874 3211 2933 haud
3241 2874 3511 2932 inverosi-

1934 2982 2079 3037 milis
2102 2977 2426 3035 formabitur
2453 2975 2767 3044 conjectura
2802 2969 2869 3025 de
2903 2967 3072 3037 ipsius
3110 2965 3292 3038 sigilli,
3331 2974 3387 3022 et
3431 2981 3513 3021 re-

1936 3087 2056 3129 rum
2091 3070 2217 3127 hinc
2242 3065 2595 3139 pendentium
2626 3070 2784 3117 atate
2810 3078 2824 3116 :
2860 3074 2959 3132 ego
2984 3068 3198 3115 transeo
3220 3058 3289 3114 ad
3316 3055 3516 3114 instru-

1937 3175 2174 3222 mentum
2208 3160 2335 3218 anni
2369 3155 2526 3214 “8.7.
2550 3153 2702 3222 cujus
2727 3153 2815 3209 hic
2833 3162 2916 3207 est
2948 3160 3107 3207 tenor
3133 3168 3147 3204 :

2015 3273 2034 3305 ι
2058 3253 2116 3307 In
2152 3251 2371 3306 nomine
2406 3247 2617 3311 Patris,
2661 3251 2716 3299 et
2769 3241 2891 3298 Filii
2915 3281 2932 3307 ,
2972 3250 3029 3296 et
3056 3240 3295 3312 Spiritus
3315 3238 3510 3295 sant-sl.

1936 3347 2130 3401 Amen.
2186 3343 2343 3396 Anno
2390 3338 2458 3393 ab
2506 3336 2884 3393 lncarnatione
2951 3331 3163 3387 Domini
3225 3331 3514 3388 millesimo

1938 3434 2237 3492 centesimo
2282 3427 2653 3496 octnagesimo
2684 3435 2865 3491 sexto,
2896 3437 2989 3478 vni
3026 3421 3295 3478 Kalendas
3340 3418 3510 3486 Junii,

1939 3529 1994 3585 in
2015 3526 2243 3584 ecclesia
2273 3521 2422 3578 Beati
2456 3516 2743 3575 Donatiani
2772 3514 2991 3587 Brugis,
3014 3524 3201 3586 aperta
3230 3521 3359 3569 sunt
3384 3522 3513 3570 octo

1940 3620 2166 3684 scrinia,
2199 3617 2252 3672 in
2282 3614 2482 3686 quibus
2510 3611 2742 3666 inventa
2768 3615 2895 3665 sunt
2916 3604 3160 3677 reliqula
3192 3612 3509 3661 sanctorum

1939 3707 2375 3780 quamplurima,
2408 3717 2507 3774 per
2546 3714 2765 3756 manum
2809 3696 3038 3780 Philippi
3067 3691 3420 3751 Flandrensis
3452 3702 3512 3750 et

1944 3773 2688 3857 \v‘eroinandensisicomitis.
2741 3787 2839 3844 lilii
2872 3773 3195 3842 Theoderici
3254 3782 3508 3849 comitis,

1939 3896 2202 3963 prasente
2226 3883 2504 3941 Florentio
2548 3877 2844 3936 llollandia
2895 3876 3115 3944 comite,
3145 3886 3204 3934 et
3259 3872 3505 3931 Gerardo

1940 3995 2139 4043 nostra
2169 3980 2414 4039 ecclesia
2435 3973 2762 4049 praeposito;
2791 3972 2921 4027 item
2954 3967 3221 4033 Gerardo,
3251 3965 3507 4023 lnsulano

1940 4077 2264 4152 praposito;
2299 4082 2353 4130 et
2380 4072 2591 4128 caeteris
2638 4064 3009 4123 conlratribus
3038 4061 3242 4119 nostris
3281 4058 3509 4132 aliisque

1940 4149 2369 4239 quampluribus.
2425 4158 2484 4215 in
2534 4172 2643 4213 uno
2687 4156 2871 4218 itaque
2909 4152 3148 4218 scrinio,
3184 4149 3330 4222 quod
3380 4165 3511 4207 san-

1940 4258 2014 4313 cti
2071 4253 2257 4309 Basilii
2325 4249 2544 4314 dicitur,
2602 4244 2835 4303 inventa
2886 4249 3012 4299 sunt
3065 4240 3351 4313 reliquis,
3390 4253 3511 4309 qua:

1941 4345 2259 4413 rsubscripta
2278 4349 2427 4407 sunt,
2454 4340 2634 4396 veraci
2670 4335 2981 4394 testimonio
3008 4332 3313 4389 litterarum
3337 4332 3512 4403 lupo-

1941 4440 2076 4494 sine.

1949 4549 1967 4581 α
2004 4526 2269 4596 Reliqjiia
2290 4524 2350 4581 8.
2374 4521 2555 4580 Basilii
2582 4536 2597 4586 ;
2630 4518 2839 4574 scilicet
2860 4532 3008 4573 ossa.

1944 4620 2009 4675 it.
2043 4617 2101 4674 S.
2132 4615 2359 4679 Nicolai,
2386 4627 2449 4669 os
2477 4613 2544 4666 de
2573 4619 2751 4681 capite
2774 4607 2912 4678 ejus.

1943 4712 2015 4771 ﬂ.
2041 4710 2096 4766 8.
2124 4709 2373 4765 Andrea.
2890 4701 2957 4756 il.
2991 4700 3048 4756 8.
3083 4699 3323 4771 Georgii.

1944 4806 2010 4860 Β.
2038 4805 2096 4859 8.
2124 4796 2373 4856 Firmini.
2886 4792 2950 4847 Β.
2984 4793 3041 4847 S.
3078 4790 3316 4847 Ilartinl.

1944 4898 2019 4953 De
2046 4894 2212 4951 linteo
2243 4890 2479 4958 Domini,
2514 4888 2654 4945 unde
2673 4886 2840 4959 pedes
2870 4882 3240 4956 apostolorum
3264 4883 3319 4937 in
3351 4895 3510 4941 cana

2014 4986 2190 5043 tersit.

1946 5101 2020 5157 De
2040 5109 2232 5170 petra,
2265 5095 2355 5152 ubi
2387 5093 2637 5151 Christus
2688 5090 2793 5148 fuit
2820 5130 2835 5156 ,
2878 5087 3094 5160 quando
3128 5086 3395 5161 jejunavit
3448 5103 3513 5144 st.

2014 5193 2223 5247 diebus.

1943 5286 2011 5342 Β.
2050 5284 2107 5341 8.
2137 5282 2500 5355 Badegundis.

1945 5402 2021 5454 De
2051 5400 2107 5455 S.
2135 5397 2361 5461 Silvine,
2384 5404 2534 5451 costa
2570 5408 2694 5455 una,
2723 5392 2877 5455 dens,
2905 5400 2961 5447 et
2986 5390 3187 5463 digitus
3206 5400 3368 5447 unus.

1943 5492 2012 5547 Β.
2046 5496 2103 5546 8.
2132 5486 2438 5548 Sebastiani
2495 5486 2563 5543 de
2600 5496 2747 5541 costa
2769 5486 2911 5556 ejus.

1944 5583 2002 5641 S.
2038 5582 2203 5645 i’etri,
2889 5573 2946 5631 S.
2975 5573 3176 5631 Maria.

1944 5676 2005 5731 S.
2045 5671 2288 5737 Joannis,
2881 5667 2940 5724 8.
2972 5664 3213 5723 Vedasti.

1947 5766 2021 5823 De
2055 5766 2113 5821 8.
2143 5764 2429 5836 Folquino,
2454 5773 2602 5819 costa
2633 5779 2762 5826 una,
2798 5772 2849 5819 et
2875 5762 3078 5831 digitus
3113 5771 3273 5815 unus.

1946 5853 2014 5911 Β.
2038 5856 2095 5911 8.
2119 5854 2286 5926 Petri,
2314 5855 2366 5913 8.
2410 5854 2655 5924 Joannis,
2689 5855 2746 5911 8.
2780 5854 3016 5911 Vedasli.
