4046 6458
518 429 652 475 θοις

520 532 587 584 ιι.
623 531 682 585 8.
711 529 941 584 Cosme.

520 620 597 675 De
626 631 778 675 veste
808 618 1201 674 Innocentium.

520 711 597 766 De
617 710 680 765 8.
717 710 1019 765 Theodoro.

520 802 597 854 De
619 801 781 855 barba
817 799 873 851 S.
904 797 1156 851 Autaudi.

521 890 589 945 il.
622 890 678 947 S.
714 890 881 951 Pauli,
908 889 967 944 8.
1002 888 1255 959 Remigii,
1288 885 1346 939 S.
1376 883 1542 939 Petri.

522 982 598 1036 De
621 989 800 1036 monte
829 981 1113 1055 Calvarite.
1470 979 1543 1033 De
1586 988 1821 1044 praesepe
1857 974 2086 1026 Domini.

519 1073 597 1127 De
617 1073 840 1128 brachio
864 1072 923 1129 8.
953 1070 1205 1143 Odulphi.
1470 1073 1537 1126 ll.
1564 1069 1813 1139 Symonis
1833 1078 1886 1121 ct
1916 1068 2086 1121 Jndm.

510 1152 583 1218 ’8.
609 1164 985 1219 Bartltolommi
1010 1163 1258 1233 apostoli.

520 1251 583 1307 8.
622 1253 848 1323 Agnetis
876 1253 1121 1321 virginis.
1464 1251 1520 1305 S.
1554 1249 1728 1317 Eligii.

519 1343 598 1397 De
621 1344 871 1399 columna
894 1382 908 1406 ,
940 1342 1031 1397 ubi
1066 1341 1167 1395 fuit
1202 1342 1459 1397 Dominus
1490 1342 1809 1408 ﬂagellatam

522 1439 601 1494 De
636 1439 863 1505 concha,
893 1435 1036 1492 unde
1062 1435 1193 1489 lavit
1221 1437 1387 1506 pedes
1421 1432 1809 1499 apostolorum.

521 1531 591 1587 Β.
626 1532 685 1587 8.
717 1530 921 1606 Mariae,
954 1530 1011 1581 S.
1042 1526 1209 1593 Petri,
1243 1528 1304 1583 8.
1333 1526 1505 1580 Pauli.

523 1626 593 1682 Β.
630 1624 687 1682 8.
713 1622 985 1694 Gregorii,
1010 1622 1071 1678 8.
1106 1619 1387 1681 Germani,
1431 1619 1491 1673 8.
1518 1616 1808 1685 Simplicii.

521 1720 583 1776 8.
617 1716 867 1773 Andreaz.
1471 1710 1529 1765 8.
1566 1709 1824 1765 llemacli.

520 1810 588 1864 Β.
621 1806 683 1864 8.
711 1804 862 1862 Jouz
884 1804 1176 1875 prophetae.

518 1902 589 1957 Β.
618 1900 678 1958 8.
705 1899 936 1957 Caeciliae
972 1896 1196 1965 digitus.

508 1982 597 2051 ‘De
623 1996 768 2064 ligno
803 1989 1041 2046 Domini.

520 2086 590 2141 ll.
631 2084 692 2139 8.
720 2081 948 2138 Bertini.
1470 2078 1529 2132 S.
1561 2076 1881 2131 Audomarl.

518 2177 582 2231 8.
624 2172 1004 2230 Scholasticte.
1469 2167 1530 2222 8.
1557 2166 1742 2223 Felicii
1786 2182 1953 2237 papae.

521 2268 601 2326 De
618 2267 739 2325 oleo
762 2266 905 2336 quod
937 2262 1211 2319 benedixit
1234 2261 1295 2318 8.
1333 2260 1682 2316 Benedictus.

522 2361 600 2417 De
626 2368 801 2428 petra,
830 2372 992 2426 super
1024 2370 1131 2425 qua
1158 2354 1426 2411 Dominus
1455 2354 1629 2410 stetit.

521 2456 592 2511 ll.
626 2453 685 2510 8.
715 2451 887 2515 Pauli,
914 2451 970 2508 S.
1005 2448 1217 2523 Cyriaci
1248 2460 1573 2519 martyrum.

522 2546 585 2601 8.
614 2543 883 2614 Hippolyti
912 2551 1072 2596 mart.
1473 2536 1532 2591 8.
1560 2536 1860 2607 Gengulpbi
1891 2546 2049 2590 mart.

523 2638 585 2692 8.
618 2636 891 2692 Pancratii
925 2640 1085 2687 mart.
1475 2630 1533 2686 S.
1569 2629 1787 2686 Sabina
1816 2631 1956 2699 virg.

524 2730 586 2786 8.
612 2728 870 2799 Odulphi.
1477 2725 1537 2779 8.
1570 2722 1853 2792 Gerulphi.

526 2821 585 2878 8.
617 2821 854 2878 Maximi.
1475 2814 1535 2868 8.
1572 2812 1841 2879 Quintilii.

1474 2905 1536 2963 8.
1559 2904 1849 2975 ldebergie.

1482 2998 1541 3051 8.
1564 2996 1834 3069 Gregorii.

1462 520 1520 576 S.
1549 521 1848 591 Peregrini.

1461 703 1535 760 De
1571 707 1715 776 ligno
1742 702 1974 757 Domini.

1469 1891 1529 1949 S.
1560 1892 1790 1949 Bcrtlim.

526 2915 589 2971 8.
618 2916 877 2970 Macltuti.

526 3008 586 3065 8.
623 3006 860 3062 Martini.

527 3101 607 3158 De
636 3113 875 3173 μετεωρο
904 3093 1137 3152 Domini.

533 3193 609 3247 De
642 3192 791 3259 virga
827 3188 1029 3242 Aaron.

530 3283 597 3335 lt.
637 3280 695 3335 S.
719 3277 904 3334 Jacobi
939 3272 1193 3347 apostoli.

531 3373 589 3427 8.
626 3368 920 3426 Marcellini
959 3376 1015 3422 et
1038 3367 1098 3420 8.
1135 3362 1462 3426 Geminiaui,

531 3465 607 3518 De
630 3461 841 3533 capillis
866 3459 926 3514 S.
960 3455 1367 3525 Christophori.

532 3556 611 3610 De
645 3552 857 3622 capillis
879 3549 1248 3621 apostolorum
1284 3545 1435 3601 Petri
1470 3556 1523 3601 et
1552 3543 1728 3600 Pauli.

536 3648 641 3706 SS.
672 3644 907 3701 Matthiae
932 3652 987 3698 et
1015 3641 1264 3696 Andreae.

537 3742 599 3797 8.
623 3739 850 3797 Joannis
882 3734 1245 3808 evangelista).

538 3833 829 3888 Brachium
857 3829 918 3884 8.
952 3827 1251 3883 Severiani.

626 3924 756 3979 Haec
804 3934 983 3975 autem
1028 3918 1310 3989 Philippus
1364 3915 1543 3988 sigillo
1581 3931 1680 3971 suo
1734 3913 1933 3969 muniri
1974 3929 2113 3983 pra:-

536 4014 702 4085 cepit.

607 4105 655 4158 Δ
685 4115 836 4174 tergo
872 4101 1193 4166 inscriptum
1238 4106 1357 4151 erat
1388 4096 1581 4150 eodem
1607 4096 1928 4150 charactere
1962 4098 2117 4151 Rat-

540 4210 681 4269 eum
701 4213 717 4251 :
737 4206 789 4251 et
818 4194 1057 4249 additum
1077 4187 1367 4246 recentiori
1393 4200 1576 4246 manu,
1605 4183 1883 4239 VISI'I'A‘NE
1906 4186 2058 4240 H86.
2091 4206 2109 4237 ι

541 4287 685 4354 Quid
730 4296 909 4340 autem
954 4289 1161 4350 septem
1211 4277 1334 4332 aliis
1364 4276 1585 4331 scriniis
1632 4276 1998 4341 contineatur,
2032 4276 2115 4327 vel

544 4379 674 4447 quid
703 4378 770 4434 iis
803 4386 991 4456 postea
1026 4374 1227 4429 factum
1255 4370 1350 4436 sit,
1398 4367 1769 4440 Brugensibus
1789 4368 2113 4422 examinan-

544 4470 672 4525 dum
699 4468 964 4538 relinquo.

1482 3729 1548 3784 Β.
1575 3727 1634 3784 8.
1664 3726 1986 3783 Felicitatis.

1884 401 2411 462 PROLECOMENA.

2118 524 2165 580 Α
2195 517 2374 570 Patris
2407 526 2458 571 et
2490 514 2689 569 domini
2718 513 2908 579 nostri,
2931 509 3131 565 dotnini
3154 509 3230 563 Pii
3260 508 3438 565 divina
3468 501 3767 559 Pt-ovidene

2192 610 2264 661 tia
2320 622 2469 675 papre
2524 603 2563 658 ll
2627 620 2767 658 anno
2802 607 3009 674 quinto,
3049 601 3099 655 in
3149 602 3249 652 hac
3292 599 3520 656 ecclesia
3566 594 3757 650 Sancti

2195 695 2476 750 Donatiani
2537 695 2869 762 Brugensis,
2920 692 3199 750 scaliaudo
3252 692 3388 746 bene
3426 697 3766 760 carpentato.

2193 798 2317 840 ante
2340 787 2565 851 dosale;
2600 794 2656 839 et
2690 796 3055 840 sacrosancta:
3086 780 3327 851 reliquiae
3357 781 3584 836 inferius
3610 776 3752 832 desi-

2191 887 2389 946 gnatm.
2428 893 2601 945 nuper
2649 890 2713 928 ex
2739 874 2969 944 quadam
3007 883 3217 930 vetusta
3250 885 3433 941 capsa,
3466 875 3518 926 in
3544 888 3649 939 qua
3672 868 3765 922 diu

2190 968 2259 1022 ab
2294 975 2472 1030 antea,
2512 966 2761 1022 videlicet
2794 966 2861 1018 de
2890 980 3032 1018 anno
3064 965 3273 1020 Domini
3328 961 3492 1024 1186,
3526 979 3618 1016 vin
3642 958 3762 1015 Kal.

2190 1060 2335 1115 Juttii
2362 1100 2379 1123 ,
2424 1060 2677 1130 Philippo
2725 1057 2992 1111 Flandria:
3019 1067 3073 1109 et
3110 1054 3502 1112 Veromaudua:
3542 1056 3764 1116 comite,

2192 1152 2513 1207 Theodorici
2582 1151 2795 1207 comitis
2854 1147 3118 1204 Flandrim
3177 1148 3285 1204 lilio
3328 1159 3455 1203 tunc
3507 1156 3768 1212 regnante

2192 1254 2506 1299 reverenter
2550 1244 2875 1299 exstiterant
2904 1241 3181 1294 collocata:
3212 1280 3228 1303 ,
3263 1257 3291 1295 a
3338 1254 3466 1294 casu
3493 1237 3766 1303 disrupta,

2192 1348 2450 1392 extractis
2487 1336 2705 1392 fuerunt
2753 1351 2849 1405 per
2881 1332 3239 1388 reverendum
3290 1336 3343 1387 in
3372 1333 3595 1389 Christo
3657 1324 3765 1379 Pa-

2196 1440 2374 1493 trem,
2435 1428 2500 1483 D.
2548 1429 2896 1485 Guiliclmunt
2936 1424 3196 1486 Vasoris,
3257 1438 3428 1478 sacra:
3478 1418 3765 1489 theologia:

2194 1522 2575 1593 professorem,
2613 1524 2679 1576 de
2716 1521 2907 1575 ordine
2940 1515 3365 1572 Prictlicatorum
3396 1553 3411 1578 ,
3447 1518 3767 1583 episcopum

2195 1617 2592 1683 Sareptanum;
2631 1613 2696 1665 ad
2732 1613 2835 1665 hoc
2864 1627 2894 1665 a
2926 1607 3225 1665 reverendo
3261 1606 3313 1659 in
3343 1604 3565 1659 Christo
3603 1605 3769 1660 Patre

2194 1717 2248 1761 et
2274 1705 2529 1768 Domino,
2561 1705 2621 1757 ι).
2666 1702 2957 1757 Guilicltno
2996 1701 3249 1772 episcopo
3281 1697 3615 1752 Torttacensi
3660 1696 3766 1751 loci

2195 1798 2524 1860 dioecesano,
2556 1794 2791 1864 speciale
2817 1795 3125 1847 mandatum
3170 1790 3429 1854 habente,
3462 1786 3767 1853 translata,

2198 1902 2251 1946 et
2282 1891 2333 1943 in
2361 1904 2499 1943 novo
2532 1888 2755 1950 feretro,
2787 1884 2845 1939 8.
2872 1884 3052 1940 Basilii
3097 1885 3393 1949 attitulato,
3429 1884 3481 1937 in
3509 1878 3770 1936 illustris-

2198 1987 2457 2038 simorum
2485 1982 2787 2050 principum
2820 1979 3187 2043 dominorum,
3235 1976 3470 2047 Philippi
3523 1974 3772 2046 Burgun-

2196 2076 2317 2139 (ἔξω,
2350 2072 2733 2143 Lotharingim,
2768 2071 3095 2135 Brahantim,
3132 2082 3185 2124 et
3225 2068 3552 2137 Limbttrgize
3577 2068 3769 2129 ducis;

2196 2182 2261 2221 ac
2291 2164 2583 2228 Flandrize,
2610 2162 2872 2225 Arthesii,
2904 2160 3242 2229 Burgttnditc,
3277 2159 3528 2223 Palatini,
3556 2158 3774 2215 Hanno'

2197 2258 2317 2323 nite,
2361 2255 2676 2322 ilollandiie,
2711 2268 2767 2310 et
2788 2238 3076 2317 Zelandiae,
3125 2267 3190 2307 ac
3224 2251 3481 2306 Nanturci
3530 2252 3770 2320 comitia,

2198 2348 2461 2421 Sacrique
2512 2347 2729 2418 Imperii
2782 2345 3146 2411 marchionis;
3194 2344 3507 2414 dominique
3539 2342 3771 2414 Frigiie,

2198 2440 2505 2497 Salinarutn
2532 2452 2586 2496 et
2615 2441 2912 2495 Mechlinia:
2946 2457 2959 2491 :
2986 2436 3166 2494 Caroli
3219 2434 3437 2491 comitis
3468 2434 3759 2501 Carolesii,

2198 2549 2266 2589 ac
2313 2535 2380 2589 de
2435 2532 2739 2588 Castroliuo
2780 2542 2836 2585 et
2886 2532 2953 2584 de
2988 2528 3256 2583 Bethunia
3316 2528 3561 2593 domini;
3600 2526 3772 2597 ipsius

2200 2620 2402 2673 domini
2438 2619 2670 2688 Philippi
2726 2618 2818 2671 lilii
2871 2616 3095 2685 legitimi
3126 2625 3180 2671 et
3222 2614 3455 2673 hmredis
3485 2633 3499 2671 :
3536 2631 3638 2672 nec
3666 2630 3771 2669 non

2198 2709 2419 2763 Joannis
2464 2709 2619 2763 ducis
2676 2707 2989 2773 Clevensis;
3027 2707 3420 2778 reverendique
3457 2709 3511 2763 in
3554 2705 3774 2763 Christo

2198 2798 2376 2855 Patris
2431 2799 2627 2854 domini
2675 2796 2857 2854 Caroli
2906 2799 2973 2853 de
3017 2797 3289 2855 Borhonio
3317 2841 3332 2864 ,
3365 2799 3767 2869 archiepiscopi

2201 2888 2596 2961 Lugdunensis,
2632 2890 2883 2958 primatis
2913 2887 3195 2957 Francia;
3241 2891 3501 2946 Ludovici
3551 2887 3770 2943 comitis

2203 2980 2262 3035 8.
2300 2981 2486 3045 Pauli,
2540 2981 2877 3051 illustrisque
2920 2983 3153 3040 dominze
3177 2984 3401 3051 Agnetis
3429 2978 3773 3049 Burgundie,

2213 3072 2445 3127 ducissa:
2472 3072 2777 3140 Borhoniaa,
2822 3088 2886 3128 ac
2917 3074 3147 3145 Adolphi
3179 3071 3457 3130 Clevensis
3480 3071 3686 3125 domini
3710 3070 3781 3127 ds

2204 3163 2520 3233 Ravestain,
2540 3166 2667 3220 dicti
2693 3167 2755 3221 Ι).
2788 3165 2940 3220 ducis
2971 3165 3245 3221 Clevensis
3275 3162 3495 3226 fratris;
3530 3176 3596 3215 ac
3617 3162 3778 3216 etiant

2132 3234 2174 3291 ο
2208 3259 2631 3311 reveretidorutn
2668 3257 3172 3323 venerabiliumque
3208 3257 3260 3309 iit
3312 3253 3532 3308 Christo
3558 3252 3780 3306 Patrum

2206 3346 2549 3401 dominorum
2579 3343 2799 3399 Thema.-
2826 3344 3173 3408 Assatteusis,
3202 3344 3254 3399 in
3289 3343 3535 3414 partibus
3576 3342 3780 3409 Angli-.e

2207 3437 2468 3507 episcopi,
2492 3434 2558 3489 de
2590 3434 2782 3490 ordine
2814 3434 3275 3501 Prmdicatorutn;
3305 3434 3513 3490 Pueolai
3565 3434 3783 3489 abbatis

2209 3530 2275 3584 de
2322 3526 2621 3593 Ecclthout,
2676 3526 2997 3595 Brugensis;
3035 3540 3090 3583 et
3140 3528 3367 3582 lloherti
3403 3525 3780 3586 Watiniensis.

2213 3621 2422 3675 ordinis
2458 3618 2518 3674 8.
2544 3619 2869 3691 Augustini;
2928 3636 3135 3676 necnon
3172 3618 3373 3675 Nicasii
3405 3621 3472 3673 de
3502 3614 3699 3682 Puteo,
3720 3616 3787 3672 de

2218 3710 2488 3765 Bethunia
2513 3728 2527 3775 ;
2557 3708 2781 3765 Joannis
2807 3712 2874 3764 de
2913 3710 3170 3779 Vassaya,
3212 3707 3595 3778 Sonegiensis;
3629 3705 3793 3764 Joano

2212 3802 2301 3855 nis
2340 3801 2613 3857 Vincentii
2643 3842 2658 3865 ,
2690 3800 3057 3864 Casletensis;
3091 3811 3146 3855 et
3196 3799 3377 3855 Caroli
3426 3801 3492 3854 tle
3541 3800 3783 3869 Campis,

2211 3895 2582 3951 Thoraltensis
2620 3896 2968 3950 ecclesiarum
3006 3895 3411 3961 collegiatarum
3474 3894 3791 3963 praeposito-

2214 4006 2370 4055 rum;
2397 4005 2461 4045 ac
2485 3988 2712 4043 Rolandi
2747 3990 3035 4059 scriptoris
3074 3991 3287 4055 decani,
3316 3999 3371 4042 et
3398 3990 3639 4045 omnium
3677 3989 3790 4045 fere

2215 4083 2557 4136 dominorum
2584 4120 2600 4147 ,
2640 4081 2797 4150 hujus
2834 4080 3075 4136 ecclesia
3104 4078 3287 4135 Sancti
3326 4078 3605 4134 Donatiani
3663 4091 3791 4134 tunc

2219 4175 2608 4228 canonicorum
2637 4173 2975 4242 aliorumque
2996 4173 3242 4227 vivorum
3269 4171 3787 4233 ecclesiasticarum,

2217 4272 2270 4317 et
2294 4266 2470 4333 pepuli
2508 4267 2873 4320 multitudinis
2902 4268 3211 4335 praesentia,
3252 4275 3567 4320 reverenter
3603 4272 3662 4319 et
3699 4266 3792 4319 de-

2215 4365 2340 4408 vote
2362 4357 2652 4409 recondita:
2679 4366 2735 4410 et
2772 4357 3014 4411 reclusai.
3063 4375 3083 4409 ι

2286 4445 2499 4501 Exhinc
2528 4447 2776 4515 sequitur
2807 4448 2998 4501 eadem
3037 4449 3374 4502 enumeratio
3414 4448 3790 4516 reliquiarum.

616 4561 694 4616 De
741 4537 1224 4628 aliareliquiarum
1274 4558 1449 4613 sancti
1479 4554 1665 4611 Basilii
1694 4552 2030 4617 visitatione,
2062 4560 2116 4605 et
2146 4580 2192 4636 ο
2220 4538 2362 4592 nulla
2408 4537 2590 4636 addita
2632 4537 3004 4636 {vindemian-
3056 4540 3135 4593 Ac
3177 4539 3411 4607 primum
3444 4540 3793 4594 nominamur

546 4652 885 4723 depositione
923 4652 975 4705 in
1030 4652 1362 4705 ornatiorem
1399 4661 1616 4718 capsam
1640 4688 1656 4714 ,
1713 4655 1943 4701 testatur
1972 4644 2115 4712 regi-

548 4755 720 4801 atrum
785 4744 1042 4797 Actorum
1113 4740 1491 4812 capitularium
1568 4739 1806 4809 praefata:
1873 4734 2122 4792 ecclesia:

551 4836 738 4893 Sancti
768 4834 1055 4891 Donatiani
1086 4834 1381 4905 Brugensis
1402 4874 1418 4899 ,
1452 4843 1700 4888 notatum
1744 4830 1786 4888 Β
1844 4829 1970 4884 folio
1993 4826 2122 4891 216,

552 4942 676 4997 pag.
720 4940 877 4981 versa
927 4925 986 4980 5|
1036 4941 1048 4976 :
1092 4925 1247 4994 cujus
1295 4927 1400 4982 hoc
1451 4936 1533 4979 est
1566 4931 1878 4979 extractum
1907 4941 1921 4975 :
1951 4941 1970 4973 ι
2028 4919 2126 4974 Die

554 5033 694 5073 amt
728 5018 928 5074 mensis
951 5018 1175 5085 Aprilis,
1206 5033 1348 5072 anno
1374 5016 1516 5071 1465
1550 5016 1884 5087 supradicto,
1905 5013 2125 5069 concio-

553 5124 677 5165 sum
711 5109 814 5165 fuit
843 5126 938 5181 per
987 5109 1239 5164 dominos
1266 5111 1603 5180 capitulum,
1659 5120 1926 5178 quatenus
1961 5106 2129 5162 domi-

556 5216 662 5257 nus
712 5200 1084 5272 sull'raganeus
1125 5200 1190 5253 ll.
1232 5200 1292 5255 D.
1324 5201 1564 5271 episcopi
1613 5198 1873 5262 Tornaci,
1907 5205 2126 5264 accepta

559 5291 777 5348 licentia
836 5292 904 5346 ab
958 5293 1143 5346 eodem
1200 5290 1420 5343 domino
1465 5294 1757 5356 episcopo,
1814 5286 2124 5350 transferat,

561 5400 722 5455 quam
743 5383 946 5440 rectius
971 5382 1183 5445 melius,
1220 5396 1403 5435 sacras
1438 5382 1697 5449 reliquias
1726 5379 1897 5435 sancti
1922 5376 2128 5441 Basilii,

560 5486 620 5532 et
655 5474 788 5529 alias
808 5474 861 5529 in
891 5473 1061 5527 veteri
1099 5488 1261 5542 capsa
1295 5475 1621 5527 exsistentes
1649 5512 1665 5534 ,
1693 5482 1749 5525 et
1778 5487 1873 5527 eas
1910 5478 2132 5539 reponat

562 5567 618 5623 in
640 5581 781 5622 novo
809 5565 1030 5629 ieretro,
1047 5580 1111 5619 ex
1134 5555 1267 5618 aui-0
1287 5572 1342 5617 et
1367 5575 1593 5633 argento
1618 5562 1687 5617 ob
1709 5566 1810 5617 hoc
1841 5564 2129 5617 fabricato.

562 5660 695 5726 Quae
718 5659 934 5728 quidem
970 5657 1249 5713 translatio
1303 5656 1444 5710 facta
1480 5655 1579 5708 fuit
1615 5669 1759 5709 anno
1784 5655 2130 5709 abincarna—

563 5754 710 5805 tione
766 5749 979 5805 Domini
1010 5749 1169 5816 “63,
1213 5750 1509 5804 indictione
1553 5764 1629 5810 at,
1661 5748 1863 5803 mensis
1893 5746 2018 5800 Maii
2048 5748 2136 5803 die

568 5855 696 5898 vero
725 5842 1044 5911 penultima.
1081 5839 1427 5912 pontiﬁcatus
1467 5841 1796 5899 sanctissimi
1828 5842 1882 5896 in
1909 5837 2133 5896 Christo

2218 4644 2339 4684 ossa
2371 4628 2604 4698 plurima
2645 4628 2703 4683 8.
2730 4628 2915 4684 Basilii
2947 4648 2959 4684 :
2990 4630 3187 4701 quibus
3225 4640 3409 4700 postea
3438 4630 3577 4684 nihil
3600 4630 3790 4685 deces-

2220 4724 2377 4790 sisse,
2400 4722 2506 4776 alio
2525 4720 2665 4775 forte
2691 4722 3033 4787 translatum,
3071 4738 3177 4778 non
3209 4723 3382 4777 ausim
3422 4735 3744 4777 asseverare
3775 4739 3788 4773 :

2221 4831 2345 4873 cum
2407 4816 2461 4869 in
2514 4814 2700 4868 ultima
2756 4815 3108 4871 translatione
3143 4831 3248 4871 non
3302 4815 3594 4870 admodum
3626 4816 3793 4868 multa

2222 4919 2345 4959 ossa
2382 4913 2590 4973 reperta
2614 4904 2755 4970 sint;
2783 4904 2912 4958 nihil
2943 4916 3120 4960 autem
3140 4916 3458 4960 caaterarum
3489 4903 3578 4957 hic
3604 4918 3797 4958 rursus

2226 4997 2624 5052 nominatarum
2679 4997 3060 5065 reliquiarum;
3101 4996 3568 5067 specilicationcm
3611 5005 3793 5050 autem

2228 5093 2418 5145 harum
2478 5092 2721 5164 sequitur
2768 5090 3173 5144 nomenclatura
3218 5091 3651 5155 canonicorum,
3701 5102 3785 5157 (ιιι

2229 5182 2568 5238 translationi
2607 5182 2733 5237 huic
2756 5183 3063 5248 adfuerunt,
3104 5183 3394 5241 videlicet:

2838 5272 3157 5345 Presbyteri.

2300 5375 2535 5426 Joannes
2565 5369 2878 5440 Mynheere,

2300 5464 2485 5519 Victor
2518 5465 2583 5519 de
2612 5464 3028 5531 Swavenaerde,

2301 5556 2530 5613 Jacohus
2552 5557 2720 5623 Mnes,

2303 5650 2550 5720 Egidius
2586 5650 2931 5721 Beversluys,

2308 5742 2588 5811 Philippus
2613 5742 2815 5814 Syron,

2309 5834 2597 5891 Balduinus
2634 5833 2819 5907 Spoel,
