4046 6440
998 375 1371 436 EXCEBPTA
1411 380 1501 435 EX
1540 379 1742 438 ACTIS
1781 381 1838 439 S.
1879 376 2124 435 BASILH
2163 378 2682 437 BOLLANDIANIS.

1831 506 1871 561 Α
1900 503 2141 572 Augusto
2164 500 2484 569 imperante,
2508 514 2563 557 et
2597 508 2855 572 regnante
2878 500 3073 557 Carolo
3096 500 3337 556 secundo
3377 498 3473 554 lli-

298 497 644 556 Burchardus
678 498 972 565 Kederkin,

298 591 555 649 Nicolaus
588 594 926 647 Brudimont.

844 683 1190 739 Subdiaconi.

294 776 539 832 Jacobus
561 775 625 829 de
647 774 886 845 Campis,

302 868 571 921 llicardus
599 867 665 921 de
692 866 933 938 Capella,

298 958 573 1013 Henricus
598 960 661 1014 de
688 960 865 1025 Miret,

290 1050 545 1106 Joannes
576 1051 848 1107 Damiens.

880 1143 1144 1214 Acolythi.

305 1235 535 1292 Carolus
572 1237 790 1297 Soillot,

303 1326 540 1383 Joannes
567 1328 631 1380 de
653 1325 883 1398 Feraye,

309 1422 374 1474 Et
399 1419 635 1474 Jacobus
674 1422 738 1474 de
763 1421 1101 1489 Purgatorio.

703 1515 912 1569 Notarii
941 1533 1058 1570 vero
1090 1515 1297 1584 fuerunt
1309 1554 1324 1579 ,

306 1602 547 1660 Joannes
572 1605 834 1674 Flatning,

307 1693 546 1751 lacubus
576 1695 819 1750 Juvenis.

309 1782 496 1840 Tertia
553 1783 832 1837 translatio
884 1783 1230 1853 reliquiarum
1285 1788 1460 1844 sancti
1494 1787 1681 1844 Basilii
1748 1790 1803 1845 ln

238 1890 436 1929 novam
464 1876 655 1929 iterum
680 1888 919 1944 capsam,
944 1890 1171 1948 eamque
1199 1892 1537 1951 argenteam,
1581 1892 1803 1954 peracta

236 1975 321 2018 est
348 1966 450 2019 hac
474 1974 659 2019 nostra
684 1974 859 2032 astate,
886 1980 1028 2023 anno
1049 1969 1255 2026 scilicet
1273 1970 1407 2024 1687
1436 1989 1450 2037 ;
1486 1973 1806 2029 celebritate

236 2069 421 2111 autem
470 2058 685 2127 majori,
722 2058 768 2114 si
817 2060 1133 2131 dignitatem
1161 2076 1514 2133 personarum
1542 2066 1805 2135 excipias,

237 2164 357 2219 qua:
417 2150 691 2219 prioribus
762 2152 1148 2210 interfuerunt.
1204 2153 1417 2209 Etenim
1476 2158 1812 2212 emremonite

234 2258 427 2299 omnes
461 2244 715 2299 adhibita:
766 2256 934 2308 sunt,
967 2259 1089 2315 qua:
1142 2245 1536 2303 solemnitatem
1584 2248 1813 2302 reddere

235 2346 492 2402 poterant
520 2337 908 2407 augustiorem,
936 2337 1360 2409 exquisitissima
1392 2340 1601 2396 musica
1633 2341 1807 2395 inter-

237 2426 475 2482 cinente.
517 2427 828 2483 Orationem
852 2426 1099 2485 Latinam
1132 2432 1319 2487 habuit
1349 2433 1414 2489 Β.
1438 2434 1505 2489 Α.
1532 2435 1594 2489 D.
1622 2434 1813 2490 Petrus

239 2517 407 2582 llaes,
474 2521 714 2590 ejusdem
769 2522 1099 2577 cathedralis
1158 2523 1402 2579 ecclesia:
1474 2527 1809 2591 canonieus;

238 2611 533 2679 Belgicam,
604 2613 670 2667 ad
708 2612 1007 2669 confertam
1052 2614 1235 2683 populi
1282 2615 1629 2682 concionem,
1673 2617 1812 2671 dixit

238 2702 300 2757 Ρ.
332 2703 569 2760 Jacobus
604 2704 758 2773 Mols,
814 2707 1087 2762 societatis
1134 2706 1261 2762 Jesu
1313 2706 1696 2763 celeberrimus
1730 2709 1812 2762 sui

240 2798 502 2866 temporis
550 2807 758 2852 orator.
805 2796 1039 2869 Reliqua
1092 2799 1184 2855 tibi
1212 2800 1359 2857 dabit
1410 2803 1581 2873 ipsum
1612 2843 1628 2867 ,
1668 2803 1810 2874 quod

240 2902 300 2939 ea
332 2903 499 2956 super
555 2902 615 2941 re
651 2888 959 2945 confectum
988 2900 1092 2955 est,
1141 2891 1413 2958 publicum
1462 2894 1810 2950 illustrissimi

239 2976 442 3030 domini
494 2976 770 3046 episcopi,
826 2976 1081 3047 reliquias
1139 2978 1549 3045 transferentis,
1610 2983 1811 3037 instru-

238 3076 504 3122 mentum.

223 3211 564 3255 -ιιυιιιειιτυς
616 3214 935 3254 ςυιιιειιιυε
961 3242 976 3259 ,

312 3283 513 3323 ῦιιΑτιΑ
540 3285 823 3325 Ερεεεοιιυέ
862 3285 1146 3324 BBUGENSIS
1166 3310 1179 3332 ,
1208 3287 1512 3327 PEBPETUUS
1534 3288 1597 3327 AC
1624 3289 1808 3327 “ERE-

304 3353 564 3392 DITARIUS
624 3355 899 3392 FLANDlll/E
953 3355 1380 3405 εικοειιλιιιυε,
1452 3356 1624 3396 ΒΕΕΙΑΒ
1694 3358 1805 3398 SUB

308 3423 603 3462 IIAJESTATI
636 3428 666 3461 tt
692 3422 935 3463 CONCILIO
980 3425 1206 3475 unus,
1232 3422 1342 3465 etc.

318 3540 342 3572 1
371 3519 654 3576 Universls
692 3532 745 3575 et
772 3522 1000 3590 singulis
1030 3532 1321 3592 praasentes
1353 3523 1559 3579 litteras
1594 3525 1809 3592 visuris,

232 3628 333 3667 seu
366 3614 471 3683 legi
513 3614 816 3679 audituris,
843 3614 1069 3668 salutem
1103 3617 1155 3669 in
1192 3615 1438 3672 Domino.
1477 3616 1811 3672 Promotioui

226 3706 422 3761 cultus
483 3716 798 3761 sanctorum
865 3708 1108 3763 studiose
1163 3725 1377 3779 semper
1440 3712 1811 3777 intendimus,

237 3800 480 3851 scientes
522 3798 686 3850 Deum
728 3797 1153 3866 omnipotentem
1186 3799 1243 3851 in
1275 3800 1477 3852 sanctis
1505 3800 1615 3853 suis
1644 3799 1815 3852 bono-

238 3902 447 3953 ratum,
476 3898 789 3944 sanctorum
830 3889 1067 3944 cultores
1088 3888 1154 3943 ad
1183 3898 1493 3945 sanctorum
1523 3890 1577 3944 in
1610 3899 1813 3945 aeterna

242 3981 579 4036 beatitudine
618 3981 934 4036 societatem
971 3982 1279 4052 disponere,
1302 3991 1358 4037 et
1390 3981 1663 4038 efficacius
1686 3998 1812 4052 per-

239 4074 460 4127 ducere.
506 4072 641 4126 Cum
689 4072 873 4141 itaque
898 4087 1089 4141 nuper,
1121 4088 1187 4129 ex
1214 4074 1415 4144 pietate
1445 4085 1499 4129 et
1555 4076 1809 4131 munifica

234 4165 567 4219 liberalitate
596 4166 881 4221 reverendi
905 4167 1051 4220 adm.
1084 4166 1287 4220 domini
1316 4166 1541 4237 Eugenii
1565 4168 1630 4222 de
1654 4165 1810 4239 Vicq,

240 4260 436 4313 decani
468 4258 711 4315 ecclesia:
755 4260 1087 4316 cathedralis
1144 4257 1329 4313 Sancti
1378 4260 1692 4327 Donatiani,
1720 4262 1816 4315 ab-

240 4352 422 4408 soluto
472 4365 635 4419 opere
694 4352 819 4407 novi
881 4350 1067 4407 feretri
1123 4364 1401 4406 sacrarum
1456 4352 1811 4422 reliquiarum

235 4443 412 4498 sancti
462 4441 647 4497 Basilii
700 4442 875 4514 Magni
906 4485 921 4509 ,
949 4444 1208 4499 Caesarea:
1238 4444 1291 4498 in
1322 4443 1664 4514 Cappadocia
1717 4460 1812 4499 ar-

1041 3214 1126 3254 DEI
1174 3216 1240 3254 ετ
1280 3216 1619 3258 srosrouca;
1660 3196 1879 3258 ποιεῦ

3309 398 3464 438 οοιει

1909 593 2219 661 spaniarum
2264 606 2391 661 rege
2415 631 2431 655 ,
2463 590 2729 649 Flandria
2783 594 2987 650 comite
3011 633 3027 656 ,
3085 593 3476 649 accesserimus

1904 685 2269 752 supradictam
2330 681 2615 736 ecclesiam
2693 681 3099 745 cathedralem,
3169 683 3477 747 ibidemque

1906 772 2302 842 pontificalibus
2326 771 2517 836 induti,
2551 785 2673 823 cum
2705 772 2963 828 ministris
2988 779 3043 827 et
3076 770 3297 835 lumine,
3344 785 3476 840 prat-

1907 873 2063 919 sente
2092 865 2239 919 clero
2269 879 2333 918 ac
2364 861 2861 918 honorabilioribus
2888 866 3020 921 viris
3045 861 3187 919 infra
3220 864 3473 917 nomina-

1907 958 1997 1021 tis,
2021 964 2076 1009 et
2101 956 2369 1025 frequenti
2411 954 2629 1025 populo,
2668 964 2795 1008 ante
2822 968 3095 1011 summum
3129 954 3300 1010 altare
3323 953 3476 1007 chori

1905 1049 2144 1115 ejusdem
2197 1046 2462 1112 ecclesize,
2510 1046 2800 1101 decantata
2846 1044 2996 1115 prius
3038 1049 3275 1116 hymno,
3349 1041 3475 1097 Vetti

1906 1151 2107 1192 creator
2137 1137 2361 1209 Spiritus
2385 1178 2400 1201 ,
2443 1152 2565 1192 cum
2586 1135 2812 1191 collecta
2861 1133 3102 1201 ejusdem
3129 1173 3146 1197 ,
3192 1148 3476 1206 postquam

1909 1244 2019 1281 rev.
2049 1230 2187 1281 adm.
2222 1226 2475 1282 dominus
2500 1228 2760 1289 deeanus,
2796 1221 2906 1276 alta
2939 1239 3067 1277 voce
3089 1263 3105 1291 ,
3137 1227 3352 1277 nomine
3373 1240 3475 1279 suo

1906 1331 1959 1374 et
1990 1320 2210 1389 capituli
2237 1318 2569 1388 exposuerit,
2602 1333 2664 1374 ac
2702 1332 2799 1372 nos
2844 1315 3043 1370 iterum
3102 1316 3379 1387 rogaverit
3420 1329 3477 1370 ut

1907 1410 2251 1477 dignarentur
2280 1409 2532 1478 reliquias
2556 1408 2839 1477 praedictas
2875 1408 3049 1462 sancti
3092 1406 3272 1461 Basilii
3304 1416 3479 1461 trans-

1909 1500 2048 1553 ferre
2081 1501 2147 1552 de
2198 1500 2417 1569 antiquo
2468 1501 2524 1555 in
2582 1514 2777 1554 novum
2823 1502 3116 1565 feretrum;
3159 1498 3478 1570 jusseritnus

1908 1594 1975 1645 ad
2003 1606 2099 1645 nos
2129 1588 2310 1644 all'erri
2340 1590 2618 1659 antiquam
2654 1604 2873 1658 capssm
2902 1605 2994 1644 seu
3024 1591 3279 1645 feretrum
3303 1589 3443 1644 dicta
3463 1619 3478 1627 ο

1906 1699 2024 1738 rum
2072 1682 2422 1751 reliquiarum
2464 1683 2633 1737 sancti
2670 1680 2892 1747 Basilii,
2921 1692 3048 1736 ante
3080 1694 3323 1736 nostrum
3377 1680 3473 1736 ad-

1908 1788 2124 1832 ventum
2167 1778 2218 1830 iu
2267 1790 2454 1831 mensa
2504 1789 2535 1827 a
2587 1775 2757 1830 latere
2792 1774 3062 1846 evangelii
3117 1778 3475 1843 expositum:

1910 1867 2053 1935 quod
2079 1866 2276 1933 praevia
2306 1864 2550 1935 diligenti
2593 1866 2902 1921 visitatione
2951 1865 3253 1936 reperimus
3300 1866 3481 1922 debite

1911 1958 2210 2012 occlusum.
2248 1960 2555 2029 Apertoque
2580 1959 2647 2013 de
2673 1959 2928 2013 mandato
2952 1970 3140 2014 nostro
3168 1960 3313 2015 dicto
3342 1962 3482 2012 ant;-

1912 2063 2019 2118 quo
2047 2051 2267 2114 feretro,
2297 2061 2510 2119 reperta
2536 2052 2638 2107 fuit
2662 2052 2714 2107 in
2733 2065 2799 2107 eo
2820 2050 3044 2122 parvula
3064 2052 3254 2106 cistula
3278 2053 3481 2123 lignea,

1913 2143 2077 2197 rubro
2102 2142 2339 2212 depicta,
2373 2142 2603 2197 vinculis
2628 2144 2821 2198 ferreis
2844 2145 2982 2199 bene
3007 2142 3225 2197 occlusa
3250 2161 3267 2211 ;
3300 2144 3351 2197 in
3372 2159 3478 2215 qua

1914 2232 2209 2297 reperimus
2251 2232 2354 2285 tria
2385 2246 2530 2297 ossa,
2562 2245 2754 2299 nempe
2786 2244 3034 2303 magnam
3069 2242 3278 2303 partem
3304 2234 3473 2302 spina:

1914 2320 2083 2382 dorsi,
2112 2322 2198 2375 eui
2222 2321 2375 2375 allisa
2404 2334 2487 2377 est
2522 2321 2779 2376 schedula
2833 2336 3183 2391 pergamena,
3216 2325 3269 2378 in
3298 2323 3483 2378 verbis

1913 2412 2216 2476 continens,
2248 2411 2524 2475 RELIQUI£
2562 2428 2749 2468 ssnon
2781 2412 2982 2468 BASILII
3026 2428 3429 2470 ABCIIIBPISCOPI
3461 2430 3479 2479 ;

1912 2515 1965 2561 et
1988 2507 2093 2562 duo
2122 2506 2252 2571 alia,
2284 2506 2445 2562 simul
2476 2507 2713 2563 involuta
2736 2506 3010 2577 gossypio,
3028 2517 3081 2561 et
3105 2508 3335 2563 obducta
3360 2508 3482 2561 albo

1912 2597 2087 2651 serico
2116 2598 2478 2662 Damasceno,
2507 2612 2631 2653 eum
2661 2597 2862 2652 litteris
2885 2597 2939 2652 in
2974 2611 3326 2669 pergatneno,
3351 2613 3477 2653 cum

1918 2698 2113 2754 magno
2152 2686 2329 2755 sigillo
2354 2686 2542 2751 rubro,
2564 2687 2856 2741 exhibentc
2882 2686 3111 2753 efﬁgiem
3144 2695 3482 2755 equestrem,

1913 2787 1967 2832 et
1997 2776 2188 2833 sericis
2233 2777 2472 2848 antiquis
2524 2776 2834 2849 Iigamentis
2862 2774 3165 2843 adiunctis:
3202 2778 3359 2845 cujus
3390 2779 3468 2839 le-

1913 2879 2089 2938 ctura,
2114 2878 2223 2925 tam
2245 2869 2297 2925 in
2325 2869 2504 2941 sigillo
2532 2884 2695 2939 quam
2727 2870 2779 2925 in
2799 2886 3145 2942 pergatneno,
3175 2886 3279 2938 non
3308 2872 3487 2941 potuit

1914 2961 2051 3026 fieri,
2097 2970 2317 3032 propter
2346 2961 2565 3017 nimiam
2612 2972 2955 3018 vetustatem.
3021 2963 3277 3033 Dictaque
3327 2976 3482 3026 ossa,

1915 3055 2256 3125 discooperta
2278 3065 2336 3110 et
2366 3054 2580 3126 integre
2609 3054 3111 3117 inventa,omnibus
3131 3054 3486 3123 praesentibus

1916 3148 2217 3199 veneranda
2243 3146 2594 3215 exposuimus
2618 3154 2676 3198 et
2696 3143 3039 3199 exhibuimus
3072 3161 3087 3197 :
3115 3158 3178 3197 ac
3203 3142 3489 3212 pradicas

1918 3234 2175 3305 reliquias
2201 3275 2217 3299 ,
2264 3238 2319 3291 in
2366 3235 2633 3306 corporali
2685 3235 2793 3290 alio
2822 3237 3022 3290 mundo
3060 3234 3486 3302 simuljunetas.

1916 3327 2167 3380 decenter
2188 3328 2435 3383 manibus
2457 3331 2657 3385 nostris
2699 3328 3047 3394 involvimus,
3082 3340 3139 3384 et
3162 3328 3217 3383 in
3244 3343 3483 3399 pawn.

1919 3417 1993 3471 tia
2020 3429 2201 3475 nostra
2227 3420 2280 3474 in
2302 3422 2489 3477 eodem
2521 3420 2789 3491 corporali
2819 3423 3008 3477 eonsui
3038 3421 3354 3477 curavimus
3378 3420 3484 3477 filis

1915 3533 2150 3599 byssinis
2181 3547 2195 3585 :
2224 3536 2291 3588 ad
2321 3549 2458 3604 quas
2482 3530 2705 3588 eosdem
2755 3535 3083 3590 reverendos
3106 3535 3396 3591 admodum
3420 3550 3484 3591 ac

1916 3627 2251 3681 venerabiles
2300 3626 2548 3681 dominos
2597 3626 2665 3681 de
2712 3627 2860 3681 clero
2913 3626 3153 3695 ejusdem
3195 3627 3483 3693 ecclesiae,

1916 3716 2157 3785 aliosque
2209 3714 2563 3769 notabiliores
2592 3725 2909 3784 praesentes,
2942 3724 3047 3770 tam
3086 3715 3486 3772 ecclesiasticos

1916 3821 2078 3876 quam
2108 3804 2417 3872 saeculares,
2449 3808 2515 3860 ad
2546 3806 2786 3862 osculum
2820 3817 2946 3861 ante
2982 3820 3253 3861 summum
3313 3795 3485 3857 ditare

1917 3897 2155 3967 pradicti
2193 3897 2343 3953 chori
2371 3913 2466 3967 per
2492 3899 2734 3953 ordinem
2758 3898 3097 3952 admisimus.
3128 3894 3482 3951 Postmodum

1915 4003 2101 4043 omnes
2125 3990 2339 4045 easdem
2374 3990 2632 4061 reliquias
2664 4027 2681 4051 ,
2732 3988 2878 4043 dicto
2915 3986 3182 4058 corporali
3224 3985 3483 4048 inclusas,

1916 4080 1969 4135 in
2006 4094 2148 4136 novo
2183 4081 2361 4137 serico
2386 4080 2621 4136 czeruleo
2650 4079 2752 4134 illis
2784 4079 2977 4134 sericis
3014 4077 3254 4147 ejusdem
3284 4076 3487 4131 coloris

1916 4172 2261 4227 involvimus.
2319 4171 2561 4240 Denique
2598 4169 2738 4225 idem
2782 4171 3125 4226 involucrum
3166 4166 3485 4223 inclusimus

1915 4278 2066 4320 nova:
2091 4264 2316 4325 cistulte,
2351 4266 2418 4316 ab
2440 4273 2591 4318 extra
2631 4261 2833 4317 all‘abre
2872 4262 3121 4332 depictas,
3150 4270 3206 4314 et
3234 4273 3485 4329 superum

1917 4356 2189 4424 inscriptae
2241 4354 2403 4410 rubro
2456 4356 2677 4410 colore:
2712 4354 2993 4417 Rutenis
3036 4367 3227 4408 sanari
3276 4351 3479 4407 Basts't

1918 4448 2113 4512 Μιαιιι,
2139 4462 2461 4504 τιιΑιιςιΑ-ιλε
2488 4463 2587 4501 xm
2636 4446 2779 4502 .lntvu
2818 4446 2989 4507 1687;
3024 4454 3079 4500 et
3109 4444 3178 4499 ab
3206 4444 3347 4499 intra
3393 4457 3484 4499 co-

232 4536 571 4606 cbiepiscopi
610 4544 665 4590 et
721 4536 1077 4602 confessoris,
1131 4537 1416 4607 singularis
1470 4537 1707 4605 patroni,
1776 4553 1805 4590 a
1844 4533 1888 4587 D
1916 4549 2117 4610 opertae
2150 4540 2327 4595 satino
2355 4540 2588 4595 cacruleo
2620 4540 2804 4607 (quam
2830 4537 3195 4606 praviejnxta
3223 4535 3480 4605 praescri-

238 4628 423 4682 multis
468 4638 614 4683 retro
652 4629 863 4684 saculis
914 4630 966 4683 in
997 4630 1183 4684 eadem
1234 4629 1461 4683 ecclesia
1512 4629 1810 4683 cathedrali

232 4730 684 4787 asservatarum,
739 4732 796 4775 et
860 4726 960 4791 pia:
1013 4722 1349 4775 venerationi
1409 4721 1808 4786 exhibitarnm;

232 4812 382 4867 adm.
418 4814 698 4867 reverendi
751 4822 805 4867 et
860 4813 1193 4867 venerabiles
1240 4812 1482 4877 domini,
1520 4812 1812 4881 prmdictus

239 4906 478 4959 decanus
514 4915 568 4959 et
603 4904 895 4974 capitulum
927 4906 1165 4975 ejusdem
1193 4904 1462 4968 ecclesiae,
1495 4904 1811 4959 desideran-

241 5008 322 5053 tes
363 5013 461 5068 pro
508 5012 666 5067 posse
708 4998 965 5052 mandare
1020 4999 1353 5053 exsecutiuni
1404 4998 1809 5053 translationem

241 5089 624 5159 praedictarum
668 5098 982 5143 sanctarum
1044 5088 1397 5153 reliquiarum
1427 5130 1443 5154 ,
1480 5105 1546 5145 ex
1578 5091 1804 5159 antiquo

242 5180 296 5232 in
321 5179 651 5233 antedictum
683 5193 881 5233 novum
907 5178 1170 5234 feretrum
1189 5220 1205 5245 ,
1234 5195 1331 5235 nos
1359 5180 1535 5235 debita
1560 5197 1680 5236 cum
1724 5183 1810 5235 in-

240 5271 438 5323 stantia
487 5270 860 5339 requisierint,
899 5270 951 5324 id
982 5270 1097 5325 fieri
1132 5285 1254 5324 cum
1298 5271 1734 5329 solemnitatibus
1757 5282 1813 5328 et

241 5362 585 5418 catremoniis
608 5360 929 5431 Opportunis
952 5362 1018 5415 ad
1052 5361 1152 5415 hoc
1184 5362 1475 5429 requisitis.

318 5471 337 5504 ι
381 5452 518 5506 Hine
569 5462 651 5506 est
678 5454 819 5521 quod
872 5466 968 5505 nos
1006 5466 1067 5505 ea
1104 5452 1171 5505 de
1196 5465 1395 5515 causa,
1425 5466 1567 5505 anno
1599 5449 1811 5505 Domini

242 5544 536 5598 millesime
562 5544 960 5615 sexcentesimo
1001 5554 1166 5611 atque
1196 5542 1529 5613 octogesimo
1554 5543 1808 5613 septimo,

240 5635 448 5689 mensis
470 5634 614 5689 Junii
651 5636 738 5691 die
781 5650 876 5689 ιιιι
910 5676 924 5697 .
977 5636 1149 5704 pridie
1188 5633 1311 5689 festi
1362 5634 1602 5705 ejusdem
1634 5635 1811 5689 sancti

238 5726 447 5791 Basilii,
479 5729 701 5781 sedente
740 5728 793 5779 in
822 5727 1077 5782 cathedra
1106 5725 1277 5782 sancti
1306 5724 1452 5780 Petri
1503 5724 1687 5780 Romae
1718 5725 1808 5780 ln-

232 5820 493 5873 aocentio
537 5833 672 5874 naua
716 5818 834 5875 eius
887 5818 1121 5875 nominis
1174 5816 1495 5884 undecimo,
1534 5815 1807 5882 Leopoldo

1920 4641 2067 4699 ptum
2128 4629 2462 4685 Pontilicalis
2515 4629 2765 4692 Romani,
2789 4644 2909 4682 cum
2941 4628 3197 4697 praedicto
3229 4640 3368 4680 novo
3401 4623 3484 4680 fe-

1918 4737 2064 4781 retro
2098 4724 2286 4793 majori
2318 4734 2598 4795 argenteo,
2630 4718 3023 4789 bdnediximus)
3044 4733 3149 4773 una
3193 4732 3318 4773 cum
3341 4729 3479 4788 pras-

1915 4819 2157 4874 sentibus
2214 4817 2416 4873 nostris
2472 4814 2685 4875 litteris,
2727 4812 2989 4882 pracdicto
3043 4819 3354 4880 pervetusto
3400 4810 3479 4864 illi

1913 4922 2239 4980 pergameno
2263 4906 2556 4970 transﬁxis,
2593 4907 2733 4960 inter
2767 4908 2905 4958 duas
2941 4901 3196 4958 culcitras
3216 4916 3279 4956 ex
3303 4901 3483 4956 satino

1914 5003 2143 5056 caeruleo
2178 5000 2245 5054 ab
2286 5010 2513 5069 utraque
2541 5011 2696 5066 parte
2724 4996 2919 5062 factas,
2969 5011 3034 5051 ac
3069 4996 3221 5066 copia
3245 5010 3341 5065 per
3382 5012 3481 5051 nos

1914 5092 2281 5146 authenticata
2313 5100 2364 5144 et
2398 5090 2635 5160 sigillata
2682 5087 2961 5157 cujusdam
2993 5088 3293 5142 testimonii
3346 5088 3477 5141 anni

1915 5182 2185 5237 millesimi
2213 5180 2489 5235 centesimi
2510 5178 2825 5247 octogesiml
2858 5177 2998 5231 sexti
3022 5191 3119 5231 vnt
3143 5174 3261 5231 Kal.
3297 5176 3477 5243 Junii;

1914 5288 2018 5342 qua
2052 5279 2222 5341 patet,
2254 5285 2349 5341 per
2380 5270 2686 5339 Philippum
2709 5309 2725 5334 ,
2760 5267 2929 5322 lilium
2961 5266 3284 5324 Theodorici
3310 5271 3485 5323 comi-

1916 5374 2025 5419 tem
2069 5362 2358 5427 Flandrite,
2414 5362 2466 5415 in
2501 5360 2784 5431 praesentia
2813 5359 3069 5415 Florentii
3094 5359 3314 5413 comitis
3347 5357 3478 5412 Hol-

1914 5452 2129 5517 landite,
2165 5450 2392 5507 Gerardi
2440 5450 2711 5521 prtepositi
2773 5447 2955 5505 Sancti
3012 5448 3315 5513 Donatiani,
3350 5448 3476 5504 item

1913 5543 2139 5600 Gerardi
2167 5543 2435 5613 ιιι-ιεροεὶιὶ
2470 5540 2722 5605 insulani,
2746 5550 2803 5595 et
2827 5539 3015 5609 reliqui
3066 5539 3199 5593 cieri
3233 5538 3479 5593 ecclesia:

1916 5634 2102 5691 Sancti
2137 5633 2442 5700 Donatiani,
2470 5632 2754 5702 prmdictas
2803 5631 3058 5699 reliquias
3088 5630 3260 5683 sancti
3285 5627 3475 5687 Basilii

1913 5726 2091 5798 Magni
2118 5766 2133 5792 ,
2180 5726 2426 5796 aliasque
2459 5726 2767 5795 complures
2800 5725 2969 5780 fuisse
3007 5724 3253 5777 visitatas
3280 5724 3480 5778 debitis

1915 5819 2252 5875 caeremoniis
2281 5858 2297 5883 ,
2349 5828 2402 5875 et
2432 5817 2607 5885 sigillo
2664 5817 2906 5886 ejusdem
2945 5813 3161 5873 comitis
3203 5811 3478 5872 Fiandnae
