4046 6458
540 415 717 460 ιοκοιι

1909 379 2450 443 ΡΚΟΙᾸΞΕΟἊΕΝΑ.

545 521 825 592 adiuncto,
857 512 1103 586 apposito
1160 510 1449 568 antedicuc
1486 522 1638 564 novae
1683 506 1891 563 cistula
1937 505 2117 579 sigillo
2148 522 2191 577 Α
2220 500 2607 571 ﬂooglistrate,
2646 493 2851 551 comite
2886 492 2951 547 de
2982 488 3336 559 liene-bourg.
3371 501 3399 541 a
3427 486 3664 543 consilio
3694 489 3795 544 mi-

547 620 758 675 nostro,
788 609 857 664 ab
888 617 1119 676 utroque
1145 603 1323 660 latere
1350 602 1405 657 in
1438 615 1562 657 cera
1596 600 1782 656 rubra.

2223 594 2371 652 litari
2426 606 2541 647 sua:
2595 586 2899 658 maiestatis
2946 593 3003 640 et
3055 582 3542 654 superintemlente
3593 581 3802 636 militiae

625 721 646 757 s
684 674 816 759 Acta
852 674 1080 756 fuerunt
1108 697 1222 753 base
1248 694 1300 751 in
1329 693 1503 750 choro
1523 705 1664 764 sape
1680 691 1841 748 dictae
1876 688 2121 746 ecclesiae
2220 683 2516 759 provincia:
2544 679 2857 741 Flandrias;
2883 676 3046 731 nobili
3075 677 3135 731 Ι).
3168 675 3515 731 Ferilinamlo
3544 674 3803 742 Augusti-

548 794 873 855 catbedralis
902 791 1086 849 Sancti
1124 787 1411 845 Donatiani
1439 786 1626 857 Brugis
1651 823 1667 848 ,
1693 799 1861 847 anno,
1907 796 2119 845 mense,

550 898 607 946 et
634 889 744 953 die,
769 885 967 957 quibus
986 897 1176 954 supra,
1203 879 1559 951 praesentibus
1592 877 1648 932 in
1675 876 1867 931 eadem
1896 872 2123 930 solemni

548 979 905 1038 translatione
935 974 1224 1031 admodum
1253 971 1567 1029 revereudis
1620 979 1679 1025 et
1720 968 2125 1024 venerabilibus

546 1070 806 1136 dominis,
826 1066 1082 1124 videlicet
1109 1063 1279 1121 nobili
1316 1063 1540 1119 domino
1572 1061 1818 1133 Eugenio
1851 1060 1917 1115 de
1956 1058 2113 1128 Vicq,

551 1164 604 1220 J.
659 1162 723 1221 U.
758 1162 823 1219 L.
862 1159 1130 1231 przcdicta
1183 1155 1429 1213 ecclesia:
1486 1157 1722 1221 decano;
1784 1152 1849 1208 Ι).
1902 1150 2117 1209 Joanne

553 1253 775 1313 Pinckel
803 1293 821 1321 ,
875 1251 934 1309 8.
979 1250 1046 1309 ⁸1⁵.
1079 1249 1146 1306 ι.
1195 1246 1620 1312 arcbidiacono;
1678 1246 1744 1302 Ι).
1796 1243 2001 1301 Jacobo
2059 1244 2126 1299 de

548 1348 719 1414 Crits.
771 1354 1032 1409 cautore;
1064 1339 1362 1399 D.Joanue
1409 1339 1478 1396 de
1517 1339 1718 1410 Blissy,
1755 1337 1815 1394 S.
1842 1336 1906 1392 1‘.
1943 1336 2006 1390 Ι..
2038 1350 2128 1390 ar-

553 1438 1004 1511 rbipresbytero;
1055 1433 1119 1491 D.
1157 1432 1371 1490 Joanne
1420 1428 1720 1488 Francisco
1770 1432 1838 1487 de
1894 1428 2129 1485 Buillcn-

552 1538 734 1593 court.
762 1526 813 1586 J.
853 1528 917 1583 ν.
950 1526 1012 1583 Ι...
1050 1524 1221 1582 nobili
1254 1524 1318 1579 Ι).
1342 1522 1553 1578 Joanne
1578 1538 1679 1577 van
1714 1522 1943 1585 Voltlen,
1978 1519 2026 1575 J.
2058 1517 2126 1573 V.

558 1622 626 1679 Ι...
666 1622 727 1677 D.
753 1619 1049 1676 Francisco
1070 1633 1176 1673 van
1205 1614 1382 1672 Terre
1401 1653 1417 1679 ,
1448 1613 1512 1669 D.
1545 1613 1770 1669 Claudio
1793 1613 1998 1683 Agretti
2028 1652 2045 1676 ,
2075 1610 2125 1664 J.

557 1714 626 1771 ν.
657 1714 720 1769 D.
745 1712 911 1769 nobili
940 1709 1004 1765 D.
1042 1707 1283 1765 Roberto
1304 1705 1615 1763 Alexandro
1676 1706 1744 1760 de
1799 1704 2031 1777 liaynin,
2075 1704 2126 1759 J.

561 1804 629 1863 U.
659 1805 721 1861 ι).
748 1804 977 1860 Alberto
1006 1800 1318 1873 Claysman,
1350 1797 1399 1853 J.
1438 1797 1503 1855 U.
1531 1797 1593 1853 ι..
1629 1797 1795 1852 nobili
1839 1797 1900 1851 il.
1934 1796 2131 1852 Carolo

2226 776 2384 834 node
2425 774 2576 844 Vicq,
2626 773 2889 840 toparcba
2924 770 2991 823 de
3019 766 3305 821 ﬂeulevelt
3337 776 3392 820 et
3435 766 3798 829 Desmarieis,

2225 867 2465 923 civitatis
2513 863 2809 934 Brugensis
2864 860 3137 915 sculteto:
3172 855 3338 910 nobili
3381 854 3445 910 Β.
3502 853 3804 908 Francisco

2226 962 2373 1017 bans
2404 999 2419 1025 ,
2452 956 2738 1028 Toparcha
2788 955 2855 1009 de
2908 947 3362 1007 Meetkerckbove
3387 986 3403 1011 ,
3435 947 3796 1018 Brugensinm

2226 1052 2652 1126 burgimagistro
2678 1046 2966 1117 primario;
3015 1042 3180 1100 nobili
3208 1043 3269 1097 D.
3285 1040 3517 1096 Claudio
3533 1042 3599 1094 de
3619 1038 3715 1093 Col
3732 1047 3802 1099 te,

2226 1144 2582 1214 Brugensium
2621 1137 3041 1209 burgimagistro
3068 1131 3421 1193 secundario;
3450 1130 3618 1185 nobili
3647 1128 3806 1184 Chri-

2227 1238 2489 1307 stopboro
2519 1249 2623 1288 van
2659 1232 2886 1296 Volden,
2920 1228 3099 1299 primo
3145 1224 3506 1295 Brugensium
3553 1219 3810 1290 graphia-

2230 1330 2346 1395 rio;
2384 1328 2550 1383 nobili
2607 1324 2906 1381 Pbiliberto
2968 1337 3069 1375 van
3122 1318 3366 1382 anden,
3425 1314 3687 1382 toparcba
3740 1317 3809 1368 de

2226 1423 2513 1495 Creugerl.
2552 1417 3072 1476 Franconutensium
3100 1413 3331 1470 consule
3376 1412 3670 1480 primario;
3704 1424 3804 1462 no-

2231 1516 2327 1572 bili
2354 1517 2415 1570 υ.
2444 1513 2669 1569 Nicolao
2694 1510 2929 1567 d‘Heerc
2949 1547 2964 1573 ,
2993 1504 3518 1563 Franconatcnsiuin
3543 1502 3807 1565 consule;

2229 1606 2638 1666 consultissimo
2670 1603 2890 1661 domino
2916 1601 3116 1657 Jacobo
3156 1602 3222 1655 de
3253 1599 3607 1667 Stcenberge,
3636 1593 3809 1649 Fran-

2230 1700 2613 1758 conatensium
2663 1694 2973 1770 grapliiario
3018 1691 3317 1764 primario;
3379 1677 3809 1760 generosissi’mo

2235 1795 2354 1849 viro
2386 1794 2451 1849 ι).
2479 1792 2772 1847 Ambrosio
2798 1788 2865 1843 de
2907 1785 3240 1854 Pracipinno
3283 1784 3481 1839 comite
3511 1782 3580 1837 de
3640 1782 3805 1853 δον.

561 1898 764 1962 Triest.
789 1893 841 1951 J.
865 1892 930 1950 υ.
966 1892 1026 1949 L.
1064 1892 1125 1946 D.
1161 1891 1396 1947 Henrico
1418 1889 1713 1954 lortel,D.
1739 1887 1949 1943 Joanne
1976 1887 2131 1956 Bapt.
2163 1890 2207 1946 Ii
2238 1888 2400 1957 regias
2449 1900 2559 1941 suae
2605 1881 2879 1954 maiestati
2918 1895 2948 1935 a
2981 1877 3228 1934 consiliis
3268 1878 3475 1931 bellicis
3515 1885 3569 1931 et
3600 1874 3810 1928 militiae

560 1986 800 2051 Resiste,
828 1983 879 2041 J.
919 1982 983 2039 υ.
1010 1983 1071 2039 ι..
1106 1981 1167 2038 D.
1208 1981 1432 2037 Nicolao
1463 1978 1722 2048 Rosignol
1745 2018 1760 2039 .
1790 1978 1855 2032 Ι).
1888 1976 2135 2045 Gaspare

556 2079 760 2137 Gelson
790 2117 807 2145 ,
852 2078 914 2134 D.
945 2074 1240 2130 Theodoro
1268 2070 1487 2135 Benoit,
1524 2069 1689 2125 nobili
1726 2070 1787 2125 ὓ.
1826 2069 2137 2123 Alexandro

558 2186 664 2225 van
704 2167 930 2231 Volden,
964 2161 1016 2219 J.
1042 2162 1105 2217 V.
1136 2162 1195 2217 Ιι.
1226 2160 1288 2215 Ι).
1318 2159 1515 2216 Carolo
1550 2157 1742 2213 Alexio
1793 2159 1859 2213 de
1898 2156 2137 2211 Baillen-

559 2268 741 2326 court,
776 2256 824 2315 J.
863 2256 925 2313 V.
958 2255 1109 2321 ΕΛ).
1134 2253 1344 2311 Joanne
1378 2251 1537 2321 Bapt.
1584 2250 1794 2305 vanden
1833 2248 2132 2320 Bogaerde,

564 2355 627 2411 ι).
655 2350 927 2409 Ludovico
957 2348 1221 2414 Collaert,
1280 2347 1340 2403 ι).
1370 2346 1530 2403 Petro
1562 2344 1729 2412 lues,
1754 2342 1805 2400 J.
1844 2342 1909 2399 ν.
1936 2343 2001 2399 L.
2036 2358 2132 2398 no-

561 2446 658 2502 bili
686 2443 750 2500 Β.
773 2442 1065 2501 Guilielmo
1086 2440 1325 2511 Josepbo
1360 2437 1623 2494 Alverado
1650 2452 1684 2510 y
1712 2437 2131 2499 Draccamonte,

562 2536 729 2593 nobili
761 2537 824 2593 Ι).
854 2533 1060 2591 Jacobo
1095 2530 1390 2587 Francisco
1414 2530 1484 2584 de
1509 2529 1752 2591 Aranda.
1778 2525 1829 2581 J.
1862 2523 1929 2580 ν.
1965 2525 2027 2579 ι..
2073 2526 2133 2579 D.

562 2628 727 2685 Petro
755 2624 1036 2692 Stalpacrt
1066 2640 1080 2688 ;
1111 2619 1392 2677 canonicis
1411 2658 1426 2684 ,
1458 2616 1794 2689 presbyteris
1823 2630 1885 2671 ac
1928 2616 2138 2685 reliquo

562 2720 811 2788 eiusdem
872 2714 1032 2773 cbori
1074 2713 1324 2778 clerico;
1372 2724 1578 2767 necnon
1628 2709 1772 2764 adut.
1829 2708 2139 2763 reverendis

567 2806 1055 2882 etyenerallilibus
1087 2803 1341 2870 dominis,
1375 2801 1485 2859 DD.
1542 2799 1763 2857 Placido
1788 2797 2136 2863 Oclterbout,

563 2910 622 2957 et
650 2896 883 2956 Iartino
916 2895 1084 2963 Colle,
1118 2893 1178 2952 8.
1207 2894 1444 2950 Andreae
1486 2900 1545 2948 et
1587 2890 1917 2947 Dunensium
1950 2903 2139 2960 respe-

564 2990 711 3047 ctiVe
748 2988 1073 3053 abbatibus;
1122 2986 1181 3041 ι).
1242 2982 1453 3042 Judoco
1482 2982 1660 3041 Ranst
1685 2980 1736 3039 J.
1774 2980 1839 3038 ν.
1867 2978 1932 3037 ι..
1961 2989 2017 3035 et
2038 2980 2139 3037 de-

565 3095 708 3137 eano
761 3077 1010 3136 ecclesia
1063 3075 1400 3133 cathedralis
1452 3075 1515 3131 8.
1575 3072 1809 3129 Baronis
1845 3071 2137 3137 Gandavi;

2237 1977 2524 2048 praelecto;
2573 1973 2999 2048 generosissimo
3025 1970 3144 2024 viro
3177 1969 3239 2022 D.
3270 1968 3495 2022 Alberto
3535 1968 3603 2021 de
3632 1965 3812 2020 lern-

2235 2070 2305 2126 de
2330 2109 2345 2134 ,
2373 2070 2575 2125 comite
2613 2069 2681 2124 de
2720 2067 2935 2123 Wattou
2968 2072 3026 2118 et
3062 2060 3240 2117 Thian
3266 2099 3282 2124 .
3319 2058 3537 2113 tribuno
3582 2054 3812 2126 legionis

2237 2163 2504 2234 pedestris
2526 2159 2764 2233 przesidii
2800 2155 3119 2227 Brugensis,
3142 2152 3306 2209 nobili
3330 2150 3535 2207 Jacobo
3557 2149 3625 2206 de
3640 2147 3812 2205 Cruo-

2236 2249 2500 2315 nenilale,
2534 2250 2651 2305 vice
2705 2246 2905 2302 comite
2945 2246 3011 2300 de
3046 2242 3320 2312 Vlieriuge
3344 2281 3363 2308 ,
3426 2238 3687 2309 toparcba
3746 2239 3814 2291 de

2237 2342 2569 2404 Breetltaut;
2625 2340 2795 2396 nobili
2844 2338 2907 2395 Ι).
2963 2337 3215 2407 Philippo
3245 2336 3471 2389 Alberlo
3524 2334 3594 2386 de
3634 2329 3810 2398 Vico.

2240 2435 2444 2489 barone
2475 2435 2541 2488 de
2570 2432 2848 2502 Cumtigli,
2882 2430 3143 2501 toparclta
3175 2427 3245 2482 de
3273 2424 3648 2493 Vissennacq;
3705 2438 3810 2477 no-

2240 2524 2332 2577 bili
2358 2524 2419 2577 D.
2462 2521 2674 2577 Joanne
2715 2520 2943 2583 Carillo.
2979 2517 3241 2589 toparcba
3272 2517 3338 2571 de
3365 2516 3813 2583 Cnuwerbourg;

2241 2612 2408 2668 nobili
2445 2612 2505 2666 D.
2542 2610 2734 2667 Carole
2783 2609 2987 2674 Gillon,
3041 2608 3300 2676 toparcba
3342 2608 3410 2662 tle
3460 2604 3812 2676 Snellegem;

2240 2716 2296 2761 et
2342 2704 2399 2759 in
2434 2703 2722 2775 prasentia
2762 2702 3117 2773 plurimorum
3174 2700 3596 2756 reseret-dorum
3646 2708 3815 2768 atque

2242 2795 2640 2852 bonorabilium
2693 2795 2978 2864 utriusque
3012 2793 3223 2849 ordinis
3252 2793 3518 2846 virorum.
3576 2787 3634 2843 in
3680 2802 3819 2858 quo-

2242 2902 2361 2943 rum
2413 2889 2657 2944 omnium
2697 2888 2858 2944 tidem
2912 2902 2980 2943 ac
3035 2884 3404 2943 testimonium
3453 2882 3553 2939 bus
3605 2880 3819 2937 litteras

2240 2979 2457 3051 propria
2502 2994 2663 3035 manu
2709 2979 3081 3049 signavimus,
3133 2991 3341 3033 necnon
3390 2972 3583 3045 majori
3618 2979 3806 3027 nostro

2242 3072 2417 3141 sigillo
2446 3110 2462 3133 .
2490 3083 2545 3125 et
2579 3070 2861 3126 secretarii
2898 3071 3070 3126 nostri
3106 3072 3391 3141 signatura
3416 3106 3435 3135 ,
3488 3062 3820 3122 communiri

569 3171 883 3230 rerereudls
933 3167 1179 3240 patribus
1237 3165 1435 3222 Carolo
1496 3163 1781 3221 Claesman
1842 3172 1897 3219 et
1940 3160 2208 3240 Jacobo‘
2239 3161 2522 3230 iussimus.

566 3264 726 3330 linis,
761 3261 1099 3333 presbyteris
1130 3258 1426 3317 Societatis
1448 3256 1601 3314 Jesn.

636 3353 1004 3413 Pmeotlbus
1059 3352 1225 3408 etiam
1283 3360 1378 3406 aut
1426 3348 1675 3436 inritatis
1734 3344 2142 3418 pranobilibus,

569 3444 853 3518 generosis
888 3459 950 3500 ac
979 3442 1388 3499 honorabilibus
1437 3442 1571 3497 viris
1596 3439 1707 3497 DD.
1737 3438 2139 3496 excellentissi-

570 3551 661 3591 tuo
701 3534 924 3591 domino
975 3533 1239 3603 Procopio
1265 3533 1331 3589 de
1366 3530 1575 3600 Lalein,
1612 3544 1681 3590 es
1715 3529 2009 3587 comitibus
2068 3529 2135 3585 de

2874 3248 2936 3304 ll.
2969 3250 3035 3306 G.
3066 3266 3347 3309 saccones
3381 3263 3693 3308 saccum.
3725 3265 3746 3300 ι

2253 3339 2397 3397 Infra
2427 3381 2445 3408 ,
2503 3341 2570 3397 ds
2622 3344 2873 3395 ιιιαηόαιο
2914 3341 3257 3397 illustrissimi
3309 3360 3372 3398 ac
3404 3338 3822 3398 rsrerendissiasi

2733 3410 2844 3469 υὴε
2872 3413 3096 3481 ομὲιεορι
3116 3413 3346 3481 ριἰείαιὶ.

2393 3524 2761 3583 Brouckmans
2786 3533 3044 3582 secretar.
3078 3520 3235 3578 1687.

1173 3870 1323 3960 DE
1397 3866 1677 3959 VlTA
1747 3865 1842 3957 S.
1919 3863 2355 3955 BASlLll
2432 3858 3223 3983 APOCRYPHA,

1032 4067 1107 4129 Et
1146 4072 1365 4132 sancto
1422 4061 1862 4146 Amphilochia
1922 4061 2228 4143 episcopo
2284 4057 2601 4123 Iconiensi
2650 4071 2986 4140 perperam
3045 4053 3369 4134 imputata.

646 4381 1113 4453 Quemadmodum
1183 4396 1345 4440 nemo
1401 4381 1609 4438 (θυι-ινὶι
1663 4378 1838 4436 sancti
1892 4376 2143 4446 Gregorii
2177 4381 2378 4449 bputa
2435 4380 2493 4435 8.
2541 4379 2834 4437 Notkernm
2883 4380 2936 4434 in
2992 4394 3087 4433 suo
3149 4377 3571 4451 Martyrologio,
3610 4388 3670 4433 ut
3714 4382 3828 4436 disi

574 4472 904 4533 Nasianseni
932 4472 1112 4529 Vitam
1145 4473 1407 4536 scribere.
1442 4482 1555 4528 tum
1593 4486 1715 4527 cum
1750 4472 1927 4527 adhuc
1958 4485 2147 4527 recens

572 4576 720 4623 esset
738 4575 983 4623 actorum
1016 4562 1135 4635 eius
1154 4564 1448 4627 memoria;
1489 4562 1584 4619 sed
1611 4563 1820 4634 primus
1849 4560 2147 4634 Gregorius

574 4658 798 4727 Quidam
843 4655 1132 4727 presbyter
1158 4651 1360 4709 secqu
1387 4653 1606 4709 circiter
1629 4668 1667 4711 ι
1693 4654 1745 4709 id
1777 4669 1915 4725 opus
1941 4668 2151 4710 assum-

577 4747 705 4819 psit,
741 4754 853 4802 tam
903 4745 1218 4811 infeliciter,
1251 4752 1311 4802 ut
1360 4744 1482 4818 eius
1532 4744 1758 4817 scriptio
1809 4746 2028 4817 indigna
2076 4745 2152 4803 sit

577 4840 692 4895 visa
717 4851 840 4909 qua
866 4838 1008 4910 apud
1062 4851 1164 4895 nos
1196 4838 1573 4902 recuderetur,
1606 4837 1687 4893 sic
1720 4851 1896 4909 neque
1926 4850 2150 4896 sanctus

576 4928 811 4987 Basilius
864 4928 1186 4998 scriptorem
1246 4928 1424 4985 atatis
1465 4926 1784 5001 propinqua:
1836 4937 1892 4984 et
1942 4929 2150 4986 idonea

578 5020 821 5079 scientia
851 5019 1089 5093 reperit;
1128 5019 1334 5078 seculo
1363 5028 1544 5078 autem
1575 5033 1675 5074 ml
1722 5018 1812 5075 vel
1843 5036 1921 5088 ts,
1948 5022 2151 5092 prodiit

578 5113 797 5185 aliquis,
826 5111 1048 5170 vellicti
1082 5113 1319 5172 nominis
1351 5110 1790 5183 Amphilochius.
1840 5127 2005 5170 ausus
2050 5114 2153 5170 ali-

578 5206 709 5276 quid
738 5215 846 5262 tam
870 5204 1036 5277 digno
1058 5214 1381 5275 argumento
1409 5218 1601 5275 parum
1640 5202 2027 5260 conveniens:
2061 5204 2149 5260 cui

580 5308 761 5353 tamen
784 5297 1078 5369 postremis
1104 5294 1192 5353 bis
1230 5296 1446 5353 suculis
1474 5309 1728 5367 magnam
1768 5295 2148 5351 auctoritatem

575 5386 811 5444 contulit
869 5386 930 5444 8.
987 5386 1399 5460 Amphilochius
1428 5429 1444 5455 ,
1508 5384 1809 5443 lcoulensis
1862 5384 2153 5455 episcopus

579 5478 793 5549 ipsique
820 5486 1011 5536 sancto
1038 5477 1520 5545 familiarissimus,
1546 5474 1760 5535 facilius
1786 5477 2027 5535 creditus
2053 5478 2151 5532 ila-

582 5568 693 5626 silii
716 5568 886 5625 vitam
912 5570 1219 5643 scripsisse,
1246 5570 1374 5641 quia
1404 5570 1565 5643 huius
1580 5572 1885 5625 encomium
1908 5567 2149 5638 aliquod,

578 5661 725 5735 quod
746 5675 909 5732 supra
949 5663 1106 5720 nobis
1138 5661 1355 5733 Prologi
1385 5662 1506 5719 loco
1553 5660 1656 5717 l‘uit
1682 5699 1699 5727 ,
1735 5662 2025 5731 reliquisse
2057 5675 2153 5731 po-

578 5756 740 5813 aleris
764 5754 1067 5819 sciebatur;
1088 5757 1237 5812 omni
1262 5754 1404 5811 baud
1428 5754 1591 5811 dubie
1615 5752 1719 5808 lide
1744 5754 2149 5825 dignissimum.

580 5846 800 5919 Deceplt
840 5860 909 5902 ea
949 5859 1034 5905 res
1067 5846 1353 5919 plerosque
1386 5845 1655 5919 sequioris
1684 5846 1783 5902 acri
1832 5846 2147 5919 scriptores,

2251 4471 2459 4527 Comm.
2514 4488 2597 4543 pr.
2634 4490 2687 4527 ιι.
2728 4474 2792 4537 7;
2850 4472 3193 4541 Sigebertum
3242 4471 3692 4528 Gemblacenscm
3720 4512 3735 4539 ,
3775 4474 3828 4527 in

2252 4562 2507 4634 Catalogo
2534 4566 2822 4620 illustrium
2853 4567 3206 4633 scriptorum;
3244 4563 3464 4620 Petrum
3502 4568 3823 4635 episcopum

2251 4656 2585 4727 Eqnilinum,
2629 4656 2683 4710 in
2711 4654 2968 4723 Catulogo
2998 4665 3327 4722 sanctorum,
3353 4655 3446 4710 lib.
3478 4671 3541 4720 il,
3574 4671 3697 4725 cap.
3722 4655 3825 4716 28;

2251 4743 2596 4802 Vincentium
2638 4742 3119 4807 Bellovacencem,
3167 4743 3222 4799 in
3282 4743 3504 4814 Speculo
3544 4747 3826 4807 historice.

2252 4837 2347 4895 lib.
2374 4853 2485 4903 ιιι,
2510 4854 2631 4907 cap.
2655 4837 2744 4899 78,
2775 4836 2846 4893 79
2879 4847 2935 4891 et
2962 4836 3065 4901 80;
3096 4836 3154 4891 S.
3196 4837 3553 4903 Antoninum,
3578 4846 3737 4907 parte
3764 4854 3824 4900 ll.

2253 4933 2337 4987 tit.
2374 4932 2428 4997 9,
2459 4930 2641 5002 cap.5,
2677 4929 2706 5004 ᾗ
2732 4930 2799 4999 8;
2837 4928 3050 4985 Sixtum
3083 4929 3509 4993 Senensem,lib.
3541 4945 3592 4985 tv
3621 4927 3827 4986 Biblio-

2253 5024 2416 5080 theca
2470 5033 2667 5079 sanctis
2694 5063 2711 5090 ,
2741 5036 2931 5078 omnes
2962 5037 2992 5076 a
3022 5021 3309 5079 Rosweido
3342 5023 3540 5077 citatos
3574 5023 3639 5075 ait
3675 5019 3828 5078 Vitas

2254 5114 2473 5172 Patrum
2532 5131 2652 5187 pag.
2695 5114 2831 5183 162;
2876 5114 3129 5171 omnibus
3159 5124 3339 5169 autem
3374 5113 3584 5186 prmisit
3622 5113 3824 5177 Ursus.

2253 5207 2313 5262 8.
2350 5207 2419 5265 li.
2454 5206 2515 5261 E.
2548 5206 2930 5269 subdiaconus.
2961 5205 3101 5259 Vitas
3137 5204 3285 5261 illius
3329 5206 3597 5274 interpres
3626 5215 3828 5262 saeculo

2251 5314 2328 5366 ιι,
2360 5310 2415 5354 ιιι
2445 5313 2571 5353 mox
2602 5298 2833 5354 dicetur.

2321 5391 2378 5445 Ω.
2406 5388 2528 5443 Istis
2554 5398 2733 5443 tamen
2762 5387 3017 5443 omnibus
3040 5386 3253 5442 cautior
3283 5385 3573 5451 Baronius,
3608 5387 3696 5442 eli]
3719 5406 3821 5443 ore-

2252 5489 2440 5542 scente
2470 5478 2727 5548 paulatim
2755 5478 2977 5535 critices
3008 5478 3306 5549 majoribus
3328 5477 3585 5549 neglecta:
3611 5482 3821 5543 studio,

2253 5574 2308 5630 in
2348 5570 2502 5628 Natis
2531 5571 2598 5626 ad
2630 5571 2931 5627 Rcitnanum
2978 5568 3419 5641 ﬂartyrologium
3450 5611 3465 5637 ,
3499 5588 3537 5627 ιι
3576 5569 3824 5627 Januarii

2252 5680 2331 5720 an.
2367 5684 2380 5719 :
2422 5682 2442 5715 ι
2502 5663 2693 5721 Exstat
2748 5661 3111 5733 Ampliilocbii
3168 5668 3385 5718 neruine
3440 5666 3641 5734 scripta
3702 5662 3820 5718 Viti

2252 5752 2460 5818 Basilii,
2490 5767 2611 5824 qua
2635 5765 2835 5817 tamen,
2866 5766 2930 5807 ex
2972 5752 3382 5823 prudentiorum
3414 5754 3659 5807 omnium
3698 5769 3823 5805 sen-

2257 5848 2420 5904 tentia
2450 5884 2465 5913 ,
2498 5845 2721 5903 alterius
2749 5844 3049 5918 cuiuspiam
3099 5844 3280 5917 potius
3329 5861 3492 5918 quam
3544 5846 3825 5917 Amphilo-
