4046 6456
722 372 1085 429 EXCERPTA
1123 374 1213 428 EX
1253 376 1454 431 ACTIS
1494 376 1553 433 S.
1595 374 1841 431 BASILII
1876 374 2649 431 BOLLANDIANIS.—VITA
2682 372 3117 432 APOCRYPHA.

3334 392 3534 439 ωιοειι

296 492 432 562 ehii,
459 492 682 566 aqualis
715 489 936 559 Basilio,
961 504 1084 547 esse
1100 500 1359 562 putatur;
1388 508 1509 549 eum
1543 492 1723 562 aliqua
1749 493 1859 549 illic
1886 495 1933 553 Α
1961 493 2184 563 planum
2241 503 2299 548 et
2342 495 2641 566 simplicem
2688 493 2968 565 all‘ectans,
2998 494 3275 553 abstinere
3338 501 3534 568 potuit.

298 588 629 648 habeantur,
663 597 782 653 qua:
812 583 889 638 illi
916 582 1096 641 minus
1132 586 1424 641 convenire
1450 586 1721 641 videntur.
1752 608 1771 640 ι
1804 586 1870 642 Et

298 682 353 737 in
391 677 684 737 Annalibus
717 678 784 732 ad
825 692 912 731 an.
952 679 1078 745 378,
1119 696 1139 731 ι
1168 693 1289 747 quae
1319 678 1681 749 Amphilochii
1729 680 1869 735 falso

296 774 518 829 nomine
549 768 723 824 fertur
760 767 884 826 Vita
923 769 1136 835 Basilii,
1167 769 1309 825 haud
1345 772 1507 842 digna
1541 771 1676 827 satis
1696 771 1868 829 habe-

297 876 389 919 tur
430 876 551 930 qua:
597 863 931 919 eruditorum
975 861 1194 917 auribus
1246 863 1552 933 ingeratur;
1601 864 1701 919 nisi
1736 869 1866 923 adeo

298 957 407 1011 sint
428 955 785 1025 perspicaccs,
817 966 878 1009 ut
912 956 965 1009 in
990 954 1058 1010 iis
1087 970 1207 1025 quas
1232 956 1342 1012 sint
1363 970 1491 1009 vera
1526 970 1555 1009 a
1583 956 1736 1014 falsis
1751 960 1861 1015 dis-

297 1045 517 1115 quirere
545 1062 608 1102 ac
633 1060 920 1101 secernere
966 1047 1198 1103 valeant.
1258 1047 1552 1115 Complura
1584 1050 1731 1105 enim
1786 1051 1859 1107 ibi

298 1150 426 1191 ven
465 1152 587 1193 esse
609 1178 625 1202 ,
682 1136 893 1191 inﬁcias
927 1153 1087 1194 nemo
1116 1140 1318 1203 iverit;
1358 1150 1506 1197 utea
1536 1144 1857 1211 praesertim,

295 1244 419 1298 quas
442 1231 510 1285 ab
538 1227 801 1284 ambobus
827 1229 1127 1300 Gregoriis,
1160 1232 1505 1292 Nazianzeno
1536 1246 1699 1305 atque
1720 1235 1861 1306 Nys-

297 1334 450 1385 seno,
504 1333 709 1374 necnon
737 1336 801 1375 ex
835 1321 1067 1389 Ephrem
1112 1339 1233 1382 esse
1288 1342 1583 1384 noscuntur
1616 1339 1861 1397 accepta,

296 1413 383 1468 vel
436 1413 507 1467 ab
568 1410 813 1467 llelladio
864 1422 1138 1471 mutuatus
1168 1427 1251 1473 est
1283 1431 1493 1475 auctor.
1529 1438 1549 1472 ι
1586 1418 1859 1475 Hactenus

296 1502 567 1557 Baronius
598 1521 612 1557 :
646 1504 759 1569 cui,
792 1516 851 1560 ut
872 1512 1155 1575 assentior,
1182 1523 1307 1563 vera
1325 1524 1446 1565 esse
1496 1526 1616 1581 qua:
1643 1526 1672 1565 a
1705 1526 1862 1579 pseu-

295 1595 767 1666 dooAmpbilochio
788 1614 853 1655 ex
886 1600 1200 1655 auctoribus
1221 1598 1427 1655 idoneis
1446 1602 1705 1657 translata
1732 1615 1860 1657 sunt

296 1686 351 1740 in
384 1685 561 1744 Vitam
592 1688 782 1755 istam,
823 1691 897 1745 ita
931 1689 1014 1746 vel
1067 1689 1192 1744 inde
1219 1700 1405 1758 patere
1437 1692 1713 1759 existimo,
1742 1696 1859 1751 lucc

1970 583 2131 642 Plura
2179 585 2409 641 subinde
2460 586 2783 658 explicando
2820 587 3082 653 litteram,
3121 588 3318 644 nullius
3353 600 3535 645 tamen

1969 674 2302 743 pmjudicio.
2355 693 2374 726 ι
2431 674 2522 732 He
2567 674 2879 733 Combelisii
2929 683 3165 735 rationes
3194 682 3535 749 postmodum

1968 768 2337 834 expendenda:
2368 773 2529 822 erunt
2557 786 2570 821 :
2600 768 2841 834 interim,
2873 781 2997 821 cum
3023 769 3254 826 lateatur
3270 770 3405 826 Acta
3434 773 3535 826 ista

1968 857 2362 929 qualiacunque
2393 876 2423 913 a
2452 861 2748 925 monachis,
2767 877 2861 931 per
2885 874 3111 930 quorum
3138 880 3328 919 manus
3348 872 3533 919 trans-

1970 952 2168 1015 ierunt,
2202 950 2412 1005 fabellis
2447 950 2763 1018 interpolata
2791 967 2942 1019 esse;
2978 965 3083 1021 qua
3112 952 3166 1005 in
3198 970 3278 1020 re,
3318 970 3529 1027 quaeso.

1967 1044 2217 1099 dissentit
2241 1060 2271 1098 a
2296 1042 2569 1099 Baronio?
2595 1043 2685 1113 qui
2711 1056 2908 1108 monet,
2939 1046 2994 1100 in
3027 1044 3216 1099 iisdem
3241 1048 3392 1103 Actis
3407 1065 3535 1105 vera

1967 1150 1995 1188 a
2026 1135 2175 1189 falsis
2201 1136 2437 1190 discerni
2469 1136 2686 1191 debere.
2720 1135 2837 1189 Erit
2868 1137 3049 1207 itaque
3094 1151 3275 1207 opera:
3303 1141 3533 1207 pretium

1966 1242 2157 1282 rursus
2181 1226 2609 1299 qualemcunque
2639 1226 3098 1298 Amphilochium,
3126 1230 3365 1298 seposito
3388 1236 3537 1285 omni

1964 1318 2302 1391 praeiudicio,
2347 1322 2705 1382 examinare;
2738 1328 2795 1374 ut
2829 1325 3062 1389 qnmsila
3088 1337 3210 1377 cum
3246 1322 3394 1377 omni
3417 1322 3535 1377 sino

1965 1414 2188 1469 eeritate
2212 1413 2409 1468 veritas
2432 1413 2658 1469 inveniri
2682 1413 2849 1481 possit

2032 1506 2086 1558 4.
2124 1506 2295 1561 Ursus
2313 1505 2371 1559 S.
2403 1504 2477 1559 R.
2500 1507 2561 1559 E.
2583 1504 2973 1569 subdiaconus.
3000 1504 3090 1576 qui
3114 1502 3354 1561 Gmcam
3372 1507 3535 1561 istam

1964 1596 2153 1651 Basilii
2223 1596 2391 1649 Vitam
2452 1597 2658 1665 primus
2712 1597 3004 1653 Latinitate
3038 1602 3269 1654 donasse
3329 1599 3535 1661 scitur,

1963 1690 2097 1745 vixit
2139 1688 2473 1759 temporibus
2524 1690 2800 1743 Anastasii
2865 1687 3291 1746 Bibliothecarii.
3349 1689 3536 1744 Exstat

295 1780 659 1852 Amphilochii
684 1796 790 1836 non
814 1795 967 1846 esse;
1002 1798 1125 1836 eum
1154 1795 1334 1839 autem
1366 1784 1623 1852 aliorum,
1655 1805 1773 1853 qua;
1807 1789 1858 1843 in
1893 1847 1929 1854 _
1961 1784 2127 1847 enim,
2160 1794 2296 1839 teste
2343 1782 2673 1854 Rosweydo,
2701 1780 2891 1837 Romae
2929 1783 2983 1836 in
3013 1781 3345 1839 bibliotheca
3376 1782 3539 1838 Valli-

296 1873 387 1926 illa
414 1882 727 1937 narrantur,
761 1871 969 1930 falsitas
998 1876 1168 1946 relegi
1213 1875 1370 1933 facile
1423 1881 1628 1949 possit,
1665 1896 1860 1938 cause-

294 1974 470 2028 quens
493 1960 598 2015 erit
626 1960 760 2016 nihil
793 1963 847 2017 in
871 1978 932 2017 ea
950 1976 1069 2019 esse
1100 1965 1479 2035 Amphilochii.
1500 1967 1653 2023 Unde
1673 1970 1863 2025 merito

296 2050 654 2110 Bellarminus
695 2054 773 2111 De
803 2058 984 2128 script.
1019 2058 1204 2113 eccles.
1238 2058 1293 2111 in
1335 2056 1702 2122 Amphilochia
1736 2062 1813 2116 ait
1844 2080 1859 2116 :

300 2163 321 2199 ι
361 2146 581 2213 Exstat,
611 2149 826 2217 quidem
847 2189 863 2215 ,
892 2151 994 2205 sub
1047 2150 1263 2205 nomine
1295 2150 1679 2219 Amphilochii,
1730 2151 1858 2209 Vita

292 2234 355 2295 S.
387 2237 576 2294 Basilii
604 2238 811 2308 Magni,
853 2244 945 2296 sed
977 2244 1117 2297 haud
1152 2244 1315 2297 dubie
1351 2244 1482 2297 falsa
1510 2248 1590 2297 vel
1614 2249 1862 2315 supposi-

294 2332 435 2387 titia.
472 2352 491 2387 ι
542 2332 802 2389 Rationes
854 2335 1049 2391 deinde
1094 2337 1338 2404 profert,
1380 2338 1567 2406 quales
1618 2355 1716 2393 nos
1762 2355 1859 2395 suo

290 2438 540 2494 quasque
568 2425 685 2481 loco
714 2428 1105 2495 espendemus.

360 2518 414 2573 3.
441 2517 540 2573 llis
562 2517 812 2574 omnibus
850 2520 1129 2590 perpensis
1164 2522 1347 2577 mirari
1382 2524 1513 2578 mihi
1552 2524 1713 2580 liceat
1735 2540 1857 2580 cum

290 2609 582 2667 Godefrido
608 2608 925 2667 Hermantio
950 2652 965 2675 ,
992 2615 1093 2667 hoc
1142 2613 1308 2666 etiam
1361 2614 1556 2669 saeculo
1583 2616 1855 2671 inventum

292 2717 412 2757 esse
441 2702 620 2756 virum
664 2703 961 2765 eruditum,
986 2704 1077 2770 qui
1110 2702 1273 2756 vellet
1306 2720 1403 2772 pro
1433 2704 1551 2759 Vita
1584 2707 1687 2760 ista
1728 2710 1857 2760 Am-

290 2791 569 2860 pbilochio
619 2790 941 2845 vindicanda
988 2792 1289 2863 apologiam
1334 2794 1606 2862 scribere;
1660 2811 1855 2861 nempe

294 2884 357 2937 Ii.
400 2883 465 2939 P.
519 2880 876 2937 Franciscum
938 2883 1344 2940 Combelisium.
1400 2884 1497 2941 llic
1551 2896 1729 2943 tamen
1784 2890 1856 2943 ita

290 2972 681 3029 defendendam
716 2972 861 3025 illam
889 2973 1137 3042 suscipit,
1169 2983 1229 3028 ut
1254 2974 1451 3030 fabulis
1474 2976 1851 3048 interpolatum

290 3066 559 3127 fateatur;
594 3064 647 3118 in
686 3078 795 3135 quo
829 3061 1011 3119 forsan
1068 3067 1242 3137 reipsa
1271 3084 1375 3124 non
1399 3071 1647 3127 dissentit
1688 3086 1717 3126 a
1749 3073 1854 3129 Ba-

290 3157 466 3213 ronio.
504 3154 715 3209 Etenim
744 3169 866 3209 cum
895 3157 1170 3213 retulisset
1192 3169 1464 3223 auctores,
1496 3162 1637 3218 inter
1665 3179 1725 3219 se
1751 3166 1852 3220 hac.
1882 3188 1925 3245 α

288 3247 337 3297 in
367 3260 533 3300 causa
573 3246 954 3302 dissentientes
976 3289 992 3313 ,
1048 3264 1185 3316 quos
1211 3260 1265 3304 et
1311 3264 1407 3304 nos
1428 3266 1589 3317 supra
1646 3256 1846 3310 retuli-

288 3348 442 3398 mus,
496 3335 576 3388 sic
603 3336 949 3402 prosequitur
981 3351 997 3389 :
1034 3354 1053 3385 ι
1093 3336 1203 3406 Ego
1228 3377 1243 3397 .
1295 3348 1353 3391 ιιι
1382 3341 1573 3409 paucis
1620 3343 1795 3397 dicam
1824 3385 1841 3412 ,

283 3426 545 3487 arbitror,
568 3425 807 3493 potuisse
830 3426 984 3481 viros
1018 3426 1494 3496 eminentissimos,
1537 3434 1728 3504 majori
1760 3450 1851 3490 re-

287 3517 527 3571 verentia
587 3517 788 3573 habere
837 3519 1241 3591 πραγματείαν,
1276 3533 1353 3577 tot
1380 3522 1492 3593 jam
1529 3527 1744 3582 saeculis
1796 3538 1853 3583 cl

283 3610 423 3678 apud
470 3611 812 3667 doctissimos
848 3611 1219 3682 obtinentem;
1262 3631 1380 3683 nec,
1426 3619 1551 3687 quia
1604 3620 1846 3689 quaedam

283 3700 363 3753 vel
398 3700 450 3753 in
477 3716 555 3765 re,
568 3702 650 3755 vel
680 3703 732 3757 in
757 3703 915 3759 modo
933 3712 984 3761 et
1012 3705 1433 3764 circumstantiis
1458 3708 1801 3765 oll‘endebant
1825 3751 1841 3775 ,

282 3799 450 3843 totam
491 3792 777 3860 repudiare
830 3804 886 3848 et
926 3796 1134 3850 auctori
1187 3798 1508 3866 impingere,
1545 3815 1717 3869 eoque
1749 3817 1843 3856 ac-

280 3895 473 3937 cusare
514 3882 631 3937 l'alsi
663 3924 679 3947 ,
717 3882 957 3955 falsoque
984 3888 1247 3957 assumpli
1290 3891 1422 3945 tanti
1454 3893 1709 3957 nominis,
1739 3908 1847 3963 quo

282 3973 398 4042 ipse
453 3974 732 4030 mendacia
790 3978 1083 4034 coloraret.
1117 3978 1282 4037 Forte
1332 3982 1474 4037 enim
1525 3999 1628 4038 non
1668 3999 1843 4054 pauca

278 4062 494 4119 defendi
558 4069 834 4135 potuerint
892 4088 907 4125 :
968 4071 1215 4141 quaedam
1276 4073 1489 4129 ostendi
1536 4074 1719 4131 vitiata
1777 4076 1845 4131 ab

279 4155 603 4224 antiquariis
624 4196 641 4221 ,
680 4168 736 4212 et
768 4168 878 4213 tum
906 4160 1219 4228 conjectura
1247 4203 1260 4225 ,
1312 4172 1424 4218 tum
1451 4179 1518 4219 ex
1550 4167 1654 4221 llde
1686 4167 1845 4221 codi-

277 4262 400 4299 cum
442 4247 679 4315 restitui;
735 4259 791 4303 ut
818 4250 903 4304 vix
943 4254 1100 4320 pauci
1126 4254 1259 4308 navi
1298 4261 1644 4320 restaverint,
1686 4259 1731 4314 si
1764 4267 1845 4313 la-

279 4354 403 4393 meu
431 4378 447 4404 ,
486 4340 654 4404 imi;
688 4340 882 4409 quibus
914 4350 1023 4396 tam
1066 4345 1270 4412 grande
1326 4360 1523 4417 corpus
1550 4387 1566 4413 ,
1620 4358 1838 4418 tamque

274 4432 500 4503 grandis
529 4431 625 4486 levi
652 4473 667 4498 ,
701 4441 778 4487 tot
810 4434 1075 4504 pracipue
1130 4437 1311 4490 tritum
1368 4439 1636 4503 manibus,
1663 4456 1847 4507 quan-

1964 1876 2169 1930 cellana
2226 1878 2395 1931 codex
2461 1892 2565 1931 ms.
2619 1874 2709 1943 qui
2746 1874 2993 1929 continet
3040 1875 3218 1929 Vitam
3250 1873 3395 1929 illam
3438 1891 3536 1946 per

1970 1965 2162 2022 Ursum
2191 1983 2206 2032 ;
2240 1983 2307 2019 ex
2341 1982 2514 2036 eoque
2542 1965 2819 2034 exemplar
2835 1966 3330 2030 suum,autsaltent
3353 1968 3532 2037 priora

1961 2068 2089 2114 octo
2142 2060 2319 2126 capita
2351 2096 2366 2121 ,
2414 2074 2532 2111 eum
2565 2058 2885 2129 prtefatione
2920 2057 3255 2128 Rosweydus
3301 2059 3529 2129 accepit.

1959 2153 2214 2209 Continet
2264 2160 2521 2218 praeterea
2572 2153 2825 2220 praefatus
2867 2153 3037 2206 codex
3078 2150 3337 2207 miracula
3371 2168 3527 2224 quie-

1960 2244 2081 2298 dam
2125 2244 2299 2298 sancti
2342 2241 2550 2307 Basilii,
2579 2257 2699 2310 quae
2731 2245 3026 2297 creduntur
3049 2242 3117 2297 ab
3140 2241 3386 2298 Helladio
3408 2244 3509 2313 epi.

1960 2347 2123 2402 sc0p0
2172 2332 2501 2387 Czcsareensi
2545 2330 2850 2400 conscripta
2878 2370 2894 2393 ,
2929 2333 2981 2385 in
3036 2331 3291 2387 Latinum
3317 2333 3527 2403 pariter

1962 2437 2118 2477 versa
2153 2427 2220 2475 ah
2266 2423 2554 2478 Anastasio
2588 2422 3047 2489 Bibliothecario;
3105 2422 3371 2493 huiusque
3429 2424 3534 2480 ibi-

1959 2514 2082 2569 dem
2115 2512 2308 2583 legitur
2340 2513 2590 2567 Prmfatio
2618 2514 2683 2567 ad
2716 2512 2913 2568 Ursum
2936 2527 3099 2583 supra
3130 2525 3526 2569 memoratum:

1962 2607 2095 2662 vixit
2112 2617 2291 2661 autem
2318 2605 2637 2661 Anastasius
2658 2605 3108 2661 Bibliothecarius
3124 2608 3226 2661 sub
3244 2606 3468 2662 Nicolao
3484 2608 3529 2673 l,

1958 2701 2049 2770 qui
2096 2700 2237 2755 sedit
2294 2699 2361 2753 ab
2408 2714 2549 2754 anno
2592 2696 2699 2753 858
2748 2699 2815 2752 ad
2861 2713 3061 2752 annum
3114 2698 3237 2753 867.
3281 2699 3384 2754 Vix
3430 2699 3533 2757 Ur-

1959 2806 2053 2845 sus
2110 2792 2285 2844 Vitam
2331 2790 2841 2859 Amphilochianam
2891 2788 3342 2851 clucubraverat,
3404 2807 3526 2846 cum

1960 2879 2122 2941 illico.
2152 2889 2211 2933 ut
2242 2881 2503 2935 credibile
2529 2890 2632 2946 est,
2670 2896 2700 2935 a
2732 2881 2978 2950 pluribus
3003 2921 3019 2948 ,
3068 2885 3373 2952 praesertim
3408 2898 3527 2939 mo—

1960 2970 2152 3025 nachis
2178 3012 2193 3034 ,
2229 2971 2496 3036 requisita
2549 2981 2634 3025 est
2684 2972 3064 3041 descriptaqne
3098 2992 3111 3028 :
3141 2988 3170 3027 a
3201 2974 3526 3041 quibusdam

1956 3072 2119 3118 etiam
2148 3064 2200 3115 in
2242 3062 2625 3132 compendium
2661 3063 2916 3129 redacta,
2952 3065 3020 3119 ab
3058 3064 3179 3118 aliis
3201 3066 3267 3118 ad
3295 3066 3527 3120 formam

1957 3156 2251 3212 lectionum
2282 3158 2333 3210 in
2370 3155 2597 3211 ecclesia
2628 3154 3035 3213 recitandarnm
3062 3165 3272 3225 aptata;
3304 3158 3543 3211 nonnul-.

1958 3248 2023 3301 lis
2056 3248 2299 3308 mutatis.
2330 3246 2548 3308 additis,
2581 3247 2820 3305 omissis.
2847 3246 3027 3309 qualia
3057 3246 3322 3302 habemus
3349 3261 3525 3302 exem-

1956 3338 2125 3409 plaria
2152 3353 2220 3391 ex
2250 3336 2577 3391 bibliotheca
2605 3334 2955 3389 Vallicellana
2983 3335 3111 3398 duo,
3141 3350 3208 3391 ex
3236 3336 3522 3392 Casinensi

1957 3444 2143 3495 unum,
2170 3428 2350 3485 omnia
2373 3429 2573 3499 scripta
2598 3426 2912 3483 charactere
2937 3426 3368 3498 Longobardico.
3402 3428 3521 3484 Val-

1954 3522 2260 3579 licellannm
2313 3530 2607 3590 utrumque
2654 3518 2885 3590 Prologo
2914 3532 3107 3585 caret,
3158 3535 3281 3576 eum
3333 3532 3518 3577 tamen

1953 3631 2110 3685 quem
2158 3613 2279 3670 Ursi
2325 3612 2756 3680 interpretationi
2801 3628 2830 3664 a
2879 3626 2939 3666 se
2973 3610 3152 3676 editae,
3186 3611 3521 3686 Rosweydns

1952 3705 2218 3775 praefixit,
2261 3706 2375 3773 ipse
2420 3702 2629 3773 accepit
2669 3717 2735 3757 ex
2766 3702 2954 3757 eadem
2990 3703 3311 3760 bibliotheca
3350 3705 3515 3763 Valli-

1951 3796 2157 3850 cellana
2189 3795 2317 3849 :sed
2346 3804 2403 3847 et
2426 3803 2715 3863 utrumque
2743 3808 2843 3849 ms.
2890 3794 2943 3848 in
2988 3794 3172 3849 multis
3202 3804 3287 3850 est
3308 3796 3377 3852 ab
3400 3802 3518 3855 ed3-

1951 3888 2100 3944 tione
2125 3887 2514 3958 Bosweydiana
2548 3888 2841 3942 diversum.
2868 3886 3059 3942 Exstat
3102 3888 3267 3955 igitur
3320 3897 3376 3944 et
3408 3900 3517 3947 ler-

1950 3980 2081 4035 tium
2106 3980 2160 4035 in
2190 3983 2377 4036 eadem
2409 3980 2730 4035 biblimheca
2756 3978 3001 4034 Ursianze
3023 3981 3291 4035 versionis
3318 3997 3517 4037 exem-

1948 4074 2086 4141 plar,
2135 4072 2277 4143 quod
2307 4071 2641 4141 Rosweydus
2696 4086 2765 4125 ex
2796 4085 2970 4139 eoque
2998 4069 3189 4127 Surius
3224 4074 3364 4145 typis
3395 4075 3515 4132 vul-

1949 4176 2160 4233 garunt.
2191 4164 2369 4217 addita
2401 4162 2718 4229 interpretis
2749 4160 3073 4216 Praelatione

2017 4253 2069 4309 5.
2138 4252 2431 4307 Casincnse
2486 4252 2760 4320 exemplar
2826 4251 3109 4323 Prologum
3176 4255 3339 4311 habet
3388 4256 3513 4313 Ursi

1948 4341 2285 4407 subdiaconi,
2326 4342 2547 4396 omnino
2580 4340 2746 4395 alium
2792 4344 2857 4396 ab
2882 4357 2968 4409 eo,
2995 4358 3153 4412 quem
3181 4346 3514 4417 llosweydus

1947 4432 2135 4498 edidit,
2168 4433 2389 4503 dignum
2415 4432 2506 4488 hic
2533 4432 2683 4499 dari;
2711 4448 2776 4487 eo
2802 4437 2947 4503 quod
2995 4435 3247 4490 videatur
3277 4439 3509 4506 genuina

276 4527 452 4593 doque
509 4525 672 4580 etiam
730 4524 1182 4593 impolitioribus,
1235 4529 1379 4582 haud
1438 4530 1594 4584 facile
1649 4544 1845 4586 carue-
1875 4536 1920 4593 ι)
1950 4522 2071 4579 Ursi
2095 4524 2317 4595 scriptio
2345 4539 2485 4589 esse.
2521 4540 2628 4593 prae
2665 4524 3156 4595 Rosweydiana.el
3182 4530 3325 4597 quod
3358 4546 3512 4585 mein-

275 4615 367 4670 rit.
427 4613 544 4670 Vita
616 4624 700 4671 est
759 4615 936 4673 Patris
1001 4619 1387 4673 monachorum
1447 4623 1499 4676 in
1563 4620 1787 4678 Oriente
1822 4664 1839 4691 ,

273 4718 437 4773 quam
491 4704 913 4762 innumerabiles
974 4718 1208 4772 ascetc,
1266 4711 1456 4779 majori
1508 4717 1832 4783 quandoque

273 4798 479 4867 pietate
522 4809 683 4866 quam
716 4798 938 4852 scientia
990 4801 1414 4869 exscripserint;
1467 4802 1553 4857 cui
1605 4804 1833 4874 proinde

272 4904 430 4943 suum
470 4886 671 4956 aliquid
698 4889 1014 4957 ascripsisse
1043 4892 1285 4959 possint;
1332 4902 1389 4947 ut
1415 4908 1521 4948 non
1556 4908 1617 4948 ea
1647 4894 1830 4951 lorsan

272 4984 508 5053 puritate
533 4983 600 5036 ad
630 4996 729 5036 nos
758 4982 962 5036 venerit
988 5022 1004 5047 ,
1032 4997 1152 5051 qua:
1199 4982 1299 5038 fuit
1327 4986 1395 5039 ab
1441 4986 1821 5055 Amphilocbio

268 5074 436 5137 edita,
464 5073 577 5129 sive
613 5072 853 5141 pbrasim
901 5083 1229 5140 spectemus,
1257 5074 1372 5129 sive
1415 5075 1587 5148 ipsam
1648 5094 1829 5133 rerum

270 5165 663 5230 narrationem;
695 5177 817 5234 qua:
865 5164 1043 5217 minus
1082 5164 1357 5228 continua,
1393 5166 1685 5237 multisque
1706 5169 1829 5225 dis-

268 5266 418 5313 creta
440 5256 630 5320 titulis,
680 5271 785 5310 non
848 5255 920 5309 ita
958 5255 1356 5311 cohaerentibus
1384 5296 1401 5321 ,
1438 5259 1542 5313 nisi
1586 5262 1827 5331 castiga-

268 5361 323 5406 ta
368 5365 532 5405 manu
588 5348 934 5417 calamoque,
986 5349 1224 5405 ascititia
1276 5350 1456 5419 aliqua
1500 5362 1555 5406 et
1594 5353 1826 5426 πληρώ-

268 5460 439 5515 ματα,
463 5458 568 5497 non
598 5444 881 5511 respuerit.
915 5442 1073 5496 Plura
1108 5458 1239 5497 sane
1273 5455 1328 5499 et
1349 5444 1605 5515 pleraque
1630 5461 1825 5516 :equus

267 5538 457 5599 lector,
485 5543 835 5603 assuetusque
870 5535 1317 5604 Amphilochiano
1344 5536 1505 5605 stylo,
1540 5553 1644 5592 non
1684 5539 1822 5592 indi-

263 5644 368 5697 gna
396 5626 774 5697 Amphilochia
822 5627 1270 5696 deprehenderit;
1322 5630 1372 5683 in
1420 5631 1608 5699 primis
1666 5646 1825 5685 usum

263 5719 414 5772 illum
446 5716 737 5786 Scriptura:
771 5715 1004 5781 facilem,
1060 5719 1145 5787 pia
1186 5719 1485 5791 devotaque
1512 5722 1822 5787 allusione;

262 5826 369 5882 qua
422 5824 593 5877 neque
625 5807 901 5861 historiam
956 5817 1143 5861 texens
1177 5847 1193 5869 ,
1250 5809 1553 5879 stylumque
1595 5810 1822 5866 omnino

628 5904 899 5967 Parant.
944 5904 1058 5964 Gn.
1105 5905 1339 5965 XXIX.

1947 4621 2148 4672 tionem
2180 4618 2343 4673 faciat
2365 4618 2502 4685 ejus,
2531 4619 2687 4688 cujus
2716 4626 2903 4688 rogatu
2949 4619 3121 4687 ipsam
3159 4620 3338 4675 Vitam
3362 4622 3511 4677 dedit

1947 4707 2247 4773 Latinitati,
2283 4710 2488 4765 scilicet
2510 4709 2760 4781 Gregorn
2800 4709 2844 4764 ll
2872 4710 3025 4765 ducis
3055 4709 3407 4781 Neapolitani,
3440 4716 3510 4769 de

1944 4812 2073 4869 quo,
2106 4801 2248 4869 apud
2293 4798 2576 4870 Ugbellum
2608 4810 2646 4857 ι.
2676 4798 2773 4864 Vl,
2797 4814 2848 4853 c.
2878 4799 2999 4865 113,
3032 4800 3251 4857 Bonitas
3281 4803 3504 4857 subdia-

1943 4903 2111 4943 conus
2146 4889 2243 4951 ait,
2274 4890 2415 4958 quod
2440 4888 2541 4942 fuit
2572 4906 2590 4939 ι
2637 4903 2801 4958 nepos
2826 4898 2882 4944 et
2910 4890 3105 4959 proles,
3138 4890 3307 4946 frater
3332 4902 3388 4946 et
3420 4906 3509 4961 pa-

1941 4989 2021 5035 ter
2047 4979 2568 5049 Parthenopensium
2594 4979 2809 5034 ducum.
2844 4999 2861 5031 ι
2904 4979 2950 5036 Is
2980 4980 3160 5050 itaque
3190 4982 3269 5036 sic
3290 4982 3453 5039 habet
3486 5004 3501 5041 :

1944 5093 1963 5125 ι
1998 5071 2189 5141 Incipit
2216 5072 2481 5141 Prologus
2518 5070 2573 5125 in
2601 5068 2776 5126 Vitam
2807 5072 2981 5127 sancti
3010 5072 3198 5126 Basilii
3234 5075 3502 5145 archiepi-

1937 5162 2085 5233 scopi
2125 5172 2181 5215 et
2212 5159 2559 5215 confessoris.
2588 5158 2880 5232 Postquam
2923 5160 3143 5215 Lucifer
3186 5162 3271 5217 ille
3300 5179 3501 5233 procax

1936 5258 2001 5311 de
2029 5254 2232 5311 caelesti
2264 5254 2432 5326 gloria
2470 5255 2748 5310 demersus
2773 5262 2893 5315 est,
2940 5263 2996 5307 et
3027 5254 3238 5310 invidias
3268 5256 3503 5311 stimulis

1936 5346 2217 5409 incitatus,
2249 5346 2315 5398 de
2344 5344 2575 5413 paradisi
2601 5344 2861 5398 ammnita
2881 5354 2932 5397 te
2959 5383 2974 5408 ,
3010 5359 3104 5413 per
3142 5346 3500 5404 saevissimum

1934 5452 2200 5508 anguem,
2256 5435 2645 5507 protoplastum
2702 5434 2942 5503 expulit;
2984 5436 3151 5490 veluti
3186 5441 3500 5497 stomachus

1933 5532 2194 5601 languens
2224 5529 2415 5585 vitales
2444 5527 2660 5582 fastidit
2701 5526 2885 5595 dapes,
2912 5527 2985 5581 ita
3016 5542 3179 5581 omne
3203 5544 3371 5597 genus
3396 5529 3498 5583 bu-

1934 5638 2149 5686 manum
2173 5620 2389 5675 etelesle
2416 5630 2576 5687 atque
2612 5616 2977 5673 intellectuale
3005 5620 3315 5674 convivium
3355 5623 3501 5690 igno-

1931 5717 2103 5772 rabat.
2137 5716 2241 5771 Sed
2264 5715 2382 5785 pius
2408 5713 2497 5767 ille
2524 5720 2671 5766 sator
2707 5720 2869 5780 atque
2894 5713 3200 5781 redemptor
3248 5715 3497 5769 humana:

1932 5810 2160 5865 miseriae
2199 5806 2476 5863 condoluit
2504 5807 2590 5875 pio
2636 5803 2827 5859 allectu
2851 5844 2866 5869 ,
2899 5812 2952 5857 et
2994 5806 3059 5859 de
3089 5808 3243 5859 coelis
3267 5806 3497 5873 pervir-

3116 5923 3143 5962 8
