4046 6496
523 429 712 469 εςιειν

1886 404 2420 462 PROLEGOMI'TNA.

523 535 680 601 ginea
703 528 908 582 viscera
939 524 990 580 in
1017 523 1314 580 convallem
1345 523 1502 594 hujus
1537 522 1718 577 mundi
1768 522 2046 578 descendit
2073 539 2082 572 :
2124 522 2168 578 Α
2198 522 2376 590 amplo
2409 522 2606 576 famine
2639 534 2964 593 prrepOtens,
3002 533 3092 578 aut
3119 534 3224 579 tam
3260 524 3478 596 profusa
3510 525 3772 587 facundus

522 642 585 681 ac
640 627 932 679 humanum
983 635 1172 691 genus,
1226 619 1367 689 quod
1414 620 1540 676 olim
1593 618 1932 674 aemulatoris
1969 616 2089 671 dolo

523 722 806 787 deceptum
855 716 1051 778 fuerat,
1087 723 1354 769 coazterno
1391 711 1503 768 Deo
1538 710 1685 765 Patri
1740 710 2094 765 reconciliare

524 811 784 878 cupiens,
814 805 1341 876 incontemplahilem
1382 805 1560 875 ignem
1615 801 1790 859 sancti
1849 801 2088 873 Spiritus

523 898 952 956 misericorditer
999 897 1246 953 accendit
1296 913 1310 949 :
1373 897 1440 952 de
1485 908 1592 964 quo
1653 893 1909 948 nimirum
1966 894 2092 960 igne

521 993 776 1063 primitus
803 991 958 1047 valde
1011 989 1327 1061 conﬂagrati
1390 996 1517 1046 sunt
1561 986 1736 1044 sancti
1785 988 2087 1056 prophetae,

519 1095 639 1156 post
672 1085 794 1141 illos
851 1084 1026 1141 sancti
1075 1082 1347 1153 apostoli,
1391 1089 1684 1152 martyres,
1714 1079 2088 1141 confessores,

518 1178 779 1248 virgines,
797 1185 852 1231 et
871 1189 1059 1232 omnes
1077 1173 1360 1244 utriusque
1380 1188 1541 1228 sexus
1569 1171 1775 1236 sancti,
1805 1173 1896 1241 qui
1922 1185 2090 1240 usque

520 1270 585 1322 ad
635 1279 836 1322 metam
866 1267 1068 1331 carnis,
1100 1281 1197 1337 pro
1221 1266 1335 1335 ejus
1365 1264 1674 1321 dilectionis
1702 1266 1898 1319 ardore
1921 1304 1934 1328 ,
1966 1264 2088 1333 ipso

517 1359 677 1424 duce,
709 1359 940 1413 viriliter
966 1357 1292 1413 dimicarunt
1320 1375 1332 1410 :
1368 1357 1434 1411 de
1455 1357 1652 1426 quibus
1694 1357 1948 1412 nimirum
1981 1370 2083 1426 ag-

517 1452 753 1506 minibus
792 1451 993 1507 sanctis
1025 1450 1256 1505 Basilius
1293 1450 1505 1504 exstitit
1533 1460 1794 1512 sanctus,
1846 1449 1937 1518 qui
1969 1447 2085 1504 sine

514 1542 779 1600 effusione
829 1542 1107 1611 sanguinis
1157 1551 1364 1612 martyr
1384 1539 1610 1598 effectus
1645 1551 1747 1597 est.
1783 1539 1951 1608 Cujus
1997 1541 2084 1594 vi-

516 1641 627 1688 tam
677 1643 730 1689 et
769 1632 1028 1702 praeclara
1065 1633 1323 1688 miracula
1351 1671 1367 1698 ,
1402 1633 1552 1700 cogis
1586 1649 1670 1689 me
1701 1631 1932 1697 Ursum,
1962 1648 2082 1686 om-

514 1727 663 1780 nium
684 1726 1120 1781 Christianorum
1145 1725 1393 1782 ultimum
1447 1728 1800 1796 infimumque
1832 1727 2084 1782 sacerdo-

513 1827 646 1884 tem,
680 1831 713 1870 ι)
739 1816 966 1890 Gregori
988 1818 1312 1882 clarissime,
1343 1819 1485 1874 ﬁlius
1509 1830 1672 1889 atque
1699 1834 1882 1887 nepos,
1911 1817 2083 1872 frater

509 1919 844 1982 patruusque
875 1912 1068 1966 ducum
1109 1929 1122 1964 :
1154 1926 1251 1966 nec
1281 1926 1386 1966 non
1436 1921 1491 1968 et
1521 1913 1620 1968 loci
1657 1922 1902 1967 servator
1934 1909 2078 1966 Nea-

510 2003 715 2072 poleos,
747 2019 853 2074 quo
887 2005 952 2057 de
981 2003 1162 2060 Attica
1189 2005 1241 2058 in
1285 2005 1536 2060 Latinam
1570 2005 1804 2074 linguam
1841 2004 2080 2059 transfe-

512 2108 628 2147 ram
654 2135 669 2160 ,
698 2104 753 2148 et
779 2094 832 2149 in
863 2095 1069 2165 gremio
1095 2107 1293 2152 sancta:
1318 2097 1506 2150 matris
1551 2095 1805 2150 Ecclesia:
1831 2097 1973 2152 [ideli
2002 2097 2081 2151 fa-

513 2189 659 2242 mine
683 2188 1020 2259 eonsignem.

584 2281 638 2334 6.
678 2298 696 2331 ι
734 2279 843 2336 Nos
881 2297 1009 2336 vero
1044 2281 1527 2337 animadvertimus
1557 2292 1795 2338 nostram
1822 2283 2074 2337 inertiam

507 2380 562 2426 et
590 2372 755 2426 multo
777 2374 947 2443 magis
976 2385 1318 2443 peccatorum
1355 2377 1588 2445 pondere
1623 2377 1936 2438 titubamus,
1998 2389 2065 2429 ne

510 2464 610 2518 sub
661 2473 811 2520 tanto
861 2481 1026 2522 onere
1055 2468 1498 2534 suecumbamus;
1535 2479 1590 2523 et
1636 2479 1742 2523 tam
1775 2479 1969 2524 sancto
2026 2475 2081 2522 et

514 2555 820 2612 admirabili
854 2557 970 2613 viro
997 2558 1167 2628 magis
1194 2559 1474 2612 ridiculum
1504 2574 1665 2628 quam
1697 2559 1915 2614 laudem
1952 2575 2076 2630 pro-

514 2661 797 2716 ponamus.
834 2649 938 2704 Sed
981 2659 1056 2716 tu,
1089 2649 1417 2715 clarissime,
1452 2666 1574 2706 cum
1631 2667 1729 2706 nos
1776 2654 2075 2710 renitentes

513 2738 851 2809 multumque
909 2749 1272 2810 repugnantes
1307 2742 1574 2810 conspicis
1599 2784 1614 2809 ,
1670 2745 1749 2798 ais
1776 2785 1790 2808 ,
1819 2746 1944 2815 quia
1971 2745 2078 2799 Do-

509 2831 692 2886 minus
722 2833 789 2885 ab
822 2831 980 2886 initio
1019 2847 1124 2887 non
1156 2848 1278 2888 cum
1315 2833 1670 2904 philosophis,
1703 2849 1802 2890 nec
1834 2835 2078 2890 rhetori-

506 2921 610 2975 bus
635 2923 983 2993 tragicisque,
1020 2939 1119 2977 nec
1151 2939 1271 2979 cum
1301 2926 1541 2997 physicis
1575 2926 1926 2995 locutionem,
1985 2927 2078 2983 sed

508 3028 629 3067 cum
664 3013 912 3068 ruricolis
945 3030 1007 3067 ac
1035 3016 1403 3084 piscatoribus
1457 3030 1511 3073 et
1562 3022 1745 3076 idiotis
1774 3022 2075 3077 oralionem

507 3103 697 3158 habuit
723 3119 737 3162 :
784 3112 841 3158 et
866 3104 1035 3158 multo
1076 3106 1248 3174 magis
1278 3107 1570 3176 puritatem
1601 3109 1821 3178 spiritus
1851 3125 2078 3182 prospe-

507 3204 620 3248 ctat
645 3234 660 3258 ,
712 3210 877 3266 quam
911 3194 1322 3254 dialecticorum
1355 3199 1741 3268 rhetorumque
1772 3201 2073 3257 tendieulas

507 3301 573 3341 ac
606 3288 885 3358 phalerata
921 3301 1247 3346 commenta.
1281 3291 1390 3348 Nos
1411 3308 1539 3350 vero
1565 3293 1655 3350 ubi
1676 3305 1915 3350 vestrum
1941 3295 2073 3353 affe-

511 3391 689 3435 Ctum'
728 3382 1192 3438 consideravimus
1219 3426 1234 3449 ,
1298 3387 1513 3441 tandem
1540 3426 1557 3453 ,
1599 3389 1770 3457 magis
1823 3389 1874 3443 vi
1915 3404 2078 3460 quam

505 3483 697 3541 sponte
718 3472 980 3540 inclinati,
1001 3477 1341 3543 perreximus
1371 3479 1439 3531 ad
1467 3480 1740 3533 dominum
1771 3480 2076 3550 Nicolaum,

511 3565 796 3636 praesulem
859 3568 1245 3638 peritissimum
1272 3568 1583 3626 Graecorum
1640 3581 1802 3641 atque
1837 3574 2076 3642 philoso-

521 3659 691 3727 phum
720 3697 736 3722 ,
786 3668 842 3714 et
912 3663 1203 3717 secundum
1251 3671 1490 3717 vestrum
1551 3674 1731 3718 votum
1781 3665 1847 3718 de
1891 3664 2078 3719 Graeca

510 3751 569 3803 in
605 3750 854 3805 Latinam
911 3752 1147 3823 linguam
1188 3753 1443 3824 fideliter,
1498 3756 1639 3826 quod
1695 3755 2072 3826 injunxeratis,

511 3842 904 3897 transtulimus.
960 3844 1254 3902 Humiliter
1288 3862 1418 3918 ergo
1468 3849 1681 3904 veniam
1720 3864 1750 3904 a
1782 3849 2075 3904 lectoribus

507 3932 882 4000 postulamus,
925 3944 984 3988 ut
1012 3936 1272 4006 quidquid
1297 3938 1536 4008 ineptum
1579 3941 1886 3995 invenerint
1914 3957 2074 4012 saga-

503 4025 623 4079 cius
652 4024 956 4094 corrigant,
981 4035 1035 4080 et
1062 4026 1340 4097 ignoscant
1367 4031 1515 4083 aetati
1548 4031 1741 4099 puerili
1793 4031 2068 4100 fragilita-

505 4115 656 4184 tique
680 4117 951 4186 humanae,
980 4127 1032 4173 et
1061 4120 1230 4190 magis
1254 4120 1599 4186 obedientiae,
1633 4137 1795 4190 quam
1828 4126 2069 4180 audaciae

505 4207 826 4263 temeritatis
857 4210 1152 4264 ascrlbant.
1193 4211 1443 4265 Attamen
1483 4212 1668 4281 siquis
1687 4213 1902 4280 garrula
1937 4229 2066 4269 voce

505 4296 560 4349 in
595 4296 973 4354 clamationem
1009 4302 1341 4372 proruperit,
1379 4303 1577 4358 indicet
1609 4306 1759 4374 prius
1793 4305 1907 4372 ipse
1964 4320 2066 4359 no-

500 4388 588 4443 bis
614 4429 628 4452 ,
653 4390 774 4458 quis
806 4406 1062 4463 unquam,
1086 4393 1184 4449 fuit
1237 4396 1374 4451 tanti
1406 4397 1602 4467 ingenii
1650 4440 1663 4464 ,
1700 4405 1754 4452 et
1783 4398 1903 4453 ouis
1953 4407 2060 4453 tam

504 4631 639 4644 _

2200 613 2546 682 loquacitate,
2583 624 2640 669 ut
2671 631 2976 672 sermonem
3007 617 3215 672 valeret
3245 619 3471 675 reddere
3527 629 3767 680 sermoni

2199 705 2362 776 (sicut
2396 725 2515 774 nos,
2549 724 2656 762 non
2691 721 2905 778 sponte,
2929 710 3022 764 sed
3051 709 3203 764 inviti
3247 711 3516 782 fecimus),
3560 722 3615 766 et
3660 729 3768 769 non

2196 814 2384 856 omnes
2413 803 2555 858 vires
2584 805 2954 872 grammatica:
2993 802 3129 856 artis
3169 801 3461 862 suifocaret
3496 823 3509 860 :
3552 806 3770 873 quando

2196 903 2252 947 et
2279 894 2378 964 ipsi
2417 897 2510 966 qui
2544 904 2699 967 gesta
2737 907 3048 952 sanctorum
3079 896 3551 967 conscripserunt,
3591 900 3768 969 magis

2195 1000 2390 1042 sensus
2413 1005 2575 1059 quam
2612 988 2772 1044 verba
2803 992 3106 1060 scripsere,
3141 988 3299 1044 sicuti
3333 994 3567 1061 majores
3594 995 3766 1048 nostri

2188 1077 2460 1154 referunt.
2493 1081 2703 1137 Interea
2738 1081 2935 1138 obnixe
2956 1096 3289 1154 quresumus,
3323 1090 3381 1136 ut
3407 1082 3566 1140 ﬁdem
3602 1085 3766 1142 dictis

2195 1172 2517 1241 adhibeatis,
2553 1190 2647 1245 per
2678 1176 2859 1229 omnia
2893 1178 3201 1243 credentes,
3228 1174 3356 1245 quia
3385 1178 3655 1233 veraciter
3685 1188 3767 1233 ta-

2193 1267 2297 1322 lem
2339 1268 2486 1324 illam
2529 1270 2928 1334 transtulimus,
2961 1271 3175 1340 qualem
3203 1270 3350 1326 illam
3389 1269 3647 1338 scriptam
3694 1271 3765 1327 ab

2192 1362 2571 1430 A-mphilochio
2601 1362 2828 1432 praesule
2852 1361 3144 1430 lconiensi,
3173 1362 3266 1432 qui
3297 1374 3503 1430 magnae
3526 1362 3764 1417 auctori-

2193 1455 2317 1508 tatis
2349 1466 2452 1521 est,
2485 1458 2535 1512 in
2563 1455 2877 1512 Grmcorum
2905 1455 3231 1510 commentis
3273 1453 3596 1509 invenimus.
3627 1455 3760 1510 Cre-

2192 1549 2318 1602 dere
2341 1563 2469 1603 vero
2493 1564 2560 1604 ne
2592 1548 2875 1607 dubitetis,
2898 1545 3022 1615 quia
3051 1545 3104 1599 in
3139 1545 3228 1599 illa
3253 1543 3538 1601 invenietis
3568 1546 3762 1600 animae

2189 1639 2495 1705 ferculum,
2548 1649 2600 1694 et
2645 1639 2856 1708 galeam
2916 1638 3305 1710 clypeumque,
3362 1650 3521 1706 quem
3577 1648 3764 1691 vestro

2189 1734 2329 1789 hosti
2362 1734 2675 1804 opponatis,
2734 1741 2788 1785 et
2839 1732 2928 1788 illo
2954 1731 3203 1795 devicto,
3243 1743 3514 1783 summum
3556 1725 3759 1795 Regem

2190 1826 2328 1881 facie
2353 1830 2419 1882 ad
2444 1830 2634 1883 facient
2657 1827 2918 1893 videatis;
2944 1824 3233 1895 adiuvante
3255 1824 3441 1892 utique
3473 1821 3612 1891 ipso,
3631 1821 3755 1876 cui:

2186 2008 2409 2062 Arcibus
2439 2009 2493 2063 in
2523 2006 2740 2061 summis
2777 2023 2882 2060 una
2904 2015 2978 2059 est
3015 2021 3133 2058 cum
3180 2004 3337 2058 Patre
3363 2011 3614 2072 potestas;

2185 2077 2298 2131 Par
2325 2079 2589 2149 splendor,
2629 2078 2917 2149 communis
2939 2091 3104 2149 opem,
3129 2075 3320 2149 sociale
3343 2090 3610 2137 cacumen,

2185 2145 2394 2217 ZEquus
2431 2150 2616 2211 honor,
2654 2148 2815 2200 virtus
2850 2146 3055 2199 eadem.
3097 2145 3207 2217 sine
3248 2153 3476 2217 tempore
3515 2158 3754 2211 regnum;

2185 2213 2400 2288 Semper
2435 2218 2767 2286 principium,
2806 2225 3070 2283 sceptrum
3100 2215 3247 2288 juge,
3297 2213 3469 2288 gloria
3516 2229 3754 2288 consors,

2184 2281 2658 2360 Majéstasvsimilis,
2687 2305 2777 2358 per
2800 2281 2975 2341 omnia
2995 2281 3188 2342 mata
3218 2281 3753 2338 sweulorunt.Amen.

2254 2471 2305 2525 7.
2335 2471 2609 2526 Hactenus
2646 2471 2820 2526 Ursus
2849 2469 3215 2524 subdiaconus
3244 2483 3258 2522 :
3300 2465 3454 2535 cujus
3481 2463 3746 2534 interpre-

2186 2562 2439 2615 tationem
2496 2575 2686 2628 parum
2724 2566 2971 2614 exactam
3027 2573 3150 2614 esse
3210 2558 3454 2627 queritur
3481 2556 3753 2611 Combeli-

2182 2653 2316 2715 sius,
2359 2650 2545 2705 nescio
2572 2665 2640 2704 an
2673 2649 2934 2703 dicendus
2991 2650 3107 2718 ipse
3143 2656 3369 2703 exactus
3415 2648 3604 2717 magis.
3635 2645 3754 2703 0h-

2181 2742 2409 2797 scuriori
2441 2749 2589 2796 certe
2619 2748 2676 2794 ut
2703 2739 2994 2809 plurimum
3028 2739 3214 2806 phrasi
3255 2738 3428 2792 utitur
3470 2756 3483 2793 :
3519 2746 3752 2793 contex-

2180 2842 2292 2888 tum
2324 2844 2502 2888 tamen
2539 2831 2856 2902 ampliorem
2894 2829 3142 2902 praefert;
3167 2831 3294 2900 quia
3335 2831 3479 2885 hunc
3505 2830 3587 2886 vel
3611 2831 3752 2883 inte-

2181 2941 2335 2998 grum
2373 2926 2571 2983 Ursum
2604 2941 2713 2982 non
2744 2924 2952 2990 habuit,
2978 2923 3062 2979 vel
3088 2925 3332 2994 quaedam
3370 2922 3547 2977 minus
3579 2921 3752 2974 credi-

2181 3019 2308 3074 bilia
2366 3030 2557 3089 sponte
2616 3017 2984 3090 pratermisit.
3043 3015 3247 3072 Novam
3299 3029 3400 3083 ego
3445 3013 3750 3065 versionem

2182 3113 2387 3178 darem,
2419 3112 2464 3167 si
2497 3126 2615 3166 eam
2652 3119 2840 3165 auctor
2868 3117 3188 3164 mereretur.
3218 3106 3388 3171 Nunc,
3421 3119 3542 3158 cum
3569 3110 3753 3157 osten-

2182 3202 2312 3258 dere
2343 3202 2502 3256 velim
2523 3243 2538 3267 ,
2568 3215 2688 3256 esse
2721 3200 2897 3253 Vitam
2950 3199 3177 3252 omnino
3227 3195 3592 3266 apocrypham
3619 3233 3633 3258 ,
3694 3203 3750 3246 et

2181 3291 2563 3349 Combelisium
2619 3307 2738 3348 eam
2821 3305 3088 3348 excusare
3139 3290 3410 3346 volentem
3460 3288 3746 3354 refutare;

2182 3401 2393 3457 aequum
2443 3396 2530 3442 est
2583 3395 2645 3441 ut
2694 3400 2893 3441 novam
2943 3385 3113 3456 ipsius
3156 3383 3464 3440 versionem
3509 3396 3746 3452 sequar,

2184 3481 2388 3535 omisso
2414 3489 2590 3533 tamen
2627 3489 2774 3535 textu
2807 3478 2998 3535 Graeco
3026 3492 3042 3532 :
3075 3478 3189 3548 qui,
3236 3477 3362 3533 dum
3397 3476 3534 3545 apud
3574 3475 3746 3544 ipsum

2184 3571 2533 3625 columnatim
2577 3571 2876 3640 impressus
2923 3570 3026 3638 legi
3059 3577 3235 3638 potest
3269 3608 3285 3633 ,
3336 3568 3531 3638 exiguo
3570 3566 3746 3620 fructu

2184 3671 2405 3730 augeret
2436 3660 2628 3714 molem
2654 3661 2856 3729 operis.
2891 3659 2948 3714 Si
2975 3673 3187 3728 quartas
3207 3673 3306 3713 cur
3336 3657 3604 3726 scriptura
3640 3664 3744 3710 tam

2177 3752 2477 3823 apocrypha
2496 3765 2601 3805 non
2635 3759 3015 3806 contemnatur
3044 3765 3109 3806 ac
3130 3749 3576 3819 praetermittatur
3605 3758 3742 3815 tela,

2178 3844 2321 3900 sicut
2339 3841 2696 3913 praetermissa
2714 3849 2798 3898 est
2822 3842 2943 3897 Vita
2966 3840 3315 3908 Nazianzeni,
3341 3841 3407 3897 de
3427 3856 3530 3911 qua
3555 3840 3746 3912 praefa-

2180 3944 2266 3991 tus
2288 3949 2429 4001 sum,
2447 3948 2663 3989 causam
2679 3934 3079 4006 esseintelligas
3096 3934 3327 4005 plurium
3347 3949 3527 3990 rerum
3551 3949 3744 3989 narra-

2181 4025 2354 4079 tiones
2377 4063 2394 4090 ,
2427 4023 2627 4093 passim
2659 4037 2726 4078 ex
2756 4024 2859 4080 hac
2907 4025 3027 4080 Vita
3074 4025 3378 4096 descriptas
3409 4026 3478 4081 ab
3509 4027 3745 4081 auctori.

2178 4115 2450 4185 bus,quas
2481 4117 2778 4170 examinari
2809 4117 3137 4183 distinctius,
3162 4118 3496 4188 solidiusque
3517 4117 3744 4173 refutari

2175 4217 2305 4277 puto
2345 4208 2422 4261 rei
2455 4207 2735 4262 litterariae
2783 4208 3056 4262 interesse
3089 4227 3101 4261 :
3130 4221 3458 4278 quaprOpter
3512 4211 3744 4264 adnota-

2176 4299 2348 4352 tiones
2372 4297 2536 4352 etiam
2567 4307 2622 4353 et
2673 4313 2916 4353 censurae
2966 4297 3290 4366 prolixiores
3316 4309 3518 4365 erunt,
3577 4314 3742 4368 quam

2176 4391 2310 4446 alias
2337 4401 2634 4447 mereretur
2669 4392 2814 4448 fictio
2836 4401 2944 4446 tam
2971 4391 3277 4461 palpabilis.

1567 4799 1851 4890 VlTA
1921 4801 2635 4894 APOCRYPHA

1187 4985 1478 5055 Interprele
1511 4988 1574 5041 Β.
1608 4989 1667 5043 Ρ.
1700 4990 1994 5046 Francisco
2017 4991 2341 5050 Comhefisio
2369 4995 2575 5051 ordinis
2602 4995 3050 5055 Prmdicatorum.

1095 5295 1359 5351 PROLOG
1373 5297 1476 5354 US.

569 5387 902 5450 Charissimi,
938 5401 1041 5440 non
1072 5387 1171 5441 fuit
1201 5391 1481 5454 absonum,
1520 5401 1575 5445 ut
1602 5394 1786 5449 devoti
1840 5393 1933 5449 lilii
1969 5413 2060 5451 su-

496 5497 591 5548 per
620 5489 843 5550 paterno
881 5479 1026 5534 obitu
1057 5483 1546 5550 eontristarentur;
1605 5499 1772 5554 utque
1798 5488 1979 5557 justas
2008 5492 2055 5544 ei

494 5574 762 5645 lacrymas
792 5573 1142 5643 indulgerent,
1179 5577 1320 5644 quod
1344 5588 1530 5632 omnes
1559 5577 1638 5631 (ll
1676 5581 1942 5636 hactenus
1971 5583 2059 5639 of-

567 5778 636 5847 (l)
668 5775 932 5842 Quandin,
963 5792 1160 5844 qureso,
1197 5781 1405 5832 duravit
1440 5781 1522 5835 hic
1552 5781 1774 5834 luctus?
1818 5784 1871 5837 Si
1932 5782 2044 5836 Vita

490 5846 600 5902 lucc
637 5849 700 5900 ah
730 5847 1102 5915 Amphilochio
1131 5851 1326 5920 scripta
1374 5860 1495 5918 cst,
1531 5864 1805 5921 oporteret
1857 5856 2044 5909 saltem

2101 5314 2145 5368 D
2175 5307 2357 5364 ficiose
2409 5312 2642 5379 egimus.
2675 5313 2963 5371 Enimvero
3005 5329 3287 5389 postquam
3342 5323 3516 5381 luctus
3550 5329 3735 5399 caligi-

2174 5415 2317 5464 nem,
2346 5403 2485 5456 sicut
2512 5407 2770 5474 scriptum
2801 5418 2905 5476 est,
2956 5414 3317 5472 excussimus.
3340 5425 3395 5470 et
3425 5418 3491 5471 ad
3531 5431 3736 5487 gratam

2172 5491 2644 5559 supplicationem,
2703 5497 3078 5555 universorum
3145 5503 3392 5570 Domino,
3442 5522 3572 5563 vero
3625 5510 3734 5566 Deo

2173 5593 2358 5636 nostro
2391 5583 2608 5640 Christo
2641 5589 3053 5659 rcpendendam,
3087 5597 3309 5664 paribus
3362 5598 3555 5654 studiis
3579 5604 3728 5658 exci-

2173 5797 2268 5867 per
2300 5784 2584 5867 triennium
2617 5787 2874 5867 durasse_;
2912 5793 3109 5867 scripta
3141 5795 3335 5862 quippe
3370 5808 3451 5850 est
3491 5809 3611 5867 post
3659 5800 3708 5854 fu

2171 5856 2387 5910 nehrem
2420 5859 2751 5926 orationem,
2784 5861 2932 5929 cujus
2960 5856 3094 5918 infra
3122 5856 3309 5920 auctor
3352 5856 3624 5937 meminit,
3659 5881 3709 5927 dt
