4046 6442
696 401 1059 458 ΕΧΟΕΒΡΤᾹ
1100 397 1189 453 EX
1236 394 1435 453 ACTIS
1487 397 1543 451 S.
1586 394 1823 449 BASILII
1864 389 2619 445 BOLLANDIAMS.——VITA
2661 389 3088 446 APOCRVPIIA.

3342 404 3509 446 (ΣοΧον

272 522 368 577 tati
400 535 619 587 sumus;
651 535 829 591 operze
856 521 1086 588 pretium
1124 518 1395 580 duximus,
1432 526 1540 568 tum
1576 515 1837 565 illustrem
1870 517 1915 572 Α
1945 507 2310 577 expugnavit;
2344 507 2434 576 qui
2482 506 2913 560 Christianorum
2959 521 3149 560 sanam
3189 504 3343 559 ﬁdem
3371 507 3512 561 dilu-

272 613 464 673 vitam,
489 620 599 664 tum
625 626 750 665 vera
778 624 1076 680 magnaque
1104 610 1336 676 pastoris
1367 606 1531 660 nostri
1565 615 1619 657 et
1653 605 1839 656 docto-

277 701 354 755 ris
372 699 556 754 Basilii
585 699 843 753 miracula
877 698 894 768 (
930 708 987 750 ut
1020 713 1087 751 ne
1110 697 1317 750 diutino
1344 704 1515 748 tractu
1568 694 1832 761 temporis

279 788 565 857 profundae
593 788 849 843 oblivioni
888 787 1023 840 tradi
1056 803 1118 841 ea
1150 786 1443 855 contingat)
1477 786 1679 852 scripto
1714 798 1844 837 con—

276 882 512 951 signare.
540 879 672 933 Cum
705 879 848 933 enim
873 886 983 932 tres
1017 877 1374 931 sacratissimi
1404 875 1680 942 divinique
1706 875 1839 936 viri,

276 969 573 1039 Gregorius
611 968 711 1038 (2),
749 968 962 1037 inquam
987 1009 1001 1031 ,
1043 967 1313 1034 theologia
1352 968 1573 1030 clarus;
1601 965 1843 1032 alterque

277 1067 333 1112 et
369 1060 483 1127 ipse
538 1058 857 1127 Gregorius,
913 1060 1061 1112 urbis
1111 1056 1459 1125 Nysstcorum
1523 1058 1842 1111 decantatus

274 1150 702 1222 episcopus(5);
735 1166 833 1207 nec
866 1168 971 1207 non
1033 1152 1199 1207 eremi
1249 1150 1536 1219 praefectus
1594 1151 1841 1205 beatissi-

276 1258 397 1297 mus
422 1242 655 1311 Ephrem
677 1282 692 1306 ,
716 1243 933 1312 aliique,
963 1241 1084 1297 aliis
1112 1242 1338 1309 aliisque
1367 1243 1689 1313 epitaphieis
1726 1258 1843 1296 ser-

276 1334 527 1387 monibus
558 1336 692 1388 tanti
718 1336 817 1389 viri
851 1337 1169 1390 memoriam
1209 1335 1634 1397 illustraveriut;
1663 1336 1838 1388 Visum

274 1432 357 1476 est
386 1435 440 1478 et
476 1425 627 1492 mihi,
659 1434 911 1493 tanquam
941 1426 1207 1491 abortivo,
1236 1438 1292 1480 ut
1320 1442 1441 1481 cum
1468 1425 1726 1491 Apostolo
1765 1426 1842 1478 lu-

273 1514 525 1584 quar(a),
558 1516 645 1568 ubi
676 1530 787 1583 prae
822 1516 1069 1571 manibus
1094 1519 1445 1587 accepissem,
1478 1531 1596 1584 quze
1627 1517 1841 1585 utrique

275 1604 349 1657 illi
426 1607 600 1673 magni
667 1608 768 1659 viri
847 1610 1157 1664 narratione
1231 1610 1445 1663 fuerant
1522 1612 1839 1677 prosecuti,

275 1696 523 1765 supplere
580 1712 700 1765 qua;
750 1700 1017 1754 deessent.
1069 1702 1315 1756 Debitum
1376 1704 1838 1771 reprzrseutandn,

274 1805 371 1856 pro
399 1790 577 1843 devoti
616 1790 711 1844 ﬁlii
742 1793 979 1860 ratione;
1008 1805 1062 1849 et
1088 1795 1233 1849 velut
1262 1796 1378 1864 qui,
1406 1804 1463 1848 ut
1489 1796 1838 1857 existimatis,

1947 602 2066 655 cide
2092 600 2374 655 stabilivit.
2413 598 2524 653 Dux
2552 596 2644 651 ille
2674 599 3033 667 princepsque
3072 598 3513 666 sapientissimus

1944 694 2119 763 gentis
2150 701 2370 758 sanctae,
2396 702 2580 761 pastor
2610 689 2961 758 acccptabilis
2992 689 3167 759 populi
3200 730 3214 751 ,
3248 688 3510 743 Ecclesiae

1946 786 2124 855 regale
2163 787 2523 841 sacerdotium
2557 827 2572 846 ,
2632 785 2832 839 Christi
2868 786 3050 839 ovium
3101 786 3285 838 varius
3325 787 3468 840 aries
3495 830 3509 848 ,

1945 877 2138 931 divina:
2182 876 2303 933 ﬁdei
2341 877 2596 945 magister
2639 876 2899 944 inclytus;
2958 878 3167 946 magnis
3196 886 3251 931 et
3280 876 3432 931 vivus
3461 888 3516 930 ct

1946 980 2064 1036 post
2097 971 2301 1023 obitum
2351 969 2632 1023 miraculis
2674 968 2892 1033 clarus;
2927 979 3049 1038 post
3078 969 3400 1033 conscitam,
3455 980 3513 1019 ut

1943 1059 2146 1112 dictqu
2178 1070 2285 1121 est,
2316 1056 2532 1113 Juliauo
2567 1059 2677 1113 Deo
2704 1057 2890 1111 odibili
2912 1097 2927 1121 ,
2952 1057 3069 1126 ejus
3098 1058 3351 1125 precibus
3379 1073 3517 1111 mor-

1948 1158 2086 1213 tem;
2120 1150 2214 1217 illi,
2246 1151 2491 1219 inquam,
2521 1150 2613 1219 qui
2645 1165 2815 1204 cornu
2858 1150 2911 1203 in
2941 1149 3105 1203 altum
3146 1150 3438 1213 extulerat,
3464 1159 3517 1200 ιιι

1946 1241 2206 1296 adversus
2255 1242 2421 1295 Deum
2460 1242 2676 1296 locutus
2726 1241 2902 1295 fuerat
2955 1241 3329 1311 iniquitatem;
3362 1244 3518 1307 cujus

1948 1330 2025 1399 (7)
2057 1346 2187 1385 avus
2221 1330 2435 1396 Valens,
2473 1332 2694 1401 indigne
2714 1348 3010 1403 purpuram
3035 1333 3365 1401 imperialem
3396 1349 3521 1387 sus-

1946 1422 2108 1487 cepit,
2142 1422 2569 1492 Arianorumque
2594 1437 2763 1491 pravo
2818 1423 3059 1493 dogmati
3093 1433 3351 1493 patronus
3382 1423 3513 1485 fuit.

1948 1514 2013 1565 ad
2040 1513 2300 1567 illustrem
2337 1524 2578 1568 nostram
2600 1512 2998 1569 Cresarceusem
3028 1516 3386 1585 metropolim,
3411 1534 3517 1570 una

1946 1619 2067 1658 cum
2116 1616 2333 1673 pastore
2379 1607 2567 1661 urbem
2619 1608 2978 1662 subversurus
3008 1608 3176 1661 venit.
3208 1606 3279 1662 Ut
3336 1620 3515 1663 autem

1947 1713 2032 1751 res
2054 1709 2202 1765 gesta
2237 1703 2329 1761 sit,
2361 1707 2416 1752 et
2451 1713 2615 1769 quam
2639 1701 2709 1755 ob
2736 1714 2976 1765 causam,
3004 1715 3108 1754 non
3164 1710 3248 1753 est
3275 1716 3517 1769 praesen-

1948 1790 2015 1841 tis
2077 1789 2330 1856 temporis
2380 1805 2624 1847 narrare.
2662 1791 2771 1846 Sed
2821 1793 2887 1847 ad
2939 1792 3271 1862 propositum
3322 1794 3517 1847 redea-

276 1883 341 1935 ab
370 1882 524 1936 initio
556 1894 878 1952 assectatus,
913 1898 1225 1943 accuratam
1290 1889 1539 1942 notitiam
1569 1888 1644 1957 (4)
1686 1902 1837 1941 acce-
1875 1865 1915 1919 Β
1948 1896 2086 1946 mus,
2119 1881 2233 1951 ejus
2262 1881 2329 1937 ab
2366 1891 2519 1937 utero
2546 1884 2611 1938 ad
2655 1884 2814 1939 ﬁnem
2856 1900 3026 1955 usque
3079 1886 3303 1940 virtutes
3334 1901 3520 1956 prosc-

274 1975 469 2042 perim.
499 1974 656 2031 Novit
677 1980 848 2043 enim,
866 1980 1012 2034 novit
1040 1981 1199 2034 etiam
1231 1981 1400 2033 nubes
1427 1980 1591 2033 solem
1618 1988 1797 2047 tegere
1824 1995 1840 2045 ;

275 2066 540 2137 longaque
569 2072 814 2139 corporis
847 2074 1117 2127 successio
1143 2071 1239 2141 (5),
1271 2074 1442 2125 bonas
1470 2070 1629 2125 facile
1660 2086 1844 2124 narra-

276 2158 471 2222 tiones,
496 2160 755 2216 oblivioni
793 2164 1102 2215 tradiderit.

343 2249 497 2319 Quod
531 2252 695 2321 igitur
722 2267 946 2321 magnus
990 2254 1082 2307 ille
1133 2255 1444 2325 mundoque
1477 2272 1641 2324 quam
1696 2257 1840 2311 cele-

276 2340 386 2395 bris
413 2341 667 2405 Basilius,
691 2342 845 2397 Pater
878 2354 1083 2409 noster,
1103 2347 1298 2402 absens
1313 2359 1477 2415 esset,
1507 2348 1841 2418 sapientissi-

275 2447 394 2486 mus
425 2432 512 2486 ille
544 2434 807 2503 pontifex,
841 2436 927 2491 ille
958 2439 1262 2493 caelestium
1302 2442 1563 2495 virtutum
1612 2444 1839 2507 sodalis,

274 2523 450 2577 clarus
480 2540 730 2582 sermone
759 2531 1246 2599 peuctrabilisque,
1284 2533 1539 2599 magister
1565 2533 1842 2599 Ecclesiae,

270 2614 439 2669 solida
472 2627 736 2672 rectorum
760 2621 1069 2690 dogmatqu
1100 2625 1373 2690 columna,
1407 2627 1451 2678 is
1477 2625 1576 2695 (6),
1596 2627 1843 2695 inquam,

270 2709 360 2777 qui
388 2710 664 2778 sapienter
709 2713 987 2767 hominum
1041 2731 1217 2771 mores
1247 2718 1499 2781 instituit,
1532 2720 1622 2787 qui
1660 2734 1841 2772 rermu

272 2812 519 2855 naturain
551 2803 889 2859 enucleatius
910 2808 1241 2875 explanavit,
1277 2810 1366 2875 qui
1404 2808 1835 2862 infensissimum

270 2893 552 2947 Trinitatis
573 2894 841 2949 Juliauum
870 2900 1187 2956 Anostatam
1231 2900 1343 2951 suis
1402 2898 1658 2965 precibus
1714 2913 1843 2965 pro-

268 2986 492 3048 stravit;
517 2986 607 3054 qui
645 2987 878 3041 Valentis
912 3004 973 3040 os
1001 2989 1372 3054 hlasphmnum
1401 2988 1709 3046 obstruxit;
1745 2987 1837 3054 qui

268 3077 588 3130 Arianorum
609 3094 824 3146 pravam
849 3079 1143 3131 doctrinam
1169 3080 1522 3147 lueresimque
1552 3080 1838 3148 perspicue

1947 1973 2143 2026 cuturi.

2573 2089 2799 2146 CAPUT
2851 2089 2889 2142 Ι.

2043 2181 2404 2235 Adolescentia
2431 2181 2623 2234 Basilii
2660 2193 2707 2235 et
2740 2184 2918 2235 studia
2953 2183 3187 2237 Athenis.
3220 2181 3421 2236 Eubuli

2424 2252 2713 2319 philosophi
2743 2254 3030 2307 conversio.

2020 2346 2249 2402 Basilius
2295 2344 2440 2400 solus
2475 2345 2526 2397 iu
2573 2354 2736 2407 terra,
2769 2342 2959 2410 aequali
2989 2342 3190 2397 claruit
3229 2353 3341 2397 tum
3386 2344 3516 2407 vita,

1945 2453 2253 2495 sermonum
2288 2444 2484 2491 ornatu
2516 2434 2930 2502 eruditioueque
2962 2434 3181 2497 decora,
3246 2445 3357 2487 tum
3406 2448 3519 2488 scr-

1948 2547 2106 2587 mone
2137 2546 2199 2584 ac
2224 2531 2273 2582 vi
2300 2527 2553 2591 dicendi,
2587 2528 2941 2593 doctrinaque
2970 2526 3134 2579 vitam
3174 2524 3521 2578 exhilarante

1950 2623 2212 2695 sapientia
2251 2622 2434 2675 divina
2469 2638 2482 2673 :
2511 2620 2605 2689 qui
2642 2618 2862 2673 Christo
2896 2617 3108 2672 dederit
3158 2616 3364 2681 omnia,
3397 2618 3519 2671 ani-

1955 2728 2129 2775 mam,
2165 2726 2362 2781 corpus
2392 2754 2405 2773 ,
2444 2724 2750 2763 sermonem
2780 2749 2793 2772 ,
2831 2722 3023 2762 manus
3050 2724 3063 2771 ;
3094 2719 3317 2778 propter
3378 2711 3520 2779 quod

1950 2804 2109 2855 etiam
2142 2816 2384 2854 errorem
2439 2797 2756 2869 gentilium,
2787 2800 2930 2853 velut
2981 2814 3305 2854 aranearum
3360 2802 3517 2865 telas,

1949 2890 2198 2961 disrupit.
2232 2888 2329 2944 Hic
2363 2900 2567 2957 septem
2614 2904 2879 2943 annorum
2933 2890 3127 2952 factus,
3168 2889 3364 2945 litteris
3417 2893 3517 2945 im-

1950 2986 2193 3040 lmendus
2249 3002 2277 3038 a
2343 2986 2660 3053 parentibus
2704 2983 2931 3036 traditur
2988 2982 3086 3052 (8).
3146 2983 3279 3037 Cum
3331 2993 3513 3039 autem

1949 3078 2315 3148 quinquennio
2349 3091 2567 3145 operam
2599 3078 2855 3131 doctrina:
2909 3078 3155 3146 artisque.
3207 3079 3517 3147 praeceptio-

270 3246 411 3308 c_tam
441 3249 469 3285 a
496 3234 837 3308 Nazianzeno
869 3252 883 3289 :
926 3238 1068 3290 illam
1090 3250 1269 3295 autem
1305 3243 1424 3308 ipso
1453 3258 1554 3295 non
1585 3259 1661 3297 ua
1723 3256 1830 3295 ter-
1862 3247 1904 3302 C
1941 3242 2150 3296 .ochius
2186 3238 2513 3294 Nazianzeni
2560 3236 2625 3291 de
2654 3236 2854 3289 Basilio
2894 3239 3178 3292 scribentis
3200 3278 3216 3300 ,
3251 3240 3405 3293 intuli
3428 3257 3520 3295 su-

274 3306 345 3377 tio
382 3319 411 3377 a
451 3317 624 3377 morte
650 3304 858 3377 “Basilii
908 3325 1047 3362 anno
1106 3304 1487 3377 pronuntiavit.
1523 3313 1661 3374 Quin
1698 3313 1825 3373 imo,

269 3374 313 3427 si
352 3376 420 3426 ab
470 3374 841 3442 Amphilochio
870 3381 1067 3446 scripta
1104 3374 1216 3435 luec
1264 3381 1379 3433 Vita
1408 3392 1519 3444 est,
1568 3383 1823 3446 scriptam

272 3458 392 3519 esse
420 3454 633 3519 oportet
687 3457 803 3512 post
851 3452 1009 3501 aliam
1057 3466 1208 3502 suam
1232 3453 1554 3511 orationem,
1586 3466 1745 3519 quam
1773 3453 1825 3503 in

273 3514 407 3589 festo
441 3513 882 3571 Circumcisiouis
918 3520 1121 3570 Dmnltll
1165 3522 1463 3589 eodemque
1490 3513 1659 3573 sancti
1690 3521 1831 3574 Basi-

270 3586 347 3643 lii.
373 3586 439 3661 de
467 3588 661 3661 eodem
706 3588 1074 3640 sacratissimo
1106 3586 1686 3661 mystcrio'eodemque
1712 3607 1837 3645 san-

270 3669 359 3709 cto
391 3657 608 3717 habuit;
650 3657 702 3708 in
752 3672 855 3723 qua
909 3672 1027 3709 cum
1076 3660 1363 3726 prmelaras
1396 3657 1836 3716 Basilii—virtutes

271 3726 703 3799 perstriusisset,
734 3730 1168 3799 ita_prosequitur
1206 3748 1217 3781 :
1245 3748 1263 3780 ι
1295 3730 1438 3792 llaec,
1465 3734 1705 3799 inquam,
1727 3749 1838 3783 om-

272 3796 357 3847 uia
394 3796 565 3847 sacris
594 3796 755 3846 divini
790 3796 1033 3865 Gregorii
1067 3801 1405 3853 sermonibus
1442 3796 1654 3855 abunde
1683 3803 1830 3854 arhi-

271 3874 386 3940 tror
437 3866 821 3941 ae_sap_ieu_ter
854 3869 1045 3921 tradita
1072 3887 1085 3933 ;
1120 3887 1689 3941 supervacaneumqne
1712 3873 1830 3925 exi-

268 3931 744 4006 stimaviJOIigiori
778 3937 827 3990 iu
871 3931 1276 4006 praesentiarum
1313 3946 1559 3997 oratione
1598 3931 1833 3995 dissere-

270 4019 348 4056 re.
410 4022 429 4054 ι
452 4073 463 4081 _
493 4001 626 4068 Cur,
660 4001 881 4081 amabo,
908 4011 949 4062 si
985 4012 1155 4063 Vitam
1190 4013 1367 4065 Basilii
1399 4013 1830 4081 Amphilochius,

268 4073 594 4151 aute_hauc
648 4079 943 4151 orationem
1009 4083 1283 4141 hab-tam,
1341 4073 1652 4151 scripserit;
1709 4073 1830 4136 eum

270 4146 601 4197 intentionem
649 4146 991 4215 Gregoriana:
1056 4153 1318 4205 orationis
1384 4146 1647 4213 faceret,
1680 4155 1825 4206 nullo

269 4217 441 4292 verbo
466 4217 686 4292 addidit,
704 4233 761 4271 se
793 4236 1004 4287 quinque
1034 4223 1097 4273 de
1133 4222 1310 4274 Basilii
1334 4225 1485 4277 Actis
1518 4224 1821 4292 scripsisse.

268 4286 416 4362 quod
482 4286 1157 4362 maximeconveniens,et
1188 4304 1543 4360 opportunum
1599 4286 1825 4362 tempori

269 4357 611 4424 oratiouiqne
644 4359 964 4431 videbatur?
1018 4357 1305 4417 Dicendum
1357 4366 1537 4431 itaque
1574 4366 1679 4417 erit
1714 4357 1825 4416 'au-

269 4436 477 4501 ctore_m
508 4438 675 4501 ,__p_ost
711 4428 903 4482 festum
938 4432 1375 4487 Circumcisiouis
1407 4428 1464 4486 et
1513 4437 1830 4501 pronuntia-

273 4504 399 4572 lunt
422 4496 944 4572 Basiliieneomium,
980 4504 1045 4555 ad
1078 4505 1236 4572 hujus
1269 4505 1442 4559 Vitam
1484 4496 1829 4572 prolixiorem

272 4566 617 4643 scribendam
658 4573 988 4643 accessisse,
1046 4566 1272 4641 ideoque
1322 4576 1440 4643 ejus
1484 4566 1819 4643 inentiouem

273 4649 381 4710 non
410 4636 634 4710 iecisse.
668 4642 735 4690 At
791 4655 856 4692 eo
896 4656 1021 4694 easu
1071 4636 1368 4710 oportebit'
1394 4649 1592 4699 luctum
1636 4642 1827 4698 Basilii

274 4705 557 4780 l‘uuebrem
585 4744 601 4765 ,
638 4724 665 4781 a
713 4725 818 4773 quo
844 4705 1141 4767 desumitur
1166 4718 1444 4769 exordium
1477 4758 1490 4781 ,
1520 4730 1614 4781 per
1667 4716 1828 4781 quin-

271 4774 566 4854 quennium
600 4777 882 4854 ‘durasse:
920 4785 1060 4848 quod
1109 4788 1438 4852 paradoxum
1478 4774 1585 4839 est.
1642 4774 1704 4837 Et
1736 4786 1828 4851 qui

273 4846 510 4924 potuit'a.
543 4844 631 4896 tali
687 4849 826 4899 luctu
885 4844 1041 4924 verus
1071 4844 1477 4921 Αἰιιριιίιοριιὶιις
1522 4844 1823 4909 orationem

273 4915 547 4991 exordiri,
592 4924 840 4984 tauquam
904 4920 954 4971 iu
1009 4936 1126 4973 eam
1169 4915 1335 4991 usque
1383 4926 1520 4978 diem
1563 4928 1824 4987 durante;

274 4987 610 5058 cum_mu|to
646 5000 810 5053 ante,
866 4992 916 5041 iu
967 4992 1211 5045 oratione
1252 4987 1331 5047 'de
1380 4996 1824 5058 Circuiucisioue,

274 5055 429 5121 quasi
458 5059 631 5110 omnis
662 5060 859 5133 doloris
899 5062 1092 5115 oblitus
1112 5103 1126 5125 ,
1157 5063 1268 5116 Irec
1303 5066 1421 5117 laeta
1454 5067 1612 5119 verba
1644 5055 1820 5133 palam

277 5139 591 5203 usurpasset
621 5146 632 5179 :
674 5148 691 5179 ι
722 5131 827 5184 Nos
858 5134 1070 5186 interim
1105 5135 1266 5186 divini
1308 5135 1480 5189 Patris
1513 5131 1826 5189 memoriam

278 5196 444 5273 hodie
472 5196 801 5273 honoremus
830 5204 1053 5258 canticis
1078 5244 1093 5268 ,
1139 5206 1503 5272 divinitusque
1549 5206 1825 5273 iuspiratis

280 5264 531 5345 laudibus
566 5270 807 5345 magistri
852 5264 1089 5328 virtutes
1129 5277 1392 5345 condiguo
1420 5264 1830 5343 prosequamur

283 5334 495 5414 pla-usu.
532 5356 551 5387 ι
588 5334 935 5414 Ηὶἷιελῇωίιιιθ
965 5356 1133 5413 patet,
1162 5334 1452 5400 exordium
1475 5349 1573 5400 hoc
1606 5334 1830 5414 Amphi-

276 5402 454 5476 lochio
486 5410 661 5476 inepte
688 5402 936 5467 aﬁietum.

351 5474 431 5551 ('3)
472 5474 708 5551 Excusat
739 5496 798 5534 se
839 5480 1212 5541 Nazianzenus
1256 5487 1409 5541 initio
1450 5488 1708 5541 orationis
1739 5485 1833 5551 20,

275 5547 419 5626 quod
461 5565 477 5594 ι
512 5550 677 5626 multo
701 5554 908 5626 __serius
957 5570 1114 5622 quam
1152 5569 1357 5623 tempus
1385 5562 1719 5626 postulabat,
1768 5547 1832 5612 ae

277 5618 635 5696 post_mu_lt05
666 5621 818 5685 alios,
845 5626 932 5690 qui
966 5618 1050 5678 res
1085 5618 1273 5680 Basilii
1305 5618 1557 5693 privatim
1593 5618 1830 5696 publice-

277 5701 384 5753 que
413 5686 656 5741 laudihus
678 5686 952 5755 ornarunt,
990 5714 1007 5745 ι
1043 5702 1107 5750 ad
1138 5714 1258 5751 eum
1295 5686 1619 5752 laudandqu
1644 5713 1828 5752 acces-

276 5760 426 5809 κνίι·
459 5760 590 5823 LW“
628 5774 750 5812 Vero
786 5766 883 5815 hor.
924 5767 1037 5819 loco
1069 5772 1391 5821 mentionem
1439 5769 1564 5823 facit
1598 5771 1824 5839 Amphi-

358 5876 428 5938 (Α)
465 5873 477 5923 Ι
514 5872 633 5925 Cur.
668 5888 755 5936 Μ,
792 5875 840 5929 8.

1940 3328 2035 3379 pra
2064 3352 2079 3375 ,
2116 3324 2243 3365 ante
2298 3312 2443 3364 hunc
2502 3309 2649 3362 illum
2702 3308 2988 3377 scripsisse
3015 3350 3029 3373 ,
3062 3325 3126 3363 ex
3164 3325 3275 3379 quo
3307 3311 3514 3381 reliqua

1940 3393 2240 3449 sequuntur
2271 3381 2524 3433 absurda.

2014 3448 2090 3521 (3)
2123 3451 2349 3521 Videtur
2372 3449 2557 3521 hic_de
2596 3448 2701 3521 vita
2757 3448 2939 3521 functo
2970 3449 3111 3515 loqui
3140 3459 3350 3514 auctor,
3386 3467 3512 3505 cum

1944 3518 2122 3577 tamen
2150 3535 2307 3573 verus
2328 3518 2743 3591 Amphilochius
2762 3519 2948 3591 paucis
2972 3521 3244 3591 mensibus
3269 3521 3516 3591 Nysseno

1945 3592 2340 3663 supervixerit;
2399 3589 2540 3663 quod
2600 3588 2644 3641 si
2697 3588 2782 3641 hic
2834 3587 3034 3663 ultimis
3078 3590 3203 3663 vita:
3234 3587 3514 3663 mensibus

1946 3660 2245 3729 scripserit,
2275 3660 2547 3728 oportebit
2575 3673 2696 3712 eum
2748 3661 3154 3726 quattuordecim
3188 3662 3345 3715 anuis
3395 3674 3517 3727 post

1945 3734 2129 3789 Basilii
2162 3744 2388 3786 mortem
2426 3731 2735 3799 scripsisse,
2771 3732 2912 3798 quod
2950 3732 3087 3784 male
3122 3733 3360 3786 coheret
3388 3748 3511 3787 cum

1947 3804 2279 3873 przel'ationis
2313 3802 2483 3853 initio.

2014 3877 2089 3943 (4)
2148 3873 2400 3943 Potuitne
2460 3870 2631 3943 magis
2680 3880 2985 3943 accuratam
3028 3871 3224 3923 habere
3261 3872 3511 3943 notitiam

1941 3939 2607 4013 pseudo-Amphilochius,
2638 3954 2798 4005 quam
2828 3939 3198 4013 Nazianzenus
3233 3950 3330 4013 aut
3373 3941 3514 4013 Nys-

1942 4008 2141 4068 seuus?
2181 4008 2431 4065 Potuitne
2463 4008 2837 4063 Nazianzenus
2861 4011 3060 4079 aliquid
3094 4010 3362 4079 gravioris
3399 4008 3514 4066 mo-

1945 4081 2412 4149 menti'prmlerire
2442 4080 2465 4131 ?

2007 4156 2087 4224 (5)
2115 4154 2365 4208 Potuitne
2396 4151 2549 4224 longa
2577 4158 3024 4224 temporumcsse
3043 4152 3335 4224 successio,
3370 4152 3515 4207 inter

1934 4220 2193 4279 Basilium
2225 4234 2277 4276 et
2313 4221 2769 4288 Amphilochium,
2808 4222 2895 4285 qni
2930 4224 3090 4272 cmevi
3120 4220 3379 4274 fuerunt?

2009 4298 2083 4366 (6)
2134 4296 2261 4366 Haec
2290 4304 2347 4346 et
2373 4307 2517 4366 quae
2574 4300 2900 4366 sequuntur,
2930 4292 3179 4366 videntur
3216 4307 3407 4359 magna
3444 4306 3507 4343 ex

1937 4360 2093 4437 parte
2134 4382 2165 4419 e
2196 4361 2750 4437 Memeisdesumpta,
2785 4360 3141 4437 vellueciuile
3165 4372 3316 4414 aucta
3360 4372 3509 4437 sunt.

2009 4438 2083 4507 (7)
2121 4436 2307 4507 Graece
2334 4428 3011 4507 Obuqudaoa‘rouﬁeio;
3071 4428 3241 4507 Ursus
3291 4434 3511 4507 subdia-

1864 4493 1907 4547 Ῑ)
1940 4493 2132 4568 conus,
2168 4506 2374 4574 primus
2409 4493 2794 4574 Ainp_hiloclui_
2826 4500 3113 4574 interpres,
3140 4503 3268 4574 (hinc
3300 4502 3508 4563 omisit,

1946 4578 2030 4632 vel
2062 4568 2189 4644 quia
2226 4575 2399 4644 minus
2429 4568 2795 4644 intellexit,ve_l
2823 4571 2945 4644 quia
2972 4572 3324 4644 manifestum
3349 4586 3514 4644 agno-

1947 4650 2025 4701 vit
2047 4640 2308 4702 errorem.
2358 4642 2522 4694 Auum
2553 4643 2712 4693 vertit
2747 4640 3122 4693 Combelisius.
3157 4642 3512 4704 Verumttsio;

1947 4717 2264 4771 avunculum
2311 4713 2484 4780 potius
2548 4710 2631 4763 vel
2683 4722 2927 4777 patruum
2971 4710 3257 4777 signiﬁcat.
3315 4711 3515 4765 Deinde

1948 4789 2085 4842 idem
2112 4783 2468 4839 Combelisius
2485 4781 2834 4849 coniectando
2866 4782 3194 4848 interrogat,
3227 4797 3293 4835 an
3321 4794 3512 4833 natura

1951 4862 2072 4911 talis
2120 4856 2303 4915 fuerit,
2332 4852 2522 4906 saltem
2554 4848 2619 4904 ex
2666 4851 2879 4903 matre?
2908 4848 2975 4899 At
3000 4865 3099 4916 ego
3129 4853 3329 4919 pariter
3358 4853 3514 4903 dubi-

1952 4930 2111 4981 tando
2139 4927 2410 4993 interrogo
2430 4963 2443 4987 ,
2473 4937 2578 4992 qua
2609 4922 2817 4993 ratione
2855 4920 3111 4993 Basilina,
3140 4921 3347 4993 duliaui
3396 4938 3512 4972 ma-

1952 5009 2051 5063 ter,
2080 4995 2183 5048 lilia
2213 5006 2306 5047 aut
2338 4988 2508 5047 soror'
2530 4994 2691 5045 tuerit
2722 4988 2986 5063 Valentis,
3013 5004 3067 5042 ut
3100 4992 3376 5063 hicseusu
3406 4995 3515 5043 sal-

1952 5060 2054 5121 tem
2096 5066 2275 5134 aliquo
2303 5064 2443 5126 θεῖος
2478 5064 2580 5116 dici
2624 5063 2815 5134 possit.
2850 5061 2955 5113 Sed
2998 5060 3512 5134 cuul'ugit__C_ombe-

1950 5140 2100 5190 lisius
2125 5129 2428 5190 adsensum
2462 5130 2885 5199 inetaphoricum
2910 5169 2923 5191 ,
2956 5132 3211 5197 dicitque,
3236 5129 3509 5183 Valenteiu

1949 5208 2143 5261 Juliani
2174 5206 2497 5260 avunculum
2531 5214 2623 5254 aut
2656 5217 2816 5253 avum
2845 5203 3056 5261 vocari,
3094 5218 3199 5253 non
3231 5201 3353 5268 quia
3388 5218 3510 5253 eum

1950 5277 2226 5332 afﬁnitatis
2263 5288 2353 5327 aut
2380 5272 2860 5339 consanguinitatis
2887 5272 3051 5337 gradu
3075 5314 3089 5332 ,
3132 5274 3221 5324 sed
3251 5274 3370 5337 quia
3399 5288 3510 5322 ma—

1952 5348 2063 5401 Iitia
2105 5362 2157 5401 et
2189 5352 2240 5401 iu
2273 5346 2614 5398 Christianos
2637 5344 2836 5395 saevitia
2861 5344 3155 5407 prteeessit.
3185 5341 3379 5393 Verum
3406 5356 3511 5409 quo

1950 5421 2196 5486 exetuplo
2228 5417 2620 5469 monstrabitur
2656 5414 2774 5486 talis
2828 5415 3142 5486 metaphora
3173 5413 3223 5463 iu
3257 5428 3356 5486 usu
3400 5429 3509 5486 tiu-

1952 5483 2118 5557 quam
2146 5489 2340 5541 fuisse?
2378 5486 2485 5553 Ego
2528 5485 2780 5557 existimo
2834 5483 3099 5534 inscitiam
3152 5484 3513 5549 pseudo-Am-

1954 5550 2205 5628 philochii
2246 5561 2369 5612 hinc
2393 5550 2542 5623 argui
2578 5550 2876 5628 manifeste.

2026 5630 2103 5699 (8)
2169 5631 2503 5699 Quibusnam
2560 5638 2684 5674 vero
2757 5623 2983 5699 traditus
3039 5633 3134 5699 est.
3176 5639 3208 5699 Aa
3270 5631 3510 5699 parenti—

1953 5693 2094 5756 hus?
2151 5693 2263 5751 Non
2318 5697 2451 5747 alios
2506 5696 2939 5761 prteeeplot'esiu
2990 5693 3217 5758 pueritia
3242 5706 3295 5744 et
3332 5694 3511 5743 adole-

1954 5770 2158 5827 scentia
2198 5769 2427 5822 Basilius
2457 5766 2641 5818 habuit
2670 5780 2828 5828 quam
2877 5775 3128 5829 parentes
3162 5778 3322 5824 suos;
3363 5774 3418 5813 ut
3444 5778 3509 5812 es
