4046 6488
537 435 721 479 (CXCVI

1886 419 2412 475 PROLECOMENA.

538 536 701 593 ninus
734 534 1025 607 posuisset,
1073 550 1172 590 nec
1204 538 1256 590 in
1292 535 1370 590 eis
1404 534 1703 590 molliorem
1732 549 1789 588 se
1822 534 2097 587 exhibuis-
2138 538 2179 592 Α
2211 534 2311 586 hoc
2335 540 2679 594 consecutus,
2707 532 2901 587 mansit
2926 532 3055 598 illic,
3087 547 3206 589 sese
3233 534 3511 590 oblectaus
3543 536 3774 589 medita-

538 634 644 692 set,
678 626 967 697 plurimum
1007 628 1247 681 scientia:
1277 626 1665 697 pltilosotilticaa
1720 625 1973 687 fructum,
2010 638 2103 676 na-

540 729 677 775 tura
695 728 748 774 et
774 720 969 791 ingenii
1006 718 1281 785 facilitate,
1306 720 1675 787 consequitur.

610 811 822 869 Relicta
850 813 1012 884 igitur
1043 814 1381 883 postmodum
1411 812 1585 883 patria
1630 811 1767 880 (erat
1794 812 1936 863 enim
1966 808 2105 878 Cap-

537 904 714 974 padox
743 904 984 974 genere),
1012 903 1331 974 eloquentia:
1360 914 1585 958 matrem
1608 902 1848 957 Athenas
1893 898 1969 969 (9)
2016 913 2107 966 pe-

540 998 634 1064 tit;
667 995 942 1066 multaque
971 1011 1091 1052 cum
1122 996 1394 1062 castitate,
1423 1004 1532 1048 tum
1561 991 1891 1048 continentia
1930 998 1987 1045 et
2016 1004 2107 1043 so-

536 1090 769 1144 brietate
792 1098 1039 1154 ornatus,
1091 1090 1329 1158 profante
1375 1097 1431 1142 et
1457 1086 1780 1143 Graecanica:
1830 1084 2106 1153 sapientia:

538 1189 920 1248 praeceptorem
983 1178 1113 1245 adit,
1174 1180 1439 1234 Euhulum
1491 1178 1705 1233 nomine
1740 1177 1889 1247 (l0);
1922 1179 2108 1245 sicque

539 1268 777 1339 seipsum
805 1269 1106 1341 disciplinis
1134 1270 1372 1335 tradidit,
1406 1279 1463 1323 ut
1491 1282 1635 1324 esset
1663 1280 1773 1323 tmn
1803 1277 2103 1338 praecepto-

538 1362 710 1424 ribus,
736 1370 849 1415 tum
884 1360 1268 1431 condiscipulis
1291 1362 1657 1417 admirationi.
1686 1362 1931 1417 Fuerunt
1955 1360 2102 1415 enim

536 1448 832 1503 studiorum
860 1449 991 1505 socii
1024 1448 1246 1521 Magnus
1300 1449 1615 1521 Gregorius,
1652 1450 1830 1506 factus
1865 1450 2106 1504 Nazian-

536 1557 706 1597 zenus
735 1544 1019 1612 episcopus
1046 1544 1178 1614 (11),
1206 1545 1296 1613 qui
1333 1553 1387 1599 et
1438 1544 1596 1598 annis
1648 1545 1870 1599 circiter
1903 1542 2109 1595 duode-

537 1636 643 1689 cim
673 1634 982 1704 apostolica:
1014 1634 1160 1690 sedis
1210 1634 1328 1705 (12)
1360 1634 1721 1706 gubernacula
1755 1634 1958 1698 tenuit;
2011 1631 2108 1687 Ju—

538 1725 715 1779 lianus
748 1738 989 1794 quoque,
1038 1740 1143 1779 nou
1186 1726 1257 1779 ita
1283 1727 1489 1795 pridem
1510 1725 1851 1780 Christianus
1885 1725 2023 1795 (15),
2056 1732 2109 1778 et

536 1812 790 1869 Libanius
820 1814 956 1884 (14).
997 1813 1087 1868 Sic
1123 1828 1299 1870 autem
1345 1817 1598 1871 omnibus
1652 1815 1984 1870 admirabilis
2023 1814 2106 1866 vir

2211 626 2355 679 tione
2387 625 2694 679 divinorum
2730 625 3063 695 eloquiorum
3093 665 3110 691 ,
3158 642 3295 696 aqua
3327 636 3383 681 et
3419 626 3661 682 oleribus
3687 628 3775 680 vi-

2209 718 2423 770 ctitans.
2469 720 2626 771 Anno
2660 726 2837 771 autem
2890 718 3099 787 integro
3133 719 3331 772 ibidem
3378 728 3775 783 commoratus,

2210 810 2538 877 verbumque
2555 809 2799 864 veritatis
2826 808 2929 863 ﬁde
2952 809 3322 873 considerans,
3354 808 3777 881 intelligensque

2208 901 2351 969 quod
2384 900 2492 964 illa,
2531 903 2575 956 si
2617 916 2735 955 eam
2762 902 2991 957 velimus
3021 904 3271 969 scrutari,
3308 902 3552 966 ﬁuctuct,
3587 906 3776 972 peti-it

2209 1009 2266 1049 se
2297 994 2493 1048 dimitti
2525 993 2951 1066 Hierosolymam
2984 994 3093 1046 voti
3152 1007 3314 1048 causa
3348 1036 3364 1060 ,
3406 1009 3470 1049 ac
3499 995 3616 1063 ejus
3671 996 3774 1050 loci

2210 1085 2576 1152 inSpecturum
2626 1082 2904 1137 miracula.
2960 1083 3032 1137 At
3079 1081 3188 1144 ille,
3238 1093 3560 1153 apprecatus
3616 1085 3773 1149 bene,

2208 1172 2409 1229 dimisit
2432 1188 2572 1227 eum.

2276 1263 2514 1319 Rediens
2560 1274 2739 1318 autem
2787 1263 2898 1335 (18)
2950 1266 3038 1319 ubi
3086 1264 3401 1321 Graecorum
3444 1268 3775 1337 philosophia

2210 1357 2385 1412 fuerat
2411 1358 2713 1421 institutus,
2766 1360 2929 1426 coepit
2964 1360 3147 1413 verbis
3183 1359 3402 1414 ﬁectere
3429 1360 3633 1417 multos
3658 1365 3777 1432 phi-

2209 1450 2499 1519 losophos,
2533 1449 2858 1519 Christoque
2903 1451 3303 1507 multitudinem
3361 1454 3623 1523 gentium,
3684 1457 3779 1510 dc-

2211 1552 2510 1597 monstrata
2558 1542 2636 1597 eis
2670 1541 2861 1597 salutis
2903 1544 2987 1597 via
3017 1582 3034 1610 ,
3061 1543 3278 1601 oﬁ‘erre.
3310 1532 3775 1612 Quaesivitautem

2212 1644 2265 1688 et
2292 1646 2671 1703 praeceptorem
2707 1649 2862 1688 suum
2905 1634 3171 1690 Eubulum
3219 1638 3289 1708 (is
3314 1639 3457 1691 enim
3485 1639 3590 1693 dux
3627 1642 3775 1693 verbi

2211 1735 2265 1781 et
2292 1726 2606 1796 eloquentia
2636 1740 2837 1796 praeses
2886 1726 3048 1795 erat),
3082 1742 3188 1796 quo
3238 1730 3290 1783 in
3324 1729 3569 1784 laborum
3608 1729 3779 1798 ipsius

2212 1820 2724 1880 remunerationem,
2788 1818 3073 1889 inculpata:
3124 1833 3245 1873 eum
3312 1821 3431 1874 ﬁdei
3492 1822 3779 1877 admovere

535 1904 715 1976 posuit
735 1905 789 1958 in
815 1906 980 1959 corde
1002 1921 1100 1961 suo
1118 1921 1220 1961 non
1240 1922 1455 1962 sumere
1484 1922 1675 1976 panem
1697 1907 1945 1960 etvinum
1971 1905 2104 1976 (15),
2139 1903 2180 1956 Β
2211 1918 2476 1973 tentaret;
2507 1910 2581 1963 sic
2607 1912 2782 1979 plane,
2806 1922 2864 1964 ut
2890 1926 2956 1965 eo
2996 1921 3197 1965 rectam
3228 1911 3293 1963 ad
3315 1910 3471 1965 ﬁdem
3498 1923 3779 1978 currente,

534 1998 707 2049 donec
756 1995 1045 2050 assistente
1092 2011 1327 2066 superna
1385 1995 1751 2059 Providentia,
1777 1995 1973 2049 divina:
2022 2010 2104 2049 sa-

532 2083 751 2154 pientiae
783 2099 979 2138 arcana
1020 2094 1352 2154 penetraret.
1410 2084 1787 2141 Commoratus
1834 2095 2013 2139 autem
2048 2086 2100 2138 in

530 2176 831 2247 disciplinis
852 2178 1013 2230 annis
1042 2176 1350 2244 quindecim
1380 2217 1396 2243 ,
1420 2191 1541 2232 cum
1574 2176 1947 2232 Graecanicam
1977 2190 2099 2230 om—

533 2284 655 2323 nem
682 2269 1001 2339 sapientiam
1024 2268 1091 2323 ad
1120 2266 1281 2323 ﬁnem
1312 2268 2101 2333 decurrisset,astronomiam-

532 2374 639 2430 qne
666 2369 722 2415 et
768 2361 1149 2429 geometriam,
1185 2376 1249 2416 ac
1276 2361 1482 2430 eptima
1512 2375 1742 2430 quaeque
1771 2358 2097 2428 collegisset,

533 2470 600 2509 ac
625 2469 727 2510 nec
754 2454 821 2509 iis
847 2464 1023 2510 tamen
1049 2453 1158 2508 ullo
1185 2454 1345 2509 modo
1365 2454 1605 2509 omnium
1642 2452 1958 2509 Creatorem
1987 2452 2104 2522 (16)

530 2547 779 2602 invenire
826 2556 1043 2616 posset;
1079 2545 1313 2615 quadam
1374 2555 1533 2602 nocte
1582 2545 1829 2615 vigilanti
1892 2546 2107 2600 divinus

530 2640 783 2707 splendor
822 2638 983 2704 inﬁt,
1028 2647 1088 2693 ut
1143 2640 1403 2710 cujusque
1452 2639 1728 2711 religionis
1778 2639 2103 2708 scripturam

530 2740 875 2802 percurreret
913 2732 1051 2803 (17).
1113 2730 1355 2801 Surgens
1410 2746 1542 2802 ergo
1593 2732 1870 2800 profectus
1915 2740 2000 2783 est
2050 2730 2103 2784 in

527 2820 819 2895 Egyptum
842 2863 861 2891 ,
896 2832 953 2879 et
1000 2824 1263 2879 accedens
1294 2822 1360 2876 ad
1388 2822 1675 2893 quemdam
1724 2819 2111 2875 archimandri-

531 2925 641 2970 tam
664 2956 680 2984 ,
708 2916 1067 2986 Porphyrium
1104 2918 1321 2973 nomine
1345 2957 1362 2981 ,
1395 2915 1585 2987 petivit
1623 2913 1724 2969 sibi
1782 2913 1901 2967 dari
1938 2912 2108 2967 libros

528 3023 738 3078 sacros,
784 3010 979 3079 quibus
1008 3010 1191 3067 divina
1248 3011 1497 3081 dogmata
1540 3008 1893 3079 perdisceret.
1932 3005 2104 3063 Porro

2211 2018 2308 2057 ceu
2350 2002 2661 2071 magistrum
2705 2012 3062 2073 sequerentur
3090 2012 3353 2073 quotquot
3398 2004 3699 2075 philosophi
3726 2010 3779 2063 in

2212 2110 2331 2149 eam
2384 2096 2798 2150 concessissent.
2855 2097 2990 2152 Cum
3036 2106 3214 2151 autem
3266 2097 3320 2151 in
3355 2097 3608 2151 omnibus
3654 2115 3777 2153 eum

2214 2188 2412 2245 scholis
2462 2186 2813 2253 requisisset,
2866 2189 3087 2245 olfendit
3141 2191 3193 2244 in
3245 2189 3503 2243 suburbio
3547 2191 3777 2258 quodam

2207 2280 2568 2345 disputantem
2604 2316 2619 2341 ,
2659 2280 2817 2332 sociis
2850 2295 3063 2349 quoque
3097 2282 3218 2335 aliis
3244 2280 3618 2352 philosophis:
3648 2279 3780 2331 nihil

2205 2368 2350 2423 enim
2384 2368 2527 2422 aliud
2560 2370 2875 2435 studebant,
2899 2386 3060 2441 quam
3087 2382 3145 2427 ut
3166 2374 3408 2429 dicerent
3444 2382 3498 2428 et
3530 2371 3783 2427 audirent

2205 2459 2408 2530 aliquid
2440 2459 2588 2514 novi.

2277 2552 2409 2608 Cum
2442 2568 2571 2623 ergo
2595 2552 2908 2614 dissereret.
2938 2554 3151 2609 instans
3199 2553 3599 2625 imminensque
3629 2556 3776 2610 Basi-

2205 2644 2330 2706 lius,
2364 2643 2537 2712 ipsum
2572 2646 2851 2714 corripuit.
2892 2644 3029 2699 Tum
3056 2646 3250 2715 aliquis
3282 2661 3467 2701 eorum
3495 2649 3587 2717 qui
3623 2658 3782 2702 erant

2205 2750 2327 2789 cum
2353 2736 2487 2804 ipso,
2528 2735 2595 2789 ad
2623 2751 2745 2790 eum
2777 2755 2794 2792 :
2834 2754 2853 2786 ι
2890 2738 3164 2805 Corripuit
3201 2748 3254 2793 te
3284 2740 3499 2807 quidam
3532 2779 3548 2803 ,
3585 2756 3619 2794 ο
3651 2741 3775 2808 phi-

2206 2827 2429 2896 losophe
2471 2847 2490 2881 ι
2525 2828 2593 2881 At
2621 2827 2712 2883 ille
2768 2843 2785 2882 :
2826 2847 2844 2880 ι
2885 2829 2980 2883 Vel
3013 2831 3173 2895 Deus,
3198 2832 3283 2883 vel
3312 2831 3559 2885 Basilius.
3588 2850 3607 2882 ι
3641 2831 3777 2885 Cum

2204 2934 2333 2991 ergo
2369 2936 2492 2975 eum
2523 2922 2831 2991 agnovisset
2861 2961 2876 2982 ,
2904 2934 3104 2989 eosque
3133 2922 3224 2990 qui
3258 2922 3485 2973 aderant
3534 2922 3776 2977 dimisis-

2206 3019 2291 3067 set
2312 3048 2326 3075 ,
2358 3011 2562 3065 mansit
2597 3026 2719 3065 cum
2751 3010 2985 3076 Basilio,
3020 3025 3083 3066 ac
3123 3020 3235 3067 tres
3253 3012 3369 3067 dies
3395 3010 3559 3081 jejuni
3589 3026 3779 3083 perse-

532 3220 701 3291 ipsius
726 3216 1055 3291 ANazianzeni
1090 3216 1397 3272 testimonio
1436 3216 1634 3272 dicitur
1666 3220 1719 3273 in
1755 3217 1903 3286 Vita,
1939 3233 2089 3274 num.
2119 3221 2163 3279 c
2197 3216 2396 3291 cedens
2453 3216 2821 3291 Nazianzeno
2860 3231 3032 3291 annos
3084 3217 3367 3275 duodecim
3406 3259 3422 3284 ,
3474 3221 3564 3291 qui
3634 3220 3777 3277 Cou-

527 3289 565 3347 9
590 3289 849 3431 ἓν(ἶάοη
876 3365 1026 3431 recte
1057 3356 1245 3413 saltem
1284 3354 1523 3431 Athenas
1551 3356 1917 3431 petitthatsit
1947 3358 2092 3431 enim

529 3426 835 3500 aliquandiu
864 3426 1351 3495 Constantinopoli.
1385 3428 1496 3500 Nec
1539 3426 1800 3500 credibile
1832 3436 1937 3500 est,
1962 3428 2094 3500 duo:

530 3495 757 3556 detinent
790 3500 960 3570 patria
988 3500 1306 3560 excessisse,
1340 3498 1483 3565 quod
1508 3506 1685 3553 tamen
1714 3498 1801 3552 hic
1836 3495 2093 3551 aﬂirmari

528 3574 758 3627 videtur.

599 3642 715 3709 (I0)
744 3638 1005 3694 Eubulum
1037 3650 1066 3690 a
1104 3636 1269 3709 nullo
1293 3636 1401 3691 alio
1446 3636 1967 3709 interiAthenienses
1992 3637 2091 3691 do-

529 3706 706 3764 ctores
728 3719 1065 3763 numeratum
1101 3706 1330 3777 reperio,
1361 3706 1555 3761 nedum
1587 3708 1726 3761 inter
1754 3706 1938 3762 Basilii
1978 3724 2093 3761 ma-

568 3781 749 3835 istros.

526 3796 1031 3919 gliltrffocrcgorius
1058 3846 1431 3919 Nazianzenus
1458 3861 1487 3901 a
1510 3846 1705 3919 patria,
1741 3860 1845 3901 non
1874 3843 1956 3919 _ab
1983 3844 2097 3912 epi-

527 3916 750 3990 scopatu
801 3916 997 3983 dictus,
1028 3918 1309 3990 ordinatus
1340 3916 1559 3985 quidem
1587 3918 1765 3972 fuerat
1802 3916 2091 3990 episcopus

528 3985 865 4045 Sas'imorum
894 4030 908 4053 ,
938 3990 1031 4043 sed
1062 3989 1216 4041 titulo
1251 3997 1446 4051 tenus;
1489 3990 1657 4058 patris
1689 3998 1867 4041 autem
1905 3987 1991 4058 sui
2016 3985 2095 4037 vi-

526 4062 709 4115 carius
741 4060 1001 4111 dnutaxat
1031 4058 1313 4123 Nazianzi,
1349 4056 1504 4110 venit
1548 4058 1673 4111 inde
1713 4056 2096 4111 Constantino-

528 4131 713 4199 polim,
752 4130 949 4182 labenti
976 4127 1224 4182 Ecclesirc
1251 4126 1645 4199 subventurus;
1687 4128 1772 4199 ubi
1808 4126 1965 4199 fidem
2004 4141 2095 4178 or-

532 4198 821 4255 thodoxam
871 4200 922 4253 in
959 4214 1054 4253 sua
1080 4198 1363 4251 Anastasio
1395 4198 1774 4262 resuscitavit;
1803 4198 2088 4264 episcopa-

528 4271 631 4324 inm
660 4285 787 4323 vero
813 4273 1063 4324 thronum
1080 4285 1183 4323 non
1219 4268 1317 4323 nisi
1347 4267 1532 4337 paucis
1563 4270 1838 4337 mensibus
1867 4266 2086 4319 insedit.

530 4341 712 4409 Neque
736 4355 888 4394 error
925 4350 1031 4393 tam
1080 4339 1261 4410 gravis
1310 4336 1364 4392 in
1410 4336 1791 4410 Amphilochia
1830 4336 2083 4410 egcttsari

529 4404 724 4478 potest,
756 4404 1419 4462 Menworum'auctnritate
1442 4446 1458 4472 ,
1490 4404 1652 4477 quam
1683 4404 2089 4478 aﬁert_Cmi_tbe-

530 4474 694 4534 iusius.
720 4480 977 4546 Quamvis
1010 4494 1070 4531 ea
1104 4479 1187 4531 die
1216 4478 1283 4531 50
1343 4474 1606 4543 Januarii,
1638 4475 1924 4531 duodecim
1950 4474 2086 4546 Cou-

527 4545 986 4619 stantintipolitani
1043 4548 1383 4617 episcopatus
1446 4563 1618 4601 annos
1670 4546 1937 4619 Gregorio
1988 4545 2087 4597 tri-

528 4626 714 4686 tutant,
764 4614 1051 4687 potuerunt
1078 4614 1292 4674 'eoru‘m
1324 4626 1570 4671 auctores
1600 4632 1805 4679 errare,
1847 4614 1937 4667 ditt
1967 4624 2086 4681 post

530 4705 638 4742 rem
672 4701 874 4756 gestam
902 4692 1240 4744 scribentes:
1277 4688 1370 4741 sed
1416 4702 1599 4741 errare
1626 4687 1683 4741 in
1733 4702 1798 4740 eo
1829 4700 1935 4756 non
1990 4698 2087 4752 po-

529 4761 718 4814 tuisset
768 4760 1219 4828 Amphilochius,
1276 4768 1387 4811 tum
1458 4759 1717 4828 temporis
1782 4755 2086 4810 lcouiensis

524 4832 828 4897 episc0pus,
876 4827 964 4897 qui
1002 4844 1137 4896 pene
1171 4844 1353 4883 coram
1386 4827 1561 4897 oculis
1595 4827 1712 4880 suis
1742 4827 1926 4880 omnia
1957 4839 2085 4897 spe-

524 4895 728 4967 etavit,
778 4895 905 4968 qua!
945 4895 1086 4952 circa
1143 4900 1507 4968 episcopatum
1527 4895 2085 4968 Constantinopolita-

525 4986 651 5022 num
679 4966 827 5038 gesta
854 4979 979 5023 sunt
1023 4985 1050 5021 a
1077 4966 1357 5038 gregario.
1390 4967 1575 5037 Itaque
1606 4966 1687 5038 vel
1724 4968 2085 5038 pseudo-Am-

521 5035 825 5107 philochius
852 5055 1034 5094 errare
1064 5035 1267 5092 Menaea
1298 5038 1423 5107 fecit
1448 5079 1463 5099 ,
1490 5035 1539 5091 Si
1573 5037 1721 5103 prius
1757 5035 2037 5107 scripserit
2064 5052 2079 5101 ;

525 5106 606 5163 vel
628 5112 671 5165 si
702 5110 899 5175 serius,
925 5124 1163 5167 errorem
1190 5124 1258 5164 ex
1284 5106 1497 5161 Meuwis
1544 5109 1595 5162 in
1626 5120 1721 5162 sua
1758 5106 1957 5174 scripta
1992 5121 2084 5161 re-

526 5180 660 5234 ltilit.

592 5252 701 5321 (t2)
729 5250 1013 5321 Cathedrre
1035 5249 1341 5318 apostolica:
1371 5246 1717 5321 nomineAbic
1757 5244 2079 5315 intelligitur

521 5318 1130 5389 Constantinopolitana,
1176 5329 1439 5389 quatenus
1490 5319 1547 5373 S.
1590 5318 1833 5389 Andreas
1866 5326 2078 5389 apostof

522 5391 605 5443 lus
651 5388 1001 5459 Byzantinam
1046 5388 1338 5444 Ecclesium
1390 5388 1638 5459 fundasse
1666 5388 1906 5459 creditur
1941 5388 2073 5459 gsed

519 5460 643 5528 quia
670 5457 780 5513 haec
802 5461 1007 5528 opinio,
1033 5461 1208 5528 ignota
1239 5458 1431 5527 priscis
1456 5460 1687 5522 szeculis,
1722 5474 1823 5510 non
1858 5457 1959 5509 nisi
1986 5458 2073 5509 diu

523 5542 642 5598 post
714 5531 988 5583 fundatam
1058 5531 1573 5597 Uoustantinopnhuu
1630 5530 1776 5581 credi
1860 5537 2071 5593 cmptt,

522 5600 1006 5668 pseudo-Durotliei
1053 5603 1437 5652 cuuunenlario
1493 5600 1653 5659 nixa,
1705 5600 1777 5649 uti
1838 5598 2075 5649 ostendit

520 5672 814 5738 Janningus
843 5671 875 5721 4
920 5669 1059 5723 Junii
1093 5670 1119 5740 §
1154 5672 1186 5723 5
1217 5682 1269 5722 ct
1298 5672 1329 5721 ϋ
1361 5670 1426 5722 de
1455 5668 1511 5721 S.
1553 5668 1913 5740 hlctropltane,
1948 5680 2073 5720 ante

520 5755 677 5803 quem
713 5742 888 5794 nullus
939 5738 1191 5808 probatur
1227 5742 1507 5806 episcopus
1558 5738 1795 5807 Byzantii
1857 5740 2068 5801 fuisse;

520 5821 743 5879 apparet
807 5814 921 5865 hinc
987 5828 1089 5863 non
1158 5826 1279 5863 esse
1335 5810 1754 5877 Amphilochia;
1823 5808 2073 5873 idemque

521 5884 711 5947 probat
764 5884 1115 5952 gravissimus
1171 5896 1355 5946 error,
1410 5895 1471 5933 ca
1521 5882 1573 5934 iu
1629 5882 1885 5933 cathedra
1942 5892 2044 5931 con

2196 3286 2681 3365 Stantinopolitanae
2700 3288 2955 3343 Ecclesiae
2979 3303 3162 3343 curam
3182 3301 3239 3345 ut
3262 3286 3531 3347 summum
3552 3294 3769 3349 triennii

2194 3364 2380 3425 gessit.

2264 3424 2375 3497 (1:5)
2408 3421 2630 3497 Melius,
2686 3424 2872 3479 saltem
2925 3429 3221 3497 quoadiad
3280 3431 3582 3497 historiam,
3643 3450 3766 3488 ver-

2192 3492 2879 3567 tit'lirsususubdiaconus,
2934 3492 3075 3561 apud
3119 3496 3481 3567 Rosweydum
3512 3541 3528 3563 ,
3569 3492 3775 3560 "dicens

2192 3565 2334 3689 quod
2391 3563 2677 3628 Julianus,
2739 3567 2806 3619 ad
2869 3565 3032 3620 breve
3106 3563 3363 3638 tempus,
3421 3571 3768 3629 Christianus

2219 3654 2267 3689 ut

2219 3645 2297 3690 utt

2409 3704 2666 3786 i.i_ba_m_us
2694 3744 2722 3786 ,ν
2748 3719 2845 3759 nec
2875 3707 3272 3786 condiscipuius
3303 3747 3319 3772 ,
3355 3724 3453 3763 nec
3495 3712 3767 3786 magister

2193 3774 2507 3847 BaSiliifuit
2528 3776 2756 3847 Athenis
2787 3793 2805 3847 :7
2844 3780 2936 3830 sed
2966 3774 3148 3847 aliqua
3190 3780 3330 3835 inter
3359 3795 3452 3834 eos
3486 3774 3764 3837 Constan-

2198 3846 2419 3911 tiuopoli
2454 3845 2760 3898 intercessit
2788 3845 3150 3905 familiaritas.

2268 3913 2378 3979 (lii)
2431 3912 2487 3965 Si
2519 3914 2691 3965 solum
2746 3915 2992 3980 dixisset,
3045 3938 3063 3970 ι
3114 3934 3217 3975 non
3272 3935 3487 3977 sumere
3520 3919 3706 3975 vinum
3741 3940 3760 3971 ι

2198 3981 2674 4064 tolerabileforet;
2710 3987 2972 4050 potuisset
2998 3990 3143 4045 enim
3182 4006 3323 4064 aqua
3372 3992 3485 4045 sola
3539 4003 3592 4044 et
3625 4008 3764 4061 pane

2196 4064 2359 4133 Vitam
2374 4063 2690 4133 sustentare
2718 4070 2729 4104 :
2755 4066 2938 4133 verum
2966 4072 3085 4113 cum
3136 4063 3290 4133 partis
3309 4077 3479 4133 fusum,
3503 4101 3519 4124 ,
3546 4072 3763 4117 susten-

2198 4130 2390 4177 talioni
2428 4130 2536 4201 ta_m
2587 4130 2957 4201 necessarium
2993 4166 3007 4189 ,
3056 4132 3370 4201 excluserit,
3396 4131 3611 4186 videtur
3653 4149 3748 4201 pro

2196 4206 2431 4266 posutuin
2483 4194 2625 4266 istud
2682 4208 2778 4248 seu
2811 4205 2995 4247 votum
3029 4207 3136 4252 tam
3172 4200 3522 4255 indiscretum
3556 4194 3724 4258 fuisse
3750 4242 3767 4266 ,

2198 4263 2257 4320 ut
2290 4266 2341 4317 in
2371 4263 2627 4318 Basiliam
2652 4268 2848 4317 cadere
2872 4280 2976 4319 non
3001 4268 3255 4333 potuerit.

2265 4335 2374 4405 (l6)
2429 4334 2766 4390 Perabsurde
2823 4336 3115 4405 fingeretur
3165 4338 3252 4393 hic
3308 4336 3583 4403 Basilius,
3642 4354 3766 4395 cum

2193 4404 2421 4477 Athenis
2448 4414 2611 4477 esset,
2633 4405 2875 4477 omnium
2903 4404 3221 4462 Creatorem
3256 4409 3538 4475 ignorasse
3568 4428 3582 4464 :
3610 4411 3768 4477 quip-

2194 4490 2261 4557 pe
2299 4476 2394 4557 qui
2418 4476 2591 4557 prima
2624 4475 2745 4557 ﬁdei
2782 4479 3069 4557 mysteria,
3098 4488 3154 4532 ut
3184 4480 3233 4533 in
3281 4478 3398 4533 Vita
3418 4480 3553 4547 ejus,
3590 4475 3769 4557 capite

2120 4580 2166 4639 υ
2197 4545 2251 4639 1:
2270 4543 3254 4639 divitiae:aitait"?etiam
3280 4561 3334 4604 ει
3358 4565 3395 4632 ,³
3423 4543 3598 4639 mire
3642 4543 3771 4639 1‘3"!-

2195 4615 2353 4689 meiia
2408 4628 2539 4683 puer
2579 4615 3009 4689 didiﬁcerart,‘nec
3062 4634 3300 4689 unquam
3358 4620 3761 4676 immolaverat.

2192 4686 2537 4757 Quapropter
2564 4684 3027 4757 sieCombeﬁsius
3075 4684 3249 4743 locum
3280 4691 3561 4757 explicuit,
3602 4703 3660 4746 ut
3707 4695 3761 4745 in

2190 4756 2430 4822 profanis
2451 4754 2706 4828 scientiis
2734 4756 2868 4808 nihil
2897 4758 3203 4828 invenerit,
3246 4754 3389 4828 quod
3421 4764 3486 4813 ad
3520 4764 3613 4815 Dei
3643 4763 3760 4816 cul-

2191 4834 2299 4905 ium
2332 4826 2673 4905 perduceret,
2706 4827 2959 4895 quamvis
3004 4826 3319 4885 Creatorem
3369 4834 3613 4885 omnimn
3661 4848 3768 4887 non

2189 4904 2372 4963 ignara
2385 4904 2486 4963 ret.

2258 4966 2368 5035 (17)
2400 4962 2525 5035 Ursi
2583 4965 2954 5035 interpretatio
2996 4968 3178 5031 habet,
3213 4988 3231 5021 ι
3274 4979 3332 5026 ut
3388 4982 3589 5025 nostrze
3632 4972 3765 5026 reli-

2188 5034 2362 5103 gionis
2391 5034 3102 5113 Scripturam'percurreret
3139 5057 3153 5093 :
3190 5060 3208 5092 ι
3244 5044 3335 5097 sed
3366 5045 3431 5095 ad
3469 5042 3571 5095 hoc
3617 5058 3754 5113 opus

2188 5121 2292 5178 non
2323 5115 2446 5178 erat
2487 5116 2543 5157 ut
2578 5106 2753 5178 abiret
2798 5108 2850 5160 in
2882 5108 3202 5177 Egyptum,
3234 5128 3351 5165 eam
3406 5106 3674 5178 petiturus
3725 5131 3756 5168 a

2185 5172 2486 5245 Porphyrio
2528 5172 3254 5241 arcltitnandrita,"necdum
3309 5172 3526 5234 aliunde
3582 5196 3756 5239 noto:

2186 5260 2310 5323 nam
2349 5247 2492 5323 illam
2520 5247 2747 5323 Athenis
2776 5248 2880 5323 _sibi
2911 5263 3229 5323 comparare
3253 5262 3486 5322 poterat,
3512 5268 3759 5323 quocum

2188 5315 2350 5390 impio
2381 5314 2597 5390 Juliano
2653 5317 2718 5368 ad
2774 5314 3227 5390 legendos'libros
3253 5314 3447 5377 'sacros
3478 5314 3756 5390 acceSsit;

2186 5389 2277 5439 sed
2305 5398 2441 5463 etes
2484 5389 2644 5463 domo
2670 5397 2892 5463 paierna
2921 5388 3121 5463 habere
3147 5392 3483 5460 Scriptor-am
3515 5388 3759 5463 poterat,

2184 5474 2248 5509 ea
2289 5458 2431 5510 enim
2462 5459 2709 5510 utebatur
2742 5460 3019 5518 Emntelia,
3064 5463 3128 5513 ad
3156 5458 3528 5523 instruendam
3568 5458 3765 5521 Macri-

2184 5528 2493 5599 ﬂtliiliilijllll
2534 5544 2707 5590 suum,
2742 5540 2875 5582 tcSte
2907 5528 3151 5599 Nyssetlo
3189 5534 3238 5583 in
3287 5531 3432 5585 Vita.

2254 5596 2362 5672 (l8)
2391 5596 2794 5666 Peregrinatuin
2832 5614 2889 5652 se
2916 5596 3035 5672 esse
3066 5603 3116 5653 in
3158 5602 3446 5672 {Egyptutn
3478 5614 3530 5656 et
3565 5605 3759 5659 Hiero-

2186 5670 2468 5744 solymam,
2502 5678 2731 5744 testatur
2761 5672 2871 5735 inse
2922 5669 3151 5725 BaStlius
3180 5669 3360 5741 cpii'J
3395 5694 3408 5727 :
3440 5677 3533 5728 sed
3568 5693 3753 5744 postea

2184 5739 2411 5813 rediisse
2444 5738 2911 5813 ipsumhAthcuas,
2967 5756 3191 5808 rvpi-rei.
3217 5738 3516 5800 manifeste
3543 5738 3758 5813 falsum,

2183 5810 2545 5861 consideranti
2590 5805 2760 5861 Vitam
2786 5824 2953 5879 supra
2979 5805 3183 5867 natatu.
