4046 6446
685 376 1043 434 EXCERPTA
1092 377 1179 432 EX
1223 378 1424 433 ACTIS
1464 380 1524 433 S.
1554 379 1798 435 BASILII
1838 379 2595 437 BOLLANDlANlS.—\'|TA
2633 382 3073 439 APOCRYPHA.

3283 400 3491 441 εοιονιι

256 517 510 557 verantes
536 499 675 571 (l9),
705 512 894 553 mutuo
933 500 1306 557 conferebant.
1341 496 1696 567 interrogavit
1719 503 1824 556 ita-
1854 504 1900 562 Α
1931 501 2173 557 bonitate
2201 538 2217 557 .
2274 500 2343 557 iis
2390 505 2482 572 qui
2528 511 2792 558 venerunt
2838 504 2981 561 circa
3041 503 3232 557 horam
3269 502 3494 557 undeci-

254 611 360 662 que
396 594 633 647 Eubulus
669 589 925 643 Basilium
955 610 968 647 :
998 611 1017 643 ι
1049 592 1177 657 Qum
1204 599 1288 643 est
1313 591 1552 646 deﬁnitio
1590 592 1826 659 philoso-

252 690 391 757 phia:
412 685 545 755 (20),
571 683 771 739 Basili?
809 703 828 736 ι
864 686 965 754 Qui
994 687 1098 739 ait:
1135 700 1155 733 ι
1189 683 1365 739 l’rima
1395 684 1636 739 deﬁnitio
1663 689 1827 754 philo-

250 779 499 847 sophiae,
554 776 835 833 meditatio
893 776 1103 833 mortis.
1160 794 1179 829 ι
1234 777 1325 831 Ille
1370 791 1496 831 vero
1552 776 1827 835 admirans

251 875 330 927 ait
356 890 369 925 :
394 889 413 922 c
446 870 580 937 Quis
613 879 699 928 est
734 869 1005 926 mundus?
1029 888 1046 919 ι
1069 867 1398 939 Respondit:
1438 886 1457 918 ‹
1496 867 1588 922 llle
1614 870 1703 939 qui
1746 882 1829 927 est

252 979 418 1031 supra
458 966 741 1020 mundum.
778 963 847 1016 Et
876 960 1095 1031 quidem
1129 964 1313 1017 dulces
1347 971 1471 1015 sunt
1501 964 1684 1017 mundi
1711 980 1827 1020 scr-

254 1070 447 1113 mones
477 1095 496 1125 ,
560 1058 677 1125 ipse
728 1067 858 1109 vero
900 1058 1133 1110 mundus
1174 1056 1524 1111 vehementer
1569 1071 1823 1119 amarus,

251 1152 471 1219 quando
493 1150 614 1220 quis
638 1146 813 1201 eidem
835 1150 1001 1202 animi
1037 1146 1230 1200 vitiosa
1299 1146 1581 1204 atl‘ectione
1644 1148 1826 1201 adlue-

253 1242 390 1297 serit
423 1261 436 1296 :
470 1249 525 1293 et
568 1238 671 1293 alia
704 1248 788 1294 est
838 1238 1089 1305 voluptas
1136 1240 1381 1308 corporis
1404 1278 1420 1303 ,
1478 1239 1581 1292 alia
1617 1246 1828 1293 natura;

255 1331 591 1399 incorporea:
620 1343 753 1383 :nec
769 1328 881 1385 lleri
905 1336 1104 1395 potest,
1133 1338 1193 1383 ut
1213 1329 1374 1382 simul
1404 1328 1599 1396 aliquis
1618 1338 1827 1382 utram-

253 1438 362 1493 que
389 1422 626 1478 habeat:
661 1437 784 1476 nam
812 1436 969 1478 nemo
997 1430 1175 1492 potest
1198 1421 1410 1474 duobus
1458 1419 1691 1474 dominis
1718 1435 1830 1475 ser-

257 1518 398 1573 vire.
456 1516 725 1573 Ceterum
756 1558 771 1583 ,
808 1528 1070 1587 quantum
1126 1527 1451 1583 possumus,
1519 1511 1832 1581 frangamus

255 1607 633 1665 esurientibus
679 1609 919 1665 scientia:
947 1619 1174 1675 panem;
1207 1612 1261 1661 et
1289 1619 1417 1670 eos,
1445 1603 1537 1674 qui
1571 1604 1705 1657 citra
1746 1602 1832 1655 vi-

259 1703 393 1758 tium
420 1712 477 1758 et
508 1701 720 1771 culpam
762 1708 891 1752 sunt
917 1698 1036 1751 sine
1065 1705 1204 1752 lecto
1227 1738 1243 1763 ,
1279 1712 1377 1767 per
1429 1696 1682 1749 virtutem
1732 1694 1832 1748 sub

255 1805 463 1853 tectum
492 1795 770 1849 ducamus.
796 1790 949 1858 Quod
980 1790 1024 1845 si
1063 1790 1227 1847 etiam
1252 1788 1546 1842 viderimus
1578 1788 1777 1842 nudum
1804 1825 1822 1851 ,

1932 607 2073 647 mam
2109 633 2125 658 ,
2179 590 2437 661 aequalem
2511 594 2813 650 mercedem
2882 594 3088 648 tribuit.
3154 594 3387 650 Donabit
3443 605 3501 650 et

1931 684 2044 753 ipse
2086 685 2473 756 pmnitentibus
2526 688 2680 742 nobis
2709 727 2725 751 ,
2774 696 2824 741 et
2878 701 2946 741 ex
3006 700 3144 756 aqua
3198 696 3254 743 et
3302 687 3497 757 spiritu

1932 782 2391 847 regenerationem
2447 780 2914 852 suscipientibus,
2972 796 3092 851 qua:
3144 795 3243 835 nec
3308 780 3500 836 oculus

1929 871 2081 935 vidit,
2125 888 2225 928 nec
2264 871 2412 926 auris
2464 872 2707 938 audivit,
2753 885 2853 927 nec
2887 871 2941 925 in
2976 886 3070 926 cor
3117 870 3352 925 hominis
3403 886 3497 926 as-

1928 965 2246 1031 cenderunt,
2282 978 2405 1036 qua:
2464 968 2788 1034 preparavit
2819 965 2960 1021 Deus
3016 964 3083 1019 iis
3129 963 3221 1035 qui
3270 963 3500 1033 diligunt

1930 1055 2103 1125 ipsum
2132 1059 2232 1129 (a).
2264 1079 2283 1113 ι

2000 1146 2237 1203 Eubulus
2278 1165 2432 1220 ergo,
2477 1162 2601 1204 cum
2648 1148 2701 1202 in
2732 1148 2971 1203 animum
3023 1148 3142 1203 hate
3174 1148 3499 1212 induxisset,

1931 1238 2005 1292 ait
2043 1238 2158 1309 (2t)
2196 1257 2207 1292 :
2249 1260 2266 1291 ι
2304 1242 2578 1297 Conemur
2622 1239 2808 1308 igitur,
2843 1239 3028 1307 Basili,
3056 1240 3200 1311 quod
3233 1248 3289 1294 tu
3318 1240 3496 1310 iubes.

1936 1328 2130 1385 Verum
2162 1331 2275 1385 haec
2298 1334 2515 1401 quidem
2540 1331 2606 1386 ad
2630 1331 2894 1387 rationein
2927 1333 3256 1401 pmnitentite
3286 1342 3500 1404 specta-

1930 1422 2147 1487 verint,
2176 1423 2334 1476 modo
2384 1434 2564 1478 autem
2616 1422 2748 1478 mihi
2794 1422 3049 1492 eloquere
3079 1463 3095 1487 ,
3154 1426 3300 1492 quod
3330 1436 3501 1494 nuper

1930 1515 2326 1583 percunctabar
2368 1514 2605 1567 divinum
2640 1522 3039 1571 sacramentum
3072 1513 3210 1587 (ἥ),
3242 1516 3385 1585 quod
3414 1514 3499 1569 ni-

1934 1606 2127 1659 mirum
2159 1605 2226 1659 ad
2254 1606 2441 1661 urbem
2476 1605 2995 1678 Hierosolymorum,
3042 1607 3261 1677 quidam
3318 1606 3503 1662 illuce-

1932 1711 2085 1755 scere
2105 1698 2287 1765 aiunt;
2306 1698 2444 1755 forte
2460 1713 2591 1755 vero
2606 1714 2814 1755 mecum
2838 1700 3100 1766 lustrans,
3120 1698 3346 1771 alicujus
3370 1714 3503 1756 san-

1935 1789 2007 1843 cti
2045 1790 2492 1846 consuetudinem
2523 1791 2845 1847 obtinueris.
2875 1791 3148 1849 Caeterum
3189 1806 3276 1859 ne,
3311 1790 3502 1855 Basili,

255 1888 567 1959 operiamus
592 1926 609 1952 ,
670 1899 771 1941 nec
845 1883 1172 1940 domesticos
1236 1879 1463 1936 seminis
1522 1879 1833 1951 despexeri-
1864 1859 1910 1919 Β
1938 1878 2121 1935 divina
2177 1882 2428 1953 dogmata
2484 1880 2696 1937 discere
2723 1882 2988 1954 cupienti,
3018 1897 3246 1940 narrare
3276 1880 3501 1940 distule-

326 2068 465 2125 Cum
492 2067 609 2125 haec
641 2068 891 2133 dixisset,
922 2065 1081 2135 eique
1114 2062 1419 2117 Satvatoris
1447 2061 1500 2115 in
1530 2076 1631 2117 nos
1655 2061 1832 2115 media

254 2164 575 2234 prenitentia
602 2160 1012 2233 benignitatem,
1040 2172 1131 2213 seu
1166 2156 1219 2210 in
1248 2154 1501 2223 imagine,
1521 2152 1834 2224 parabolice

255 2255 635 2326 expressisset,
670 2261 779 2308 tres
806 2250 1027 2307 tabellas
1078 2262 1176 2317 pro
1222 2246 1431 2302 foribus
1466 2245 1634 2300 animi
1667 2242 1832 2298 menti

256 2345 510 2413 proponit
542 2361 556 2396 :
586 2358 748 2396 unam
796 2340 1013 2409 quidem
1050 2353 1216 2407 supra
1266 2336 1432 2399 fores,
1466 2350 1585 2405 quae
1611 2334 1827 2389 exhibe-

255 2444 338 2489 ret
370 2436 648 2497 virtutem,
678 2444 869 2498 nempe
900 2428 1239 2499 prudeutiam
1263 2465 1278 2491 ,
1314 2426 1714 2488 fortitudinem,
1746 2424 1833 2493 ju-

254 2526 486 2589 stitiam,
518 2523 962 2595 temperantiam;
1005 2521 1061 2576 in
1091 2521 1314 2575 sinistra
1345 2533 1474 2575 vero
1498 2529 1650 2590 parte
1677 2520 1834 2573 dece-

259 2618 539 2687 ptionetn;
570 2618 778 2671 circum
805 2616 977 2686 ipsam
1018 2622 1199 2668 autem
1229 2611 1721 2682 intemperantiam,
1750 2611 1833 2665 lu-

260 2710 473 2766 xuriam
505 2752 520 2777 ,
578 2709 921 2773 ebrietatem,
954 2705 1362 2777 impudentiam,
1392 2703 1688 2775 pigritiam,
1743 2718 1836 2759 ca-

256 2803 539 2865 lumniam,
579 2799 998 2872 linguositatem,
1020 2797 1407 2862 adulationem,
1447 2806 1503 2851 et
1526 2796 1633 2852 tale
1658 2795 1827 2868 quod-

256 2902 381 2950 dam
411 2895 667 2950 vitiorum
699 2908 925 2949 examen
952 2910 966 2947 :
999 2891 1376 2963 pmnitentiam
1403 2900 1585 2965 autem
1623 2889 1832 2945 decenti

259 2988 467 3051 habitu,
501 2987 624 3041 lene
659 2986 947 3050 ridentem,
981 2984 1230 3038 blandam
1251 2992 1306 3037 et
1332 2992 1703 3046 mansuetam;
1735 2981 1833 3035 ad-

259 3078 531 3132 versarios
564 3077 781 3147 quidem
824 3075 908 3130 sui
943 3074 1122 3145 populi
1172 3075 1557 3145 reprimentem
1579 3112 1595 3137 ,
1619 3072 1711 3129 sed
1742 3072 1833 3141 qui

258 3170 554 3227 necessarii
604 3177 809 3226 essent.
852 3167 1011 3223 Juxta
1059 3168 1200 3223 hanc
1252 3180 1380 3222 vero
1423 3165 1833 3230 abstinentiam,

258 3264 654 3335 sagacitatem,
691 3259 1011 3316 modestiam
1038 3298 1056 3326 ,
1107 3259 1473 3326 honestatem,
1529 3258 1790 3327 pudorem
1818 3296 1834 3322 ,

260 3358 758 3419 Immanitatem,ac
789 3354 1081 3408 multorum
1113 3352 1372 3408 bonorum
1404 3350 1640 3419 plebem.
1672 3349 1839 3406 Porro

257 3464 455 3505 Sensus
481 3448 642 3519 hujus
668 3446 910 3502 historia:
942 3443 1255 3500 videntibus
1278 3443 1494 3513 quidem
1531 3444 1710 3498 cautio
1734 3452 1834 3511 est,

255 3539 603 3596 audientibus
625 3552 756 3591 vero
788 3536 1009 3591 meliora
1044 3534 1329 3590 aemulandi
1354 3533 1589 3590 occasio.

332 3652 354 3685 ι
385 3633 511 3687 litec
536 3645 666 3687 sane
682 3638 738 3685 et
765 3642 869 3697 ego
887 3628 1078 3683 videns
1102 3627 1401 3681 admiratus
1421 3640 1560 3689 sum,
1588 3633 1643 3680 et
1668 3625 1720 3679 in
1738 3627 1841 3680 hoc

256 3726 457 3779 ductus
484 3739 603 3778 sum
628 3762 645 3786 ,
679 3721 909 3775 Eubule.
966 3719 1103 3776 Sunt
1144 3719 1343 3789 quippe
1386 3719 1439 3773 in
1490 3719 1686 3786 nobis,
1734 3733 1839 3774 non

258 3815 525 3885 imagines
552 3826 729 3883 neque
754 3810 1043 3880 aenigmata
1071 3848 1088 3875 ,
1132 3810 1225 3865 sed
1257 3809 1371 3880 ipsa
1407 3808 1612 3880 liquida
1641 3811 1841 3867 veritas

256 3907 325 3959 ad
364 3906 594 3960 salutem
621 3905 917 3960 adducens.
945 3900 1311 3971 Resurgemus
1354 3902 1498 3957 enim
1526 3917 1741 3969 omnes,
1779 3903 1833 3960 hi

258 4001 311 4052 in
340 3998 504 4051 vitam
529 4006 825 4063 aeternam,
856 4003 911 4051 et
936 3995 991 4051 hi
1018 3994 1071 4049 in
1103 3995 1454 4065 opprobrium
1481 4003 1535 4049 et
1558 3994 1834 4051 conlusio—

260 4104 386 4143 nem
459 4087 903 4155 sempiternam;
966 4094 1022 4142 et
1085 4085 1386 4142 astabimus
1432 4094 1559 4141 ante
1604 4084 1839 4140 tribunal

255 4179 485 4246 Christi,
512 4179 970 4247 quemadmodum
996 4179 1195 4235 docent
1221 4193 1318 4234 nos
1346 4176 1675 4248 magniloqui
1706 4191 1836 4244 pro-

256 4270 438 4338 pheta:
464 4309 479 4332 ,
502 4268 667 4323 Isaias
691 4308 707 4333 ,
743 4266 1007 4324 Jeremias
1034 4310 1050 4335 ,
1097 4269 1349 4325 Ezechiel
1375 4308 1392 4335 ,
1422 4282 1583 4339 atque
1615 4267 1835 4331 Daniel;

260 4360 433 4416 David
464 4360 591 4415 item
618 4376 735 4425 rex,
767 4359 1092 4430 divisusque
1142 4360 1371 4429 Paulus;
1406 4370 1530 4432 post
1557 4360 1657 4416 hos
1686 4360 1839 4415 deni-

257 4468 366 4520 que
391 4455 507 4523 ipse
540 4453 798 4507 Dominus
826 4452 982 4509 dator
1010 4453 1349 4522 poenitentia:
1377 4463 1432 4508 et
1458 4464 1837 4508 remunerator

1934 1974 2035 2030 ris.
2068 1993 2087 2024 ι
2109 1975 2176 2028 At
2202 1977 2293 2031 ille
2317 1978 2394 2030 ait
2422 1993 2438 2029 :
2469 1993 2488 2027 ς
2523 1975 2716 2033 Audivi
2748 1977 2812 2031 de
2838 1974 3134 2032 Jerusalem
3170 1995 3184 2033 :
3215 1976 3351 2034 nihil
3372 1992 3506 2032 vero

1940 2068 2120 2121 minus
2145 2069 2406 2124 :estimavi
2432 2084 2592 2139 quam
2622 2068 2819 2125 calum
2848 2083 2862 2119 :
2897 2078 2956 2123 ut
2980 2083 3153 2139 neque
3182 2069 3364 2123 villam
3403 2070 3504 2142 ipsi

1937 2160 2174 2214 vicinam
2200 2161 2417 2214 nomine
2440 2161 2777 2228 Bethlehem,
2809 2176 2930 2233 qua:
2962 2159 3359 2217 caecutientium
3383 2175 3508 2217 ocuo

1934 2252 2107 2308 lorum
2132 2251 2359 2307 decussa
2384 2251 2618 2321 caligine
2650 2253 2950 2323 iisdemque
2980 2252 3272 2320 mundatis,
3304 2250 3372 2307 ad
3394 2265 3511 2305 mc-

1935 2347 2121 2402 liorem
2160 2345 2285 2401 vitae
2330 2345 2591 2400 rationem
2622 2344 2899 2415 vitamque
2926 2346 3288 2410 verissimam,
3332 2354 3513 2400 trans-

1936 2446 2141 2492 mutata
2184 2448 2287 2493 est.
2343 2437 2497 2507 Quod
2524 2450 2690 2507 porro
2720 2437 2881 2490 unius
2917 2435 3009 2491 Dei
3045 2434 3283 2491 cultores
3312 2474 3329 2501 ,
3364 2434 3509 2489 anti-

1935 2529 2155 2599 quiores
2186 2530 2296 2585 sint
2327 2530 2532 2586 Graecis
2560 2541 2612 2586 et
2655 2528 2926 2584 universis
2979 2526 3312 2595 nationibus,
3346 2527 3511 2583 doce-

1936 2634 2056 2675 mus
2085 2634 2212 2674 vere
2241 2634 2307 2674 ex
2339 2621 2538 2675 divinis
2570 2620 2823 2688 eloquiis.
2871 2620 3006 2675 Nam
3042 2634 3071 2675 a
3100 2620 3335 2690 primum
3389 2617 3511 2690 pla-

1935 2721 2109 2769 smato
2126 2712 2344 2769 homine
2368 2712 2587 2768 nomine
2605 2715 2801 2777 Adam,
2824 2714 2889 2767 ad
2906 2729 3075 2783 usque
3098 2713 3209 2767 Noe
3240 2722 3506 2782 tempora,

1935 2808 2035 2862 sub
2073 2820 2182 2876 quo
2235 2806 2538 2871 diluvium,
2576 2805 2795 2861 fuerunt
2831 2807 3015 2861 decem
3076 2802 3457 2875 generationes
3485 2843 3504 2869 ,

1936 2898 2062 2953 anni
2098 2914 2377 2953 auccxut.
2409 2897 2622 2952 Pariter
2653 2912 2869 2968 quoque
2920 2911 2949 2949 a
2997 2895 3198 2951 diluvio
3229 2910 3398 2966 usque
3442 2895 3511 2950 ad

1936 2988 2229 3052 Abraham,
2255 2987 2640 3056 generationes
2662 2988 2873 3051 decem,
2900 2986 3026 3040 anni
3052 2999 3185 3041 uvm
3207 3004 3221 3048 ;
3240 2984 3506 3040 Abrahan'

1936 3086 2116 3131 autem
2172 3087 2293 3132 erat
2347 3093 2615 3131 annorum
2648 3092 2809 3142 Lxxv,
2842 3092 2964 3132 cum
3015 3094 3082 3133 ex
3128 3074 3511 3147 Mesopotamia

1945 3170 2351 3241 transmigravit
2404 3171 2459 3226 in
2512 3179 2713 3227 terram
2748 3170 3007 3228 Chanaan
3032 3213 3048 3238 ,
3085 3172 3171 3226 ubi
3207 3171 3367 3225 ausis
3404 3184 3511 3223 xxv

1943 3264 2278 3333 demoratus,
2313 3265 2498 3337 genuit
2520 3266 2707 3332 Isaac;
2746 3264 2897 3319 lsaac
2926 3274 3104 3320 autem
3146 3278 3265 3319 cum
3290 3263 3515 3318 vixisset

1940 3370 2115 3413 annos
2139 3359 2443 3427 sexaginta,
2477 3359 2612 3413 duos
2639 3355 2915 3428 progignit
2943 3357 3103 3411 lilios.
3148 3356 3219 3409 Ex
3266 3355 3332 3410 iis
3382 3368 3513 3408 vero

1940 3447 2126 3513 Jacob,
2164 3463 2427 3503 annorum
2489 3450 2664 3503 factus
2738 3464 2902 3514 cxxx,
2958 3446 3233 3501 descendit
3260 3445 3313 3497 in
3338 3442 3509 3513 Egy-

1942 3550 2089 3611 ptum
2161 3556 2282 3597 cum
2344 3540 2625 3596 duodecim
2703 3540 2831 3594 ﬁliis
2885 3548 2940 3593 et
2993 3537 3279 3597 nepotibus
3352 3534 3468 3589 suis

1942 3649 2173 3688 numero
2202 3648 2360 3688 LXXV.

2019 3743 2038 3776 ι
2058 3724 2190 3777 Cum
2212 3733 2387 3780 autem
2411 3723 2681 3780 Abraham
2701 3734 2753 3779 et
2773 3722 2887 3792 ejus
2912 3738 3094 3779 semen
3124 3722 3317 3778 fuisset
3332 3720 3512 3775 accola

1943 3814 1996 3869 in
2026 3826 2171 3870 terra
2204 3814 2422 3887 [Egypti
2454 3814 2610 3871 annis
2657 3830 2812 3881 ccxv,
2843 3815 3146 3883 fuissetque
3182 3810 3511 3880 multiplica-

1944 3917 2077 3974 tum,
2115 3907 2167 3961 in
2200 3908 2373 3963 tribus
2408 3906 2691 3962 duodecim
2722 3906 2989 3961 censitum
3040 3914 3144 3969 est,
3179 3902 3321 3957 etin
3354 3917 3515 3957 sexa-

1941 3999 2093 4070 ginta
2128 4002 2364 4054 virorum
2400 3999 2566 4053 millia
2603 4006 2991 4067 computatum.
3018 3996 3084 4053 Et
3113 3996 3325 4067 quidem
3379 3995 3510 4051 Levi

1940 4093 2233 4160 abnepotes
2261 4091 2478 4145 fuerunt
2528 4088 2744 4160 Moyses
2778 4098 2834 4144 et
2860 4088 3075 4154 Aaron,
3134 4103 3365 4159 quorum
3422 4088 3514 4143 hic

1941 4182 2158 4253 quidem
2202 4180 2507 4236 sacerdotio
2564 4180 2824 4250 praelatus
2849 4189 2966 4247 est;
3001 4179 3212 4252 Moyses
3240 4188 3421 4233 autem
3446 4178 3515 4231 ad

1941 4274 2298 4343 principatum
2359 4280 2666 4342 provectus.
2705 4271 2755 4327 ls
2807 4286 2949 4325 anno
3002 4272 3124 4325 vitm
3170 4284 3311 4323 Lxxx
3364 4284 3513 4323 mare

1946 4366 2187 4421 Rubrum
2219 4365 2414 4432 calcat,
2438 4373 2493 4419 et
2515 4364 2696 4420 educit
2726 4362 2981 4435 populum
3009 4364 3075 4417 de
3104 4360 3360 4434 Egypto.
3391 4361 3515 4416 Flo-

1944 4459 2054 4512 ruit
2089 4456 2176 4511 hic
2205 4455 2418 4527 Moyses
2448 4456 2786 4527 temporibus
2823 4452 3029 4519 lnachi,
3077 4454 3167 4522 qui
3217 4453 3423 4523 primus
3459 4454 3512 4505 in

256 4546 501 4614 ejusdem
527 4584 541 4609 ,
571 4544 893 4613 perquisivit
914 4559 1069 4599 ovem
1101 4544 1400 4615 perditam;
1434 4545 1524 4613 qui
1559 4560 1678 4599 cum
1704 4544 1835 4598 mul-
1868 4562 1912 4618 ι)
1940 4550 2146 4605 Grmcia
2177 4550 2437 4614 regnavit.
2462 4548 2555 4603 Sic
2576 4555 2698 4601 sunt
2726 4543 2894 4599 Judmi
2922 4544 3257 4613 antiquiores
3283 4543 3512 4599 Grtncis.

259 4641 332 4692 tis
365 4638 570 4693 divitiis
615 4637 736 4692 sinu
790 4646 1017 4706 paterno
1066 4639 1396 4692 abstractum
1434 4637 1623 4701 lilium,
1661 4638 1836 4706 iisque

260 4732 540 4785 luxuriose
566 4728 866 4797 absumptis
915 4738 1099 4799 postea
1131 4730 1445 4785 redeuntem
1483 4739 1537 4782 et
1571 4728 1713 4784 fame
1750 4740 1834 4783 ta-

261 4824 571 4876 bescentem
604 4861 619 4886 ,
655 4820 867 4875 sincere
907 4820 1281 4889 amplexatur;
1319 4822 1616 4876 lioncstans
1658 4820 1835 4890 splen-

262 4916 389 4969 dida
418 4924 571 4970 veste
596 4955 610 4975 .
638 4923 695 4970 et
723 4913 924 4969 annulo
957 4913 1224 4984 epuloque
1248 4916 1468 4985 Opiparo
1495 4929 1510 4967 :
1545 4914 1653 4968 lilio
1686 4916 1833 4979 item,

259 5007 354 5076 qui
382 5006 513 5061 nihil
540 5015 1095 5075 peccaverat,auctor
1116 5015 1219 5071 est,
1246 5018 1303 5060 ut
1329 5022 1393 5061 ne
1425 5008 1562 5061 terat
1597 5006 1837 5076 indigne,

257 5102 360 5158 cc'l
394 5100 669 5169 indulgeat
708 5110 767 5155 ut
806 5100 982 5155 fratri.
1031 5099 1122 5155 Sic
1157 5100 1322 5155 nimia
1353 5101 1608 5157 Dominus
1632 5100 1833 5155 cll'usus

334 5238 445 5308 (l9)
481 5236 821 5308 Fuisscthmc
848 5254 952 5291 non
983 5252 1143 5307 parva
1164 5237 1459 5307 philosophi
1506 5237 1839 5291 inurbanitas

264 5311 309 5362 si
364 5310 632 5375 hospitem
680 5307 746 5359 ad
775 5375 783 5377 Α
808 5320 867 5359 se
905 5322 1126 5377 peregre
1169 5308 1567 5368 advenientem,
1599 5309 1835 5359 triduum

258 5381 509 5446 jo-juuare
563 5375 920 5449 permisisset.
967 5375 1045 5431 Et
1084 5378 1206 5446 quis
1252 5380 1438 5431 credat
1465 5418 1478 5439 ,
1520 5379 1585 5449 al)
1616 5380 1833 5449 ethnico

265 5446 639 5531 philosopho,”
664 5455 872 5500 tantum
926 5461 1147 5517 repente
1189 5459 1509 5519 conceptum
1557 5446 1831 5517 jejunandi

262 5518 591 5573 desiderium
615 5518 639 5570 ?

341 5590 451 5659 (20)
511 5587 737 5644 Erudite
773 5589 1008 5644 ostendit
1054 5588 1407 5643 Combelisius
1438 5629 1452 5651 ,
1488 5596 1656 5641 totum
1694 5588 1835 5641 hunc

266 5660 452 5715 Basilii
495 5673 616 5712 cum
653 5659 860 5714 Eubulo
891 5674 1193 5713 sermonem
1220 5699 1235 5718 ,
1284 5661 1559 5712 inndatum
1608 5673 1728 5711 esse
1781 5659 1830 5711 in

269 5727 614 5800 philosophia
646 5728 923 5788 Platonica
955 5740 1008 5786 et
1035 5745 1187 5784 sacra
1224 5728 1520 5796 Scriptura.
1557 5731 1626 5784 At
1654 5744 1719 5783 ne
1753 5729 1832 5783 vel

329 5847 407 5921 (α)
436 5848 457 5906 l
482 5848 605 5906 Cor.
628 5862 687 5910 it.
716 5847 772 5903 9.

1946 4656 2043 4695 nec
2074 4641 2218 4710 leges
2243 4640 2443 4693 habent
2478 4637 2658 4691 minus
2696 4644 2928 4689 veteres.
2960 4635 3115 4701 Quod
3158 4634 3301 4687 enim
3344 4634 3513 4689 Deum

1943 4747 2104 4786 unum
2136 4732 2378 4785 colerent
2406 4736 2864 4797 etcognoscerent
2887 4765 2904 4789 ,
2936 4735 3163 4795 paterna
3188 4735 3517 4794 acceperunt

1946 4824 2231 4878 traditione
2265 4840 2279 4876 ε
2315 4820 2583 4891 legislatio
2613 4826 2793 4874 autem
2816 4858 2830 4884 ,
2864 4826 2983 4888 post
3020 4824 3131 4871 tres
3181 4816 3297 4873 dies
3334 4814 3514 4886 prole-

1942 4916 2141 4971 ctionis
2182 4930 2247 4968 ex
2282 4913 2514 4984 [Egypto
2536 4910 2716 4967 divina
2742 4924 2874 4967 voce
2904 4911 3079 4965 datur.
3112 4908 3303 4965 Morati
3333 4920 3512 4964 autem

1940 5016 2069 5064 sunt
2101 5008 2154 5061 in
2188 5008 2406 5061 deserto
2459 5004 2619 5059 annis
2647 5004 3022 5075 quadraginta.
3069 5004 3181 5059 Sub
3208 5003 3335 5059 Jesu
3364 5002 3515 5072 prino

1942 5101 2061 5168 cipe
2100 5098 2317 5153 luerunt
2368 5096 2526 5151 annis
2561 5111 2701 5162 xxv;
2750 5096 2850 5152 sub
2876 5094 3150 5166 iudicibus
3191 5110 3324 5149 vero
3356 5093 3517 5148 annis

1942 5233 2022 5288 sic
2054 5234 2184 5288 mihi
2221 5231 2566 5299 persuadebit
2589 5275 2602 5296 .
2640 5248 2761 5288 eum
2792 5247 3029 5303 unquam
3056 5247 3085 5286 a
3118 5232 3334 5303 Basilio
3381 5247 3506 5301 pro-

1942 5302 2130 5366 latum,
2150 5314 2241 5358 aut
2256 5304 2387 5358 satis
2403 5313 2524 5370 apte
2541 5306 2609 5359 ad
2624 5314 2858 5358 mentem
2877 5300 3047 5359 sancti
3066 5318 3185 5357 esse
3201 5300 3505 5358 conllctum.

2012 5377 2123 5447 (2|)
2185 5375 2454 5427 Lacunam
2525 5374 2613 5447 hic
2682 5390 2929 5447 magnam
2966 5373 3227 5447 implevit
3288 5373 3509 5447 Combe-

1938 5443 2129 5507 ﬁsius',
2186 5459 2247 5497 ex
2314 5459 2418 5497 uno
2484 5446 2780 5513 antiquiori
2844 5444 3013 5513 Regio
3083 5444 3268 5499 codice
3308 5483 3323 5507 ,
3386 5443 3506 5499 reli-

1944 5517 2065 5637 qttils
2098 5514 2535 5570 desiderantibus
2566 5516 2881 5570 describens
2923 5515 3154 5570 alteram
3191 5524 3399 5583 partem
3424 5528 3507 5566 ca-

1949 5597 2031 5637 lCC
2054 5600 2239 5637 lCSCOS.

1949 5597 2239 5639 iCCllCSCOS.

2020 5656 2132 5726 (εἳ)
2187 5654 2519 5726 Bapti_smum
2551 5654 2824 5725 intelligit,
2859 5668 3018 5724 quem
3049 5654 3263 5721 quidem
3294 5650 3514 5722 Jeroso-

1942 5724 2205 5801 lymis'wl
2244 5726 2294 5780 in
2326 5724 2561 5783 Jordanc
2588 5726 2898 5785 devotionis
2926 5740 3087 5782 causa
3123 5725 3511 5795 suscipiebant.
