4046 6458
532 405 759 446 CCXCVII!

1894 385 2416 445 PliOLEGOMENA.

537 525 756 566 ccccuv
787 510 850 563 ad
901 526 1070 578 usque
1119 526 1337 582 regnum
1389 512 1565 567 Saulis
1595 552 1608 573 ,
1643 531 1732 582 qm
1781 517 1982 584 primus
2024 514 2096 566 illi
2129 517 2174 571 Α
2201 511 2292 578 qui
2324 520 2427 562 est.
2461 506 2595 573 Quid
2645 507 2802 575 igitur
2833 497 3206 568 evangelista?
3241 498 3306 551 In
3349 491 3600 565 principio
3649 501 3759 542 erat

535 600 733 668 populo
769 615 859 654 rex
887 609 1101 655 creatus
1133 611 1246 666 est;
1274 603 1373 655 sub
1405 616 1529 671 quo,
1555 619 1696 654 anno
1749 606 1919 673 prino
1948 605 2094 670 regni

535 690 728 757 ipsius,
766 705 991 759 magnus
1020 689 1186 743 David
1219 701 1381 746 natus
1409 701 1510 745 est.
1547 691 1807 747 Similiter
1832 693 1900 746 ab
1926 693 2097 744 Abra-

538 781 663 832 ham
712 797 882 849 usque
937 782 1003 834 ad
1061 781 1316 835 Davidcm
1368 784 1741 852 generationes
1802 799 1913 848 xrv,
1971 785 2097 837 anni

537 887 726 925 uuiv.
761 873 804 925 A
839 871 1039 928 Davide
1073 881 1251 926 autem
1279 889 1448 942 usque
1477 873 1544 926 ad
1573 874 2098 945 transmigrationem

538 961 848 1031 Babylonis,
900 963 1277 1032 generationes
1321 978 1431 1026 nv,
1459 965 1583 1017 anni
1625 979 1738 1017 lix.
1773 969 1817 1019 A
1849 967 2104 1020 transmi-

537 1056 783 1118 gratione
829 1069 956 1108 vero
1010 1052 1306 1123 Babylonis
1360 1071 1529 1124 usque
1564 1056 1629 1108 ad
1685 1055 1926 1123 Darium,
1976 1059 2100 1112 anni

537 1160 669 1198 xxv.
702 1148 747 1198 Α
797 1160 962 1212 regno
998 1152 1174 1204 autem
1208 1147 1351 1201 Darii
1387 1163 1557 1217 usque
1598 1147 1664 1202 ad
1695 1145 1878 1203 Jesum
1933 1147 2102 1203 lilium

539 1234 785 1301 Josedec,
817 1237 940 1289 anni
983 1253 1129 1292 xux.
1166 1242 1205 1293 A
1258 1239 1380 1294 Jesu
1437 1239 1545 1294 ﬁ-lio
1579 1239 1806 1294 Josedec
1838 1256 2008 1310 usque
2037 1242 2104 1296 ad

538 1325 740 1388 Jesnm,
783 1327 873 1394 qui
901 1328 1098 1384 dicitur
1132 1330 1396 1395 Christus,
1431 1332 1558 1385 anni
1584 1347 1912 1398 ccccxxxrv;
1946 1334 2104 1387 simul

542 1425 724 1471 autem
776 1423 1137 1488 computando
1160 1461 1174 1483 ,
1211 1423 1502 1475 secundum
1541 1423 1735 1477 seriem
1784 1434 2105 1494 temporum,

544 1507 849 1565 invenimus
899 1511 966 1564 ab
1009 1511 1225 1566 homine
1253 1513 1486 1582 primum
1532 1515 1784 1584 formato,
1815 1532 1985 1587 usque
2041 1519 2107 1571 ad

541 1599 842 1662 Christum,
871 1616 1042 1656 annos
1069 1609 1426 1660 naulum;

619 1707 638 1739 ι
685 1687 940 1744 Nascitur
993 1692 1176 1762 itaque
1230 1696 1486 1751 Dominus
1519 1697 1675 1751 Iesus
1735 1697 1986 1753 Christus
2041 1712 2110 1752 ex

549 1779 690 1834 tribu
720 1778 878 1847 Juda,
911 1798 976 1838 ex
1019 1786 1225 1839 semine
1270 1785 1457 1852 David,
1495 1789 1636 1857 quod
1660 1799 1870 1858 spectat
1905 1790 1968 1842 ad
1994 1804 2112 1843 car-

2211 602 2438 655 Verbum
2486 597 2560 669 (a)
2599 617 2610 650 ε
2656 598 2778 665 quia
2839 591 2967 646 nihil
3009 589 3150 642 aliud
3181 600 3319 654 erat,
3355 594 3546 658 praatcr
3586 582 3760 649 ipsum

2199 695 2290 764 qui
2336 705 2419 749 est
2471 707 2536 744 ex
2576 688 2754 750 Patre,
2788 685 2877 756 qui
2909 695 3122 750 semper
3161 691 3278 744 est,
3314 681 3515 734 habens
3541 680 3764 728 coaeter-

2199 762 2329 841 num
2389 781 2648 852 Spiritum
2705 787 2974 832 sanctum.
3010 774 3138 827 Erat
3193 773 3247 825 in
3286 770 3568 840 principio.
3623 762 3763 830 Quid

2202 879 2332 932 mihi
2351 885 2672 931 annumeras
2699 869 2931 924 saecula?
2961 867 3088 922 Erat
3114 864 3227 931 ipse
3253 863 3306 916 in
3329 860 3622 931 principio:
3642 860 3766 910 sunt

2202 968 2383 1022 omnia
2418 971 2537 1036 post
2578 963 2750 1030 ipsum
2782 999 2798 1021 ,
2840 959 3101 1028 siquidem
3135 963 3191 1007 et
3224 957 3404 1007 omnia
3441 966 3538 1022 per
3568 951 3764 1017 ipsum.

2205 1055 2272 1109 In
2301 1055 2558 1125 principio
2583 1063 2693 1104 erat
2729 1048 2970 1102 Verbum.
3001 1047 3150 1110 Erat,
3178 1057 3350 1111 neque
3370 1040 3768 1111 proferebatur.

2205 1147 2443 1203 Verbum
2495 1152 2650 1204 erat,
2706 1155 2803 1194 nec
2864 1140 3087 1207 syllabis
3137 1134 3583 1200 componebatur.
3641 1129 3770 1184 Erat

2208 1240 2446 1295 Verbum
2483 1234 2634 1298 illud,
2662 1246 2761 1286 nec
2799 1229 2900 1282 fuit
2935 1229 3130 1296 linguae
3177 1224 3390 1278 ﬂuxus:
3426 1223 3574 1277 solus
3604 1220 3772 1274 Filius

2207 1329 2618 1400 unigenitusque
2654 1333 2708 1376 et
2739 1319 2939 1374 veritas
2969 1333 2998 1370 a
3035 1318 3214 1379 Patre,
3248 1312 3393 1368 nulla
3427 1312 3774 1381 corruptione

2208 1423 2441 1491 genitus.
2477 1413 2937 1482 Quemadmodum
2971 1408 3195 1463 verbum
3215 1414 3458 1461 nostrum
3482 1411 3536 1456 et
3568 1418 3771 1464 sermo,

2210 1514 2263 1566 in
2312 1513 2485 1566 lucem
2518 1504 2722 1576 profert
2755 1503 2931 1557 latens
2956 1497 3122 1553 animi
3145 1496 3430 1550 consilium
3453 1532 3467 1555 ,
3497 1494 3568 1543 ita
3599 1500 3653 1544 et
3683 1493 3772 1544 Dei

2209 1603 2376 1659 Filius
2399 1597 2666 1655 occultum
2693 1595 2745 1648 in
2772 1595 2931 1648 Patre
2958 1586 3321 1643 maniiestavit
3359 1582 3474 1638 orbi
3506 1591 3772 1635 terrarum

2211 1703 2577 1766 praemternum
2609 1694 3035 1741 sacramentum.
3064 1675 3526 1749 Quemadmodum
3551 1674 3774 1726 verbum

2213 1765 2529 1856 procedens,
2562 1795 2661 1834 nec
2693 1781 2958 1835 dicentem
2989 1777 3190 1830 nudum
3225 1769 3498 1840 relinquit,
3530 1778 3584 1822 et
3614 1765 3782 1834 replet

546 1886 690 1932 "em,
723 1873 822 1925 θυι)
849 1873 1008 1926 ﬁnem
1042 1873 1249 1931 dierum
1298 1875 1771 1945 sesquimillesimo
1798 1893 1960 1942 anno,
1983 1894 2109 1933 xxiv
2143 1883 2184 1937 Β
2215 1874 2519 1929 audientem
2557 1869 2659 1938 (sic
2696 1869 2838 1923 enim
2878 1864 2990 1918 adit
3018 1865 3352 1926 audientem,
3381 1870 3440 1912 ut
3468 1875 3574 1912 non
3609 1858 3781 1910 disce-

544 1964 768 2033 Augusti
801 1964 1168 2033 imperatoris,
1196 1981 1385 2023 mense
1442 1969 1744 2032 Decembri,
1804 1984 1911 2022 xxv
1948 1970 2114 2039 ipsius

545 2057 655 2127 ('23)
688 2056 1001 2113 lndictionis
1043 2075 1073 2114 ι
1128 2060 1214 2115 die
1245 2073 1420 2116 sexta.
1451 2064 1494 2113 A
1528 2060 1730 2116 Christi
1771 2075 1937 2130 porro
1973 2064 2114 2117 nati-

547 2151 734 2214 vitate,
771 2166 941 2219 usque
975 2153 1042 2206 ad
1078 2152 1492 2208 Constantinum
1521 2152 1770 2221 Magnum
1825 2153 2116 2225 imperato-

548 2254 656 2294 rem
677 2249 731 2294 et
751 2241 924 2294 virum
959 2241 1294 2312 religiosum,
1327 2242 1545 2297 luerunt
1593 2243 1721 2297 anni
1751 2260 1930 2300 ccux.
1980 2246 2112 2300 Cum

545 2347 672 2402 ergo
697 2330 881 2389 Judaza
910 2347 1041 2403 gens
1074 2342 1224 2389 tanto
1281 2346 1522 2405 tempore
1555 2335 1626 2392 sit
1659 2338 1952 2407 antiquior.
1979 2351 2113 2404 quo-

548 2426 706 2479 modo
755 2441 862 2482 non
906 2427 1122 2482 erubuit
1147 2428 1318 2493 Plato,
1357 2429 1590 2497 primum
1629 2439 1682 2485 et
1712 2430 2002 2485 secundum
2031 2428 2114 2482 di-

548 2518 746 2570 luvium
797 2521 1097 2573 enarrans?
1150 2519 1431 2585 Quondam
1475 2535 1635 2587 porro
1689 2531 1878 2574 natura
1909 2531 2113 2585 nostra,

547 2608 802 2662 universo
837 2611 1042 2677 totique
1071 2609 1143 2662 illi
1182 2610 1610 2665 accensebatur:
1638 2626 1859 2667 eramus
1889 2615 2034 2667 enim
2061 2623 2115 2666 et

550 2699 674 2769 ipsi,
717 2700 769 2754 in
799 2701 1148 2755 rationalium
1173 2703 1353 2756 ovium
1385 2705 1700 2759 centenario
1717 2703 2112 2772 comprehensi.

552 2791 836 2862 l’ostquatn
871 2807 999 2848 vero
1045 2810 1147 2848 una
1183 2794 1270 2848 illa
1301 2795 1417 2849 ovis
1440 2836 1455 2862 ,
1497 2806 1688 2850 natura
1721 2807 1903 2852 nostra
1931 2836 1946 2862 ,
1999 2811 2116 2851 ser-

549 2882 724 2945 pentis
758 2882 974 2951 fraude,
1034 2883 1243 2940 caelesti
1297 2887 1532 2940 statione
1574 2886 1792 2956 depulsa
1833 2899 1950 2954 est,
2011 2903 2117 2944 non

550 2974 778 3043 amplius
805 2975 945 3030 idem
979 2975 1071 3031 ille
1113 2992 1373 3032 numerus
1403 2979 1454 3030 in
1488 2993 1654 3048 grege
1683 2993 1786 3033 non
1818 2981 2118 3033 errantium

551 3080 898 3129 memoratur,
934 3069 1026 3121 sed
1046 3069 1393 3123 nominantur
1411 3070 1697 3138 nonaginta
1729 3085 1938 3125 novem.
1965 3070 2122 3125 Venit

551 3157 710 3226 igitur
724 3157 991 3220 Christus,
1019 3158 1186 3211 Filius
1210 3159 1301 3212 Dei
1325 3161 1457 3223 vivi,
1478 3176 1720 3228 quaerere
1737 3171 1790 3215 ct
1809 3163 2014 3215 salvum
2039 3161 2120 3211 fa-

2215 1970 2306 2021 dat
2362 1979 2392 2018 a
2444 1961 2732 2034 discenle),
2775 1962 2846 2014 ita
2878 1966 2933 2010 et
2965 1955 3078 2008 Divi
3111 1955 3368 2010 Verbum.
3397 1951 3542 2019 quod
3591 1961 3675 2004 est
3727 1951 3780 2001 in

2212 2059 2370 2113 Patre
2425 2056 2493 2112 ob
2526 2065 2734 2108 natura;
2761 2046 3225 2107 communionem,
3277 2044 3542 2109 nobisque
3573 2044 3782 2092 unitum

2211 2159 2430 2221 propter
2457 2145 2985 2218 gratiaalargitatem,
3012 2138 3279 2193 exsistens
3309 2136 3471 2196 Deus,
3497 2133 3642 2201 quod
3662 2147 3786 2200 spe—

2213 2250 2324 2296 ctat
2371 2241 2437 2295 ad
2495 2252 2778 2302 naturam;
2834 2233 3066 2288 Verbum
3113 2239 3290 2284 autem
3324 2225 3678 2297 appellatione
3730 2234 3786 2277 et

2215 2329 2556 2398 cognomine.

2292 2439 2309 2470 ε
2349 2415 2809 2486 Quemadmodum
2841 2413 2984 2468 enim
3015 2411 3409 2472 Joannes,cum
3430 2416 3623 2460 natura
3646 2412 3788 2456 essvt

2217 2511 2379 2564 homo
2413 2549 2427 2573 ,
2488 2509 2697 2563 ratione
2744 2515 2925 2560 tamen
2959 2501 3356 2575 praedicationis
3389 2513 3492 2550 vox
3547 2495 3790 2548 clamans

2219 2611 2442 2655 vocatus
2469 2610 2551 2653 est
2592 2599 2696 2666 (b);
2723 2598 2794 2650 ita
2825 2611 2880 2649 et
2917 2595 3009 2649 Dei
3043 2593 3231 2653 Filius,
3271 2589 3412 2642 Deus
3433 2589 3497 2639 de
3530 2586 3660 2645 Deo,
3692 2600 3790 2653 ap-

2219 2692 2449 2760 pellatus
2510 2703 2593 2743 est
2625 2688 2861 2742 Verbum
2892 2727 2908 2749 ,
2943 2696 3163 2753 propter
3197 2683 3418 2736 liberam
3465 2694 3495 2733 a
3553 2678 3791 2732 ﬂuxionc

2221 2783 2655 2855 generationem.
2698 2779 2762 2837 In
2809 2779 3063 2848 principia
3091 2785 3200 2830 erat
3233 2774 3478 2838 Verbum,
3514 2773 3792 2840 haudqua-

2225 2893 2384 2947 quam
2431 2891 2562 2930 vero
2601 2873 2833 2929 Verbum
2874 2885 2978 2927 non
3024 2870 3348 2924 subsistens.
3384 2866 3559 2920 Verba
3599 2865 3702 2918 alia
3736 2873 3794 2916 et

2225 2983 2504 3024 sermones
2529 2967 2619 3021 Dei
2645 3009 2659 3030 ,
2689 2975 2956 3035 pracepta
2982 2971 3103 3016 sunt
3137 2970 3192 3015 et
3215 2959 3628 3031 iustificationes
3657 2972 3674 3020 ;
3735 2964 3794 3006 at

2225 3062 2532 3129 unigenitus
2562 3059 2730 3113 Filius
2759 3072 2936 3112 sermo
2954 3065 3056 3117 est,
3093 3070 3196 3107 non
3223 3051 3446 3122 syllabis
3468 3052 3788 3100 verborum-

2223 3168 2327 3218 que
2351 3166 2482 3205 sono
2516 3149 2894 3217 pronuntiatus
2927 3185 2942 3208 ,
2986 3147 3078 3198 sed
3104 3158 3282 3197 sermo
3319 3151 3371 3193 et
3394 3140 3636 3200 verbum,
3665 3151 3789 3188 ver-

549 3245 826 3315 cerequod
847 3246 1082 3314 perierat
1113 3263 1126 3299 :
1164 3254 1326 3313 utque
1351 3227 1530 3299 rerum
1564 3261 1666 3298 non
1690 3245 2106 3298 consistentium
2143 3249 2184 3308 (ζ
2221 3242 2413 3295 borum
2449 3240 2624 3292 fontes
2654 3236 2923 3305 largiens;
2954 3233 3406 3302 quemadmodum
3438 3229 3550 3283 ait:
3583 3227 3639 3280 Si
3665 3227 3787 3295 quis

549 3336 783 3389 vanitate
835 3335 1100 3404 perditum
1155 3334 1424 3389 hominem
1482 3336 1723 3388 humeris
1780 3335 2114 3403 impOsitutn,

554 3428 944 3483 exsistentibus
977 3427 1136 3482 rebus
1167 3427 1418 3496 verisque
1470 3427 1799 3495 postliminio
1854 3428 2114 3492 redderet,

547 3535 659 3586 quo
695 3533 910 3572 rursum
934 3518 1241 3573 Dominicus
1270 3532 1526 3572 numerus
1555 3531 1690 3572 unus
1718 3517 1887 3571 ﬁeret.
1913 3516 2117 3572 Idcirco

552 3611 830 3681 Evangelii
879 3612 1113 3680 scriptor
1158 3613 1419 3674 Joannes,
1443 3620 1728 3681 paternam
1761 3611 2114 3679 piscationem

550 3705 840 3771 omniaque
875 3713 1054 3758 creata
1115 3704 1466 3770 relinquens,
1522 3719 1700 3758 aerem
1758 3704 1887 3757 item
1931 3701 2122 3755 transi-

550 3794 688 3847 liens
717 3833 732 3856 ,
765 3808 862 3848 nec
908 3794 1076 3848 solem
1112 3803 1355 3846 moratus
1408 3809 1506 3848 nec
1540 3794 1719 3846 lunam
1747 3812 1762 3858 ;
1824 3795 2121 3847 celsissima

552 3901 682 3940 vero
711 3887 834 3941 (εωιί
865 3901 1148 3956 superans,
1204 3895 1557 3954 temporaque
1595 3894 2010 3954 praetergressus
2035 3897 2121 3941 est

554 3986 608 4028 et
639 3976 867 4041 sarcula;
924 3975 1017 4029 sed
1063 3983 1118 4029 et
1173 3973 1419 4043 Moyses,
1455 3971 1721 4042 principio
1749 3970 1839 4023 illo
1868 3969 2066 4023 omisso
2101 3988 2114 4022 :

555 4081 661 4119 non
706 4066 848 4118 enim
905 4065 1062 4125 dixit.
1099 4065 1151 4117 in
1185 4063 1449 4133 principio
1481 4061 1613 4117 fecit
1637 4105 1652 4130 ,
1687 4069 1744 4113 ut
1781 4061 1871 4128 qui
1904 4073 2007 4112 non
2041 4059 2123 4112 in-

555 4156 706 4210 duxit
733 4166 1078 4218 creaturam;
1120 4155 1213 4208 sed
1269 4164 1569 4208 creatorem
1629 4151 1987 4205 annuntiavit.
2021 4149 2122 4205 Ubi

556 4248 700 4301 enim
727 4257 810 4301 est
835 4255 1116 4310 creatura,
1154 4245 1422 4314 quispiam
1455 4245 1618 4308 fecit;
1658 4244 1748 4298 ubi
1803 4259 1931 4297 vero
1963 4257 2124 4312 gene-

560 4338 700 4392 ratio
731 4347 869 4405 erat,
902 4353 968 4393 ex
1000 4352 1065 4392 eo
1093 4336 1186 4407 qui
1228 4345 1326 4390 est.
1363 4336 1463 4401 Qui
1488 4335 1630 4390 enim
1656 4345 1758 4400 est,
1793 4351 1912 4389 eum
1946 4334 2129 4404 genuit

2223 3335 2375 3387 audit
2400 3347 2676 3386 sermones
2722 3344 2892 3392 meos,
2924 3328 3086 3380 habet
3112 3327 3274 3378 vitam
3309 3333 3590 3377 aalernatn.
3654 3319 3791 3373 Cum

2221 3422 2456 3477 Joannes
2487 3422 2651 3484 dicat,
2685 3418 2750 3472 In
2780 3419 3070 3487 principio;
3109 3416 3464 3473 Paulnsvero,
3489 3410 3794 3466 Secundum

2223 3528 2453 3574 carnem,
2481 3512 2568 3579 qui
2604 3521 2676 3562 est
2701 3525 2855 3574 super
2883 3508 3060 3558 omnia
3114 3504 3250 3558 Deus
3281 3504 3382 3572 (c);
3424 3500 3615 3554 Petrus
3661 3516 3795 3569 quo-

2224 3618 2331 3671 que
2363 3623 2374 3658 :
2405 3602 2482 3656 Tu
2515 3620 2565 3655 es
2589 3601 2829 3655 Christus
2861 3599 3033 3651 Filius
3065 3598 3159 3650 Dei
3178 3596 3276 3650 vivi
3303 3594 3413 3665 (d);
3444 3593 3608 3648 David
3629 3609 3791 3646 vero:

2231 3698 2310 3751 Tu
2341 3708 2515 3750 autem
2549 3697 2683 3748 idem
2708 3695 2816 3763 ipse
2844 3711 2917 3755 es,
2950 3704 2997 3744 et
3023 3691 3149 3743 anni
3178 3689 3258 3741 tui
3290 3705 3393 3742 non
3422 3689 3663 3756 deﬁcient
3684 3688 3790 3757 (e);

2226 3798 2280 3844 et
2328 3791 2441 3858 ipse
2475 3789 2731 3842 Dominus
2769 3804 2782 3839 :
2826 3785 2938 3854 Ego
2971 3799 3086 3837 sum
3118 3782 3210 3834 tua:
3243 3784 3445 3849 mundi,
3470 3791 3524 3838 et
3569 3783 3793 3843 veritas,

2227 3892 2281 3934 et
2310 3882 2506 3936 ostium
2538 3880 2679 3950 regni
2705 3878 2962 3932 caelorum
3008 3876 3096 3946 (ι).
3128 3875 3184 3929 Si
3217 3890 3345 3945 ergo
3376 3883 3459 3930 est
3480 3874 3607 3944 quid
3635 3887 3791 3925 crea-

2230 3978 2367 4031 tum,
2419 3970 2688 4036 quomodo
2714 3976 2796 4021 est
2838 3974 3026 4019 auctor
3068 3974 3122 4018 et
3148 3974 3360 4018 creator
3384 3975 3684 4030 temporum
3741 3968 3799 4012 et

2233 4060 2598 4114 sasculorum?
2627 4059 2817 4113 Omnia
2859 4074 2949 4125 per
2981 4058 3151 4125 ipsum
3183 4055 3323 4123 facta
3367 4063 3483 4106 sunt
3515 4051 3612 4120 (g).
3659 4049 3796 4103 Nam

2235 4160 2388 4205 sexta
2419 4152 2505 4205 die
2558 4151 2767 4204 creavit
2806 4148 3101 4211 hominem,
3147 4161 3251 4214 qua
3281 4145 3442 4197 etiam
3478 4139 3608 4195 fecit
3657 4155 3796 4209 qua-

2233 4243 2492 4312 drupetlia
2524 4253 2576 4295 et
2598 4242 2805 4310 reptilia
2830 4259 2844 4306 ;
2873 4242 3056 4308 quinta
3080 4247 3257 4290 autem
3295 4233 3533 4286 volatilia
3561 4233 3707 4295 caeli,
3741 4243 3799 4286 et

2233 4335 2407 4400 pisces
2437 4333 2633 4394 maris;
2663 4340 2879 4398 quarta,
2913 4328 3077 4380 solem
3097 4335 3150 4380 et
3180 4325 3390 4389 lunam;
3428 4324 3797 4390 tertia,aquas

630 4518 746 4588 (25)
797 4516 873 4588 In?
905 4517 1047 4588 hunc
1099 4514 1278 4568 locum
1327 4514 1398 4567 ita
1436 4520 1837 4588 commentatur
1866 4511 2137 4588 Combell-
2170 4514 2213 4566 D
2243 4511 2463 4588 cimam,
2493 4504 3019 4588 utfit-Genebrardo
3040 4510 3096 4588 et
3124 4496 3680 4588 aliisqui‘squleuilacile

562 4582 678 4646 sius
707 4582 737 4643 ι’
763 4607 780 4638 ι
818 4586 1120 4641 Absurdius
1171 4595 1276 4646 est,
1308 4599 1468 4653 quam
1513 4591 1570 4636 ut
1596 4583 1718 4649 quis
1752 4582 2020 4634 tantillum
2053 4598 2140 4635 sa-

561 4664 714 4728 piens
745 4660 812 4713 de
841 4656 1296 4728 Constantiniana
1325 4652 1425 4728 hoc
1454 4652 1751 4728 indictione
1775 4653 2015 4728 potuerit
2047 4667 2138 4707 ac-

562 4721 935 4798 ciperezqnia
985 4727 1125 4780 hanc
1174 4724 1392 4798 Christi
1428 4723 1684 4798 nativitas
1732 4721 2010 4798 praecessit
2045 4737 2139 4798 ccc

561 4790 782 4854 circiter
812 4790 971 4850 annis
1012 4815 1026 4849 :
1066 4811 1129 4850 ac
1166 4809 1340 4860 neque
1363 4794 1431 4847 de
1461 4793 1604 4855 aliis,
1634 4791 1678 4846 si
1715 4806 1834 4859 qua:
1881 4790 1962 4843 vel
1998 4797 2138 4847 veri-

563 4880 669 4923 tate
714 4877 1036 4920 asseruntur
1077 4866 1160 4918 vel
1193 4863 1598 4931 conlinguntur,
1635 4874 1757 4929 puta
1806 4864 2135 4932 Augustana,

560 4940 889 5000 Antoniana,
931 4945 1037 4988 etc.
1073 4934 1444 5000 Perspicacius
1476 4948 1602 5001 ergo
1645 4932 1912 4992 intuenti,
1952 4933 2134 4987 statim

561 5008 865 5065 occurrerit
913 5006 1142 5060 lndictio
1171 5003 1434 5066 Iudaica,
1465 5019 1624 5071 quam
1662 5002 1761 5055 sibi
1796 5011 2000 5062 auctor,
2054 5002 2135 5054 in-

563 5092 679 5137 star
702 5076 1190 5135 Constantiniana,
1218 5075 1496 5143 conlingat
1521 5082 1573 5127 et
1605 5082 1872 5143 numeret,
1898 5086 1926 5122 a
1959 5075 2135 5143 perfe-

564 5165 653 5202 cta
683 5147 1003 5201 liberatione
1033 5144 1342 5200 Iudaeorum
1389 5141 1425 5194 εἰ
1449 5143 1713 5196 servitute
1746 5141 2083 5194 Macedonica
2115 5161 2128 5206 ;

565 5218 836 5286 quomodo
880 5215 1355 5286 Constantinus‘et
1406 5211 1601 5286 Patres
1633 5210 1856 5278 Nicatni,
1885 5226 2135 5286 numera-

567 5281 676 5342 tam
709 5282 1514 5341 volueruntConstantinianam
1551 5282 1694 5333 illam
1718 5321 1732 5343 ,
1781 5296 1810 5333 a
1867 5281 2132 5335 vindicata

571 5359 885 5412 Christiana
945 5355 1203 5424 religione
1262 5362 1318 5424 et
1378 5353 1663 5424 exstincto
1694 5350 2015 5424 Maxentio:
2058 5353 2136 5406 sic

568 5445 713 5483 emm
751 5420 1236 5481 invenietur—natus
1269 5423 1527 5479 Dominus
1554 5423 1618 5476 ad
1649 5420 2001 5477 lndictiouem
2038 5424 2131 5477 tle-

642 5602 713 5673 (α)
745 5600 907 5673 εἰρέθη.
936 5618 977 5664 ι,
1013 5612 1063 5653 1.

643 5671 715 5744 (ὁ)
743 5671 907 5725 Marc.
940 5689 978 5734 ι,
1006 5673 1059 5723 5.

644 5743 713 5809 lc)
755 5745 906 5795 Boni.
936 5758 1010 5804 ix,
1039 5743 1092 5794 5.

642 5820 718 5888 pl)
753 5811 942 5872 Matth.
976 5828 1082 5875 xw,
1123 5815 1198 5866 lli.

2247 4566 2512 4647 moverit.
2562 4575 2774 4647 Ubique
2804 4566 3370 4647 Atiipltilocliius_scile
3408 4566 3617 4647 alludit.
3661 4585 3680 4617 ι
3717 4566 3793 4619 lta

2244 4640 2617 4704 Combelisius.
2664 4646 2876 4705 Verum,
2907 4640 3050 4695 'cum
3094 4642 3286 4695 eruditi
3320 4640 3796 4708 pleriqtte_eonve-

2245 4722 2416 4782 niant,
2464 4718 2714 4784 exiguum
2745 4726 2836 4768 aut
2861 4713 3059 4766 nullum
3097 4723 3222 4765 ante
3247 4705 3583 4764 Constantini
3616 4705 3794 4828 διῗηί

2247 4800 2485 4828 u-mnnm
2521 4788 2869 4828 Imliminmnn
2900 4799 3049 4828 IISIIIII
3077 4782 3257 4828 fuisse-
3304 4778 3484 4828 nescio
3511 4777 3650 4828 unde
3734 4795 3793 4827 u-

2247 4777 2487 4857 tempora
2519 4777 2869 4857 lridictionutn
2900 4799 3049 4836 usum
3077 4782 3270 4857 fuisse,
3304 4778 3484 4857 nescio
3511 4777 3793 4857 utrdeﬁhla-

2243 4846 2554 4912 cedonicam
2591 4856 2936 4909 lndictionem
2959 4893 2972 4916 ,
3006 4862 3097 4904 aut
3122 4851 3395 4904 Judaicam
3440 4846 3796 4916 Conibelisitis

2244 4930 2513 4996 acceperit
2539 4929 2561 4980 ?
2598 4927 2752 4979 Certe
2783 4914 3018 4976 Basilius
3044 4918 3543 4996 et’Atnphilocbius,
3577 4917 3622 4969 si
3648 4914 3796 4996 indi—

2243 4988 2476 5051 ctioniem
2540 4996 2797 5063 aliquam,
2843 4996 2985 5047 inter
3032 4989 3487 5059 computandum,
3518 4988 3795 5063 nominare

2242 5068 2572 5130 voluissent;
2610 5057 2714 5118 rion
2755 5064 2914 5117 aliam
2968 5057 3359 5130 nominassent,
3385 5067 3580 5125 praeter
3608 5057 3794 5124 vulga-

2243 5154 2353 5190 rem
2401 5147 2453 5191 et
2501 5129 2998 5190 COnstantinianam
3033 5172 3045 5192 ,
3086 5144 3245 5198 quam
3287 5129 3455 5181 solam
3508 5135 3791 5179 noverant.

2240 5208 2491 5261 Errorem
2530 5209 2713 5272 itaque
2759 5197 3412 5259 ascribatnusoscitantiae
3445 5197 3798 5272 pseudo-Am-

2241 5278 2521 5346 pbilocbii,
2559 5265 2689 5328 nihil
2735 5274 3080 5346 interpriora
3112 5280 3167 5323 et
3204 5265 3798 5346 suantemporadiscer-

2240 5337 2449 5409 uentis;
2482 5337 2538 5399 ut
2568 5347 2770 5413 reliqua
2803 5337 2959 5413 hujus
3006 5339 3365 5408 chronologia:
3399 5337 3629 5392 absurda
3656 5349 3794 5404 pra--

2245 5430 2290 5471 te
2301 5433 2532 5470 ruamus.

2321 5596 2387 5664 (θ)
2419 5593 2556 5646 Psal.
2585 5610 2654 5653 cr,
2680 5591 2768 5664 28.

2315 5656 2564 5732 (‘1').loan.
2597 5679 2712 5722 νηί,
2759 5658 2854 5724 12;
2883 5674 2993 5723 xw,
3022 5656 3084 5722 6;
3115 5673 3164 5720 χ,
3194 5656 3245 5710 9.

2314 5740 2382 5806 lg)
2416 5734 2564 5789 Joan.
2599 5750 2633 5800 ι,
2664 5734 2716 5788 5.
