4046 6446
698 408 1070 467 EXCERPTA
1112 405 1201 459 ΕΧ
1240 401 1441 457 ACTIS
1476 395 1795 455 S.BASlLll
1837 380 2605 447 BOLLANDIANS.—VITA.
2638 372 3054 433 APOCRYPIIA

3311 382 3496 424 CCXCIX

272 530 476 597 divisit,
516 529 747 599 fecitque
773 537 831 582 ut
854 527 1005 582 arida
1031 528 1351 594 appareret;
1378 517 1635 583 secunda,
1668 515 1833 567 hocce
1861 518 1909 574 Α
1937 506 2149 571 effudit,
2181 515 2339 574 teque
2394 502 2462 555 ab
2488 510 2671 553 errore
2714 494 2941 564 plurium
2975 491 3199 545 deorum
3238 486 3288 540 in
3315 485 3499 555 cogni-

272 624 697 685 ﬁrmamentum,
731 620 875 689 quod
911 616 1069 686 capiti
1106 612 1475 683 supereminet
1504 649 1519 674 ,
1552 604 1829 668 condidit;

277 715 451 784 prima
476 713 726 781 denique,
752 709 946 766 caelum
970 715 1026 761 et
1055 714 1252 760 terram
1278 700 1494 757 deduxit
1514 699 1565 751 in
1590 706 1833 750 naturam

274 820 453 859 rerum
480 821 493 869 ;
532 805 658 859 fecit
708 805 879 858 lucem
908 841 921 865 ,
953 801 1095 853 diem
1128 795 1347 858 statuit,
1378 792 1585 846 initium
1632 799 1836 856 tempo-

278 912 395 949 rum
448 895 709 950 deﬁnivit.
744 893 802 947 Si
849 892 1015 961 igitur
1050 897 1136 944 est
1159 895 1431 948 creatura,
1484 880 1560 935 illi
1615 877 1837 946 assigna

274 998 487 1058 tempus
514 1006 528 1054 ;
560 997 722 1055 atque
746 986 820 1039 ita
841 984 1029 1039 eodem
1054 996 1173 1036 cum
1194 976 1389 1033 creatis
1412 972 1608 1027 habeto
1628 968 1834 1024 ordine.

279 1080 411 1134 Nam
442 1080 583 1148 quod
615 1079 729 1132 sine
757 1085 1000 1145 tempore
1024 1081 1109 1128 est
1133 1111 1150 1138 ,
1190 1072 1486 1123 iucreatum
1525 1070 1647 1126 est;
1696 1058 1839 1128 quod

274 1186 403 1225 vero
424 1182 505 1224 est
528 1172 728 1238 absque
758 1167 1039 1239 principio,
1058 1174 1312 1218 :eternum
1339 1166 1422 1212 est
1451 1175 1466 1210 :
1496 1153 1642 1209 solus
1660 1158 1838 1203 autem

278 1260 417 1315 Deus
441 1270 525 1315 est
548 1237 806 1324 aeternus,
833 1258 1029 1313 deitate
1064 1249 1407 1321 inseparabili
1436 1248 1489 1301 in
1524 1244 1694 1298 tribus
1717 1237 1837 1293 sub-

277 1352 544 1407 sistentiis
574 1372 587 1406 :
620 1361 747 1406 sunt
783 1364 913 1420 ergo
941 1347 1042 1401 tria
1064 1355 1272 1407 saneta,
1300 1341 1402 1396 tria
1436 1336 1596 1393 simul
1627 1338 1835 1393 sancta,

279 1446 381 1497 tria
424 1455 626 1498 aeterna
659 1482 675 1508 ,
710 1443 809 1496 tria
841 1448 1107 1495 comterna
1137 1477 1152 1503 ,
1188 1435 1288 1489 tria
1333 1421 1837 1487 eonsubstantialia,

275 1534 377 1588 tria
408 1532 645 1588 eﬁicacia
669 1569 685 1595 ,
714 1531 813 1583 tria
842 1526 1209 1591 subsistentia,
1238 1523 1341 1578 sibi
1376 1521 1604 1575 invicem
1634 1510 1844 1569 coexsi-

276 1624 497 1679 stentia.
535 1621 773 1675 Vocatur
818 1618 934 1673 haec
960 1616 1199 1671 Trinitas
1232 1620 1454 1675 saneta;
1492 1622 1601 1663 una
1634 1606 1847 1660 harmo-

277 1717 389 1779 nia,
428 1728 533 1767 una
559 1712 755 1777 deitas,
783 1710 1021 1777 eiusdem
1043 1706 1314 1769 essentite,
1343 1702 1583 1772 ejusdem
1612 1694 1843 1758 virtutis,

276 1806 523 1877 ejusdem
567 1801 884 1857 substantia:
934 1814 997 1854 ac
1049 1807 1257 1852 natura:
1288 1792 1521 1849 :similis
1545 1802 1611 1842 ex
1642 1782 1842 1847 simili,

283 1854 545 1965 siqualein
570 1854 749 1951 Patris
796 1854 1000 1948 rFilii
1043 1900 1098 1944 et
1126 1888 1362 1957 Spiritus
1399 1882 1575 1938 sancti
1614 1877 1845 1947 gratiam
1876 1854 1921 1908 Β

282 1988 511 2055 faciens,
540 2002 703 2042 unam
752 1982 1139 2044 substantiam,
1168 1992 1331 2033 unam
1360 1976 1639 2037 deitatem,
1683 1982 1847 2024 unam

279 2080 707 2135 dominationem
740 2118 755 2141 ,
785 2088 948 2128 unam
973 2070 1329 2135 voluntatem,
1384 2080 1551 2120 unum
1596 2074 1847 2133 regnum,

278 2187 441 2223 unam
484 2168 802 2229 Ecelesiam,
837 2177 999 2217 unam
1030 2160 1213 2227 ﬁdem,
1242 2172 1405 2213 unum
1441 2154 1729 2225 baptisma.
1756 2150 1851 2205 Est

279 2264 369 2317 hic
398 2262 537 2315 Deus
568 2259 945 2311 universorum
974 2271 988 2308 :
1016 2253 1105 2308 hic
1136 2250 1338 2306 Christi
1365 2248 1547 2313 Pater,
1578 2246 1668 2300 hic
1693 2243 1851 2298 Jesus

281 2354 531 2406 Christus
568 2365 746 2403 :unus
786 2347 876 2403 ille
918 2348 984 2401 de
1037 2353 1225 2400 sancta
1261 2340 1525 2395 Trinitate
1560 2355 1573 2390 :
1621 2336 1712 2391 hic
1764 2334 1851 2389 ille

280 2441 371 2510 qui
410 2440 686 2493 descendit
715 2447 769 2493 et
797 2435 1041 2492 ascendit
1074 2474 1088 2501 ,
1136 2432 1338 2503 quique
1368 2429 1621 2485 considet
1677 2426 1850 2491 Patri,

282 2548 383 2586 nec
420 2542 702 2601 separatur
738 2527 765 2585 a
789 2530 970 2585 nobis.

357 2643 377 2677 ς
412 2624 461 2678 ls
518 2625 731 2679 animos
768 2632 983 2678 nostros
1013 2618 1323 2675 custodiens
1349 2656 1364 2680 ,
1396 2629 1546 2687 spem
1607 2621 1851 2669 nostram

284 2719 663 2773 inconcussam
695 2715 932 2770 servavit
985 2721 1039 2767 et
1099 2710 1486 2773 immortalem,
1519 2706 1789 2773 simulque
1822 2718 1851 2756 a

285 2811 518 2864 mortuis
548 2807 784 2877 peccatis
819 2807 885 2858 ad
923 2804 1199 2858 caelestem
1240 2802 1412 2870 ipsius
1452 2798 1679 2870 gloriam
1709 2797 1853 2849 leva-

284 2906 393 2969 vit,
420 2902 779 2970 dignatusque
808 2896 910 2950 fuit
938 2935 955 2953 .
985 2904 1043 2948 ut
1073 2895 1124 2947 in
1156 2893 1389 2948 nubibus
1414 2932 1429 2958 ,
1464 2891 1518 2945 in
1570 2903 1852 2945 occursum

283 2998 403 3067 ejus
432 2993 707 3061 rapiamur
754 2991 805 3043 in
864 3003 1079 3053 aerem;
1120 2996 1417 3054 nostraque
1466 2983 1683 3040 nomina
1718 2981 1856 3035 libro

285 3092 413 3143 vitae
443 3085 730 3155 ascripsit;
758 3083 1010 3151 prmstitit
1035 3095 1184 3147 vero,
1217 3089 1275 3133 ut
1306 3079 1359 3131 in
1391 3092 1513 3133 eum
1546 3075 1854 3136 credamus,

284 3182 378 3251 qui
413 3196 442 3233 a
477 3180 705 3233 mortuis
732 3176 1004 3237 surrexit,
1044 3174 1217 3240 ipsum
1268 3179 1445 3223 autem
1478 3170 1544 3223 de
1582 3168 1735 3221 caelis
1762 3181 1858 3220 ex-

283 3283 612 3342 spectemus,
648 3270 738 3333 qui
778 3281 990 3322 sursum
1024 3278 1146 3317 cum
1184 3261 1345 3315 Patre
1378 3269 1461 3314 est
1486 3299 1500 3325 ,
1535 3266 1591 3311 et
1628 3257 1715 3311 hic
1772 3262 1858 3308 est

286 3364 571 3419 nobiscum
604 3401 621 3426 ,
650 3360 745 3430 qui
786 3360 1045 3430 cujusque
1094 3355 1360 3410 actionem
1416 3361 1470 3409 et
1509 3350 1632 3405 ﬁdei
1693 3348 1857 3403 robur

286 3459 453 3513 videt.
512 3455 620 3511 Nec
646 3455 787 3510 enim
819 3493 834 3517 ,
895 3453 1019 3522 quia
1054 3452 1204 3503 abest
1238 3461 1405 3501 carne
1430 3486 1444 3511 ,
1492 3444 1696 3498 idcirco
1749 3458 1857 3496 non

286 3562 613 3620 przescntem
658 3544 1053 3602 existimaveris
1082 3558 1095 3604 ;
1140 3543 1293 3595 adest
1327 3539 1472 3592 enim
1508 3538 1718 3591 medius
1748 3536 1856 3605 spi-

290 3645 420 3704 ritu,
453 3641 678 3693 audiens
706 3652 825 3705 quae
860 3636 924 3689 de
947 3635 1064 3700 ipso
1092 3632 1254 3686 verba
1277 3628 1645 3698 proferuntur,
1671 3628 1860 3680 videns

296 3744 421 3785 tuos
456 3728 620 3783 animi
653 3740 866 3791 sensus,
905 3734 1064 3791 atque
1096 3720 1258 3775 corda
1286 3729 1341 3774 et
1370 3733 1530 3773 renes
1564 3727 1813 3772 scrutans
1843 3733 1856 3768 :

286 3822 383 3890 qui
423 3822 587 3875 etiam
619 3818 778 3873 modo
808 3824 1089 3888 promptus
1125 3822 1225 3881 est,
1260 3824 1317 3868 ut
1345 3820 1398 3867 et
1428 3827 1525 3867 nos
1567 3822 1862 3879 omnesque

290 3916 562 3977 homines,
593 3912 682 3981 qui
709 3919 1026 3966 erraverunt
1053 3917 1108 3962 et
1155 3907 1450 3975 pmnitent,
1484 3904 1628 3958 Patri
1672 3902 1865 3958 oﬂ'erat

293 4024 393 4077 per
440 4021 655 4060 sacrum
714 4003 1023 4071 baptisma,
1077 4000 1328 4065 dicatque
1388 4012 1403 4048 :
1464 3995 1601 4049 Ecce
1656 4010 1755 4064 ego
1809 4005 1865 4049 et

294 4099 470 4168 pueri,
501 4112 635 4166 quos
681 4093 812 4147 mihi
865 4092 1005 4146 Deus
1040 4091 1225 4156 dedit,
1255 4088 1340 4143 cui
1370 4087 1536 4156 gloria
1563 4086 1615 4141 in
1645 4086 1861 4141 saecula.

296 4195 489 4247 Amen.

373 4303 390 4334 ι
429 4281 505 4335 En
543 4279 636 4334 tihi
690 4277 843 4331 trado
875 4276 1031 4329 ﬁdem
1068 4315 1084 4339 ,
1141 4286 1304 4343 quam
1336 4270 1621 4325 ediderunt
1654 4280 1707 4324 et
1760 4283 1865 4324 una

295 4392 428 4430 voce
475 4374 704 4430 confessi
737 4380 859 4426 sunt
889 4369 1059 4424 sancti
1116 4366 1323 4429 Patres,
1353 4365 1441 4432 qui
1473 4363 1705 4417 Nicaeam
1739 4378 1867 4417 con-

295 4478 584 4521 venerunt.
634 4488 651 4517 ι
687 4464 925 4519 Eubulus
957 4471 1134 4514 autem
1165 4459 1339 4512 dixit:
1372 4477 1390 4508 ι
1429 4455 1472 4511 Ο
1502 4454 1684 4518 Basili,
1705 4455 1871 4509 cmic-

1938 601 2138 654 tionem
2168 590 2557 651 misericordiae
2582 603 2693 641 suae
2734 582 3036 639 transtulit.
3058 579 3134 632 Ex
3163 594 3271 648 quo
3299 586 3500 639 autem,

1938 705 1996 748 ut
2017 691 2215 754 dixisti,
2242 701 2451 741 mecum
2483 696 2601 735 esse
2632 678 2714 732 vis
2738 717 2751 742 ,
2785 674 3063 730 ostendam
3089 670 3186 724 tibi
3236 664 3505 737 quomodo

1942 786 2098 842 saluti
2133 793 2329 838 nostra:
2359 776 2760 849 provideamus,
2794 786 2822 823 a
2878 764 3059 822 saeculi
3088 762 3245 829 hujus
3278 757 3506 814 vinculis

1942 877 2117 932 liberi.
2158 872 2538 929 Venundemus
2578 868 2759 933 itaque
2790 870 2972 915 nostra
3011 855 3214 919 omnia,
3244 861 3298 906 et
3324 850 3506 905 confe-

1943 981 2125 1023 ramus
2159 965 2211 1019 in
2247 974 2442 1032 egenos
2475 976 2489 1013 :
2527 959 2713 1027 sicque
2761 955 2972 1007 demum
2998 949 3066 1004 ad
3098 954 3339 1003 sanctam
3369 942 3503 997 civi-

1945 1067 2109 1113 tatem
2137 1062 2444 1126 pergentes,
2473 1049 2709 1117 factique
2742 1044 2842 1114 ipsi
2870 1046 3203 1110 inspectores
3225 1033 3508 1091 miraculo-

1945 1165 2067 1204 rum
2089 1161 2209 1217 quae
2241 1145 2348 1199 illic
2378 1144 2651 1204 visuntur,
2684 1146 3079 1204 consequemur
3102 1129 3350 1185 ﬁduciam
3370 1127 3507 1195 apud

1945 1216 2136 1293 Deum.
2176 1257 2195 1289 ι
2231 1238 2361 1290 Cum
2396 1233 2473 1287 sic
2493 1246 2622 1299 ergo
2650 1230 2809 1282 aniho
2837 1240 2923 1280 res
2943 1237 3068 1278 suas
3090 1222 3177 1291 ple
3205 1216 3511 1274 distribuis-

1944 1336 2084 1391 sent,
2115 1326 2334 1392 solaque
2374 1338 2437 1377 ex
2467 1322 2546 1374 eis
2578 1320 2887 1372 indumenta
2934 1312 3201 1383 baptismo
3250 1314 3510 1378 opportu-

1946 1434 2015 1473 na
2042 1416 2324 1475 emissent,
2356 1409 2781 1478 Hierosolymam
2832 1402 3059 1473 profecti
3092 1409 3237 1465 sunt,
3281 1410 3508 1453 conver-

1947 1518 2120 1565 tentes
2166 1508 2230 1561 ad
2277 1506 2559 1560 Dominum
2603 1499 2826 1554 multam
2873 1493 3150 1565 gentilium
3213 1488 3511 1546 multitudi-

1947 1617 2091 1657 nem.
2126 1619 2144 1650 ³

2582 1700 2805 1759 CAPUT
2832 1699 2896 1754 ll.

2022 1804 2307 1871 Susceptus
2330 1799 2622 1871 baptismus
2650 1834 2664 1859 ,
2690 1796 3031 1871 diaconatus,
3070 1787 3396 1868 episcopatus
3425 1797 3443 1835 :

2249 1858 2461 1925 Julia'ni
2494 1882 2654 1930 mors,
2682 1863 2886 1917 Libanii
2916 1858 3206 1914 conversio.

2017 1991 2153 2045 Cum
2176 1995 2356 2041 autem
2392 1982 2732 2039 Antiochiam
2766 1974 3157 2047 pervenissent,
3180 1970 3519 2025 diverterunt

1950 2080 2016 2137 ad
2042 2077 2312 2135 stabulum
2357 2073 2649 2144 quoddam.
2684 2068 2852 2123 Filius
2892 2078 3053 2135 porro
3079 2060 3380 2127 stabularii,
3406 2073 3506 2113 no-

1948 2175 2096 2229 mine
2143 2170 2488 2233 Philoxenus,
2526 2165 2581 2218 in
2626 2160 2792 2216 multa
2840 2158 3110 2213 anxietate
3154 2168 3264 2224 prae
3310 2150 3520 2207 foribus

1951 2263 2194 2321 sedebat.
2226 2260 2354 2315 Erat
2402 2266 2585 2311 autem
2612 2254 2701 2309 hic
2738 2250 3028 2320 discipulus
3070 2245 3282 2301 Libanii
3340 2242 3522 2313 sophi-

1951 2367 2068 2419 stre,
2094 2371 2124 2408 a
2147 2368 2253 2423 quo
2280 2364 2470 2406 versus
2501 2346 2720 2402 Homeri
2746 2341 2993 2398 oratione
3018 2338 3190 2393 soluta
3219 2333 3521 2390 reddendos

1950 2453 2234 2515 acceperat
2265 2465 2276 2499 :
2302 2456 2474 2511 eoque
2508 2440 2561 2492 in
2600 2435 2765 2490 multa
2794 2432 3126 2487 constitutus
3154 2426 3445 2482 alﬁietione
3466 2434 3521 2476 et

1952 2513 2165 2595 consilii
2205 2536 2361 2604 inops
2381 2572 2395 2597 ,
2421 2530 2599 2587 tristis
2631 2525 2871 2582 dolebat.
2908 2521 3191 2578 Contuitus
3220 2531 3347 2574 eum
3369 2513 3525 2569 Basi-

1954 2632 2079 2699 lius,
2106 2630 2182 2684 ait
2212 2627 2277 2683 ad
2310 2627 2484 2697 ipsum
2519 2642 2534 2678 :
2573 2642 2591 2676 (
2628 2622 2738 2677 Cur
2782 2621 2862 2675 sic
2902 2627 3133 2674 moestus
3175 2631 3269 2679 es,
3295 2628 3330 2669 o
3371 2616 3524 2682 juve-

1954 2724 2082 2776 nis?
2120 2740 2138 2773 ι
2166 2723 2232 2773 At
2271 2718 2360 2772 ille
2391 2733 2448 2771 ε(
2475 2726 2605 2781 uua!
2624 2713 2755 2768 mihi
2781 2710 3008 2773 utilitas,
3041 2708 3088 2763 si
3117 2707 3309 2761 dixero
3331 2702 3465 2758 tibi?
3499 2721 3519 2755 ι

1956 2811 2199 2866 Instante
2216 2819 2393 2862 autem
2429 2806 2648 2869 Basilio,
2670 2814 2723 2857 et
2777 2804 2895 2857 fore
2932 2800 3281 2869 promittente
3314 2803 3373 2849 ut
3392 2793 3524 2864 quid

1955 2903 2267 2971 prodesset,
2324 2899 2462 2951 dixit
2493 2896 2611 2959 ille,
2640 2904 2750 2949 tum
2779 2894 3097 2960 sophistam,
3143 2898 3254 2942 tum
3291 2901 3521 2951 versus;

1959 2996 2207 3067 quodque
2236 3006 2299 3048 ea
2336 3004 2500 3044 causa
2544 2987 2725 3042 animo
2765 2985 2957 3038 anxius
2991 2990 3154 3035 esset.
3195 2980 3265 3033 At
3287 2977 3526 3031 Basilius

1960 3087 2192 3156 acceptis
2209 3084 2478 3148 versibus,
2502 3095 2686 3137 eorum
2711 3079 2874 3147 cmpit
2898 3073 3302 3128 translationem
3322 3070 3524 3123 dicere.

1961 3180 2193 3247 Stupeus
2224 3190 2353 3231 vero
2381 3172 2593 3245 juvenis
2619 3210 2633 3235 ,
2667 3177 2720 3224 et
2747 3182 2912 3237 quam
2946 3164 3184 3217 maxime
3225 3162 3403 3221 laatus.
3436 3174 3525 3212 ro-

1961 3270 2120 3339 gabat
2148 3276 2206 3318 ut
2258 3266 2373 3319 hazc
2403 3264 2608 3331 scripto
2661 3267 2957 3327 exponeret
2984 3273 2998 3309 :
3029 3256 3075 3308 is
3116 3267 3277 3322 porro
3305 3248 3531 3305 solutio-

1961 3374 2083 3414 nem
2128 3355 2324 3425 triplici
2361 3354 2612 3407 versione
2636 3350 2875 3417 seripsit.
2908 3347 3051 3402 Puer
3077 3355 3253 3401 autem
3292 3341 3531 3410 suscepit

1963 3466 2153 3509 versus
2178 3450 2418 3521 gaudens
2445 3486 2458 3510 ,
2493 3454 2827 3514 pergensque
2864 3438 3097 3491 diluculo
3134 3437 3197 3488 ad
3222 3434 3527 3495 Lihauium,

1965 3545 2129 3599 tradit
2176 3543 2224 3595 ei
2257 3553 2515 3594 versuum
2558 3532 2990 3591 translationem.
3026 3527 3321 3597 Accipiens
3348 3534 3529 3580 autem

1963 3634 2257 3698 Libanius,
2288 3642 2343 3686 et
2394 3644 2557 3697 super
2609 3625 2965 3681 translatione
3003 3620 3377 3676 vehementius
3436 3619 3533 3671 ad-

1963 3728 2192 3791 mirans,
2225 3724 2402 3779 dixit:
2435 3741 2453 3773 ‹
2494 3721 2595 3775 Per
2619 3719 2711 3770 Dei
2753 3716 2867 3786 (24)
2910 3714 3329 3782 providentiam,
3354 3709 3532 3763 nullus

1966 3819 2063 3871 aevi
2101 3815 2259 3883 hujus
2314 3811 2611 3879 sapientum
2646 3805 2753 3859 tale
2782 3803 2912 3873 quid
2940 3809 3117 3871 potest
3148 3799 3530 3869 interpretari;

1965 3911 2108 3964 unde
2154 3921 2284 3976 ergo
2340 3906 2533 3957 horum
2586 3914 2755 3954 novus
2812 3894 3059 3950 artifex?
3116 3912 3135 3945 ι
3195 3892 3285 3946 Ait
3348 3890 3533 3946 adole-

1966 4015 2122 4056 scens
2148 4014 2158 4046 :
2194 4016 2212 4049 ι
2250 3994 2573 4061 Peregrinus
2598 3992 2837 4061 quidam,
2865 3989 3085 4043 veniens
3114 3985 3230 4039 heri
3264 3984 3331 4039 ad
3354 3984 3534 4053 hospi-

1968 4092 2120 4155 tium,
2156 4103 2344 4145 eorum
2395 4087 2525 4141 mihi
2582 4083 2903 4139 solutionem
2954 4077 3353 4150 promptissime
3403 4092 3535 4133 enu-

1970 4185 2185 4241 cleavit.
2230 4201 2248 4233 ›

2040 4276 2186 4332 Nihil
2218 4288 2342 4343 ergo
2365 4278 2650 4325 cunctatus
2677 4268 2955 4335 Libanius,
2977 4282 3135 4322 cursu
3158 4266 3223 4319 ad
3244 4262 3534 4331 hospitium

1970 4370 2119 4424 venit
2162 4386 2173 4419 :
2223 4378 2455 4433 cumque
2502 4362 2753 4417 Basilium
2797 4376 2921 4414 cum
2980 4357 3184 4414 Eubulo
3208 4357 3433 4412 vidisset
3484 4365 3540 4409 et

1975 4459 2311 4530 agnovisset,
2343 4457 2488 4510 velut
2520 4463 2692 4507 tactus
2715 4454 2781 4506 de
2802 4451 2939 4506 coalo
2977 4465 3074 4521 pro
3123 4451 3397 4518 insperato
3444 4447 3540 4501 ad-

295 4564 399 4619 stis
457 4562 668 4623 doctor,
718 4558 1000 4612 Trinitatis
1064 4561 1447 4623 propugnator,
1504 4548 1618 4618 pari
1673 4546 1869 4602 robore
1898 4580 1943 4633 Β
1972 4561 2135 4607 ventu
2170 4549 2343 4603 factus
2389 4555 2490 4601 est.
2544 4543 2923 4613 Rogavitergo
2955 4552 3013 4596 ut
3064 4542 3117 4595 in
3146 4541 3361 4594 domum
3385 4552 3538 4591 suam

295 4671 509 4730 prazco;
547 4670 641 4723 per
668 4661 721 4706 te
755 4652 915 4706 credo
941 4652 991 4703 in
1028 4663 1189 4702 unum
1213 4645 1381 4698 Deum
1420 4645 1866 4712 omnipotentem,

298 4762 357 4805 et
390 4764 509 4820 qua:
554 4753 890 4815 sequuntur;
939 4751 1194 4810 exspecto
1229 4738 1679 4793 resurrectionem
1722 4750 1866 4789 mor-

297 4853 550 4901 tuorum,
616 4847 668 4891 et
724 4836 885 4889 vitam
933 4831 1145 4885 venturi
1199 4827 1399 4883 saeculi.
1447 4829 1639 4881 Amen.
1690 4825 1866 4894 Opere

297 4946 483 4992 autem
519 4934 614 4987 tibi
647 4930 872 4985 ostendo
910 4926 1066 4979 ﬁdem
1098 4965 1111 4989 ,
1173 4939 1291 4992 quae
1316 4931 1400 4975 est
1446 4921 1497 4973 in
1533 4936 1618 4973 me
1647 4937 1661 4972 :
1696 4920 1869 4973 omni-

298 5032 511 5094 busque
565 5024 700 5077 meis
766 5018 1109 5074 facultatibus
1156 5017 1207 5067 in
1261 5013 1512 5067 manibus
1548 5012 1652 5065 tuis
1703 5011 1865 5074 datis,

297 5120 522 5175 residuo
552 5113 824 5166 vimineae
849 5120 1108 5177 tempore,
1141 5108 1185 5161 si
1216 5106 1469 5175 placitum
1498 5102 1549 5155 iu
1579 5112 1868 5169 conspectu

301 5213 398 5265 Dei
432 5208 593 5263 fuerit
620 5248 635 5272 ,
677 5213 850 5258 tecum
886 5216 1000 5264 ero,
1034 5208 1281 5268 suscepta
1343 5194 1751 5265 regenaratione
1804 5210 1870 5246 ex

303 5320 448 5371 aqua
477 5314 531 5357 et
552 5299 755 5368 Spiritu
776 5301 983 5348 sancto.
1019 5310 1036 5341 ι
1061 5294 1342 5346 Aitautem
1363 5287 1591 5341 Basilius
1622 5304 1633 5338 :
1660 5303 1677 5335 ι
1703 5282 1873 5337 Bene-

303 5397 483 5451 dictus
536 5393 794 5447 Dominus
847 5385 986 5439 Deus
1016 5395 1220 5450 noster,
1258 5383 1451 5436 amodo
1488 5390 1543 5433 et
1595 5393 1761 5446 usque
1816 5376 1867 5429 in

305 5483 556 5541 saeculum
585 5521 600 5544 ,
628 5496 660 5535 o
689 5474 913 5538 Euhulc,
946 5473 1037 5543 qui
1080 5472 1257 5526 lumen
1308 5484 1493 5525 verum
1540 5471 1701 5522 menti
1770 5474 1870 5518 tua:

383 5665 496 5734 (ΕΗ)
518 5662 774 5717 Lihanius
798 5660 996 5734 impius
1026 5653 1399 5734 idololatra,.e't
1423 5669 1591 5720 usque
1618 5652 1681 5734 ad
1715 5651 1872 5731 linem

312 5737 435 5786 vitm
474 5722 717 5799 pertinax
762 5733 812 5784 in
843 5722 936 5783 sua
980 5730 1274 5799 impietate,
1302 5723 1561 5799 sijurare
1596 5722 1869 5799 voluisset,

310 5820 415 5853 non
448 5788 541 5861 u'cr
561 5805 795 5853 divinam
827 5788 1245 5854 Providentiam,
1284 5788 1490 5855 scil’per
1515 5790 1721 5845 Jovem,
1746 5788 1871 5838 For-

314 5860 541 5923 tunam.
588 5882 671 5923 aut
729 5867 1002 5937 gentilium
1056 5864 1274 5915 deorum
1329 5861 1555 5927 aliquem
1609 5860 1864 5921 jurasset.

1976 4645 2339 4703 diverterent;
2378 4652 2440 4691 ac
2474 4638 2581 4690 voti
2609 4650 2849 4706 compos,
2878 4634 3071 4689 orabat
3118 4642 3175 4685 ut
3206 4631 3366 4685 etiam
3390 4629 3540 4683 cibos

1977 4736 2221 4793 conditos
2259 4740 2314 4786 et
2346 4730 2681 4786 delicatiores
2726 4735 2999 4783 sumerent
3032 4749 3041 4780 :
3079 4734 3135 4779 at
3173 4724 3247 4779 illi
3284 4736 3423 4790 pane
3482 4730 3538 4774 et

1977 4840 2112 4895 aqua
2138 4825 2345 4880 modice
2373 4822 2575 4887 satiati,
2607 4836 2703 4890 pro
2727 4834 2822 4874 sua
2860 4819 2947 4873 illa
2992 4827 3046 4873 et
3074 4817 3213 4888 apud
3250 4829 3344 4869 eos
3390 4812 3539 4867 obti-

1977 4928 2138 4973 nente
2166 4914 2579 4978 consuetudine,
2633 4911 2835 4981 gratias
2869 4917 3092 4979 egerunt
3126 4908 3234 4962 Deo
3269 4906 3546 4959 universo-

1978 5026 2094 5065 rum
2121 5021 2175 5064 et
2200 5011 2467 5065 bonorum
2499 5003 2761 5073 largitori.
2812 5004 3061 5056 Actutum
3094 5015 3225 5071 ergo
3256 5000 3419 5068 coepit
3446 4997 3534 5050 Li-

1979 5102 2174 5155 banius
2208 5116 2330 5154 cum
2365 5099 2469 5153 illis
2500 5096 2798 5164 disputare,
2827 5103 2882 5147 et
2912 5093 3184 5145 rhetorum
3220 5105 3389 5159 nugas
3405 5102 3543 5157 pra:-

1982 5194 2249 5248 tendere:
2286 5202 2342 5244 at
2394 5189 2469 5243 illi
2523 5192 2917 5257 proposuerunt
2949 5196 3251 5239 sermonem
3304 5181 3370 5233 de
3417 5178 3541 5232 ﬁde.

1980 5286 2237 5339 Libanius
2268 5293 2446 5336 autem
2471 5282 2613 5336 dicta
2645 5277 2950 5345 percipiens
2971 5284 3329 5346 gustansque;
3354 5286 3372 5321 ι
3400 5268 3545 5323 Non-

1979 5378 2125 5437 dum,
2177 5376 2392 5444 inquit,
2440 5382 2522 5426 est
2568 5379 2778 5437 tempus
2820 5367 2979 5437 hujus
3036 5362 3282 5432 negotii:
3320 5361 3547 5431 jubente

1982 5476 2157 5522 autem
2197 5466 2559 5528 Providentia,
2613 5476 2717 5515 non
2746 5470 2832 5516 est
2862 5461 2953 5529 qui
2989 5457 3225 5511 resistat.
3281 5454 3385 5509 Sed
3420 5454 3545 5524 quia

1990 5651 2179 5704 Exstat
2209 5650 2328 5717 ejus
2375 5649 2549 5701 oratio
2581 5648 2646 5701 de
2677 5647 2785 5699 vita
2811 5656 2905 5697 sua
2928 5642 3027 5717 ,_i_n
3063 5656 3165 5710 qua
3198 5638 3326 5692 nihil
3354 5636 3545 5717 divina:

1986 5706 2356 5781 I’rovitletitirc,
2394 5719 2484 5769 sed
2514 5718 2693 5769 omnia
2736 5730 2852 5781 quae
2903 5713 3002 5768 sibi
3056 5706 3366 5769 evenerant,
3405 5706 3542 5760 mala

1982 5800 2033 5843 et
2070 5791 2227 5848 bona,
2265 5787 2509 5841 [ηπ-ξυιυς
2542 5786 2801 5838 attribuit.
