4046 6462
520 433 606 477 ςεε

1872 412 2236 470 PROLEGOM
2245 411 2397 467 ENA.

523 536 813 603 plurimum
847 531 978 586 mihi
1011 530 1279 600 profuisti,
1312 547 1345 587 ο
1374 531 1559 598 Basili,
1592 549 1658 588 ne
1678 535 1839 587 etiam
1866 535 2087 601 juvenes
2115 538 2161 595 Α
2196 530 2380 592 sisset,
2410 526 2560 582 humi
2589 540 2648 581 se
2675 523 2882 591 iactat;
2914 532 2969 579 et
3012 540 3132 581 cum
3157 524 3413 597 lacrymis
3440 533 3496 582 et
3522 526 3758 584 clamore

516 627 611 697 qui
652 626 792 696 apud
830 639 915 680 tne
942 626 1246 682 educantur
1286 623 1483 695 alloqui
1533 640 1773 681 recuses.
1820 644 1839 675 ι
1884 626 1931 679 Is
1959 640 2086 680 vero

520 719 664 775 nulla
719 732 911 784 mora,
951 724 1305 787 congregatos
1360 717 1480 773 illos
1534 717 1717 774 docuit
1754 717 2087 788 (25)mentis

516 810 840 868 munditiam
868 810 1226 883 corporisque
1247 812 1560 882 apathiam;
1595 812 1841 868 decoram
1872 812 2087 866 habitus

511 905 987 977 compositionem,
1041 905 1311 959 incessum
1363 905 1572 971 lenem,
1605 920 1792 960 vocem
1818 916 2085 974 tempera-

514 1008 651 1063 tam,
683 996 863 1053 cibum
886 1005 942 1053 et
974 1006 1163 1067 potum
1197 996 1404 1067 absque
1428 997 1869 1066 perturbatione;
1902 1012 2083 1052 coram

511 1087 820 1145 senioribus
845 1087 1145 1155 silentium,
1167 1101 1349 1143 coram
1375 1087 1793 1155 sapientioribus
1808 1089 2083 1157 auditum;

516 1195 645 1252 erga
671 1179 978 1250 superiores
997 1178 1383 1242 obedientiam,
1403 1191 1531 1249 erga
1562 1178 1799 1248 tequales
1818 1180 2085 1235 minores-

515 1286 621 1341 que
650 1271 976 1328 charitatem
1017 1285 1123 1325 non
1188 1268 1490 1323 simulatam
1518 1284 1535 1325 :
1568 1283 1598 1324 a
1630 1271 1784 1326 vanis
1811 1279 1865 1325 et
1893 1285 2085 1324 carna-

515 1364 659 1419 libus
702 1363 1156 1432 negotiorumque
1205 1360 1644 1417 facessendorum
1677 1361 1937 1417 studiosis
1960 1362 2086 1417 abs-

516 1456 690 1522 trahi;
734 1471 903 1525 pauca
930 1453 1097 1525 loqui,
1125 1452 1292 1507 multa
1319 1468 1450 1507 vero
1484 1452 1757 1523 cogitare;
1821 1467 1929 1507 non
1962 1468 2085 1508 esse

515 1547 838 1603 audaciores
868 1561 1149 1609 sermone,
1183 1557 1290 1598 non
1320 1542 1658 1612 loquaciores
1683 1563 1698 1613 ;
1728 1560 1833 1599 non
1875 1559 1995 1599 esse
2018 1546 2084 1597 ad

519 1641 685 1692 risum
719 1638 1021 1708 prtecipites
1046 1678 1061 1698 .
1119 1638 1324 1707 pudore
1365 1636 1675 1701 honestari;
1713 1652 1818 1691 non
1853 1635 2084 1706 colloqui

516 1726 799 1794 impudicis
830 1726 1179 1789 mulieribus;
1234 1738 1353 1778 esse
1384 1724 1503 1776 visu
1532 1724 1789 1789 vultuque
1819 1721 2081 1784 demisso,

517 1819 700 1873 animo
744 1828 924 1873 autem
957 1831 1170 1871 sursum
1203 1826 1419 1881 erecto;
1472 1817 1658 1886 fugere
1692 1814 2081 1868 contradictio-

2191 624 2374 677 valido
2404 622 2617 692 signum
2652 620 2754 675 sibi
2792 617 2915 674 ﬁdei
2946 618 3170 672 revelari
3195 619 3453 689 poscebat
3482 637 3497 675 ε
3527 635 3760 691 moxque

2192 731 2315 770 cum
2354 722 2590 769 tremore
2620 725 2847 780 surgens
2879 719 3062 765 vestes
3084 710 3254 776 exuit,
3271 725 3335 766 ac
3355 727 3476 767 cum
3497 713 3579 766 eis
3601 715 3759 782 plane

2191 805 2420 874 deponit
2446 813 2681 860 veterem
2716 801 3013 857 hominem.
3044 799 3137 855 Sic
3160 801 3371 857 demum
3425 803 3758 860 descendens

2191 899 2252 953 in
2282 912 2476 966 aquam
2509 936 2526 962 ,
2559 894 2882 964 precabatur
2915 908 2931 947 :
2962 902 3018 948 et
3043 893 3309 948 accedens
3336 895 3595 950 sacerdos
3633 910 3756 951 eum

2190 989 2489 1059 baptizavit
2536 987 2668 1057 (i6).
2704 986 2772 1041 Et
2805 999 2933 1040 ecce
2955 984 3139 1054 fulgur
3183 984 3323 1054 ignis
3344 986 3611 1054 pmfulsit
3653 988 3753 1053 eis,

2190 1096 2522 1155 egressaque
2552 1096 2619 1136 ex
2650 1094 2717 1136 eo
2746 1080 2995 1136 columba
3026 1079 3079 1133 in
3130 1076 3421 1134 Iordanem
3448 1079 3754 1145 descendit,

2188 1192 2255 1232 ae
2302 1173 2519 1230 turbata
2548 1187 2688 1242 aqua
2716 1173 2768 1226 in
2795 1171 2993 1227 ctelunt
3028 1169 3259 1225 avolavit
3290 1185 3304 1223 :
3333 1170 3425 1239 qui
3451 1186 3582 1226 vero
3604 1179 3756 1225 asta-

2187 1268 2319 1323 bant
2342 1275 2583 1321 tremore
2605 1264 2865 1332 correpti,
2896 1265 3060 1319 Deum
3090 1261 3551 1333 gloriﬁcaverunt.
3587 1262 3757 1317 Porro

2190 1357 2445 1418 Basilius.
2474 1364 2732 1424 suscepto
2765 1353 3119 1423 baptismate,
3148 1354 3215 1410 de
3238 1369 3376 1424 aqua
3414 1353 3603 1419 exivit,
3635 1369 3754 1409 om-

2187 1465 2396 1520 nesque
2445 1449 2511 1503 ad
2573 1460 2762 1517 preces
2811 1446 3058 1503 hortatus
3106 1455 3209 1502 est.
3241 1447 3532 1501 Admirans
3576 1456 3754 1501 autem

2195 1540 2463 1595 Maximus
2493 1538 2678 1595 Basilii
2702 1537 2884 1604 ﬁdem,
2914 1540 3275 1610 precibusque
3300 1554 3465 1609 super
3496 1554 3624 1593 eum
3676 1539 3759 1592 l'u-

2186 1630 2282 1695 sis,
2307 1628 2726 1684 resurrectionis
2748 1626 2949 1683 Christi
2976 1629 3213 1685 vestibus
3240 1630 3431 1683 induit.
3456 1627 3761 1699 Baptizavit

2187 1729 2367 1775 autem
2425 1728 2480 1773 et
2526 1718 2787 1775 Euhulum
2815 1759 2831 1784 ,
2880 1719 3203 1790 tingensque
3250 1735 3410 1775 sacro
3455 1728 3752 1792 unguento,

2188 1811 2407 1866 tradidit
2448 1811 2717 1865 vivilicam
2779 1812 3237 1867 communionem.
3288 1810 3520 1880 Rogavit
3573 1822 3755 1868 autem

517 1926 635 1975 nes,
660 1926 767 1965 non
796 1909 1043 1979 persequi
1067 1910 1388 1980 dignitatem
1416 1906 1690 1977 magistri,
1715 1904 1866 1958 nihili
1902 1904 2081 1958 facere
2113 1887 2157 1944 Β
2190 1903 2422 1958 Basilius
2451 1902 2543 1957 Dei
2573 1902 2932 1966 sacerdotem,
2967 1913 3026 1957 ut
3050 1911 3375 1973 apprecante
3403 1903 3543 1971 ipso,
3574 1904 3753 1958 cibmn

513 2001 658 2070 quod
686 2013 875 2055 omnes
906 1998 1139 2053 habeant
1168 1997 1385 2059 honori,
1432 2010 1529 2050 nec
1566 1994 1910 2064 proﬁcientes
1934 2007 2081 2063 quae-

514 2107 637 2148 rere
687 2090 979 2145 humanam
1040 2089 1257 2143 laudem
1313 2105 1327 2141 :
1383 2089 1525 2156 quod
1570 2087 1614 2141 si
1673 2086 1795 2155 quis
1844 2092 2079 2138 vestrum

510 2182 632 2239 aliis
685 2182 850 2237 etiam
923 2182 1183 2251 prodesse
1238 2190 1459 2250 potest,
1506 2194 1535 2232 a
1614 2178 1726 2232 Deo
1777 2175 2079 2231 mercedem

511 2282 795 2344 exspectet
834 2281 889 2327 et
922 2284 1243 2328 aeternorum
1286 2273 1546 2325 bonorum
1618 2267 2077 2331 vicissitudinem,

512 2368 566 2421 in
638 2365 857 2422 Christo
917 2363 1047 2420 Jesu
1127 2363 1353 2418 Domino
1428 2371 1633 2416 nostro.
1714 2357 1786 2414 lis
1850 2357 2085 2414 Basilius

511 2460 576 2510 ad
609 2455 825 2512 Libanii
882 2455 1179 2525 discipulos
1238 2452 1444 2518 dictis,
1493 2452 1852 2520 omnibusque
1901 2451 2080 2505 admi-

512 2547 711 2603 rationi
768 2546 985 2600 hahitus
1017 2583 1032 2609 ,
1076 2560 1180 2599 una
1223 2558 1344 2598 cum
1374 2544 1580 2599 Eubulo
1627 2552 1948 2600 oroseeutus
1999 2552 2083 2596 est

512 2636 636 2692 iter.

582 2727 716 2783 Cum
758 2726 939 2796 itaque
966 2725 1395 2797 Hierosolymam
1416 2726 1809 2794 pervenissent.
1839 2736 2083 2777 omnem-

512 2832 617 2888 que
651 2816 830 2872 locum
857 2833 1072 2871 sacrum
1114 2816 1217 2871 lide
1248 2824 1303 2869 et
1330 2816 1601 2870 desiderio
1637 2815 2079 2887 perlustrassent,

513 2909 648 2960 etin
697 2908 777 2961 eis
831 2908 994 2961 Deum
1030 2909 1119 2976 qui
1172 2915 1258 2961 est
1301 2922 1463 2975 super
1493 2909 1671 2961 omnia
1719 2909 2078 2972 adorassent;

517 2992 789 3049 manifesﬁ
842 3005 967 3050 sunt
1014 2997 1266 3065 episcopo
1293 2997 1554 3060 civitatis,
1581 2996 1797 3052 nomine
1826 2995 2080 3051 Maximo.

517 3087 653 3141 lluic
711 3102 839 3139 vero
897 3088 1243 3149 accedentes,
1289 3089 1696 3154 postulaverunt
1740 3097 1798 3140 ut
1847 3088 2081 3140 divinam

515 3178 973 3250 regenerationem
1014 3176 1069 3231 in
1108 3176 1347 3233 Jordane
1385 3177 1548 3232 ﬁuvio
1592 3178 1783 3233 liceret
1806 3181 2081 3248 consequi.

514 3269 615 3325 Eos
640 3269 723 3322 vir
749 3269 835 3323 ille
857 3281 1079 3325 sanctus
1105 3270 1193 3323 ubi
1220 3268 1408 3337 plenos
1437 3268 1540 3323 ﬁde
1589 3267 1816 3325 vidisset
1842 3310 1858 3336 ,
1892 3268 2078 3339 implet

514 3374 748 3430 tpsormn
773 3362 1113 3431 petitionem,
1177 3363 1447 3431 sociisque
1474 3361 1722 3416 ﬁdelibus
1752 3362 1907 3428 viris,
1933 3364 2076 3421 venit

516 3454 579 3508 sd
618 3450 928 3507 Iordanem.
970 3452 1102 3508 Cum
1144 3469 1271 3509 vero
1308 3452 1543 3508 Basilius
1593 3455 1660 3509 ad
1692 3454 1862 3523 ripam
1895 3471 2080 3512 acces-

588 3632 701 3702 (25)
735 3633 881 3695 lisse,
910 3643 964 3686 et
994 3647 1111 3699 qua:
1133 3640 1456 3699 sequuntur,
1483 3630 1687 3699 optima
1715 3638 1862 3702 sunt,
1886 3631 2082 3702 acha-

518 3698 641 3758 sitio
670 3698 829 3773 digna
855 3718 872 3757 :
901 3704 1003 3773 sed
1016 3698 1367 3773 parum’apte
1386 3698 1759 3769 proponuntur
1790 3698 2080 3773 juvenibus

518 3770 772 3835 ethnicis,
792 3772 1037 3841 quamvis
1068 3771 1403 3841 philosophis
1433 3790 1446 3825 :
1480 3785 1603 3824 nam
1626 3785 1692 3825 ex
1731 3784 1917 3825 eorum
1939 3770 2082 3841 prin-

524 3843 693 3913 cipiis
714 3846 828 3899 erui
870 3859 974 3897 non
1006 3852 1252 3913 possunt.

594 3912 710 3982 (26)
738 3914 942 3977 Quaerit
988 3910 1371 3975 Combetisius,
1422 3925 1520 3965 cur
1576 3910 1829 3977 Basilius,
1886 3912 1975 3980 pie
2027 3924 2089 3965 ac

527 3990 711 4036 sancte
741 3984 1002 4037 educatus
1028 3999 1054 4035 a
1084 3983 1399 4049 parentibus
1432 3993 1485 4034 et
1527 3984 1645 4033 avia
1677 3982 1934 4045 Macrina,
1966 3991 2087 4035 tan-

528 4054 617 4105 iliu
652 4052 977 4122 baptismum
1026 4052 1296 4122 distulerit
1327 4066 1342 4103 :
1384 4061 1491 4103 tum
1514 4061 1897 4122 congruentes
1918 4066 2092 4122 quas-

530 4126 652 4175 dam
709 4119 944 4177 rationes
983 4119 1160 4184 aﬁert,
1190 4123 1259 4177 ob
1310 4136 1443 4190 quas
1475 4120 1525 4174 id
1578 4119 1692 4174 ﬁeri
1720 4119 1971 4187 potuerit.
2029 4121 2096 4175 Et

534 4206 719 4247 revera
755 4193 1062 4262 grandioris
1101 4192 1280 4247 forsan
1327 4192 1502 4245 aetatis
1528 4200 1668 4251 erat,
1694 4190 2093 4262 cnm_l_)aptiza-

532 4274 615 4313 tus
641 4273 725 4316 est
754 4258 891 4316 {sed
921 4278 1027 4315 non
1068 4263 1120 4316 itt
1149 4262 1400 4317 Jurdanc.
1436 4262 1546 4330 Ego
1568 4262 1711 4314 enim
1744 4261 1794 4311 in
1834 4258 1952 4313 Vita
1976 4260 2089 4314 Ba-

530 4335 658 4398 silii,
686 4336 860 4402 capite
893 4333 1087 4401 primo,
1122 4342 1175 4386 ct
1198 4341 1412 4402 quarto,
1448 4330 2089 4402 ipsiusisanctitcstimo-

530 4405 624 4458 nio
649 4400 861 4457 ostendi
891 4400 905 4465 ,
931 4418 1054 4457 eum
1106 4417 1210 4456 non
1260 4417 1299 4470 a7
1321 4401 1552 4455 Maximo
1592 4400 2086 4470 Hierosolymorum

530 4474 784 4541 episcopo
814 4471 1142 4537 baptizatum
1198 4473 1248 4524 in
1278 4469 1530 4532 Jordane,
1562 4473 1655 4525 sed
1686 4472 1737 4523 in
1768 4470 1940 4539 patria
1990 4486 2085 4524 sua

530 4543 790 4597 Cmsarea:
816 4557 845 4594 a
890 4541 1078 4596 Dianio
1102 4586 1114 4603 .
1174 4543 1330 4595 istius
1381 4543 1529 4596 urbis
1562 4542 1835 4609 episcopo,
1862 4550 1958 4592 aut
1985 4542 2089 4592 sal~

534 4620 640 4664 tem
669 4623 793 4667 ante
821 4612 1195 4682 episcopatum
1223 4623 1529 4682 susceptum
1562 4613 1893 4682 presbytero.
1912 4609 2087 4663 Adeo-

534 4697 637 4749 que
699 4680 1025 4751 baptisntum
1060 4681 1238 4735 Basilii
1275 4680 1813 4749 Hierosolytnitattitm
1836 4722 1850 4744 ,
1882 4695 2087 4734 merum

531 4766 651 4805 esse
677 4752 1268 4821 pseudo-Amphilochii
1309 4762 1693 4805 commentum.
1719 4751 1784 4804 Et
1807 4760 2089 4821 propterea

534 4820 755 4876 mittime
782 4837 999 4876 necesse
1019 4834 1102 4877 est
1127 4823 1246 4876 aliis
1288 4823 1446 4892 hujus
1474 4822 1725 4890 baptismi
1758 4820 2093 4891 explicandis

534 4893 956 4947 circumstantiis
995 4894 1289 4946 immorari.

607 4962 721 5033 (27)
755 4962 909 5017 Hunc
937 4964 1111 5033 locum
1137 4964 1205 5015 ita
1242 4963 1624 5031 interpretatus
1653 4971 1738 5017 est
1762 4959 1935 5033 Ursus
1966 4962 2093 5016 sub—

535 5030 795 5088 diaconus
823 5035 961 5100 apud
1008 5032 1367 5101 Roswcydum
1400 5050 1457 5087 :s
1489 5033 1555 5087 Et
1590 5032 1798 5102 rogavit
1832 5030 2088 5086 Basilium

536 5105 630 5157 Dei
660 5103 932 5164 sacerdos,
967 5113 1083 5167 post
1113 5107 1412 5171 orationem
1446 5118 1662 5157 sumere
1699 5104 1875 5155 cibunt
1904 5120 1918 5155 :
1950 5105 2091 5171 quod

534 5189 585 5226 ct
623 5172 770 5241 fecit,
800 5175 984 5228 dicens
1005 5191 1019 5225 :
1040 5173 1261 5227 Domine
1296 5170 1423 5225 Jesu
1450 5173 1680 5235 Christe,
1712 5172 1857 5226 Deus
1887 5170 2091 5237 noster,

534 5245 608 5297 ita
640 5248 803 5299 credo
834 5244 1161 5313 evangelica:
1194 5244 1317 5313 voci
1346 5253 1447 5295 tme
1477 5252 1531 5295 et
1561 5259 1716 5312 spero
1756 5245 1808 5296 in
1841 5243 2087 5310 benigni-

539 5323 645 5368 tate
668 5324 780 5378 tua,
797 5324 854 5369 ut
877 5314 1207 5367 manducans
1231 5324 1284 5366 et
1310 5312 1498 5367 bibens
1523 5314 1723 5365 vincam
1755 5313 2091 5368 resistentem

539 5386 693 5439 nobis
727 5385 1017 5449 diabolum,
1043 5385 1420 5451 cooperatione
1446 5384 1679 5451 Spiritus
1717 5384 1891 5437 sancti
1928 5383 2021 5435 tui.
2068 5403 2087 5435 ι

537 5454 728 5512 Nescio
748 5470 871 5523 ego,
906 5456 994 5507 ubi
1028 5456 1079 5507 in
1110 5455 1399 5523 Evangelia
1434 5456 1693 5521 scriptum
1725 5456 1833 5516 sit,
1868 5455 2090 5507 mandu-

536 5528 714 5579 cando
750 5535 805 5579 et
838 5524 1067 5577 bibendo
1096 5526 1234 5577 vinci
1263 5523 1568 5587 diabolum;
1626 5526 1716 5576 sed
1762 5527 1920 5583 bene.
1955 5526 2091 5589 quod

538 5612 707 5662 genus
738 5594 954 5665 aliquod
978 5664 985 5665 ί
1011 5594 1393 5648 ᾶῖεηιοηῑοτυιη
1420 5611 1539 5665 non
1592 5594 1863 5662 ejiciatur,
1905 5594 2003 5665 nisi
2040 5596 2091 5647 in

538 5666 780 5720 i-ratione
829 5663 883 5722 et
916 5663 1139 5733 jejunio.
1197 5666 1371 5719 Credo
1415 5664 1597 5733 itaque
1643 5666 1824 5718 dicere
1866 5664 2096 5720 voluisse

543 5735 1243 5803 pseudo-Amphilochium
1275 5773 1289 5797 ,
1346 5733 1606 5801 frugalem
1661 5737 1902 5803 corporis
1959 5738 2094 5788 relc-

537 5809 771 5858 mionem
843 5821 949 5860 non
1006 5809 1194 5859 obesse
1238 5805 1631 5859 Conﬁdentibus
1687 5808 1739 5859 in
1774 5805 1962 5868 Deum,
1989 5820 2095 5875 quo

538 5891 713 5933 mmus
731 5874 995 5931 diabolum
1018 5877 1230 5932 vincere
1251 5878 1473 5945 possint,
1546 5876 1718 5946 gratia
1769 5874 2009 5947 Spiritus
2031 5878 2086 5935 S.

2182 1996 2283 2051 sibi
2317 1995 2505 2051 liceret
2532 2009 2749 2050 sumere
2779 2011 2794 2050 :
2828 1994 2968 2063 quod
3014 2002 3070 2049 et
3131 1993 3388 2050 obtinuit.
3429 1992 3565 2047 Tum
3604 1994 3757 2050 Basi-

2183 2088 2285 2141 lius
2314 2105 2327 2141 :
2375 2105 2394 2139 ι
2428 2083 2555 2140 Jesu
2586 2085 2798 2141 Christe
2829 2085 2971 2141 Deus
3007 2092 3211 2150 noster,
3235 2085 3400 2138 credo
3427 2085 3755 2154 evangelicae

2184 2178 2301 2233 voci
2330 2190 2452 2241 tum,
2483 2188 2538 2233 et
2558 2192 2718 2247 spero
2751 2177 2804 2231 in
2838 2186 2926 2233 tua
2952 2176 3198 2232 bonitate
3221 2175 3360 2248 (‘27),
3379 2178 3759 2233 manducando

2181 2278 2237 2322 et
2265 2269 2503 2325 bibendo
2532 2270 2797 2323 victurum
2829 2283 2916 2323 me
2951 2270 3329 2325 adversantem
3381 2271 3538 2326 nobis
3561 2269 3755 2326 diabo-

2184 2362 2295 2415 lum
2328 2359 2532 2415 auxilio
2567 2360 2803 2431 Spiritus
2853 2360 3048 2417 sancti.
3088 2380 3110 2415 ι
3141 2360 3374 2432 Stupens
3422 2373 3602 2419 autem
3658 2364 3753 2420 Dei

2182 2453 2436 2509 sacerdos
2481 2467 2643 2524 super
2695 2452 2800 2509 ﬁde
2834 2453 2951 2524 ejus
2981 2495 2997 2521 ,
3031 2467 3281 2509 reversus
3337 2463 3417 2509 est
3459 2471 3582 2509 eum
3640 2456 3747 2511 illis

2184 2546 2236 2599 in
2293 2554 2539 2601 sanctam
2594 2545 2891 2601 civitatem.
2943 2547 3159 2602 Annum
3214 2562 3340 2601 vero
3388 2547 3462 2602 ibi
3515 2562 3757 2602 commo-

2184 2642 2335 2688 ratus
2388 2648 2509 2687 cum
2560 2634 2809 2700 Eubulo,
2840 2638 3113 2690 communi
3169 2636 3402 2692 consilio
3461 2637 3614 2692 venit
3640 2637 3755 2691 An-

2184 2725 2466 2780 tiochiam.
2507 2723 2676 2781 Porro
2721 2725 2955 2781 Basilius
2984 2741 3012 2779 a
3052 2725 3266 2781 Meletio
3315 2725 3455 2797 (‘28),
3511 2728 3756 2797 ejusdem

2188 2818 2340 2874 urbis
2370 2818 2659 2888 episcopo,
2694 2816 2762 2870 ad
2794 2816 3006 2872 diaconi
3054 2818 3301 2873 ordinem
3360 2829 3661 2887 promotus.
3694 2820 3761 2872 li-

2185 2909 2453 2979 brumque
2490 2908 2605 2980 (‘29)
2638 2908 3057 2964 Proverbiorum
3089 2908 3499 2980 interpretatus,
3520 2911 3761 2966 admira-

2187 3002 2319 3057 tioni
2351 3001 2471 3057 fuit.

2257 3092 2374 3146 Non
2414 3092 2587 3147 multo
2613 3101 2733 3162 post
2759 3092 3035 3160 profectus
3078 3101 3161 3148 est
3185 3133 3201 3157 ,
3234 3108 3336 3147 una
3365 3108 3487 3148 cum
3520 3093 3754 3163 Eubulo,

2190 3183 2241 3236 in
2273 3181 2648 3251 Cappadocum
2674 3185 3042 3249 provinciam;
3096 3199 3332 3255 cumque
3352 3186 3756 3242 Caesareensem

2188 3274 2377 3328 urbem
2408 3282 2591 3327 essent
2617 3274 2911 3342 ingressuri
2941 3314 2958 3340 ,
2994 3275 3048 3328 in
3095 3276 3304 3332 visione
3333 3280 3513 3335 noctis
3543 3280 3755 3334 revela-

2187 3376 2300 3420 tum
2336 3373 2422 3420 est
2453 3363 2695 3432 ejusdem
2733 3374 2859 3417 tunc
2890 3365 3040 3418 urbis
3069 3365 3324 3433 episcopo
3351 3368 3466 3437 (30)
3486 3410 3503 3434 ,
3530 3368 3759 3425 Leontio

2196 3457 2412 3513 nomine
2440 3497 2456 3521 ,
2493 3458 2685 3511 horum
2729 3456 3028 3523 adventus;
3072 3457 3323 3525 quodque
3360 3459 3595 3515 Basilius
3634 3462 3755 3531 ejus

2262 3634 2375 3707 (28)
2436 3634 3320 3708 Basilittmuunquamdiaconum
3378 3639 3543 3695 fuisse
3594 3652 3757 3708 negat

2188 3702 2562 3780 lict-inantius,
2586 3706 2655 3780 ob
2682 3702 2951 3780 silentium
2981 3706 3305 3780 Nazianzeni
3331 3729 3346 3776 ;
3383 3713 3473 3780 qui
3511 3723 3637 3765 ante
3667 3702 3755 3768 sa-

2192 3776 2515 3837 cerdotium,
2550 3775 2719 3826 solum
2771 3777 3013 3829 ordinem
3069 3786 3123 3829 et
3168 3775 3414 3833 oﬁicium'
3434 3781 3652 3836 lectoris
3704 3785 3753 3837 ei

2197 3844 2467 3901 attribuit,
2521 3844 2679 3909 idque
2726 3844 2778 3895 in
2827 3841 3067 3898 Ecclesia
3099 3846 3449 3903 Caesareensi.
3478 3851 3545 3904 Ut
3571 3862 3754 3907 autem

2196 3912 2501 3965 verosimile
2533 3927 2638 3965 non
2694 3922 2810 3983 est.
2840 3923 3082 3983 sanctum
3113 3927 3297 3969 contra
3331 3933 3563 3973 canones
3591 3960 3606 3983 ,
3666 3934 3759 3976 aut

2198 3982 2479 4036 transiisse
2511 3983 2577 4036 ab
2632 3998 2732 4036 una
2765 3981 3001 4036 Ecclesia
3037 3985 3101 4035 ad
3128 3986 3326 4051 aliam,
3382 4000 3475 4041 aut
3518 3981 3600 4044 abi
3639 3992 3747 4046 alio

2194 4052 2890 4128 quamproprioepiscopo
2919 4055 3254 4128 ordinatum,
3291 4058 3360 4111 ita
3419 4075 3635 4128 quoque
3663 4076 3746 4115 est

2198 4122 2513 4177 incredibile
2546 4141 2573 4177 a
2605 4125 2812 4178 Melctio
2847 4124 3098 4192 episcopo
3122 4122 3458 4181 Antiochemi
3506 4122 3748 4185 creatum

2202 4192 2369 4264 fuisse
2401 4194 2683 4246 diaconum
2723 4213 2734 4247 :
2766 4198 3010 4263 quamvis
3041 4198 3090 4249 id
3122 4197 3404 4264 scripserit
3427 4198 3677 4254 Socrates
3698 4213 3749 4253 et

2198 4261 2564 4336 hiicepltorus;
2602 4264 2687 4317 bie
2716 4261 2929 4336 quidem
2963 4264 3103 4336 illius
3123 4261 3451 4336 auctoritate
3473 4270 3750 4336 deceptus.

2199 4331 2285 4385 ille
2313 4343 2490 4385 autem
2525 4334 2838 4403 synonymia
2875 4333 3098 4389 alterius
3120 4334 3329 4403 Basilii,
3350 4348 3537 4393 sancto
3556 4331 3751 4395 Joanui

2196 4404 2583 4471 Cbrysostomo
2609 4403 2906 4471 lainiiliaris.

2266 4472 2377 4545 (29)
2394 4472 2616 4545 Librum
2650 4470 3061 4545 Proverbiorum
3104 4474 3488 4545 interpretatus
3511 4490 3615 4542 est,
3644 4496 3750 4535 non

2196 4542 2491 4617 Antiochia:
2534 4544 2929 4617 diaconus,__sed
2957 4544 3217 4617 Caesarem
3248 4542 3527 4617 presbyter
3559 4549 3751 4606 factus.

2267 4613 2389 4687 (ﬁdi
2413 4613 2512 4669 Pro
2547 4613 2771 4667 Leontio
2804 4614 2974 4687 Ursu_s
3019 4616 3155 4687 apud
3197 4613 3551 4687 Buswcyilurtt
3596 4621 3756 4676 habet

2195 4681 2525 4753 Eusebium:
2568 4698 2749 4736 verum
2783 4700 2879 4753 pro
2930 4681 3182 4750 Eusebio,
3208 4681 3486 4741 Leontium
3523 4691 3759 4745 restituit

2194 4752 2550 4806 Combcﬁsius
2576 4793 2591 4816 ,
2622 4765 2676 4807 et
2709 4755 2761 4807 in
2786 4752 2953 4809 hunc
2985 4754 3155 4807 locum
3210 4760 3282 4809 ita
3313 4771 3707 4816 commentatur
3738 4780 3752 4813 :

2198 4841 2217 4895 ᾳ
2254 4822 2534 4877 Leontium
2561 4826 2895 4878 restituimus
2927 4840 2989 4878 es
3012 4827 3204 4895 duplici
3229 4827 3395 4895 ltcgio
3426 4830 3610 4884 codice
3635 4848 3750 4882 ma-

2188 4894 2324 4961 joris
2349 4906 2402 4947 et
2429 4894 2548 4945 Iidei
2581 4905 2631 4947 et
2656 4896 3020 4963 antiquitatis;
3056 4894 3152 4950 nec
3183 4897 3286 4949 ulla
3322 4894 3544 4952 veritate
3574 4900 3757 4953 consi-

2193 4964 2308 5034 stit,
2329 4965 2471 5031 quod
2490 4979 2610 5016 cmn
2632 4964 2906 5034 impressis
2936 4966 3165 5019 habebat
3190 4967 3326 5021 alter
3347 4970 3512 5022 codex
3534 4987 3552 5020 ‹
3589 4970 3753 5024 Euse-

2194 5033 2338 5088 bium
2375 5052 2388 5087 :
2420 5051 2458 5103 ί»
2487 5044 2611 5088 ante
2637 5037 2791 5102 cujus
2810 5034 3171 5103 episcopatum
3213 5047 3429 5093 constat
3459 5038 3623 5093 fuisse
3649 5041 3750 5095 Ba-

2194 5105 2372 5157 silium
2400 5102 2677 5168 Caesareae,
2709 5115 2765 5157 et
2790 5106 2941 5160 valde
2973 5102 3192 5169 notum;
3232 5119 3287 5161 ut
3312 5110 3473 5161 etiam
3502 5110 3754 5167 diverso--

2197 5189 2308 5227 runt
2339 5175 2531 5227 studiis
2564 5176 2634 5228 sit
2666 5190 2762 5243 pro
2809 5190 2874 5229 eo
2909 5177 3047 5229 inter
3076 5179 3263 5232 ambos
3294 5186 3575 5244 certatum,
3609 5184 3753 5236 ntul-

2198 5246 2393 5312 tisque,
2430 5260 2493 5297 ac
2522 5247 2787 5312 praecipue
2841 5246 3120 5301 monachis
3150 5286 3163 5308 ,
3196 5249 3261 5300 ad
3288 5263 3404 5302 eam
3434 5250 3615 5305 sedent
3662 5256 3753 5305 de-

2195 5316 2542 5389 poscentibns
2588 5314 2839 5389 Basilium
2867 5357 2883 5382 ,
2926 5330 3079 5389 cum,
3109 5318 3159 5389 vi
3206 5320 3437 5386 quadam
3500 5320 3749 5389 populari

2194 5385 2371 5437 eidem
2429 5385 2545 5457 luit
2588 5386 2870 5455 przefectus
2926 5385 3189 5457 Eusebius
3208 5385 3235 5449 ,ί
3264 5400 3321 5440 ιιι
3365 5403 3449 5442 res
3500 5385 3636 5457 pene
3699 5392 3753 5444 iu

2197 5456 2431 5529 schisma
2465 5456 2691 5529 abierit,
2737 5456 3064 5529 vixqueripsi
3098 5457 3480 5529 suifragatores
3504 5456 3752 5529 episcopi

2196 5537 2367 5577 ratam
2395 5526 2684 5579 habuerint
2711 5542 2861 5580 suam
2904 5528 3046 5581 illam
3098 5526 3414 5582 elcctiOnem
3447 5541 3500 5585 et
3532 5526 3753 5585 ordina-

2198 5596 2396 5649 tionem
2430 5613 2446 5668 _:
2483 5611 2544 5649 ac
2571 5612 2677 5651 uno
2702 5600 2977 5651 annitente
3019 5609 3170 5665 patre
3198 5598 3478 5668 Gregorio,
3508 5600 3711 5656 Nazian
3730 5632 3744 5642 -

2196 5680 2329 5719 zeno
2358 5665 2627 5740 episcopo.
2658 5682 2798 5740 τῇςτρ
2839 5669 3125 5740 admodum
3176 5665 3472 5724 obtinuerit
3508 5670 3611 5724 :dc
3642 5689 3746 5740 qua

2197 5751 2253 5787 re
2293 5736 2471 5790 multis
2520 5738 2634 5805 ipse
2672 5736 2725 5790 in
2766 5736 2982 5792 Basilio.
3031 5738 3199 5792 Porro
3248 5740 3344 5792 fuit
3375 5741 3628 5797 Leontius
3662 5736 3752 5797 ille

2195 5806 2279 5878 vir
2323 5806 2654 5878 clarissimus
2684 5853 2695 5866 .
2735 5810 2801 5860 de
2831 5823 2938 5875 quo
2976 5808 3411 5878 Martyrol0gium
3448 5810 3747 5865 ltutttanum

2202 5877 2265 5931 15
2313 5875 2549 5933 Januarii
2585 5896 2595 5933 :
2635 5898 2651 5930 t
2688 5878 2946 5937 Caesareae
2979 5880 3031 5936 in
3066 5875 3399 5950 Cappadocia
3432 5882 3487 5950 ὃ,
3538 5882 3748 5939 Leontii
