4046 6446
656 392 1022 452 EXCEBPTA
1063 393 1158 449 EX
1194 392 1402 450 ACTIS
1427 392 1485 448 S.
1514 389 1760 448 BASILII
1795 382 2559 447 BOLLANDIANIS.——VITA
2589 380 3022 440 APOCRYPIIA.

3339 399 3455 441 CCCI

240 527 523 575 successor
548 513 760 566 futurus
788 517 953 565 esset.
968 508 1070 577 Qui
1092 507 1503 581 expergefactus
1523 523 1556 563 a
1578 521 1795 571 somno,
1825 512 1873 570 Α
1901 513 2033 576 gunt
2082 501 2341 558 Basilium
2366 499 2434 555 ad
2463 495 2824 570 episcOpalem
2868 496 3140 551 thronum.
3169 492 3461 549 Ordinatus

232 609 443 678 accepit
487 603 786 676 principem
841 602 1193 659 sacerdotalis
1244 600 1575 664 ministerii,
1630 615 1798 669 quos-

232 702 465 770 damque
494 697 623 767 pios
641 696 709 751 de
744 691 923 761 clero;
950 702 1007 749 et
1036 694 1184 750 misit
1216 691 1283 747 ad
1319 689 1635 747 orientalem
1673 705 1800 759 por-

235 803 347 846 tam
374 789 552 854 urbis,
586 787 773 845 dicens
803 788 885 846 eis
914 786 1201 843 visionem.
1221 783 1355 840 Cum
1384 798 1516 852 ergo
1543 782 1801 839 abiissent

234 886 302 939 ad
352 892 568 956 portam
597 921 615 949 ,
663 887 1018 939 occurrerunt
1067 876 1517 945 ingredientibus,
1546 877 1800 946 visosque

233 984 574 1045 agnoverunt
603 990 620 1030 :
650 982 706 1028 at
730 972 808 1028 illi
838 979 1094 1043 rogarunt
1126 968 1317 1025 deduci
1365 970 1433 1023 ad
1466 967 1795 1039 episcopum.

242 1068 524 1138 lngressos
551 1073 732 1121 autem
762 1063 885 1120 illos
918 1076 1039 1118 cum
1099 1062 1401 1131 aspexisset
1429 1058 1800 1115 sanctissimus

233 1157 538 1226 episcopus,
567 1169 636 1211 ex
669 1151 892 1209 visionis
918 1148 1271 1206 similitudine
1291 1150 1345 1205 in
1396 1157 1671 1218 stuporem
1702 1161 1797 1201 ac-

234 1258 345 1313 tus,
378 1248 491 1303 Deo
519 1244 723 1319 gratias
752 1243 903 1313 egit;
950 1242 1307 1313 quasivitque
1359 1241 1499 1297 unde
1530 1239 1797 1303 venirent,

232 1348 290 1392 et
325 1352 435 1408 quo
464 1337 629 1399 irent,
660 1347 727 1390 ac
763 1333 981 1403 quinam
1018 1340 1358 1389 vocarentur.
1394 1328 1527 1385 Cum
1558 1343 1687 1385 vero
1718 1329 1803 1385 di-

232 1427 476 1493 uicisset,
507 1424 670 1495 jussit
695 1422 959 1479 ministris
1010 1430 1068 1476 ut
1095 1434 1329 1492 congrua
1355 1420 1436 1475 eis
1459 1418 1527 1473 ad
1558 1418 1801 1488 requiem

232 1516 541 1587 preberent
578 1512 661 1570 :ii
711 1521 896 1568 autem
922 1513 990 1567 ad
1038 1512 1249 1577 insigne
1280 1510 1525 1565 adductis
1550 1522 1805 1565 caenacu-

233 1607 345 1660 lum
376 1643 393 1672 ,
434 1603 693 1675 quidquid
744 1603 990 1659 fovendis
1022 1609 1179 1663 erat,
1209 1598 1574 1669 protulerunt.
1632 1597 1805 1655 Porro

232 1699 321 1750 vir
337 1704 585 1763 sanctus,
607 1694 888 1751 accersitis
917 1694 1106 1749 eadem
1143 1693 1275 1746 hora
1307 1688 1439 1744 cleri
1479 1698 1537 1744 et
1567 1688 1805 1745 civitatis

234 1787 589 1857 primoribus,
620 1786 898 1843 enarravit
926 1785 1055 1849 illis,
1080 1798 1201 1853 qua:
1224 1783 1325 1838 sibi
1357 1796 1386 1837 a
1432 1781 1541 1837 Deo
1563 1782 1795 1837 revelata

1900 607 2027 649 vero
2054 632 2070 657 ,
2099 589 2498 663 sapientissima
2560 588 2655 645 Del
2708 585 3040 659 providentia
3066 625 3082 650 ,
3126 581 3462 654 gubernabat

1897 683 2214 740 Ecclesiam.

1972 775 2103 831 Post
2124 775 2342 846 aliquod
2376 786 2507 829 vero
2540 781 2753 842 tempus
2776 770 3069 843 postulavit
3091 784 3122 825 a
3151 769 3296 834 Deo,
3353 782 3463 839 quo

1897 868 2002 923 sibi
2026 868 2254 937 gratiam
2272 873 2329 921 et
2352 864 2675 935 sapientiam
2696 874 2752 919 et
2774 863 3103 921 intellectum
3122 861 3462 928 concederet,

1899 969 1959 1015 ut
2018 967 2133 1015 suis
2168 960 2282 1029 ipse
2314 958 2499 1014 verbis
2526 999 2545 1023 ,
2600 957 2944 1013 incruentum
2994 955 3105 1011 Deo
3136 953 3463 1011 sacriﬁcium

1898 1045 2350 1116 oﬂ'erret;utque
2394 1047 2448 1101 in
2503 1046 2676 1115 ipsum
2707 1043 2941 1116 Spiritus
2986 1042 3159 1099 sancti
3205 1042 3467 1098 adventus

1900 1138 2077 1195 ﬂeret.
2111 1138 2243 1195 Post
2270 1153 2365 1193 sex
2386 1145 2566 1193 autem
2591 1136 2726 1200 dies,
2755 1135 2903 1191 velut
2930 1134 2987 1189 in
3012 1134 3211 1189 mentis
3242 1146 3467 1189 excessu

1904 1228 2140 1301 Spiritus
2167 1230 2339 1287 sancti
2393 1228 2685 1301 presentia
2716 1228 2891 1283 factus
2912 1268 2929 1292 ,
2967 1228 3057 1281 ubi
3088 1226 3307 1281 advenit
3352 1226 3468 1280 dies

1900 1322 2128 1391 septima
2164 1361 2181 1387 ,
2231 1320 2299 1376 ad
2352 1322 2510 1377 horas
2568 1318 2679 1390 (52)
2714 1318 2955 1390 singulas
2998 1318 3111 1375 Deo
3157 1317 3470 1372 ministrare

1902 1416 2109 1485 cmpit,
2161 1415 2251 1470 diu
2318 1424 2592 1482 noctuque
2651 1410 2939 1467 defunctus
2990 1425 3213 1481 precum
3270 1406 3466 1465 olllcio.

1904 1508 2105 1564 Astans
2150 1508 2295 1562 enim
2341 1505 2599 1562 Dominus
2636 1506 2690 1561 in
2736 1504 2942 1559 visione
2996 1518 3119 1558 cum
3174 1501 3470 1571 apostolis,

1905 1614 2047 1669 pane
2075 1607 2132 1655 et
2156 1600 2282 1653 vino
2330 1599 2384 1653 in
2416 1613 2577 1654 sacro
2628 1598 2787 1653 altari
2844 1595 3136 1667 propositis
3162 1638 3176 1662 ,
3211 1592 3471 1648 Basiliuui

1904 1691 2161 1746 excitavit
2213 1690 2403 1745 dicens
2448 1700 2464 1743 :
2514 1708 2534 1742 ι
2595 1689 2905 1745 Secundum
2958 1686 3271 1757 petitionem
3323 1693 3470 1739 tuam

1909 1782 2180 1853 repleatur
2228 1797 2291 1837 os
2340 1792 2488 1836 tuum
2538 1781 2697 1835 laude
2722 1820 2740 1847 ,
2779 1789 2838 1835 ut
2878 1781 2985 1835 tuis
3015 1781 3130 1849 ipse
3155 1777 3337 1833 verbis
3390 1775 3475 1829 in-

235 1886 441 1934 essent.
473 1877 514 1933 Ii
570 1892 699 1933 vero
744 1893 848 1932 una
882 1874 949 1930 ad
978 1887 1101 1929 eum
1135 1888 1269 1929 voce
1311 1891 1327 1929 :
1373 1890 1393 1925 ι
1430 1873 1571 1929 Vere
1597 1881 1653 1927 et
1708 1873 1811 1928 boc
1838 1879 1883 1934 Β
1912 1883 2198 1929 cruentum
2230 1871 2559 1928 sacriﬁcium
2582 1871 2779 1928 olleras
2808 1871 2945 1943 (55).
2982 1890 3002 1923 ι
3031 1872 3101 1925 At
3139 1870 3227 1925 ille
3253 1884 3359 1923 non
3393 1866 3476 1922 fe-

236 1970 495 2041 congruit
529 1968 742 2025 mundae
770 1978 873 2022 tuae
912 1966 1037 2020 vitae
1063 2007 1077 2029 ,
1115 1976 1175 2020 nt
1201 1966 1383 2021 divino
1420 1964 1575 2020 nobis
1594 1964 1805 2021 calculo

236 2059 600 2125 revelaretur,
629 2060 751 2128 quis
779 2066 897 2127 post
926 2067 979 2111 te
1005 2056 1370 2125 pontificalem
1416 2054 1665 2109 thronum
1714 2069 1808 2110 or-

236 2160 471 2208 naturus
521 2158 702 2206 esset:
734 2148 877 2204 unde
937 2147 1071 2203 nihil
1101 2157 1383 2212 moratus,
1411 2146 1497 2203 fac
1541 2148 1683 2217 quod
1725 2149 1807 2203 lu-

239 2244 357 2300 bet.
414 2261 436 2296 ι
484 2244 555 2297 At
580 2241 669 2297 illc
708 2241 973 2297 advocato
1002 2239 1201 2296 Basilio
1244 2254 1349 2294 una
1400 2255 1523 2295 cum
1554 2239 1761 2296 Eubulo
1787 2282 1803 2307 ,

239 2336 410 2405 coepit
441 2334 671 2389 scrutari
715 2347 837 2389 cum
891 2335 972 2390 eis
1039 2334 1346 2404 Scripturas
1370 2349 1552 2390 sacras
1592 2353 1607 2389 :
1644 2337 1808 2389 mira-

252 2437 447 2494 tusque
480 2424 535 2479 in
568 2425 698 2496 ipsis
733 2428 984 2496 reposita:
1036 2428 1312 2497 sapientiae
1342 2428 1582 2497 pelagus,
1635 2427 1807 2481 bonos

236 2523 546 2585 parastatas
571 2530 637 2572 ac
664 2517 939 2584 adjutores
966 2516 1173 2572 habuit.
1206 2517 1338 2572 Cum
1360 2516 1471 2587 (51)
1500 2516 1679 2586 itaque
1703 2530 1809 2570 nou

242 2607 414 2665 multo
436 2618 579 2679 post,
610 2610 895 2680 episcopus
923 2609 1207 2677 migrasset
1255 2623 1288 2663 e
1326 2610 1463 2675 vita,
1509 2609 1604 2679 qui
1643 2622 1809 2681 synoo

240 2701 371 2756 dum
402 2701 637 2771 agebant
662 2701 923 2770 episcopi,
980 2709 1175 2756 arente
1208 2700 1414 2757 Soiritu
1449 2710 1641 2759 sancto
1714 2701 1813 2758 eli-

250 2970 269 3000 σ
298 2945 560 3017 episcopi,
591 2945 683 3015 qui
715 2946 815 3001 sub
845 2946 1054 3002 Licinio
1075 2947 1331 3017 adversus
1359 2946 1607 3015 gentiles.
1640 2955 1696 3001 et
1714 2946 1814 3017 sub

250 3039 278 3109 ἒ
279 3016 631 3109 Constantino
644 3018 898 3109 adversus
914 3018 1143 3071 Arianos
1162 3016 1449 3109 plurimus]
1467 3016 1778 3109 dece‘rtavit.
1792 3034 1812 3068 ι
1847 3049 1890 3109 c

245 3086 581 3159 Snbscripsit
606 3087 839 3141 concilio
866 3092 1185 3159 Ancyrano,
1236 3102 1299 3141 ac
1323 3086 1817 3159 subindeNicaano.

244 3160 429 3215 Potuit
457 3158 540 3211 vir
590 3168 813 3211 sanctus
865 3159 1148 3223 grandaeva
1192 3166 1352 3211 aetate
1378 3197 1394 3221 ,
1441 3171 1536 3213 ceu
1564 3158 1614 3211 in
1643 3158 1820 3213 subsi-

249 3231 397 3285 dium
426 3227 688 3297 adversus
719 3225 972 3289 Arianos,
1002 3226 1328 3281 destinatum
1368 3227 1820 3297 designatumque

248 3298 463 3356 cmlesti
495 3295 721 3350 oraculo
764 3310 1183 3361 successorem,
1236 3296 1512 3363 suscipere
1558 3295 1818 3351 Basiliam

253 3372 565 3423 diaconum.
598 3365 736 3433 Quid
771 3366 914 3420 enim
944 3365 1148 3421 oraculi
1174 3366 1317 3423 illius
1342 3367 1557 3421 veritati
1588 3367 1820 3432 decedit,

250 3439 397 3508 quod
432 3452 537 3492 non
568 3438 849 3508 proximus
870 3438 1237 3504 successerit;
1269 3452 1472 3506 suaque
1498 3438 1677 3506 potius
1709 3452 1823 3508 nio-5

254 3507 426 3563 destia
464 3546 481 3574 ,
538 3522 698 3578 quam
726 3507 882 3578 malis
913 3508 1110 3563 civium
1165 3524 1385 3578 suorum
1417 3509 1612 3578 studiis
1655 3507 1823 3563 semel

255 3576 581 3647 iterumque,
621 3588 730 3648 tum
762 3576 1242 3648 Hermogeni,_tum
1280 3576 1513 3632 Eusebio
1545 3579 1825 3648 posthabi-

255 3660 367 3714 tus,
398 3646 490 3701 vix
550 3647 761 3701 tandem
818 3646 1011 3701 tertius
1039 3664 1070 3701 a
1115 3646 1343 3703 Leontio
1370 3646 1625 3702 thronum
1676 3647 1823 3702 illum

259 3716 641 3772 conscenderit
673 3716 860 3769 ?.......
918 3716 1145 3787 Videtur
1215 3732 1345 3787 ergo
1413 3715 1825 3786 Amphilochius

260 3788 502 3843 voluisse
536 3800 736 3847 tacere.
767 3801 902 3855 quos
929 3786 1208 3840 oraculum
1240 3786 1533 3853 tacuisset;
1566 3802 1630 3843 ac
1681 3787 1828 3841 velut

257 3867 573 3928 sanctorum
601 3927 606 3928 ί
621 3856 995 3928 episcoporum
1010 3927 1017 3928 ί
1032 3858 1229 3911 seriem
1244 3926 1253 3928 _
1288 3866 1495 3920 texere,
1525 3859 1828 3928 suppressis

258 3926 532 3984 nonnullis
561 3927 951 3996 aliquantulum
1007 3926 1308 3990 invidiosis,
1339 3942 1475 3997 quae,
1490 3926 1653 3997 etiam
1702 3929 1820 3997 ipso

259 4000 409 4054 velut
430 4000 693 4065 prooemio
718 3997 1147 4061 subindicasset;
1176 3998 1227 4049 in
1252 3997 1338 4049 illa
1359 3996 1538 4051 Basilii
1563 3996 1827 4057 absentia,

262 4084 386 4138 quae
420 4068 627 4122 Valenti
660 4078 714 4121 et
750 4066 966 4121 Arianis
996 4068 1205 4121 animos
1234 4066 1546 4138 addidisset,
1572 4080 1831 4135 spemque

261 4136 572 4196 evertenda:
619 4153 739 4191 cum
801 4138 1054 4205 episcopo
1103 4140 1321 4208 (nempe
1371 4136 1603 4193 Eusebio
1655 4139 1833 4191 minus

269 4226 429 4277 aequo
458 4208 682 4273 Basilio,
704 4208 774 4263 ob
807 4208 935 4262 illud
972 4209 1024 4261 in
1049 4208 1220 4277 ipsum
1256 4211 1570 4277 propensius
1595 4208 1831 4262 studium

264 4282 491 4347 rivinm)
538 4280 689 4333 urbis
714 4278 972 4334 Casarete
1004 4295 1020 4331 :
1052 4295 1213 4340 quam
1253 4277 1610 4347 Amphilochii
1637 4288 1831 4333 etors-

263 4351 375 4407 culi
407 4348 823 4418 profunditatem
853 4364 959 4401 non
990 4359 1274 4415 penetrans
1300 4347 1584 4418 imperitus
1606 4348 1833 4415 aliquis,

1912 1981 2038 2022 rens
2067 1964 2241 2021 oculis
2275 1964 2560 2028 visionem,
2590 1964 2832 2020 surrexit
2869 1962 3289 2026 tremebundus;
3318 1974 3475 2016 acce-

1913 2058 2152 2127 densque
2200 2057 2268 2111 ad
2304 2070 2519 2110 sacrum
2554 2058 2727 2111 altare
2753 2098 2768 2123 ,
2800 2057 2968 2127 cmpit
3021 2057 3201 2111 dicere
3225 2095 3242 2120 ,
3292 2055 3365 2109 ita
3422 2055 3476 2111 in

1913 2150 2100 2205 charta
2129 2150 2370 2206 scribens
2398 2166 2416 2206 :
2442 2148 2727 2215 Repleattir
2762 2164 2821 2203 os
2845 2164 3017 2203 meum
3052 2147 3230 2209 laude,
3267 2156 3323 2201 ut
3348 2163 3479 2201 can—

1913 2254 2016 2298 tent
2042 2243 2265 2313 gloriam
2299 2255 2469 2308 tuam,
2496 2242 2718 2297 Domine
2749 2242 2886 2297 Deus
2912 2251 3087 2295 noster
3113 2242 3213 2309 (α),
3250 2241 3339 2309 qui
3384 2254 3481 2294 nos

1915 2334 2112 2387 creasti
2146 2342 2202 2387 et
2222 2333 2423 2389 duxisti
2447 2334 2513 2387 ad
2549 2334 2688 2388 hanc
2716 2331 2917 2395 vitam;
2962 2344 3025 2385 ac
3054 2330 3291 2400 reliquas
3314 2343 3483 2383 sacrae

1914 2421 2146 2491 liturgize
2187 2439 2398 2495 preces.
2431 2423 2558 2479 Post
2600 2438 2824 2494 precum
2855 2436 2982 2478 vero
3031 2420 3190 2476 linem
3252 2418 3483 2474 elevavit

1914 2530 2133 2587 panem,
2166 2515 2376 2572 intense
2403 2530 2587 2581 orans,
2619 2526 2674 2569 et
2694 2514 2909 2570 dicens:
2940 2533 2959 2567 ι
2993 2509 3485 2574 Attende,Domine

1921 2604 2049 2663 Iesu
2071 2606 2309 2674 Christe,
2336 2606 2478 2661 Dens
2504 2614 2709 2670 noster,
2732 2603 2799 2659 de
2826 2613 3014 2658 sancto
3035 2600 3341 2656 habitacula
3370 2610 3483 2663 tuo,

1919 2710 1973 2759 et
1997 2701 2121 2757 veni
2175 2700 2241 2756 ad
2290 2699 2739 2756 sanctiﬁcandum
2772 2712 2893 2763 nos,
2946 2696 3037 2766 qui
3093 2708 3306 2750 sursum
3361 2706 3484 2745 cum

1922 2961 2042 3021 post
2066 2951 2347 3008 Leontium
2378 2954 2779 3007 successionem
2810 2969 2824 3006 :
2860 2951 2911 3005 in
2941 2965 3044 3021 qua
3069 2958 3335 3021 repertam
3383 2945 3488 3000 dil-

1927 3018 2215 3077 ilcnltatem
2246 3021 2511 3076 sublatam
2546 3023 2634 3076 ille
2665 3022 2913 3082 credidit.
2942 3018 3255 3074 vaticinium
3284 3018 3351 3073 de
3381 3032 3488 3071 me-

1926 3092 2071 3148 diata
2112 3091 2285 3148 solum
2346 3091 2772 3161 interpretando.
2817 3089 3018 3161 Verum
3050 3105 3195 3161 cum
3251 3089 3488 3161 ineptum

1927 3162 2242 3219 existimet.
2288 3157 2605 3217 vaticinium
2670 3162 2811 3217 istud
2845 3158 3062 3216 attribui
3112 3157 3364 3221 Eusebio,
3423 3171 3492 3209 eo

1928 3234 2069 3303 quod
2098 3234 2184 3287 hic
2229 3231 2516 3303 _Basilium,
2542 3233 2628 3288 cui
2680 3234 2770 3287 vix
2802 3232 2853 3287 in
2906 3228 3196 3299 episcopali
3224 3226 3491 3303 electione

1930 3297 2182 3372 pralatus
2222 3301 2397 3372 fuerat
2423 3342 2440 3367 ,
2478 3304 2688 3357 dicatur
2739 3297 3102 3372 interrogasse
3137 3297 3493 3372 quo_non_ti_ne

1930 3366 2249 3437 vocaretur;
2298 3371 2352 3424 id
2385 3366 2444 3425 ut
2471 3386 2657 3426 revera
2702 3366 2997 3426 absurdum
3034 3377 3118 3425 est
3154 3366 3206 3421 in
3234 3366 3493 3437 Eusebio,

1930 3441 2064 3497 nihil
2096 3434 2275 3497 minus
2295 3441 2581 3511 displicere
2604 3442 2841 3511 debctin
2889 3438 3116 3511 Leontio
3137 3437 3269 3511 ;_qni
3293 3434 3491 3490 simili-

1933 3522 2013 3594 ter
2040 3507 2718 3594 a_psett_do-Amphilocbio
2770 3510 3130 3594 introducitur
3158 3507 3496 3594 interrogans

1932 3582 2188 3638 Basilium
2212 3583 2277 3637 de
2314 3582 2530 3636 nomine
2566 3597 2728 3651 quem
2782 3590 2917 3651 ante
2952 3593 3154 3651 paucos
3209 3591 3379 3631 annos
3411 3582 3493 3628 vt-

1935 3655 2064 3706 dere
2092 3661 2149 3707 et
2176 3652 2363 3707 audire
2396 3649 2689 3720 debuisset,
2718 3650 2957 3720 quotidie
2980 3649 3289 3720 Scripturas
3310 3660 3498 3701 sacras

1935 3722 2129 3793 populo
2162 3722 2561 3793 praelegentem.
2588 3716 2939 3783 Cum-enim,
2975 3727 3115 3793 teste
3135 3716 3494 3793 Nazianzeno,

1934 3787 2354 3862 Ba'sitius'longo'
2377 3801 2615 3860 tempore
2647 3797 2772 3862 ante
2804 3787 3167 3862 sacerdotium
3196 3787 3250 3840 in
3277 3800 3499 3841 monere

1936 3863 2153 3918 lectoris
2190 3858 2355 3915 Iibr'os
2380 3858 2566 3915 sacros
2595 3859 2790 3930 populo
2827 3858 3131 3929 praelegerit
3152 3896 3167 3923 ,
3212 3869 3379 3930 nemo
3412 3870 3499 3909 ne-

1936 3934 2083 4002 gabit
2113 3931 2163 3985 id
2195 3945 2406 4002 quoque
2425 3926 2772 4002 diaconatum
2794 3926 3153 4002 praecessisse,
3180 3926 3226 3980 si
3260 3939 3497 4002 unquam

1936 3994 2061 4055 Eum
2091 3994 2408 4070 susceperit.
2442 4000 2517 4055 Ita
2574 4000 2630 4055 in
2668 3994 2863 4055 multas
2916 3999 3256 4070 ditlicnltates
3312 3994 3502 4050 incidi-

1941 4089 2081 4131 mus,
2111 4073 2157 4126 si
2197 4068 2404 4126 tabulas
2428 4072 2654 4126 velimus
2682 4072 2862 4123 facere
2895 4068 3172 4122 historias.

2010 4142 2124 4215 (5t)
2187 4142 2339 4223 Hunc
2369 4141 2545 4196 locum
2603 4142 2648 4193 si
2703 4140 2825 4209 quis
2881 4136 3255 4220 perpenderit,
3294 4133 3506 4258 Iudica-

2010 4226 2043 4258 ι-
2099 4221 2155 4258 ut
2185 4221 2454 4258 existimo.
2488 4224 2593 4258 non
2630 4224 2792 4258 nosse
2836 4222 2958 4258 eum
3011 4216 3135 4258 ante
3181 4216 3290 4258 inte
3315 4208 3403 4258 lim
3437 4206 3505 4258 de

1939 4206 2045 4276 bit',
2099 4206 2155 4266 ut
2185 4212 2454 4274 existimo,
2488 4224 2616 4280 non_
2630 4206 2792 4280 posse
2836 4222 2958 4267 eum
2985 4206 3135 4280 lapte
3163 4206 3412 4280 intelligi
3437 4206 3505 4259 de

1943 4273 2173 4337 mediata
2210 4282 2553 4335 successione
2584 4273 2771 4335 Basilii
2823 4290 2944 4349 post
2989 4273 3294 4349 Leontium,
3328 4273 3503 4349 tribus

1947 4352 2242 4422 interjectis
2298 4350 2569 4421 episcopis
2594 4390 2609 4417 ,
2643 4342 2872 4421 quorum
2906 4362 3043 4402 unus
3076 4344 3263 4416 viginti
3309 4342 3503 4400 saltem

270 4412 422 4475 male
439 4419 754 4485 Eusebium,
776 4419 859 4472 cui
898 4412 1139 4485 proxime
1166 4412 1535 4479 successisset,
1562 4412 1841 4473 substituit
1873 4412 1916 4469 D
1946 4412 2100 4478 annis
2134 4422 2291 4478 sedit.

270 4494 333 4546 S.
367 4490 613 4546 Leontio.
656 4486 771 4542 ilta
821 4487 1199 4543 Combellsius.
1232 4489 1312 4542 Ad
1365 4486 1646 4542 Leontium
1696 4488 1839 4556 quod

270 4563 470 4614 attinet
518 4560 664 4629 (nam
716 4558 921 4630 reliqua
964 4559 1226 4630 tantisper
1258 4561 1421 4615 missa
1475 4557 1635 4621 facio,
1667 4558 1841 4630 donec

270 4636 341 4685 de
370 4630 438 4683 iis
464 4628 535 4684 sit
564 4629 755 4699 agendi
784 4628 979 4695 locus),
1008 4634 1076 4683 ad
1094 4628 1402 4695 Leontium,
1434 4630 1674 4698 inquam,
1696 4628 1840 4699 quod

272 4701 502 4765 attinet;
529 4698 636 4753 non
668 4710 878 4767 poterat
925 4702 970 4754 is
999 4702 1309 4755 redeuntem
1339 4700 1567 4757 Athenis
1595 4707 1687 4752 aut
1711 4698 1841 4752 Hie-

275 4770 565 4842 rosolymis
597 4770 851 4842 excipere
904 4768 1161 4842 Basilium
1210 4785 1395 4842 :__nam
1451 4779 1672 4842 sanctus
1728 4770 1843 4842 ipse

276 4838 563 4913 proﬁtetur
583 4856 665 4906 se,
709 4838 738 4913 a
769 4838 960 4893 Dianio
986 4878 1003 4904 ,
1045 4849 1167 4907 post
1215 4839 1602 4913 Hermogenem
1636 4838 1842 4896 Leontii

277 4908 597 4967 successore
625 4952 641 4974 ,
676 4912 949 4965 admotum
979 4924 1137 4964 sacro
1171 4910 1472 4965 ministerio
1502 4908 1689 4978 fuisse,
1748 4923 1843 4964 seu

278 4982 595 5036 ordinatum
622 4983 904 5051 lectorem.
934 4980 1156 5051 Diaulus
1184 4982 1443 5051 vcro,qui
1470 4980 1615 5035 circa
1644 4994 1843 5051 annum

279 5053 390 5110 362
418 5051 576 5115 obiit,
598 5050 999 5120 Cazsareensem
1028 5049 1397 5120 episcopatum
1452 5052 1609 5104 annis
1657 5049 1844 5120 viginti

280 5123 477 5189 tenuit,
522 5121 667 5176 circa
699 5119 797 5174 5η
826 5119 1106 5177 ordinatus
1153 5121 1441 5190 episcopus
1467 5161 1485 5187 ,
1514 5128 1570 5176 et
1602 5131 1663 5174 ut
1721 5119 1845 5174 talis

278 5192 529 5261 sequenti
558 5203 702 5246 anno
730 5192 1031 5261 _assistens
1073 5189 1431 5261 conciliabulo
1459 5190 1843 5261 Antiochenor:

279 5258 427 5317 inter
454 5277 614 5332 quem
641 5271 698 5318 et
730 5258 1039 5326 Leontium,
1082 5263 1126 5316 si
1163 5259 1485 5332 Hermogeni
1518 5277 1717 5332 paucos
1736 5259 1846 5332 sal-

280 5342 394 5387 tem
426 5330 597 5386 annos
630 5333 1001 5394 concesseris,
1037 5345 1141 5385 non
1174 5331 1373 5401 poterit
1397 5332 1483 5385 ille
1513 5330 1712 5388 vidisse
1742 5330 1847 5383 Ba-

279 5404 489 5466 silium,
522 5404 621 5457 nisi
670 5404 957 5473 admodum
1008 5400 1262 5473 juvenem
1295 5418 1309 5456 :
1338 5416 1531 5469 nempe
1561 5414 1846 5473 antequam

281 5473 584 5529 studiorum
610 5488 775 5529 causa
806 5472 1050 5529 Czesarea
1079 5471 1402 5527 discederet.
1436 5474 1492 5526 Si
1528 5471 1847 5542 igitur—Am-

282 5542 610 5613 philochius,
646 5559 749 5613 non
772 5545 1088 5609 Eusebium,
1115 5552 1174 5597 ut
1196 5551 1341 5598 recte
1370 5544 1605 5599 ostendit
1625 5546 1851 5613 Combe-

283 5612 440 5670 lisius
465 5652 481 5675 ,
520 5614 615 5685 sed
663 5612 948 5685 Leontium
982 5614 1294 5685 scripserit,
1331 5615 1510 5683 plures
1562 5629 1690 5669 sane
1718 5612 1852 5669 diﬂi-

281 5687 519 5741 cultates
564 5682 835 5739 historica:
888 5682 1178 5757 supersunt
1204 5726 1219 5752 ,
1255 5682 1452 5756 priter
1485 5687 1850 5743 immediatam

356 5868 432 5943 (al
464 5868 604 5925 Psal.
632 5884 755 5936 ut,
779 5876 831 5927 ὅ.

2014 4492 2128 4564 (52)
2160 4490 2599 4564 Diesproboris
2632 4488 2805 4564 Ursus
2844 4486 3063 4559 posuit,
3100 4494 3285 4564 contra
3316 4483 3503 4564 ﬁdem,

1949 4553 2121 4617 ut‘ait'
2154 4553 2529 4623 Comb'elisius,
2560 4553 2905 4629 antiquorum
2948 4556 3334 4629 exemplarium
3363 4569 3379 4607 :
3409 4553 3507 4629 sed

1946 4634 2035 4687 ille
2058 4634 2351 4688 absurdum
2397 4623 2745 4685 existimabat
2770 4632 2836 4684 ad
2866 4623 3119 4697 singulas
3140 4627 3303 4680 horas
3329 4623 3504 4679 sacri-

1947 4706 2127 4767 ticare,
2158 4704 2384 4769 ideoque
2414 4700 2532 4756 dies
2566 4701 2959 4769 interpretatus
2983 4708 3063 4751 est
3091 4716 3105 4751 :
3130 4697 3218 4751 hic
3241 4710 3370 4769 vero
3395 4709 3509 4746 ma-

1944 4774 2043 4829 luit
2073 4766 2426 4841 iniprOprinm
2464 4766 2797 4827 sacriﬁcium
2826 4768 3134 4825 orationum
3161 4776 3217 4823 et
3242 4766 3507 4821 bonorum

1944 4858 2164 4915 operum
2197 4841 2514 4915 intelligere.

2014 4912 2136 4984 (55)
2187 4904 2616 4984 Quam-certum
2658 4920 2744 4966 est
2795 4926 2823 4965 a
2853 4907 3049 4984 Basilio
3102 4904 3371 4974 liturgiam
3423 4918 3507 4984 sa:

1946 4973 2508 5055 cram'coiiscriptam
2544 4994 2706 5055 esse,
2768 4989 2877 5055 tam
2927 4982 3189 5032 incertum
3238 4973 3347 5055 est.
3379 4973 3507 5055 quid

1947 5070 2089 5110 nunc
2122 5053 2345 5124 praecise
2365 5044 2662 5124 'ipsiussit,
2690 5044 2757 5124 in
2778 5053 2845 5107 iis
2876 5064 2993 5119 quae
3017 5055 3237 5102 exstant
3265 5044 3366 5098 sub
3394 5044 3510 5124 ejus

1949 5121 2169 5180 nomine
2202 5121 2486 5194 Liturgiis.
2535 5121 2645 5178 Nec
2691 5123 2888 5177 mirum
2919 5130 3003 5173 est
3049 5125 3201 5194 tanto
3250 5121 3510 5194 temporis

1949 5196 2124 5264 spatio
2152 5237 2169 5262 ,
2195 5184 2440 5264 quadam
2473 5192 2754 5264 immutata
2801 5204 2922 5245 esse
2945 5228 2961 5254 ,
2986 5187 3276 5264 _qu_aedam_
3291 5184 3469 5264 addita
3494 5224 3511 5248 ,

1948 5252 2193 5335 quaedam
2212 5252 2393 5335 'etiam
2439 5262 2673 5317 sublata.
2702 5262 2864 5335 Certe
2887 5252 3051 5335 verba
3077 5260 3204 5323 ista,
3230 5252 3514 5335 lisplealtrr

1951 5324 2008 5389 ὅσ
2036 5352 2207 5388 meum
2263 5333 2440 5399 laude,
2474 5344 2530 5386 ut
2558 5343 2759 5386 cantem
2785 5330 3009 5401 gloriam
3044 5339 3212 5390 tuam,
3261 5324 3316 5401 in
3350 5324 3513 5377 nullis

1956 5405 2240 5461 Basiliana:
2329 5394 2591 5473 Liturgiaa
2666 5394 3068 5471 exemplaribus
3144 5394 3510 5473 reperiunt_ur.

1952 5476 2139 5531 Oratio
2176 5489 2329 5540 vero,
2374 5490 2391 5524 ι
2426 5463 2651 5529 ῡοῖηἰηθ
2682 5463 3052 5533 Deus'noster,
3092 5485 3112 5519 ι
3142 5463 3514 5540 etc.,et_slter

1955 5563 2037 5612 ra,
2068 5566 2086 5598 ε
2116 5536 2348 5601 Attende
2374 5587 2389 5611 ,
2429 5544 2694 5605 Domine,
2734 5561 2753 5594 ι
2794 5549 3009 5612 ex5t:_tnt
3036 5540 3087 5592 in
3119 5536 3513 5612 Δρτίιίιιομιίιιίιμι

1954 5601 2237 5685 Liiurgia;
2290 5601 2570 5681 secunda,
2625 5601 2870 5669 etiamin
2920 5601 3167 5681 Liturgia
3208 5601 3515 5661 SJoannis

1954 5688 2348 5744 tjhrvsostomi.
