4046 6458
549 397 684 434 CCCII

1918 390 2442 452 PROLEGOMENA.

554 513 713 567 l’alrc
745 515 918 580 sedes,
953 528 1006 572 et
1045 520 1129 574 hic
1159 521 1437 576 nobiscum
1467 523 1810 578 invisibiliter
1843 529 2110 593 versaris;

2233 519 2272 563 et
2300 511 2476 565 missae
2507 513 2774 579 ordinem,
2831 512 3229 584 Dominicaaque
3263 514 3658 570 communionis
3684 531 3772 570 ex-

552 615 606 654 εςι
641 606 862 674 dignare
898 611 1101 676 potenti
1137 628 1296 666 manu
1329 621 1415 666 tua
1475 615 1629 668 nobis
1667 617 1924 686 impertiri
1957 635 2112 676 sacra

559 699 833 766 mysteria,
866 711 920 754 et
950 717 1045 770 per
1080 720 1177 757 nos
1207 706 1304 759 toti
1331 708 1544 775 populo.
1591 727 1609 759 ι
1645 708 1879 767 Deinde:
1926 731 1943 762 ι
1979 712 2115 767 San-

555 799 639 840 cta
674 792 897 844 sanctis.
929 812 946 842 »
983 793 1251 861 Populus:
1291 815 1310 846 ι
1360 796 1505 851 Unus
1539 797 1789 866 Sanctus,
1839 818 1977 857 unus
2011 804 2114 858 Do-

557 879 735 934 minus
759 879 918 936 Jesus
942 882 1210 949 Christus,
1237 887 1286 938 in
1315 886 1533 956 gloriam
1556 888 1649 942 Dei
1676 889 1869 945 Patris.
1891 891 2076 947 Amen.
2092 912 2109 944 ι

555 967 798 1039 Cumque
830 986 1020 1040 panem
1049 973 1322 1030 divisisset
1342 978 1393 1030 in
1437 987 1545 1032 tres
1571 989 1775 1048 partes,
1812 997 1972 1034 unam
1997 984 2116 1051 qui-

555 1062 676 1114 dem
743 1078 867 1116 cum
925 1065 1094 1121 multo
1136 1068 1328 1122 timore
1358 1079 1412 1122 et
1447 1071 1796 1127 veneratione
1848 1074 2116 1141 sumpsit;

556 1152 780 1206 alteram
816 1169 943 1208 vero
965 1171 1066 1208 una
1108 1172 1290 1211 secum
1328 1162 1686 1228 sepeliendam
1709 1164 1945 1216 servavit
1983 1163 2117 1234 (34);

557 1247 770 1300 tertiam
815 1249 1045 1317 denique
1085 1251 1136 1302 in
1173 1250 1415 1306 columba
1450 1253 1562 1323 (55)
1600 1269 1764 1308 aurea
1790 1257 2114 1324 depositam,

559 1333 790 1402 desuper
812 1349 1028 1389 sacrum
1059 1337 1226 1393 altare
1264 1343 1560 1408 suspendit.

629 1425 863 1479 Eubulus
883 1440 1060 1484 autem
1087 1432 1282 1486 etcleri
1311 1436 1575 1500 princeps,
1607 1433 1768 1488 simul
1797 1444 2001 1490 stantes
2025 1451 2120 1505 pro

559 1509 646 1564 for
668 1511 768 1566 bus
797 1517 1003 1585 templi,
1033 1521 1287 1572 videbant
1313 1521 1363 1574 in
1395 1523 1592 1588 templo
1639 1524 1816 1576 lumen
1860 1527 2118 1592 spiritale,

565 1601 816 1671 viresque
855 1606 1115 1671 gloriosos
1142 1611 1338 1664 amictu
1366 1612 1616 1676 candido,
1642 1628 1705 1668 ac
1731 1629 1914 1668 vocem
1939 1616 2118 1684 pepuli

560 1691 911 1758 glorificantia
966 1699 1290 1766 Dominum,
1353 1717 1451 1756 nec
1488 1718 1590 1756 non
1640 1714 1902 1760 astantem
1963 1706 2121 1761 altari

561 1782 814 1840 Basilium
845 1807 857 1842 :
885 1791 1227 1862 perculsique
1286 1809 1350 1848 ex
1392 1794 1596 1849 visione
1626 1837 1640 1861 ,
1680 1808 2008 1864 proruerunt
2068 1800 2120 1852 in

2221 602 2548 669 ploraturus.
2580 605 2734 662 Videt
2756 623 2884 662 vero
2913 607 2964 660 in
3010 605 3193 661 Basilii
3224 607 3467 662 manibus
3491 608 3773 678 puerulum

2221 695 2370 750 velut
2399 699 2737 754 membratim
2767 701 2931 754 incidi
2959 700 3104 769 (56);
3131 709 3325 754 etcum
3351 710 3630 755 sumerent
3655 716 3777 756 om—

2221 800 2339 851 nes,
2374 787 2538 841 etiam
2589 790 2702 858 ipse
2745 791 2992 854 accessit,
3044 791 3336 858 datumque
3379 793 3519 860 quod
3548 793 3781 847 veritate

2222 893 2348 933 caro
2379 889 2524 935 esset
2549 882 2757 950 accepit
2785 900 2799 936 :
2826 899 2947 937 eum
2974 884 3120 936 venit
3149 881 3217 936 ad
3251 884 3492 947 calicem,
3525 894 3578 939 et
3600 885 3778 955 ipsum

2222 969 2436 1038 plenum
2462 973 2746 1043 sanguine,
2769 974 2834 1028 de
2855 989 3025 1043 eoque
3057 978 3218 1030 etiam
3251 975 3617 1045 participavit.
3643 975 3777 1030 Cum

2223 1073 2349 1114 vero
2373 1062 2438 1116 de
2458 1062 2699 1130 utrisque
2720 1071 2992 1118 servasset
3021 1063 3296 1133 reliquias,
3323 1063 3539 1118 domum
3565 1063 3778 1128 abiens,

2224 1154 2402 1216 uxori,
2441 1154 2506 1208 ad
2537 1153 2837 1210 faciendam
2870 1156 3050 1209 verbis
3079 1155 3531 1220 ﬁdem,08tendit,
3553 1170 3783 1209 narrans

2225 1256 2344 1309 quae
2392 1246 2622 1314 propriis
2651 1248 2766 1316 ipse
2817 1246 2992 1301 oculis
3018 1246 3259 1302 vidisset.
3304 1246 3602 1301 Persuasus
3652 1261 3784 1314 ergo

2225 1348 2346 1386 esse
2391 1348 2577 1389 revera
2610 1336 2933 1392 horrendum
2964 1347 3020 1393 et
3061 1339 3304 1393 mirabile
3350 1336 3783 1392 Christianorum

2227 1433 2623 1480 sacramentum
2648 1465 2664 1491 ,
2696 1428 2747 1479 in
2777 1427 3070 1482 crastinum
3095 1427 3208 1482 adit
3256 1426 3537 1491 Basiliam,
3561 1427 3786 1493 supplex

2225 1534 2408 1582 orans,
2443 1529 2500 1572 ut
2525 1521 2641 1574 sine
2693 1535 2839 1573 mora
2879 1522 3148 1590 acciperet
3195 1522 3396 1577 Christi
3423 1520 3785 1589 signaculum.

2227 1610 2326 1678 Qui
2359 1610 2492 1664 nihil
2540 1621 2844 1676 cunctatus,
2879 1612 3050 1666 solitis
3094 1627 3219 1667 vero
3266 1613 3451 1683 gratiis
3477 1612 3528 1667 ei
3561 1611 3780 1674 habitis,

2227 1703 2315 1771 qui
2349 1702 2463 1755 vult
2486 1716 2674 1756 omnes
2701 1701 2877 1756 salvos
2906 1701 3045 1763 ﬁeri,
3077 1705 3382 1757 credentem
3416 1703 3470 1758 in
3502 1700 3786 1757 Dominum

2230 1809 2349 1847 cum
2379 1794 2523 1848 omni
2555 1795 2712 1849 domo
2739 1809 2833 1847 sua
2859 1792 3170 1862 baptizavit.

563 1874 754 1929 faciem
814 1878 948 1933 fusis
981 1881 1234 1952 lacrymis
1258 1923 1274 1949 ,
1329 1893 1384 1939 et
1420 1885 1786 1954 gloriﬁcantes
1815 1887 2122 1941 Dominum.
2155 1872 2197 1924 Β
2297 1888 2536 1956 Cumque
2564 1895 2778 1941 sanctus
2803 1886 3169 1955 egrederetur,
3197 1882 3402 1938 accedit
3433 1884 3497 1935 ad
3518 1897 3639 1936 eum
3666 1897 3788 1934 mu-

563 1965 794 2035 Egresso
842 1981 1020 2026 autem
1070 1973 1268 2029 Basilio
1291 2015 1305 2040 ,
1339 1978 1652 2030 ceciderunt
1684 1978 1748 2031 ad
1784 1980 1947 2048 pedes
1989 1980 2123 2048 ejus,

561 2070 616 2112 et
644 2061 1004 2118 adoraverunt
1037 2065 1236 2133 ipsum.
1269 2067 1339 2120 At
1371 2068 1456 2121 ille
1483 2071 1730 2137 quaesivit
1761 2085 1980 2124 causam
2008 2071 2128 2124 ado-

563 2151 792 2207 rationis
816 2165 870 2208 et
900 2157 1161 2213 adventus
1189 2174 1400 2213 eorum.
1427 2160 1502 2213 llli
1533 2175 1661 2215 vero
1687 2161 1940 2215 dixerunt
1963 2163 2128 2216 mira-

566 2244 671 2298 hile
715 2250 1263 2320 spectaculum,quod
1319 2253 1579 2307 vidissent
1624 2254 1674 2306 in
1702 2253 1920 2323 templo.
1976 2254 2126 2309 Tunc

564 2332 818 2403 Basilius,
849 2338 961 2394 Deo
989 2340 1263 2395 ferventer
1299 2343 1434 2396 actis
1468 2342 1656 2410 gratiis
1681 2381 1696 2407 ,
1753 2342 2124 2408 hujuscemodi

563 2425 642 2476 eis
678 2427 940 2481 mirabilia
995 2433 1270 2485 enarravit
1303 2451 1317 2486 :
1347 2444 1399 2486 et
1452 2437 1713 2488 advocato
1748 2434 1971 2489 auriﬁce
1999 2436 2128 2488 fecit

565 2514 870 2568 columbam
897 2519 962 2570 de
991 2535 1124 2573 auro
1156 2525 1374 2586 mundo,
1418 2523 1580 2590 inque
1611 2539 1672 2576 ea
1706 2525 2004 2592 portionem
2033 2525 2127 2578 de-

567 2607 774 2671 posuit;
807 2617 862 2660 et
885 2623 1046 2677 super
1075 2624 1282 2664 sacram
1315 2626 1580 2675 mensam,
1613 2613 1758 2666 volnt
1783 2615 2005 2682 figuram
2035 2629 2129 2668 sa-

566 2711 672 2749 crze
722 2697 865 2752 illius
915 2701 1218 2766 columbae,
1244 2717 1364 2771 quae
1415 2702 1466 2755 in
1502 2702 1714 2757 Domini
1744 2705 2010 2773 baptismo
2073 2705 2127 2758 in

563 2785 796 2842 Jordane
828 2791 1186 2860 apparuisset,
1215 2794 1515 2864 suspendit.
1544 2795 1611 2849 lis
1643 2810 1804 2864 porro
1831 2796 1902 2849 ita
1932 2797 2123 2866 gestis,

567 2888 622 2930 et
679 2879 766 2932 ubi
826 2881 872 2936 is
921 2881 1228 2938 habiturum
1261 2899 1318 2938 se
1367 2887 1587 2939 verbum
1631 2888 2022 2942 exhortationis
2062 2888 2128 2942 ad

567 2971 818 3035 populum
867 2975 1238 3042 promisisset,
1315 2987 1640 3047 congregata
1698 2988 1782 3032 est
1839 2979 2129 3032 multitudo

567 3063 773 3116 infinita
808 3064 876 3120 ad
900 3065 1181 3121 ecclesiam
1213 3109 1227 3132 ,
1271 3069 1322 3122 in
1355 3070 1553 3137 quibus
1580 3073 1741 3121 etiam
1792 3083 2018 3136 magnus
2043 3069 2132 3121 ille

566 3155 889 3210 exercitator
921 3166 977 3212 et
1007 3159 1304 3213 monachus
1336 3159 1592 3226 Ephrem,
1642 3160 1708 3214 de
1751 3174 1857 3228 quo
1888 3169 2129 3228 postmo-

2227 1979 2442 2032 liercula
2468 2019 2481 2041 ,
2524 1993 2689 2033 orans
2727 1987 2785 2030 ut
2823 1977 2935 2044 ejus
2967 1975 3191 2031 haberet
3241 1988 3447 2039 curam,
3494 1973 3638 2025 velut
3695 1974 3788 2040 qui

2227 2070 2365 2137 apud
2418 2068 2706 2135 provincias
2759 2067 3043 2136 praesidem
3083 2066 3406 2119 auctoritate
3440 2060 3663 2115 valeret.
3719 2063 3793 2113 At

2229 2138 2316 2213 ille
2361 2168 2577 2225 accepta
2625 2159 2837 2221 charta,
2890 2158 3004 2211 haec
3032 2157 3086 2210 in
3129 2172 3191 2212 ea
3248 2154 3463 2225 praesidi
3489 2152 3735 2207 exaravit
3772 2165 3790 2202 :

2235 2270 2253 2301 σ
2295 2250 2439 2303 Adiit
2487 2264 2570 2303 me
2621 2250 2811 2302 mulier
2859 2247 3180 2318 paupercula
3209 2289 3225 2311 ,
3263 2249 3448 2302 dicens
3497 2259 3654 2313 posse
3703 2258 3795 2296 me

2225 2341 2366 2409 apud
2417 2352 2487 2394 te.
2535 2339 2590 2394 Si
2644 2353 2774 2407 ergo
2831 2354 3046 2408 possum
3078 2381 3093 2404 ,
3143 2340 3382 2392 ostende.
3421 2355 3440 2388 ι
3495 2335 3797 2401 Traditqne

2230 2433 2474 2485 chartam
2516 2431 2728 2484 mulieri
2763 2449 2779 2486 :
2819 2431 2910 2484 illa
2960 2445 3087 2484 vero
3127 2429 3365 2498 profecta
3422 2427 3652 2482 reddidit
3678 2425 3796 2493 epi-

2228 2521 2422 2575 stolam
2475 2523 2707 2588 praasidi.
2763 2523 2832 2574 At
2886 2521 2974 2574 ille
3005 2522 3092 2574 ubi
3126 2521 3295 2589 legit,
3332 2521 3430 2574 ista
3464 2517 3740 2584 rescripsit
3775 2533 3791 2568 :

2235 2629 2255 2661 ι
2292 2611 2468 2678 Volui,
2498 2611 2658 2664 Pater
2688 2621 2895 2675 sancte,
2931 2613 3092 2664 vestri
3143 2625 3300 2663 causa
3324 2609 3566 2662 miserari
3602 2607 3790 2660 "mlie-

2231 2718 2343 2758 rem
2370 2743 2384 2766 ,
2411 2703 2502 2756 sed
2531 2717 2636 2756 non
2685 2701 2829 2770 potui
2853 2717 2868 2764 ;
2921 2700 3064 2769 quod
3093 2701 3287 2753 aerario
3316 2697 3530 2766 publico
3559 2697 3796 2749 obnoxia

2231 2795 2321 2850 sit.
2374 2813 2392 2845 ι
2432 2793 2660 2848 Basilius
2687 2803 2864 2847 autem
2892 2791 3078 2846 scribit
3124 2790 3360 2845 secundo
3403 2808 3414 2840 :
3451 2806 3469 2837 ι
3511 2787 3796 2855 Siquidem

2229 2885 2466 2948 voluisti,
2501 2900 2598 2939 nec
2623 2885 2865 2953 potuisti,
2897 2885 3034 2940 bene
3061 2882 3222 2937 fuerit
3253 2899 3266 2936 :
3295 2879 3376 2933 sin
3412 2887 3589 2931 autem
3621 2877 3801 2946 potui-

2233 2975 2298 3029 sti
2333 2985 2385 3030 et
2419 2974 2636 3028 noluisti
2671 3014 2686 3039 ,
2737 2984 2787 3028 te
2820 2975 2958 3029 Deus
2988 2976 3040 3030 in
3072 2986 3364 3043 egenorum
3399 2970 3608 3039 rediget
3659 2967 3799 3022 cho-

2233 3080 2374 3128 rum,
2411 3074 2598 3119 utnon
2632 3066 2808 3132 possis
2837 3081 2958 3118 cum
2993 3066 3249 3120 volueris.
3309 3084 3327 3116 ι
3366 3062 3686 3130 Acciditque
3733 3071 3801 3113 ut

2233 3156 2309 3210 rei
2341 3155 2629 3223 scriptura,
2658 3169 2744 3207 res
2781 3156 3036 3208 evaserit.
3081 3153 3195 3208 Non
3229 3156 3317 3209 diu
3350 3155 3494 3208 enim
3535 3161 3673 3222 post,
3708 3151 3800 3204 in-

568 3247 692 3298 dum
726 3249 994 3300 narraturi
1019 3262 1232 3316 sumus;
1281 3257 1338 3303 ut
1374 3250 1629 3304 nimirum
1659 3265 1724 3304 ex
1752 3226 1933 3304 divina
1965 3265 2129 3320 appa-
2157 3226 2198 3285 (ἶ
2233 3246 2598 3316 dignationem
2638 3245 2976 3314 imperatoris
3003 3255 3276 3311 expertus,
3329 3244 3802 3312 circumagebatur

569 3334 784 3399 ritione,
813 3337 926 3402 ipse
951 3337 1217 3408 inspector
1251 3340 1423 3394 factus
1451 3341 1522 3395 sit
1552 3341 1792 3410 praeclari
1827 3341 2000 3396 Patris
2031 3359 2127 3396 no-

566 3427 662 3478 atri
690 3424 894 3481 Basilii.

637 3516 768 3571 Cum
804 3519 986 3587 itaque
1014 3533 1102 3572 res
1123 3535 1275 3574 sacra
1307 3531 1575 3589 ageretur,
1603 3520 1859 3574 llebrzeus
1887 3523 2124 3589 quidam,

570 3608 717 3660 velut
743 3606 1106 3676 Christianus,
1141 3609 1374 3678 seipsum
1406 3609 1602 3679 populo
1633 3610 1944 3674 immiscuit,
1973 3609 2131 3663 otIicii

639 3764 754 3835 (54)
795 3762 955 3818 Juvat
1009 3765 1113 3819 hoc
1144 3765 1265 3819 loco
1286 3765 1473 3819 audire
1523 3764 1904 3834 Rosweydum.
1943 3781 1960 3813 ι
1999 3762 2124 3835 Fuit

569 3834 945 3903 olim,inquit,
972 3835 1326 3902 quorumdam
1358 3837 1717 3898 consuetudo,
1762 3842 1818 3886 ut
1865 3834 2120 3888 euchari-

572 3905 728 3957 stiam
761 3905 924 3957 etiam
959 3906 1186 3957 mortuis
1221 3907 1531 3972 ingererent
1575 3914 1629 3956 et
1679 3903 2118 3972 consepelireut:

573 3988 736 4040 quam
783 3974 1064 4041 abrogavit
1101 3974 1391 4026 concilium
1422 3973 1850 4042 Carthaginense
1903 3975 2122 4026 tertium

571 4058 780 4098 cmone
809 4053 983 4096 sexto.
1022 4061 1039 4095 ι
1085 4043 1181 4097 Hic
1219 4057 1348 4096 vero
1388 4044 1510 4094 talis
1544 4054 1627 4095 est
1675 4061 1687 4096 :
1754 4061 1772 4092 ι
1824 4043 2036 4096 Placuit
2069 4053 2128 4096 ut

572 4115 887 4182 corporibus
947 4114 1327 4167 defunctorum
1381 4113 1706 4182 eucharistia
1777 4130 1879 4166 non
1923 4116 2122 4182 detur:

575 4181 774 4237 dictum
820 4193 902 4236 est
958 4185 1100 4236 enim
1133 4200 1161 4236 a
1208 4182 1436 4236 Domino
1467 4181 1733 4246 :Accipite
1780 4194 1825 4234 et
1853 4183 1988 4233 edite
2012 4181 2085 4251 (a)
2117 4198 2130 4235 :

574 4255 839 4306 cadavera
877 4263 1054 4306 autem
1107 4267 1206 4306 nec
1244 4255 1490 4320 accipere
1527 4260 1754 4318 possunt
1798 4265 1897 4302 nec
1922 4319 1927 4320 ί
1950 4252 2131 4304 edere.

573 4323 882 4377 Cavendum
934 4332 1019 4376 est
1080 4326 1242 4376 etiam
1291 4319 1638 4378 ne’mortuos
1667 4319 1931 4387 baptizari
1973 4335 2135 4387 posse

2235 3340 2467 3401 vinctus,
2501 3337 2569 3390 iis
2606 3335 2847 3390 facturus
2881 3334 3012 3389 satis
3058 3349 3193 3404 quos
3247 3334 3440 3400 injuria
3507 3333 3798 3387 affecisset.

2235 3431 2384 3484 'l‘unc
2410 3431 2595 3494 miser,
2620 3430 2839 3500 supplex
2878 3428 3079 3483 Basilio
3112 3427 3361 3492 ellicitur,
3427 3435 3684 3493 rogatque
3738 3436 3804 3477 ut

2233 3520 2481 3591 precibus
2498 3519 2762 3574 offensum
2797 3519 2977 3589 placet
3003 3519 3344 3588 imperatoris
3374 3518 3615 3571 animum
3640 3514 3752 3584 (37)
3785 3532 3798 3566 :

2238 3612 2377 3678 quod
2405 3622 2459 3665 et
2489 3610 2634 3666 fecit.
2669 3611 2797 3666 Post
2830 3620 3039 3666 sextum
3084 3612 3227 3665 enim
3269 3612 3407 3665 diem
3438 3611 3586 3664 venit
3618 3620 3801 3679 typus,

2230 3762 2362 3816 cleri
2411 3763 2730 3816 Antiocheni
2769 3764 2834 3815 ad
2861 3762 3120 3817 Joannem
3139 3763 3798 3829 Constantinopolitanum

2227 3833 2558 3902 episcopum.
2583 3842 2764 3902 contra
2796 3833 3051 3886 Severum
3095 3835 3403 3900 episcopum
3431 3848 3584 3886 suum
3621 3835 3800 3888 haere-

2245 3901 2446 3957 ticum’:
2481 3923 2498 3954 r
2534 3901 2821 3958 Columbas
2864 3916 3054 3955 aureas
3083 3913 3135 3955 et
3161 3913 3442 3971 argenteas
3489 3905 3539 3955 in
3571 3902 3798 3956 formam

2240 3975 2487 4041 Spiritus
2518 3972 2688 4028 sancti
2720 3988 2879 4039 super
2917 3972 3093 4026 divina
3140 3973 3354 4026 lavacra
3395 3983 3450 4028 et
3484 3974 3674 4026 altaria
3704 3987 3802 4041 ap-

2227 4060 2442 4112 pensas,
2473 4061 2574 4096 una
2599 4058 2720 4096 cum
2752 4043 2870 4096 aliis
2905 4043 3003 4098 sibi
3027 4045 3409 4112 appropriavit,
3449 4044 3651 4107 dicens,
3691 4060 3798 4098 non

2236 4125 2487 4192 oportere
2512 4116 2562 4167 in
2591 4114 2773 4182 Specie
2803 4113 3062 4168 columbae
3111 4114 3372 4183 Spiritum
3401 4124 3645 4168 sanctum
3701 4130 3802 4168 no-

2242 4198 2466 4235 tntnare.
2513 4202 2531 4233 ι

2315 4251 2426 4320 (56)
2459 4252 2748 4307 Historiam
2788 4253 2926 4305 hanc
2949 4253 3206 4320 Opuscnlo
3233 4251 3324 4315 58,
3357 4267 3477 4321 cap.
3515 4251 3604 4317 lt,
3637 4251 3802 4307 refert

2242 4320 2305 4374 D.
2337 4321 2589 4378 Thomas.
2624 4322 2820 4375 Verum
2859 4323 2904 4375 si
2956 4323 3424 4376 animadvertisset
3475 4323 3672 4378 Doctor
3700 4339 3800 4377 an-

579 4399 807 4444 tratrum
847 4391 1134 4445 inﬁrmitas
1164 4391 1371 4454 credat,
1402 4407 1523 4445 cum
1567 4391 1952 4445 euchariStiam
1988 4404 2132 4442 mor-
2167 4393 2210 4447 D
2241 4390 2463 4459 gelicus,
2501 4394 2550 4445 in
2593 4392 2902 4447 Graecorum
2938 4391 3182 4446 ecclesiis
3213 4431 3228 4455 ,
3261 4396 3598 4448 sacerdotem
3630 4395 3801 4447 sacri-

577 4463 686 4517 tuis
712 4463 827 4515 dari
859 4462 1374 4516 animadverterent.
1414 4479 1432 4513 ι
1463 4460 1935 4528 Subscripsithuic
1955 4461 2139 4512 conci-

578 4534 649 4586 lio
679 4533 734 4584 S.
760 4532 1116 4602 Augustinus.
1148 4531 1311 4602 Addit
1361 4531 1747 4602 ibidemctiant
1781 4530 2134 4602 llosweydus,

580 4603 721 4668 quod
754 4599 892 4655 idem
914 4601 1176 4670 repetitur
1205 4601 1255 4652 in
1287 4601 1517 4653 concilio
1544 4599 1894 4668 Hipponensi,
1930 4614 2137 4654 canone

577 4672 872 4740 quinto;et
901 4673 952 4724 in
979 4671 1210 4724 concilio
1232 4670 1693 4723 Antissiodorensi
1721 4685 1862 4723 anno
1891 4685 2016 4734 οη,
2046 4683 2138 4721 ca-

578 4739 717 4794 none
752 4741 851 4808 12;
886 4751 940 4795 et
987 4743 1040 4796 in
1075 4740 1305 4795 concilio
1349 4739 1587 4808 generali
1626 4750 1896 4792 sexto.....
1925 4742 2014 4793 ubi
2045 4753 2136 4792 ca—

579 4825 685 4861 non
735 4811 804 4863 83
857 4813 928 4862 ita
988 4812 1223 4864 habet...
1280 4827 1298 4859 ί
1345 4809 1511 4862 Nemo
1553 4818 1886 4862 mortuorum
1937 4824 2131 4876 corpo-

581 4881 729 4932 ribus
791 4879 1178 4934 eucharistiam
1246 4880 1628 4933 oommunicet.
1703 4877 1975 4945 Scriptum
2050 4886 2132 4930 est

579 4950 744 5014 enim,
775 4950 1008 5018 Accipite
1040 4960 1086 5002 et
1114 4950 1366 5001 comedite
1397 4965 1415 5000 :
1453 4960 1787 5002 mortuorum
1821 4959 1998 5002 autem
2022 4962 2136 5001 cor-

581 5036 707 5086 pora
747 5037 849 5074 non
875 5030 1098 5089 possunt
1130 5021 1526 5089 accipere,ine_c
1559 5019 1864 5089 comedere.
1893 5036 1911 5068 ι
1937 5018 2133 5089 Ηιιριεέ

584 5079 681 5141 itus
704 5079 1058 5157 Rosweydus.
1089 5091 1166 5142 An
1196 5079 1359 5157 igitur
1389 5079 1583 5141 l'ecérit
1616 5087 1665 5140 id
1698 5087 1949 5152 Basilius,
1991 5088 2132 5154 quod

581 5159 778 5211 sarculo
795 5159 1040 5227 sequenti
1071 5159 1459 5226 prohibendum
1504 5158 1734 5211 concilia
1771 5157 2133 5211 censuerunt?

580 5229 936 5282 Combelisius
994 5230 1070 5280 ait
1097 5269 1110 5289 ,
1141 5228 1396 5283 Basiliam
1427 5227 1476 5279 id
1516 5228 1708 5282 fecisse
1737 5227 1995 5295 singulari
2044 5229 2128 5280 in-

581 5299 785 5351 stinctu
839 5300 1038 5353 divino.
1077 5297 1266 5352 Verum
1311 5298 1497 5365 quidni
1557 5309 1663 5351 tam
1700 5299 1907 5365 ineptus
1970 5297 2132 5350 fuerit

581 5369 1220 5437 pseudo-Amphilochins
1255 5408 1269 5425 .
1329 5377 1386 5420 ut
1419 5369 1642 5421 abusum
1676 5407 1691 5431 ,
1751 5383 1848 5422 suo
1891 5377 2131 5436 tempore

582 5442 760 5508 lnrsan
791 5455 894 5490 non
939 5441 1131 5506 ubique
1159 5439 1426 5490 sublatum
1449 5478 1463 5504 ,
1504 5446 1609 5490 tam
1647 5441 1790 5508 pium
1821 5438 2129 5501 crediderit,

583 5518 638 5558 ut
658 5507 852 5561 Basilio
880 5509 1054 5576 aliingi
1085 5519 1263 5574 posset
1288 5509 1310 5559 ?

653 5579 767 5647 (55)
797 5581 1081 5632 Columbas
1107 5580 1234 5631 olim
1261 5593 1422 5644 super
1455 5579 1645 5632 altaria
1687 5587 1740 5632 et
1775 5576 2130 5646 superbapti-

586 5655 774 5706 sterta,
801 5650 852 5700 in
906 5651 1218 5700 meumriam
1252 5651 1486 5714 Spiritus
1514 5651 1684 5703 sancti
1723 5663 1984 5718 appensas
2007 5648 2131 5718 luis-

585 5734 664 5778 δν,
707 5719 893 5783 probat
929 5719 1256 5786 ltoswt-ydus
1311 5720 1362 5772 in
1403 5720 1540 5772 hunc
1596 5717 1799 5784 locum,
1822 5737 1883 5773 ex
1911 5717 2127 5786 cpistola

656 5833 729 5899 (ιι)
775 5832 955 5884 Matth.
992 5847 1135 5894 xxvr,
1164 5832 1250 5885 ‘26.

2245 4462 2492 4514 titantem
2528 4480 2628 4515 non
2680 4464 2847 4514 videri
2886 4478 2914 4514 a
2951 4463 3143 4529 populo
3171 4502 3186 4526 ,
3215 4463 3517 4518 dubitasset
3577 4463 3799 4526 forsan,

2244 4547 2368 4583 num
2405 4531 2452 4583 id
2481 4534 2624 4601 quod
2677 4531 2741 4584 de
2771 4531 2967 4584 Basilio
2997 4543 3200 4598 narrat,
3233 4534 3386 4586 alteri
3418 4534 3629 4586 cuidam
3685 4535 3800 4600 epi-

2243 4615 2404 4672 scopo
2430 4617 2521 4654 aut
2558 4602 2822 4655 sacerdoti
2842 4601 3049 4672 ‘Latino
3105 4604 3414 4669 contigerit.
3462 4603 3801 4672 ltosweydus

2242 4670 2294 4721 in
2332 4672 2469 4723 hunc
2495 4671 2691 4734 locum,
2724 4689 2785 4724 ex
2839 4669 3128 4724 Paschasio
3155 4713 3170 4735 ,
3205 4674 3340 4724 libro
3379 4672 3451 4724 De
3480 4669 3694 4738 corpore
3749 4684 3799 4724 et

2240 4741 2490 4810 sanguine
2515 4739 2748 4799 Domini.
2792 4740 2924 4810 dicit
2951 4743 3176 4795 similem
3205 4742 3478 4794 historiam
3508 4744 3800 4810 contigisse

2243 4807 2403 4874 Plego
2431 4813 2765 4878 presbytero.
2802 4809 2908 4862 Nos
2927 4811 2997 4862 25
3028 4812 3226 4878 Aprilis
3251 4811 3496 4877 tomolll,
3529 4807 3799 4879 pagfl“,

2242 4894 2526 4932 narramus
2582 4882 2812 4933 similem
2870 4881 3172 4940 visionem,
3229 4879 3461 4934 oblatam
3528 4884 3803 4934 Saraceno

2243 4949 2478 5019 cuidam,
2525 4949 2723 5002 violare
2752 4949 2949 5003 volenti
2987 4950 3239 5016 templum
3287 4951 3342 5002 S.
3375 4951 3590 5018 Georgii
3619 4949 3801 5019 Mega-

2248 5017 2558 5088 lomarlyris
2610 5038 2621 5070 :
2675 5029 2728 5071 at
2787 5022 2886 5072 nisi
2935 5020 3069 5071 ritus
3107 5021 3300 5073 divinze
3332 5017 3558 5084 liturgiae
3589 5061 3603 5082 ,
3662 5017 3801 5088 apud

2240 5087 2436 5155 Coptos
2468 5090 2808 5142 Christianos
2832 5132 2845 5150 ,
2900 5089 3141 5142 diversus
3193 5090 3354 5143 fuerit
3389 5108 3415 5142 a
3448 5092 3549 5144 ritu
3587 5087 3804 5145 Graeco-

2239 5171 2356 5226 rum
2386 5197 2402 5220 ,
2435 5160 2709 5211 vacillabit
2769 5159 3011 5211 miraculi
3072 5160 3243 5226 tidcs,
3293 5162 3363 5213 ob
3401 5163 3614 5215 easdem
3669 5176 3805 5225 quas

2237 5225 2348 5292 jam
2385 5229 2536 5281 attuli
2582 5230 2856 5292 rationes;
2901 5239 2991 5281 aut
3015 5230 3299 5283 dicendum
3331 5240 3493 5294 esset,
3526 5231 3804 5285 Christum

2239 5299 2551 5362 apparuisse
2581 5301 2631 5351 in
2663 5301 2835 5352 hostia
2871 5301 3106 5352 nondum
3143 5311 3494 5364 consecrata;
3536 5316 3640 5354 non
3672 5301 3801 5367 quia

2240 5381 2474 5438 pra-scus
2534 5369 2754 5421 realiter
2792 5379 2902 5420 erat
2926 5410 2940 5430 ,
2975 5369 3070 5422 sed
3099 5371 3221 5438 quia
3259 5371 3359 5422 ista
3394 5371 3443 5423 in
3485 5371 3802 5423 memoriam

2238 5437 2507 5501 passionis
2543 5440 2658 5505 ejus
2691 5454 2842 5490 sacra
2895 5440 3077 5491 lancea
3120 5437 3477 5493 dividebatur
3509 5443 3558 5490 in
3598 5453 3802 5506 partes,

2239 5523 2357 5558 mox
2390 5509 2440 5560 in
2475 5524 2657 5561 verum
2691 5525 2885 5577 corpus
2921 5509 3035 5575 ejus
3061 5526 3155 5579 per
3189 5512 3802 5564 consecrationcmcon-

2237 5579 2536 5631 verti-udas.

2315 5647 2424 5714 (57)
2478 5653 2657 5707 lierst,
2692 5650 2863 5716 inquit
2907 5649 3258 5703 Cumbclisius
3285 5692 3298 5711 ,
3334 5652 3434 5703 hoc
3467 5661 3625 5718 caput
3683 5665 3804 5700 cum

2247 5715 2420 5771 tribus
2455 5721 2820 5786 ξρνεριιιὶιιιις,
2859 5720 2909 5772 in
2955 5722 3199 5774 versione
3231 5722 3384 5785 lirsi;
3427 5715 3602 5788 potius
3626 5731 3804 5772 tamen
