4046 6460
708 392 1076 447 EXCERPTA
1118 394 1207 449 EX
1247 394 1449 451 ACTlS
1496 396 1553 453 S.
1595 396 1835 454 BASlLll
1876 399 2633 456 BOLLANDIANIS.—VITA
2672 401 3102 461 APOCBYPHA.

3348 422 3503 469 cccttl

283 530 395 585 quo
422 515 559 571 liber
588 529 656 567 ao
695 514 1084 573 abducentibus
1134 517 1387 571 satellitio
1436 519 1791 573 dimitteretur
1826 536 1839 571 :
1872 529 1915 581 Α
1954 518 2072 583 Quo
2101 530 2348 587 accepto,
2382 522 2454 572 ait
2497 518 2724 571 Basilius
2754 537 2767 571 :
2798 537 2816 569 ι
2857 518 2962 573 Nos
3010 521 3222 589 quidem
3258 520 3373 581 tibi,
3402 522 3500 573 im-

275 610 363 664 ille
392 624 518 663 vero
545 607 847 661 exhibitam
895 608 948 662 in
986 611 1102 681 ipso
1129 610 1520 669 humanitatem
1558 628 1662 666 non
1691 615 1838 684 igno-

273 718 425 762 rans.
450 699 659 752 accedit
708 700 774 753 ad
804 699 1060 758 Basilium
1095 702 1299 770 gratias
1324 719 1487 774 agens
1531 723 1543 757 :
1581 705 1836 761 advocata

271 803 450 845 autem
478 790 698 855 femina,
724 792 942 863 duplum
980 796 1026 849 ei
1052 794 1098 848 si
1130 794 1262 864 quid
1290 796 1561 860 debebat,
1600 810 1665 850 ex
1715 813 1837 867 pro-

270 882 402 949 priis
428 882 540 948 ipse
572 884 819 940 reddidit.

338 969 497 1026 Circa
530 973 580 1029 id
609 986 819 1045 tempus
851 989 973 1027 cum
1001 974 1244 1032 Julianus
1290 977 1422 1048 (38),
1466 979 1835 1039 odiosissimus

271 1063 587 1132 imperator,
620 1067 877 1119 adversus
903 1066 1095 1123 Persas
1130 1069 1585 1139 proficisceretur,
1612 1076 1759 1128 venit
1782 1076 1834 1129 in

269 1167 453 1221 partes
476 1158 901 1212 Cmsareensium
931 1178 945 1214 :
976 1158 1212 1212 Basilius
1260 1172 1460 1227 autem,
1501 1180 1603 1217 una
1629 1167 1676 1218 ei
1712 1181 1833 1219 cum

277 1249 466 1311 sociis,
494 1246 709 1300 obviam
761 1249 1041 1317 processit.
1099 1248 1231 1303 Eum
1267 1252 1491 1309 intuitus
1523 1255 1831 1324 imperator,

269 1340 448 1391 dixit:
480 1354 499 1387 α
544 1336 620 1393 Te
650 1340 989 1408 philosophia
1042 1342 1167 1407 vici,
1222 1343 1407 1399 Basili.
1466 1366 1485 1397 ι
1540 1346 1835 1417 Respondit

266 1443 399 1482 vero
446 1427 723 1485 Basilius:
760 1449 778 1482 ι
822 1429 1039 1486 Utinam
1083 1434 1461 1502 philosOphum
1507 1437 1745 1503 egissesl
1808 1458 1825 1490 ι

269 1521 420 1576 Tunc
446 1535 664 1577 sanctus
694 1532 803 1580 tres
830 1526 879 1580 ei
903 1541 1069 1594 panes
1094 1525 1307 1587 obtulit,
1337 1540 1401 1580 ex
1426 1541 1833 1596 annona,quam

268 1610 556 1667 inferebat.
586 1614 654 1667 At
698 1614 806 1681 ille,
862 1630 959 1684 pro
995 1615 1234 1669 muneris
1284 1615 1549 1683 parvitate
1579 1626 1725 1671 ratus
1776 1631 1834 1671 se

266 1702 465 1773 injuria
500 1704 748 1759 affectum
779 1747 794 1770 ,
830 1703 995 1771 jussit
1040 1704 1363 1761 satellitibus
1426 1714 1484 1757 ut
1519 1720 1685 1775 panes
1713 1708 1833 1775 qui-

268 1796 391 1851 dem
424 1800 766 1865 acciperent,
819 1810 1004 1849 eorum
1033 1808 1209 1851 autem
1244 1798 1361 1853 loco
1409 1796 1588 1852 fenum
1618 1799 1829 1856 darent.

268 1979 521 2033 omisisse
567 1978 799 2043 videtur,
837 1981 1013 2034 victus
1067 1983 1245 2048 operis
1296 1981 1626 2048 prolixitate,
1674 1996 1835 2050 quam

266 2050 393 2116 quia
445 2051 657 2105 codices
715 2052 882 2119 ipsius
917 2052 965 2101 id
996 2052 1434 2119 desideraverint.
1459 2051 1587 2116 Cur,
1623 2065 1826 2116 quaeso,

273 2120 579 2184 prolixitate
625 2118 867 2174 codicum
906 2134 1122 2171 suorum
1174 2118 1479 2173 vinceretur
1511 2120 1678 2174 Ursus
1711 2158 1725 2181 ,
1788 2121 1834 2173 si

271 2189 326 2245 bi
384 2192 561 2259 capita
623 2191 723 2259 ista
776 2188 1123 2259 habuerint?
1176 2189 1357 2257 Neque
1410 2190 1836 2259 primumcaret

269 2262 419 2314 omni
457 2258 1089 2328 idiliicultate,quamvis
1149 2260 1201 2314 id
1257 2270 1403 2328 putet
1432 2258 1784 2314 Combelisius
1817 2275 1830 2310 :

270 2347 458 2397 parum
489 2330 685 2397 quippe
704 2327 957 2381 credibile
986 2330 1215 2393 videtur,
1246 2338 1644 2398 exauctoratum
1690 2344 1833 2398 pra:-

270 2401 466 2460 sidem,
496 2399 644 2467 et_ad
681 2398 889 2449 vincula
921 2400 1253 2461 damnatum,
1282 2397 1463 2453 Basilii
1498 2401 1637 2467 apud
1667 2397 1835 2466 impe-

273 2478 512 2520 ratorem
542 2465 813 2519 Julianqu
862 2477 952 2519 aut
990 2466 1364 2519 Constantium
1400 2465 1834 2523 intercessionem

271 2537 601 2606 postulasse,
628 2545 681 2589 et
708 2551 804 2606 per
825 2551 942 2589 cam
975 2537 1217 2604 dignitati
1252 2537 1575 2589 restitutum.

346 2605 459 2675 (58)
488 2605 611 2660 "me
652 2606 717 2658 de
740 2603 951 2657 Juliano
1000 2603 1325 2673 imperatore
1376 2606 1573 2661 omissa
1606 2616 1730 2660 sunt
1765 2608 1833 2658 ab

275 2676 418 2731 Urso
448 2677 801 2735 subdiacono,
826 2684 879 2728 et
903 2676 1095 2729 merito
1135 2676 1427 2730 omittenda
1470 2686 1624 2730 erant
1649 2678 1723 2741 ei,
1747 2676 1837 2743 qui

290 2744 463 2800 Vitam
506 2748 647 2801 hanc
699 2744 881 2799 Basilii
937 2746 1095 2800 vellet
1146 2745 1323 2800 facere
1374 2746 1704 2801 credibilem.
1767 2748 1839 2799 At

273 2819 632 2872 Combefisius
658 2858 673 2879 ,
703 2818 885 2869 volens
938 2816 1077 2868 hunc
1110 2824 1164 2869 et
1205 2818 1338 2871 alios
1393 2818 1841 2871 anachronismos

274 2902 565 2950 excusare,
605 2886 741 2941 dicit
790 2887 841 2939 in
896 2886 997 2938 hac
1032 2885 1151 2938 Vita
1195 2886 1323 2939 nihil
1371 2888 1557 2939 ordine
1588 2889 1841 2954 temporis

275 2958 511 3009 narrari.
558 2958 808 3020 Adeoque
833 2994 847 3016 ,
875 2956 1120 3022 quamvis
1146 2956 1406 3009 adventus
1440 2954 1635 3009 Juliani
1667 2957 1841 3009 Cresa-

278 3040 428 3078 ream
470 3026 557 3079 hic
591 3034 865 3088 narretur,
909 3039 972 3076 ac
1007 3025 1051 3076 si
1106 3025 1418 3091 contigisset
1474 3035 1595 3093 post
1636 3025 1841 3093 episco-

273 3097 450 3164 palem
478 3095 658 3149 Basilii
693 3096 1189 3158 consecrationem;
1241 3095 1371 3149 nihil
1406 3094 1664 3163 impedire
1704 3109 1839 3163 quo-

273 3168 456 3221 minus
502 3165 690 3219 referri
722 3165 890 3234 possit
947 3166 1013 3217 ad
1067 3165 1336 3218 anteriora
1382 3176 1659 3234 tempora,
1716 3180 1837 3220 cum

272 3250 470 3303 nempe
500 3235 729 3288 Basilius
763 3250 856 3300 pro
904 3234 1133 3288 Eusebio
1163 3236 1413 3303 episcopo
1468 3236 1689 3298 latente,
1743 3236 1834 3289 de-

270 3304 482 3358 functo.
521 3316 613 3357 aut
641 3306 828 3357 saltem
852 3304 953 3356 alia
984 3304 1050 3357 de
1076 3320 1237 3357 causa
1276 3307 1499 3359 absente
1531 3344 1547 3367 ,
1582 3316 1835 3374 tanquam

270 3374 565 3440 primarius
597 3375 734 3426 inter
760 3374 1100 3442 presbyteros
1131 3384 1181 3425 et
1208 3375 1444 3441 episcopi
1472 3375 1701 3427 vicarius
1732 3376 1835 3427 Ec-

268 3443 492 3497 clesiam
533 3444 927 3496 Cmsareensetn
959 3442 1375 3496 administraret.
1415 3443 1662 3512 Magnum
1682 3446 1837 3511 quip-

271 3528 339 3578 pe
368 3524 487 3567 erat
520 3512 707 3568 Basilii
759 3528 977 3575 nomen,
1004 3513 1164 3565 etiam
1190 3522 1479 3579 antequam
1531 3514 1836 3567 sacerdotio

269 3584 591 3652 iniungeretur
625 3584 763 3651 apud
798 3582 1147 3652 Cappadocas
1200 3590 1252 3636 et
1306 3584 1553 3637 nationes
1600 3592 1835 3645 exteras,

270 3662 330 3706 ut
373 3650 441 3706 ex
500 3653 840 3706 Nazianzeno
896 3650 1124 3705 aﬂirmat
1183 3652 1535 3707 Combeﬁsius
1569 3670 1583 3706 :
1616 3654 1837 3721 ipsaque

269 3724 634 3777 (nesarci-usis
658 3722 847 3775 civitas
887 3735 1009 3774 eum
1043 3733 1293 3789 tanquam
1319 3723 1653 3775 conditorem
1680 3738 1835 3775 suum

266 3805 325 3846 et
355 3801 789 3846 conservatorem
829 3792 1172 3852 suspiciebat.
1212 3792 1433 3855 Deinde,
1469 3793 1639 3859 inquit
1670 3793 1832 3855 idem,

269 3864 411 3915 nihil
446 3875 697 3915 narratur
744 3870 853 3914 tota
912 3859 1010 3913 bac
1050 3860 1272 3913 historia
1322 3862 1520 3913 factum
1552 3876 1579 3913 a
1607 3860 1829 3925 Basilio,

267 3932 415 4001 quod
449 3948 477 3984 a
528 3932 842 4000 presbytero
871 3940 923 3982 et
975 3929 1462 4001 cpiscppi__vicario
1494 3933 1673 3999 peragi
1727 3947 1833 3984 non

268 3998 543 4068 potuerit;
580 3998 703 4064 nec,
730 4001 829 4054 nisi
884 4000 1071 4062 semel,
1111 3998 1337 4052 Basilius
1369 4011 1595 4053 vocatur
1623 3998 1833 4069 episco-

266 4087 392 4138 pus.
424 4070 602 4123 Potuit
624 4082 801 4124 autem
839 4070 996 4123 facile
1024 4069 1144 4122 ὰντὶ
1191 4070 1379 4138 ἱερέως
1409 4086 1504 4138 pro
1538 4072 1834 4140 ἀρχιερέως

267 4157 299 4191 a
329 4140 553 4192 librario
592 4141 844 4207 quopiam
876 4141 1139 4203 describi;
1174 4142 1256 4192 vel
1280 4141 1439 4209 etiam
1464 4150 1632 4207 potuit
1656 4143 1836 4209 ἀρχιε-

269 4209 403 4281 ρείύς
457 4220 600 4262 recte
629 4214 805 4261 vocari
856 4209 1155 4278 presbyter,
1180 4211 1280 4281 qui
1333 4208 1505 4263 ometo
1538 4208 1836 4281 etjurisdi-

269 4280 474 4341 ctione,
506 4292 563 4331 ut
616 4289 807 4333 vocant
834 4318 849 4342 ,
883 4281 1113 4344 episcopi
1168 4280 1480 4346 fungeretur
1511 4297 1524 4332 :
1554 4280 1631 4333 sic
1689 4289 1836 4333 certe

270 4366 440 4403 unum
472 4351 707 4417 episcopi
753 4349 1048 4419 vicariique
1102 4350 1334 4419 tribunal
1372 4350 1747 4419 agnoscimus;
1784 4359 1837 4403 et

267 4429 423 4484 gesta
459 4420 642 4471 vicarii
676 4417 843 4486 ipsius
877 4418 1110 4484 episcopi
1153 4429 1300 4486 gesta
1332 4417 1723 4486 nuncupamus.
1759 4420 1834 4472 lta

266 4489 631 4543 Combefisius
655 4490 794 4542 hunc
812 4487 1284 4540 anachronismum
1315 4502 1573 4541 excusare
1604 4490 1829 4541 nititur:

266 4574 432 4627 quam
478 4560 706 4613 feliciter
750 4559 955 4625 judicet
997 4557 1183 4611 lector.
1237 4556 1407 4611 Nemo
1454 4557 1642 4611 saltem
1703 4560 1833 4611 mihi
1866 4548 1909 4602 Ῐ)

268 4629 429 4682 facile
475 4630 838 4694 persuadebit,
880 4643 985 4681 non
1041 4628 1209 4680 fuisse
1250 4638 1480 4681 mentem
1515 4630 1750 4681 auctoris
1781 4629 1833 4681 in

269 4700 372 4751 hac
408 4696 523 4751 Vita
570 4698 917 4751 describenda
950 4739 965 4763 ,
1000 4711 1221 4751 servare
1271 4698 1513 4751 ordinem
1558 4699 1832 4764 temporis.

264 4766 432 4821 Certe
466 4768 639 4836 capita
687 4768 952 4835 capitibus
985 4778 1348 4821 annectuntur
1401 4767 1836 4834 inchoanturque

269 4842 340 4893 iis
370 4838 618 4904 loquendi
651 4837 918 4899 formulis,
944 4839 1141 4905 quibus
1175 4838 1248 4889 uti
1289 4837 1525 4892 solemus
1546 4851 1667 4890 cum
1698 4840 1837 4890 inter

268 4908 602 4962 narrandmn
680 4908 923 4961 ordinem
1000 4909 1252 4974 temporis
1308 4908 1707 4975 prosequimur.
1761 4908 1833 4960 Ita

269 4992 497 5032 numero
534 4977 637 5039 52,
690 4988 966 5045 postquam
1006 4976 1139 5029 dixit
1184 4994 1211 5029 a
1243 4977 1443 5029 Basilio
1478 4986 1833 5030 convocatutn

268 5049 521 5118 populum
547 5048 611 5099 ad
647 5049 927 5118 ecclesiam
984 5047 1287 5100 auditurum
1317 5049 1536 5118 verbum
1570 5047 1686 5109 Dei,
1748 5063 1834 5100 se-

264 5116 520 5188 quentem
554 5132 832 5188 numerum
861 5117 951 5181 55,
984 5132 1090 5185 quo
1114 5126 1367 5169 narratur
1388 5116 1556 5169 Judaei
1605 5131 1831 5169 conver-

264 5186 372 5252 sio,
405 5189 483 5240 sic
506 5186 721 5238 inchoat
758 5205 812 5239 ε(
854 5188 983 5240 Cum
1019 5188 1199 5253 itaque
1221 5200 1307 5239 res
1335 5201 1483 5238 sacra
1517 5198 1783 5253 ageretur,
1808 5206 1826 5237 ι

264 5270 377 5312 etc.
410 5255 542 5322 Quis
570 5272 673 5309 non
714 5257 929 5325 colliget
964 5273 1026 5309 ex
1067 5258 1167 5309 hoc
1200 5256 1449 5324 loquendi
1484 5258 1658 5320 modo,
1702 5272 1831 5308 con-

268 5328 577 5383 versionem
608 5325 778 5381 Judaei
802 5328 1043 5379 evenisse
1072 5327 1211 5379 inter
1236 5342 1346 5378 rem
1383 5326 1655 5388 divinam,
1716 5336 1834 5391 post

269 5398 513 5451 habitum
540 5397 606 5447 ad
641 5396 892 5463 populum
930 5395 1271 5449 sermonem?
1300 5396 1365 5449 Et
1388 5406 1666 5463 postquam
1688 5395 1830 5449 hunc

268 5482 549 5519 numerum
588 5464 638 5519 in
673 5465 841 5520 Judtei
863 5466 1177 5528 baptismate
1203 5467 1485 5531 conclusit,
1512 5466 1575 5517 ad
1610 5480 1834 5532 sequen-

269 5550 374 5589 tem
396 5536 465 5589 5l
490 5536 568 5588 sic
600 5537 831 5590 transit:
870 5554 886 5588 ι
917 5535 1155 5602 Cumque
1174 5547 1392 5589 sanctus
1410 5538 1771 5604 egrederetur.
1807 5555 1825 5587 ι

267 5608 556 5659 Contendit
581 5616 755 5660 tamen
794 5605 1171 5668 Combclisius,
1201 5606 1456 5673 quidquid
1480 5606 1580 5659 hoc
1607 5620 1831 5659 numero

270 5686 548 5736 narratur,
600 5678 665 5729 ad
712 5678 980 5729 anteriora
1034 5686 1272 5743 tempora
1326 5692 1485 5741 posse
1520 5686 1574 5729 et
1634 5677 1831 5729 debere

272 5746 489 5800 referri.
515 5747 580 5798 At
614 5747 927 5813 quomodo?
964 5747 1066 5799 nisi
1120 5756 1303 5801 contra
1340 5749 1550 5799 modum
1580 5746 1829 5813 loquendi

265 5820 548 5882 usitatum,
582 5818 684 5871 vim
730 5816 906 5870 verbis
952 5817 1262 5871 inferamus.
1302 5816 1437 5885 Quin
1474 5828 1527 5870 ut
1556 5816 1606 5869 id
1635 5832 1828 5872 conce-

1942 621 2178 679 perator,
2216 627 2279 664 ex
2316 612 2379 663 iis
2407 613 2708 670 attulimus,
2735 613 2930 678 quibus
2949 623 3245 679 vescimur;
3303 621 3358 664 tu
3409 626 3503 664 au—

1942 710 2049 753 tem
2086 716 2150 755 ex
2177 703 2240 755 iis
2268 700 2592 767 retribuisti,
2622 700 2818 770 quibus
2843 701 2994 753 bruta
3015 698 3254 766 jumenta
3287 703 3406 768 alis,
3450 704 3501 755 id

1939 793 2154 861 quidem
2207 794 2454 848 aﬂ'ectata
2530 795 2794 848 irrisionis
2828 794 3036 863 specie;
3071 794 3162 846 sed
3194 794 3280 861 qui
3316 796 3501 849 nolens

1940 886 1992 939 in
2044 886 2270 955 hujusce
2302 885 2442 955 prati
2477 900 2673 953 pascua
2713 887 2820 957 (59)
2852 901 2948 941 nos
2977 885 3177 938 mittas.
3212 903 3230 935 ι
3265 886 3501 942 Audiens

1940 990 2115 1031 autem
2145 977 2410 1040 Julianus,
2442 978 2585 1045 quod
2606 980 2749 1031 velut
2778 980 3069 1048 imperator
3094 978 3324 1045 gratiam
3349 992 3499 1032 suam

1938 1086 2194 1125 revocare
2226 1086 2331 1124 non
2364 1080 2569 1138 posset,
2610 1070 2792 1124 furore
2825 1074 3059 1140 percitus
3086 1071 3162 1125 ait
3196 1071 3263 1123 ad
3300 1070 3447 1124 illum
3478 1090 3493 1125 :

1941 1179 1961 1213 ι
2003 1160 2264 1229 Equidem
2289 1160 2427 1227 prati
2448 1174 2643 1228 pascua
2674 1161 2768 1213 tibi
2798 1176 2912 1213 mea
2954 1162 3175 1216 donavit
3200 1160 3449 1231 majestas
3480 1178 3498 1226 ;

1935 1261 2185 1309 ueterum
2249 1252 2336 1306 ubi
2393 1252 2629 1305 subactis
2692 1250 2880 1305 Persis
2934 1251 3127 1306 iterum
3184 1254 3497 1315 divertere,

1938 1358 2080 1401 tuam
2106 1347 2382 1400 civitatem
2414 1345 2527 1401 solo
2584 1352 2853 1412 azquatam
2889 1345 3055 1398 arabo
3085 1360 3098 1395 :
3133 1354 3192 1399 ut
3223 1344 3497 1400 fructifera

1934 1437 2113 1505 potius
2149 1435 2430 1498 eﬂiciatur,
2460 1451 2621 1505 quam
2669 1434 2977 1489 hominibus
3017 1434 3239 1490 edendis
3264 1437 3500 1490 educan-

1936 1528 2127 1595 disque
2180 1536 2486 1594 eomparata
2521 1528 2702 1581 :haml
2749 1528 2891 1581 enim
2941 1526 3147 1596 decepti
3178 1543 3205 1580 a
3240 1536 3292 1580 te
3320 1526 3498 1595 populi

1934 1619 2319 1688 impudentiam
2362 1619 2546 1672 nescio
2586 1638 2597 1672 :
2640 1627 2699 1671 ut
2744 1619 3067 1688 impotentes
3117 1620 3339 1685 invidia,
3365 1617 3499 1673 For-

1935 1720 2114 1763 tunam
2164 1725 2321 1779 quam
2354 1724 2453 1779 ego
2496 1711 2651 1765 deam
2694 1710 2804 1783 (40)
2851 1710 3054 1776 adoro,
3108 1720 3390 1778 postquam
3448 1711 3499 1763 ei

1934 1796 2116 1868 libavi,
2150 1802 2293 1854 omni
2333 1816 2552 1868 prorsus
2580 1804 2804 1868 honore,
2856 1802 3168 1858 minuerint.
3210 1819 3229 1854 ›
3276 1800 3371 1857 His
3399 1816 3497 1857 au-

1943 1985 2134 2037 damus
2156 1980 2503 2043 Comhefisio,
2536 1996 2638 2049 qua
2676 1980 2883 2034 ratione
2910 1980 3140 2033 Basilius
3162 1980 3267 2033 dici
3304 1980 3501 2046 poterit

1942 2054 2176 2107 vicarius
2239 2052 2407 2107 fuisse
2462 2051 2713 2113 Eusebii,
2750 2052 2961 2109 vivente
2986 2049 3237 2104 Juliano?
3281 2049 3497 2113 Mortui,

1942 2124 2113 2189 inquit
2144 2124 2248 2181 ille.
2276 2132 2367 2175 aut
2399 2122 2635 2183 latentis,
2664 2131 2756 2172 aut
2784 2120 2943 2174 aliter
2992 2120 3254 2174 absentis.
3290 2120 3503 2173 Absen-

1944 2201 2053 2242 tem
2086 2192 2266 2243 tandiu
2305 2208 2538 2256 unquam
2582 2190 2752 2244 fuisse
2780 2207 2806 2243 a
2848 2205 2948 2245 suo
2995 2190 3303 2256 episcOpatu
3335 2189 3501 2244 Euse-

1943 2260 2114 2322 bium,
2140 2269 2197 2329 ut
2227 2261 2430 2313 vicario
2464 2262 2783 2327 iudiguerit,
2818 2260 2986 2329 gratis
3041 2260 3301 2313 asserilur
3328 2268 3382 2313 et
3406 2275 3502 2312 ne-

1940 2339 2116 2399 gatur.
2172 2328 2385 2382 Juliano
2436 2328 2835 2395 prtcmortunm’
2861 2344 3000 2391 esse,
3054 2330 3243 2382 falsum
3278 2329 3499 2399 omnino

1940 2398 2063 2453 est:
2096 2408 2311 2452 constat
2366 2414 2594 2465 namque
2630 2414 2692 2452 ex
2725 2399 3062 2452 Nazianzeno
3088 2400 3288 2452 vixisse
3348 2398 3494 2450 illum

1941 2470 2099 2524 initio
2127 2468 2390 2523 Valentis.
2420 2468 2558 2534 Quin
2593 2482 2789 2535 capere
2834 2484 2935 2521 non
2963 2482 3200 2533 possum,
3230 2468 3497 2533 quomodo

1940 2540 1991 2592 id
2045 2541 2096 2592 in
2153 2550 2382 2593 mentem
2442 2539 2646 2592 venerit
2701 2537 3025 2593 Combefisio
3070 2554 3083 2589 :
3122 2547 3496 2607 argumentum

1940 2608 2107 2676 enim,
2145 2624 2250 2676 quo
2288 2610 2589 2663 ostenditur
2618 2608 2851 2663 Basilius
2872 2624 2972 2661 non
3005 2608 3171 2661 fuisse
3201 2608 3497 2676 imperante

1940 2674 2175 2730 Juliano
2204 2680 2509 2747 episcopus.
2547 2679 2669 2732 inde
2725 2679 3047 2739 desumitur,
3068 2680 3240 2747 “quod
3272 2674 3371 2747 sub
3398 2674 3498 2726 Va-

1940 2748 2083 2801 lente
2119 2748 2291 2801 adhuc
2326 2746 2546 2801 in’vivis
2576 2757 2721 2800 esset
2752 2748 3033 2800 Eusebius.
3067 2746 3173 2799 Nec
3205 2746 3379 2812 aptius
3414 2753 3499 2797 est

1940 2816 2192 2887 eﬂugiunt
2228 2832 2324 2884 per
2348 2818 2562 2887 Eusebii
2601 2818 2835 2887 latebras
2865 2835 2878 2870 :
2909 2831 3004 2887 cur
3034 2818 3175 2869 enim
3202 2817 3287 2869 hic
3310 2814 3497 2887 latuis-

1941 2896 2026 2944 set
2054 2884 2305 2943 veniente
2342 2886 2644 2941 Caesaream
2678 2884 2935 2939 Juliano?
2985 2886 3328 2939 lncurrerant
3377 2885 3498 2952 qui-

1941 2960 2061 3011 dem
2087 2958 2361 3026 Apostata:
2390 2958 2569 3011 odium
2602 2956 2995 3018 Caesarcenses,
3032 2970 3220 3010 everso
3246 2954 3497 3008 Fortunae

1943 3028 2181 3093 templo;
2218 3032 2312 3081 sed
2352 3028 2509 3080 minis
2534 3037 2586 3079 et
2614 3026 2779 3079 multa
2841 3026 3146 3093 pecuniaria
3177 3026 3496 3091 plerumque

1946 3097 2201 3150 saviebat
2230 3097 2340 3159 ille,
2380 3106 2436 3149 ut
2479 3111 2586 3162 prae
2626 3095 2848 3164 reliquis
2878 3095 3332 3157 Cresareensibus,
3358 3094 3496 3164 nihil

1945 3166 2044 3221 sibi
2083 3166 2272 3219 timere
2320 3167 2538 3218 deberet
2566 3162 2847 3219 Eusebius.
2878 3167 3027 3229 Quod
3056 3166 3099 3217 si
3145 3174 3321 3215 tamen
3348 3162 3492 3231 judi-

1941 3246 2117 3292 casset
2142 3236 2396 3303 expedire
2430 3238 2689 3302 tantiSper
2720 3236 2959 3288 iracundi
3002 3232 3341 3301 imperatoris
3374 3246 3496 3285 ocu-

1938 3307 2018 3360 los
2052 3304 2425 3372 subterfugere
2449 3346 2462 3369 ,
2509 3306 2696 3359 saltem
2726 3305 2858 3357 nihil
2879 3318 3010 3373 opus
3040 3313 3157 3358 erat
3182 3303 3350 3357 latere
3373 3313 3495 3371 post

1938 3377 2237 3432 discessum
2285 3376 2517 3440 Juliani,
2558 3375 2663 3427 imo
2716 3383 2836 3444 post
2866 3389 3052 3429 necem
3098 3374 3265 3443 ipsius
3293 3412 3307 3435 ,
3332 3386 3494 3439 quam

1937 3445 2135 3500 dicitur
2183 3448 2460 3500 nuntiasse
2491 3444 2784 3510 Libanius;
2842 3454 2895 3499 et
2952 3458 3049 3513 pro
3098 3460 3204 3512 quo
3256 3453 3497 3509 tempore

1937 3514 2163 3569 Basilius
2237 3527 2457 3569 vocatur
2519 3514 2799 3584 pontifex,
2871 3530 2977 3568 non
3045 3514 3117 3566 ita
3188 3526 3320 3567 sane
3384 3526 3497 3584 _ap~

1939 3584 2212 3649 pellandus
2277 3586 2344 3638 ab
2424 3579 2836 3650 Amphilochio,
2910 3584 2952 3637 si
3020 3584 3252 3637 vicarius
3318 3579 3493 3635 solum

1939 3653 2151 3708 fuisset.
2200 3652 2332 3705 Nam
2386 3668 2493 3706 non
2523 3653 2857 3722 distinguere
2886 3653 3025 3707 inter
3076 3653 3382 3722 episcopum
3442 3660 3495 3704 et

1938 3722 2053 3791 ejus
2076 3723 2335 3777 vicarium
2370 3723 2633 3790 imperitis
2660 3721 2979 3793 quandoque
3005 3721 3181 3793 posSit
3208 3721 3492 3789 continge-

1939 3807 2018 3855 re,
2056 3808 2159 3845 non
2194 3808 2322 3845 vero
2347 3809 2525 3846 rerum
2561 3792 3047 3847 ecclesiasticarum
3083 3794 3328 3860 apprime
3361 3805 3493 3856 gna—

1940 3878 2020 3917 ro.
2054 3861 2283 3917 Librarii
2309 3878 2567 3937 errorem
2594 3865 2733 3937 quod
2772 3870 3013 3937 spectat,
3044 3864 3213 3937 gratis
3236 3860 3326 3913 bic
3354 3873 3489 3937 quo-

1936 3948 2039 4000 que
2097 3934 2433 4002 supponitur,
2464 3932 2607 3986 nullo
2633 3931 3014 3985 allato’codice
3072 3931 3128 4002 i_n_
3177 3943 3284 3997 quo
3314 3931 3496 4002 aliter

1938 3998 2177 4070 legatur,
2202 3998 2349 4057 nullo
2408 4011 2629 4070 urgente
2692 4010 3028 4069 argumento.
3084 3999 3261 4053 Manet
3310 3998 3493 4065 itaque

1938 4074 2385 4125 anachronismus
2414 4113 2427 4136 ,
2457 4072 2688 4138 prodens
2732 4086 2891 4139 quain
2924 4072 3261 4139 impudenter
3306 4078 3493 4122 auctor

1937 4141 2373 4206 Amphilochium
2410 4141 2663 4194 mentitus
2698 4141 2787 4193 sit.

2012 4209 2121 4281 (59)
2160 4230 2177 4260 ι
2219 4209 2446 4281 Videtur
2469 4209 2869 4281 consuetudinis
2921 4208 3155 4281 fuisse...
3190 4217 3247 4261 ut
3281 4207 3366 4281 vel
3400 4221 3490 4281 ac-

1939 4276 2117 4347 ceptio
2176 4280 2254 4333 vel
2316 4279 2531 4332 traditio
2563 4280 2933 4333 nonnullarum
2991 4280 3202 4347 frugum
3256 4276 3493 4345 cujusvis

1942 4349 2113 4410 fundi,
2143 4351 2206 4401 ad
2235 4365 2392 4418 quem
2418 4351 2710 4418 imperator
2746 4350 3073 4412 advenisset,
3097 4356 3188 4399 aut
3212 4349 3492 4418 occupatio

1940 4417 2264 4484 haberetur,
2299 4428 2389 4471 aut
2424 4417 2608 4473 missio
2660 4423 2713 4473 in
2757 4420 3150 4487 possessionem
3186 4434 3199 4469 :
3232 4428 3310 4487 ut_
3336 4417 3490 4487 dein—

1941 4504 2065 4556 ceps
2093 4491 2170 4543 vel
2197 4490 2425 4557 principi
2449 4491 2685 4553 cederet,
2710 4485 2825 4542 siis
2849 4488 3136 4555 quidquam
3170 4487 3235 4557 de
3264 4485 3489 4550 alicujus

1940 4560 2129 4628 privati
2166 4556 2289 4628 agro
2319 4560 2671 4627 sumpsisset;
2706 4557 2790 4610 vel
2835 4557 2887 4628 in
2918 4557 3021 4628 jus
3054 4556 3330 4628 alterius,
3347 4557 3493 4608 velut

1940 4627 2179 4697 principe
2205 4627 2444 4682 donante
2488 4628 2761 4690 transiret,
2791 4628 2836 4680 si
2864 4627 2974 4695 ipse
2996 4627 3060 4680 de
3082 4642 3209 4697 agro
3231 4627 3303 4697 ad
3321 4627 3489 4693 ipsum

1940 4693 2236 4765 spectante,
2270 4714 2333 4752 eo
2374 4698 2533 4751 modo
2558 4698 2757 4765 aliquid
2786 4693 3056 4750 don—asset.
3097 4693 3230 4748 {Ita
3265 4693 3491 4749 Cumbe-

1938 4769 2128 4833 fisius,
2191 4771 2424 4835 probans
2496 4768 2740 4834 exemplo
2804 4767 3101 4830 Eudoxiaa,
3159 4766 3323 4819 simili
3397 4780 3489 4835 ra-

1939 4839 2086 4892 tione
2117 4834 2469 4902 excusantis,
2513 4836 2748 4891 ablatam
2804 4837 2973 4891 vidua:
3020 4837 3357 4905 Theognistaa
3408 4834 3490 4886 vi-

1936 4923 2109 4962 neam.

2007 4976 2118 5049 (60)
2148 4975 2249 5049 Vix
2300 4976 2518 5049 dubito,
2554 4976 2681 5049 quin
2722 4984 2910 5030 auctor
2946 4974 3111 5049 hujus
3153 4973 3309 5037 Vitae,
3332 4972 3488 5049 quis-

1936 5044 2147 5118 cunque
2169 5048 2382 5101 demum
2414 5044 2595 5118 fuerit,
2645 5047 2852 5101 incerto
2874 5045 3052 5118 relatu
3078 5054 3131 5097 et
3158 5044 3374 5118 mutatis
3401 5058 3487 5097 re-

1936 5113 2079 5171 runf
2110 5117 2527 5171 circumstantiis
2552 5132 2614 5170 ea
2646 5116 2931 5178 audiverit,
2967 5129 3087 5183 qua:
3115 5130 3144 5166 a
3184 5113 3489 5169 Sozomeno

1936 5189 2009 5241 ita
2058 5199 2368 5256 narrantur,
2424 5186 2518 5239 lib.
2547 5203 2599 5249 v,
2638 5202 2759 5256 cap.
2792 5186 2826 5238 4
2856 5202 2870 5239 :
2910 5202 2929 5237 ι
2968 5184 3077 5237 Sub
3107 5184 3244 5237 idem
3278 5194 3490 5256 tempus

1936 5258 2231 5325 imperator
2278 5255 2522 5310 Julianus
2543 5298 2556 5322 ,
2582 5255 2882 5310 Caesaream
2917 5256 2982 5309 ad
3006 5262 3239 5325 montem
3266 5255 3485 5325 Argium

1935 5322 2117 5389 sitam,
2153 5326 2335 5379 urbem
2360 5328 2613 5394 amplam,
2646 5326 2983 5392 locupletem,
3008 5334 3061 5379 et
3094 5324 3327 5394 regionis
3342 5322 3488 5394 gCap-

1937 5398 2173 5465 padociae
2214 5392 2545 5464 primariam,
2600 5411 2667 5449 ex
2701 5411 2922 5449 [numero
2953 5392 3234 5448 civitatum
3270 5392 3486 5455 delevit,

1934 5476 1987 5521 et
2036 5469 2265 5520 Caesaris
2317 5467 2549 5535 privavit
2588 5466 2834 5530 nomine;
2867 5466 3005 5533 quod
3039 5465 3253 5531 quidem
3292 5476 3485 5535 nomen

1936 5549 2193 5605 regnante
2226 5532 2449 5589 Claudio
2478 5576 2493 5601 ,
2528 5551 2652 5589 cum
2710 5535 2855 5587 Maza
2884 5532 3003 5602 jam
3060 5542 3185 5605 ante
3224 5532 3486 5605 appellata

1934 5602 2141 5666 fuisset,
2170 5608 2496 5659 obtinuerat.
2544 5606 2672 5658 Nam
2708 5615 2892 5657 contra
2926 5606 3072 5657 cives
3095 5604 3209 5671 ejus
3241 5602 3477 5655 civitatis

1934 5679 2128 5730 dudum
2158 5676 2536 5745 gravissimum
2568 5676 2748 5727 odium
2773 5682 3129 5741 conceperat;
3190 5682 3301 5726 tum
3344 5672 3482 5745 quod

1933 5761 2119 5801 omnes
2153 5740 2308 5799 fidem
2342 5746 2703 5798 Christianam
2742 5740 3142 5811 proﬁterentur,
3192 5752 3302 5795 tum
3346 5740 3485 5808 quod

1934 5820 2059 5873 olim
2091 5817 2283 5885 templa
2312 5815 2457 5872 Jovis
2494 5816 2637 5871 urbis
2681 5816 2911 5883 patroni,
2938 5824 2992 5868 et
3025 5813 3182 5883 patrii
3226 5811 3486 5881 Apollinis
