4046 6464
532 418 683 461 εεειν

536 535 641 581 tem
670 522 828 579 dictis
853 523 986 579 abiit
1009 524 1061 579 in
1098 521 1375 591 Persidem
1414 541 1427 578 :

536 631 629 672 sus
659 615 953 681 civitatem,
982 614 1262 685 accitaque
1306 614 1554 669 universa
1586 610 1761 684 populi
1793 615 2094 670 multitudi-

534 723 626 777 ne,
658 708 999 764 denuntiavit
1038 708 1381 776 imperatoris
1412 706 1596 769 verba,
1659 706 1893 777 bonique
1919 709 2095 764 consi-

534 799 591 854 lii
623 808 813 854 auctor
842 798 1075 855 etltcitur
1106 799 1328 853 dicens:
1364 817 1384 851 ι
1437 796 1638 863 Nihili,
1674 799 1889 867 fratres,
1936 814 2093 868 pecu-

532 890 677 944 niam
729 889 1013 957 facientes,
1065 899 1300 944 vestram
1355 898 1539 947 curate
1573 891 1835 958 salutem;
1884 902 1983 955 ut,
2048 894 2093 947 si

530 981 697 1036 etiam
757 990 986 1053 tyranno
1018 980 1091 1035 illi
1136 980 1447 1052 imperatori
1503 984 1832 1037 concedatur
1864 993 2091 1052 tempus,

530 1085 654 1125 eum
707 1071 1024 1129 muneribus
1060 1072 1385 1127 molliamus.
1426 1092 1446 1127 ι
1485 1072 1555 1126 At
1594 1073 1666 1126 illi
1714 1074 1766 1126 in
1791 1090 1917 1130 suas
1945 1075 2095 1145 quis—

532 1174 638 1229 que
668 1162 931 1217 abeuntes
962 1162 1171 1226 domos,
1203 1177 1297 1216 sua
1320 1160 1553 1233 singuli,
1587 1170 1697 1215 tum
1752 1163 1804 1216 in
1858 1181 1993 1221 auro
2042 1175 2097 1220 et

533 1262 777 1324 argento,
804 1250 1108 1321 lapillorum
1151 1253 1277 1306 item
1313 1252 1629 1308 immensam
1674 1255 2093 1323 multitudinem,

533 1345 647 1398 suis
679 1342 778 1412 ipsi
812 1342 1064 1399 manibus
1090 1342 1406 1397 attulerunt.
1433 1344 1482 1398 ls
1502 1358 1631 1398 vero
1662 1358 1850 1399 eorum
1884 1362 2098 1417 perspe-

532 1441 620 1488 cta
676 1435 961 1491 alacritate
1007 1436 1296 1504 animoque
1350 1436 1418 1490 ad
1465 1436 1875 1505 obsequendum
1907 1438 2097 1505 facili,

534 1536 754 1597 accepta
787 1526 1031 1596 deposuit
1062 1527 1113 1581 in
1161 1527 1407 1583 ecclesia:
1455 1528 1713 1592 armario,
1764 1531 2097 1603 singulorum

541 1616 821 1686 inscriptis
847 1618 1177 1682 nominibus,
1221 1619 1409 1674 dicens
1444 1618 1672 1675 :Potest
1699 1620 2096 1678 destinatorum

538 1707 803 1763 Dominus
830 1717 885 1763 et
911 1708 1061 1763 illum
1093 1709 1420 1775 interficere,
1450 1718 1503 1764 et
1530 1720 1766 1769 vestram
1790 1714 1943 1770 vobis
1975 1714 2100 1769 sub-

534 1798 794 1853 stantiam
821 1802 1132 1855 restituere.

1874 406 2239 463 PROLEGOM
2249 409 2405 465 ENA.

1479 520 1707 576 Basilius
1732 536 1859 577 vero
1885 525 2095 595 ingres-
2127 529 2173 587 Α
2208 525 2422 581 scelesti
2454 523 2795 593 imperatoris
2827 524 3111 581 consilium
3145 526 3390 597 dissipet,
3425 534 3631 594 regent.
3651 527 3758 586 lllis

2206 618 2393 685 itaque
2429 617 2738 682 orantibus,
2767 622 2821 669 et
2854 618 3088 672 contrito
3145 619 3309 674 corde
3371 616 3758 686 pervigilibus,

2197 708 2419 762 videtin
2455 706 2567 777 (M)
2591 708 2791 763 somnis
2820 704 3053 762 Basilius
3099 708 3490 765 multitudinem
3517 706 3759 763 caelestis

2204 800 2435 863 militiae,
2466 797 2555 852 hic
2597 798 2705 853 illic
2730 801 2781 853 in
2807 805 3028 863 monte;
3058 798 3396 870 mediamque
3422 798 3660 861 illorum,
3704 797 3757 850 in

2199 891 2333 947 sede
2362 890 2617 963 gloriosa,
2640 890 2889 947 muliebri
2913 887 3097 945 habitu
3119 888 3487 959 feminam,sic
3506 887 3756 945 all'antem

2202 993 2448 1037 astantes
2496 980 2616 1036 illos
2680 980 2830 1035 viros
2893 979 3208 1053 magnificos
3254 1001 3267 1035 :
3320 1000 3341 1033 ι
3391 981 3587 1038 Vocate
3625 980 3755 1034 mihi

2216 1074 2556 1139 Mercurium,
2585 1072 2785 1142 ibitque
2818 1083 2876 1128 ut
2915 1073 3185 1130 lulianum
3217 1073 3512 1130 interficiat
3536 1116 3550 1140 ,
3578 1074 3669 1144 qui
3701 1071 3758 1126 in

2205 1166 2396 1223 Filium
2416 1179 2594 1221 meum
2620 1174 2676 1220 et
2702 1164 2985 1220 Dominum
3008 1165 3188 1221 Iesum
3212 1163 3393 1233 inique
3414 1168 3539 1235 egit.
3570 1185 3590 1219 ι
3623 1166 3761 1221 San-

2204 1272 2328 1317 ctus
2366 1272 2518 1323 vero,
2548 1258 2663 1313 suis
2692 1256 2941 1312 omnibus
2995 1257 3162 1313 armis
3195 1256 3511 1323 instructus,
3539 1259 3761 1328 jubeute

2201 1354 2322 1421 illa,
2372 1359 2576 1423 praesto
2635 1349 2955 1410 adveniens,
2993 1349 3273 1405 confestim
3307 1348 3422 1403 ivit.
3478 1351 3762 1408 Accersito

2205 1456 2393 1502 autem
2424 1443 2622 1498 Basilio
2664 1439 2882 1495 tradidit.
2910 1438 2959 1493 ei
2991 1438 3203 1506 librum,
3237 1455 3342 1511 quo
3370 1448 3480 1494 tota
3531 1445 3761 1499 creatio-

2204 1537 2290 1592 nls
2341 1532 2587 1588 narratio
2613 1529 2814 1599 scripta
2846 1536 3011 1593 esset,
3061 1538 3497 1598 postretnumque
3530 1532 3763 1590 hominis

2202 1637 2231 1675 a
2268 1621 2378 1675 Deo
2429 1616 2701 1672 formatio.
2743 1615 2913 1671 Porro
2964 1615 3081 1671 libri
3137 1616 3288 1669 Initio
3333 1617 3449 1672 haec
3474 1629 3592 1672 erat
3620 1626 3758 1676 scri-

2203 1711 2312 1780 ptio
2346 1726 2359 1762 :
2395 1724 2414 1757 ι
2457 1706 2586 1773 Dic,
2624 1724 2643 1758 ι
2675 1704 2727 1759 in
2762 1704 2867 1759 line
2893 1716 3089 1768 autem,
3119 1703 3205 1758 ubi
3240 1705 3470 1760 hominis
3510 1706 3763 1762 formatio

2207 1801 2504 1857 habebatur
2530 1823 2541 1855 :
2581 1820 2599 1852 ι
2627 1798 2815 1853 Parce.
2850 1816 2868 1849 ι
2891 1797 3201 1869 Suscipiens
3218 1808 3392 1855 autem
3415 1798 3607 1855 librum
3633 1801 3764 1872 legit

610 1886 731 1942 Mox
760 1902 890 1957 ergo
909 1887 1063 1957 jubet
1112 1898 1171 1943 ut
1201 1889 1377 1946 clerus
1417 1891 1807 1961 universusque
1857 1891 2096 1951 civitatis
2132 1871 2175 1926 Β
2204 1904 2387 1947 coram
2410 1890 2521 1955 illa,
2542 1904 2708 1960 usque
2730 1887 2796 1940 ad
2816 1886 2958 1940 illam
2982 1889 3456 1957 subscriptionem,
3476 1909 3495 1943 ι
3518 1871 3761 1958 Parce,”

534 1980 782 2049 populus,
810 1995 932 2035 cum
968 1981 1287 2038 mulieribus
1314 1993 1371 2040 et
1414 1986 1650 2055 parvulis
1679 2023 1696 2050 ,
1750 1985 1803 2038 in
1860 1995 2094 2042 montem

538 2071 789 2142 Didymi,
848 2072 938 2126 ubi
990 2088 1249 2143 perquam
1298 2075 1602 2130 venerabile
1660 2075 1752 2130 Dei
1817 2079 2097 2147 genitricis

537 2164 793 2236 templum
850 2167 1044 2223 honori
1115 2169 1341 2222 habetur
1394 2178 1449 2222 et
1499 2168 1719 2235 colitur,
1764 2174 2095 2237 ascendant;

536 2265 756 2325 tresque
784 2256 901 2311 dies
926 2255 1119 2323 jejuni,
1145 2254 1383 2310 orationi
1416 2256 1653 2324 instent;
1690 2273 1755 2313 ac
1806 2258 1993 2323 Deum,
2040 2266 2100 2311 ut

536 2436 850 2494 diruissent.
875 2436 1013 2506 Quin
1033 2438 1194 2493 etiam
1219 2438 1486 2497 universae
1502 2440 1706 2497 civitati
1728 2437 1960 2509 graviter
1978 2450 2102 2509 suc—

537 2511 751 2579 censuit
784 2505 1060 2579 iratusque
1087 2519 1192 2579 est,
1244 2509 1593 2579 minatusque
1655 2505 1796 2577 quod
1852 2505 2103 2574 templum

538 2577 828 2649 fortuna),
859 2578 999 2645 quod
1030 2578 1201 2631 solum
1258 2593 1323 2633 eo
1374 2577 1631 2649 regnante
1684 2584 2018 2649 supererat,
2075 2589 2104 2627 a

536 2644 1127 2719 Christianiseversum
1162 2657 1305 2699 esset
1342 2665 1354 2700 :
1389 2644 1549 2717 at'que
1578 2646 1821 2719 gentiles,
1850 2644 1938 2719 qui
1970 2644 2020 2696 in
2043 2659 2102 2719 ea

537 2713 671 2769 urbe
716 2714 873 2783 pauci
921 2728 1145 2767 numero
1189 2725 1367 2775 erant.
1426 2713 1605 2772 valde'
1631 2714 1916 2774 incusavit,
1962 2715 2104 2781 quod

539 2785 672 2839 illud
701 2784 914 2840 facinus
940 2784 1033 2839 ulti
1075 2799 1180 2840 non
1215 2784 1448 2841 fuissent
1472 2805 1486 2843 :
1514 2797 1571 2844 et
1593 2786 1637 2842 si
1664 2785 1801 2839 forte
1825 2784 2104 2837 calamita-

541 2857 613 2926 tis
647 2854 851 2926 allquid
884 2854 1005 2910 ideo
1031 2856 1371 2926 Bubeundum
1402 2868 1584 2925 esset,
1610 2857 1753 2926 quod
1800 2854 1852 2908 id
1885 2869 1989 2908 non
2039 2853 2102 2906 li-

542 2925 795 2979 bentibus
849 2926 1045 2979 animis
1097 2941 1194 2994 pro
1243 2925 1482 2983 Fortuna
1551 2925 1795 2983 tulissent
1856 2943 1869 2976 :
1918 2939 2106 2978 omnes

543 3004 809 3067 praeterea
864 3010 994 3062 opes
1044 3010 1369 3065 omnemque
1410 3000 1695 3067 pecuniam
1728 2995 2106 3067 ecclesiarum,

544 3073 655 3136 tum
683 3063 734 3114 in
769 3062 1016 3136 Cesarea
1045 3103 1058 3123 ,
1095 3074 1204 3136 tum
1242 3062 1295 3118 in
1326 3062 1577 3123 confiniis
1622 3068 1740 3136 ejus
1786 3064 2105 3131 positarum,

539 3129 829 3199 diligenter
866 3131 1116 3201 vestigari
1171 3133 1331 3200 inque
1385 3140 1619 3189 medium
1650 3129 1859 3186 "afferri
1886 3174 1900 3194 ,
1946 3144 2107 3201 atque

542 3198 1043 3271 statim‘trecenta's
1078 3198 1391 3271 libras—auri
1442 3206 1634 3258 aerario
1682 3202 1893 3271 publico
1947 3198 2103 3271 sol—vi,

543 3278 596 3322 et
624 3268 852 3325 clericos
878 3284 1067 3325 omnes
1097 3270 1149 3324 in
1196 3285 1477 3326 numerum
1510 3268 1763 3334 militum,
1799 3271 1888 3338 qui
1916 3268 2107 3336 pra-fe-

543 3350 637 3393 cto
669 3340 811 3411 illius
837 3339 1074 3411 regionis
1097 3340 1390 3408 parebant,
1422 3344 1619 3397 ascribi
1644 3341 1808 3408 jussit
1834 3357 1848 3405 ;
1876 3353 2107 3411 quaeres

544 3418 599 3460 et
637 3408 923 3478 plurimum
974 3420 1220 3477 sumptus
1276 3412 1544 3479 requirit,
1591 3421 1645 3464 et
1688 3412 1738 3463 in
1774 3408 2106 3479 exercitibus

546 3477 803 3549 Romanis
838 3493 1031 3549 magno
1054 3482 1252 3547 probro
1306 3477 1537 3535 ducitur.
1570 3480 1809 3546 itemque
1861 3477 2107 3549 multitu-

544 3550 720 3601 dinem
746 3547 1203 3614 Christianorutn,
1228 3564 1334 3603 una
1362 3566 1482 3604 cum
1529 3550 1789 3605 uxoribus
1822 3559 1874 3603 et
1902 3547 2105 3615 liberis,

546 3618 794 3691 censeri;
832 3628 887 3672 et
921 3634 1044 3691 Anon
1104 3618 1262 3691 aliter
1304 3630 1464 3691 atque
1511 3624 1562 3675 in
1598 3620 1753 3691 pagis
1782 3619 1896 3672 fieri
1928 3618 2061 3672 solet
2092 3658 2106 3681 ,

548 3690 747 3761 tributa
785 3688 1055 3758 pensitare
1085 3688 1395 3761 mandavit;
1426 3708 1547 3745 cum
1591 3688 1942 3761 jurejurando
1964 3704 2111 3743 com-

549 3759 786 3829 minatus
812 3798 829 3823 ,
860 3772 1033 3826 neque
1064 3759 1132 3812 ab
1164 3760 1241 3810 ira
1281 3776 1361 3821 se,
1393 3777 1567 3829 neque
1594 3758 1669 3813 ab
1697 3758 1978 3829 afﬂigenda
2002 3828 2007 3829 ί
2035 3764 2110 3811 ci-

550 3827 717 3898 vitate
746 3836 1193 3898 temperaturum,
1253 3844 1427 3898 neque
1462 3826 1846 3897 permissurum
1872 3826 2108 3898 Galilaeis

546 3896 644 3966 (sic
672 3895 815 3954 enim
864 3895 1205 3951 Christianos
1263 3895 1359 3966 per
1419 3895 1799 3953 contumeliam
1836 3896 2107 3966 appellare

546 3965 776 4035 solebat)
805 3966 983 4036 capita
1007 3982 1102 4022 sua
1138 3964 1442 4022 cervicibus
1472 3968 1726 4032 retinere,
1753 3966 1852 4019 nisi
1884 3964 2103 4036 delubra

548 4032 812 4107 idolorum
846 4032 1243 4105 quamprimum
1283 4041 1349 4091 de
1376 4041 1581 4107 integro
1599 4032 2101 4107 exstruereti_t._Cu«

543 4106 633 4174 jus
664 4107 821 4159 minae
857 4104 1090 4160 fortasse
1122 4108 1296 4175 reipsa
1349 4104 1572 4175 expletas
1603 4107 1848 4170 fuissent,
1878 4104 1977 4158 nisi
2016 4119 2105 4159 ce-

546 4175 711 4229 lerius
749 4191 788 4246 ge
819 4177 927 4229 vita
983 4178 1293 4246 tnigrasset.
1340 4198 1358 4230 ι
1398 4179 1547 4243 llarc,
1584 4179 1836 4246 inquam,
1882 4176 2108 4241 pseudo-

544 4244 946 4314 Amphilochio,
974 4244 1080 4298 diu
1096 4256 1215 4312 post
1260 4264 1369 4300 rem
1420 4259 1626 4314 gestant
1663 4244 1952 4307 scribenti,
1980 4260 2107 4299 con-

546 4314 669 4369 fuso
722 4330 937 4369 rumore
997 4317 1177 4368 audita
1206 4356 1222 4378 ,
1254 4317 1603 4371 occasionem
1663 4320 1791 4371 dare
1824 4325 2108 4384 potuerunt

544 4385 985 4438 comminiscendi
1045 4400 1106 4438 ea
1144 4399 1264 4453 qua?
1327 4386 1394 4440 de
1442 4388 1673 4439 adventu
1704 4385 1902 4438 Juliani
1929 4384 2106 4438 Caesa-

546 4468 693 4506 ri-am
721 4465 776 4508 et
802 4455 985 4525 Basilii
1019 4470 1139 4508 cum
1164 4470 1229 4509 eo
1277 4470 1573 4525 congressu
1605 4465 1823 4507 narrata
1860 4466 2006 4509 sunt.
2038 4454 2107 4507 At

2202 1981 2500 2039 statimque
2538 1990 2681 2036 metu
2709 1980 2910 2038 pariter
2935 1989 2991 2035 et
3014 1981 3209 2048 gaudio
3229 1991 3405 2045 actus,
3434 1993 3635 2038 tomum
3670 1984 3765 2041 de-

2201 2069 2384 2125 cussit.

2283 2160 2535 2229 Ejusdem
2568 2174 2728 2231 porro
2761 2158 3006 2225 rationis,
3050 2160 3211 2214 etiam
3235 2157 3491 2213 Libanius
3518 2170 3629 2229 tu)
3675 2176 3765 2217 so-

2205 2253 2406 2323 phista,
2434 2253 2549 2322 ipsa
2582 2265 2738 2308 nocte
2767 2253 3032 2309 somnium
3064 2251 3195 2306 vidit
3221 2292 3238 2317 ,
3279 2266 3401 2307 cum
3430 2249 3649 2308 Juliano
3706 2254 3761 2307 in

2213 2446 2343 2498 tam,
2376 2446 2495 2505 post
2554 2450 2738 2491 necem
2790 2436 2903 2504 ejus
2928 2478 2942 2504 ,
2972 2436 3168 2505 scripta
3206 2449 3302 2489 sua
3350 2434 3715 2491 elucubrarint
3741 2473 3757 2494 ,

2209 2508 2479 2574 quomodo
2528 2508 2579 2560 id
2634 2516 2880 2574 poterant
2926 2506 3199 2574 prazterire
3255 2505 3567 2565 silentio,si
3628 2506 3760 2573 quid

2210 2576 2469 2644 ejusmodi
2531 2574 3389 2644 factntnfuisset?Apparitionis
3435 2585 3611 2627 autem
3673 2575 3763 2629 hic

2210 2643 2441 2700 narratae
2480 2643 2693 2698 vacillat
2727 2643 2856 2697 ﬁdes
2888 2686 2903 2709 ,
2956 2654 3177 2712 propter
3229 2643 3570 2709 episcopatus
3621 2658 3758 2699 ana-

2211 2715 2602 2776 chronismnm,
2632 2713 2721 2782 qui
2748 2713 2907 2767 etiam
2956 2711 3225 2781 reperitur
3253 2726 3319 2765 ex
3348 2714 3448 2765 alia
3492 2713 3655 2767 simili
3681 2715 3763 2770 le-

2211 2785 2403 2855 genda,
2431 2785 2481 2836 in
2511 2783 2768 2855 Qhrom'co
2795 2783 3150 2855 Alexandrino
3188 2782 3253 2835 ad
3278 2784 3631 2855 annnm565,
3658 2786 3763 2841 hoc

2213 2851 2394 2909 ῐειιοτθ
2429 2873 2441 2909 :
2474 2875 2489 2903 ‹
2524 2854 2719 2907 Eadem
2776 2863 2930 2909 nocte
2975 2854 3115 2922 (qua:
3146 2861 3265 2921 post
3302 2851 3497 2907 Juliani
3531 2868 3760 2910 mortem

2212 2927 2380 2993 prima
2437 2924 2555 2995 fuit)
2596 2924 2864 2979 somnium
2914 2925 3049 2995 vidit
3098 2923 3476 2978 sanctissimus
3504 2923 3761 2987 Basilius,

2213 2998 2470 3052 (stareae
2508 2994 2789 3065 episc0pus
2815 3035 2829 3060 ,
2860 2994 3027 3051 cmlos
3066 3002 3281 3064 apertos
3326 3002 3381 3047 et
3424 2995 3760 3048 Salvatorem

2212 3068 2489 3121 Christum
2524 3068 2573 3117 in
2612 3067 2804 3119 throno
2836 3069 3109 3120 sedentem
3133 3104 3148 3125 ,
3196 3079 3495 3130 magnoque
3525 3065 3763 3117 clamore

2213 3140 2479 3188 dicentem
2516 3155 2526 3187 :
2566 3133 2817 3197 Mercuri,
2851 3136 2958 3195 abi,
2993 3134 3177 3187 occide
3202 3130 3470 3185 lulianum
3521 3133 3754 3197 impera-

2213 3214 2418 3268 torem,
2463 3205 2612 3256 illum
2666 3204 2873 3257 hostem
2910 3202 3356 3256 Christianorum.
3400 3200 3632 3253 Sanctus
3662 3217 3758 3255 au-

2212 3282 2316 3323 tem
2346 3272 2663 3335 Mercurius,
2703 3282 2855 3326 stans
2891 3286 3073 3325 coram
3112 3270 3340 3323 Domino
3370 3269 3535 3322 lorica
3580 3270 3757 3325 ferrea

2209 3342 2448 3404 indutus,
2502 3341 2684 3394 audito
2742 3341 2999 3395 mandato
3048 3341 3286 3392 evanuit.
3326 3338 3535 3393 Rursus
3565 3340 3763 3396 deinde

2210 3413 2355 3465 visus
2378 3424 2462 3465 est
2486 3421 2667 3464 astare
2701 3426 2881 3465 coram
2919 3410 3164 3473 Domino,
3208 3410 3518 3464 exclamans
3546 3430 3557 3463 :
3586 3410 3763 3465 Julia-

2210 3498 2312 3535 nus
2350 3485 2643 3551 imperator
2670 3481 3010 3545 interfectus,
3040 3493 3283 3534 mortuus
3307 3490 3410 3545 est,
3437 3494 3497 3533 ut
3519 3482 3758 3548 impera-

2209 3553 2299 3615 sti,
2356 3552 2600 3606 Domine.
2636 3551 2883 3605 Territus
2908 3567 2971 3606 eo
3007 3551 3245 3604 clamore
3292 3552 3575 3618 episc0pns
3608 3552 3762 3603 Basi-

2211 3621 2312 3677 lius
2341 3639 2372 3677 e
2405 3638 2596 3676 somno
2622 3623 2894 3677 excitatur
2934 3639 2948 3675 :
2984 3622 3128 3673 illum
3172 3621 3313 3672 enim
3356 3620 3563 3671 colebat
3595 3619 3762 3673 Julia-

2211 3710 2313 3747 nus
2361 3695 2674 3760 imperator,
2720 3705 2775 3742 ιιι
2821 3693 2992 3743 virum
3029 3690 3294 3760 eruditum
3348 3696 3400 3760 et
3460 3689 3763 3742 studiorum

2210 3757 2458 3823 socium,
2507 3762 2857 3825 crebriusque
2890 3761 2955 3811 ad
3010 3757 3156 3809 illum
3210 3757 3463 3824 epistolas
3492 3760 3760 3812 mittebat.

2210 3831 2553 3884 Descendens
2607 3828 2802 3882 deinde
2880 3829 3017 3879 idem
3078 3825 3311 3882 Basilius
3363 3829 3654 3897 episcopus
3708 3830 3764 3883 in

2208 3902 2375 3952 aedem
2414 3913 2621 3951 sacram
2654 3898 2720 3949 ad
2753 3913 2939 3965 preces
2972 3898 3265 3949 matutinas
3294 3936 3309 3956 ,
3347 3899 3602 3953 universo
3663 3901 3762 3952 ad-

2208 3976 2398 4021 vocato
2460 3968 2645 4030 clero,
2677 3968 2902 4037 visionis
2940 3981 3193 4019 arcanum
3246 3968 3477 4036 aperuit,
3510 3981 3564 4021 et
3618 3970 3765 4037 quod

2209 4037 2530 4107 interfectus
2560 4046 2701 4091 esset
2731 4035 2978 4091 Julianus
3010 4035 3323 4103 imperator,
3353 4038 3559 4107 hacth
3608 4035 3768 4093 nocte

2205 4106 2429 4162 obiisset
2461 4126 2476 4162 ι
2510 4108 2544 4160 ii
2574 4122 2703 4161 vero
2736 4108 3043 4174 episcopum
3082 4118 3343 4176 rogarunt
3396 4119 3453 4161 ut
3475 4106 3601 4164 haec
3630 4110 3764 4164 reti-

2207 4189 2354 4230 ceret
2392 4178 2700 4246 neminique
2724 4179 3052 4233 enuntiaret.
3087 4194 3106 4227 ι

2278 4247 2391 4317 (42)
2424 4245 2706 4302 Libanium
2744 4249 3039 4315 sophistatn
3070 4262 3190 4301 cum
3221 4245 3433 4301 Juliano
3460 4248 3511 4300 in
3546 4246 3767 4301 Perside

2209 4317 2401 4378 fuisse,
2440 4333 2545 4371 non
2596 4317 2753 4371 facile
2784 4319 3038 4383 credam;
3076 4320 3243 4371 multo
3280 4320 3454 4369 minus
3480 4318 3764 4383 quarstoris

2211 4404 2405 4443 munus
2429 4389 2631 4442 ohiisse
2660 4402 2674 4439 :
2710 4401 2885 4454 neque
2918 4388 3061 4439 enim
3099 4389 3161 4438 ad
3220 4386 3324 4438 tale
3356 4400 3551 4438 munus
3604 4396 3764 4453 aptus

2214 4457 2381 4512 fuisse
2428 4458 2645 4510 videtur
2681 4457 2971 4516 Libanius,
3036 4456 3396 4522 sophistarum
3453 4470 3603 4508 more
3638 4456 3763 4509 talia

545 4538 718 4593 neque
743 4540 827 4597 ει,
861 4524 1164 4597 Somnieno
1214 4518 1465 4597 sequit'ur
1513 4524 1782 4597 lulianum
1853 4524 2110 4597 tizesareas
2142 4518 2186 4574 D
2217 4544 2407 4597 parum
2433 4542 2656 4589 curans,
2681 4518 3110 4597 dummodosibi
3132 4534 3279 4597 esset
3300 4525 3435 4597 bene
3470 4543 3481 4576 :
3515 4527 3766 4591 quamvis

546 4592 787 4663 unquam
803 4593 1011 4649 fuisse:
1046 4592 1340 4663 potuerunt
1380 4596 1526 4650 enim
1561 4596 1766 4657 omnia,
1796 4608 1915 4661 qua:
1948 4592 2114 4647 δοιο-

546 4679 736 4719 menus
769 4662 909 4718 facta
933 4662 1083 4735 dicit,
1116 4666 1185 4718 ab
1234 4668 1559 4735 imperatore
1603 4673 1855 4735 apostata
1891 4664 2117 4735 periit-7

549 4743 693 4787 tcras
746 4739 815 4788 ad
868 4734 1151 4804 praefectos
1202 4733 1445 4789 mandari
1479 4775 1493 4799 ,
1528 4744 1583 4788 et
1607 4738 1682 4804 ab
1718 4734 1801 4788 his
1828 4733 2017 4787 deduci
2047 4734 2115 4787 ad

546 4803 973 4859 exsecutionem.
1008 4804 1141 4871 lino,
1179 4807 1225 4859 si
1263 4806 1564 4873 Nicephoro
1590 4803 1789 4860 Calisto
1821 4805 2111 4867 credimus,

547 4888 654 4925 non
685 4884 771 4928 est
807 4876 1141 4941 verosiniile,
1198 4874 1467 4930 lulianum
1532 4891 1764 4943 unquam
1800 4874 1965 4927 fuisse
2001 4874 2115 4927 Cte-

546 4957 717 5016 Sarea:
752 4962 766 4995 ε
800 4945 870 4997 ita
928 4948 1071 4999 enim
1129 4947 1232 5001 iste
1288 4947 1355 5000 de
1386 4946 1551 5016 impio
1608 4946 1698 4999 lib.
1734 4960 1797 4997 st.
1821 4984 1836 5008 ,
1861 4958 1996 5016 cap.
2025 4945 2059 4998 4
2097 4961 2110 4997 :

550 5030 575 5084 ιᾼ
631 5013 777 5084 quas
830 5027 1010 5069 autem
1062 5016 1314 5071 civitates
1374 5017 1425 5069 in
1464 5013 1671 5069 L‘hristi
1727 5014 1979 5084 religione
2031 5029 2115 5067 ar-

546 5082 820 5138 dentiores
882 5098 1004 5137 esse
1060 5088 1272 5148 Sciret,
1334 5085 1564 5144 infestus
1614 5089 1691 5139 eis
1746 5082 1890 5149 fuit,
1942 5100 2115 5152 neque

548 5154 613 5204 ad
663 5168 757 5208 eas
802 5154 1071 5207 divertere
1125 5158 1312 5211 voluit.
1376 5158 1441 5209 Et
1497 5172 1739 5225 persaepe
1794 5171 1913 5209 cum
1966 5156 2110 5223 lega-

550 5232 719 5276 tiones
769 5226 833 5276 ad
890 5238 1308 5295 eutii,pr0pter
1340 5241 1526 5281 casum
1556 5230 1784 5294 aliquem
1842 5225 1933 5294 qui
1983 5226 2114 5278 inci-

547 5296 732 5371 disset,
770 5294 1132 5364 provinciales
1163 5294 1463 5362 mitterent,
1513 5311 1706 5366 preces
1755 5311 1941 5350 eorum
1973 5295 2113 5362 reje-

547 5374 638 5414 tlt.
683 5383 702 5415 ι

619 5432 733 5503 (Η)
757 5432 889 5488 Cum
917 5434 1163 5503 pluribus
1194 5436 1395 5491 sanctis
1425 5450 1518 5504 per
1549 5438 1727 5489 varias
1756 5436 1906 5490 orbis
1935 5445 2114 5504 partes

548 5500 746 5557 Juliatti
814 5500 1063 5559 interitus
1116 5506 1376 5559 divinitus
1426 5500 1755 5566 innotuerit;
1815 5500 2115 5560 non-foret

546 5576 756 5626 creditu
787 5575 1021 5637 dillicile,
1046 5576 1209 5630 etiam
1240 5575 1458 5640 Basilio,
1492 5580 1541 5629 in
1574 5578 1869 5629 solitudine
1897 5578 2112 5629 Pontica

548 5643 808 5709 versanti,
841 5645 989 5714 impii
1015 5647 1290 5699 interitum
1325 5663 1417 5713 per
1443 5647 1825 5700 revelatiouem
1854 5647 2115 5700 innotuis-

549 5728 637 5776 ιο,
682 5714 780 5767 nisi
815 5718 1148 5768 contrarium
1182 5719 1434 5785 suaderet
1485 5718 1652 5785 ipsius
1685 5718 1857 5771 sancti
1904 5727 1958 5770 et
2012 5717 2150 5769 Nat--

550 5785 793 5839 tiattzeui
822 5785 1121 5840 silentium.
1151 5784 1281 5841 Nam
1325 5805 1443 5843 rum
1486 5784 1641 5843 simul
1668 5796 1854 5841 contra
1891 5788 2109 5855 Aposta-

2222 4594 2360 4672 teste
2395 4596 2637 4665 Eunapio
2668 4612 2771 4672 non
2800 4604 2945 4672 esset
2984 4595 3154 4672 impar
3187 4594 3620 4672 adllllltl§ll'alltlt_£
3654 4597 3762 4648 rei-

2220 4668 2466 4736 publica,
2493 4662 2757 4720 et—causis
2780 4662 3029 4717 civilibus
3063 4662 3306 4736 idoneus,
3330 4664 3491 4736 etiam
3527 4667 3594 4715 ad
3655 4682 3757 4718 au-

2217 4733 2451 4791 dendum
2504 4736 2993 4803 perficiendutnque
3048 4733 3150 4785 alia
3202 4733 3498 4796 nonnulla,
3538 4749 3653 4802 quas
3706 4736 3762 4791 in

2218 4809 2429 4860 theatro
2481 4815 2841 4875 spectatorum
2888 4806 3097 4858 animos
3121 4803 3344 4857 delinire
3398 4819 3462 4857 ac
3512 4820 3765 4861 recreare

2216 4888 2453 4945 possent.
2492 4878 2623 4929 Cum
2651 4876 2794 4930 enim
2828 4884 3113 4946 sequentes
3164 4875 3510 4946 imperatores
3540 4878 3730 4946 amplis

2216 4943 2410 5001 simum
2438 4947 2513 5000 illi
2542 4946 2815 5015 dignitatis
2837 4946 3059 5014 gradum
3086 4943 3394 5015 detulissent
3426 4946 3574 5013 (nam
3615 4943 3762 5000 salu-

2219 5012 2938 5084 tatum,palatio'prasfectinn
2964 5030 3027 5070 eo
3045 5016 3244 5085 honore
3274 5012 3421 5083 fungi
3438 5012 3759 5085 iusserant),

2217 5088 2387 5140 noluit
2422 5088 2688 5154 accipere,
2723 5087 2979 5139 dictitans
3004 5124 3018 5148 ,
3049 5084 3344 5150 sophistam
3381 5086 3473 5139 illo
3504 5084 3759 5153 majorem

2215 5170 2355 5211 esse.
2392 5156 2650 5224 Equidem
2679 5158 2858 5224 nescio
2880 5170 2982 5223 qua
3006 5155 3324 5224 auctoritate
3354 5166 3563 5209 asserat
3588 5158 3761 5209 Euna-

2216 5232 2353 5295 pius,
2390 5239 2677 5296 sequentes
2727 5223 2994 5279 lulianum
3025 5223 3376 5296 imperatores
3404 5226 3762 5291 amplissimas

2216 5292 2507 5364 dignitates
2525 5296 2747 5350 Libanio
2777 5296 3033 5350 obtulisse
3054 5331 3071 5358 ,
3097 5310 3217 5347 cum
3247 5292 3556 5364 .htvinianus
3585 5296 3759 5361 ipsum

2216 5362 2466 5424 occidere
2495 5368 2763 5433 voluerit,
2803 5376 2857 5418 et
2908 5366 3205 5433 imperante
3252 5362 3551 5417 Theodosio
3596 5381 3757 5417 sene).

2216 5450 2381 5492 esset.
2424 5438 2555 5505 Quis
2581 5447 2755 5489 autem
2782 5436 2965 5488 credat
2989 5441 3127 5502 quod
3158 5434 3251 5505 hic,
3272 5435 3507 5498 ultimus,
3534 5437 3621 5499 qui
3662 5451 3737 5487 ne

2218 5504 2462 5561 militem,
2503 5510 2553 5561 in
2598 5506 2829 5560 exercitu
2882 5506 3077 5557 habere
3122 5504 3332 5556 volebat
3373 5520 3475 5555 non
3518 5507 3725 5572 baptiz:.

2220 5591 2355 5641 tum,
2389 5578 2645 5632 voluisset
2675 5576 2892 5643 impium
2938 5574 3273 5627 idololatram
3305 5576 3531 5627 evehere
3561 5583 3625 5627 ad
3680 5576 3760 5625 iii-

2218 5649 2479 5716 guitates?
2506 5648 2611 5701 Nec
2642 5648 2705 5699 de
2737 5646 2975 5708 Valente,
3000 5646 3241 5711 quamvis
3262 5644 3483 5708 Ariano,
3505 5646 3762 5716 credibile.

2216 5714 2299 5771 est
2328 5720 2467 5786 quod
2516 5718 2769 5770 voluisset
2800 5716 3094 5786 honoribus
3136 5716 3409 5786 cumulare
3437 5726 3561 5786 tuin
3600 5714 3760 5767 fatui-

2227 5784 2412 5841 liaren;
2441 5789 2665 5842 amicum
2698 5786 2891 5839 Juliuni
2926 5784 3222 5855 Apostataz,
3256 5784 3407 5854 cujus
3437 5784 3764 5854 impietatem
