4046 6454
588 408 741 451 CCCVI

1956 384 2325 442 PROLEGOM
2333 383 2465 437 ENA
2475 422 2488 433 .

591 509 834 565 draconis
862 518 1186 565 annuentem
1215 508 1425 564 mulieri
1453 550 1468 576 ,
1504 511 1788 580 aspicienti
1820 513 1887 566 de
1915 512 2160 582 superio-
2190 518 2237 572 Α
2269 521 2398 577 tem,
2438 507 2739 577 captivitati
2793 508 3205 576 mancipandam
3237 547 3251 572 ,
3286 508 3524 562 liberasti
3549 548 3565 572 ,
3627 505 3829 576 Deique

597 602 750 655 ribus
774 602 1043 667 deorsum,
1063 616 1126 655 ac
1162 601 1437 655 inclinanti
1468 602 1520 654 in
1538 618 1660 657 eum
1697 622 1709 656 :
1742 617 1900 671 quem
1925 602 1970 655 is
1998 600 2166 671 gradu

601 704 828 756 motum,
860 693 1001 747 intra
1033 692 1316 748 ecclesiam
1359 695 1563 748 servari
1606 696 1879 763 praecepit.
1923 695 2169 761 Cumque

600 788 678 841 sic
740 786 976 855 Spiritus
1029 785 1203 839 sancti
1237 785 1527 841 adventum
1560 786 1713 856 signo
1748 786 1943 840 visibili
1977 800 2167 855 perce-

600 878 793 944 pisset,
817 876 983 946 jussit
1012 887 1069 930 ut
1114 877 1339 947 populus
1378 877 1661 933 universus
1692 878 1811 933 dies
1849 887 2053 947 septem
2111 877 2167 931 in

596 971 823 1025 ecclesia
855 980 1213 1041 permaneret.
1250 972 1488 1025 Diacono
1537 981 1717 1025 autem
1746 970 1968 1039 jejuniis
1996 979 2052 1024 et
2078 970 2163 1023 vi-

593 1063 740 1133 giliis
772 1064 1099 1132 mancipata,
1135 1064 1281 1134 quod
1314 1065 1363 1119 ei
1408 1064 1777 1118 abundantius
1806 1074 1923 1118 erat
1951 1064 2017 1117 ad
2041 1077 2165 1133 ege-

595 1170 783 1208 norum
811 1156 1193 1209 sublevandam
1226 1156 1461 1225 inopiam
1491 1156 1606 1212 dari
1645 1155 1958 1222 mandavit;
1996 1164 2162 1223 utque

594 1244 671 1297 sic
700 1243 963 1299 offensum
996 1243 1204 1298 Numen
1256 1245 1526 1315 placaret,
1574 1244 1768 1312 hisque
1802 1242 2016 1296 demum
2071 1255 2167 1294 ex-

593 1336 818 1402 piatus,
875 1336 1231 1391 ministerium
1288 1352 1501 1391 sacrum
1556 1343 1930 1406 praesumeret,
1982 1332 2163 1400 jussit.

593 1425 892 1481 Confestim
920 1441 1050 1481 vero
1077 1427 1332 1495 praacepit
1360 1426 1615 1495 suspendi
1645 1424 1761 1480 vela
1798 1426 1851 1477 in
1897 1424 2015 1475 loco
2070 1436 2167 1473 au-

594 1518 878 1582 dientium,
929 1517 1209 1587 injungens
1263 1519 1583 1572 mulieribus
1603 1557 1619 1580 ,
1662 1524 1719 1570 ut
1748 1517 1791 1569 si
1820 1529 1939 1583 quae
1970 1512 2165 1579 depre-

596 1612 759 1664 hensa
783 1621 945 1675 esset,
983 1611 1216 1680 quandiu
1248 1626 1399 1665 sacra
1429 1618 1833 1679 peragerentur,
1867 1616 2022 1661 extra
2047 1605 2163 1657 vela

595 1702 898 1771 despicere,
930 1702 996 1756 de
1031 1702 1257 1756 ecclesia
1295 1702 1586 1767 pelleretur
1635 1711 1689 1754 et
1717 1711 1867 1753 extra
1914 1712 2167 1751 commu-

597 1792 812 1846 nionem
867 1791 1042 1846 fleret.
1078 1792 1189 1846 Sub
1241 1791 1400 1846 linem
1456 1806 1618 1859 porro
1656 1801 1858 1859 septem
1912 1788 2165 1848 dierum,

2272 603 2344 657 tui
2404 602 2658 671 templum
2707 601 3241 669 magniﬁcentissime
3293 601 3603 665 exornasti;
3660 615 3826 651 unum

2270 704 2558 763 superest,
2607 704 2665 748 ut
2723 693 2934 761 plenam
2994 694 3148 748 nobis
3190 693 3406 747 virtutis
3430 693 3623 745 divinae
3658 689 3828 745 facias

2270 786 2450 840 fidem.
2481 805 2499 837 ι
2540 787 2609 839 At
2639 785 2727 838 ille
2748 826 2763 849 ,
2797 785 2885 839 ubi
2921 786 3069 839 brevi
3098 799 3345 839 sermone
3372 792 3585 838 ostensa
3619 782 3707 834 via
3740 796 3827 832 sa-

2269 876 2420 939 lutis,
2449 877 2709 929 suasisset
2735 885 2790 928 et
2816 875 2940 929 ﬁdei
2977 875 3297 929 rudimentis
3345 874 3688 935 instituisset,
3737 872 3829 925 ba-

2267 969 2465 1036 ptismo
2534 967 2709 1021 tinxit.
2766 966 2900 1020 Cum
2959 977 3134 1020 autem
3189 980 3343 1019 sacra
3400 963 3824 1031 Quadragesima

2270 1057 2615 1121 advenisset,
2648 1057 2880 1111 divinam
2918 1057 3063 1110 illam
3099 1056 3280 1125 operis
3321 1070 3413 1109 sex
3467 1056 3677 1109 dierum
3735 1069 3830 1107 ex-

2267 1149 2587 1216 positionem
2625 1150 2817 1217 populo
2871 1164 3173 1213 enarrans,
3220 1149 3503 1216 plurimam
3556 1157 3667 1199 tum
3729 1142 3833 1198 He-

2268 1239 2539 1294 braeorum
2572 1251 2680 1294 tum
2714 1242 2992 1310 gentilium
3042 1240 3442 1296 multitudinem
3470 1238 3685 1293 Christo
3734 1240 3827 1292 ob-

2269 1331 2407 1385 tulit.

2877 1442 3107 1498 CAPUT
3153 1442 3240 1500 111.

2269 1553 2544 1608 Decretum
2589 1554 2758 1609 exsilii
2806 1556 2898 1609 sub
2948 1553 3160 1609 Valente
3192 1555 3520 1622 impeditum,
3551 1552 3711 1620 lmjus
3736 1551 3834 1619 ﬁli:

2338 1628 2597 1679 interitus.
2634 1626 3053 1694 Chirographum
3099 1627 3355 1695 magicum
3389 1626 3614 1678 dwmoni
3662 1638 3835 1695 extor-

2343 1706 2473 1747 tum.
2500 1698 2774 1749 Anastasii
2798 1690 3091 1764 presbyteri
3128 1690 3402 1748 sanctitas.
3460 1698 3728 1747 Adventus
3771 1690 3829 1746 S.

2340 1765 2570 1832 Ephrem
2606 1769 2672 1819 ad
2700 1766 2981 1819 Basiliam.

594 1886 793 1941 celebri
826 1885 991 1939 totius
1043 1885 1225 1956 populi
1274 1895 1563 1948 conventu,
1597 1899 1718 1937 cum
1743 1882 1936 1936 festum
1976 1894 2167 1948 agere-
2197 1868 2241 1922 Β
2339 1879 2568 1944 Quidam
2616 1879 2779 1949 igitur
2804 1881 2871 1934 de
2892 1878 3096 1934 relictis
3132 1877 3421 1947 gentilibus
3447 1878 3583 1945 (46),
3616 1878 3744 1946 quin
3778 1884 3836 1929 et

599 1988 707 2041 tur,
767 1987 1063 2047 essentque
1119 1992 1306 2032 omnes
1355 1978 1406 2031 in
1434 1975 1659 2029 ecclesia
1700 1974 2050 2043 congregati;
2097 1986 2164 2025 en

595 2066 711 2138 (44)
760 2065 855 2121 tibi
905 2065 1186 2133 Libanius,
1236 2067 1433 2121 Juliani
1472 2075 1730 2135 quaestor,
1779 2064 1902 2135 fuga
1956 2067 2160 2132 lapsus,

599 2161 873 2215 civitatem
909 2160 1207 2230 ingressus,
1237 2161 1325 2213 ubi
1358 2159 1535 2229 populi
1567 2160 1616 2212 in
1652 2158 1883 2213 ecclesia
1911 2157 2160 2223 frequen-

601 2254 730 2305 tiam
767 2252 974 2316 didicit,
1013 2265 1077 2305 eo
1104 2251 1374 2313 accessit,
1409 2250 1803 2303 odiosissimam
1834 2244 2029 2301 Juliani
2086 2257 2169 2313 ty-

604 2345 755 2397 ranni
810 2354 1037 2398 mortem
1077 2342 1449 2404 annuntians;
1504 2341 1843 2411 genibusque
1900 2337 2171 2407 pontificis

600 2435 1117 2502 advolutus,Christi
1144 2434 1474 2502 signaculum
1507 2440 1657 2504 rogat
1693 2434 1941 2499 accipere
1978 2446 1989 2479 :
2025 2430 2169 2498 quod

601 2537 959 2591 consecutus,
1022 2527 1197 2580 factus
1232 2534 1315 2581 est
1354 2523 1549 2579 Basilio
1598 2522 2001 2579 contubernalis
2060 2537 2167 2575 una

602 2638 727 2676 cum
759 2622 985 2676 Eubulo.

672 2715 930 2785 Sequenti
996 2723 1173 2767 autem
1243 2713 1327 2766 die
1358 2712 1517 2779 jussit
1575 2710 1863 2774 omnibus,
1922 2720 1980 2761 ut
2050 2722 2175 2761 suas

602 2810 832 2875 quisque
898 2807 1156 2874 pecunias
1233 2802 1555 2871 reciperent.
1623 2800 1693 2853 At
1748 2801 1825 2854 illi
1880 2817 1982 2853 una
2042 2814 2174 2854 voce

604 2900 672 2953 ad
728 2900 961 2966 ipsum:
1018 2915 1038 2948 ι
1090 2894 1294 2961 Quibus
1362 2894 1545 2947 animo
1601 2892 1953 2947 constitutum
2017 2900 2172 2956 erat,

609 3001 668 3044 ut
715 2991 782 3043 ad
827 2989 1066 3043 civitatis
1129 2986 1486 3042 amoliendum
1541 2987 1899 3051 eversionem,
1974 2995 2175 3040 morta-

606 3084 640 3137 li
692 3097 787 3136 eas
838 3080 1148 3151 imperatori
1211 3080 1607 3149 praeberemus,
1647 3080 1842 3147 potiori
1902 3077 2026 3144 jure
2084 3079 2175 3132 de-

606 3174 879 3227 huerimus
912 3169 1106 3225 oll'erre
1141 3169 1429 3223 immortali
1469 3168 1805 3237 imperatori,
1853 3168 1942 3234 qui
2010 3182 2107 3220 nos
2148 3183 2174 3219 a

608 3274 759 3317 tanto
786 3263 1023 3331 periculo
1055 3260 1302 3314 redemit.
1338 3259 1475 3313 Ecce
1512 3273 1641 3313 vero
1673 3269 1797 3313 sunt
1828 3258 2079 3311 universa
2118 3258 2171 3310 in

610 3350 859 3403 manibus
886 3348 1013 3412 tuis,
1042 3346 1204 3402 facito
1235 3357 1291 3401 ut
1322 3348 1412 3401 tibi
1450 3346 1711 3402 Dominus
1736 3346 1985 3415 jusserit.
2023 3367 2042 3400 ι
2073 3346 2166 3401 Ille

607 3444 834 3497 miratus
866 3456 1117 3511 magnum
1160 3440 1456 3495 fidelissimi
1505 3440 1684 3509 populi
1736 3442 2016 3504 animum,
2074 3450 2177 3494 ter-

610 3533 738 3585 tiam
770 3542 976 3599 partem
1008 3531 1112 3585 illis
1142 3530 1401 3599 praebuit;
1441 3545 1509 3582 ex
1568 3531 1789 3597 reliquis
1827 3545 1955 3583 vero
1984 3545 2175 3584 sacra—

610 3626 749 3676 rium
779 3631 949 3676 totum
983 3637 1103 3675 cum
1129 3622 1241 3691 (45)
1272 3622 1477 3675 ciborio
1506 3621 1715 3682 induit;
1750 3635 1981 3688 cumque
2008 3625 2177 3677 altare

608 3728 741 3767 auro
792 3712 992 3767 mundo
1026 3720 1079 3765 et
1113 3711 1308 3781 lapillis
1348 3720 1634 3773 ornasset,
1690 3711 1949 3763 advocata
1981 3712 2174 3764 civium

612 3803 989 3866 multitudine,
1022 3817 1319 3868 mensaque
1374 3817 1530 3856 sacra
1581 3798 1917 3855 sanctificata
1950 3838 1963 3861 ,
2014 3799 2178 3866 jussit

611 3896 789 3949 triduo
823 3894 1019 3949 festum
1056 3894 1161 3960 agi.
1202 3894 1332 3947 Cum
1378 3904 1551 3947 autem
1596 3894 1710 3947 haec
1742 3894 1812 3946 ita
1848 3907 2165 3962 perageren-

615 3987 956 4056 tur,quidam
986 3988 1212 4039 necdum
1242 3984 1506 4054 gentilitio
1547 3998 1735 4039 errore
1766 3985 2022 4047 absoluti,
2048 3999 2171 4037 eum

611 4077 957 4142 conveniunt,
993 4075 1270 4129 dicentes:
1311 4092 1328 4123 ι
1365 4074 1499 4128 Ecce
1525 4075 1774 4129 orecibus
1817 4076 1924 4128 tuis
1978 4074 2175 4127 civita-

614 4303 759 4355 uisse
800 4298 1197 4353 Nazianzenum
1253 4308 1307 4352 et
1366 4300 1662 4369 Nyssenum
1718 4318 1730 4353 :
1777 4300 1820 4354 si
1868 4301 2117 4353 omnibus
2151 4345 2163 4363 ,

617 4371 786 4453 magis
824 4372 1039 4432 mirum,
1068 4371 1264 4423 nullam
1301 4372 1428 4425 alibi
1458 4383 1678 4427 exstare
1709 4370 1828 4442 ejus
1861 4372 1933 4424 rei
1966 4386 2170 4424 inemo—

617 4456 773 4495 nam.

2270 1986 2335 2024 ex
2368 1968 2585 2022 Arianis
2612 1969 2936 2023 calumniam
2962 1969 3099 2038 apud
3132 1968 3410 2023 Valentem
3445 1968 3833 2035 imperatorem

2269 2062 2471 2116 Basilio
2526 2070 2788 2124 struunt,
2840 2072 3098 2131 tanquam
3147 2060 3305 2115 iidem
3354 2058 3839 2113 Consubstantialis

2271 2153 2440 2224 gloria
2471 2150 2712 2213 ell'erret,
2738 2152 3057 2206 Arianorum
3086 2164 3263 2206 autem
3283 2151 3526 2205 liarresim
3561 2149 3839 2204 abomina-

2273 2256 2424 2299 retur
2457 2255 2511 2299 et
2549 2245 2853 2313 despucret.
2888 2241 2954 2296 lis
3008 2247 3077 2297 ob
3109 2245 3272 2298 animi
3305 2244 3576 2298 levitatem
3605 2257 3834 2310 persna-

2276 2352 2368 2393 sus
2387 2336 2608 2401 Valens,
2641 2335 2793 2389 illum
2833 2335 2898 2386 ad
2929 2349 2987 2388 se
3031 2336 3370 2391 Antiochiam
3402 2336 3653 2391 accersit.
3706 2334 3840 2387 Cum

2274 2439 2453 2484 autem
2494 2428 2812 2481 Anastasius
2858 2427 2971 2496 (47)
3024 2440 3257 2496 quaestor
3301 2429 3610 2485 advenisset
3661 2427 3843 2483 Caesa-

2279 2532 2449 2581 ream,
2480 2516 2783 2583 Basilioque
2808 2516 3046 2584 iujuncta
3076 2516 3176 2569 sibi
3215 2517 3282 2570 ab
3316 2520 3641 2587 imperatore
3675 2535 3842 2588 expo-

2277 2610 2517 2674 suisset,
2553 2609 2629 2660 ait
2670 2606 2901 2661 Basilius
2936 2628 2949 2661 :
2988 2627 3005 2659 ι
3065 2608 3240 2661 Etiam
3265 2624 3384 2676 ego,
3420 2612 3492 2663 lili
3522 2651 3536 2674 ,
3561 2622 3688 2666 ante
3742 2626 3843 2662 non

2278 2714 2479 2768 paucos
2506 2698 2621 2751 dies
2671 2698 2938 2766 cognovi,
2970 2698 3238 2765 quomodo
3290 2699 3603 2767 imperator,
3666 2701 3845 2755 stultis

2278 2789 2585 2843 hominibus
2614 2788 2771 2841 fidem
2796 2787 3026 2853 habens,
3062 2789 3451 2856 deportatioais
3492 2805 3623 2842 meae
3659 2799 3843 2858 typum

2277 2890 2622 2942 exaraturus,
2653 2887 2763 2932 tres
2795 2878 3114 2933 contriverit
3155 2877 3426 2940 calamos;
3478 2888 3637 2946 atque
3668 2880 3848 2932 insen-

2276 2972 2378 3026 sati
2409 2969 2625 3034 calami,
2668 2970 3023 3038 impotentem
3054 2968 3198 3023 illius
3222 2969 3481 3036 impetum
3510 2968 3847 3021 inhibueriut

2278 3062 2454 3132 (cuius
2480 3070 2591 3114 tota
2626 3061 2890 3130 cupiditas
2920 3070 3022 3125 est,
3064 3071 3121 3114 ut
3172 3062 3370 3115 veritas
3405 3062 3754 3123 obscuretur,
3796 3069 3852 3111 et

2280 3154 2618 3207 mendacium
2656 3154 2951 3223 obtineat),
2980 3168 3163 3208 secum
3208 3154 3401 3208 melius
3425 3162 3604 3207 actum
3637 3153 3701 3206 iri
3730 3152 3847 3205 θεία

2283 3243 2590 3305 stimantes,
2623 3253 2682 3294 ut
2703 3244 3197 3311 confringerentur,
3230 3260 3391 3313 quam
3423 3254 3481 3299 ut
3512 3244 3712 3315 iniqua:
3736 3243 3848 3311 ejus

2283 3335 2567 3391 sententiae
2597 3335 2951 3388 deservirent.
2990 3354 3009 3385 ›

2355 3428 2456 3484 Ubi
2490 3428 2652 3496 igitur
2701 3426 2921 3480 advenit
2953 3426 3295 3480 Antiochiam
3328 3467 3343 3490 ,
3380 3428 3444 3481 ad
3470 3428 3847 3496 praefectorum

2286 3524 2520 3579 tribunal
2575 3524 2882 3578 adducitur.
2920 3518 3293 3591 Interrogatus
3318 3533 3526 3585 autem,
3558 3538 3658 3576 cur
3691 3525 3848 3577 fidem

2285 3617 2629 3684 imperatoris
2659 3616 2840 3669 minus
2878 3614 3298 3681 amplecteretur
3318 3655 3332 3679 ,
3383 3616 3659 3685 respondit
3688 3615 3848 3667 multa

2286 3724 2406 3762 cum
2433 3707 2680 3760 libertate
2706 3708 2798 3761 Dei
2828 3708 3155 3764 hierarcha:
3190 3727 3208 3760 ι
3239 3708 3391 3762 Absit
3418 3718 3476 3763 ut
3521 3709 3662 3761 viam
3712 3706 3850 3760 veri-

2286 3800 2411 3852 tatis
2444 3799 2691 3853 deseram
2713 3838 2728 3861 ,
2765 3798 3199 3867 Arianorumque
3230 3814 3471 3853 errorem
3513 3810 3569 3853 et
3600 3800 3848 3855 limresim

2284 3891 2617 3957 amplectar:
2650 3890 2851 3959 quippe
2890 3890 3054 3943 didici
3084 3905 3114 3943 a
3166 3889 3441 3955 Patribus,
3478 3889 3851 3945 Consubstau-

2287 3982 2428 4035 tialis
2465 3983 2622 4037 tidem
2651 3984 2927 4053 amplecti,
2956 3992 3013 4038 et
3042 3985 3232 4039 honori
3260 3982 3482 4039 habere.
3520 4002 3539 4034 ι
3573 3983 3674 4038 Ubi
3714 3999 3849 4054 pra!-

2287 4073 2459 4127 fectus
2486 4084 2711 4128 mortem
2742 4078 2791 4131 ei
2819 4078 3053 4132 minatus
3082 4087 3226 4133 esset
3290 4078 3365 4132 ait
3390 4075 3622 4131 Basilius
3649 4094 3662 4130 :
3689 4094 3709 4127 ‹
3749 4075 3849 4128 Fa-

2350 4300 2463 4369 (45)
2495 4300 2793 4364 Ciborium,
2821 4299 3199 4353 umbraculum
3244 4297 3467 4369 altaris,
3491 4307 3739 4369 quatuorA
3764 4315 3851 4349 co-

2280 4366 2475 4425 lumnis
2508 4372 2790 4433 innixum,
2819 4370 2971 4437 cujus
3020 4372 3161 4439 apud
3218 4366 3564 4439 Anastasium
3600 4368 3650 4439 in
3720 4367 3849 4421 Vilis

2277 4442 2581 4507 pontiﬁcum
2636 4442 2965 4495 creberrima
2993 4437 3217 4505 mentio,
3233 4440 3299 4493 de
3328 4442 3427 4491 hoc
3450 4437 3570 4489 vide
3590 4438 3849 4507 Cangium

689 4509 797 4581 (Η)
849 4508 1091 4581 Seposita
1138 4528 1254 4581 qua:
1293 4513 1463 4578 gratis
1504 4513 1723 4566 aﬂertur
1765 4527 1793 4565 a
1842 4509 2164 4564 Combelisio
2201 4522 2244 4577 ο
2278 4512 2330 4562 in
2381 4525 2609 4578 utroque
2662 4512 2940 4565 Glossario
2968 4552 2983 4577 ,
3028 4512 3222 4565 Graeco
3253 4526 3317 4563 ac
3350 4507 3849 4581 LatiuooBarbaru.

616 4580 925 4646 conjeCtura
950 4580 1015 4633 de
1044 4580 1250 4635 duobus
1296 4584 1532 4637 Libaniis
1560 4622 1575 4647 ,
1616 4583 1832 4635 omnino
1860 4581 2048 4633 falsum
2081 4589 2163 4632 est

619 4651 915 4719 sopbistam
980 4665 1213 4719 unquam
1274 4668 1587 4707 conversum
1643 4651 1843 4713 fuisse,
1897 4662 1989 4702 aut
2047 4658 2167 4715 post

620 4730 846 4776 mortem
879 4720 1073 4774 Juiiani
1115 4725 1324 4778 venisse
1346 4722 1642 4776 Caesaream
1671 4742 1683 4775 :
1718 4738 1837 4774 nam
1870 4720 2164 4772 Antiochia:

620 4792 736 4857 ejus
766 4792 1064 4845 orationem
1092 4792 1366 4847 funebrem
1396 4795 1550 4852 dixit,
1591 4802 1649 4843 ut
1688 4793 1797 4860 ipse
1831 4791 1899 4845 de
1919 4804 1975 4842 se
2004 4799 2167 4841 testa-

622 4870 747 4933 tura
770 4880 788 4910 ι
826 4860 1005 4933 Visum
1032 4862 1135 4925 est,
1166 4863 1431 4931 inquiens,
1474 4863 1703 4933 partium
1753 4876 1991 4915 mearum
2020 4873 2165 4921 esse,

622 4938 682 4982 ut
722 4928 929 4983 funebri
962 4936 1200 4986 oratione
1241 4928 1354 4986 fato
1391 4928 1633 4987 functum
1658 4933 2085 4984 eohonestarem.
2143 4948 2159 4977 ι

623 4999 887 5073 Franci-ea
916 5012 1094 5073 narrat
1117 5018 1174 5055 se
1198 5004 1320 5057 vita:
1346 5005 1636 5073 periculum
1674 5001 1957 5055 Joviuiano
1972 5001 2165 5073 incur-

622 5071 799 5133 risse,
833 5072 957 5137 quia
1014 5074 1234 5126 nimium
1288 5070 1538 5127 laudabat
1588 5072 1876 5127 lulianum.
1910 5090 1927 5122 ε
1972 5070 2165 5122 Postea

623 5155 829 5205 rursus,
858 5141 1049 5208 inquit,
1083 5144 1162 5195 vir
1185 5146 1443 5199 barbarus
1496 5144 1731 5196 irritavit
1779 5143 1828 5193 in
1866 5156 1949 5193 me
1973 5140 2167 5207 princi—

621 5224 739 5276 pem
762 5210 789 5273 ς’
832 5226 952 5263 cum
996 5213 1237 5277 diceret,
1274 5231 1355 5269 me
1403 5215 1559 5266 linem
1597 5230 1701 5267 non
1740 5212 1917 5265 facere
1952 5210 2165 5279 lugendi

622 5279 831 5349 Plagam
854 5281 968 5349 ejus
993 5284 1079 5349 qui
1098 5286 1443 5339 occubuerat.
1462 5281 1689 5338 Proinde
1714 5284 2005 5351 imperator
2030 5280 2167 5331 male

623 5365 709 5403 me
752 5354 971 5422 perdere
1004 5355 1306 5420 cogitabat,
1359 5355 1606 5408 mwroris
1668 5367 1881 5422 pcnuam
1925 5351 2161 5422 exigens.

623 5422 729 5493 Sed
760 5420 840 5472 vir
883 5424 1097 5489 quidam
1150 5430 1346 5493 probus
1389 5420 1719 5493 Cappadox}
1761 5421 2163 5493 condiscipulus

621 5490 970 5564 olini_meus_,
1025 5495 1112 5561 qui
1150 5490 1369 5564 magnus
1401 5490 1517 5549 erat
1557 5498 1693 5564 apud
1738 5494 1884 5546 illum
1916 5535 1929 5554 ,
1996 5492 2163 5564 inter-

622 5562 804 5633 cessit.
850 5580 869 5611 ι
910 5560 1096 5616 Mirum
1153 5560 1325 5619 tanien
1374 5581 1477 5619 non
1527 5560 1614 5631 sit,
1652 5562 2168 5633 pseudooAmphiln—

623 5631 802 5684 chium
862 5634 1172 5697 credidisse,
1208 5636 1487 5689 Libauium
1528 5631 1821 5703 sophistam
1875 5636 1943 5686 ad
2003 5631 2161 5703 fidem

624 5715 971 5766 conversum,
998 5703 1067 5758 ob
1094 5706 1383 5758 amicitiam
1420 5701 1839 5773 quam‘Basilius
1869 5719 1965 5772 per
2027 5701 2169 5752 litte-

628 5784 868 5893 rusdctlm
903 5788 967 5827 eo
992 5775 1188 5837 coluit,
1223 5785 1473 5845 tanquam
1509 5792 1626 5829 cum
1658 5776 1893 5831 soubista
1947 5782 2003 5827 et
2052 5773 2167 5826 viro

628 5854 721 5891 eru
763 5851 853 5893 llo.

624 5851 853 5895 ετιιαιιο.

2273 4595 2413 4646 saepe
2444 4583 2606 4633 etiam
2644 4583 2936 4651 Cyborium
2973 4582 3269 4644 scribitur;
3309 4589 3363 4633 et
3417 4580 3556 4651 hanc
3611 4581 3849 4651 origina-

2273 4651 2407 4719 riam
2445 4666 2565 4704 esse
2612 4646 2963 4719 sciiptioucm
3029 4652 3113 4702 vix
3163 4652 3369 4708 dubito.
3424 4646 3534 4700 ἀπὸ
3598 4646 3849 4703 τοῦἹίύ-

2267 4718 2382 4843 ﬁcu.
2407 4740 2424 4770 ι
2473 4722 2633 4785 cubo,
2656 4739 2676 4773 ι
2710 4718 2931 4790 prepter
2957 4720 3183 4775 formam
3214 4720 3480 4785 cubicam,
3509 4720 3558 4775 id
3581 4732 3685 4783 est,
3721 4736 3852 4789 qua-

2309 4800 2502 4843 ratam.

2309 4800 2502 4843 ratam.

2342 4860 2452 4927 (46)
2478 4858 2559 4913 Ad
2590 4861 2846 4930 gentiles
2878 4875 3067 4929 parum
3124 4860 3425 4930 spectabat,
3467 4862 3581 4914 sive
3609 4858 3845 4930 consub-

2267 4932 2538 4984 stantialis
2566 4929 2723 4983 fidem
2760 4929 3075 4985 defenderet
3123 4929 3359 4993 Basilius
3380 4971 3394 4993 ,
3427 4933 3541 4983 sive
3574 4944 3699 4981 nou.
3730 4929 3849 4983 Ca:-

2270 5010 2442 5052 tcrum
2492 5015 2609 5067 quae
2643 5002 2727 5053 hic
2783 5014 2899 5055 acta
2931 5011 3228 5052 narrantur
3272 5000 3546 5054 Valentem
3587 5000 3733 5051 inter
3796 5012 3851 5051 ct

2267 5069 2522 5122 Basiliuui
2562 5070 2805 5139 illiusque
2839 5072 3117 5123 ministros
3143 5070 3531 5123 desiderantur
3563 5070 3702 5135 apud
3735 5068 3843 5121 Ro-

2268 5139 2562 5210 swL-ydum,
2596 5150 2648 5193 et
2675 5142 2828 5210 longe
2859 5143 3018 5192 aliter
3046 5143 3169 5194 data
3206 5144 3424 5193 fuerunt
3472 5154 3538 5192 ex
3602 5139 3839 5193 Nazian-

2270 5226 2404 5263 zeuo
2438 5210 2488 5260 in
2522 5209 2657 5265 Vita.

2342 5280 2450 5347 (47)
2488 5280 2828 5334 Anastasium
2864 5280 3176 5348 praefectum
3224 5280 3306 5334 vel
3338 5289 3691 5347 iliiaastoreiit,
3750 5280 3840 5331 ιιΙεὶ

2271 5352 2603 5403 nominatum
2638 5352 2903 5403 invenerit
2936 5365 3149 5415 auctor,
3191 5352 3444 5417 equidem
3474 5355 3687 5419 ignoro.
3726 5350 3832 5401 Alii

2269 5435 2455 5473 omnes
2518 5423 2829 5488 praefectum
2886 5421 3185 5475 Modestum
3253 5435 3489 5481 vocant,
3529 5424 3680 5485 isque
3732 5430 3841 5469 tam

2272 5499 2429 5544 notus
2455 5492 2551 5542 fuit
2584 5506 2711 5543 vero
2735 5492 3132 5557 Amphilochia,
3172 5500 3226 5539 ut
3257 5490 3305 5542 in
3360 5495 3579 5543 nomine
3620 5490 3737 5556 ejus
3761 5505 3850 5541 er-

2272 5576 2394 5613 rare
2422 5578 2522 5612 non
2551 5564 2806 5627 pot-inerit.
2832 5564 2901 5613 At
2933 5560 3312 5619 Combehsius.
3344 5578 3465 5611 cum
3498 5560 3695 5626 sarpius
3730 5572 3817 5611 ten
3845 5591 3851 5596 -

2274 5641 2378 5683 tata
2414 5634 2483 5683 sit
2521 5636 2619 5683 sub
2650 5631 2866 5685 Valente
2908 5632 3089 5683 Basilii
3117 5634 3421 5685 constantia
3459 5673 3472 5693 ,
3500 5642 3676 5699 putat,
3705 5632 3848 5681 inter

2272 5703 2450 5755 varios
2475 5701 2743 5755 adhibitos
2778 5703 3056 5755 ministros
3082 5741 3095 5762 ,
3128 5702 3365 5766 aliquem
3422 5714 3515 5753 aut
3556 5714 3848 5769 ιιι-ςειυιυιιι

2274 5781 2365 5821 aut
2396 5784 2702 5823 exactorem
2740 5774 2926 5825 fuisse.
2952 5772 3326 5837 Auastasium,
3356 5774 3425 5825 ob
3466 5782 3849 5826 auctoritatem

2275 5842 2478 5895 scilicet
2509 5842 2863 5911 Autpliiiocltti
