4046 6446
644 372 1007 427 EXCERPTA
1048 373 1138 426 EX
1179 373 1377 427 ACTIS
1418 374 1476 426 S.
1516 373 1759 428 BASlLlI
1801 369 2399 426 BOLL.\NDI.\N|S.-—
2436 373 2596 426 VITA
2640 369 3078 427 APOCi‘tYl’liA.

3272 393 3437 435 (κει-ιι

211 490 290 543 xit
326 488 561 558 Deus,ut
588 503 686 557 pro
708 489 936 544 veritate
961 488 1210 543 absolvar
1237 489 1464 553 vinculis
1493 490 1734 557 corporis
1761 506 1775 542 :
1808 491 1853 547 A
1883 486 1988 541 ﬁlia
2014 501 2107 540 sua
2134 485 2458 554 perrexisset
2481 524 2497 549 ,
2527 488 2791 553 velletque
2816 485 2923 539 illic
2946 485 3177 555 puellam
3203 488 3439 552 tondere,

206 594 336 635 nam
370 583 461 637 diu
494 589 579 635 est
610 594 677 633 ex
708 594 815 649 quo
844 581 894 635 id
926 580 1116 647 cupio;
1168 582 1267 636 nisi
1307 590 1481 634 tamen
1513 579 1612 647 ipsi
1645 580 1779 633 mol-

208 673 375 730 liores
410 672 543 728 estis
596 671 648 725 in
707 672 1027 743 praestandis
1053 672 1357 740 promissis.
1393 688 1412 721 ›
1444 669 1612 723 Porro
1643 685 1781 738 prae-

212 765 389 819 fectus
427 775 723 831 pugnacem
759 764 859 815 viri
889 759 1232 815 renitentiam
1260 768 1316 813 et
1340 757 1776 813 immobilitateni

206 853 475 925 propositi
508 852 819 924 imperatori
845 850 1276 921 signiticans,ait
1305 864 1320 903 :
1363 869 1381 902 ι
1418 851 1777 916 Victisumus,

207 950 513 1015 imperator
542 966 555 1000 :
586 948 669 1001 vir
702 943 847 998 enim
881 945 1043 1000 minis
1095 943 1339 1012 superior
1371 954 1477 1008 est,
1504 941 1780 999 inﬂexibili

207 1042 459 1109 duroque
489 1053 543 1095 et
573 1053 739 1095 saxeo
764 1040 963 1095 animo.
990 1059 1009 1091 ι

279 1131 421 1187 Cum
452 1144 630 1187 autem
666 1131 966 1200 imperator
1008 1130 1085 1183 ira
1132 1127 1490 1185 effervescens
1518 1128 1780 1184 delibera-

208 1234 296 1279 ret
324 1266 339 1291 ,
382 1240 492 1294 quo
538 1238 660 1277 eum
708 1222 899 1277 mortis
941 1234 1139 1288 genere
1179 1222 1563 1277 interfecturus
1592 1229 1778 1286 esset;

206 1317 439 1386 contigit
496 1325 555 1368 ut
579 1315 695 1385 ejus
726 1314 870 1367 ﬁlius
917 1311 968 1365 in
1010 1316 1254 1368 morbum
1287 1312 1546 1367 divinitus
1577 1311 1778 1366 illatum

208 1407 520 1470 incideret,
561 1405 633 1459 ita
665 1415 723 1458 ut
781 1403 976 1458 medici
1026 1420 1176 1474 spem
1220 1404 1410 1457 salutis
1451 1400 1771 1468 abjicerent.

209 1499 385 1551 Porro
425 1506 596 1551 mater
626 1496 941 1563 imperatori
991 1494 1217 1563 supplex
1244 1495 1500 1549 accidens
1531 1533 1545 1557 ,
1586 1493 1721 1546 dixit
1763 1512 1775 1546 :

216 1606 234 1638 ι
282 1586 457 1653 Quam
514 1585 653 1640 male
690 1600 818 1658 erga
857 1588 1025 1641 Deum
1056 1584 1279 1652 ejusque
1306 1584 1641 1640 sacerdotem
1678 1583 1780 1638 Ba-

208 1680 394 1735 silium
426 1680 593 1735 habes
623 1679 635 1731 l
668 1680 744 1733 En
787 1678 1015 1732 moritur
1038 1686 1093 1731 et
1122 1677 1238 1746 ipse
1270 1692 1418 1745 puer.
1457 1696 1474 1727 ι
1509 1676 1601 1730 llis
1630 1678 1781 1730 audi-

210 1772 307 1835 tis,
349 1772 647 1841 imperator,
664 1770 917 1822 Basilium
942 1768 1252 1830 accersivit,
1284 1767 1465 1835 aitque
1494 1767 1560 1819 ad
1584 1767 1733 1819 illum
1765 1783 1779 1819 :

1882 587 2043 646 atque
2076 578 2127 631 in
2176 590 2389 630 sacram
2434 578 2666 645 aliquam
2708 578 3061 631 monasticam
3090 578 3255 631 aedem
3285 582 3442 632 tradi-

1884 676 1989 722 tam
2038 670 2147 722 Deo
2199 668 2527 721 sacriﬁcium
2586 669 2818 733 offerre;
2874 670 3445 723 acmulatushomiciua

1883 759 1970 815 ille
2002 762 2069 814 ab
2117 758 2272 814 initio
2320 758 2565 813 diabolus
2611 760 2824 815 divinos
2858 762 2956 813 viri
3005 777 3184 817 mores
3229 761 3447 831 Deoqne

1882 864 2160 922 acceptum
2189 852 2521 920 propositum
2545 868 2559 916 ;
2588 854 3163 909 concitavitsenatoris
3189 854 3446 909 famulum

1881 945 2209 1011 quemdam,
2269 942 2433 1011 inque
2495 944 2685 1012 puella:
2746 960 2983 1000 amorem
3043 949 3338 1001 succendit.
3401 945 3449 998 ls

1882 1048 2061 1101 porro,
2092 1036 2341 1104 indignus
2364 1035 2453 1103 qui
2480 1050 2593 1089 rem
2617 1044 2819 1088 tantam
2853 1038 3131 1091 moliretur
3155 1080 3168 1104 ,
3212 1040 3447 1091 veritus—

1881 1140 1986 1193 que
2018 1128 2098 1181 vcl
2127 1129 2391 1197 attingere
2416 1128 2559 1196 quod
2596 1138 2716 1181 erat
2754 1132 3124 1199 propositum,
3157 1131 3449 1200 alloquitur

1884 1233 2044 1270 unum
2084 1234 2147 1271 ex
2190 1220 2521 1274 detestandis
2574 1220 2869 1283 maleﬁcis,
2922 1224 3139 1275 multam
3184 1238 3449 1277 summam

1884 1308 2003 1361 auri
2056 1312 2402 1376 praebiturum
2440 1309 2710 1378 pollicitus
2737 1352 2750 1375 ,
2785 1312 2944 1366 modo
2981 1315 3098 1381 ipso
3147 1326 3336 1381 agente
3395 1316 3448 1368 in

1882 1406 2203 1469 potestatem
2246 1401 2479 1468 puellam
2533 1404 2824 1471 acciperet.
2860 1404 3144 1457 Veneficus
3192 1419 3318 1457 vero
3370 1408 3448 1459 ait

1884 1492 1950 1545 ad
1976 1506 2096 1545 eum
2142 1510 2155 1543 :
2199 1509 2216 1541 ι
2252 1490 2295 1545 Ο
2318 1490 2502 1558 homo,
2535 1493 2711 1564 impar
2740 1496 2805 1547 ad
2838 1496 2938 1549 hoc
2971 1497 3163 1550 virium
3199 1498 3405 1551 exsisto
3433 1518 3444 1550 :

1883 1586 1975 1640 sed
2027 1585 2071 1638 si
2112 1584 2192 1637 vis
2240 1584 2448 1636 mittam
2499 1596 2549 1639 te
2580 1587 2646 1641 ad
2680 1587 3012 1657 provisorem
3055 1605 3229 1644 meum
3261 1591 3450 1644 diabo-

1884 1676 2016 1739 lum,
2046 1686 2101 1731 et
2134 1674 2222 1729 ille
2257 1674 2419 1729 faciet
2456 1674 2786 1731 voluntatem
2817 1690 2987 1743 tuam,
3020 1679 3063 1732 si
3094 1688 3147 1732 tu
3177 1684 3332 1736 modo
3358 1698 3451 1736 vo-

1887 1765 2145 1820 luntatem
2179 1766 2295 1834 ejus
2326 1766 2539 1821 feceris.
2578 1786 2595 1817 ι
2628 1767 2727 1833 Qui
2752 1771 2886 1824 dixit
2922 1770 2988 1823 ad
3013 1786 3133 1823 eum
3165 1790 3179 1824 :
3214 1791 3231 1821 ι
3289 1774 3449 1839 Quie-

217 1880 237 1914 ι
271 1863 333 1918 Si
369 1878 495 1917 vera
526 1870 653 1916 sunt
682 1874 802 1928 quae
824 1860 1005 1927 doces,
1058 1860 1233 1930 iisque
1258 1859 1397 1913 Deus
1430 1860 1730 1914 delectatur
1767 1899 1781 1921 ,
1817 1865 1859 1919 Β
1888 1870 2099 1921 cunque
2126 1856 2325 1910 dixerit
2359 1857 2515 1921 mihi,
2544 1857 2761 1911 faciam.
2795 1878 2813 1908 ι
2840 1860 2929 1914 Ait
2955 1862 3043 1916 ille
3076 1878 3087 1912 :
3119 1881 3137 1913 ι
3166 1863 3449 1918 Ahrenun—

209 1955 468 2024 precibus
519 1952 626 2007 tuis
671 1953 765 2007 lilii
799 1954 900 2009 mei
945 1956 1191 2008 morbum
1238 1953 1529 2022 depuleris.
1571 1974 1590 2004 ι
1624 1952 1781 2006 Tunc

209 2048 383 2100 illezt
419 2045 475 2099 Si
507 2047 803 2102 credideris
835 2056 995 2100 rectas
1046 2046 1169 2099 fidei
1196 2084 1211 2108 ,
1267 2047 1577 2113 imperator,
1624 2054 1781 2112 teque

208 2135 472 2193 Ecclesia:
492 2139 585 2192 Dei
604 2138 934 2206 adjunxeris,
969 2136 1113 2189 vivet
1133 2135 1273 2190 ﬁlius
1309 2144 1451 2189 tuus.
1482 2154 1500 2185 ι
1534 2136 1629 2189 lllo
1656 2152 1783 2204 pro-

208 2230 481 2295 mittente,
512 2230 684 2298 primo
730 2244 829 2283 suo
861 2226 1350 2296 adventu,Magnus
1370 2226 1619 2292 Basilius,
1642 2228 1784 2283 nulla

206 2335 391 2385 mora,
428 2323 673 2376 morbum
719 2322 975 2376 leviorem
1016 2319 1165 2376 fecit.
1200 2317 1299 2387 Qui
1326 2328 1507 2375 autem
1550 2322 1784 2390 impera-

210 2414 322 2469 tori
348 2414 566 2467 assecle
592 2423 749 2467 erant
773 2413 1010 2467 haeretici
1062 2413 1322 2482 episc0pi,
1372 2412 1609 2468 victoria:
1653 2428 1779 2483 pro-

207 2504 373 2560 brum
406 2518 511 2558 non
548 2505 808 2567 ferentes,
843 2511 1093 2557 auctores
1114 2504 1336 2556 fuerunt
1369 2519 1436 2557 ne
1467 2520 1495 2557 a
1518 2506 1783 2560 sententia

210 2593 539 2658 discederet,
570 2592 663 2647 sed
692 2605 751 2647 se
794 2590 1043 2660 religioni
1074 2605 1262 2645 eorum
1290 2591 1624 2661 adjungeret,
1668 2608 1785 2661 per-

210 2686 324 2759 que
358 2688 504 2756 ipsos
533 2700 701 2755 puero
732 2688 1018 2740 sanitatem
1057 2694 1295 2755 pararet.
1318 2685 1433 2752 Quo
1465 2686 1629 2748 iacto,
1659 2700 1784 2739 mox

208 2792 352 2848 puer
397 2776 452 2831 in
518 2775 771 2830 manibus
849 2774 1060 2829 illorum
1115 2774 1350 2826 animam
1406 2772 1624 2827 efﬂavit.
1680 2772 1783 2827 Ubi

211 2872 381 2940 po'rro
408 2878 644 2940 quaestor
669 2870 784 2924 haec
809 2868 1056 2932 vidisset,
1090 2877 1212 2936 post
1250 2876 1474 2920 mortem
1522 2864 1779 2932 Valentis,

215 2976 307 3017 res
340 2962 443 3015 viri
500 2960 764 3031 prmelare
818 2970 1001 3028 gestas
1035 2958 1415 3013 Valentiniano
1468 2958 1782 3025 imperatori

215 3052 332 3124 (48)
354 3053 640 3106 nuntiavit.
672 3051 765 3105 llle
796 3051 1019 3105 audiens
1072 3059 1419 3119 stupensque,
1458 3050 1783 3116 glorificavit

214 3146 386 3203 Deum
422 3163 436 3200 :
469 3144 654 3200 multis
678 3158 839 3213 porro
867 3142 1112 3213 pecuniis
1139 3142 1311 3196 eidem
1336 3140 1591 3211 quiestori
1620 3140 1780 3205 datis,

215 3235 369 3290 misit
404 3234 471 3289 ad
500 3233 758 3288 Basiliuin
796 3232 848 3286 in
878 3246 1031 3285 usum
1054 3244 1347 3299 egenorum
1374 3228 1511 3299 (49).
1547 3228 1780 3283 Basilius

216 3337 399 3381 autem
473 3339 726 3395 magnum
780 3321 1125 3390 imperatoris
1185 3320 1424 3373 animum
1485 3321 1785 3387 suspiciens

214 3418 579 3488 probansque,
608 3415 723 3484 pias
745 3415 931 3468 domos
952 3422 1062 3468 tum
1089 3413 1140 3465 in
1170 3412 1320 3478 urbe,
1346 3421 1456 3465 tum
1482 3412 1533 3465 in
1558 3412 1784 3482 singulis

214 3508 512 3579 provinciae
529 3507 776 3578 partibus
792 3506 1081 3575 exstruxit,
1113 3505 1474 3561 refocillandis
1514 3505 1779 3573 inﬁrmis;

223 3600 402 3668 iisque
424 3599 571 3653 viros
594 3598 795 3653 multos
818 3635 835 3663 ,
861 3607 915 3652 et
945 3599 1200 3653 mulieres
1248 3612 1575 3667 puerosque,
1616 3598 1784 3665 pluri-

215 3704 362 3744 mam
393 3690 475 3743 eis
506 3704 692 3743 curam
727 3688 1076 3758 levamenque
1110 3690 1399 3753 adhibens,
1428 3689 1481 3743 in
1508 3689 1662 3744 lectis
1698 3704 1787 3758 po-

214 3782 343 3836 suit.
382 3777 484 3836 Ubi
538 3794 666 3835 vero
715 3781 1009 3849 imperator
1048 3780 1288 3847 audivit,
1345 3780 1542 3835 multos
1580 3782 1784 3836 reditus

213 3874 269 3928 in
300 3887 489 3926 eorum
518 3880 765 3942 sumptus
794 3880 850 3926 et
902 3872 1353 3927 sustentationem
1383 3912 1397 3937 ,
1430 3869 1631 3926 Christi
1672 3872 1786 3926 hie-

213 3964 468 4019 rarcham
498 3976 553 4020 et
578 3964 887 4033 pontiﬁcem
921 3979 1019 4020 ceu
1072 3973 1279 4025 patrem
1326 3964 1517 4019 honori
1550 3965 1774 4032 habens,

214 4056 507 4125 largitione
542 4058 707 4112 dedit.

290 4146 570 4202 Helladius
624 4148 738 4218 (50)
790 4159 993 4205 sanctae
1040 4151 1470 4213 recordationis,
1524 4151 1613 4219 qui
1673 4151 1785 4218 ipse

213 4240 496 4308 inspector
520 4248 572 4293 et
596 4240 842 4295 minister
884 4242 985 4294 fuit
1017 4240 1397 4294 miraculorum
1449 4240 1517 4293 ab
1553 4243 1666 4310 ipso
1693 4256 1785 4310 pa-

211 4340 505 4394 tratornm,
527 4332 724 4400 quique
741 4342 857 4399 post
872 4333 1075 4387 obitum
1104 4335 1336 4387 conserti
1357 4333 1557 4387 honore
1575 4343 1789 4402 aposto-

212 4424 281 4477 lis
318 4421 519 4489 Basilii,
554 4423 669 4491 ejus
706 4425 887 4477 sedem
911 4439 1195 4480 successor
1227 4426 1472 4493 accepit,
1511 4426 1592 4477 vir
1612 4426 1783 4479 admi-

1889 1946 1988 2000 tias
2009 1945 2227 2003 Christo
2257 1950 2309 2003 in
2337 1951 2598 2018 scriptis?
2632 1969 2649 2001 ι
2692 1952 2901 2005 Dicitei
2937 1972 2949 2006 :
2984 1973 3001 2003 ι
3034 1955 3234 2009 Etiam.
3267 1975 3285 2008 ι
3323 1956 3453 2011 Por-

1887 2053 1948 2093 ro
1980 2040 2047 2092 ad
2076 2053 2197 2093 eum
2232 2042 2537 2111 iniquitatis
2560 2043 2840 2112 Operarius
2867 2061 2879 2095 :
2918 2062 2935 2095 ι
2974 2045 3030 2099 Si
3060 2048 3123 2101 ad
3159 2049 3259 2103 hoc
3288 2064 3452 2117 para-

1888 2141 1973 2185 tus
2000 2146 2059 2186 es
2084 2171 2100 2195 ,
2143 2145 2464 2201 cooperator
2504 2136 2600 2190 tibi
2631 2134 2853 2189 elﬁciar.
2893 2155 2911 2188 ι
2943 2135 3035 2191 Ille
3060 2150 3238 2192 autem
3272 2143 3337 2193 ad
3373 2143 3452 2209 ip-

1885 2236 2045 2277 sum:
2094 2240 2112 2273 ι
2154 2223 2377 2282 Paratus
2401 2242 2545 2293 sum,
2577 2237 2783 2282 tantum
2809 2236 2866 2281 ut
2893 2222 3197 2298 consequar
3239 2232 3452 2285 deside-

1885 2330 2045 2369 I'lllm.
2084 2334 2102 2367 ι

1953 2406 2087 2462 Cum
2112 2407 2291 2477 itaque
2322 2407 2573 2464 maleficii
2596 2412 2840 2465 minister
2876 2413 3158 2481 epistolam
3205 2416 3451 2471 conscri-

1882 2500 2079 2569 psisset
2108 2500 2174 2554 ad
2202 2499 2493 2566 diabolum,
2523 2500 2572 2555 ei
2591 2502 2808 2555 tradidit
2829 2503 2929 2556 hoc
2956 2514 3138 2559 tenore
3156 2516 3209 2559 et
3238 2517 3455 2562 senten-

1884 2593 1954 2644 tia
1991 2611 2003 2646 :
2044 2612 2063 2643 ι
2099 2592 2365 2659 Quoniam
2418 2608 2515 2662 par
2560 2602 2685 2657 est,
2716 2604 2774 2646 ut
2832 2604 3089 2663 tanquam
3124 2596 3342 2650 domino
3400 2609 3455 2651 et

1884 2686 2153 2752 provisori
2189 2702 2307 2740 meo
2354 2689 2622 2750 studeam,
2669 2687 2959 2756 enitarque
2999 2698 3109 2743 uta
3139 2690 3453 2744 Christiana

1886 2773 2146 2842 religione
2178 2774 2481 2828 abstractus
2518 2776 2769 2829 amicitirc
2820 2788 2923 2831 tuis
2977 2781 3314 2843 admoveam,
3349 2794 3455 2848 quo

1884 2876 1975 2921 tua
2007 2881 2130 2935 pars
2160 2865 2478 2934 impleatur;
2516 2867 2634 2920 misi
2662 2871 2728 2919 ad
2764 2877 2814 2921 te
2832 2870 3178 2935 prtesentium
3203 2869 3451 2933 latorem,

1884 2958 2072 3028 puellae
2100 2957 2393 3026 cupiditate
2413 2956 2714 3010 sauciatum
2739 2975 2753 3022 ;
2807 2958 3208 3029 impensiusque
3240 2976 3368 3031 rogo
3397 2972 3457 3016 ut
3542 3020 3543 3023 η

1886 3051 1990 3102 voti
2021 3063 2243 3117 compos
2273 3048 2363 3101 ﬁat
2390 3067 2403 3115 ;
2436 3064 2543 3119 quo
2572 3057 2627 3101 et
2673 3049 2726 3102 in
2762 3048 2864 3103 hoc
2894 3049 3114 3119 glorier,
3144 3050 3451 3121 majoriquc

1885 3141 2164 3193 alacritate
2190 3150 2309 3195 tuos
2353 3152 2623 3195 amatores
2652 3157 2999 3210 congregem.
3038 3161 3057 3193 ι
3096 3142 3226 3197 Data
3255 3159 3382 3199 vero
3403 3149 3451 3199 ei

1885 3230 2133 3300 epistola,
2169 3230 2339 3285 dixit:
2376 3249 2394 3280 ι
2428 3232 2573 3285 Vade
2597 3233 2688 3285 tali
2723 3233 2864 3291 hora.
2882 3234 3078 3298 noctis,
3102 3246 3258 3290 etsta
3290 3251 3453 3304 supra

1886 3334 2294 3378 monumentum
2320 3321 2521 3393 Pagani
2554 3325 2809 3389 hominis,
2843 3325 3203 3393 chartamque
3245 3328 3370 3381 tolle
3400 3329 3454 3381 in

1885 3430 2041 3481 aera;
2064 3424 2117 3470 et
2145 3424 2344 3484 prazsto
2375 3426 2555 3482 erunt,
2585 3417 2674 3485 qui
2704 3427 2753 3470 te
2774 3417 2988 3470 ducturi
3022 3426 3150 3468 sunt
3182 3418 3244 3470 ad
3270 3418 3458 3471 diabo-

1885 3502 2016 3559 lum.
2061 3522 2080 3556 ι
2119 3504 2166 3557 ls
2196 3514 2304 3559 tota
2331 3504 2757 3572 promptitudine
2800 3506 2943 3572 quod
2978 3503 3275 3571 injunctum
3332 3519 3451 3560 erat

1884 3612 2093 3665 gerens,
2131 3597 2184 3650 in
2205 3596 2566 3650 miserabilem
2605 3595 2751 3649 illam
2785 3598 2965 3665 erupit
2999 3612 3205 3663 vocem,
3238 3600 3439 3655 diaboli

1886 3688 2131 3741 invocata
2153 3701 2273 3756 ope.
2320 3685 2587 3741 Continuo
2627 3696 2805 3740 autem
2854 3687 3129 3743 astiterunt
3174 3690 3451 3759 principes

1886 3779 2169 3848 potestatis
2215 3778 2558 3833 tenebrarum
2594 3818 2611 3844 ,
2643 3778 2866 3848 spiritus
2906 3782 3189 3849 nequitiac;
3222 3796 3451 3851 magno-

1886 3886 1989 3941 que
2013 3872 2206 3942 gaudio
2229 3872 2514 3941 deceptum
2550 3872 2908 3941 suscipientes
2933 3915 2949 3938 ,
2992 3874 3044 3925 in
3079 3873 3251 3926 locum
3280 3876 3452 3929 abdur

1885 3974 2083 4020 xerunt
2110 3964 2197 4019 ubi
2221 3964 2465 4018 diabolus
2488 3973 2630 4029 erat,
2669 3974 2829 4033 atque
2862 3966 3151 4018 ostendunt
3179 3968 3454 4021 sedentem

1884 4056 1938 4109 in
1979 4054 2111 4109 solio
2144 4055 2380 4118 excelso,
2422 4069 2583 4122 quem
2632 4054 2858 4123 spiritus
2899 4070 3129 4124 nequam
3158 4058 3209 4110 in
3264 4060 3451 4115 orbem

1885 4146 2322 4201 circumstarent.
2358 4145 2611 4215 Acceptis
2640 4161 2766 4199 vero
2811 4146 3033 4202 venefici
3087 4148 3285 4204 litteris
3310 4190 3325 4213 ,
3372 4154 3451 4205 ait

1885 4236 1950 4290 ad
1982 4237 2236 4290 miserum
2266 4254 2279 4290 :
2304 4255 2322 4288 ι
2354 4236 2544 4292 Credis
2571 4237 2729 4291 inme
2760 4237 2821 4291 ἲ»
2856 4240 2945 4292 Ait
2976 4258 2989 4294 :
3027 4258 3045 4290 ι
3083 4240 3278 4295 Credo.
3313 4260 3332 4291 ι
3365 4241 3456 4294 Ait

1888 4327 2014 4381 ille:
2048 4345 2066 4378 t
2101 4326 2244 4397 Nega
2284 4328 2557 4382 Christum
2589 4337 2756 4382 tuum.
2785 4347 2805 4381 ι
2845 4329 2989 4384 Dixit
3019 4330 3143 4384 ille:
3190 4349 3209 4380 ‹
3242 4331 3404 4401 Nego.
3428 4351 3447 4383 ι

1886 4420 1975 4473 Ait
2004 4420 2105 4488 ipsi
2132 4420 2374 4474 diabolus
2408 4440 2420 4475 :
2459 4440 2477 4472 ι
2509 4422 2734 4477 Scelesti
2764 4424 2894 4477 estis
2918 4439 3011 4476 vos
3040 4424 3357 4489 Christiani,
3398 4437 3454 4481 et

213 4516 423 4569 ranilus
449 4555 463 4579 ,
495 4516 749 4591 omnique
792 4517 993 4571 virtute
1043 4517 1471 4571 cumulatissime
1516 4526 1742 4572 ornatus
1765 4557 1781 4582 ,
1815 4537 1858 4592 ι)
1889 4511 2101 4578 quidem
2136 4512 2350 4579 (litando
2383 4526 2468 4564 me
2521 4526 2654 4579 OPUS
2693 4512 2929 4575 habelis.
2970 4513 3168 4564 νθιιίιίε
3204 4514 3269 4566 ad
3303 4530 3388 4567 me
3432 4531 3447 4567 ὲ

212 4607 349 4659 mihi
386 4607 591 4661 retulit.
631 4605 860 4661 Senator
883 4609 1125 4677 quidam,
1156 4610 1242 4661 vir
1284 4608 1478 4674 ﬁdelis,
1505 4608 1781 4664 Proterius

214 4698 458 4764 nomine,
487 4712 610 4752 cum
635 4700 700 4755 ad
728 4714 881 4755 sacra
919 4708 975 4756 et
1002 4700 1306 4754 veneranda
1337 4699 1450 4755 loca
1504 4717 1606 4755 una
1655 4717 1776 4757 cum

287 4962 401 5033 (48)
436 4963 1171 5032 Valentinianumjuniorem
1223 4966 1627 5032 intelligendum
1691 4965 1779 5019 hic

213 5044 409 5088 monet
449 5034 846 5100 Combelisius;
906 5036 1089 5089 senior
1142 5036 1287 5088 enim
1342 5046 1468 5089 ante
1502 5036 1775 5089 Valentem

211 5105 372 5159 obiit.

296 5174 406 5243 ($9)
452 5172 626 5228 Fundi
658 5213 671 5235 ,
706 5189 734 5227 a
769 5172 993 5227 Valente
1016 5174 1211 5230 Basilio
1238 5178 1304 5229 ad
1339 5174 1619 5242 hospitalis
1650 5190 1769 5229 sus-

215 5246 570 5299 tentationem
624 5245 754 5306 dati,
795 5245 974 5297 forsan
1022 5250 1358 5300 occasionem
1401 5250 1511 5302 hic;
1543 5246 1767 5298 commi—

215 5316 459 5377 niscendi
512 5316 855 5382 praebuerunt
905 5333 917 5367 :
962 5332 1135 5385 neque
1184 5318 1325 5369 enim
1377 5327 1497 5384 post
1537 5313 1771 5370 Valentis

214 5386 425 5438 obitum
472 5386 654 5437 tandiu
692 5386 742 5436 in
776 5386 909 5438 vivis
960 5384 1187 5439 Basilius
1232 5386 1371 5447 fuit,
1405 5397 1462 5437 ιιι
1495 5400 1554 5439 ea
1588 5386 1766 5438 facere

217 5455 496 5525 moraliter
527 5456 781 5522 potuerit,
798 5470 914 5521 qua:
938 5456 1128 5510 fecisse
1155 5456 1353 5510 dicitur
1375 5469 1495 5525 post
1520 5467 1770 5524 acceptas

217 5540 246 5578 a
286 5524 659 5577 Valentiniano
690 5526 960 5592 peettnias.

292 5592 406 5663 (ὅθ)
438 5592 736 5647 Hclladiuni
767 5593 945 5666 Basilii
974 5597 1026 5648 in
1062 5598 1368 5666 episcopatu
1400 5609 1766 5650 successorem

217 5664 407 5726 fui-se,
450 5666 697 5717 Omnibus
724 5675 804 5717 est
828 5664 1183 5719 indubitatum
1226 5664 1435 5720 {Vitam
1469 5666 1769 5718 decessoris

218 5738 285 5785 ali
312 5735 401 5784 illo
437 5736 818 5802 conscriptam,
853 5738 1122 5791 credimus
1146 5739 1225 5805 (ut
1255 5753 1349 5804 par
1371 5745 1473 5802 est)
1516 5735 1572 5786 S.
1605 5735 1767 5787 Joan-

220 5806 272 5857 ni
309 5806 657 5868 Uauiasceao,
687 5806 776 5874 qui
803 5805 1003 5859 utinam
1043 5807 1109 5860 ad
1158 5823 1251 5861 nos
1282 5816 1485 5862 tantum
1513 5808 1765 5861 transmi-

1892 4605 1978 4656 ubi
2010 4614 2187 4656 autem
2238 4604 2469 4657 assecuti
2501 4605 2635 4657 estis
2667 4603 2809 4670 quod
2837 4610 2919 4655 est
2954 4602 3005 4655 in
3029 4608 3187 4667 votis,
3216 4619 3300 4657 me
3351 4618 3446 4656 ne—

1889 4696 2047 4765 gatis,
2100 4706 2155 4748 et
2182 4696 2437 4750 acceditis
2463 4696 2529 4749 ad
2560 4694 2833 4748 ChriStum
2863 4703 3136 4759 vestrum;
3171 4697 3263 4763 qui
3324 4710 3443 4749 cum

1890 4963 2409 5017 sissetthesaurum!
2440 4979 2559 5017 eum
2590 4963 2730 5015 enim
2766 4962 2975 5016 videtur
3020 4978 3126 5030 pl‘lB
3148 4962 3319 5017 oculis
3355 4961 3453 5015 ha-

1882 5036 2081 5093 buisse,
2112 5050 2232 5087 cum
2268 5035 2439 5087 locum
2475 5034 2598 5087 inde
2623 5048 2785 5085 unum
2811 5034 3096 5100 descripsit
3128 5035 3178 5085 in
3209 5032 3452 5086 oratione

1884 5119 1982 5171 pro
2000 5106 2171 5157 sacris
2190 5105 2617 5172 imaginibus.An
2638 5118 2764 5157 vero
2785 5118 2868 5162 ea,
2888 5119 3005 5171 qua:
3030 5104 3116 5157 hic
3138 5111 3447 5163 narrantur,

1882 5188 1947 5225 ex
1985 5174 2220 5227 llellailio
2252 5176 2378 5237 sint,
2410 5172 2819 5239 Iectorjudicet.
2845 5172 3026 5226 Petuit
3049 5175 3192 5225 enim
3232 5172 3367 5235 ﬁeri,
3394 5184 3452 5225 ut

1877 5258 1940 5297 eo
1966 5260 2071 5309 quo
2100 5243 2740 5310 pseudo-Amphilochius
2769 5245 2995 5309 scripsit
3060 5252 3318 5309 tempore,
3341 5241 3451 5293 fra-

1884 5324 2097 5382 gmenta
2127 5316 2369 5381 quautam
2396 5312 2615 5366 iielladii
2652 5322 2946 5376 exstarent,
2974 5314 3219 5380 quteipse
3253 5313 3452 5364 retule-

1880 5390 1951 5434 rit
2004 5386 2054 5436 in
2122 5384 2375 5437 Basiliam
2434 5398 2610 5436 suum.
2670 5384 2820 5447 Quod
2882 5386 3072 5434 attinet
3121 5386 3185 5435 ad
3220 5382 3446 5434 Proterii

1880 5454 2066 5514 ﬁliam,
2104 5471 2130 5505 a
2165 5457 2403 5507 daemone
2458 5454 2506 5505 in
2550 5468 2787 5505 aurorem
2834 5453 3047 5520 juvenis
3096 5456 3443 5516 concitatam,

1879 5524 2055 5577 simile
2080 5525 2206 5592 quid
2241 5523 2532 5588 contigisse
2585 5522 2645 5575 Β.
2683 5521 2863 5592 Maria:
2893 5524 3247 5575 Antioclienre
3301 5522 3439 5575 refe-

1882 5595 2049 5646 rimus
2077 5591 2219 5646 tnmo
2260 5593 2343 5646 VII
2378 5595 2523 5659 Maii,
2554 5595 2637 5646 die
2668 5591 2757 5654 29,
2810 5608 2929 5660 pag.
2962 5592 3047 5644 5‘2.
3094 5592 3217 5643 Mihi
3270 5602 3443 5643 tamen

1876 5666 2237 5717 verosimilins
2310 5674 2439 5727 est,
2520 5666 2765 5715 eumdem
2836 5665 2923 5729 qui
3006 5662 3441 5731 AmphiiOt'itiUllt

1876 5736 2133 5789 mentitus
2184 5745 2265 5789 est
2345 5735 2561 5790 mentiri
2606 5735 2766 5788 etiam
2830 5733 3131 5787 Hclladium
3190 5733 3445 5801 potuisse.
