4046 6454
558 399 753 442 CCCVI"

1906 373 2441 434 PROLEGOMENA.

558 510 630 565 sit
669 509 863 570 bonus,
892 518 989 561 vos
1024 500 1271 573 suscipit.
1297 500 1586 557 Enimvero
1625 500 1707 556 fac
1753 502 1955 570 scripto
2009 510 2122 555 tum
2154 511 2199 565 Α
2227 499 2600 554 confusionem
2634 512 2807 552 meant
2838 497 2861 549 ?
2916 496 3028 553 Heu
3058 509 3145 550 me
3172 494 3483 553 infelicem!
3543 492 3598 549 in
3652 496 3799 564 quod

558 594 760 652 Christi
804 595 879 651 tui
931 602 986 650 et
1009 593 1355 664 baptismatis
1390 600 1744 661 spontaneam
1775 592 2125 646 abrenuntia-

562 689 801 752 tionem,
839 696 951 742 tum
1005 685 1234 741 liberam
1261 685 1318 739 in
1367 699 1455 739 me
1493 684 1545 737 in
1579 685 1774 741 saecula
1798 683 2126 749 cautionem,

560 781 812 852 quodque
843 793 1055 835 mecum
1088 780 1167 835 sis
1213 775 1429 832 futurus
1460 777 1515 831 in
1542 778 1629 833 die
1660 775 1872 847 iudicii,
1918 790 2127 831 meeum

560 881 747 942 parata
781 871 912 926 mihi
938 881 1138 928 aeterna
1170 877 1530 941 percepturus
1557 868 1847 940 supplicia,
1892 881 2127 938 moxque

560 964 758 1034 impleo
796 973 920 1019 vota
945 971 1056 1019 tua.
1101 980 1125 1016 ι
1166 964 1235 1017 At
1267 962 1356 1017 ille
1404 979 1565 1019 manu
1616 961 1833 1031 propria
1866 961 2128 1030 scriptum

559 1055 748 1121 edidit,
768 1056 927 1126 quale
949 1056 1126 1110 fuerat
1152 1062 1395 1126 rogatus.

629 1146 767 1205 Post
814 1149 931 1204 brec
955 1160 1087 1201 vero
1119 1146 1424 1202 animarum
1448 1144 1672 1201 vitiator
1697 1143 1868 1198 draco
1894 1142 2131 1198 destinat

564 1240 838 1297 daemones
890 1238 1241 1296 fornicationi
1268 1236 1610 1309 praepositos,
1648 1236 1794 1305 iique
1817 1233 2051 1304 puellam
2079 1234 2133 1287 in

561 1332 663 1384 viri
681 1344 919 1385 amorem
954 1330 1269 1386 incendunt.
1297 1327 1388 1382 Illa
1416 1338 1598 1383 autem
1622 1327 1854 1395 seipsam
1883 1326 1936 1379 in
1962 1325 2134 1380 solum

555 1422 791 1489 iactans,
820 1423 987 1493 erepit
1012 1420 1249 1476 clamare
1268 1421 1335 1476 ad
1363 1431 1570 1491 patrem
1605 1437 1621 1473 :
1667 1436 1687 1469 ι
1736 1417 1990 1474 Miserere
2029 1417 2134 1472 mei

563 1512 816 1578 infelicis,
865 1529 1031 1583 quam
1061 1512 1228 1584 huius
1278 1514 1431 1583 pueri
1462 1511 1792 1566 desiderium
1817 1510 1992 1566 dirius
2039 1524 2133 1563 ex—

563 1610 789 1664 cruciat.
821 1608 1147 1680 Couipatere
1191 1608 1493 1663 visceribus
1520 1606 1661 1669 tuis;
1703 1606 1932 1659 ostende
1965 1603 2017 1656 in
2053 1616 2138 1656 me

564 1699 895 1771 unigenitum
952 1710 1140 1763 tuum,
1192 1699 1446 1753 affectum
1506 1707 1841 1768 paternum;
1899 1695 2139 1763 mihique

561 1793 813 1864 coniugio
858 1791 1048 1863 capula
1074 1792 1496 1855 adolescentem,
1529 1804 1690 1860 quem
1720 1790 1887 1861 elegi;
1915 1788 2058 1857 quod
2088 1789 2135 1843 si

563 1884 704 1940 nolis
733 1894 1019 1955 praestare,
1053 1882 1265 1938 videbis
1293 1884 1446 1939 brevi
1479 1882 1819 1937 amarissima
1864 1879 2133 1935 sublatam
2165 1867 2209 1926 Β

567 1985 764 2040 morte,
797 1976 1016 2045 Deoque
1044 1975 1314 2031 rationem
1360 1989 1457 2045 pro
1490 1990 1575 2028 me
1607 1973 1759 2027 dabis
1798 1972 1852 2026 in
1883 1971 1971 2026 die
1994 1972 2140 2043 iudi-

563 2069 655 2123 eii.
694 2086 715 2122 s
753 2070 912 2123 Pater
956 2080 1138 2123 autem
1198 2084 1318 2123 cum
1391 2066 1645 2137 Iacrymis
1691 2065 1940 2122 dicebat:
1974 2083 1993 2119 r
2025 2066 2138 2120 lleu

565 2159 698 2215 mihi
727 2163 997 2229 peccatori
1022 2162 1036 2214 ι
1069 2160 1209 2226 Quid
1237 2160 1339 2213 hoc
1358 2157 1573 2213 miserae
1599 2173 1734 2213 mea:
1759 2159 1882 2214 lilia:
1907 2158 2139 2213 accidit?

564 2252 690 2321 quis
720 2266 898 2306 meum
943 2253 1259 2304 thesaurum
1292 2246 1637 2321 depradatus
1668 2248 1801 2303 est?
1859 2250 1984 2319 quis
2016 2248 2139 2302 tiliae

568 2357 700 2397 mea
747 2341 1005 2412 iniuriam
1038 2341 1269 2396 intulit?
1329 2343 1450 2410 quis
1478 2341 1633 2395 dulce
1670 2342 1948 2394 oculorum
1995 2353 2141 2393 meo-

568 2449 689 2487 rum
749 2432 928 2490 lumen
986 2434 1281 2489 exstinxit?
1329 2431 1627 2501 Equidem,
1682 2430 1865 2500 quite
1919 2430 2141 2484 Christo

567 2540 770 2596 sponso
796 2527 1005 2582 cmiesti
1048 2527 1382 2595 desponsare
1427 2522 1762 2589 statuissem,
1797 2522 2142 2591 angelorum-

567 2631 673 2685 que
714 2616 1157 2672 contubernalem
1182 2614 1363 2670 facere
1383 2655 1398 2680 ,
1430 2630 1494 2669 ac
1516 2616 1570 2670 in
1600 2629 1664 2671 eo
1691 2615 1995 2686 posuissem
2027 2624 2141 2669 stu-

566 2707 717 2763 dium
748 2716 811 2763 ut
838 2708 892 2763 in
919 2707 1143 2779 psalmis
1167 2716 1225 2764 et
1250 2707 1471 2781 hymnis
1498 2716 1554 2763 et
1594 2708 1821 2764 canticis
1848 2708 2145 2779 spirituali-

570 2801 674 2857 bus
699 2811 957 2859 cantares
996 2801 1129 2866 Deo,
1154 2814 1251 2871 per
1276 2811 1329 2857 te
1352 2811 1774 2857 consecuturum
1807 2816 1893 2855 me
1915 2801 2143 2855 salutent

570 2895 892 2963 sperabam;
930 2903 988 2948 tu
1029 2902 1208 2948 autem
1260 2892 1315 2947 in
1348 2892 1587 2947 lascivia:
1616 2902 1841 2946 oestrum
1872 2892 2142 2945 insanisti.

570 2987 702 3043 Sine
730 2996 810 3051 ut,
844 2986 987 3042 sicut
1022 2983 1165 3051 volo,
1195 2984 1332 3040 inito
1364 2995 1545 3056 pacto,
1577 2984 1686 3038 Deo
1716 2983 2145 3046 conciliem,nec

571 3096 747 3137 meam
771 3082 839 3135 ad
866 3078 1075 3136 inferos
1101 3094 1226 3136 cum
1255 3076 1481 3135 tristitia
1523 3079 1760 3134 deducas
1789 3085 2144 3141 senectutem,

574 3188 640 3229 ac
674 3186 850 3243 neque
899 3180 1187 3241 parentum
1217 3180 1434 3226 tuorum
1463 3169 1801 3226 nobilitatem
1832 3168 2147 3225 confusione

574 3264 811 3335 operias.
855 3281 875 3315 ι
908 3262 978 3317 At
1008 3262 1097 3316 illa
1158 3261 1560 3331 ﬂoccipendens
1607 3262 1776 3331 patris
1810 3260 1996 3324 verba,
2027 3275 2150 3329 per-

574 3352 1135 3410 severabatelamans
1186 3372 1199 3406 :
1236 3369 1257 3404 r
1313 3350 1496 3414 Pater,
1543 3359 1638 3404 aut
1685 3349 1771 3403 fac
1816 3349 2144 3403 desiderium

573 3460 780 3512 meum,
805 3455 902 3500 aut
928 3452 1052 3516 post
1074 3442 1327 3515 pusillum
1356 3442 1565 3498 videbis
1589 3451 1879 3496 mortuam.
1933 3460 1953 3495 ι
1986 3440 2149 3496 Pater

580 3539 761 3607 itaque
783 3536 838 3591 in
865 3549 1059 3606 magna
1095 3535 1261 3589 animi
1310 3534 1560 3603 angustia
1602 3532 1949 3597 constitutus,
1980 3534 2150 3587 abun-

575 3626 925 3698 dantiorique
954 3625 1173 3682 tristitia
1207 3625 1500 3697 absorptus
1526 3666 1543 3691 ,
1580 3626 1993 3694 amicorumque
2016 3638 2151 3679 con-

578 3720 717 3775 siliis
760 3718 1153 3791 acquiesceus;
1194 3718 1543 3775 monentibus
1592 3717 1703 3772 illis
1732 3732 1796 3773 ac
1825 3716 2149 3781 dicentibus,

578 3821 840 3882 pmstare
869 3812 979 3868 voti
1008 3822 1311 3882 compotem
1342 3809 1481 3877 fieri,
1504 3826 1666 3881 quam
1698 3819 1758 3865 ut
1781 3810 1884 3866 sibi
1908 3810 2019 3879 ipsa
2047 3809 2152 3863 vim

580 3904 851 3971 inferret;
887 3904 1168 3961 consensit
1193 3902 1474 3973 indulgere
1506 3907 1676 3970 magis
1709 3902 1978 3957 desiderio
2010 3901 2153 3965 filim,

579 4011 742 4066 quam
767 4005 826 4051 ut
873 4011 935 4051 se
980 3994 1136 4051 malae
1164 3994 1521 4064 exitiosaaque
1576 3992 1694 4047 neci
1734 3994 1990 4046 traderet.
2041 3990 2152 4044 Ad-

583 4091 747 4145 ducto
778 4089 965 4159 itaque
994 4085 1227 4158 quaesito
1271 4085 1633 4150 adolescente,
1661 4084 1877 4153 liliaque
1897 4098 1959 4137 ac
1987 4081 2155 4137 facul-

586 4179 789 4236 tatibus
838 4178 1091 4236 omnibus
1128 4194 1251 4235 eum
1306 4177 1615 4249 impertitus
1648 4215 1664 4241 ,
1708 4176 1846 4230 dixit
1882 4191 1897 4228 :
1937 4192 1957 4225 s
1993 4172 2153 4228 Salva

584 4273 683 4337 sis,
730 4272 859 4337 filia,
893 4286 1023 4327 vere
1070 4272 1308 4337 misera;
1350 4270 1576 4324 multum
1628 4268 1968 4339 postmodum
2030 4279 2151 4336 pm-

586 4366 766 4423 nitens
800 4365 1193 4436 lacrymaberis
1218 4406 1233 4433 ,
1269 4380 1390 4421 cum
1434 4362 1571 4418 nihil
1614 4362 1932 4432 paenitendo
1993 4360 2156 4429 proﬂ-

586 4473 721 4515 (2188.
766 4477 786 4512 ι

2232 590 2546 663 perditionis
2611 590 2922 646 barathrum
2956 587 3205 646 descendi
3230 587 3255 640 3
3284 598 3343 645 ut
3373 589 3504 661 quid
3551 599 3673 642 sum
3706 602 3805 639 na-

2234 695 2283 737 ta
2314 682 2338 736 ?
2376 694 2584 737 autcur
2612 692 2759 744 nata,
2789 695 2897 737 non
2931 682 3115 735 statim
3143 678 3365 749 abrepta
3394 697 3516 737 sum
3541 679 3567 735 τ
3600 696 3620 730 ι
3664 676 3802 733 Cum

2230 789 2359 844 ergo
2403 776 2486 829 vir
2512 774 2627 844 eius
2648 814 2663 839 ,
2690 788 2881 829 errore
2921 773 3203 842 deceptus,
3250 772 3331 828 sic
3360 774 3651 840 eiulantem
3703 786 3805 824 no-

2232 868 2419 933 visset,
2488 867 2635 921 venit
2659 868 2725 918 ad
2764 881 2905 931 eam,
2936 879 3260 921 asseverans
3296 880 3401 920 non
3434 866 3509 921 ita
3543 862 3803 922 esse.llia

2234 973 2339 1013 non
2370 958 2501 1012 nihil
2544 954 2810 1025 refrigerii
2843 971 2909 1011 ex
2964 955 3148 1011 verbis
3198 956 3315 1026 eius
3373 954 3665 1014 dclusoriis
3709 969 3805 1011 ca-

2232 1052 2404 1122 piens,
2430 1051 2507 1104 ait
2530 1050 2596 1102 ad
2633 1049 2778 1103 illum
2813 1066 2827 1104 :
2862 1066 2880 1099 ι
2913 1050 2969 1103 Si
3002 1062 3087 1103 me
3121 1056 3181 1102 et
3230 1046 3593 1103 miserabilem
3623 1061 3804 1105 meam

2235 1143 2467 1201 animam
2502 1141 2586 1195 vis
2641 1139 2930 1197 certiorem
2994 1140 3259 1206 reddere,
3317 1154 3479 1205 cras,
3537 1143 3808 1198 ambobus

2238 1234 2355 1303 pari
2389 1245 2657 1287 consensu
2681 1232 2732 1285 in
2754 1230 3043 1285 ecclesiam
3076 1229 3361 1301 profectis,
3398 1242 3669 1300 prasente
3720 1249 3810 1287 me

2238 1327 2556 1381 intemerata
2587 1332 2929 1380 sacramenta
2954 1339 3161 1386 sumas,
3178 1323 3363 1392 sicque
3388 1322 3594 1391 poteris
3623 1322 3811 1379 facere

2236 1430 2441 1477 certam
2475 1418 2633 1475 fidem
2680 1425 2737 1471 et
2790 1416 3131 1472 satisfacere.
3176 1437 3194 1469 ι
3233 1416 3389 1472 Tunc
3439 1416 3529 1470 ille
3582 1431 3814 1473 coactus

2237 1516 2373 1573 dixit
2392 1514 2539 1584 quod
2567 1516 2644 1571 rei
2679 1522 2842 1583 caput
2867 1522 3004 1567 erat.

2308 1607 2564 1661 Protinus
2588 1619 2738 1675 ergo,
2774 1603 3024 1658 muliebri
3060 1600 3380 1656 infirmitate
3412 1601 3654 1672 deposita
3710 1603 3816 1656 bo—

2239 1713 2415 1767 noque
2468 1697 2694 1753 consilio
2746 1695 2903 1757 inito,
2963 1694 3135 1750 currit
3174 1693 3265 1747 illa
3324 1693 3392 1746 ad
3438 1702 3715 1762 pastorem
3758 1704 3816 1747 et

2240 1789 2562 1858 discipulum
2589 1788 2793 1843 Christi
2819 1787 3076 1841 Basilium
3104 1827 3120 1846 .
3148 1787 3389 1842 clamore
3418 1786 3683 1841 adversus
3710 1786 3814 1838 im-

2240 1883 2495 1953 pietatem
2526 1881 2737 1937 sublato
2791 1899 2805 1934 :
2844 1898 2864 1931 s
2904 1880 3159 1936 Miserere
3195 1881 3300 1935 mei
3354 1880 3588 1945 misera,
3622 1889 3815 1935 sancte

2242 1974 2367 2038 Dei;
2417 1975 2682 2030 miserere
2716 1974 2859 2038 mei,
2900 1972 3103 2027 Christi
3151 1973 3421 2043 discipule
3450 2012 3466 2037 ,
3520 1988 3640 2044 qua:
3689 1988 3813 2029 cum

2241 2064 2581 2121 daemonibus
2634 2074 2978 2123 contractum
3031 2062 3177 2117 feci:
3212 2064 3471 2118 miserere
3524 2065 3654 2125 mei,
3692 2079 3815 2131 qua:

2240 2160 2380 2225 patri
2412 2173 2531 2215 meo
2558 2159 2869 2216 inobediens
2914 2157 3011 2213 fni.
3050 2176 3069 2209 ι
3098 2157 3333 2211 Sanctus
3369 2171 3498 2211 vero
3529 2158 3596 2210 ad
3629 2155 3813 2209 illam:

2246 2266 2266 2301 ε
2303 2248 2442 2317 Quid
2495 2252 2591 2307 tibi
2648 2251 2868 2317 accidit,
2904 2250 3137 2305 mulier?
3176 2268 3195 2302 ι
3229 2249 3299 2304 At
3332 2247 3418 2303 illa
3476 2249 3637 2303 docet
3683 2247 3817 2317 quid

2245 2357 2333 2397 res
2369 2343 2585 2398 habeat.
2639 2342 2807 2398 Porro
2856 2343 2948 2397 Dei
2994 2352 3234 2405 sanctus,
3292 2340 3563 2397 accersito
3620 2354 3814 2409 puero,

2242 2434 2518 2501 quaerebat
2548 2434 2616 2487 ab
2639 2435 2731 2489 illo
2760 2451 2886 2488 num
2944 2435 3017 2488 ita
3042 2443 3208 2488 esset.
3243 2432 3545 2504 llcspondit
3576 2434 3665 2489 ille
3687 2450 3815 2490 cum

2243 2524 2531 2596 lacrymis:
2568 2544 2587 2576 ι
2624 2525 2799 2580 Etiam
2828 2565 2844 2587 ,
2895 2536 3084 2581 sancte
3124 2526 3216 2581 Dei
3248 2542 3264 2581 :
3302 2542 3424 2581 nam
3455 2526 3557 2583 etsi
3596 2543 3697 2600 ego
3722 2537 3813 2582 ta-

2246 2631 2437 2684 cuero,
2461 2630 2625 2688 opera
2664 2630 2784 2673 mea
2822 2618 3173 2685 clamabunt;
3208 2638 3226 2671 ι
3265 2630 3594 2689 enarratque
3620 2630 3676 2673 et
3698 2619 3821 2687 ipse

2247 2711 2315 2764 ab
2346 2710 2505 2765 initio
2530 2711 2596 2764 ad
2630 2708 2793 2765 finem
2847 2726 3019 2779 usque
3077 2720 3386 2777 provectam
3439 2711 3638 2765 diaboli
3670 2710 3822 2763 frau-

2251 2802 2399 2857 dem.
2432 2802 2583 2857 Tunc
2613 2805 2690 2855 ait
2720 2803 2766 2856 ei
2804 2813 3026 2857 sanctus
3055 2820 3069 2855 :
3112 2821 3130 2852 ι
3166 2801 3258 2855 Vis
3282 2806 3348 2856 ad
3375 2802 3542 2857 Deum
3570 2811 3822 2857 nostrum

2246 2894 2534 2947 converti?
2570 2914 2587 2945 ι
2626 2894 2727 2959 Qui
2758 2894 2878 2947 ait:
2921 2912 2939 2944 ε
2979 2893 3153 2947 Etiam
3200 2895 3321 2949 volo
3348 2937 3363 2960 ,
3404 2896 3498 2950 sed
3528 2909 3634 2949 non
3680 2910 3815 2965 pos-

2247 2999 2386 3039 sum.
2428 3002 2447 3036 »
2491 2984 2634 3039 Dicit
2660 2985 2710 3040 ei
2738 2992 2960 3041 sanctus
2998 3004 3011 3040 :
3051 3005 3070 3038 ι
3115 2985 3259 3054 Quid
3300 2987 3415 3042 ita?
3443 3005 3462 3038 a
3502 2985 3809 3057 Respondit

2248 3077 2566 3135 adolescens
2599 3079 2789 3134 dicens
2820 3099 2832 3135 :
2864 3098 2883 3132 ι
2923 3077 3144 3150 Scripto
3171 3081 3549 3135 abrenuntiavi
3569 3080 3821 3146 Christo,

2174 3207 2218 3266 ο
2249 3170 2530 3266 etuftedus
2579 3170 2754 3242 pepigi
2808 3187 2931 3227 cum
2981 3172 3216 3226 diabolo.
3254 3190 3272 3223 ι
3308 3173 3445 3227 Dicit
3470 3176 3520 3228 ei
3544 3184 3770 3229 sanctus
3805 3190 3819 3227 :

2255 3278 2277 3312 α
2315 3260 2393 3316 Ne
2420 3263 2514 3315 tibi
2545 3263 2786 3316 sitcum:
2821 3280 2834 3314 :
2870 3263 3040 3314 bonus
3066 3271 3150 3315 est
3187 3261 3326 3315 Deus
3354 3268 3409 3315 et
3435 3261 3820 3332 paenitentiam

2248 3361 2494 3419 agentem
2563 3360 2911 3420 suscepturus
2938 3362 3022 3406 est
3052 3368 3067 3405 :
3093 3350 3205 3422 agit
3240 3351 3383 3406 enim
3437 3353 3824 3423 pmuiteutiam

2249 3456 2414 3513 super
2462 3440 2683 3495 malitiis
2716 3442 2940 3497 nostris.
2975 3460 2994 3494 ι
3026 3440 3194 3496 Porro
3229 3442 3404 3512 puella
3464 3444 3533 3498 ad
3588 3444 3707 3513 ejus
3763 3458 3827 3499 se

2250 3536 2412 3606 pedes
2461 3532 2794 3605 proiiciens,
2846 3533 3170 3590 obsecrabat
3202 3534 3381 3591 verbis
3436 3536 3764 3607 evangelicis
3806 3553 3824 3591 :

2255 3647 2274 3679 s
2300 3626 2511 3681 Domini
2543 3636 2596 3681 et
2621 3625 2713 3681 Dei
2755 3627 2927 3682 nostri
2954 3626 3240 3698 discipule,
3266 3628 3309 3683 si
3345 3628 3475 3699 quid
3512 3639 3693 3698 potes,
3722 3630 3825 3683 ad-

2246 3717 2373 3788 iuva
2407 3734 2526 3775 nos.
2559 3737 2579 3770 ι
2617 3717 2761 3774 Dicit
2784 3730 3009 3775 sanctus
3039 3722 3105 3775 ad
3130 3735 3354 3792 puerum
3384 3739 3399 3775 :
3431 3739 3451 3774 ι
3490 3721 3684 3778 Credis
3706 3722 3789 3778 sal
3810 3754 3825 3762 -

2257 3824 2354 3865 vus
2383 3809 2537 3865 fieri?
2561 3828 2581 3863 ι
2608 3812 2699 3865 Ait
2722 3809 2812 3867 ille
2855 3829 2868 3866 :
2895 3836 2914 3867 ι
2936 3808 3125 3879 Credo,
3148 3811 3405 3879 Domine;
3435 3816 3630 3879 adiuva
3657 3816 3830 3869 incre-

2252 3901 2535 3955 dulitatem
2559 3918 2729 3956 meum
2763 3904 2861 3971 (α).
2895 3921 2915 3955 a
2952 3904 3015 3958 Et
3042 3903 3324 3958 confestim
3352 3906 3691 3974 apprehensa
3709 3907 3829 3973 eius

2254 4008 2437 4058 manu,
2470 4004 2526 4047 et
2574 3995 2719 4049 facto
2741 4009 2904 4063 super
2938 3996 3085 4048 illum
3112 3996 3310 4052 Christi
3350 3999 3651 4069 signaculo,
3680 3999 3832 4054 fusa-

2252 4096 2357 4151 que
2412 4083 2662 4138 oratione
2690 4123 2706 4147 ,
2746 4084 2970 4139 reclusit
3030 4087 3263 4155 quodam
3306 4086 3444 4153 loco,
3481 4088 3625 4143 intra
3666 4103 3827 4144 sacra

2254 4184 2405 4245 septa
2437 4192 2451 4228 :
2478 4174 2714 4245 dataque
2744 4178 2925 4247 regula
2954 4218 2970 4243 ,
3004 4193 3127 4232 cum
3165 4187 3275 4233 tres
3304 4179 3424 4234 dies
3445 4194 3549 4234 una
3580 4180 3832 4237 laboras-

2254 4273 2335 4317 set
2360 4272 2414 4318 et
2440 4278 2498 4319 se
2521 4262 2823 4331 amisisset,
2845 4283 2969 4322 eum
3003 4268 3224 4335 invisit,
3256 4270 3437 4339 aitque
3463 4269 3537 4325 illi
3564 4288 3577 4323 :
3620 4289 3639 4322 ε
3678 4270 3827 4338 Quo-

2255 4356 2413 4411 modo
2438 4358 2620 4421 habes,
2651 4359 2769 4413 fili?
2808 4378 2827 4411 ι
2856 4362 2925 4413 At
2957 4360 3047 4415 ille
3069 4360 3145 4414 ait
3178 4378 3192 4413 :
3228 4380 3246 4413 ι
3290 4358 3349 4417 ln
3401 4377 3597 4433 magna
3653 4378 3775 4418 sum
3805 4402 3822 4427 ,

2256 4449 2473 4503 domine
2501 4458 2557 4503 et
2599 4464 2757 4506 serve
2800 4451 2920 4515 Dei,
2973 4452 3301 4508 necessitate
3334 4470 3346 4506 :
3376 4468 3481 4508 non
3515 4454 3659 4509 enim
3710 4454 3828 4509 fero

657 4548 829 4605 Porro
878 4544 1116 4605 nefando
1169 4544 1422 4617 coniugio
1459 4544 1743 4601 celebrato
1768 4584 1783 4609 ,
1828 4544 2154 4613 impletaque
2186 4544 2232 4600 Ι)
2259 4539 2527 4595 clamores
2546 4553 2755 4605 eorum,
2785 4551 2839 4595 et
2871 4550 3109 4598 terrores
3159 4542 3476 4613 iaculaque.
3520 4553 3574 4600 et
3629 4544 3830 4602 missos

587 4640 855 4698 diabolica
879 4640 1085 4705 fabula,
1110 4653 1210 4697 nec
1241 4638 1408 4693 multo
1441 4636 1591 4708 lapso
1636 4644 1915 4705 tempore,
1964 4636 2154 4690 obser-

588 4734 845 4788 vantibus
877 4732 1203 4803 quibusdam
1231 4731 1626 4802 deprehensum
1659 4737 1767 4793 est,
1794 4728 1938 4797 quod
1972 4726 2158 4783 adole—

592 4838 751 4880 scens
793 4838 902 4877 non
942 4822 1320 4893 ingrederetur
1351 4821 1678 4886 ecclesiam,
1726 4833 1903 4889 neque
1931 4821 2156 4873 immor-

594 4916 719 4972 talia
744 4913 1065 4985 vivificaque
1092 4923 1436 4970 sacramenta
1472 4914 1765 4985 attingeret
1802 4930 1814 4965 :
1844 4912 2155 4982 dictumque

589 5017 677 5063 est
699 5006 1020 5063 miserande
1053 5007 1211 5061 uxori
1236 5005 1358 5075 eius
1388 5023 1404 5061 :
1441 5024 1461 5058 α
1502 5005 1729 5061 Noveris
1757 5004 1881 5075 quia
1932 5005 2157 5059 maritus

592 5110 717 5154 tuus
741 5137 762 5165 ,
794 5112 957 5169 quem
994 5098 1204 5168 elegisti
1230 5136 1246 5161 ,
1305 5112 1412 5151 non
1441 5108 1523 5151 est
1550 5097 1915 5163 Christianus,
1946 5098 2038 5152 sed
2063 5111 2161 5151 ex-

593 5197 818 5243 traneus
838 5202 868 5241 a
896 5185 1001 5242 fide
1037 5196 1095 5243 et
1129 5187 1345 5257 penitus
1368 5186 1603 5242 alienus.
1646 5206 1665 5239 »
1697 5185 1789 5240 illa
1822 5186 1986 5255 igitur
2012 5194 2160 5241 tene-

596 5279 714 5335 bris
746 5288 802 5334 et
831 5278 1013 5335 dolore
1045 5278 1225 5350 plena,
1252 5279 1483 5350 iactavit
1539 5293 1599 5333 se
1646 5278 1700 5333 in
1756 5279 2117 5347 pavimentum
2144 5298 2160 5346 ;

594 5369 875 5440 carpitque
908 5370 1147 5440 seipsam
1174 5370 1444 5440 unguibus
1472 5369 1700 5435 laniare,
1734 5380 1788 5423 et
1819 5373 2048 5424 tundere
2072 5385 2162 5439 pe-

596 5472 718 5515 ctus
743 5505 758 5528 ,
790 5470 954 5532 atque
988 5460 1226 5517 clamare
1264 5480 1279 5517 :
1326 5482 1344 5515 ι
1392 5461 1563 5517 Nemo
1614 5477 1849 5532 unquam
1879 5503 1894 5529 ,
1928 5462 2017 5533 qui
2068 5478 2164 5532 pa-

599 5552 841 5607 rentibus
896 5554 1207 5611 inobediens
1238 5554 1358 5619 fuit,
1414 5554 1596 5609 salvus
1630 5554 1809 5609 factus
1858 5564 1963 5610 est.
2020 5554 2161 5621 Quid

596 5643 977 5712 exspectabam
1029 5646 1273 5701 misera?
1315 5646 1447 5713 Quis
1476 5647 1615 5717 patri
1652 5660 1773 5701 meo
1814 5645 2162 5701 annuntiabit

670 5829 754 5900 (ai
784 5829 949 5885 Marc.
981 5847 1056 5897 ts,
1078 5832 1170 5886 23.

2262 4629 2471 4698 lapides
2509 4646 2524 4683 :
2568 4642 2813 4685 tenentes
2840 4631 2985 4685 enim
3015 4647 3174 4687 manu
3202 4637 3417 4705 propria
3438 4635 3637 4690 editam
3664 4638 3829 4692 sche-

2260 4722 2383 4774 dam
2416 4761 2433 4787 ,
2482 4736 2694 4776 mecum
2742 4724 3327 4793 pugnant,diceutes:
3373 4726 3453 4780 Tu
3511 4728 3712 4783 venisti
3760 4732 3828 4785 ad

2259 4826 2393 4877 nos;
2426 4828 2529 4866 non
2555 4828 2649 4867 nos
2676 4814 2741 4867 ad
2776 4824 2848 4869 te.
2888 4834 2909 4868 ι
2935 4817 3025 4871 Ait
3046 4817 3120 4871 illi
3142 4827 3401 4875 sanctus:
3442 4836 3462 4870 r
3499 4817 3578 4875 Ne
3610 4819 3828 4889 timeas,

2261 4904 2337 4959 fili
2368 4923 2382 4959 :
2415 4914 2622 4959 tantum
2654 4907 2849 4970 crede;
2874 4918 2930 4962 et
2955 4909 3075 4963 data
3096 4912 3145 4965 ei
3168 4924 3291 4964 esca
3314 4910 3552 4976 modica,
3582 4912 3833 4985 factoque

2264 5012 2482 5053 rursum
2531 5013 2696 5067 super
2737 5015 2861 5055 eum
2890 4999 3093 5057 Christi
3145 5004 3423 5073 signaculo
3451 5014 3507 5061 et
3554 5006 3832 5072 oratione,

2267 5089 2488 5144 inclusit
2521 5092 2722 5147 denuo.
2764 5111 2783 5143 ›
2815 5092 2944 5148 Post
2983 5110 3185 5163 paucos
3242 5110 3372 5152 vero
3420 5098 3536 5153 dies
3592 5100 3837 5156 visitavit

2268 5191 2322 5235 et
2336 5182 2472 5235 dixit
2493 5198 2508 5235 :
2530 5200 2549 5233 ι
2572 5182 2851 5248 Quomodo
2872 5186 3055 5249 habes,
3086 5186 3221 5241 fili?»
3248 5190 3367 5243 Ait:
3394 5208 3412 5241 ι
3437 5190 3597 5245 Pater
3623 5202 3834 5261 sancte,

2266 5287 2296 5326 a
2324 5272 2483 5342 longe
2511 5273 2782 5331 clamores
2814 5277 3024 5331 illorum
3050 5288 3104 5334 ct
3135 5282 3309 5337 minas
3331 5284 3491 5337 audio
3522 5302 3535 5339 :
3570 5298 3697 5340 nam
3727 5300 3836 5342 non

2268 5364 2424 5419 video
2448 5380 2561 5422 eos.
2596 5388 2615 5421 ι
2654 5368 2722 5422 Ει
2756 5384 2965 5437 rursus,
3002 5371 3131 5426 dato
3162 5373 3211 5427 ei
3244 5374 3366 5428 cibo
3394 5384 3449 5428 et
3494 5374 3628 5430 fusis
3657 5378 3838 5445 preci-

2270 5460 2409 5522 bus,
2448 5458 2642 5515 clausit
2700 5463 2899 5516 ostium
2926 5503 2943 5528 ,
2989 5472 3042 5519 et
3080 5464 3348 5519 discessit.
3407 5465 3840 5537 Quadragesimo

2270 5550 2483 5604 demum
2514 5551 2598 5605 die
2622 5565 2743 5607 eum
2775 5554 2988 5621 adiens,
3018 5556 3093 5610 ait
3119 5555 3195 5610 illi
3231 5574 3245 5609 :
3276 5574 3297 5607 ι
3340 5556 3621 5623 Quomodo
3645 5559 3836 5627 babes,

2270 5640 2479 5698 frater?
2524 5662 2543 5695 ι
2577 5643 2876 5715 Respondit
2910 5648 2998 5705 ille
3032 5664 3043 5699 :
3084 5666 3103 5702 ι
3129 5647 3292 5717 Bene,
3331 5661 3522 5708 sancte
3552 5650 3649 5709 Dei
3686 5670 3700 5707 :
3729 5653 3839 5712 vidi
