4046 6454
621 401 991 460 ΕΧΟΕΒΡΪᾹ
1028 402 1119 457 EX
1159 399 1363 456 ACTIS
1404 399 1462 453 S.
1506 397 1746 453 BASILII
1788 391 2317 449 BOLLANDIANIS.
2374 421 2443 429 —
2473 388 2631 442 VITA
2672 392 3109 446 APOCBYPIIA.

3338 410 3493 451 εεειι

241 520 383 579 enim
436 532 491 580 te
534 524 697 580 hodie
747 523 798 573 in
854 522 1060 576 somnis
1112 532 1439 591 pugnantem
1472 533 1569 586 pro
1601 535 1714 584 me,
1761 528 1814 569 ιιι
1847 523 1885 574 Α
1920 528 2039 567 nem
2095 522 2409 566 sanctorum
2465 508 2665 564 Christi
2702 509 2963 566 donorum
3017 506 3261 561 indulsit.
3324 504 3491 562 Facto

242 614 545 670 vincentem
604 612 895 668 diabolum.
938 632 955 664 ι
1004 613 1118 665 Mox
1180 626 1347 680 ergo,
1387 610 1525 662 facta
1561 610 1808 662 demere

240 713 490 765 oratione
509 747 525 773 ,
553 707 739 764 eduxit
769 708 944 772 illum,
966 718 1020 761 et
1050 708 1203 760 duxit
1224 710 1275 763 in
1290 706 1599 762 cubiculum
1627 722 1809 761 suum.

241 802 397 855 Mane
421 809 598 853 autem
630 798 794 864 facto,
824 802 912 854 ubi
949 811 1303 856 convocasset
1327 810 1438 852 tum
1478 808 1723 851 sanctum
1760 810 1814 854 et

243 888 605 946 venerabilem
637 893 862 953 clerum,
890 900 999 941 tum
1028 892 1353 946 monasteria
1390 887 1810 959 "universumque

240 982 447 1037 Christi
478 995 750 1039 amantem
800 985 1053 1052 populum
1081 1024 1096 1049 ,
1126 983 1263 1037 dixit
1303 982 1448 1034 illis:
1487 998 1507 1031 ι
1542 979 1660 1035 Filii
1707 984 1808 1036 mei

239 1076 447 1143 dilecti,
486 1091 710 1148 agamus
739 1089 930 1128 omnes
958 1075 1163 1146 gratias
1193 1072 1419 1129 Domino
1447 1088 1461 1125 τ
1490 1085 1617 1128 ecce
1661 1076 1805 1127 enim

239 1183 397 1222 ovem
422 1169 684 1238 perditam
718 1163 908 1220 Pastor
957 1167 1156 1232 bonus,
1203 1166 1507 1232 impositam
1570 1165 1815 1218 humeris

244 1263 569 1315 reducturus
592 1267 676 1312 est
700 1257 767 1311 ad
798 1256 1121 1313 Ecclesiam.
1152 1256 1218 1310 Et
1242 1270 1340 1309 nos
1363 1265 1575 1325 oportet
1633 1257 1809 1323 pervi-

242 1359 405 1423 gilem
436 1358 635 1409 ducere
662 1346 895 1421 noctem,
935 1364 983 1408 et
1033 1351 1310 1423 deprecari
1339 1352 1457 1419 ejus
1489 1352 1813 1419 bonitatem,

243 1458 300 1519 nt
361 1460 428 1500 ne
495 1444 671 1499 vincat
734 1445 826 1499 ille
900 1444 1201 1498 animarum
1269 1453 1577 1513 corruptor.
1625 1461 1644 1493 ο
1707 1442 1818 1496 Iloc

242 1546 422 1589 autent
472 1533 635 1601 facto,
691 1545 1041 1605 prompteque
1088 1542 1142 1588 et
1196 1533 1446 1590 alacriter
1493 1541 1819 1604 congregato

243 1625 474 1695 populo,
530 1637 696 1682 totam
752 1636 997 1687 noctem,
1061 1639 1164 1678 una
1210 1640 1330 1679 cum
1376 1626 1516 1679 bono
1560 1634 1774 1693 pastore
1802 1663 1816 1686 ,

246 1716 412 1772 Deum
455 1721 842 1787 deprecantur;
892 1715 1190 1771 clamantes
1232 1732 1330 1786 pro
1373 1732 1439 1770 eo
1488 1731 1609 1769 cum
1644 1715 1819 1784 Iacry-

244 1810 390 1864 mis:
441 1810 689 1870 Domine,
751 1806 1026 1861 miserere.
1076 1805 1252 1871 Atque
1320 1803 1553 1859 diluculo
1598 1803 1817 1857 collecta

1922 616 2049 656 vero
2076 601 2159 654 vir
2196 609 2418 654 sanctus
2449 612 2643 669 magno
2678 598 2947 662 convivio,
2984 596 3298 652 universum
3334 593 3495 651 Chri-

1919 698 1986 751 Sli
2012 704 2286 749 amantem
2330 692 2582 761 populum
2614 691 2854 749 oﬂiciose
2890 695 3076 747 habuit
3103 703 3158 746 et
3184 690 3339 744 fovit.
3383 688 3495 745 Du-

1918 798 2007 841 cto
2035 797 2219 843 autem
2246 784 2613 849 adolescente,
2661 795 2715 841 ct
2750 786 3037 845 instructo,
3074 802 3138 841 ac
3174 783 3223 838 υἱ
3252 797 3497 853 congrua

1922 880 2046 934 data
2098 877 2282 951 regula
2311 918 2325 942 ,
2361 876 2595 932 reddidit
2644 878 2801 932 uxori
2832 920 2847 943 ,
2886 877 3257 932 indesinenter
3287 872 3495 945 gloriﬁ-

1922 984 2134 1027 cantem
2166 984 2219 1028 et
2244 970 2653 1026 benedicentem
2687 970 2878 1024 Deum.

1991 1062 2165 1117 Etiam
2198 1079 2328 1119 vero
2366 1062 2496 1117 mihi
2529 1062 2630 1115 hoc
2662 1062 2903 1113 narravit
2944 1057 3207 1128 praelatus
3236 1062 3488 1132 egregius

1920 1154 2005 1208 vir
2036 1155 2330 1211 llelladius.
2364 1156 2459 1211 Die
2490 1153 2726 1225 quadam
2755 1160 2979 1207 sanctus
3004 1152 3165 1208 Pater
3231 1164 3418 1206 uoster
3441 1160 3493 1206 et

1922 1262 2149 1317 magnus
2173 1244 2423 1311 Basilius,
2461 1249 2733 1301 illustrato
2770 1243 2967 1298 mentis
3000 1244 3179 1310 oculo,
3212 1242 3494 1314 profectus

1920 1337 1987 1393 de
2016 1336 2260 1401 civitate,
2302 1338 2505 1391 nemini
2537 1339 2724 1393 dicens
2746 1350 2855 1406 quo
2877 1345 3027 1390 esset
3052 1336 3229 1391 iturus
3264 1354 3277 1390 :
3312 1336 3494 1405 prior-

1920 1445 2025 1500 que
2056 1429 2169 1500 ipse
2204 1443 2478 1498 egressus.
2531 1439 2586 1482 et
2620 1445 2718 1485 nos
2746 1443 2938 1483 omnes
2988 1426 3321 1497 precedens.
3356 1427 3497 1483 dixit

1922 1523 2078 1578 nobis
2112 1540 2125 1576 :
2170 1538 2189 1572 ε
2234 1521 2353 1575 Filii
2386 1521 2513 1585 mei.
2534 1520 2825 1591 sequimini
2853 1536 2961 1587 me,
2990 1530 3049 1576 ut
3070 1534 3281 1574 mecum
3313 1520 3497 1576 videa-

1924 1617 1993 1669 tis
2044 1616 2137 1670 Dei
2168 1611 2395 1686 gloriam
2428 1637 2438 1668 ;
2468 1626 2649 1683 exque
2678 1613 2967 1682 discipulis
2992 1615 3330 1669 admirenmr
3384 1630 3500 1667 ma-

1928 1708 2172 1776 gistrnm.
2204 1726 2223 1759 ι
2254 1704 2373 1760 Mox
2405 1720 2532 1776 ergo
2566 1715 2624 1761 ut
2652 1705 2958 1761 communis
2997 1706 3158 1761 Pater
3190 1718 3376 1763 noster
3432 1709 3499 1760 de

1926 1810 2109 1852 nosua
2167 1800 2388 1855 civitate
2434 1798 2704 1865 prolleisci
2758 1796 2966 1867 cmpit,
3020 1800 3238 1868 agnovit
3296 1801 3498 1855 virtute

240 1921 365 1959 cum
421 1902 538 1971 ipso
597 1901 846 1955 universa
898 1900 1079 1970 populi
1137 1896 1480 1955 multitudine
1514 1941 1529 1963 ,
1592 1899 1813 1952 assumit
1854 1902 1892 1954 ῃ
1926 1892 2251 1945 sanctissimi
2292 1890 2550 1961 Spiritus,
2591 1890 2910 1945 Anastasius
2958 1891 3242 1961 presbyter
3262 1890 3409 1961 (51);
3446 1902 3500 1945 et

242 2010 368 2051 cum
438 2002 663 2048 sanctus
715 2007 728 2044 :
776 2001 1070 2062 teneasque
1113 1991 1434 2055 dexteram,
1486 2006 1608 2044 cum
1667 1989 1815 2058 psaL

246 2086 351 2141 mis
419 2094 475 2143 et
523 2086 737 2157 hymnis
798 2085 1026 2139 ducebat
1087 2083 1155 2138 ad
1211 2092 1455 2138 sanctam
1493 2082 1585 2136 Dei
1639 2081 1816 2136 eccle-

245 2178 405 2231 siam.

315 2272 457 2327 Ecce
481 2287 611 2326 vero
637 2271 902 2337 diabolus,
928 2268 1019 2339 qui
1073 2282 1287 2338 semper
1316 2267 1544 2330 invidet,
1582 2281 1680 2321 nec
1741 2267 1817 2319 vi-

242 2374 353 2419 tam
384 2375 623 2420 nostram
651 2381 679 2420 a
712 2364 928 2420 tristitia
969 2364 1194 2417 liberam
1223 2362 1478 2424 sustinet,
1520 2372 1644 2413 cum
1707 2366 1816 2412 tota

240 2457 471 2511 exitiosa
507 2457 704 2511 virtute
739 2471 834 2511 sua
867 2455 1055 2517 adest;
1088 2452 1653 2521 comprehensumque
1680 2448 1819 2502 iuvi-

242 2548 385 2602 sibili
417 2548 649 2617 quadam
676 2547 887 2601 ratione
908 2558 1133 2614 puerum
1160 2542 1331 2595 voluit
1352 2556 1542 2610 rapere
1568 2540 1633 2593 de
1658 2556 1817 2593 manu

242 2638 415 2693 sancti
449 2654 463 2692 :
490 2637 761 2708 coepitque
790 2650 924 2707 puer
957 2636 1229 2690 clamare:
1265 2652 1283 2683 ε
1318 2634 1487 2688 Serve
1522 2632 1639 2695 Dei,
1662 2633 1821 2699 adju-

244 2743 307 2780 va
340 2743 448 2781 me.
483 2746 502 2779 ι
528 2726 699 2782 Porro
738 2728 791 2781 in
829 2736 1034 2781 tantum
1068 2724 1335 2795 processit
1366 2724 1649 2794 impudens
1684 2723 1823 2777 reni-

246 2821 442 2882 tentia,
472 2830 531 2872 ut
559 2818 735 2890 ipsum
777 2819 1017 2874 divinum
1047 2817 1307 2872 Basilium
1355 2831 1459 2870 una
1516 2815 1822 2885 impelleret

241 2922 298 2967 et
335 2920 745 2982 contorqueret.
778 2910 1086 2968 Conversus
1120 2910 1303 2981 itaque
1329 2918 1552 2965 sanctus
1589 2908 1654 2962 ad
1705 2908 1820 2961 dia-

241 3002 425 3058 bolum
450 3041 465 3061 .
505 3002 614 3056 ait:
646 3018 667 3052 t
703 2998 1174 3069 lmpudeutissime
1223 3009 1279 3054 et
1320 3000 1624 3054 animarum
1684 3000 1817 3067 lues,

241 3104 398 3164 pater
430 3093 775 3148 tenebrarum
824 3100 879 3145 et
926 3092 1249 3160 perditionis
1277 3131 1292 3155 ,
1324 3106 1430 3145 non
1466 3091 1560 3146 tibi
1595 3091 1816 3154 sullicit,

241 3202 407 3257 quam
448 3185 544 3239 tibi
575 3184 689 3254 ipse
723 3182 930 3254 tibique
959 3181 1226 3252 subjectis
1273 3180 1639 3250 acquisivisti,
1695 3195 1817 3247 per-

1923 1981 2059 2034 dixit
2090 1995 2223 2045 sum,
2250 1983 2405 2039 uxori
2439 1982 2658 2054 quidem
2686 1983 2925 2048 nemine,
2952 1999 3049 2037 usu
3073 1994 3250 2038 autem
3276 1985 3453 2039 sorori
3483 2001 3497 2037 :

1929 2092 1947 2123 ι
1983 2073 2095 2141 Ego
2138 2073 2277 2127 vado
2310 2075 2375 2128 ad
2428 2073 2697 2130 culturam
2737 2074 2887 2144 agri,
2938 2074 3153 2128 domina
3202 2076 3273 2130 mi
3317 2090 3499 2142 sorOr,

1923 2164 2015 2217 sed
2053 2179 2213 2233 surge
2262 2173 2317 2218 et
2367 2181 2499 2221 orna
2538 2168 2755 2223 domum
2791 2176 2976 2231 tuam;
3017 2176 3069 2222 et
3110 2167 3254 2222 circa
3300 2183 3499 2225 nontam

1923 2268 2145 2322 accepto
2170 2257 2446 2313 tlmribulo
2482 2270 2538 2313 et
2565 2261 2761 2325 cereis,
2793 2274 3021 2315 oet-orre
3051 2260 3164 2315 sola
3203 2259 3261 2317 S.
3300 2259 3502 2316 Basilio

1925 2348 2337 2419 archiepiscvpo
2358 2370 2371 2404 :
2392 2350 2538 2403 venit
2563 2350 2729 2417 enim,
2747 2362 2800 2402 ut
2819 2352 2871 2404 itt
2891 2364 3129 2407 nostram
3147 2366 3500 2423 peccatorum

1923 2442 2140 2495 domum
2173 2443 2426 2497 divertat.
2460 2460 2479 2495 ι
2513 2441 2607 2497 Illa
2640 2452 2884 2497 tremens
2912 2460 3073 2513 super
3106 2447 3377 2502 sermonis
3406 2464 3501 2500 no-

1925 2536 2111 2598 vitate,
2148 2536 2275 2590 fecit
2300 2537 2443 2606 quod
2472 2535 2633 2592 docta
2693 2546 2830 2591 erat.
2864 2536 2991 2591 Erat
3025 2552 3185 2607 porro
3214 2538 3329 2593 btec
3348 2539 3503 2609 virgo

1924 2626 2151 2681 honeste
2173 2638 2389 2682 versata
2419 2647 2433 2682 :
2467 2644 2592 2683 nam
2624 2644 2746 2685 cum
2797 2645 2969 2686 annos
3001 2630 3362 2702 quadraginta
3406 2646 3504 2687 ex-

1922 2717 2124 2787 egisset
2174 2718 2227 2772 in
2264 2718 2358 2773 illo
2396 2720 2652 2789 conjugio
2682 2762 2694 2781 ,
2733 2723 3163 2791 rnystet-inmque
3198 2734 3502 2789 servasset,

1924 2812 1977 2865 in
2012 2811 2270 2881 opinione
2316 2813 2595 2867 heminam
2628 2814 2833 2869 sterilis
2861 2827 3001 2869 erat.
3031 2816 3165 2869 Cum
3201 2827 3384 2873 autem
3409 2818 3502 2871 de-

1922 2904 2032 2958 bita
2091 2904 2351 2959 modestia
2423 2904 2582 2961 nobis
2639 2907 2853 2961 obviam
2915 2910 3313 2977 processisset,
3374 2925 3502 2964 con-

1922 3011 2219 3066 gruamque
2254 2996 2629 3052 atlorationem
2688 3000 3057 3066 imperiis-set;
3100 3001 3334 3068 primum
3374 3001 3499 3070 qui-

1922 3090 2042 3141 dem
2079 3089 2421 3144 benedicitur
2454 3106 2481 3143 a
2533 3100 2727 3145 sancto
2771 3088 2933 3144 Patre
2978 3100 3197 3157 nostro,
3237 3100 3346 3147 tum
3374 3107 3502 3149 vero

1922 3179 1997 3231 ait
2036 3178 2143 3231 illi:
2184 3197 2203 3229 ι
2227 3178 2510 3245 Quomodo
2543 3180 2733 3243 habes,
2767 3180 2984 3235 domina
3015 3180 3333 3254 Theognia?
3358 3203 3376 3236 ι
3409 3183 3502 3239 Illa

240 3278 378 3333 ditio
409 3278 542 3331 tua?
570 3292 676 3333 non
702 3291 883 3332 cessas
916 3280 1083 3330 etiam
1139 3274 1233 3328 Dei
1283 3273 1539 3346 ﬁgmento
1592 3273 1819 3329 infestus
1848 3258 1889 3315 C
1931 3278 2156 3337 Stupcns
2184 3284 2249 3323 cx
2297 3270 2532 3326 nominis
2565 3271 2945 3342 appellatione,
2972 3275 3036 3326 ad
3069 3290 3194 3330 eutn
3222 3292 3237 3330 :
3279 3295 3297 3328 t
3336 3276 3501 3343 Bene,

240 3383 361 3423 esse
392 3368 417 3421 ἲ
452 3387 471 3420 s
512 3368 762 3422 Diabolus
800 3383 927 3422 vero
952 3367 1093 3420 dixit
1134 3367 1201 3419 ad
1224 3381 1348 3421 eum
1385 3380 1400 3419 :
1436 3384 1456 3415 ι
1494 3366 1622 3421 llihi
1681 3365 1818 3421 facis

243 3461 525 3527 injuriatn,
565 3456 727 3512 Basili
760 3477 773 3512 :
808 3476 827 3509 ι
868 3461 938 3511 ita
994 3459 1172 3530 plane,
1233 3466 1289 3511 ut
1317 3458 1469 3511 multi
1507 3472 1665 3511 voces
1703 3458 1819 3527 ejus

240 3553 510 3607 audirent.
565 3552 635 3606 At
686 3562 906 3605 sanctus
950 3550 1041 3605 Dei
1083 3551 1149 3605 ad
1200 3550 1373 3619 ipsqu
1426 3565 1439 3601 :
1503 3566 1522 3600 ς
1574 3550 1818 3619 Increpat

240 3657 293 3700 te
328 3646 609 3709 Dominus,
658 3644 887 3699 diabole.
925 3662 945 3695 ι
977 3642 1072 3697 llle
1115 3656 1245 3696 vero
1302 3642 1369 3696 ad
1397 3656 1520 3697 eum
1554 3659 1568 3694 :
1600 3660 1619 3693 σ
1684 3641 1812 3696 Mihi

238 3736 377 3791 facis
408 3736 687 3807 injuriam,
722 3734 884 3789 Basili
918 3752 931 3788 :
958 3749 1063 3789 non
1094 3749 1196 3805 ego
1230 3734 1296 3786 ad
1330 3734 1503 3801 ipsum
1530 3733 1639 3789 abii
1668 3773 1683 3798 ,
1716 3734 1814 3787 sed

238 3828 357 3895 ipse
389 3828 457 3880 ad
484 3841 586 3881 me.
637 3826 1045 3880 Abrenuntiavit
1088 3826 1309 3881 Christo
1338 3841 1458 3889 suo,
1493 3840 1812 3893 mecumque

237 3918 363 3973 iniit
401 3916 575 3973 [tedus
599 3932 614 3981 ;
641 3926 695 3970 et
726 3930 853 3969 ecce
898 3915 1015 3983 ejus
1057 3916 1384 3984 scripturam
1421 3931 1530 3985 pra:
1561 3915 1811 3969 manibus

238 4012 438 4079 habeo,
468 4009 745 4066 delaturos
772 4009 824 4062 itt
854 4008 939 4063 die
960 4008 1150 4079 judicii
1182 4023 1368 4064 coram
1413 4010 1689 4063 conuuuni
1718 4008 1808 4078 ju-

234 4105 380 4160 dice.
418 4122 439 4157 ο
483 4105 722 4159 Sanctus
746 4112 926 4157 autem
953 4100 1164 4157 Domini
1200 4101 1338 4157 dixit
1374 4118 1388 4157 :
1424 4120 1444 4154 ι
1480 4100 1809 4159 Benedictus

236 4198 501 4251 Dominus
528 4196 669 4251 Deus
692 4212 844 4251 meus
878 4214 892 4251 :
918 4211 1021 4251 non
1047 4196 1274 4265 deponet
1300 4196 1532 4265 populus
1554 4196 1654 4251 iste
1681 4212 1799 4250 Ina-

235 4304 341 4345 nus
366 4289 432 4343 de
454 4289 670 4344 excelso
693 4288 837 4349 creti,
869 4288 1040 4343 donec
1066 4288 1392 4358 scripturam
1435 4287 1647 4341 reddas.
1686 4306 1704 4339 ι
1736 4287 1801 4341 Et

233 4392 535 4434 conversus
562 4377 697 4432 dixit
728 4376 868 4448 plebi
896 4392 910 4429 :
948 4395 968 4427 ι
999 4374 1195 4432 Tollite
1219 4392 1410 4431 omnes
1441 4387 1647 4432 vestras
1688 4394 1806 4431 ma-

232 4486 339 4528 nus
365 4472 419 4525 in
448 4470 746 4530 excelsum,
769 4468 1063 4523 clamantes
1084 4484 1204 4523 cum
1225 4468 1511 4539 lacrymis:
1544 4467 1793 4535 Domine,

234 4565 513 4619 miserere.
539 4581 558 4615 ι
583 4561 825 4633 Cumque
852 4560 1079 4633 populus
1106 4571 1274 4615 staret
1308 4565 1373 4615 ad
1410 4562 1625 4630 longum
1660 4572 1794 4616 tem-

232 4673 337 4727 pus
390 4657 630 4712 extensis
674 4655 922 4709 manibus
972 4656 1026 4708 in
1069 4655 1263 4708 emtum
1292 4694 1306 4715 ,
1356 4668 1484 4708 ecce
1531 4654 1789 4722 scriptum

231 4748 621 4812 adolescentis,
662 4747 713 4801 in
762 4760 889 4801 aere
922 4745 1284 4815 deportatum,
1325 4760 1486 4817 atque
1528 4744 1581 4799 iu
1614 4746 1798 4801 eximii

233 4839 470 4909 pastoris
497 4838 669 4894 nostri
726 4852 915 4891 manus
964 4836 1265 4905 depositum
1307 4836 1477 4891 venit.
1525 4836 1794 4908 Suscepto

233 4942 417 4986 autem
447 4930 556 4995 illo,
587 4931 786 4998 gratias
815 4944 978 5000 agens
1006 4930 1130 4992 Deo,
1165 4930 1655 4999 vehementiusque
1696 4944 1791 4999 ga-

232 5027 383 5079 visus
403 5038 524 5076 cum
558 5024 751 5092 populo
777 5023 1048 5089 universo,
1080 5022 1215 5075 dixit
1246 5021 1312 5077 ad
1343 5020 1743 5077 adolescentem
1776 5040 1787 5073 :

236 5137 255 5169 1
275 5115 588 5187 Cognoscis,
620 5114 807 5175 frater,
830 5114 1102 5169 libellum?
1129 5133 1147 5165 ο
1184 5114 1274 5169 Ille
1301 5128 1430 5169 vero
1460 5114 1740 5188 adjpsum
1773 5131 1785 5164 :

235 5227 256 5259 α
301 5207 501 5271 Etiam,
526 5217 710 5261 sancte
747 5205 837 5259 Dei
872 5222 887 5259 :
913 5220 1102 5259 manus
1130 5207 1361 5274 propria:
1388 5204 1615 5274 scriptio
1633 5215 1734 5260 est.
1765 5223 1785 5256 ι

230 5298 406 5353 Porro
433 5296 674 5365 disrupta
713 5295 977 5363 scriptura
1009 5296 1218 5348 induxit
1260 5294 1312 5350 in
1342 5293 1669 5358 ecclesiam,
1698 5295 1793 5347 ad-

230 5391 512 5458 missoque
539 5389 605 5441 ad
635 5400 848 5441 sacram
889 5386 1068 5440 missa:
1098 5386 1447 5452 sacrillcium,
1477 5388 1800 5455 perceptio-

302 5502 413 5574 (5l)
472 5501 720 5557 Historia:
764 5502 919 5569 hujus
972 5502 1321 5571 imposturam
1368 5519 1471 5554 non
1514 5502 1783 5555 immerito

229 5573 473 5641 patelleri
530 5583 782 5642 putamus
827 5589 891 5626 ex
927 5588 1013 5637 eo,
1042 5576 1183 5639 quod
1234 5574 1412 5624 omnia
1440 5612 1456 5637 ,
1485 5575 1637 5643 quasi
1687 5589 1784 5641 per

228 5648 349 5713 pios
373 5643 545 5707 dolos,
573 5653 631 5713 ut
662 5643 883 5697 OODIlCIS
910 5659 1024 5697 inus
1060 5653 1163 5707 est,
1194 5642 1460 5713 descripta
1485 5642 1628 5703 sint;
1661 5659 1779 5711 quin

228 5710 259 5765 ἐι
301 5716 568 5783 gravitate
606 5712 803 5783 Basilii,
848 5715 898 5767 in
928 5715 1157 5783 agendo,
1183 5722 1239 5767 et
1292 5710 1517 5783 llelladii
1552 5716 1602 5765 in
1638 5714 1774 5766 seri-

225 5781 409 5837 bendo
430 5784 740 5837 abhorrent.
778 5782 917 5850 Quin
943 5781 985 5849 ,“
1006 5783 1253 5837 ostendat
1284 5781 1641 5837 Combelisius
1674 5821 1690 5847 ,
1736 5787 1780 5836 si

228 5854 423 5923 possit,
459 5856 728 5923 quomodo
752 5856 1066 5909 Anastasius
1096 5855 1397 5923 presbyter,
1427 5864 1534 5905 tam
1564 5865 1783 5907 sanctus

227 5936 285 5980 et
333 5924 443 5981 Deo
502 5925 713 5993 plenus,
764 5926 933 5992 possit
989 5925 1237 5979 excusari
1297 5923 1609 5990 tttcnducio;
1660 5942 1781 5979 cum

548 6020 819 6082 Pareat.
864 6019 982 6082 Gn.
1021 6018 1262 6082 XXIX.

1925 3371 2110 3414 sancte
2142 3361 2257 3416 Dei.
2300 3380 2318 3413 ι
2360 3360 2501 3417 Dicit
2529 3362 2601 3419 illi
2626 3376 2849 3420 sanctus
2888 3366 3046 3422 Pater
3076 3377 3261 3424 uoster
3288 3386 3302 3400 υ
3341 3387 3363 3420 ι
3400 3368 3500 3426 Ubi

1924 3462 2010 3508 est
2051 3453 2300 3509 dominus
2348 3456 2674 3512 Athanasius
2710 3460 3013 3531 presbyter,
3060 3459 3229 3516 frater
3279 3461 3447 3517 tuus?
3476 3480 3498 3515 ι

1927 3544 2069 3602 Dicit
2123 3547 2196 3602 illi
2230 3566 2242 3603 :
2292 3568 2310 3600 ι
2347 3548 2744 3606 Maritnsmeus
2784 3561 2889 3617 est,
2932 3553 3167 3619 domine,
3205 3564 3260 3608 et
3303 3554 3399 3608 ivit
3432 3553 3504 3608 ad

1924 3640 2204 3693 colendam
2260 3652 2479 3696 terram.
2524 3661 2543 3693 ›
2600 3645 2669 3695 At
2723 3644 2815 3697 ille
2851 3662 2863 3697 :
2902 3662 2920 3693 t
2962 3641 3018 3696 In
3050 3644 3214 3698 domo
3268 3656 3358 3699 tua
3390 3658 3493 3707 est,

1924 3745 2098 3799 neque
2123 3731 2385 3802 tangeris.
2428 3750 2447 3783 ι
2482 3731 2743 3787 Perculsa
2782 3734 2949 3805 igitur
3004 3734 3200 3791 mulier
3246 3736 3297 3791 in
3333 3740 3499 3794 verbo

1931 3823 2068 3885 isto,
2102 3837 2204 3876 non
2236 3833 2440 3877 tantum
2470 3824 2614 3894 quod
2645 3840 2709 3878 ex
2749 3828 2965 3881 nomine
3006 3826 3369 3897 appellasset,
3402 3830 3497 3883 sed

1923 3912 2087 3966 etiam
2150 3914 2293 3983 quod
2358 3929 2578 3968 uxorem
2612 3914 2834 3985 quidem
2885 3918 3102 3972 nomine
3126 3958 3142 3983 ,
3179 3933 3277 3971 usu
3312 3924 3497 3971 autem

1922 4017 2185 4071 sororem,
2213 4004 2322 4059 Deo
2351 4004 2564 4060 alllatns
2588 4006 2750 4061 l'ater
2805 4018 2989 4061 noster
3030 4008 3302 4073 dixisset;
3335 4007 3501 4063 vehe-

1922 4097 2197 4164 mentique
2230 4098 2592 4151 admiratione
2626 4100 2894 4161 attonita,
2953 4113 3017 4153 ac
3073 4099 3268 4154 timore
3320 4107 3494 4166 tenta,

1920 4191 2115 4243 cecidit
2161 4191 2211 4243 in
2264 4202 2464 4244 terram
2561 4191 2801 4246 clamans
2855 4203 2909 4245 et
2948 4195 3131 4252 dicens
3170 4210 3182 4246 :
3222 4209 3241 4243 ι
3296 4191 3495 4250 Sancte

1922 4281 2037 4345 Dei,
2086 4294 2179 4335 ora
2234 4294 2333 4350 pro
2367 4296 2452 4336 me
2503 4285 2841 4351 peccatrice.
2880 4285 3003 4353 quia
3038 4300 3124 4339 res
3158 4301 3377 4356 magnas
3436 4300 3494 4341 ct

1920 4371 2268 4427 admirandas
2307 4373 2357 4425 in
2391 4384 2442 4427 te
2474 4383 2754 4429 contueor.
2781 4392 2800 4427 ι
2843 4372 2976 4429 Tum
3004 4375 3112 4442 ille,
3157 4374 3292 4430 fusis
3326 4392 3497 4447 super

1920 4465 2063 4517 illam
2120 4466 2394 4533 precibus,
2447 4469 2655 4536 primus
2708 4468 2836 4522 ibat.
2884 4468 3242 4523 Venientibus
3300 4480 3485 4524 autem

1920 4557 2076 4611 nobis
2109 4557 2163 4611 in
2198 4557 2415 4613 domum
2449 4561 2790 4631 presbyteri,
2822 4567 2989 4618 etiam
3022 4563 3139 4631 ipse
3165 4561 3377 4616 obviam
3405 4564 3491 4620 fa-

1917 4659 2071 4715 ctus;
2122 4650 2468 4706 honorabiles
2516 4654 2617 4707 viri
2674 4654 2838 4723 pedes
2870 4655 3216 4709 deosculatur
3258 4665 3358 4711 :at
3397 4658 3488 4713 ille

1915 4743 1965 4797 ei
1989 4742 2039 4796 in
2076 4741 2301 4798 Domino
2322 4744 2568 4799 osculum
2592 4745 2871 4800 dedit.Ait
2910 4762 3037 4802 vero
3063 4748 3133 4802 illi
3166 4751 3484 4822 presbyter:

1918 4856 1936 4888 ε
1967 4835 2115 4893 Unde
2142 4839 2242 4891 hoc
2270 4839 2425 4900 mihi,
2459 4848 2517 4891 ut
2550 4841 2759 4893 venerit
2786 4849 3006 4895 sanctus
3033 4842 3245 4897 Domini
3272 4845 3379 4898 mei
3421 4846 3491 4899 ad

1914 4930 2041 4985 me?
2080 4949 2099 4982 ι
2139 4928 2302 4983 Pater
2344 4941 2523 4985 autem
2566 4942 2753 4987 noster
2798 4935 2872 4985 ait
2915 4934 2986 4988 illi
3020 4953 3032 4989 :
3066 4952 3086 4988 t
3126 4935 3268 4991 Bene
3312 4946 3364 4991 te
3398 4936 3485 4991 in-

1912 5023 2054 5087 veni,
2085 5022 2288 5077 Christi
2330 5025 2632 5095 discipule:
2668 5040 2855 5081 eamus
2884 5066 2899 5091 ,
2928 5039 2980 5082 et
3013 5044 3125 5084 rem
3166 5043 3380 5083 sacram
3411 5029 3487 5084 la-

1910 5114 2137 5171 ciamus.
2177 5133 2197 5169 s
2254 5116 2385 5171 Erat
2410 5119 2555 5173 enim
2589 5119 2703 5189 ipse
2752 5123 3035 5190 presbyter
3066 5119 3310 5189 quotidie
3333 5118 3483 5190 jeju-

1911 5222 2071 5273 nans,
2123 5218 2180 5263 et
2208 5212 2595 5279 (praeterquam
2652 5209 2891 5265 Sabbato
2924 5221 2977 5265 et
3028 5210 3117 5266 die
3174 5209 3479 5280 Dominica)

1911 5300 2043 5353 nihil
2066 5302 2385 5372 contingens
2424 5304 2524 5359 nisi
2553 5319 2744 5373 panem
2782 5314 3079 5375 etaquam.

1978 5391 2220 5461 Cumque
2259 5396 2685 5464 perrexissemus
2732 5396 2784 5449 in
2844 5405 3094 5451 sanctam
3153 5393 3249 5451 Dei
3310 5393 3487 5450 eccle-

1906 5520 2068 5579 supra
2114 5516 2363 5579 narratur
2412 5508 2614 5563 dixisse
2660 5511 2817 5564 uxori
2870 5524 2981 5562 sine
3021 5526 3035 5561 :
3070 5507 3182 5579 Ego
3232 5508 3369 5562 vado
3404 5508 3484 5579 ad

1905 5577 2168 5629 culturam
2193 5578 2330 5647 agri,
2359 5586 2413 5633 ct
2444 5589 2624 5634 tamen
2660 5581 2835 5635 inscia
2883 5580 2969 5633 illa
2999 5577 3144 5634 domi
3181 5578 3483 5643 manserit;

1906 5648 1995 5699 ubi
2033 5648 2190 5714 paulo
2248 5647 2385 5702 infra
2456 5650 2654 5704 dicitur
2695 5651 2941 5703 inventus
3007 5667 3037 5703 a
3087 5647 3290 5704 Basilio
3355 5668 3368 5703 :
3426 5657 3485 5702 et

1908 5732 2027 5771 mox
2057 5717 2239 5787 jussus
2264 5722 2592 5775 Anastasius
2641 5721 2852 5788 aperire
2904 5720 3101 5775 ostium
3168 5718 3483 5782 conclavis.

1909 5789 1959 5841 in
1993 5804 2098 5857 quo
2138 5792 2453 5917 sﬁrvabatur
2505 5793 2667 5847 homo
2712 5794 2987 5848 ulcerosus
3010 5832 3025 5859 ,
3057 5791 3196 5846 dixit
3234 5806 3356 5847 esse
3384 5804 3480 5845 ne-

1909 5878 2138 5914 t't'ssul'tzt
2201 5879 2373 5917 omns.

1905 5878 2138 5914 (tasumst
2164 5878 2373 5918 UOIlttlS.

3202 6035 3227 6083 τ
