4046 6456
530 410 656 450 οεςι
1888 380 2128 436 PROLEt

1888 379 2423 439 PROLEGOMENA.

530 515 691 573 siam,
741 511 993 588 prmepit
1026 509 1342 579 presbytero
1400 508 1456 554 ut
1512 500 1729 552 missam
1777 497 2102 552 celebraret.
2138 500 2179 556 Α
2210 499 2485 554 civitatem
2544 514 2664 555 cum
2706 501 2904 570 gaudio
2936 544 2951 569 ,
2990 502 3270 561 laudantes
3310 522 3363 565 ει
3394 509 3781 569 δειιειίίςεηιρι

530 607 619 662 llle
654 617 831 663 autem
885 605 957 657 ait
990 603 1057 656 ad
1096 614 1219 654 eum
1254 617 1264 650 :
1311 614 1329 646 ‹
1384 594 1586 648 Sancte
1621 590 1759 654 Dei,
1802 598 1858 643 ut
1914 590 2103 650 doces,
2211 593 2394 646 Deum,

530 701 670 767 quod
702 700 877 752 minus
906 704 988 751 est
1048 710 1075 747 a
1130 687 1338 745 meliori
1401 683 1754 741 benedicitur.
1801 701 1819 733 ν
1878 681 2013 736 Dicit
2055 683 2103 735 ei
2278 682 2520 747 Fratres,
2553 686 2919 741 narrationem
2964 688 3088 744 volo
3116 690 3294 747 facere
3327 693 3443 766 (52)
3471 698 3536 751 de
3582 712 3783 765 magno

531 798 751 843 sanctus
798 786 961 841 Pater
1002 792 1195 838 noster
1226 797 1239 834 :
1276 796 1297 831 ι
1338 778 1416 833 Ad
1454 776 1689 845 reliquas
1746 784 1864 829 tuas
1914 788 2105 828 omnes
2207 786 2259 828 et
2280 774 2478 830 celebri
2526 776 2747 845 Basilio,
2794 786 2848 833 et
2872 777 3109 847 Ephrem
3135 781 3274 854 Syro
3305 783 3438 855 (53).
3472 786 3536 841 Ei
3565 802 3629 842 ea
3656 790 3781 854 qui-

528 884 795 943 virtutes,
830 879 1139 934 obedientia
1178 871 1419 929 accedat.
1470 890 1489 922 ι
1534 868 1891 924 Consentiens
1921 875 2103 921 autem
2207 868 2327 920 dem
2369 882 2488 937 qurc
2513 876 2762 935 spectant
2809 870 2876 925 ad
2906 867 3125 925 Patrem
3158 885 3426 939 nostrum,
3464 876 3579 944 ipse
3633 875 3777 937 vidi;

532 974 840 1044 presbyter,
880 971 1054 1026 asdtit
1086 970 1151 1022 ad
1210 978 1364 1021 sacra
1409 962 1720 1017 missarum.
1755 960 1926 1013 Porro
1959 965 2100 1013 tem-
2207 974 2328 1029 quze
2372 969 2550 1016 autem
2580 960 2931 1032 adisanctum
2985 972 3041 1019 et
3095 966 3353 1022 eximium
3419 965 3678 1036 Ephrem,
3715 985 3780 1021 es

534 1081 663 1133 pore
708 1062 1033 1120 εεθνοιίοηὶς
1097 1058 1297 1113 viviﬁci
1360 1055 1604 1125 corporis
1666 1050 1881 1108 Domini
1937 1049 2103 1105 nostri
2210 1053 2382 1107 veraci
2412 1054 2530 1123 ejus
2559 1067 2655 1107 ore
2700 1055 2879 1109 audivi
2909 1076 2922 1111 :
2949 1057 3028 1113 sic
3073 1064 3254 1112 autem
3284 1060 3505 1117 habent.
3547 1059 3647 1114 Ubi
3687 1079 3779 1116 cc-

533 1157 657 1212 .lesu
681 1156 903 1217 Christi,
929 1155 1065 1209 vidit
1097 1160 1322 1207 sanctus
1343 1148 1433 1202 Dei
1460 1154 1513 1200 et
1550 1146 1768 1216 quidam
1803 1142 1869 1197 de
1902 1142 2102 1211 dignis,
2209 1146 2370 1201 lebris
2400 1147 2486 1202 ille
2515 1147 2747 1214 Ephrem
2778 1187 2793 1212 ,
2821 1162 2988 1215 agens
3018 1152 3067 1205 in
3117 1151 3353 1217 deserto,
3380 1168 3485 1225 qua
3512 1168 3579 1207 ει
3602 1154 3781 1222 5pm,

534 1251 934 1305 sanctissimum
1001 1245 1305 1314 Spiritum,
1357 1241 1775 1295 descendentem
1816 1238 1868 1291 in
1924 1234 2104 1302 specie

2212 1250 2298 1295 tus
2327 1242 2503 1297 sancti
2528 1240 2885 1297 illustratione
2922 1244 3167 1309 vidisset,
3193 1258 3298 1313 qua
3322 1260 3389 1300 ex
3415 1246 3688 1302 desiderio
3721 1255 3778 1298 et

535 1341 695 1411 ignis,
743 1336 1280 1406 circumdantemque
1338 1334 1719 1404 presbyterum
1750 1340 1805 1384 et
1856 1338 2099 1383 sanctum
2210 1333 2651 1399 percunctatione
2713 1333 2993 1388 didicisset
3025 1332 3339 1389 admiranda
3390 1335 3569 1393 Patris
3610 1336 3782 1392 nostri

535 1418 725 1487 altar’e.
759 1431 1007 1501 Cumque
1036 1425 1594 1483 communicassemus
1620 1462 1634 1485 .
1662 1431 1717 1477 et
1772 1424 1877 1476 Deo
1904 1419 2105 1484 egiSse-
2211 1421 2395 1476 Basilii
2430 1439 2630 1493 opera;
2675 1422 2843 1479 Deum
2874 1424 3079 1480 intente
3104 1427 3411 1497 iugiterque
3462 1429 3653 1484 orabat
3680 1471 3695 1493 ,
3726 1441 3786 1482 ut

537 1540 658 1580 mus
681 1524 906 1592 gratias,
933 1522 1194 1577 rediimus
1226 1520 1279 1573 in
1315 1520 1529 1574 domum
1593 1514 1917 1586 presbyteri,
1955 1510 2107 1564 cibo-
2212 1514 2307 1582 ipsi
2334 1514 2622 1580 revelaret,
2656 1513 2831 1582 qualis
2873 1514 3096 1585 Magnus
3124 1514 3355 1571 Basilius
3390 1526 3557 1573 esset.
3590 1520 3646 1573 In
3688 1535 3785 1574 ex-

539 1631 646 1687 (ιυθ
710 1626 925 1685 sum?”
949 1654 964 1677 ν
1004 1613 1140 1666 dim
1173 1610 1249 1664 illi
1285 1616 1506 1663 εειηειυε
1545 1606 1673 1661 θεῖε
1712 1625 1729 1657 ι
1766 1602 1923 1658 “ore?
1977 1601 2104 1653 mihi
2210 1611 2397 1665 stasim
2415 1626 2544 1683 ergo
2568 1618 2772 1679 raptus,
2798 1611 2938 1666 videt
2970 1609 3271 1667 columnam
3305 1611 3464 1683 ignis,
3484 1612 3638 1683 cujus
3663 1630 3786 1669 ver-

536 1706 679 1762 unde
712 1708 999 1760 thesaurus
1050 1702 1191 1766 iste;
1227 1710 1281 1755 et
1309 1713 1427 1769 quae
1470 1700 1690 1753 estvita
1741 1708 1827 1748 tua
1858 1694 1881 1746 ’ἒ
1921 1713 1940 1745 ι
1973 1693 2109 1747 Dicit

2215 1714 2300 1755 lex
2357 1704 2656 1773 attingebat
2686 1702 2887 1758 coelum
2916 1723 2930 1758 :
2959 1718 3169 1774 voxque
3202 1702 3269 1758 de
3298 1703 3439 1758 caelo
3468 1705 3676 1767 audita,
3703 1708 3786 1758 di-

536 1797 585 1852 ei
643 1797 923 1891 presbyter
957 1814 971 1850 :
1004 1814 1021 1847 ι
1058 1793 1167 1865 Ego
1194 1830 1209 1856 ,
1250 1798 1439 1846 sancte
1492 1790 1581 1843 Dei
1610 1828 1624 1850 ,
1658 1788 1820 1839 homo
1857 1794 2109 1853 peccator

2214 1809 2342 1897 cens
2380 1811 2394 1846 :
2438 1812 2458 1847 ι
2496 1795 2729 1865 Ephrem
2759 1834 2774 1859 ,
2804 1792 3042 1865 Ephrem
3074 1816 3086 1851 :
3117 1795 3570 1868 quemadmodum
3604 1797 3787 1850 vidiin

536 1870 972 1956 sum,°publicis
1008 1884 1223 1939 tributis
1252 1882 1545 1937 obnoxius.
1582 1899 1599 1931 ι
1646 1876 1783 1930 Sunt
1812 1891 1976 1945 porro
2001 1876 2108 1928 duo
2144 1870 2184 1897 ⁸³
2214 1886 2522 1942 columnam
2559 1886 2721 1957 ignis,
2776 1892 3044 1958 ejusmodi
3086 1900 3170 1947 est
3204 1889 3428 1961 Magnus
3458 1888 3707 1943 Basilius.
3755 1906 3777 1938 ν

532 1978 874 2050 inanimum;
905 1991 1067 2029 ιιηυιιὶ
1106 1977 1325 2045 quidem
1356 1988 1456 2043 880
1501 1972 1688 2034 ιυίιιοὶ
1718 1970 1947 2023 alterm“
1986 1983 2111 2021 νετο
2218 1982 2279 2034 Et
2312 1981 2501 2036 statim
2548 1980 2792 2036 adhibito
2828 1981 3127 2052 interprete
3154 2023 3170 2048 ,
3206 1984 3351 2037 velut
3386 1981 3537 2038 rudis
3592 1981 3789 2050 lingua:

536 2087 691 2128 meus
733 2068 1139 2135 mercenarius;
1171 2078 1225 2123 et
1264 2066 1491 2122 alterum
1518 2061 1735 2132 quidem
1781 2062 1831 2113 in
1867 2058 2113 2114 ministe-
2214 2073 2435 2138 omnem,
2468 2076 2614 2129 νθηει
2641 2074 2706 2129 ad
2734 2089 2981 2144 magna",
3008 2073 3296 2128 ecclesiam
3343 2074 3575 2129 celebris
3624 2074 3779 2127 urbis

538 2164 680 2218 rium
714 2160 859 2219 cedit
883 2160 1151 2233 hospitum
1177 2178 1192 2226 ;
1216 2158 1449 2212 alterum
1484 2164 1664 2209 autem
1690 2153 1745 2207 in
1781 2152 2109 2221 obsequium
2213 2164 2477 2221 amarem
2510 2184 2525 2222 ε
2566 2165 2633 2220 ad
2659 2179 2830 2235 quam
2862 2166 2974 2234 ipsa
3002 2176 3190 2231 magna
3225 2162 3651 2231 Epiphaniorum
3694 2177 3786 2215 so-

542 2258 908 2312 tributorum:
942 2264 1131 2319 estque
1152 2245 1463 2303 coufmnula
1505 2245 1623 2299 haec
1665 2259 1803 2299 uxor
1841 2258 1983 2305 mea,
2010 2242 2113 2296 ho-
2217 2257 2497 2313 iemnime
2541 2258 2868 2328 perveniens
2901 2296 2918 2321 ν
2958 2254 3205 2324 daqu
3257 2253 3539 2324 insumus
3578 2293 3594 2317 ν
3651 2254 3786 2308 vidi,

538 2349 769 2418 spitibus
832 2345 1147 2398 ministrans
1195 2348 1250 2396 et
1308 2338 1459 2393 mihi.
1514 2356 1532 2390 ι
1592 2337 1683 2392 Ait
1731 2336 1806 2391 illi
1848 2347 2108 2390 sanctus:
2217 2352 2596 2417 procedentem
2620 2348 2867 2420 “agnum
2892 2346 3190 2412 Basiliam;
3237 2346 3421 2416 anque
3454 2346 3607 2403 socio
3640 2362 3785 2403 suo:

544 2460 563 2492 ι
602 2439 743 2494 Voca
809 2437 951 2491 illum
991 2448 1258 2498 sororem,
1305 2430 1459 2501 juxta
1518 2431 1660 2502 quod
1719 2439 1837 2493 est;
1873 2427 2113 2494 mihique
2223 2460 2241 2492 ι
2282 2440 2336 2495 ιη
2374 2455 2597 2503 unum,
2648 2449 2800 2507 pum,
2843 2436 3229 2493 laboravimus.
3270 2436 3466 2495 nam.
3493 2440 3596 2495 me
3622 2438 3793 2500 enim,

538 2532 739 2589 edicito
762 2530 1002 2600 reliquas
1038 2537 1160 2582 tuas
1197 2526 1449 2579 virtutes.
1492 2542 1510 2575 ι
1541 2519 1749 2575 Dicitei
1773 2519 2059 2589 presbyter
2095 2536 2110 2572 :

2220 2535 2272 2587 in
2312 2541 2464 2588 tanto
2488 2530 2655 2603 gradu
2689 2531 2922 2600 positus,
2947 2544 3051 2583 non
3077 2538 3160 2584 est
3191 2529 3403 2600 qualem
3439 2531 3568 2585 vidi.
3607 2548 3627 2581 ι
3650 2529 3796 2585 Con-

545 2641 564 2676 ι
603 2621 720 2676 Non
748 2623 920 2676 habeo
947 2620 1238 2689 quidquam
1268 2617 1390 2671 boni
1419 2628 1584 2685 super
1622 2624 1846 2676 terram,
1877 2610 1945 2665 ab
1966 2610 2113 2664 omni

2219 2626 2486 2698 spiciebat
2515 2625 2659 2680 enim
2693 2623 2948 2678 amictum
2980 2621 3119 2677 stola
3158 2623 3387 2679 candida
3415 2663 3430 2688 ,
3466 2633 3794 2687 sacrumque

538 2714 743 2768 virtute
769 2722 1067 2767 cstraneus
1103 2724 1245 2763 sum.
1300 2727 1318 2759 ι
1350 2708 1484 2761 Dicit
1513 2705 1562 2760 ei
1595 2704 1895 2760 communis
1953 2700 2116 2757 Pater
2220 2721 2368 2774 circa
2397 2717 2572 2787 ipsum
2607 2714 2835 2779 clerum,
2874 2712 3012 2769 amis
3043 2714 3287 2768 indum",
3320 2722 3375 2767 ει
3404 2713 3453 2766 εί
3483 2710 3792 2778 obsequen.

542 2818 729 2865 noster
762 2825 775 2860 2
810 2825 828 2858 ι
866 2805 1062 2877 Surge,
1092 2812 1145 2858 et
1170 2818 1354 2859 eamus
1384 2800 1565 2858 εἰιιιυι.
1608 2816 1627 2851 ι
1666 2799 1821 2853 Ducit
1849 2812 1978 2851 VCI'O
1993 2810 2116 2851 eum
2225 2821 2354 2865 gem.
2400 2805 2565 2862 Stans
2617 2820 2746 2875 ergo
2790 2806 2842 2859 in
2887 2817 3100 2859 secrelo
3146 2804 3262 2857 [oco
3300 2799 3567 2866 ecclesias,
3627 2801 3799 2863 εωρη

541 2900 596 2954 in
638 2898 830 2955 cenam
856 2912 1016 2950 "nam
1048 2894 1241 2949 ἀοπιῑιε
1266 2891 1406 2959 eius:
1441 2901 1495 2945 ει
1522 2890 1601 2945 ³η
1625 2889 1698 2944 illi
1739 2906 1753 2944 ε
1790 2905 1811 2941 ⁸
1852 2886 2121 2958 Αρθτῖίθ·
2222 2898 2365 2953 velut
2394 2899 2459 2953 de
2487 2899 2762 2968 pr0posito
2794 2895 3309 2965 desperare,dicens
3332 2892 3469 2946 intra
3504 2906 3562 2947 se
3590 2908 3605 2945 :
3635 2909 3656 2943 ι
3685 2890 3797 2946 Nos

540 3006 729 3045 nuam.
754 3009 772 3042 ι
801 2990 870 3041 At
900 2987 990 3042 ille
1018 3004 1031 3040 :
1064 3004 1082 3037 ι
1112 2982 1213 3049 Ne,
1235 2992 1419 3039 sancte
1443 2982 1561 3048 Dei,
1594 2981 1906 3049 nejttsseris
1936 2979 2118 3049 ingre-

2220 2988 2307 3058 qni
2340 2989 2669 3059 portavimus
2704 2991 2913 3057 pondus
2961 2987 3067 3042 diei
3106 2996 3160 3041 et
3188 2996 3351 3041 :estus
3376 2983 3507 3039 nihil
3555 2983 3794 3053 profeci-

542 3084 593 3138 di
630 3102 642 3137 :
677 3082 927 3151 quoniam
965 3094 1096 3133 usus
1142 3087 1224 3132 est
1271 3076 1485 3131 domus.
1539 3092 1557 3125 ι
1597 3072 1691 3127 Ait
1719 3072 1769 3126 ei
1828 3081 2051 3127 sanctus
2098 3086 2112 3121 :

2222 3097 2377 3148 mus;
2414 3081 2503 3138 hic
2544 3094 2726 3138 autem
2750 3123 2763 3145 ,
2798 3084 2851 3136 in
2892 3088 3042 3135 tanto
3065 3078 3349 3141 comitatu,
3381 3085 3435 3131 et
3464 3077 3671 3131 bellore
3694 3075 3796 3128 hu-

548 3196 565 3228 ι
596 3175 769 3229 Etiam
807 3190 906 3244 ego
943 3171 1067 3227 veni
1119 3171 1185 3224 ad
1217 3170 1359 3224 hunc
1395 3180 1576 3223 usum.
1621 3184 1640 3220 ι
1672 3165 1918 3235 Cumque
1947 3160 2146 3237 nollet‘

2222 3187 2401 3239 Inano,
2435 3181 2519 3227 est
2549 3171 2795 3227 columna
2830 3169 3011 3241 ignis?
3053 3167 3219 3222 Plane
3249 3167 3439 3220 miror.
3485 3182 3504 3214 ι
3544 3164 3670 3218 Hac
3694 3163 3803 3216 ita-

544 3268 832 3337 presbyter
857 3264 1070 3336 aperire
1104 3272 1312 3333 portam
1339 3299 1357 3325 ,
1407 3274 1660 3316 sermone
1691 3257 1909 3328 aperuit
1936 3254 2113 3311 admi-

2227 3278 2331 3333 que
2383 3263 2501 3334 ipso
2543 3262 2819 3333 cogitante
2846 3298 2863 3323 ,
2903 3258 3051 3312 misit
3090 3257 3155 3308 ad
3185 3268 3309 3309 eum
3350 3261 3572 3307 sanctus
3610 3255 3800 3308 archi-

545 3359 732 3414 rabilis
763 3357 919 3412 Pater
962 3364 1185 3410 noster:
1219 3354 1608 3424 ingressusque
1664 3349 1973 3404 morbidum
2002 3347 2115 3400 illic
2228 3356 2511 3410 diaconum
2570 3368 2766 3416 suum,
2801 3350 3027 3405 dicens:
3069 3364 3089 3399 ι
3130 3344 3281 3399 Vade
3315 3345 3381 3399 ad
3428 3356 3640 3416 portam
3679 3361 3803 3416 qua

544 3448 815 3504 hominem
839 3456 893 3501 et
925 3444 1251 3505 ulcerosum,
1281 3443 1364 3495 cui
1388 3439 1646 3509 pleraque
1671 3436 1923 3507 corporis
1944 3448 2114 3489 mem-
2229 3442 2450 3513 respicit
2483 3441 2844 3503 occidentem,
2887 3438 3069 3507 ibique
3102 3438 3153 3490 in
3189 3436 3434 3492 ecclegig
3478 3436 3677 3508 angulo
3708 3451 3798 3491 re-

543 3542 638 3599 bra
670 3537 984 3601 deﬂuerent,
1024 3534 1231 3589 invenit
1261 3572 1273 3595 ,
1302 3546 1408 3584 uno
1452 3531 1659 3584 sciente
1690 3528 2008 3598 presbytero
2063 3533 2118 3578 ει
2226 3535 2403 3605 paries
2427 3533 2700 3598 gbbatem,
2728 3529 2996 3585 cucullam
3034 3528 3321 3583 habentem
3354 3527 3407 3582 in
3436 3530 3637 3598 capite.
3673 3540 3800 3581 cum

545 3645 733 3688 sorore
787 3629 925 3698 ejus.
981 3626 1121 3681 Dicit
1148 3624 1197 3679 ei
1242 3632 1463 3677 sanctus
1517 3620 1679 3674 Pater
1724 3629 1945 3673 noster:
1986 3634 2004 3668 ι
2047 3614 2118 3671 Ut
2226 3626 2458 3697 quodam
2492 3625 2622 3690 alio,
2653 3622 3032 3686 ι-πίυαιιδίυπη,
3062 3621 3337 3692 ρυείιιηηιν
3366 3630 3420 3675 ει
3448 3629 3645 3675 carem
3681 3620 3805 3672 νυι,

544 3726 674 3795 quid
710 3724 923 3779 voluisti
956 3721 1134 3777 celare
1164 3719 1477 3772 thesaurum
1514 3724 1662 3767 tuum
1690 3711 1853 3768 istum
1875 3711 1898 3765 ἲ
1921 3727 1939 3762 ι
1978 3708 2120 3763 Dicit
2229 3730 2314 3775 ωε
2342 3716 2493 3789 ejus;
2525 3716 2783 3784 dicesque
2811 3715 2861 3769 ei
2888 3734 2900 3770 :
2934 3713 3126 3782 Quaeso
3155 3752 3171 3778 ,
3205 3712 3486 3783 ingredere
3518 3710 3573 3764 in
3604 3725 3797 3765 sacra.

540 3818 591 3872 ei
610 3816 894 3890 presbyter
922 3832 935 3868 :
967 3830 985 3864 ‹
1010 3811 1297 3881 Promptus
1319 3818 1423 3871 est,
1456 3806 1693 3872 domine,
1728 3815 1783 3861 et
1805 3805 2118 3874 iniuriosus,

2232 3812 2371 3866 rium
2406 3825 2420 3862 :
2452 3816 2612 3863 vocat
2676 3819 2726 3861 te
2773 3806 3236 3875 archiepiscopus.
3289 3821 3308 3855 ι
3362 3800 3805 3857 Archidiaconus

550 3908 811 3976 tinmique
840 3919 907 3960 ne
924 3903 1063 3959 forte
1084 3903 1137 3956 in
1160 3903 1329 3956 verbo
1344 3898 1659 3953 olfenderet.
1690 3918 1708 3949 ι
1735 3898 1941 3953 Dicitei
1964 3897 2122 3953 Pater
2229 3912 2409 3959 autem
2439 3943 2454 3967 ,
2506 3901 2729 3957 discissa
2762 3898 2931 3953 multo
2981 3897 3163 3952 labore
3190 3894 3367 3966 populi
3402 3892 3751 3950 multitudine
3786 3933 3805 3957 ,

548 4008 730 4056 noster
767 4016 782 4051 :
817 4014 836 4048 ι
864 3993 1009 4051 Bene
1032 3994 1178 4048 circa
1223 3992 1398 4061 ipsum
1439 3989 1662 4044 certasti
1698 3989 1862 4043 :sine
1897 4003 2026 4043 vero
2062 4000 2121 4042 ut

2231 3997 2376 4052 venit
2416 3997 2484 4051 ad
2545 3996 2719 4049 locum
2750 3992 2837 4046 ubi
2895 3990 2956 4044 S.
2985 3987 3217 4059 Ephrem
3255 3986 3604 4050 eonsisterat,
3634 3994 3690 4040 et
3728 3987 3806 4041 ait

550 4105 605 4151 οι
637 4107 737 4161 980
766 4092 869 4146 hac
895 4096 1083 4144 Ἱιουίθ
1131 4085 1206 4140 illi
1239 4084 1574 4147 ιηῖιιίδιτθιηὶ
1606 4095 1714 4151 (ιιιυ
1738 4094 1836 4151 Per
1868 4088 1920 4134 ιθ
1954 4080 2117 4136 etiam
2231 4089 2305 4142 illi
2336 4101 2353 4141 :
2391 4106 2409 4138 ι
2460 4084 2713 4148 Benedic,
2764 4080 3019 4146 domine;
3056 4078 3192 4134 velis
3248 4076 3455 4147 ingredi
3514 4076 3569 4132 in
3617 4091 3805 4132 sacra-

554 4184 862 4240 mercedem
894 4195 1220 4249 consequar.
1259 4198 1278 4231 ι
1338 4175 1569 4230 Dimisso
1610 4185 1790 4229 autem
1840 4180 2026 4229 sancto
2064 4173 2117 4226 iu
2229 4183 2401 4246 rium;
2430 4186 2585 4233 τοειι
2617 4175 2763 4232 enim
2816 4183 2865 4228 ιο
2894 4170 3053 4228 Pater
3095 4180 3219 4227 tuus
3246 4168 3716 4240 archiepiscopus.
3778 4188 3802 4221 ι

547 4277 682 4334 cella
709 4291 832 4337 cum
869 4274 1137 4333 ulceroso,
1163 4271 1248 4326 cui
1281 4269 1452 4324 morbi
1477 4267 1559 4324 vis
1584 4267 1664 4322 vel
1692 4281 1877 4323 vocem
1903 4266 2122 4322 ademe-
2231 4274 2333 4329 Ubi
2362 4282 2540 4328 autem
2575 4267 2841 4327 intellexit
2874 4282 2968 4340 per
3004 4268 3354 4337 ἰηιει-ρι-οιοπ,
3408 4266 3553 4336 quod
3577 4265 3803 4321 dicem.

548 4381 664 4433 rat.
696 4369 882 4425 clauso
928 4364 1069 4422 ostio
1096 4406 1110 4426 ,
1152 4361 1530 4417 discessimus.
1573 4358 1677 4425 Qui
1723 4367 1903 4414 autem
1940 4358 2124 4413 vulne-
2233 4379 2341 4430 ων,
2375 4364 2657 4421 excusavi],
2690 4362 2880 4417 dicens
2912 4378 2925 4416 ε
2961 4378 2981 4411 ι
3019 4358 3205 4425 Erras,
3236 4358 3440 4423 fruor;
3500 4372 3599 4413 nos
3627 4357 3805 4412 hami.

551 4463 701 4516 ribus
727 4458 1066 4519 medebatur.
1096 4452 1231 4508 ίιιείθ
1263 4465 1427 4520 ευμεν
1464 4466 1590 4504 eum
1639 4459 1749 4503 101³
1787 4457 1946 4503 nocte
1993 4464 2123 4519 pfe-
2234 4472 2329 4512 nes
2362 4454 2633 4526 peregrini
2664 4468 2854 4509 sumus
2889 4460 2943 4506 et
2973 4452 3022 4505 ei
3059 4449 3263 4521 ignoti.
3308 4469 3328 4503 ι
3364 4447 3598 4503 Rediens
3622 4456 3802 4501 autem

552 4553 723 4615 cibus,
756 4549 1066 4619 supplicans
1098 4546 1231 4609 Deo,
1254 4543 1347 4612 qui
1376 4541 1622 4597 morbum
1648 4554 1867 4595 clunem
1919 4550 1975 4595 et
2003 4540 2124 4595 lan-

2235 4550 2684 4608 archidiaconus.
2720 4544 3050 4601 renuntiavit
3106 4542 3301 4613 Magno
3354 4539 3572 4597 Basilio.
3633 4538 3806 4593 Porro

551 4658 773 4712 gnorem
799 4648 975 4704 sanat,
1012 4634 1420 4693 curavitillum.
1467 4631 1762 4703 Presbyter
1788 4639 1970 4685 autem
2034 4634 2127 4701 qni
2232 4642 2359 4695 dum
2388 4639 2619 4695 Basilius
2665 4639 2831 4693 libros
2885 4651 3070 4693 εισι-οε
3103 4631 3328 4703 exponit
3379 4629 3597 4701 populo,
3659 4631 3808 4686 νίάει

553 4733 687 4787 t‘oris
714 4731 995 4787 nobiscum
1022 4736 1163 4792 erat,
1190 4726 1267 4780 ait
1299 4742 1313 4779 :
1351 4743 1370 4775 ι
1425 4721 1609 4781 Gloria
1656 4722 1753 4777 tibi
1780 4762 1795 4789 ,
1835 4720 2005 4785 Deus,
2032 4721 2127 4789 qui

2234 4731 2290 4785 S.
2344 4729 2578 4801 Ephrem
2628 4729 2864 4799 linguam
2894 4729 3103 4798 igneam
3132 4763 3149 4791 ,
3176 4723 3294 4793 ejus
3345 4735 3441 4777 ore
3473 4721 3803 4791 loquentem.

555 4828 688 4881 facis
740 4825 1071 4878 voluntatem
1107 4818 1405 4873 timentium
1436 4824 1537 4881 te,
1575 4822 1632 4870 et
1688 4813 2128 4884 deprecationem
2234 4824 2431 4891 Αίιφιθ
2504 4837 2720 4876 "mum
2780 4819 3003 4888 Magnus
3064 4815 3302 4870 Βηίιίυη
3370 4815 3805 4872 ποδωίεοοηοε

554 4920 1011 4981 eorumesaudis;
1035 4932 1100 4969 en
1127 4914 1369 4969 medicus
1402 4927 1591 4967 sanum
1621 4909 1748 4965 fecit
1771 4910 2065 4963 intirmum.
2103 4926 2121 4957 ι
2240 4932 2258 4964 ι
2300 4912 2461 4978 Vade,
2497 4924 2553 4969 et
2590 4914 2675 4968 dic
2706 4910 2755 4965 ei
2788 4928 2800 4963 :
2832 4909 3057 4965 Domine
3118 4908 3353 4978 Ephrem
3376 4945 3395 4972 ,
3426 4907 3561 4962 velis
3597 4908 3807 4982 ingredi

556 5016 624 5071 Et
684 5013 863 5070 statim
918 5009 1175 5065 clamavit
1238 5013 1502 5069 sanctus,
1561 5010 1617 5056 υι
1682 5009 1890 5071 portam
1950 4998 2132 5068 aperi-
2235 5008 2303 5059 ad
2335 5019 2547 5061 sacrum
2596 5005 2993 5057 altare:vocat
3042 5009 3092 5055 te
3137 4984 3596 5069 archiepiscopus.
3657 5017 3677 5050 ι
3742 4996 3811 5052 Et

554 5122 761 5173 remus,
793 5103 1084 5171 eduxitque
1116 5100 1424 5154 ulcerosum
1484 5096 1688 5163 integre
1729 5106 1916 5147 sanum
1950 5129 1966 5155 ,
2022 5102 2127 5143 non

2232 5104 2421 5156 abiens
2448 5099 2513 5153 ad
2537 5114 2659 5173 eum
2689 5095 3126 5159 archidiaconus,
3162 5095 3391 5164 ejusque
3419 5092 3669 5163 vestigiis
3698 5092 3803 5145 im-

556 5172 846 5256 habentem
898 5193 1209 5251 cicatricem
1272 5190 1327 5243 in
1390 5201 1617 5256 corpore
1679 5199 1821 5246 suo,
1873 5182 2121 5251 expedite

2236 5206 2421 5263 presso
2451 5172 2655 5251 osculo,
2679 5188 2813 5241 dixit
2838 5186 2911 5239 illi
2948 5204 2961 5239 :
2994 5203 3013 5236 ι
3057 5184 3284 5240 Domine
3308 5184 3563 5253 Ephrem,
3587 5196 3805 5251 quaeso,

558 5294 913 5363 loquentem,
967 5297 1020 5341 et
1076 5282 1465 5357 glorificantem
1524 5278 1711 5332 Deum.
1764 5274 1881 5329 Hoc
1944 5283 2121 5328 autem

2239 5296 2288 5339 te
2319 5284 2546 5339 accersit
2576 5282 2737 5335 Pater
2762 5291 2882 5333 tuus
2910 5276 3369 5347 archiepiscopus,
3417 5283 3473 5328 ιιι
3528 5272 3803 5341 ingredia—

559 5383 750 5455 grandi
782 5380 1044 5436 miraculo
1091 5377 1229 5432 facto
1256 5417 1271 5440 ,
1314 5371 1512 5427 reversi
1554 5384 1741 5423 sumus
1768 5368 1822 5420 in
1875 5376 2112 5420 nostram
2239 5378 2384 5429 risi"
2413 5374 2827 5443 presbyterium.
2868 5390 2885 5421 ι
2928 5370 3161 5422 Sanctus
3184 5384 3312 5437 ergo
3359 5380 3523 5436 super
3550 5366 3634 5419 his
3664 5374 3804 5418 atto-

633 5560 747 5629 (5‘2)
773 5559 1005 5629 νίάεῑιηῖ
1049 5557 1134 5629 hi9
1188 5569 1372 5608 ""505
1425 5550 1791 5610 narrationem
1850 5560 2123 5600 resumere
2240 5548 2600 5629 ligeredector
2634 5544 2851 5629 poterit,
2882 5556 3128 5629 quantam
3155 5540 3239 5629 hic
3273 5537 3578 5591 referantur
3601 5534 3807 5617 omissa

562 5610 1224 5703 pseudo-ﬁmpbilocbius.
1547 5688 1587 5703 ἢ
1795 5688 1807 5703 _
1846 5686 1860 5703 ‘
1886 5688 1919 5703 ,Δ
2033 5686 2043 5695 .
2238 5610 2309 5703 ab
2336 5618 2560 5699 Ephrem
2593 5610 2649 5669 et
2682 5610 2963 5703 lliysseno;
3000 5610 3397 5703 judicabitqu'e,
3424 5610 3809 5703 :mverosimi:I

632 5669 1363 5770 Ephrem
1396 5706 1515 5746 cum
1547 5688 1743 5770 Basnio
1776 5686 1995 5770 dabitur
2033 5686 2119 5737 in-
2240 5669 2300 5744 le
2314 5669 2422 5752 sit,
2451 5669 2746 5770 omittenda
2772 5669 2961 5765 fuisse
2986 5669 3016 5770 τ’
3043 5681 3090 5735 si
3145 5669 3541 5761 contigissent;
3576 5669 3811 5744 exempli

562 5749 743 5825 fra‘vavd
772 5749 977 5823 Vita'ini
1002 5749 1116 5833 ejus
1146 5749 1270 5826 ,ἐκ
1325 5762 1563 5830 Nyssenu
1601 5769 1655 5811 et
1696 5758 1811 5827 ipso
1837 5756 2117 5833 __prren_t.
2240 5749 2419 5823 causa,
2461 5756 2527 5811 de
2558 5754 2893 5825 apparitione
2924 5752 3185 5808 columna:
3212 5749 3372 5817 ignis.

561 5842 784 5898 omnino
808 5839 965 5891 aliter
987 5826 1148 5905 quam
1203 5834 1291 5887 hic
1334 5826 1621 5895 narretur;
1661 5826 1726 5883 es
1759 5826 1954 5898 quibus
2008 5827 2121 5880 col-
