4046 6454
656 393 1023 456 EXCERPTA
1060 396 1152 455 EX
1184 392 1382 456 AC'l'IS
1420 399 1479 456 S.
1514 400 1757 456 BASILll
1792 398 2309 457 BOLLANDIANIS.
2342 430 2412 445 --
2440 400 2599 457 VITA
2642 399 3081 457 APOCBYPHA.

3350 409 3500 455 CCCXI

266 520 417 579 nitus
477 520 627 577 dedit
691 522 917 593 gloriam
989 523 1127 589 Deo;
1200 538 1263 577 ac
1332 525 1686 579 reverentiam
1763 524 1839 578 i‘a—
1870 524 2190 593 Anatisquc
2246 523 2541 593 interprete
2594 523 2646 579 in
2678 523 2963 579 diaconum
2994 562 3008 584 ,
3043 531 3099 576 et
3148 520 3345 587 ipsein
3375 536 3501 589 pre-

267 612 417 666 cieus
448 649 466 676 ,
518 611 901 683 excipiensque
929 614 1047 668 ait:
1086 632 1103 664 ι
1138 611 1275 669 Vere
1330 613 1551 683 Magnus
1582 612 1831 669 Basilius.

268 699 409 759 Vere
457 703 706 758 columna
752 705 890 776 ignis
924 705 1173 761 Basilius.
1206 704 1341 760 Vere
1381 721 1478 775 per
1506 720 1568 760 os
1589 705 1707 776 ejus
1751 705 1833 761 lo-

266 795 453 862 quitur
474 794 708 865 Spiritus
736 806 979 852 sanctus.
1018 815 1038 848 ι
1083 797 1313 867 Rogavit
1339 812 1467 851 vero
1499 796 1834 853 archidiaco-

270 899 398 939 num
431 894 491 939 ut
511 889 867 955 responderet
889 928 904 952 ,
960 889 1318 958 opportunius
1346 927 1360 950 ,
1393 896 1513 958 post
1560 898 1833 958 peractam

270 991 383 1030 rem
404 991 639 1043 sacram,
664 978 1020 1035 salutaturum
1047 979 1099 1031 in
1133 979 1455 1033 secretario.

340 1065 471 1124 Post
505 1070 724 1126 missam
746 1084 872 1124 vero
899 1070 1172 1140 ingressus
1200 1070 1429 1127 Basilius
1458 1072 1834 1137 secretarium,

266 1161 423 1217 eos.
453 1162 683 1232 Ephrem
740 1163 1129 1219 accersendum
1177 1164 1423 1228 curavit;
1481 1164 1722 1233 dansque
1778 1164 1832 1218 in

270 1254 496 1311 Domino
529 1254 793 1318 osculum,
826 1257 898 1309 ait
932 1272 945 1308 :
985 1273 1003 1307 ι
1044 1255 1191 1310 Bene
1226 1255 1442 1320 venisti,
1500 1253 1662 1310 Pater
1705 1254 1836 1310 lilio.

269 1362 387 1400 rum
426 1346 620 1401 deserti
647 1363 663 1401 :
698 1347 834 1401 bene
868 1347 1061 1402 venisti
1092 1388 1108 1411 ,
1136 1348 1227 1416 qui
1257 1348 1308 1401 in
1340 1361 1407 1403 eo
1445 1347 1831 1415 discipulorum

266 1438 469 1493 Christi
499 1452 778 1493 numerum
814 1440 1009 1494 auxisti
1041 1480 1057 1504 ,
1108 1448 1163 1494 et
1196 1439 1465 1494 daemones
1488 1438 1761 1508 expulisti.
1810 1464 1827 1491 ο

269 1528 376 1583 Sed
413 1542 665 1597 quorsum
706 1543 827 1583 eum
869 1530 961 1585 tibi
1013 1528 1251 1583 laborem
1284 1530 1592 1599 suscepisti,
1645 1544 1679 1584 ο
1733 1528 1835 1583 Pa-

266 1618 396 1675 ter?
432 1615 632 1673 Venisti
670 1618 943 1674 invisurus
996 1620 1649 1691 ltomintm.peccatorem
1683 1640 1697 1676 :
1728 1621 1835 1674 lar-

262 1710 441 1779 giatur
465 1708 559 1763 tibi
592 1709 897 1765 mercedem
928 1709 1099 1772 Deus.
1121 1710 1275 1781 juxta
1310 1718 1462 1765 tuum
1490 1710 1751 1766 laborem.
1810 1730 1827 1761 ι

266 1798 368 1855 Ubi
396 1814 555 1868 porro
581 1800 906 1857 venerabilis
932 1801 1169 1872 Ephrem
1221 1802 1401 1857 omnia
1455 1801 1507 1855 in
1544 1802 1705 1858 corde
1737 1817 1833 1857 suo

262 1899 391 1943 nata
422 1890 669 1962 dictaque
693 1892 845 1948 socio
887 1892 1069 1948 abbati
1111 1893 1446 1962 respondens
1476 1905 1790 1949 enarrasset
1814 1932 1829 1955 .

262 1985 699 2042 communionem
744 1985 798 2041 in
844 2000 1027 2042 sacras
1062 1999 1255 2041 manus
1298 1999 1426 2041 suas
1454 1986 1695 2055 accepit;
1734 1985 1833 2040 Ba-

261 2072 515 2145 silioque.
542 2089 640 2145 pro
662 2075 879 2147 hospitii
914 2074 1204 2145 religione,
1234 2074 1537 2147 excipiente
1564 2078 1829 2141 convivio,

260 2166 344 2222 ait
381 2164 438 2224 S.
469 2168 703 2238 Ephrem
737 2184 752 2223 :
789 2186 809 2220 α
843 2166 1025 2237 Pater,
1052 2183 1264 2225 summe
1315 2169 1830 2241 bonoraude,unam

261 2257 364 2312 abs
392 2266 445 2312 te
489 2258 721 2328 deposco
749 2257 976 2329 gratiam
1003 2295 1019 2322 ,
1050 2266 1105 2314 et
1134 2258 1274 2314 banc
1318 2258 1452 2314 mihi
1490 2274 1695 2314 annuas
1742 2275 1833 2314 ve-

260 2348 380 2403 lim.
423 2366 442 2400 ι
483 2348 563 2401 Ad
604 2363 767 2414 quem
801 2347 1076 2407 Basilius:
1120 2369 1139 2402 α
1178 2348 1463 2418 .luhe,dic
1488 2365 1609 2421 qua:
1639 2350 1831 2404 viden-

260 2449 391 2505 tur;
438 2440 664 2495 multum
710 2440 856 2496 cnim
901 2444 1094 2507 debeo,
1144 2442 1384 2496 maxime
1433 2442 1503 2496 ob
1537 2440 1613 2495 tui
1640 2440 1707 2495 ad
1747 2455 1832 2495 me

263 2532 528 2587 adventus
576 2542 910 2604 assumptum
964 2532 1224 2588 laborem.
1293 2550 1314 2583 ι
1375 2530 1441 2584 Et
1496 2528 1830 2585 honorabilis

262 2622 500 2694 Ephrem
553 2624 620 2678 ad
655 2624 827 2697 ipsum
856 2643 869 2679 :
902 2642 921 2677 σ
952 2624 1105 2688 Novi,
1147 2621 1312 2679 Pater
1342 2630 1549 2686 sancte,
1582 2620 1698 2677 fore
1750 2630 1826 2687 ut,

257 2714 306 2769 si
333 2728 454 2784 qua:
486 2729 516 2769 a
549 2716 657 2772 Deo
682 2715 1012 2786 peposceris,
1066 2714 1181 2785 ipse
1224 2712 1480 2784 praebeat.
1514 2710 1687 2784 Cupio
1733 2726 1832 2768 an-

259 2810 373 2859 tem
402 2818 500 2875 pro
532 2818 618 2860 me
647 2817 805 2874 roges
829 2842 845 2867 ,
874 2812 932 2859 ut
962 2802 1151 2860 Grece
1205 2802 1351 2874 loqui
1387 2802 1615 2874 possim.
1653 2820 1673 2853 ι
1731 2801 1827 2857 Cui

258 2894 492 2951 Basilius
526 2912 541 2950 :
578 2912 598 2946 ι
633 2893 767 2950 Rem
795 2894 1079 2965 postulasti
1109 2896 1462 2952 excedentem
1496 2893 1660 2948 vires.
1687 2892 1825 2960 Quia

258 2985 614 3043 nihilominus
644 2985 750 3041 lide
810 2986 1017 3057 petisti,
1042 2987 1161 3042 veni
1189 3027 1206 3051 ,
1237 2985 1397 3040 Pater
1426 2983 1827 3039 venerabilissi—

257 3093 347 3134 me
376 3079 651 3150 eremique
697 3080 1022 3149 praeposito,
1074 3086 1129 3132 et
1182 3075 1468 3131 Dominum
1523 3091 1824 3147 rogemus:

257 3182 454 3243 potens
474 3170 618 3228 enim
661 3182 746 3230 est
767 3210 783 3234 ,
828 3179 885 3224 ut
918 3170 1082 3225 faciat
1107 3168 1439 3225 voluntatem
1463 3178 1611 3224 tuam
1645 3189 1659 3223 :
1703 3185 1824 3222 natu
1853 3203 1895 3258 α

258 3262 523 3329 scriptum
557 3271 671 3314 est:
720 3257 1050 3314 Voluntatent
1094 3258 1389 3314 timentium
1440 3274 1494 3314 se
1537 3258 1693 3328 faciet
1725 3299 1739 3319 .
1777 3272 1821 3311 et

255 3350 679 3412 deprecationem
738 3364 921 3403 eorum
984 3349 1228 3404 exaudiet
1260 3390 1276 3414 ,
1335 3358 1385 3403 et
1428 3348 1600 3402 salvos
1663 3348 1821 3416 faciet

254 3454 346 3493 eos
365 3438 463 3509 (α).
505 3457 525 3493 ι
549 3438 684 3495 Cum
717 3450 895 3495 autem
921 3439 1011 3495 diu
1049 3446 1319 3502 orassent,
1354 3437 1430 3492 ait
1456 3434 1677 3506 Magnus
1724 3435 1824 3489 Ba-

252 3530 411 3586 silius
440 3550 454 3586 :
498 3549 519 3585 ι
561 3529 689 3599 Cur,
715 3530 935 3587 domine
966 3530 1202 3603 Ephrem
1229 3571 1249 3599 ,
1288 3545 1504 3587 sacram
1534 3529 1822 3585 sacerdotii

264 3624 689 3691 ordinationem,
729 3624 824 3678 tibi
867 3638 1186 3695 congruam,
1235 3636 1341 3676 non
1383 3623 1631 3692 accipis?
1664 3642 1681 3673 ι
1724 3622 1821 3676 Cui

251 3716 492 3785 Ephrem
522 3728 616 3781 per
646 3712 998 3782 interpretem
1034 3729 1048 3766 :
1081 3729 1102 3764 ς
1148 3712 1286 3778 Quia
1316 3719 1568 3782 peccator
1599 3728 1745 3766 sum.
1796 3730 1815 3764 ι

254 3803 555 3872 Respondit
603 3802 653 3857 ei
709 3801 933 3873 Magnus
984 3800 1263 3858 Basilius:
1310 3820 1329 3854 ι
1365 3799 1582 3858 Utinam
1613 3811 1669 3856 et
1721 3817 1822 3871 ego

252 3897 381 3951 talis
425 3904 679 3966 peccator
707 3896 916 3951 essent!
974 3912 995 3949 ι
1031 3894 1285 3966 Dixitque
1336 3894 1405 3952 ad
1432 3910 1555 3951 eum
1595 3912 1610 3950 :
1645 3914 1664 3949 ι
1700 3894 1823 3951 Fle-

249 3997 462 4043 ctamus
486 4001 680 4057 genua.
706 4006 728 4042 s
757 3986 965 4042 Etcum
1009 3986 1156 4043 humi
1192 3987 1448 4057 prostrati
1485 3994 1689 4052 essent,
1716 3986 1821 4042 im-

251 4080 437 4151 posuit
470 4080 754 4134 hierarcha
798 4094 991 4133 manus
1027 4087 1217 4135 sancto
1252 4078 1522 4151 Ephrem;
1556 4079 1821 4134 recitans-

248 4185 359 4242 que
386 4170 685 4225 orationem
719 4169 972 4233 diaconi,
1026 4169 1156 4224 dicit
1204 4171 1270 4222 ad
1305 4172 1478 4239 ipsum
1510 4192 1521 4225 :
1565 4188 1585 4223 ι
1628 4169 1821 4237 Quaen

253 4274 311 4319 te
336 4301 351 4326 ,
388 4277 483 4318 nos
507 4262 675 4333 erige.
708 4279 727 4313 ι
756 4262 930 4331 Atque
973 4269 1103 4315 tunc
1133 4261 1307 4317 soluta
1334 4271 1390 4315 et
1433 4264 1681 4333 expedita
1703 4262 1821 4333 ejus

251 4356 459 4425 .ingua,
490 4354 627 4409 dixit
655 4353 715 4409 S.
744 4353 978 4424 Ephrem
1013 4352 1159 4409 clare
1194 4354 1372 4425 lingtta
1394 4352 1580 4409 Graeca
1606 4372 1621 4409 :
1657 4374 1675 4408 ι
1704 4354 1819 4410 Sal-

252 4462 341 4510 va,
376 4447 633 4503 miserere
659 4487 675 4511 ,
704 4447 991 4510 resuscita,
1016 4455 1073 4502 et
1108 4446 1319 4502 custodi
1350 4459 1445 4501 nos
1475 4486 1490 4511 ,
1533 4444 1693 4513 Deus,
1729 4458 1816 4501 tua

1933 618 2208 688 sbyterum
2257 614 2393 686 (δι),
2438 630 2532 672 eos
2580 616 2793 672 dimisit
2840 617 2891 670 iu
2929 628 3086 687 pace,
3137 610 3501 684 gloriﬁcantes

1937 708 2127 771 Deum,
2150 706 2204 760 in
2229 707 2482 763 omnibus
2520 722 2642 778 qua:
2671 709 2920 763 viderant
2946 746 2961 770 ,
2986 706 3126 760 sicut
3151 705 3357 758 dictum
3416 712 3501 757 est

1934 802 2001 856 ad
2025 813 2143 856 eos.

2558 913 2784 970 CAPUT
2809 912 2891 966 iV.

1940 1030 2201 1086 Restitute
2230 1032 2536 1086 orthodoxis
2571 1029 2803 1083 .Victeuis
2832 1025 3070 1079 erciesia.
3099 1021 3327 1077 Cnstt'ltu
3365 1019 3505 1074 Petri

2007 1101 2275 1155 Sebasteui
2314 1106 2556 1171 probata.
2595 1096 2917 1153 Petaurich
2949 1106 2995 1149 et
3019 1094 3197 1148 Judwt'
3218 1092 3501 1147 conversio.

2006 1171 2412 1315 ggt‘Valentis
2446 1258 2555 1314 Deo
2589 1258 2740 1314 exosi
2794 1257 3082 1311 adventum
3138 1252 3205 1308 ad
3240 1268 3359 1316 nos,
3414 1251 3502 1320 qui

1935 1365 2069 1405 avus
2093 1349 2208 1420 (55)
2260 1348 2361 1403 fuit
2401 1347 2599 1404 Juliani
2636 1348 2927 1416 Apostata,
2960 1351 3261 1401 revertente
3290 1343 3408 1411 ipso
3439 1340 3507 1393 ad

1936 1441 2303 1497 beatissimam
2335 1436 2679 1495 Constantini
2722 1436 2911 1492 urbem
2953 1450 3018 1491 ac
3057 1440 3370 1489 transeunte
3407 1428 3501 1483 Ni-

1933 1548 2099 1588 cmam
2120 1548 2135 1597 ;
2160 1539 2509 1586 accesserunt
2538 1528 2604 1584 ad
2630 1543 2751 1583 eum
2792 1526 3063 1597 principes
3092 1524 3303 1580 Ariana:
3329 1521 3501 1576 haere~

1935 1624 2031 1689 sis,
2077 1621 2517 1695 ﬂagitaruutque.
2576 1615 3153 1676 consubstantialitatis
3206 1620 3505 1671 assertores

1936 1724 2119 1769 sancta
2169 1715 2433 1770 catholica
2486 1711 2717 1769 ecclesia
2773 1708 3068 1771 deturbari,
3106 1707 3293 1776 eisque
3332 1705 3501 1777 ipsam

1940 1807 2096 1860 tradi.
2135 1805 2306 1862 Porro
2333 1819 2597 1878 tyrannus
2636 1813 2693 1859 et
2724 1803 2978 1873 indignus
3008 1814 3262 1871 purpura,
3288 1798 3379 1867 qui
3408 1812 3503 1853 ex—

1934 1898 2207 1953 secranda!
2235 1897 2447 1953 illorum
2485 1895 2708 1950 haeresis
2743 1893 3152 1961 antesignanum
3186 1897 3389 1961 ageret.
3410 1902 3503 1958 pe-

1934 1982 2046 2038 titis
2088 1982 2671 2053 annuit;depulsoque
2717 1981 2937 2037 militari
2993 1995 3152 2033 manu
3204 1978 3506 2034 orthodoxa

1932 2074 2148 2145 populo,
2189 2075 2475 2131 ecclesiam
2512 2074 2733 2129 tradidit
2771 2072 3003 2127 Arianis.
3045 2069 3278 2126 Maerens
3324 2068 3506 2139 itaque

1933 2167 2115 2221 animo
2141 2166 2261 2237 pius
2293 2168 2471 2223 omnis
2526 2170 2777 2237 populus,
2811 2166 2899 2220 diu
2958 2173 3225 2233 noctuque
3274 2161 3504 2216 orabant

1935 2253 2125 2321 Deum,
2155 2263 2214 2311 ut
2248 2270 2316 2312 ne
2354 2254 2471 2325 ejus
2498 2254 2729 2311 ecclesia
2759 2253 3030 2310 stabulum
3065 2253 3218 2309 lieret
3243 2260 3297 2307 et
3334 2250 3504 2307 seutia

1934 2362 2003 2402 na
2030 2346 2327 2405 haereseon.
2358 2346 2538 2420 Pergit
2577 2347 2758 2417 itaque
2790 2343 3018 2401 Niceam
3063 2342 3365 2399 communis
3402 2340 3504 2396 Ec-

1933 2438 2218 2494 clesiarum
2245 2455 2444 2509 praeses
2463 2439 2723 2505 Basilius,
2749 2440 2816 2494 ad
2854 2453 3013 2511 quem
3039 2452 3372 2494 concurrens
3388 2438 3503 2490 uni-

1933 2545 2087 2586 versa
2121 2531 2549 2586 orthodoxorum
2594 2532 2899 2597 multitudo,
2928 2531 3095 2586 multo
3124 2528 3359 2584 clamore
3401 2542 3500 2584 es-

1932 2621 2203 2695 postulant
2252 2622 2594 2693 imperatoris
2646 2623 2917 2692 injuriam.
2978 2626 3047 2678 At
3104 2621 3192 2677 ille
3227 2622 3297 2677 ad
3345 2634 3439 2676 eos
3484 2639 3498 2675 :

1939 2732 1961 2767 σ
2006 2712 2103 2783 Ne,
2126 2714 2305 2771 dilecti
2341 2714 2459 2781 lilii,
2493 2715 2871 2785 ploraveritis:
2910 2716 3322 2784 haudquaquam
3355 2713 3502 2767 enim

1935 2804 2077 2859 istud
2106 2803 2250 2859 Deus
2291 2804 2344 2859 in
2378 2803 2538 2859 linem
2579 2804 2858 2874 permittet
2889 2823 2903 2858 :
2943 2804 3206 2859 sustinete
3235 2817 3365 2860 vero
3386 2802 3501 2859 Ion-

1932 2897 2173 2969 ganimcs
2207 2896 2376 2964 ipsius
2404 2897 2853 2952 misericordiam.
2885 2915 2905 2949 ο

2005 2986 2198 3048 Porro.
2254 2988 2538 3056 Ingressus
2576 2983 3123 3056 Constantinopolim.
3175 2987 3264 3043 ubi
3311 2987 3507 3041 Valen-

1936 3088 2041 3132 tem
2092 3079 2474 3147 imperatorem
2523 3076 2769 3143 vidisset,
2802 3076 2990 3133 dixit:
3039 3095 3058 3131 ι
3094 3076 3140 3133 Ο
3182 3078 3498 3148 imperator.

1937 3168 2124 3223 liouor
2164 3170 2298 3240 regis
2320 3168 2587 3239 judicium
2617 3169 2791 3238 diligit
2838 3168 2949 3239 (c):
2984 3170 3168 3239 aitque
3204 3166 3498 3237 Sapientia.

1929 3258 2202 3314 Iudicium
2233 3262 2365 3331 regis
2388 3260 2605 3330 justitia
2639 3258 2739 3329 (ά).
2770 3257 2879 3313 Cur
2893 3272 3022 3328 ergo
3049 3260 3388 3330 prtesumpait
3413 3270 3501 3314 tt-a

1930 3352 2251 3417 dominatio,
2293 3351 2610 3407 orthodoxis
2634 3366 2729 3407 sua
2771 3352 3007 3421 ipsorum
3041 3348 3269 3407 ecclesia
3311 3350 3477 3422 pulsi:

1930 3441 2071 3497 male
2091 3456 2254 3497 sanos
2284 3442 2338 3496 in
2369 3442 2471 3498 iide
2510 3442 2565 3496 in
2601 3457 2720 3498 eam
2760 3442 3017 3497 mittere?
3050 3462 3068 3493 ι
3101 3443 3187 3496 Ait
3216 3441 3409 3497 Valens
3434 3444 3500 3497 ml

1930 3548 2093 3590 eum:
2136 3552 2156 3586 ι
2198 3532 2525 3599 Rursumne,
2562 3534 2746 3600 Basili,
2796 3535 2860 3587 ad
2898 3534 3275 3589 contumeliam
3312 3549 3500 3589 versus

1931 3624 2027 3681 es?
2050 3625 2120 3679 Ea
2158 3640 2246 3681 res
2268 3625 2363 3681 tibi
2388 3641 2495 3682 non
2519 3626 2789 3697 congruit.
2828 3644 2846 3677 ι
2888 3626 2977 3680 Ait
3006 3636 3228 3681 sanctus
3257 3642 3271 3679 :
3302 3642 3321 3677 ι
3355 3626 3499 3682 ϐοη-

1930 3716 2073 3784 gruit
2110 3716 2261 3783 mihi,
2290 3727 2347 3771 ut
2370 3732 2465 3786 pro
2492 3716 2705 3785 juslilia
2746 3719 2993 3788 bonoque
3027 3718 3188 3774 etiam
3218 3721 3439 3773 moriar.
3472 3736 3492 3770 ι

1930 3807 2229 3879 Imperator
2252 3809 2319 3865 ad
2367 3824 2490 3865 eum
2520 3828 2533 3863 :
2570 3828 2588 3861 ι
2626 3809 2791 3872 Vade.
2819 3819 2871 3863 tu
2899 3820 3021 3864 esto
3066 3811 3205 3864 inter
3231 3819 3497 3880 utrosque

1921 3900 2133 3971 judex:
2190 3901 2316 3957 vide
2365 3910 2566 3964 tamen,
2602 3910 2659 3954 ut
2710 3915 2776 3953 nc
2816 3898 3081 3956 aﬂ‘ectioni
3133 3900 3199 3956 ad
3242 3903 3497 3971 populum

1931 4002 2077 4047 tuum
2110 3992 2479 4047 concesseris:
2506 4005 2610 4047 non
2641 3990 2785 4047 enim
2813 3992 2987 4048 decet.
3021 4010 3039 4045 ι
3076 3992 3163 4047 Ait
3201 3992 3291 4048 ille
3327 3994 3499 4065 impe-

1929 4083 2134 4138 ratori:
2182 4101 2201 4135 σ
2265 4081 2322 4138 Si
2378 4082 2633 4139 habueris
2679 4098 2787 4153 quo
2832 4083 3195 4153 reprehendas
3230 4083 3493 4155 judicium

1928 4190 2129 4239 meum,
2151 4173 2294 4243 iuste
2326 4182 2383 4229 et
2418 4190 2503 4230 me
2536 4174 2730 4231 exsilio
2773 4175 2974 4246 relega,
3004 4183 3063 4230 et
3101 4174 3222 4231 illos
3263 4174 3491 4245 expelle.

1926 4267 2321 4338 ecclesiamque
2360 4267 2657 4323 victoribus
2688 4266 2883 4323 tribue.
2926 4285 2946 4320 ι
2969 4267 3171 4324 Abiens
3192 4266 3373 4336 itaque
3398 4265 3494 4320 Nia

1926 4378 2091 4417 eaeam
2117 4376 2239 4418 cum
2288 4362 2483 4416 litteris
2524 4360 2786 4425 Valentis,
2823 4360 3099 4415 admonuit
3153 4360 3383 4414 Arianos
3438 4368 3495 4414 et

1926 4454 2114 4510 dixit:
2155 4470 2174 4504 ι
2224 4451 2360 4507 Ecce
2410 4452 2703 4521 imperator
2754 4452 2886 4506 mihi
2934 4449 3181 4516 iniunxit,
3240 4448 3426 4506 dicens
3474 4466 3490 4504 :

247 4538 448 4609 gratia.
486 4556 506 4590 ι
534 4538 603 4593 Et
634 4538 851 4609 impleta
878 4549 960 4595 est
990 4537 1308 4611 Scriptura:
1347 4538 1493 4593 Tunc
1536 4538 1686 4593 saliet
1713 4540 1817 4594 εἰει
1849 4553 1895 4609 ι)
1918 4547 2069 4602 Vade
2097 4553 2151 4599 et
2182 4542 2325 4611 juste
2369 4542 2512 4597 inter
2546 4543 2794 4605 Arianos,
2846 4551 2901 4596 et
2951 4540 3041 4612 qui
3085 4542 3304 4611 sapiunt
3355 4556 3492 4598 cou-

248 4640 307 4685 stt
333 4646 511 4685 cerrus
556 4632 807 4694 claudus,
852 4642 900 4685 et
932 4640 1115 4701 aperta
1153 4632 1251 4686 erit
1298 4630 1477 4701 lingua
1524 4631 1816 4687 balbutien-

249 4727 389 4778 tium
422 4722 517 4796 (ι).
545 4721 788 4791 Cumque
818 4721 909 4777 ille
930 4738 996 4777 ex
1038 4733 1281 4792 tempore
1308 4723 1490 4777 omnia
1519 4722 1707 4779 Grece
1732 4722 1814 4778 lo-

248 4829 533 4889 queretur,
567 4819 679 4889 ipsa
710 4816 846 4873 hora
873 4815 1316 4886 gloriﬁcaverunt
1344 4816 1535 4879 Deum.
1567 4817 1659 4885 qtti
1697 4831 1815 4870 om-

248 4912 339 4967 nia
365 4920 541 4981 potest
566 4920 622 4964 et
650 4909 871 4965 exaudit
904 4922 1093 4977 preces
1127 4908 1651 4979 timentiumlipsum.
1680 4906 1817 4979 Spi-

249 5006 392 5062 ritali
423 5004 601 5073 itaque
628 5002 813 5058 l:etitia
848 5015 973 5058 cum
1007 5000 1115 5057 illis
1141 5000 1317 5057 triduo
1353 5000 1592 5058 refectus
1614 5039 1632 5065 ,
1663 5002 1817 5057 ordi-

323 5136 433 5207 (5d)
464 5134 889 5207 Prmdecessores
916 5131 1080 5207 nostri
1106 5133 1141 5207 i
1177 5133 1494 5207 Februarii,
1532 5133 1583 5207 in
1614 5132 1807 5207 _COu_t-

250 5200 515 5260 tnetttarin
535 5204 730 5273 prmvio
758 5208 823 5257 al
860 5216 979 5259 acta
1010 5203 1066 5257 S.
1105 5204 1333 5272 Ephrem
1372 5200 1508 5274 Syri
1546 5202 1573 5274 ᾗ
1613 5204 1683 5265 5,
1732 5201 1801 5256 de

250 5279 419 5341 gradu
472 5274 588 5343 ejus
651 5274 1020 5329 ecclesiastico
1073 5274 1452 5339 disputantes,
1493 5273 1803 5339 judicurunt

250 5347 385 5397 nihil
415 5348 626 5407 obesse,
659 5359 764 5413 quo
797 5346 977 5397 minus
1010 5346 1290 5413 presbyter
1348 5345 1629 5395 ordinatus
1653 5344 1801 5397 credi

247 5427 429 5483 posset
456 5458 473 5479 ,
514 5416 559 5470 si
621 5425 894 5470 constaret
936 5414 1112 5468 Vitam
1166 5418 1305 5483 hanc
1332 5416 1399 5467 ab
1426 5413 1801 5479 Amphiluchio

247 5481 504 5548 scriptam
544 5500 665 5541 esse
696 5499 709 5536 :
746 5498 869 5553 nam
906 5484 1131 5553 objectis
1166 5499 1195 5537 a
1252 5481 1484 5537 Beronio
1536 5482 1798 5553 sutisl‘actt

244 5553 606 5611 Ceuthelisius
654 5555 759 5609 hic.
794 5551 990 5608 Verum
1040 5568 1162 5609 cum
1198 5554 1309 5607 iure
1350 5555 1480 5606 Acta
1521 5551 1800 5622 Amphilo—

247 5625 356 5680 chii
389 5626 653 5690 uousint,
698 5623 898 5678 nullum
921 5633 1166 5693 superest
1200 5622 1606 5679 fundamentum
1649 5637 1799 5677 asse-

321 5759 399 5825 (e)
434 5754 576 5810 Psal.
614 5768 798 5815 chtv.
831 5754 914 5809 l9.

321 5831 395 5881 ibi
428 5826 529 5879 lsa.
569 5837 728 5883 xxxv.
766 5825 818 5878 6.

1924 4632 2464 4697 substantialitatetn,
2490 4648 2652 4701 super
2672 4632 2926 4693 ecclesia.
2966 4647 3125 4703 quam
3149 4640 3355 4687 armata
3386 4633 3492 4704 ipsi

1934 4741 2091 4782 manu
2125 4722 2395 4795 rapuistis,
2424 4721 2627 4791 judica.
2673 4741 2691 4773 ι
2719 4722 2789 4776 At
2817 4723 2891 4777 illi
2926 4741 2939 4777 :
2977 4742 2996 4774 ι
3030 4721 3135 4777 Sed
3173 4736 3242 4777 ex
3263 4722 3494 4793 impera-

1932 4817 2066 4873 toris
2099 4814 2388 4871 sententia.
2424 4831 2443 4866 ι
2470 4813 2605 4868 Tum
2640 4814 2728 4869 ille
2756 4832 2768 4868 :
2799 4834 2818 4867 ο
2851 4815 3055 4878 Venite,
3081 4814 3289 4885 ipsique
3315 4822 3371 4867 et
3394 4828 3491 4868 oro-

1921 4905 2181 4968 tbodoxi;
2216 4902 2531 4974 clausaque,
2563 4914 2617 4959 et
2659 4913 3012 4974 utrorumque
3046 4904 3236 4973 sigillis
3279 4904 3490 4960 munita

1918 4997 2168 5061 ecclesia,
2199 4995 2473 5067 'datisque
2522 4996 2867 5062 custodibus,
2914 5012 3008 5051 vos
3056 4996 3213 5066 primi
3269 5007 3490 5061 euntes,

1919 5130 2069 5188 reudi
2110 5130 2345 5201 Ephrem
2379 5130 2755 5201 presbyterum
2810 5129 3013 5201 fuisse:
3046 5129 3220 5198 potuit
3246 5128 3385 5201 enim
3412 5128 3487 5201 an

1918 5202 2021 5256 hoc
2046 5196 2291 5266 auctore,
2319 5196 2409 5253 aut
2443 5196 2559 5253 alio'
2589 5200 2772 5266 simili,
2823 5200 2995 5269 decipi
3041 5196 3230 5255 auctor
3255 5196 3489 5253 Menela-

1916 5272 1984 5342 gii
2014 5269 2194 5342 Basilii
2222 5270 2589 5342 imperatoris.

1988 5341 2099 5410 (55)
2125 5341 2201 5396 De
2238 5338 2337 5393 hoc
2360 5338 2963 5410 pseudo-Ampltilocbii
3013 5352 3205 5393 errore
3258 5339 3349 5409 egi
3417 5339 3486 5410 ad

1914 5408 2198 5481 Prologqu
2226 5429 2241 5463 :
2267 5408 2529 5481 ubignoto
2564 5413 2704 5480 quod
2736 5409 2851 5467 haec
2878 5410 3103 5467 historia
3150 5410 3214 5465 de
3259 5408 3486 5481 ecclesia

1918 5476 2163 5553 Nicaeus,
2198 5478 2510 5553 orthodoxis
2556 5476 2799 5553 riestit‘uta
2834 5482 2946 5553 sub.
2980 5481 3234 5542 Valente,
3284 5476 3488 5533 omissa

1911 5564 1993 5606 est
2028 5552 2095 5606 ab
2124 5548 2260 5604 Urso
2286 5553 2426 5618 apud
2454 5549 2831 5620 Bosweydum.

1982 5750 2053 5814 lc)
2082 5746 2225 5801 Psal.
2260 5743 2529 5814 xcvttt,_4.

1976 5811 2054 5884 (ά)
2092 5815 2251 5869 Prov.
2282 5828 2392 5873 xw,
2415 5811 2499 5864 i3.
