4046 6480
509 472 681 517 eccm

1873 456 2397 511 PHOLL‘GOMENA.

510 570 802 643 precamini
851 570 1038 624 diebus
1077 570 1270 633 tribus,
1324 581 1377 622 et
1419 569 1586 624 tribus
1642 570 1911 634 noctibus,
1940 579 2079 624 tum-
2106 575 2152 631 Α
2181 585 2284 638 qua
2318 570 2478 624 etiam
2505 569 2691 624 Ariani
2724 569 3075 625 intraverant.
3100 570 3294 638 Aitque
3309 570 3533 640 populo:
3568 588 3588 621 ι
3622 570 3748 626 Tol-

511 679 617 733 que
646 664 712 717 ad
746 662 1028 719 ecclesiam
1058 662 1493 731 proﬂciscimini.
1528 663 1683 729 Quod
1715 662 1760 716 si
1789 662 1876 715 illa
1909 663 2081 731 preci-

513 758 614 810 bus
641 755 833 811 vestris
867 763 1050 823 aperta
1078 755 1232 811 vobis
1268 755 1520 825 patuerit,
1566 762 1778 809 maneat
1816 763 2079 808 aeternum

512 846 673 901 vestri
703 845 877 914 juris;
910 846 992 900 sin
1020 860 1170 910 vero,
1214 846 1381 900 etiam
1422 845 1520 915 ipsi
1546 851 1760 900 noctem
1791 858 1949 898 unam
1985 844 2082 898 du-

510 953 695 992 cemus
743 938 1084 1008 pervigilem,
1129 939 1435 1010 ibimusque
1465 954 1588 994 cum
1619 936 1843 1008 psalmis
1881 936 2081 1005 suppli-

510 1026 682 1081 cando
735 1027 802 1081 ad
835 1027 1111 1097 praefatam
1159 1028 1478 1093 ecclesiam;
1535 1038 1588 1083 et
1634 1026 1896 1097 siquidem
1928 1026 2082 1081 nobis

512 1120 765 1188 patuerit,
798 1120 904 1173 erit
935 1129 1115 1175 nostra
1150 1119 1201 1174 in
1238 1130 1556 1190 perpetuum
1592 1135 1605 1172 :
1638 1119 1720 1175 sin
1752 1134 1878 1175 vero
1907 1134 2080 1188 neque

512 1210 673 1264 nobis
728 1209 891 1265 fuerit
929 1222 1134 1282 aperta,
1171 1212 1251 1267 sic
1297 1228 1516 1268 rursum
1549 1221 1728 1267 vestra
1761 1213 1883 1276 erit,
1919 1220 2082 1278 utque

511 1310 745 1353 vestram
781 1303 1115 1369 acceperitis.
1147 1321 1164 1352 ι
1194 1300 1404 1355 Placuit
1432 1309 1613 1355 autem
1639 1314 1819 1355 sermo
1852 1304 1967 1369 ejus
1996 1314 2082 1352 co-

513 1405 628 1442 ram
656 1390 906 1456 Arianis;
942 1392 1033 1461 qui
1090 1408 1217 1447 vero
1261 1391 1577 1447 videbantur
1622 1406 1740 1446 esse
1771 1390 2078 1454 orthodoxi,

510 1480 656 1535 velut
707 1496 813 1537 non
843 1481 991 1551 juste
1025 1481 1343 1551 iudicasset,
1381 1480 1883 1553 ,reprebendebant.
1918 1479 2077 1534 Multa

511 1574 692 1642 itaque
721 1572 970 1629 cautione
994 1576 1063 1629 ab
1105 1575 1351 1643 utrisque
1380 1573 1639 1637 adhibita,
1668 1572 1779 1629 dati
1816 1581 1948 1628 sunt
1982 1588 2078 1627 cu-

510 1665 715 1728 stodes,
735 1663 829 1734 qui
857 1662 1132 1735 diligentia
1153 1664 1300 1720 omni
1323 1664 1659 1719 custodirent
1679 1665 2079 1721 sanctissimam

510 1754 812 1811 ecclesiam.
860 1755 995 1811 Cum
1043 1756 1243 1825 itaque,
1274 1756 1428 1827 juxta
1476 1757 1653 1811 sancti
1698 1755 1879 1811 Patris
1915 1757 2078 1812 nostri

511 1844 691 1900 Basilii
742 1845 1044 1910 decretum,
1077 1846 1262 1900 Ariani
1298 1856 1407 1902 tres
1456 1846 1575 1901 illos
1622 1846 1738 1901 dies
1787 1854 2079 1915 noctesque

2183 662 2275 717 lite
2329 676 2519 716 manus
2570 672 2777 716 vestras
2820 662 2872 715 in
2936 662 3165 717 sublime
3207 663 3349 726 cmli,
3380 673 3748 733 contenteque

2181 755 2361 808 animo
2389 754 2659 808 clamate;
2690 754 2935 819 Domine,
2976 754 3283 810 miserere.»
3306 754 3440 809 Tum
3465 756 3747 826 consigna-

2185 854 2236 899 to
2266 846 2485 914 populo,
2507 844 2780 899 silentium
2815 845 3034 912 indicit;
3070 854 3260 916 terque
3286 857 3487 902 sancta
3503 848 3745 903 ecclesiae

2180 946 2364 1005 portas
2394 936 2594 1006 signat,
2628 945 2683 989 et
2713 936 2824 991 ait:
2876 955 2894 987 ι
2930 936 3252 993 Benedictus
3294 936 3440 992 Deus
3476 938 3745 993 Christia-

2180 1042 2394 1093 norum,
2424 1027 2476 1080 in
2523 1026 2715 1081 sarcula
2758 1028 3092 1084 saeculorum.
3133 1028 3325 1084 Amen.
3366 1047 3386 1082 ι
3422 1027 3533 1084 Hac
3587 1045 3748 1098 porro

2180 1118 2425 1174 oratione
2477 1118 2694 1173 contriti
2729 1130 2854 1174 sunt
2900 1130 3099 1186 vectes,
3142 1131 3197 1176 et
3244 1120 3424 1177 claves
3450 1118 3743 1182 confractus

2179 1224 2299 1265 cum
2331 1211 2589 1281 pessulis;
2643 1222 2950 1281 apertaque
2996 1222 3119 1267 sunt
3143 1214 3322 1283 januaa
3357 1212 3479 1267 forti
3503 1227 3660 1274 aura,
3694 1223 3749 1265 et

2183 1303 2247 1355 ad
2294 1318 2473 1355 muros
2517 1302 2710 1357 illism:
2762 1303 2981 1371 ipseque
3015 1304 3296 1374 deiloquus
3336 1304 3389 1359 in
3423 1302 3511 1358 illa
3545 1304 3744 1358 verba:

2185 1392 2371 1447 Tollite
2405 1403 2602 1460 portas,
2637 1396 2920 1464 principes,
2946 1407 3163 1459 vestras,
3191 1404 3241 1450 et
3260 1396 3556 1462 eieramirti,
3585 1405 3751 1464 portae

2182 1483 2455 1537 a'ternales
2494 1484 2594 1551 (α),
2623 1486 2923 1540 orthodoxe
2968 1486 3165 1553 populo
3205 1486 3424 1549 comite,
3474 1487 3750 1557 ingressus

2182 1583 2260 1627 est
2302 1574 2353 1626 in
2400 1584 2643 1627 sanctam
2700 1573 2793 1627 Dei
2843 1575 3127 1629 ecclesiam
3166 1592 3179 1628 :
3222 1576 3542 1644 expletoque
3573 1574 3751 1629 missae

2186 1663 2384 1729 cilicio,
2420 1664 2624 1719 dimisit
2651 1665 2899 1735 populum
2927 1681 3048 1721 cum
3078 1665 3259 1720 laetitia
3287 1675 3342 1721 et
3366 1682 3514 1735 pace,
3549 1667 3752 1738 gloriﬁ-

2182 1768 2394 1812 cautem
2411 1755 2599 1819 Deum,
2617 1759 2709 1826 qui
2728 1772 2831 1812 non
2848 1757 3092 1827 despexit
3112 1758 3446 1813 confidentes
3464 1758 3517 1814 in
3535 1760 3708 1829 ipsum
3734 1775 3747 1811 :

2185 1849 2463 1901 innumera
2503 1857 2682 1901 autem
2735 1846 3058 1901 Arianorum
3108 1847 3415 1914 multitudo,
3475 1864 3614 1905 novo
3660 1847 3754 1903 ill‘o

510 1934 711 2002 precati
750 1942 951 1999 essent,
980 1948 1184 1988 aecum
1209 1933 1600 2004 supplicatione
1621 1932 1685 1986 ad
1714 1940 1957 1987 sanctam
1987 1930 2078 1985 Dei
2115 1918 2154 1973 Β
2191 1939 2448 1995 miraculo
2480 1940 2823 2002 conﬁrmata,
2879 1939 3280 1995 abrenuntiavit
3337 1941 3551 2005 haeresi,
3589 1955 3653 1996 ac
3697 1941 3751 1994 in

510 2025 795 2080 ecclesiam
823 2024 1091 2095 progressi
1123 2033 1331 2090 essent,
1356 2024 1544 2091 sicque
1576 2037 1605 2075 a
1638 2034 1799 2075 mane
1826 2034 1995 2091 usque
2017 2020 2082 2072 ad

511 2126 719 2172 sextam
739 2115 1013 2180 fecissent,
1040 2116 1340 2171 clamantes
1364 2113 1528 2168 illud:
1562 2130 1581 2165 ι
1608 2112 1852 2180 Domine,
1872 2113 2089 2167 misere-

513 2226 592 2274 re,
638 2227 659 2262 ι
695 2224 797 2264 non
819 2216 1106 2278 estaperta
1140 2206 1370 2262 ecclesia
1399 2226 1411 2261 :
1444 2206 1724 2277 fractaque
1763 2204 1930 2260 animi
1964 2219 2087 2259 cou-

514 2302 775 2365 tentione,
799 2301 1048 2355 abierunt
1071 2314 1127 2354 re
1157 2298 1380 2357 infecta.

586 2397 676 2451 Ait
700 2404 879 2450 autem
922 2405 1140 2450 sanctus
1169 2394 1402 2450 Basilius
1440 2392 1594 2464 (56):
1634 2412 1655 2445 ι
1702 2392 1839 2448 Ecce
1888 2390 2090 2449 fecistis

513 2501 571 2542 ut
616 2486 966 2543 constitutum
1012 2494 1131 2540 erat
1169 2504 1183 2538 :
1228 2501 1352 2548 nec,
1384 2494 1442 2537 nt
1479 2484 1685 2552 accepi,
1717 2484 1867 2538 vobis
1900 2494 2085 2553 aperta

512 2594 595 2641 est
616 2581 876 2641 ecclesia:
903 2581 1076 2635 adhuc
1094 2591 1147 2634 et
1179 2579 1277 2648 ipsi
1309 2577 1653 2647 precabimur
1668 2585 1880 2632 noctem
1902 2591 2087 2639 unam,

513 2687 569 2731 et
597 2672 953 2745 supplicando
1007 2668 1434 2741 processerimus
1468 2685 1481 2722 :
1533 2666 1677 2737 quod
1719 2664 1764 2720 si
1805 2679 1906 2720 nec
1936 2665 2090 2719 nobis

512 2767 679 2823 fuerit
715 2772 902 2833 aperta
928 2761 1182 2824 ecclesia,
1214 2775 1334 2817 eam
1358 2760 1458 2830 ipsi
1485 2759 1717 2829 accipite
1749 2756 1904 2825 juxta
1940 2754 2088 2824 judi-

512 2859 654 2915 cium
674 2870 873 2913 meum.
908 2873 929 2909 ι
953 2855 1249 2910 Assumens
1277 2852 1460 2921 itaque
1486 2861 1707 2906 sanctus
1726 2849 1884 2904 Pater
1903 2856 2090 2904 noster

512 2959 567 3006 et
580 2948 834 3005 Ecclesia
869 2960 1090 3017 praeses,
1116 2943 1368 3015 populum
1402 2942 1787 3007 orthodoxum,
1814 2957 1937 2997 cum
1970 2957 2087 2996 mu-

513 3041 738 3098 lieribus
771 3048 825 3095 et
854 3038 1119 3110 parvulis,
1150 3036 1300 3093 foras
1352 3036 1630 3091 civitatem
1679 3034 1976 3104 egreditur,
2030 3033 2083 3087 in

517 3134 773 3205 templum
815 3125 988 3188 sarieti
1035 3139 1090 3185 et
1114 3129 1335 3199 gloriosi
1367 3128 1619 3197 martyris
1654 3126 1962 3186 Diomedis;
1990 3140 2085 3177 cx-

2186 2030 2541 2086 orthodoxam
2572 2030 2728 2086 [idem
2762 2031 3061 2085 concessit.
3108 2027 3212 2084 Ubi
3276 2046 3404 2084 vero
3452 2032 3752 2101 imperator

2188 2122 2407 2177 rescivit
2431 2121 2574 2191 quod
2604 2132 2812 2192 gestum
2835 2131 2975 2183 erat,
2994 2121 3316 2190 vituperavit
3346 2121 3561 2190 quidem
3589 2122 3752 2177 Aria-

2188 2231 2267 2269 nae
2297 2215 2520 2270 haeresis
2549 2215 2866 2283 nequitiam,
2915 2213 3050 2268 nihil
3080 2213 3286 2267 habens
3313 2226 3419 2281 quo
3470 2212 3645 2267 sancti
3702 2224 3754 2268 et

2188 2306 2367 2359 divina
2407 2305 2677 2374 sapientis
2703 2304 2882 2359 l’atris
2908 2305 3077 2359 nostri
3116 2302 3301 2358 Basilii
3328 2301 3591 2371 judicium
3627 2319 3749 2359 car-

2186 2407 2337 2466 peret
2359 2399 2530 2466 (nam,
2560 2397 2753 2465 inquit,
2779 2397 2942 2450 etiam
2963 2396 3115 2451 vobis
3131 2394 3362 2466 amplius
3387 2395 3757 2465 gratificavit),

2189 2488 2301 2557 ipse
2332 2494 2534 2548 tamen,
2587 2482 2697 2551 jam
2731 2483 2859 2537 olim
2914 2492 3093 2539 motus
3121 2484 3370 2541 sensibus
3414 2493 3757 2555 cacatusquc

2186 2577 2365 2633 cordis
2403 2574 2621 2638 oculos,
2653 2588 2826 2643 neque
2849 2574 2928 2628 sic
2950 2583 3008 2626 ut
3039 2574 3105 2628 ad
3132 2574 3417 2629 Dominum
3474 2586 3757 2631 converte-

2190 2675 2336 2719 retur
2390 2663 2614 2732 adjecit;
2666 2664 2759 2716 sed
2816 2662 3015 2716 mansit
3063 2661 3292 2719 inﬂexus
3317 2675 3373 2718 et
3417 2667 3753 2733 obstinatus,

2188 2758 2406 2812 tradens
2436 2757 2488 2810 in
2524 2755 2668 2811 bello
2702 2756 2974 2827 spiritum,
2992 2762 3115 2827 post
3137 2770 3385 2827 magnam
3407 2758 3620 2814 cladem
3642 2776 3757 2814 am-

2189 2850 2379 2904 bustus
2419 2847 2472 2901 in
2498 2847 2785 2918 paleario,
2844 2847 2898 2901 in
2950 2848 3199 2918 partibus
3251 2846 3534 2915 Thraciae;
3586 2864 3760 2919 eoque

2188 2938 2347 2994 modo
2380 2939 2609 2994 traditus
2654 2948 2739 2994 est
2770 2948 2976 2995 aeterno
3014 2938 3163 3009 igni,
3206 2940 3259 2993 in
3283 2939 3537 2995 saeculum
3572 2941 3759 2996 smcnli

2187 3033 2531 3087 cruciandus.

2258 3123 2401 3178 Bene
2452 3109 2747 3192 (58)-olim
2793 3123 3006 3178 divinus
3040 3123 3231 3189 David,
3259 3139 3357 3180 ceu
3406 3125 3627 3194 perenni
3662 3124 3754 3178 in-

513 3228 766 3299 pletaque
798 3233 959 3281 nocte
990 3220 1255 3294 pervigili,
1297 3235 1362 3276 ac
1395 3216 1677 3273 matutinis
1722 3216 1968 3286 precibus
1994 3215 2086 3269 ab-
2117 3244 2159 3300 c
2193 3218 2459 3283 scnlptnm
2485 3216 2599 3275 aeri,
2628 3217 2927 3270 immortali
2980 3217 3121 3272 fama
3180 3219 3455 3289 publicum
3489 3216 3633 3281 fecit,
3674 3217 3758 3271 di-

515 3319 725 3380 solutis.
758 3315 1010 3389 populum
1051 3314 1279 3379 reducit,
1338 3320 1563 3367 cantans
1600 3308 1769 3363 illud:
1806 3325 1824 3358 ι
1859 3306 2090 3361 Sanctus

516 3410 697 3476 Deus,
723 3420 942 3465 sanctus
974 3408 1154 3471 fortis,
1200 3413 1423 3461 sanctus
1457 3400 1798 3464 immortalis,
1832 3397 2089 3453 miserere

518 3503 708 3558 nobis:
746 3522 766 3555 ι
789 3500 1194 3569 ingrediturque
1212 3506 1410 3550 sanctae
1438 3495 1679 3551 ecclesia:
1706 3491 1929 3546 ferulam
1951 3490 2086 3561 (57),

592 3614 703 3686 (56)
732 3613 902 3686 Quam
929 3612 1168 3686 amplam
1199 3609 1481 3686 habuisset
1502 3606 1777 3686 Nyssenus
1804 3605 2086 3658 materiam

519 3677 619 3754 pro
660 3677 1160 3755 liincbrisimul‘et
1199 3677 1585 3734 encomiastica
1630 3677 1879 3731 oratione
1911 3688 2085 3755 ,“gllzt

521 3744 744 3811 iratrem
768 3753 1024 3807 Basilium
1054 3752 1181 3804 Elia:
1228 3757 1619 3815 comparasset,
1664 3755 1910 3799 sanctum
1942 3744 2088 3797 illum

524 3824 874 3880 introducens
908 3836 1030 3875 cum
1073 3820 1288 3873 Arianis
1323 3831 1418 3883 pro
1457 3818 1687 3869 ecclesia
1737 3816 1948 3867 Nicaeus
1972 3816 2090 3883 ide-

522 3904 842 3960 certantem,
872 3902 1128 3959 tanquam
1159 3882 1387 3960 alterum
1439 3886 1610 3941 Eliam
1648 3882 2092 3960 cumsacerdoti-

524 3966 624 4019 bus
653 3964 780 4017 Baal
808 3954 1312 4033 super-holocausta
1337 3959 1349 4011 Ξ
1382 3961 1578 4033 Verum
1604 3962 1757 4033 estne
1786 3954 1899 4007 haec
1921 3954 2093 4006 credi-

526 4035 652 4090 .iilis
679 4023 930 4095 historia,
966 4033 1013 4087 si
1044 4032 1207 4084 fuerit
1233 4032 1414 4096 ignOta
1448 4023 1740 4096 Nysscno?

599 4103 711 4175 (57)
753 4094 961 4175 Ferula
985 4094 1309 4175 vestibulum
1341 4140 1355 4163 ,
1398 4094 1508 4155 seu
1540 4098 1718 4167 potius
1742 4094 1981 4165 porticus
2026 4094 2091 4148 ad

528 4170 828 4245 ingressum
852 4170 1114 4245 ecclesiae.

598 4232 711 4317 (58)
743 4241 914 4310 Caput
939 4242 1060 4301 hoc,
1091 4234 1688 4317 inquit_(_lombefisius,
1724 4248 1789 4317 ex
1815 4232 1976 4315 unico
2002 4249 2093 4285 ro-

530 4302 649 4370 dice
673 4302 1144 4382 repraesentandis,
1164 4302 1524 4382 desiderante
1554 4303 1681 4382 alio.
1725 4302 1934 4382 Etenim
1983 4320 2094 4382 ιιιυτ

532 4396 701 4447 retur,
737 4374 785 4438 si
819 4383 961 4453 quod
983 4380 1149 4445 aliud,
1186 4379 1251 4433 ad
1277 4378 1491 4453 fabulas
1518 4374 1783 4443 relegari;
1814 4387 1917 4453 non
1942 4375 2093 4453 quod

532 4442 876 4509 continentim
895 4442 1144 4518 probatio
1178 4464 1272 4517 per
1300 4451 1476 4518 ignem
1518 4442 1793 4519 nunquam
1820 4442 1981 4493 fuerit
2004 4443 2095 4519 ad-

532 4525 699 4579 hibita
746 4513 965 4582 (dicitur
1002 4520 1143 4572 enim
1180 4513 1279 4570 'tali
1321 4513 1590 4573 iniraculo
1627 4513 1851 4584 probata
1907 4514 2095 4584 uxoris

2192 3321 2367 3362 cens:
2408 3304 2693 3360 Generatio
2753 3316 3011 3361 rectorum
3064 3311 3391 3364 benedicatur
3425 3327 3443 3367 :
3474 3310 3646 3381 gloria
3708 3318 3761 3365 et

2189 3399 2390 3454 divitia:
2438 3398 2492 3450 in
2523 3398 2679 3450 domo
2739 3413 2922 3451 eorum
2952 3399 3051 3467 (ὁ).
3098 3400 3237 3455 Vere
3292 3404 3435 3455 enim
3477 3402 3760 3472 generatio

2193 3500 2339 3545 recta
2362 3500 2415 3543 et
2445 3502 2631 3544 semen
2688 3486 2988 3557 longmvum
3013 3498 3067 3542 et
3098 3491 3370 3558 gentilitas
3407 3492 3585 3545 omnis
3637 3491 3751 3547 Deo

2192 3600 2569 3661 Sebastenum,
2592 3610 2814 3652 uxorem
2842 3598 3121 3662 habuerit;
3154 3608 3209 3654 et
3235 3599 3466 3655 alterum
3490 3611 3618 3655 natu
3649 3602 3751 3656 mi-

2192 3673 2394 3740 nimum
2424 3710 2439 3734 ,
2490 3679 2545 3723 et
2569 3669 2771 3739 prolem
2820 3680 3129 3725 sanctorum
3180 3681 3465 3740 parentum
3505 3672 3759 3727 duodeci-

2193 3756 2332 3794 mam
2364 3739 2547 3811 (credo
2572 3740 2835 3811 decimam
2876 3741 3057 3795 dicere
3084 3739 3345 3811 voluisse)
3391 3745 3751 3798 monasticam

2192 3811 2354 3863 vitam
2376 3809 2707 3879 professum.
2737 3809 2985 3864 Forsitan
3018 3812 3100 3867 vir
3147 3813 3251 3867 iste
3282 3809 3527 3868 eruditus
3558 3813 3752 3878 voluit,

2193 3879 2292 3932 bac
2320 3894 2414 3953 sua
2444 3880 2787 3953 cogitatione,
2812 3881 3051 3935 historia:
3078 3883 3268 3953 peritis
3294 3897 3599 3953 proponere
3642 3885 3757 3938 dis-

2194 3948 2407 4015 putandi
2462 3950 2740 4020 materiam
2774 3968 2787 4004 :
2822 3960 2876 4005 et
2905 3948 3193 4007 ostendere
3216 3948 3376 4020 quam
3396 3948 3642 4008 'dillicile
3666 3955 3759 4017 sit,

2193 4018 2545 4094 argumentis,
2576 4027 2630 4094 u_t
2652 4020 3095 4094 aiunt,posi_tivis
3120 4018 3443 4079 convincere
3477 4039 3629 4088 eum,
3663 4028 3757 4094 qui

2192 4088 2501 4163 obfirmavit
2527 4090 2764 4163 animum
2803 4092 3025 4163 aliquid,
3058 4094 3306 4160 quamvis
3337 4094 3666 4163 paradoxum
3682 4088 3753 4149 ὀι

2192 4159 2444 4233 munibus
2468 4160 2787 4233 inauditum,
2819 4159 3106 4233 sustinete.
3136 4159 3353 4216 Certum
3402 4164 3618 4233 quidem
3663 4174 3751 4218 est

2198 4229 2377 4281 Basilii
2407 4228 2577 4295 patris
2629 4238 2683 4279 et
2730 4228 3001 4282 Emmelia:
3042 4229 3243 4284 liberos
3296 4228 3479 4287 decem
3533 4235 3757 4287 omnino

2198 4299 2402 4367 fuisse;
2434 4312 2499 4349 ex
2545 4296 2661 4367 istis
2698 4305 2927 4367 quatuor
2964 4297 3159 4351 fratres
3221 4308 3429 4353 tantum
3460 4305 3713 4355 novimus
3742 4342 3758 4367 ,

2200 4365 2605 4438 testeiNysseno
2642 4366 2693 4419 in
2730 4366 2845 4419 Vita
2862 4364 3123 4438 inseritur:
3152 4385 3164 4419 :
3190 4382 3255 4421 ex
3303 4380 3538 4438 quatuor
3564 4364 3753 4424 fratri;

2199 4438 2317 4505 bus,
2344 4437 2385 4489 is
2410 4433 2499 4505 uni
2534 4438 2830 4490 secundum
2861 4433 3116 4490 Basilinm
3154 4448 3280 4491 natu
3322 4433 3593 4494 inaximus
3618 4452 3759 4505 erat,

2199 4504 2523 4561 Nancratius
2553 4507 2844 4560 vocabatur
2878 4523 2893 4577 ξ
2942 4507 3095 4563 locus
3119 4509 3280 4577 igitur
3326 4526 3431 4563 non
3470 4519 3554 4566 est
3598 4504 3759 4567 alteri

533 4576 816 4661 ;iirgittitas
838 4606 869 4644 ιι
905 4591 962 4645 S.
996 4590 1264 4643 Demetrio
1290 4589 1443 4661 inter
1472 4576 1810 4661 patriarchas
1855 4582 2091 4661 A_|ex_a_n-
2130 4587 2175 4643 υ
2205 4579 2388 4661 ξριτο,
2421 4578 2533 4659 _nisi
2581 4579 2846 4661 quinque“
2862 4576 3090 4661 fratres,
3144 4576 3331 4633 contra
3385 4582 3757 4661 testimonium

537 4651 721 4718 driiios
764 4661 1114 4722 duodecimo;
1153 4668 1209 4713 et
1260 4658 1326 4711 ab
1356 4651 1555 4710 abbate
1587 4657 1841 4721 quodam,
1896 4654 1949 4706 in
1981 4651 2094 4704 Vita

540 4735 599 4788 S-
620 4732 853 4811 ,ποειηιιξε
877 4730 1297 4811 “estnam?
1347 4727 1418 4811 95
1432 4725 1692 4811 18093,?!
1709 4723 2055 4811 ξιξὶινξειίιβω
2079 4738 2094 4811 ξ

538 4805 630 4856 sed
680 4802 821 4870 quod
878 4811 951 4870 tot
980 4798 1173 4870 fabulis
1202 4810 1255 4851 et
1282 4798 1495 4870 ineptiis
1527 4802 1853 4870 exornatum
1890 4798 1987 4854 sit,
2039 4802 2097 4843 ut

539 4863 899 4941 suam-palam
916 4869 1073 4922 faciat
1101 4863 1407 4921 falsitatem.
1438 4867 1593 4941 Nam,
1625 4874 1682 4917 ut
1716 4863 1958 4941 omittam
1982 4875 2099 4941 qua:

538 4930 904 4997 consideranti
930 4949 1130 5008 patent,
1167 4952 1439 5006 nunquam
1486 4930 1700 5008 vivente
1724 4931 1940 5008 _Basdio
2000 4930 2098 4984 Pe-

540 5024 654 5066 trus
676 5004 1026 5066 Sebasten'um
1050 5004 1412 5078 episcopatum
1432 5007 1618 5077 gessit,
1640 5004 1943 5078 ordinatus
1960 5016 2098 5054 anno

542 5084 734 5136 saltem
790 5096 897 5135 uno
948 5070 1321 5148 post'mort'em
1353 5070 1537 5128 frairis
1572 5093 1583 5128 :
1613 5088 1886 5148 nunquam
1910 5070 2098 5148 Petrus

544 5153 874 5207 Sebastenus
909 5141 1191 5218 episcopus
1216 5162 1468 5218 sponsam
1500 5156 1591 5198 ant
1621 5158 1844 5198 uxorem
1874 5141 2095 5218 habuit:

544 5226 659 5287 sed,
697 5237 725 5274 a
754 5220 926 5291 prima
944 5213 1109 5273 aetate
1135 5213 1555 5291 per—Macrinam
1588 5228 1827 5291 sororem
1855 5216 1943 5291 pie
1969 5213 2098 5291 edu-

546 5282 697 5346 catus
727 5282 781 5345 εἰ
803 5290 1104 5351 institutus,
1126 5282 1427 5342 solitariam
1452 5286 1616 5337 vitam
1653 5295 1706 5336 et
1732 5282 2095 5351 virginitatem

547 5362 748 5427 coluit;
785 5373 842 5413 ut
868 5361 919 5413 in
976 5358 1089 5412 Vita
1130 5360 1299 5427 ipsius
1355 5358 1517 5427 Petri
1547 5352 2099 5427 a‘prtedeccssoribus

551 5433 685 5485 meis
712 5422 981 5483 ostensum
1030 5438 1111 5480 est
1136 5422 1168 5483 9
1191 5426 1451 5481 Januarii.
1492 5424 1557 5475 At
1585 5422 1957 5484 Combelisius,
1982 5436 2098 5474 cer-

550 5515 634 5555 tus
666 5499 843 5554 Vitam
879 5502 1034 5560 hanc,
1060 5499 1249 5550 saltem
1287 5508 1342 5548 ut
1371 5492 1704 5554 credibilem,
1734 5492 1954 5547 creditis
1997 5491 2098 5541 0b-

551 5574 785 5633 trndcrc,
818 5569 957 5623 sicut
978 5570 1202 5619 alterum
1225 5566 1505 5619 Libanium
1524 5561 1843 5630 sophistam,
1863 5562 2097 5614 alterum

548 5632 866 5711 quastorem
910 5637 1113 5711 Jttliaru‘i
1159 5636 1525 5711 excogitaret;
1565 5635 1637 5711 ita
1677 5645 1816 5685 nunc
1870 5632 2097 5711 alterum

550 5700 688 5765 iiiter
709 5712 905 5763 fratres
939 5707 1114 5759 Basilii
1144 5700 1573 5757 comitiiuiscitur
1601 5700 1842 5763 Petrum,
1872 5703 2011 5753 inter
2032 5700 2095 5751 ιι-

543 5784 703 5836 beros
740 5788 858 5851 post
880 5778 1167 5831 Macrinam
1198 5778 1445 5843 primum,
1470 5775 1558 5843 qui
1584 5781 1709 5826 ante
1731 5772 2098 5841 episc0patum

612 5894 686 5960 (τι)
715 5889 849 5942 Psal.
882 5903 1036 5950 xxiii,
1066 5884 1115 5950 7,
1144 5886 1197 5939 9.

2207 4646 2458 4719 Nysseni,
2494 4660 2759 4719 nimieres.
2804 4643 2911 4701 Nec
2949 4658 3125 4705 tamen
3155 4662 3440 4719 propterea
3476 4652 3757 4707 credibilis

2206 4716 2658 4790 conjecturalleri
2688 4725 2899 4790 potest,
2931 4719 3085 4790 alteri
3153 4716 3506 4790 pne—torquati:
3557 4720 3759 4788 juniori

2208 4785 2400 4842 nomen
2463 4785 2683 4838 inditum
2727 4786 2883 4843 Petro
2929 4788 3095 4842 fuisse
3126 4785 3384 4843 :‘sieniui
3420 4785 3570 4843 altcr'
3600 4791 3651 4844 in
3694 4808 3759 4847 ea

2206 4858 2409 4911 lamilia
2434 4855 2653 4909 vixisset
2679 4856 2867 4912 Petrus
2897 4900 2910 4920 ,
2946 4876 3068 4913 cum
3130 4861 3345 4912 ultimus
3403 4861 3645 4927 prodiret
3704 4864 3757 4915 in

2208 4930 2403 5000 lucem,
2456 4927 2835 4980 verOsimiliter
2889 4930 2980 5000 hic
3026 4929 3181 5000 aliud
3218 4942 3409 5000 neiuen
3436 4933 3757 5000 accepisset.

2206 4998 2365 5064 Quin,
2423 5006 2479 5047 nt
2537 5002 2898 5052 concedamus
2948 4998 3761 5061 Combefisio,alterum'fuisse

2206 5068 2422 5135 Petrum
2448 5065 2667 5120 fratrem
2694 5068 2905 5127 Basilii,
2937 5068 3025 5133 qui
3058 5068 3205 5134 prius
3262 5071 3605 5122 matrimonio
3646 5070 3761 5135 jun-

2208 5150 2342 5197 ctus,
2374 5134 2543 5191 factus
2570 5140 2761 5191 deinde
2792 5139 2862 5189 sit
2887 5139 3175 5203 episcopus
3201 5136 3560 5202 Sebastcuus;
3587 5134 3761 5206 potuit

2208 5207 2259 5258 id
2283 5206 2451 5260 solum
2496 5218 2616 5275 post
2663 5217 2887 5260 mortem
2936 5206 3118 5275 Basilii
3153 5212 3438 5263 evenisse:
3473 5222 3593 5258 nam
3645 5208 3759 5275 ipso

2208 5274 2450 5338 ﬂorente,
2476 5274 2792 5331 Eustathius
2824 5278 2979 5328 istam
3007 5274 3301 5333 Ecclesiani
3348 5278 3601 5341 turbavit,
3654 5274 3756 5333 non

2210 5348 2382 5401 minus
2417 5363 2575 5417 quam
2623 5346 2958 5416 gubernavit.
3009 5350 3156 5401 Adde
3187 5356 3441 5416 pra-terea
3486 5346 3758 5417 silentium

2208 5420 2443 5470 omnium
2479 5420 2817 5486 antiquorum
2845 5432 2857 5467 :
2888 5432 2983 5471 nec
3012 5434 3171 5470 unam
3221 5419 3433 5484 quidem
3480 5433 3507 5468 a
3559 5416 3759 5473 Basilio

2209 5499 2299 5540 aut
2337 5486 2598 5555 Gregorio
2629 5495 2843 5539 exstare
2870 5490 2934 5539 ad
2988 5490 3158 5555 ipsum
3209 5487 3527 5556 epistolam;
3555 5490 3757 5542 nullam

2210 5558 2261 5609 in
2293 5568 2369 5610 tot
2391 5561 2605 5625 scriptis
2653 5558 2997 5611 mentionem.
3041 5558 3177 5623 Quid
3204 5558 3346 5627 quod
3380 5558 3491 5624 ipse
3527 5563 3757 5627 pseudo—

2207 5627 2636 5694 Amphilochius,
2666 5627 2715 5678 in
2748 5628 2852 5680 [lue
2883 5629 3039 5695 hujus
3069 5629 3214 5693 Vitae,
3246 5640 3354 5681 tres
3376 5629 3547 5681 solum
3576 5628 3758 5682 Basilii

2210 5696 2404 5819 gratim?
2436 5706 2699 5800 tinnie?ret,
2732 5697 2972 5766 interque
2998 5713 3089 5751 eos
3122 5715 3284 5753 unum
3329 5697 3500 5752 solum
3537 5698 3758 5753 Petrum

2251 5785 2277 5819 c
2321 5782 2377 5818 as
2404 5782 2561 5819 ennm
2590 5805 2601 5815 .

2251 5782 2561 5819 υυιιειοηιιιη
2590 5782 2601 5815 ε

2281 5880 2353 5949 (b)
2380 5879 2519 5936 Psal.
2562 5895 2643 5946 ιιι,
2676 5880 2729 5947 2,
2752 5880 2807 5935 5.
