4046 6446
658 380 1025 435 EXCEHPTA
1069 379 1159 437 EX
1200 381 1405 438 ACTIS
1446 382 1504 434 S.
1548 378 1791 436 BASIIJI
1831 378 2353 433 BOLLANDIANIS.
2382 407 2453 418 ——
2485 376 2648 433 VITA
2680 376 3116 432 APOCRYPHA.

3290 393 3481 433 CCCXIII

256 493 479 563 placita.
513 493 665 560 Quod
695 492 876 561 itaque
905 494 959 546 in
988 492 1171 561 Petro,
1202 494 1377 549 Patris
1423 493 1593 547 nostri
1641 493 1820 549 Basilii
1850 498 1897 552 Α
1929 492 2055 547 illa:
2089 512 2107 545 t
2142 492 2271 547 Sum
2305 492 2357 545 in
2408 491 2655 545 manibus
2693 488 2797 541 tuis
2820 526 2835 551 ,
2869 488 3338 545 honorabilissime
3387 488 3489 542 Pa-

254 588 467 649 fratre,
527 592 648 651 post
702 582 993 638 Macrinam
1050 588 1291 641 omnium
1336 584 1655 653 magistram
1716 585 1822 639 luci

254 682 491 749 primum
512 675 680 741 edito,
716 684 923 743 gestum
959 686 1047 733 est
1071 679 1279 744 signum
1329 691 1421 731 seu
1480 676 1817 743 miraculum,

256 767 652 824 corroborante
682 768 909 823 Domino
933 780 1116 823 nostro
1137 765 1264 821 Iesu
1300 768 1537 831 Christo,
1570 782 1826 825 enarrare

255 867 457 915 statuo.
483 856 676 913 Petrus
702 861 814 926 hic,
839 861 1111 914 secundus
1150 859 1239 913 ille
1292 858 1486 915 Petrus
1510 902 1525 925 ,
1559 861 1651 918 ille
1704 872 1826 933 post

254 950 480 1003 Petrum
509 950 806 1020 principem
849 950 997 1002 illum
1028 947 1260 1015 Petrus;
1298 952 1688 1008 sacerdotalem
1721 954 1821 1007 Se—

255 1039 501 1096 bastena:
539 1043 804 1105 civitatis,
838 1041 1069 1111 benigna
1098 1040 1191 1095 Dei
1235 1045 1403 1100 nostri
1429 1057 1483 1100 et
1534 1046 1711 1101 Patris
1748 1048 1826 1100 lu-

260 1130 468 1185 minum
502 1129 859 1200 providentia,
892 1131 1118 1198 adeptus
1159 1134 1379 1202 sedem;
1429 1151 1551 1189 cum
1610 1139 1823 1205 propria

260 1222 455 1287 adest,
482 1234 649 1275 uxore
671 1220 884 1289 quidem
924 1226 1319 1293 nuncupatione
1343 1267 1357 1293 ,
1384 1242 1481 1282 usu
1513 1240 1642 1282 vero
1683 1241 1828 1280 soru-

259 1327 343 1368 re.
396 1311 474 1365 Eo
498 1309 801 1363 Ecclesiam
852 1308 997 1365 illam
1045 1313 1319 1382 sapienter
1369 1314 1782 1369 administrante
1812 1350 1824 1374 ,

257 1403 532 1458 aemulatio
564 1402 931 1458 turbatoribus
955 1405 1152 1458 animis
1166 1404 1534 1469 excitantibus
1561 1417 1680 1460 orta
1703 1416 1784 1459 est
1813 1427 1823 1457 :

259 1494 514 1566 populum
542 1495 687 1550 enim
733 1504 1096 1563 provocarnnt
1144 1495 1403 1560 dicentes,
1458 1496 1607 1550 nefas
1629 1512 1748 1553 esse
1771 1508 1830 1551 ut

258 1586 545 1656 episcopus
596 1602 706 1642 sua:
756 1587 912 1641 uxori
964 1585 1338 1651 coltabitaret;
1386 1585 1658 1655 multaque
1699 1603 1828 1642 con-

259 1678 426 1733 siliati
450 1689 638 1734 contra
674 1690 923 1731 normam
977 1690 1257 1731 sacrorum
1310 1690 1577 1730 canonum
1628 1677 1695 1729 ad
1736 1692 1829 1730 no-

258 1778 439 1821 strum
473 1778 769 1834 pastorem,
801 1764 933 1821 orbe
975 1776 1157 1821 autem
1197 1774 1310 1821 toto
1340 1765 1827 1822 celebratissimum

1928 594 2028 639 ter.
2066 606 2085 638 ι
2125 586 2298 641 Porro
2324 582 2484 651 jussit
2528 593 2749 637 sanctus
2781 579 2896 642 Dei,
2943 590 3001 632 ut
3038 582 3247 637 modius
3278 579 3490 635 ferreus

1926 674 2231 745 alferretur,
2258 675 2451 745 plenus
2477 670 2868 729 ardentissimis
2886 670 3241 741 lampadibus,
3263 672 3446 742 aitque
3473 689 3487 723 :

1932 784 1951 818 t
1994 767 2239 836 Explica,
2268 764 2487 821 domina
2514 764 2584 815 mi
2618 778 2836 833 sponsa,
2883 759 3103 829 pallium
3135 770 3322 817 tuum:
3368 782 3389 816 ι
3436 770 3493 817 et

1927 856 2235 925 explicavit.
2254 857 2452 925 Aitque
2474 855 2539 910 iis
2572 855 2661 923 qui
2688 854 3034 924 bajulabant:
3062 872 3080 903 ι
3108 852 3301 907 Mittite
3329 855 3381 909 in
3406 856 3489 924 ips

1927 962 2045 1001 sum
2076 947 2534 1001 ﬂammatissimas
2556 944 2865 1014 lampades;
2905 968 2921 999 ι
2949 947 3335 1010 miseruntque.
3354 942 3490 997 Tutn

1928 1040 2236 1109 aitsponsa:
2275 1056 2289 1092 :
2323 1056 2341 1087 t
2372 1037 2519 1092 Tene
2574 1038 2627 1091 in
2681 1037 2779 1091 hoc
2828 1040 3137 1108 mapltorio,
3181 1036 3355 1089 donec
3395 1033 3492 1088 tibi

1928 1130 2125 1184 dicant.
2168 1148 2187 1182 ι
2213 1130 2410 1197 Aitque
2442 1147 2454 1181 :
2484 1148 2501 1179 t
2540 1127 2744 1182 Alfene
2782 1126 2956 1181 adhuc
3008 1126 3308 1197 lampadem
3333 1124 3491 1178 aliam

1927 1224 2365 1278 accensissimatn
2404 1241 2417 1277 :
2456 1240 2473 1271 ι
2527 1222 2957 1288 attuleruntque.
2990 1221 3126 1275 Tum
3170 1221 3258 1276 ille
3287 1220 3440 1275 fratri
3475 1238 3489 1274 :

1934 1331 1952 1363 ε
1998 1314 2235 1382 Explica,
2267 1313 2480 1368 domine
2512 1309 2697 1377 frater,
2743 1312 2993 1381 penulam
3034 1318 3179 1366 tuam
3217 1332 3230 1366 :
3273 1332 3292 1365 ι
3323 1321 3377 1367 et
3400 1327 3494 1366 ex-

1933 1406 2167 1471 pllCin'il.
2206 1404 2342 1458 Tum
2376 1404 2466 1459 ille
2498 1421 2512 1458 :
2542 1420 2561 1454 ι
2599 1401 2794 1460 Mittite
2845 1406 2899 1459 in
2950 1406 3166 1475 ipsum:
3205 1420 3223 1453 t
3258 1414 3312 1456 et
3336 1405 3495 1456 mise-

1931 1505 2077 1553 runt.
2101 1496 2231 1551 Cum
2286 1512 2416 1552 vero
2478 1496 2782 1552 diutissime
2833 1505 3080 1551 tenerent
3126 1496 3205 1551 sic
3238 1508 3495 1549 accensas

1930 1589 2208 1660 lampades
2234 1597 2289 1642 et
2332 1598 2574 1654 starent,
2616 1589 2671 1643 in
2730 1596 3005 1656 stuporem
3057 1596 3209 1641 actus
3266 1586 3496 1657 p0pulns

1931 1698 2094 1751 super
2121 1697 2185 1737 eo
2209 1681 2351 1751 quod
2383 1678 2686 1746 videbatur,
2714 1680 2957 1737 clamare
2992 1678 3157 1748 cmpit
3185 1686 3239 1732 et
3267 1680 3447 1733 dicere
3479 1696 3491 1729 :

1937 1789 1956 1821 ι
2000 1771 2262 1827 Dominus
2285 1770 2627 1825 conservabit
2653 1781 2869 1826 sanctos
2894 1784 3046 1834 suos,
3077 1778 3132 1823 et
3159 1768 3345 1823 beatos
3376 1765 3494 1822 illos

260 1860 542 1921 Basilium,
580 1858 708 1926 quid
751 1873 837 1913 res
878 1857 1103 1915 haberet
1140 1860 1500 1925 informaturi,
1542 1869 1823 1915 venerunt.
1860 1836 1902 1892 Β
1934 1862 2095 1916 faciet
2127 1864 2177 1916 in
2208 1874 2352 1918 terra
2383 1859 2481 1933 (ὁ).
2516 1879 2535 1913 ι
2564 1860 3017 1932 Projeceruntque
3052 1875 3313 1917 accensas
3363 1861 3497 1912 lam-

258 1948 358 2002 llle
411 1948 605 2018 gaudio
658 1948 1035 2005 abundantiori
1085 1953 1339 2020 profusus
1372 1988 1388 2015 ,
1448 1952 1557 2004 ait:
1598 1969 1617 2002 ι
1662 1950 1826 2017 Bene,

261 2038 358 2092 filii
386 2078 401 2104 ,
454 2040 715 2097 veneritis
755 2062 770 2097 :
813 2042 951 2097 vado
1004 2042 1282 2095 vobiscum
1345 2041 1412 2095 ad
1447 2044 1523 2096 rei
1560 2043 1831 2111 probatio-

258 2144 410 2185 nem.
470 2150 489 2185 ο
519 2130 916 2204 Profectusque
968 2133 1081 2188 ibat
1136 2148 1258 2187 cutn
1309 2132 1417 2188 illis
1458 2135 1524 2187 ad
1577 2134 1832 2189 Sebaste-

258 2235 388 2273 natn
454 2225 791 2292 metropolim
846 2242 859 2279 :
911 2223 1110 2279 Petrus
1162 2236 1341 2279 autem
1411 2227 1580 2295 ipsius
1642 2225 1827 2293 frater,

259 2311 498 2365 adventu
550 2313 669 2381 ejus
704 2317 941 2384 cognito,
970 2316 1019 2369 ei
1062 2318 1300 2371 occurrit
1365 2319 1431 2372 ab
1474 2331 1599 2372 oetn
1636 2319 1824 2372 millia-

259 2400 458 2464 ribus;
505 2402 853 2472 exhibitaque
888 2405 1069 2459 debita
1109 2408 1414 2461 reverentia
1446 2449 1461 2472 ,
1512 2424 1576 2462 ac
1610 2411 1663 2463 in
1722 2412 1824 2463 Do-

260 2492 411 2545 mino
437 2493 734 2557 osculatus,
767 2494 1006 2565 gratiose
1032 2496 1319 2553 subridens
1371 2499 1504 2553 dixit
1528 2501 1683 2554 fratri
1732 2517 1829 2555 suo

259 2592 317 2636 et
362 2580 513 2638 Patri
568 2594 756 2640 nostro
800 2584 997 2642 Basilio
1033 2607 1090 2643 :t
1133 2587 1414 2659 Tanquam
1461 2592 1528 2645 ad
1569 2592 1827 2647 latronem

263 2674 450 2727 exiisti
486 2714 500 2739 ,
563 2676 781 2731 domine
834 2677 1027 2746 frater,
1081 2696 1205 2735 cum
1247 2685 1432 2749 turba,
1478 2694 1536 2739 ut
1563 2699 1650 2739 me
1678 2700 1833 2754 cape-

260 2780 349 2818 res
375 2765 472 2836 (α).
502 2785 521 2818 ι

333 2854 468 2908 Cum
501 2867 680 2917 autem
728 2874 976 2916 essemus
1008 2863 1232 2932 ingressi
1268 2864 1319 2917 in
1351 2865 1541 2918 urbem
1574 2863 1832 2919 Sebaste—

260 2960 415 3008 nam,
443 2945 839 3018 fuissemusque
870 2952 1069 3020 precati
1115 2953 1165 3006 in
1214 2953 1679 3009 venerabilissimo
1706 2964 1831 3010 tem-

259 3036 352 3104 plo
390 3035 703 3108 Martyrum,
737 3040 1018 3111 multiplici
1045 3058 1244 3099 cornua
1269 3043 1560 3100 illustrium
1591 3049 1829 3117 quadra-

1929 1954 2127 2024 pades;
2158 1969 2254 2009 nec
2276 1964 2395 2009 erat
2420 1956 2471 2008 in
2500 1952 2579 2007 eis
2620 1952 2703 2007 vel
2751 1952 2883 2006 fumi
2920 1955 3070 2017 odor,
3131 1967 3303 2019 neque
3334 1953 3497 2005 vesti-

1934 2056 2115 2101 menta
2145 2045 2357 2099 illorum
2380 2048 2630 2102 ambusta
2661 2052 2807 2099 sunt.
2840 2041 2993 2098 Tunc
3030 2044 3307 2100 adducens
3328 2045 3490 2114 quin-

1930 2153 2035 2209 que
2063 2148 2283 2193 sanctos
2310 2137 2473 2202 viros,
2513 2140 2589 2193 ait
2617 2136 2725 2193 illis
2758 2152 2773 2191 :
2813 2155 2831 2188 t
2872 2134 3080 2191 Edicite
3111 2135 3253 2206 quod
3282 2135 3493 2189 vidistis

1930 2228 1983 2281 in
2014 2229 2354 2283 sanctissima
2400 2226 2649 2282 ecclesia.
2698 2247 2717 2281 ›
2781 2227 3254 2298 Narravemntque
3279 2226 3494 2298 populo,

1931 2328 1987 2371 ut
2019 2318 2280 2373 vidissent
2319 2327 2541 2373 sanctos
2594 2319 2821 2388 angelos
2846 2360 2862 2383 ,
2891 2318 3212 2374 ventilantes
3253 2318 3496 2388 inculpa-

1931 2423 2042 2465 tum
2098 2424 2287 2465 eorum
2319 2409 2496 2463 cubile
2528 2427 2543 2463 :
2573 2419 2627 2463 et
2650 2408 3089 2478 gloriﬁcaverunt
3132 2409 3299 2463 Deum
3331 2450 3347 2475 ,
3402 2411 3496 2479 qui

1931 2500 2066 2557 facit
2114 2500 2383 2557 mirabilia
2450 2516 2641 2571 magna
2702 2509 2758 2555 et
2809 2500 3199 2555 inscrutabilia.
3255 2499 3501 2568 Cumque

1931 2596 2149 2642 sanctus
2196 2587 2358 2643 Pater
2407 2598 2588 2642 noster
2630 2586 2859 2644 Basilius
2921 2604 3109 2657 pacem
3158 2590 3211 2641 in
3268 2588 3495 2644 Domino

1931 2678 2178 2746 dixisset,
2236 2680 2439 2735 reversi
2472 2694 2656 2735 sumus
2694 2678 2745 2732 in
2776 2687 3017 2733 nostram
3067 2679 3364 2748 civitatem,
3384 2678 3498 2748 glo-

1934 2770 2199 2839 riﬁcantes
2229 2771 2399 2825 Deum
2426 2810 2442 2834 ,
2486 2772 2576 2838 qui
2618 2772 2759 2826 dedit
2806 2781 3116 2842 potestatem
3149 2772 3307 2827 talem
3336 2771 3501 2825 homi-

1931 2863 2083 2915 nibus
2115 2858 2207 2933 (c).

2007 2952 2131 3008 Fuit
2166 2951 2499 3021 temporibus
2533 2952 2861 3007 sanctissimi
2903 2967 2965 3005 ac
2997 2951 3295 3007 beatissimi
3321 2953 3492 3009 archi-

1944 3043 2179 3111 episcopi
2212 3041 2418 3108 Basilii,
2456 3041 2685 3097 baeredis
2714 3041 2858 3097 illius
2909 3042 3055 3110 regni
3089 3040 3310 3105 Christi,
3357 3042 3501 3095 vasis

261 3129 437 3197 ginta,
476 3130 892 3188 ascendentibus
915 3134 1072 3188 nobis
1101 3137 1166 3187 ad
1223 3151 1432 3192 sacram
1460 3138 1699 3207 episcopi
1734 3139 1831 3191 do—
1857 3175 1900 3231 ο
1933 3131 2212 3185 electionis
2236 3131 2379 3185 illius
2405 3132 2495 3200 qui
2528 3133 2763 3200 portavit
2803 3132 3006 3187 Christi
3061 3146 3261 3185 nomen
3313 3145 3498 3187 coram

261 3234 433 3285 mum,
471 3220 728 3277 salutavit
775 3222 867 3280 ille
898 3225 1170 3280 dominam
1205 3243 1493 3297 sponsam;
1526 3239 1579 3283 et
1610 3232 1683 3283 ait
1713 3230 1786 3282 illi
1814 3246 1827 3282 :

266 3327 286 3361 ι
345 3309 503 3363 Salve
527 3351 544 3377 ,
572 3326 699 3366 vera
731 3328 849 3367 mea
882 3329 1104 3382 sponsa,
1130 3333 1225 3371 seu
1263 3318 1443 3387 potius
1467 3319 1667 3372 Christi
1698 3337 1713 3375 :
1757 3322 1831 3375 tui

260 3414 425 3454 causa
459 3410 602 3456 totus
620 3402 773 3457 nobis
798 3402 890 3459 hic
917 3404 1075 3460 labor
1091 3418 1399 3476 assumptus
1424 3419 1526 3463 est.
1553 3428 1572 3461 ι
1593 3410 1685 3467 Ait
1703 3412 1827 3466 illa:

264 3513 285 3545 ι
324 3492 455 3548 Sum
485 3494 537 3549 in
565 3494 811 3550 manibus
844 3497 968 3559 tuis,
997 3499 1469 3556 houorabilissime
1496 3500 1677 3560 Pater.
1722 3506 1829 3559 Do-

262 3586 447 3639 minus
474 3586 788 3641 occasiones
821 3585 947 3642 facit
983 3605 997 3641 :
1032 3604 1226 3658 magno
1268 3591 1411 3644 enim
1439 3590 1712 3646 desiderio
1742 3602 1829 3647 te-

265 3689 399 3727 neor
456 3675 795 3744 amplexandi
834 3680 1102 3746 pretiosos
1135 3689 1257 3732 tuos
1286 3679 1453 3748 pedes
1488 3699 1502 3733 :
1533 3681 1689 3747 cujus
1754 3684 1829 3735 rei

259 3782 483 3837 compos
512 3767 726 3833 eﬂecta,
783 3771 988 3837 gratias
1017 3786 1119 3839 ago
1168 3769 1393 3825 Domino
1452 3788 1595 3828 meo.
1644 3772 1831 3828 Faciet

260 3873 415 3926 ergo,
451 3860 686 3914 maximo
710 3861 838 3914 mihi
876 3863 1280 3930 prosequendus
1320 3863 1525 3920 honore
1552 3878 1703 3920 meus
1726 3865 1829 3920 Pa-

264 3959 374 4015 ter,
400 3953 451 4004 in
488 3952 654 4005 tiliam
711 3967 887 4017 suam,
922 3968 1261 4023 quazcnnque
1301 3956 1554 4010 voluerit.
1591 3976 1611 4009 ι
1637 3959 1831 4028 Aitqne

260 4040 351 4094 ille
394 4044 585 4095 fratri:
621 4062 640 4095 t
682 4044 831 4115 liogo
882 4055 953 4111 te,
998 4048 1211 4101 domine
1265 4046 1335 4099 mi
1394 4045 1580 4113 frater,
1613 4059 1670 4102 ut
1726 4066 1829 4103 una

260 4147 386 4185 cum
438 4132 657 4186 domina
692 4149 887 4202 sponsa
945 4154 1059 4190 tnt-a
1109 4138 1345 4193 dormias
1385 4139 1437 4191 in
1491 4141 1829 4195 sanctissima

258 4221 513 4275 ecclesia.
550 4240 572 4274 ι
601 4222 671 4276 At
705 4224 793 4278 ille
820 4226 884 4278 ad
923 4240 1045 4279 eutn
1080 4244 1093 4279 :
1132 4245 1149 4277 t
1190 4227 1403 4282 Faciam
1423 4230 1681 4299 quidquid
1711 4233 1829 4302 jus-

259 4315 425 4379 seris,
456 4316 598 4370 sicut
626 4318 797 4371 debeo
832 4336 846 4371 :
878 4317 1131 4385 fecitque.
1172 4339 1192 4372 ι
1225 4322 1520 4378 Assumens
1544 4339 1674 4393 ergo
1706 4340 1830 4380 san-

259 4421 385 4462 ctus
408 4406 569 4462 Pater
604 4416 787 4463 noster
812 4410 1101 4465 nonnullos
1138 4411 1246 4466 Deo
1287 4411 1495 4469 albatos
1524 4428 1579 4470 et
1609 4417 1829 4486 spirita-

1938 3224 2187 3294 gentibus
2215 3231 2270 3277 et
2310 3224 2529 3293 regibus
2556 3233 2611 3279 et
2641 3222 2767 3277 filiis
2787 3223 2975 3288 Israel,
3001 3224 3141 3279 sicut
3172 3223 3387 3279 divinus
3445 3235 3501 3277 et

1934 3317 2121 3370 beatus
2151 3314 2441 3382 Apostolus
2474 3315 2550 3388 (ά)
2578 3357 2592 3382 ,
2629 3314 2825 3371 mulier
2851 3317 3093 3385 quaedam
3118 3357 3133 3382 ,
3186 3315 3391 3371 divitiis
3447 3323 3497 3368 et

1932 3406 2216 3462 nobilitate
2246 3407 2392 3463 clara
2422 3448 2439 3473 ,
2468 3407 2801 3477 reliquisque
2838 3407 2902 3459 ad
2956 3422 3109 3461 vana:
3164 3404 3325 3472 ltnjus
3382 3406 3498 3458 vita:

1934 3499 2194 3568 obsequia
2234 3501 2561 3568 comparatis
2584 3515 2743 3569 supra
2793 3512 2985 3552 omnes
3010 3498 3172 3551 elata.
3208 3496 3333 3551 Haec
3391 3510 3497 3552 sta-

1934 3600 2044 3645 tum
2083 3591 2347 3646 vidualem
2382 3592 2663 3659 amplexa,
2704 3589 2932 3658 turpiter
2986 3597 3249 3657 potestate
3298 3588 3489 3649 abusa.

1933 3682 2164 3751 seipsam
2187 3682 2325 3750 gula:
2357 3680 2689 3748 luxuriaque
2714 3680 3075 3749 mancipavit;
3114 3681 3249 3734 nihil
3296 3682 3499 3735 habens

1932 3789 2039 3842 quo
2066 3774 2305 3842 placeret
2328 3773 2456 3841 Deo,
2489 3774 2581 3828 sed
2607 3774 2839 3843 seipsam
2871 3773 3044 3826 instar
3082 3787 3369 3841 porcorum
3402 3787 3498 3827 vo-

1933 3864 2109 3920 lutans
2144 3867 2193 3919 in
2250 3866 2473 3921 luxuriae
2527 3878 2707 3920 coeno.
2770 3863 3011 3917 Tandem
3051 3862 3255 3933 itaque,
3282 3865 3499 3931 dispen-

1930 3968 2085 4011 sante
2122 3956 2251 4022 Deo,
2302 3957 2565 4010 immensa
2595 3972 2689 4010 sua
2720 3967 2947 4024 peccata
2988 3954 3172 4008 animo
3223 3965 3497 4023 repetens.

1933 4056 2219 4116 menteque
2273 4046 2487 4100 coalitus
2541 4044 2829 4109 illustrata,
2863 4051 3025 4114 atque
3061 4042 3285 4097 seorsim
3338 4046 3499 4098 tacito

1932 4149 2118 4205 agens,
2148 4149 2374 4203 pensare
2423 4134 2587 4203 cepit
2616 4134 3011 4189 multitudinem
3052 4148 3271 4188 suorum
3302 4148 3496 4202 pecca-

1934 4237 2106 4279 torum
2132 4242 2147 4280 :
2178 4226 2417 4295 dixitque
2440 4226 2857 4280 lamentabiliter
2880 4226 3133 4295 plorans:
3172 4244 3191 4276 t
3219 4224 3333 4278 Heu
3360 4226 3377 4279 l
3414 4240 3499 4278 me

1928 4320 2290 4387 peccatricem
2309 4327 2363 4373 et
2386 4317 2713 4374 luxuriosam
2742 4319 2755 4372 ι
2788 4318 3057 4386 quomodo
3079 4318 3339 4370 immensa
3377 4332 3496 4385 qua:

1932 4410 2147 4478 peccavi
2197 4410 2497 4463 confitebor
2538 4419 2592 4462 et
2618 4408 2846 4478 expiabo
2874 4407 2897 4459 i
2924 4406 3204 4477 Templum
3252 4406 3495 4478 Spiritus

261 4498 342 4551 les
376 4498 524 4553 viros
552 4538 567 4564 ,
608 4498 848 4568 quinque
877 4513 1127 4563 nutnero,
1161 4517 1230 4555 ex
1278 4502 1475 4571 quibus
1535 4521 1671 4560 unus
1715 4523 1824 4561 rem
1865 4524 1905 4577 ι)
1935 4500 2105 4553 sancti
2135 4500 2330 4568 pollui;
2361 4500 2692 4554 habitantem
2725 4500 2779 4553 in
2806 4513 3033 4567 corpore
3063 4499 3299 4554 animam
3351 4503 3496 4555 coin-

260 4593 432 4659 probe
464 4600 655 4656 norat;
687 4591 847 4645 etiam
872 4591 1055 4659 ipsein
1081 4602 1267 4647 sancta
1290 4593 1518 4649 ecclesia
1547 4595 1821 4653 dormivit.

260 4680 421 4735 Circa
446 4682 675 4736 mediam
710 4695 886 4737 autem
919 4694 1131 4739 noctem
1170 4683 1289 4739 illos
1314 4686 1587 4741 suscitans
1621 4704 1647 4740 a
1679 4704 1821 4744 som-

261 4789 331 4826 no
361 4774 475 4827 ait:
525 4792 544 4825 t
575 4774 714 4840 Quid
752 4777 945 4830 videtis
987 4780 1131 4831 circa
1164 4776 1384 4832 fratrem
1432 4794 1606 4832 mcum
1636 4780 1659 4833 ?
1694 4800 1713 4833 ι
1762 4784 1829 4835 At

261 4866 383 4919 illi:
426 4883 446 4916 ι
492 4865 749 4921 Videmus
809 4884 1004 4921 novum
1072 4869 1409 4924 miraculum.
1456 4889 1475 4921 ι
1518 4870 1611 4923 llle
1658 4888 1823 4927 vero:

266 4976 285 5008 ι
352 4958 633 5024 Quodnam
695 4959 867 5013 illud?
908 4980 926 5013 ι
985 4960 1440 5029 Responderunt:
1486 4980 1505 5013 ι
1578 4962 1827 5019 Videmus

261 5051 505 5121 angelos,
536 5049 857 5105 ventilantes
891 5051 1086 5107 lectum
1117 5052 1231 5119 ejus
1258 5053 1659 5123 inculpabilem.
1688 5072 1707 5105 ι
1735 5057 1826 5109 Ait

259 5157 446 5196 autem
478 5151 699 5198 sanctus
731 5141 889 5196 Pater
918 5152 1101 5197 noster
1130 5142 1362 5199 Basilius
1391 5162 1405 5199 :
1444 5162 1463 5197 ι
1494 5144 1705 5201 Nemini
1744 5150 1825 5201 di-

264 5234 463 5288 xeritis
490 5234 633 5303 quod
660 5233 891 5289 vidistis.
927 5254 945 5284 ι

332 5324 592 5395 Sequenti
615 5340 743 5381 vero
771 5341 927 5379 mane
957 5327 1191 5380 reversis
1225 5328 1377 5383 nobis
1399 5331 1464 5383 ad
1491 5332 1819 5401 episcopum,

258 5418 444 5471 dixit:
488 5436 507 5468 ε
552 5414 784 5487 Tempus
814 5430 919 5481 est,
951 5420 1166 5473 domina
1218 5420 1289 5473 mi
1335 5435 1548 5488 sponsa.
1584 5438 1673 5474 seu
1725 5440 1814 5491 po-

259 5512 369 5565 tius
396 5509 620 5573 Christi,
658 5522 713 5562 ut
743 5514 882 5579 quod
910 5512 1169 5582 qua'ritur
1226 5511 1279 5564 in
1334 5512 1505 5572 palam
1538 5513 1648 5566 ﬁat.
1686 5534 1703 5565 ι
1755 5516 1821 5568 At

329 5664 409 5713 ια,
441 5662 603 5699 mare.
640 5660 748 5706 xlv,
777 5644 866 5703 ‘6.

332 5714 771 5851 lflt'iiilmf‘t

332 5784 401 5857 (r)
429 5784 615 5840 Matth.
654 5802 729 5850 ut,
755 5787 785 5841 8

1936 4591 2152 4656 quinavi
2186 4609 2197 4642 :
2231 4592 2341 4645 lleu
2366 4605 2450 4644 tne
2479 4590 2494 4642 ι
2530 4589 2765 4658 proiecta
2801 4605 2941 4642 sum.
2976 4589 3110 4641 Num
3162 4590 3302 4643 sicut
3330 4602 3495 4640 mere-

1931 4682 2033 4731 trix
2056 4680 2143 4733 illa
2161 4682 2333 4731 dicam
2362 4700 2373 4733 :
2399 4678 2686 4732 tMiserere
2701 4677 2858 4732 mei?»
2880 4687 2971 4731 aut
2986 4678 3122 4731 sicut
3138 4676 3457 4732 Publicanns
3479 4695 3493 4730 :

1936 4792 1951 4822 t
2002 4770 2251 4834 Peccavi,
2290 4788 2309 4822 ι
2344 4786 2465 4824 cum
2496 4772 2791 4841 prasertitn
2840 4779 2958 4839 post
2994 4770 3318 4839 baptismum
3373 4784 3495 4838 pec-

1930 4866 2169 4920 caverim
2198 4864 2222 4917 2
2263 4863 2360 4931 Qui
2392 4879 2518 4917 vero
2552 4865 2754 4917 certior
2777 4862 2900 4917 tiam
2922 4905 2936 4927 ,
2974 4863 3115 4931 quod
3146 4862 3287 4915 Deus
3320 4863 3493 4931 pmni-

1932 4964 2127 5007 tentem
2190 4953 2493 5022 suscipiet?
2539 4973 2557 5004 ι
2615 4952 2739 5006 Haec
2792 4968 2951 5021 porro
2996 4954 3125 5022 'ipsa
3182 4952 3490 5020 cogitante,

1930 5050 1974 5101 is
2027 5048 2118 5117 qui
2177 5048 2279 5100 vult
2337 5062 2512 5098 omnes
2559 5049 2727 5099 salvos
2782 5045 2897 5113 ﬁeri
2952 5055 2997 5099 et
3060 5044 3129 5097 ad
3173 5046 3491 5114 agnitionem

1928 5140 2154 5192 veritatis
2214 5138 2386 5190 venire
2432 5136 2525 5208 (ε),
2582 5148 2637 5192 et
2692 5139 2960 5191 neminem
3012 5137 3123 5189 vult
3166 5137 3381 5203 perire,
3438 5136 3489 5187 in

1928 5231 2243 5285 memoriam
2274 5230 2323 5283 ei
2355 5238 2589 5291 revocat,
2623 5242 2744 5297 qua:
2777 5243 2805 5279 a
2834 5227 3115 5295 iuventute
3137 5226 3440 5295 deliquerat
3474 5241 3487 5277 :

1925 5319 2247 5388 sedensque,
2277 5334 2372 5373 sua
2421 5319 2610 5388 ipsius,
2645 5334 2674 5371 a
2708 5317 2934 5385 juvenili
2988 5320 3232 5384 adusque
3262 5314 3486 5369 senilem

1929 5422 2164 5475 aztatem,
2226 5420 2447 5480 peccata
2496 5410 2713 5478 scripsit
2766 5411 2818 5462 in
2867 5409 3051 5462 cltarta
3090 5406 3488 5462 :nuvissimum

1927 5510 2107 5554 autem
2144 5501 2382 5571 scripsit,
2409 5501 2553 5569 quod
2594 5499 2807 5554 dicebat
2861 5513 3113 5566 magnum
3164 5504 3489 5566 peccatum;

2000 5661 2079 5721 td)
2102 5668 2215 5709 Act.
2252 5676 2324 5720 ιι,
2364 5659 2448 5711 15.

2002 5726 2119 5797 (¢)l
2150 5726 2266 5781 Tittt
2305 5744 2364 5793 It,
2391 5730 2444 5781 ι.
