4046 6460
536 395 715 444 ,κεκιγ

1880 381 2378 438 ῬΗΟΜΞΟΟΜΕΝΑ
2391 424 2404 436 .

535 502 887 571 chartatnque
921 498 1067 556 bulla
1090 499 1342 572 plumbea
1374 497 1682 572 obsignant
1710 497 1846 567 (59).
1869 498 2095 571 Captato
2124 501 2171 558 A
2199 499 2341 553 inter
2367 512 2555 554 omnes
2584 498 2768 553 Patres
2802 495 3101 562 celebrem,
3125 494 3361 564 Ephrem
3384 491 3496 564 (6|)
3530 493 3768 550 nomine.

533 600 710 649 autem
742 601 1041 662 opportuno
1076 601 1338 662 tempore,
1367 603 1493 645 cum
1520 598 1743 646 sanctus
1770 587 2006 647 Basilius
2032 589 2096 644 ad

532 698 722 752 preces
748 682 939 739 solitas
987 684 1040 737 in
1085 684 1373 739 ecclesiam
1420 683 1899 754 proficisceretur,
1959 684 2096 741 clam

531 788 870 845 pra-currens
912 774 981 828 ad
1028 774 1191 842 pedes
1223 775 1341 844 ejus
1362 774 1605 830 chartam
1631 772 1859 841 proiecit
1895 796 1906 830 :
1939 787 2101 844 seque

532 868 585 920 in
610 864 804 921 faciem
836 866 903 921 ad
938 866 1106 936 ipsius
1130 867 1294 935 pedes
1326 866 1561 937 iactans,
1594 865 2095 924 clamabatdicens:

536 978 556 1008 ι
592 956 846 1014 Miserere
870 957 996 1023 mei,
1027 967 1212 1012 sancte
1244 956 1360 1022 Dei,
1403 973 1522 1028 qua!
1564 972 1728 1026 supra
1762 970 1949 1013 omnes
1981 972 2098 1013 sum

533 1050 826 1120 peccatrix.
863 1069 882 1100 ›
918 1048 1083 1104 Stans
1111 1059 1290 1103 autem
1320 1050 1507 1105 beatus
1535 1048 1625 1104 ille
1662 1049 1865 1107 Christi
1926 1049 2101 1103 famu-

533 1141 637 1207 lus,
662 1143 729 1196 ab
759 1154 819 1194 ea
847 1140 1191 1211 perquirehat
1216 1155 1438 1195 causam
1468 1141 1785 1206 gemituum.
1814 1137 1949 1193 Tum
1974 1140 2058 1193 illa
2085 1158 2096 1192 :

538 1252 557 1285 ι
588 1232 747 1296 Ecce,
791 1231 1028 1298 domine,
1062 1247 1179 1288 mea
1218 1232 1396 1288 omnia
1427 1243 1648 1302 peccata
1689 1241 1744 1287 et
1789 1234 2021 1287 crimina
2048 1235 2099 1286 in

533 1322 716 1378 charta
765 1321 867 1378 hac
900 1324 1134 1393 scripsi,
1184 1333 1238 1376 et
1264 1323 1575 1393 obsignavi:
1607 1336 1659 1378 tu
1696 1338 1846 1388 vero,
1898 1337 2086 1381 sancte

536 1414 651 1479 Dei,
680 1427 747 1469 ne
776 1416 1110 1487 signaculum
1147 1414 1457 1486 bullamque
1487 1416 1748 1482 moveris;
1800 1418 1895 1472 sed
1954 1419 2087 1473 solis

534 1505 783 1574 precibus
808 1522 869 1562 ea
898 1504 1279 1576 dele(60).Qui
1300 1509 1442 1562 enim
1480 1507 1615 1561 hanc
1651 1508 1779 1562 mihi
1814 1510 2097 1578 cogitatio-

535 1614 657 1653 nem
684 1599 846 1661 dedit,
861 1595 1019 1667 plane
1034 1599 1284 1654 obaudiet
1306 1613 1402 1668 pro
1430 1612 1515 1652 me
1540 1610 1809 1655 orantem.
1841 1600 2101 1668 sMagnus

531 1701 692 1755 porro
719 1685 946 1743 Basilius
965 1689 1205 1743 chartam
1245 1688 1482 1752 elevans,
1516 1698 1571 1743 et
1598 1690 1866 1759 aspiciens
1898 1690 1949 1744 in
1975 1704 2092 1745 ete-

532 1782 651 1833 lnnr
674 1780 787 1837 ait;
828 1800 846 1834 ι
885 1779 1084 1842 Tuum,
1122 1777 1370 1845 Domine,
1420 1778 1587 1835 solius
1620 1791 1701 1836 est
1735 1796 1870 1851 opus
1916 1782 2097 1838 istud:

530 1875 621 1942 qui
672 1875 816 1928 enim
865 1874 1005 1926 tollis
1059 1881 1340 1939 peceatum
1374 1873 1846 1938 mundi,faci|ius
1874 1890 2096 1946 quoque

531 1967 691 2020 unius
720 1965 879 2032 hujus
910 1965 1106 2020 animae
1140 1966 1373 2020 crimina
1412 1966 1712 2021 deleveris:
1746 1969 1927 2025 omnia
1948 1971 2100 2041 quipo

528 2075 596 2131 pe
632 2070 815 2114 nostra
845 2060 1038 2113 delicta
1065 2059 1205 2129 apud
1232 2067 1282 2112 te
1329 2067 1614 2113 numerata
1644 2069 1769 2115 sunt
1796 2080 1809 2117 :
1834 2073 1922 2117 tua
1968 2080 2098 2120 vero

529 2151 899 2207 misericordia
931 2152 1195 2204 immensa
1228 2158 1331 2211 est,
1382 2160 1450 2204 .et
1503 2149 2027 2222 impervestigabilis.
2073 2176 2091 2209 ι

530 2243 625 2298 His
656 2252 835 2296 autem
869 2240 1029 2295 dictis
1062 2282 1078 2304 ,
1134 2240 1409 2310 ingressus
1436 2251 1521 2297 est
1549 2243 1835 2298 ecclesiam
1856 2285 1870 2309 ,
1910 2255 2099 2301 tenens

526 2338 769 2389 chartam
803 2374 818 2398 ,
854 2346 1021 2402 seque
1072 2332 1287 2401 jactans
1341 2348 1523 2388 coram
1560 2334 1715 2389 altari
1742 2373 1757 2397 ,
1786 2342 1952 2389 totam
2009 2354 2097 2393 no-

528 2439 666 2482 ctem
723 2425 1044 2495 pervigilem
1100 2424 1154 2478 in
1211 2427 1461 2494 precibus
1489 2424 1626 2495 egit;
1682 2426 1845 2492 inque
1898 2430 2098 2483 crasti-

530 2537 682 2584 num,
729 2533 823 2590 per
854 2526 965 2573 tota
999 2517 1287 2570 missarum
1322 2515 1583 2571 solemnia
1606 2558 1619 2579 ,
1650 2517 1819 2573 Deum
1845 2520 2098 2576 obnixius

528 2614 725 2666 oravit.

598 2704 725 2758 Post
776 2705 971 2757 facerm
1014 2713 1192 2757 autem
1214 2702 1545 2765 missionem,
1582 2704 1866 2759 accersivit
1897 2706 2092 2761 mulie-

528 2811 669 2854 rem:
708 2795 1029 2853 tradensque
1054 2794 1320 2854 chartam,
1356 2797 1431 2847 ait
1472 2809 1487 2846 :
1531 2814 1550 2848 ι
1581 2795 1849 2851 Audistin’
1880 2798 2094 2863 mulier,

525 2889 671 2959 quod
734 2902 890 2940 nemo
947 2884 1116 2955 possit
1172 2893 1388 2955 peccata
1451 2885 1743 2949 dimittere,
1796 2888 1898 2941 nisi
1950 2889 2096 2942 solus

530 2980 700 3034 Doris?
739 2998 757 3031 ι
813 2978 902 3032 Ait
934 2976 1063 3033 illa:
1107 2992 1126 3027 ι
1170 2975 1391 3041 Audivi,
1440 2974 1621 3042 Pater,
1674 2986 1834 3046 teque
1885 2979 2003 3033 ideo
2028 2982 2095 3035 ad

530 3068 967 3127 intercedendum
1014 3068 1157 3136 apud
1199 3066 1759 3121 misericordissimnm
1794 3068 1960 3123 Deum
1992 3069 2097 3125 sol-

2204 588 2340 644 Huic
2387 592 2540 645 trade
2569 590 2836 651 chartam,
2870 587 3021 658 isque
3070 585 3272 649 orabit,
3300 597 3355 640 et
3394 584 3556 640 Deum
3588 584 3741 653 propi

2204 681 2334 736 tium
2370 683 2464 738 tibi
2490 681 2670 738 faciet.
2706 700 2724 733 ι

2271 774 2343 828 At
2366 773 2449 828 illa
2484 772 2785 829 valedicens
2819 780 3024 835 sancto,
3054 768 3291 826 cucurrit
3320 771 3386 823 ad
3430 772 3699 827 desertum
3744 782 3759 819 :

2203 863 2557 931 confectoque
2588 863 2743 931 longo
2767 863 2973 923 itinere.
3010 861 3252 930 pervenit
3283 859 3349 913 ad
3378 868 3762 928 praemonstra-

2206 968 2315 1010 tum
2365 958 2539 1011 locum
2583 958 2759 1025 magni
2819 954 2961 1009 illius
2997 954 3278 1019 eremitas;
3322 950 3650 1023 pulsansque
3705 948 3772 1005 ad

2198 1048 2717 1117 januamclamahat
2746 1048 2932 1101 dicens
2982 1062 2996 1100 :
3038 1063 3057 1097 ι
3105 1042 3362 1098 Miserere
3406 1044 3535 1107 mei,
3586 1051 3775 1099 sancte

2206 1143 2319 1197 Dei.
2360 1162 2379 1195 ι
2415 1141 2505 1195 Ille
2534 1138 2790 1207 praescius
2832 1138 3022 1207 spiritu
3061 1150 3222 1207 quam
3253 1134 3323 1188 ob
3348 1148 3565 1188 causam
3600 1136 3777 1190 venis-

2203 1241 2307 1298 set,
2340 1234 2417 1288 ait
2440 1231 2513 1287 illi
2542 1248 2555 1284 :
2597 1248 2615 1281 ι
2650 1226 2746 1282 Exi
2780 1244 2808 1280 a
2834 1244 2938 1292 me,
2978 1228 3196 1293 mulier,
3230 1228 3354 1297 quia
3387 1225 3549 1280 homo
3578 1243 3773 1297 pecca-

2204 1336 2289 1378 tor
2314 1340 2455 1391 sum,
2483 1321 2729 1390 indigens
2758 1328 2813 1372 et
2847 1317 2960 1387 ipse
2990 1319 3285 1388 adiutorio.
3323 1336 3341 1370 ι
3380 1315 3448 1369 At
3475 1316 3563 1369 illa
3594 1318 3774 1385 jacta-

2205 1417 2565 1480 vitchartam,
2591 1413 2774 1466 dicens
2804 1433 2815 1464 ;
2849 1428 2867 1459 ι
2897 1407 3035 1463 Misit
3059 1424 3145 1463 me
3173 1412 3240 1464 ad
3264 1420 3315 1465 te
3337 1408 3775 1479 archiepiscopus

2202 1507 2455 1571 Basilius,
2486 1514 2545 1558 ut
2572 1504 2737 1557 Deum
2765 1518 2861 1571 pro
2883 1515 2967 1554 mc
2995 1502 3323 1571 depreceris,
3360 1515 3468 1570 quo
3492 1511 3773 1569 peccatum

2205 1603 2257 1657 in
2279 1603 2467 1657 charta
2490 1598 2723 1667 positum
2764 1600 3009 1654 deleatur
3042 1612 3056 1650 :
3091 1594 3287 1650 delevit
3310 1592 3614 1661 enim,ipsa
3647 1606 3774 1659 pre.

2202 1704 2377 1758 catus,
2404 1689 2633 1760 reliqua.
2671 1689 2749 1746 Tu
2780 1704 2907 1744 vero
2940 1702 3006 1743 ne
3054 1682 3332 1757 pigriteris
3372 1698 3470 1753 pro
3497 1682 3656 1737 unico
3705 1682 3775 1736 ad

2210 1788 2373 1842 Deum
2402 1783 2761 1846 intercedere,
2787 1781 3054 1850 siquidem
3078 1780 3145 1834 ad
3172 1789 3222 1834 te
3253 1776 3413 1832 missa
3442 1773 3777 1829 sumaTunc

2207 1879 2272 1931 ad
2303 1890 2422 1930 eam
2452 1885 2672 1929 sanctus
2711 1874 2804 1928 Dei
2836 1888 2850 1925 :
2887 1889 2905 1921 c
2940 1870 3036 1935 Ne,
3086 1870 3218 1933 filia,
3250 1884 3317 1923 ne
3348 1868 3421 1923 ita
3454 1884 3468 1922 :
3502 1867 3594 1937 qui
3630 1865 3774 1919 enim

2206 1983 2301 2039 pro
2331 1966 2515 2022 multis
2539 1966 2643 2021 illis
2672 1964 2910 2036 peccatis
2938 1960 3108 2028 potuit
3140 1959 3304 2013 Deum
3343 1958 3776 2028 placare,etiam

2207 2076 2305 2132 pro
2356 2073 2463 2114 uno
2503 2058 2642 2128 quod
2690 2063 2930 2121 superat,
2973 2049 3185 2105 facilius
3222 2065 3384 2115 quam
3424 2065 3524 2120 ego
3555 2050 3774 2118 poterit.

2207 2152 2355 2206 Vade
2390 2166 2542 2221 ergo,
2579 2164 2644 2202 ne
2683 2145 3004 2208 tardaveris,
3057 2151 3117 2197 ut
3149 2142 3430 2213 pervenias
3463 2140 3527 2193 ad
3575 2142 3776 2209 ipsum,

2206 2248 2520 2317 priusquam
2569 2256 2598 2294 a
2648 2253 2876 2310 corpore
2924 2235 3253 2309 migraverit.
3286 2251 3305 2286 ι
3350 2232 3443 2287 llla
3469 2232 3779 2288 valedicens

2207 2350 2422 2402 saneto,
2460 2334 2619 2390 rediit
2666 2332 2991 2389 Caesaream.
3042 2331 3283 2399 Cumque
3314 2326 3692 2399 ingrederetur
3720 2326 3774 2379 in

2205 2433 2479 2488 civitatem
2503 2468 2517 2493 ,
2541 2425 2975 2483 occurritsancti
3010 2422 3193 2478 Basilii
3224 2421 3460 2489 corpori,
3489 2420 3632 2485 quod
3646 2414 3776 2471 eﬂe-

2206 2524 2428 2581 rebatur
2462 2542 2475 2577 :
2507 2535 2680 2591 eoque
2711 2520 2827 2574 viso
2850 2531 2908 2571 se
2937 2516 2989 2569 in
3019 2524 3218 2568 terram
3237 2512 3450 2582 jactare
3465 2511 3657 2577 erepit;
3687 2523 3776 2574 ac,

2204 2622 2352 2675 velut
2402 2625 2649 2672 sanctum
2698 2612 2751 2666 in
2798 2608 2886 2678 jus
2931 2614 3188 2669 vocaret,
3232 2604 3368 2658 dixit
3403 2622 3415 2657 :
3450 2620 3470 2653 ι
3523 2601 3634 2655 Heu
3665 2616 3775 2665 me,

2204 2722 2392 2767 sancte
2420 2710 2535 2764 Dei.
2570 2705 2771 2760 idcirco
2805 2715 2889 2756 me
2918 2701 2968 2753 in
2991 2700 3264 2753 desertum
3296 2694 3514 2760 misisti,
3544 2703 3603 2748 ut
3635 2692 3778 2749 liber

2204 2822 2232 2859 a
2260 2802 2503 2858 molestia
2552 2791 2975 2866 proliciscereris
3008 2806 3024 2842 :
3063 2797 3116 2843 et
3146 2802 3295 2852 ecce,
3330 2801 3387 2843 re
3414 2786 3633 2847 inlecta,
3665 2796 3776 2841 tam

2204 2899 2469 2951 inunenso
2529 2888 2725 2944 itinere
2776 2883 2978 2938 frustra
3041 2879 3311 2946 confecto,
3372 2879 3526 2934 redii.
3584 2878 3779 2933 Videat

2204 2987 2365 3049 Deus,
2394 2992 2448 3039 et
2465 2979 2672 3051 iudicet
2699 2978 2838 3032 inter
2876 2991 2961 3030 me
2994 2984 3048 3029 et
3080 2983 3129 3028 te
3162 2988 3177 3026 :
3213 2972 3356 3041 quod
3376 2986 3499 3026 cum
3532 2970 3647 3039 ipse
3676 2982 3777 3036 po-

2204 3081 2401 3134 tuisses
2462 3075 2629 3130 Deum
2687 3070 2982 3140 propitium
3021 3066 3219 3128 facere,
3256 3078 3339 3117 me
3388 3059 3655 3116 direxeris
3706 3058 3777 3113 ad

530 3165 752 3219 licitavi.
799 3182 819 3216 ι
861 3164 1034 3231 Atque
1093 3161 1176 3214 his
1224 3161 1407 3225 dictis,
1455 3160 1697 3214 chartam
1752 3162 1979 3231 aperuit,
2014 3172 2096 3219 to-

2208 3174 2388 3229 alium.
2402 3166 2525 3223 illis
2539 3178 2660 3219 cum
2679 3162 2911 3214 clamore
2927 3154 3334 3223 dictis,projecit
3352 3152 3596 3206 chartam
3614 3164 3778 3220 super

530 3267 747 3323 tantque
778 3252 1010 3306 deletam
1046 3252 1254 3306 invenit
1300 3270 1312 3305 :
1343 3265 1654 3318 quanquam
1695 3269 1797 3307 non
1832 3264 2099 3323 expuncto

526 3344 744 3414 grandis
773 3343 913 3397 illius
970 3341 1174 3412 peccati
1238 3338 1474 3410 piaculo.
1509 3338 1711 3395 Videns
1750 3353 1931 3397 autem
1986 3345 2095 3412 illa,

526 3435 764 3491 concidit
783 3435 984 3497 animo,
1017 3434 1358 3502 tundensque
1384 3442 1571 3500 pectus
1602 3432 1868 3497 manibus,
1894 3436 2100 3491 corruit

528 3531 592 3581 ad
625 3529 788 3597 pedes
821 3527 956 3595 ejus,
979 3540 1099 3579 cum
1126 3524 1367 3579 clamore
1389 3525 1607 3578 dicens:
1644 3543 1660 3573 ι
1690 3524 1941 3581 Miserere
1970 3530 2096 3593 mei,

527 3633 685 3675 serve
718 3616 807 3670 Dei
833 3616 1079 3670 altissimi
1112 3634 1125 3669 :
1169 3626 1225 3667 et
1257 3631 1363 3684 qua
1403 3616 1614 3669 ratione
1663 3630 1759 3683 pro
1798 3618 1934 3672 meis
1978 3634 2098 3673 om-

528 3713 685 3766 nibus
716 3709 955 3780 peccatis
990 3707 1309 3767 decertasti,
1346 3721 1410 3761 ac
1461 3706 1603 3761 fuisti
1658 3708 1966 3774 exauditus,
1998 3724 2093 3765 ea-

524 3806 647 3859 dem
682 3817 903 3874 queque
930 3813 1029 3870 pro
1078 3801 1181 3853 isto
1225 3798 1493 3867 supplica.
1546 3798 1810 3869 planeque
1846 3801 2100 3859 oblitera-

529 3895 696 3950 bitur.
740 3912 759 3945 ι
796 3891 1151 3961 Lacrytnatus
1198 3903 1325 3942 vero
1364 3891 1860 3947 εοιιιιιιίδιιν.ιιὶοιιὶ8
1904 3890 2099 3947 affectu

528 3986 991 4055 archiepiscopus,
1026 3980 1163 4035 dixit
1190 3998 1203 4034 :
1249 4000 1267 4034 ι
1303 3981 1499 4051 Surge,
1525 3982 1736 4046 mulier,
1767 3998 1889 4039 nam
1918 3994 1972 4041 et
2003 3999 2104 4057 ego

532 4085 692 4135 homo
720 4087 972 4147 peccator
1000 4090 1142 4137 sum,
1196 4075 1287 4142 qui
1322 4082 1375 4127 et
1420 4074 1536 4141 ipse
1596 4076 1925 4143 indulgentia
1960 4078 2101 4130 indi-

528 4185 705 4240 geam.
738 4169 838 4235 Qui
869 4166 1065 4220 delevit
1095 4174 1321 4235 peccata
1350 4172 1615 4231 tua,quot
1663 4165 1828 4217 volttit
1866 4166 2097 4232 delevit;

530 4264 835 4326 potestque,
861 4253 952 4323 qui
982 4252 1164 4306 mundi
1204 4260 1485 4320 peccatum
1524 4250 1686 4316 tollit,
1727 4253 1892 4305 etiam
1931 4256 2031 4308 hoc
2069 4271 2098 4307 a

530 4358 583 4402 te
603 4354 882 4417 peccaturo
917 4343 1123 4398 tollere.
1162 4339 1219 4395 Si
1252 4342 1411 4395 modo
1437 4342 1689 4411 deinceps
1718 4350 1814 4397 tea
1868 4352 2096 4411 peccato

529 4436 881 4501 continueris,
903 4436 1125 4505 viasque
1151 4432 1359 4489 Domini
1380 4433 1763 4499 ambulat-eris,
1799 4449 1905 4487 non
1927 4433 2098 4491 solum

2199 3263 2469 3332 capulum,
2537 3270 2649 3311 rem
2684 3249 2987 3306 minutatim
3017 3247 3268 3300 universo
3294 3243 3491 3314 populo
3520 3255 3775 3297 narrans.

2198 3350 2368 3405 Porro
2398 3360 2538 3400 unus
2556 3342 2623 3398 de
2642 3342 2811 3403 clero,
2843 3338 2984 3391 scire
3012 3335 3196 3390 volens
3220 3348 3381 3406 quam
3408 3332 3611 3401 grande
3632 3339 3779 3387 esset

2198 3438 2329 3495 illud
2364 3444 2671 3507 peccatum,
2705 3430 2923 3485 sustulit
2970 3430 3253 3493 chartam;
3298 3434 3669 3497 apertamque,
3696 3434 3777 3478 to-

2202 3544 2307 3588 tam
2348 3529 2578 3585 deletam
2632 3523 2869 3585 invenit;
2915 3536 2980 3574 ac
3011 3534 3141 3573 voce
3175 3533 3367 3586 magna
3418 3514 3675 3570 clamavit
3706 3512 3775 3567 ad

2200 3623 2477 3685 feminam,
2530 3615 2753 3671 dicens:
2794 3630 2813 3662 ι
2854 3609 2899 3665 0
2935 3608 3146 3671 mulier,
3182 3608 3377 3659 munda
3399 3613 3484 3660 est
3512 3606 3698 3658 charta
3721 3609 3776 3657 et

2198 3721 2491 3783 expuncta.
2526 3706 2666 3774 Quid
2699 3717 2851 3767 vero,
2893 3700 2984 3754 Dei
3024 3700 3076 3753 in
3122 3708 3173 3751 te
3224 3695 3639 3751 inenarrabilem
3669 3695 3773 3749 mi-

2200 3802 2551 3861 sericordian:
2574 3797 2852 3867 ignorans,
2891 3788 3182 3861 allligeris?
3212 3805 3231 3840 ι
3258 3785 3385 3841 Viso
3414 3789 3597 3856 itaque
3625 3786 3766 3841 insi-

2202 3898 2289 3969 gni
2331 3892 2611 3957 miraculo,
2640 3888 2863 3960 populus
2891 3884 3175 3939 universus
3211 3883 3374 3937 Deum
3410 3878 3760 3951 gloriﬁcavit,

2201 3989 2294 4061 qui
2330 3988 2384 4045 in
2419 3998 2561 4043 terra
2608 3987 2931 4055 potestatem
2966 3979 3127 4033 habet
3161 3974 3462 4030 dimittendi
3509 3983 3725 4044 peccata
3757 3990 3773 4027 :

2205 4083 2400 4151 quippe
2457 4089 2657 4132 tantam
2724 4072 2898 4129 servis
2933 4070 3045 4124 suis
3095 4068 3365 4123 concessit
3418 4067 3669 4137 gratiam,
3719 4073 3775 4119 ut

2202 4175 2365 4227 etiam
2399 4180 2517 4238 post
2552 4176 2780 4220 mortem
2830 4163 3142 4231 languorem
3170 4172 3385 4213 omnem
3426 4166 3621 4213 sanent
3658 4172 3775 4210 om.

2204 4280 2435 4333 nemque
2473 4262 2830 4317 debilitatem,
2858 4256 2987 4323 quin
3018 4254 3181 4309 etiam
3211 4262 3267 4304 ut
3294 4261 3507 4320 peccatu
3548 4250 3776 4304 ﬁdeliter

2204 4354 2573 4413 accedentium
2612 4349 2907 4403 remittant.

2274 4444 2497 4513 Joseph,
2521 4450 2782 4511 praestans
2812 4437 3002 4505 peritia
3037 4434 3173 4489 artis
3189 4433 3431 4497 medicae,
3467 4432 3618 4486 valde
3643 4446 3774 4501 pro-

532 4526 883 4595 consequeris
902 4526 1139 4589 veniam,
1162 4539 1346 4578 verum
1376 4525 1536 4577 etiam
1566 4523 1733 4591 gloria
1758 4523 2093 4594 dignaberis.

2206 4541 2363 4593 hatus
2423 4536 2707 4601 clarusque
2756 4532 2806 4583 in
2851 4529 2934 4583 illa
2989 4525 3109 4589 fuit,
3162 4540 3426 4581 summam
3482 4523 3771 4594 quamdam

533 4614 681 4674 Vade
710 4619 911 4689 ergoin
938 4621 1235 4683 desertum,
1256 4616 1611 4685 inveniesque
1640 4617 1810 4670 virum
1832 4627 2098 4683 sanctum,

585 4813 698 4886 (59)
714 4812 901 4887 Graec
920 4814 1152 4887 μολίϐδῳ
1169 4814 1501 4887 ξὸούλλωσεν
1522 4830 1534 4865 :
1549 4832 1581 4887 id
1592 4813 1807 4887 plumbo
1819 4814 2066 4887 bullavit,
2078 4836 2097 4869 ι

533 4882 755 4954 vernum
776 4882 1063 4940 barbarum
1084 4882 1243 4939 medii
1268 4885 1388 4949 aevi,
1408 4900 1516 4954 quo
1532 4882 1957 4954 Aniphilochius,
1982 4901 2105 4954 ern-

534 4955 681 5010 ditus
720 4952 909 5010 Graeca
961 4954 1289 5021 eloquentia,
1326 4952 1547 5009 minime
1588 4952 1718 5008 usus
1766 4953 1981 5009 fuisset.
2037 4953 2105 5011 Et

535 5024 733 5095 fat-tur
754 5023 1109 5081 Combetisius
1135 5026 1234 5079 bac
1256 5024 1312 5095 in
1343 5022 1490 5087 Vita,
1520 5024 1750 5095 subinde
1767 5022 1928 5085 verba
1955 5024 2103 5095 ejus-

535 5094 679 5149 modi
722 5109 1040 5161 occurrere;
1072 5094 1341 5164 quomodo
1377 5104 1556 5147 antem
1602 5092 1716 5147 haec
1748 5096 1929 5163 operis
1953 5092 2105 5151 novi-

538 5173 704 5217 tatem
730 5179 837 5218 non
859 5174 1108 5231 arguant,
1136 5174 1195 5219 ut
1227 5164 1368 5217 idem
1408 5165 1503 5224 ait,
1540 5164 1653 5228 ipse
1677 5164 1891 5218 viderit.

609 5232 720 5303 (60)
747 5234 936 5289 Simile
969 5233 1171 5288 factum
1204 5234 1444 5303 mulieris
1478 5233 1751 5286 invenitur
1782 5234 1855 5303 iu,
1880 5232 2000 5287 Vita
2042 5233 2101 5289 S.

536 5299 762 5374 Joannis
814 5302 1237 5374 Eleemosynarii
1275 5302 1346 5358 23
1383 5301 1623 5357 Januarii
1681 5317 1802 5374 cap.
1838 5302 1929 5374 15,
1961 5306 2105 5373 quod

536 5373 721 5443 ἴοι-θέω
748 5372 1032 5443 occasione
1057 5372 1285 5441 praebuit
1326 5372 1954 5443 pseudo-Amphilocbio,
1983 5372 2105 5429 ’boc

537 5442 604 5496 de
634 5440 832 5498 Basilio
861 5440 1180 5513 miraculum
1214 5440 1677 5513 cotit'miniscendi.
1709 5442 1979 5513 Quidquid
2012 5444 2101 5509 sit,

538 5524 686 5568 recte
717 5521 900 5571 monet
931 5512 1309 5576 Combefisius,
1341 5510 1539 5566 factum
1577 5511 1715 5565 istud
1744 5526 1849 5566 non
1867 5510 2105 5567 trahen-

535 5582 751 5663 dunt-in
775 5582 1100 5663 e'semplum,
1135 5585 1276 5651 quod
1301 5584 1345 5635 si
1376 5582 1550 5663 solum
1574 5582 1627 5634 in
1668 5580 1770 5635 hac
1798 5584 2103 5663 apocrypha

534 5648 717 5706 Basilii
780 5649 895 5706 Vita
936 5648 1256 5720 haberetur.
1316 5656 1508 5707 merito
1538 5648 1908 5720 contputarem
1960 5648 2103 5708 inter

536 5722 651 5790 pias
677 5722 900 5792 fabulas.
933 5719 1039 5776 Sed
1084 5723 1224 5792 quod
1252 5736 1282 5777 a
1316 5720 1539 5777 Leontio
1576 5723 1839 5791 scriptum
1868 5721 2103 5776 refertur

540 5793 592 5843 in
630 5792 744 5846 V5:a
787 5791 841 5844 S.
876 5791 1566 5862 Joannislﬂleemosyuarii,
1596 5806 1692 5860 pro
1712 5807 1770 5845 ea
1804 5806 1963 5863 quam
1986 5808 2098 5845 nte-

2206 4633 2432 4701 adeptus
2458 4642 2525 4681 ex
2557 4624 2797 4695 pulsibus
2840 4620 3030 4689 iudicii
3076 4618 3490 4681 certitudinem;
3526 4630 3584 4670 ut
3628 4616 3774 4673 nullo

2205 4840 2353 4884 retur
2392 4825 2571 4889 tidem,
2624 4831 2805 4893 potest
2868 4820 3104 4887 benigne
3148 4816 3441 4895 explicari;
3474 4813 3520 4869 si
3552 4814 3775 4895 dicatur

2205 4906 2445 4956 Sanctus.
2508 4885 2810 4953 rititlierent,
2865 4885 3145 4964 peccatum
3171 4885 3413 4942 confiteri
3451 4885 3775 4964 ergbescen-

2208 4981 2336 5029 tem,
2380 4953 2657 5020 induxisse
2686 4971 2742 5016 ut
2770 4953 2974 5029 scripto
2997 4958 3139 5013 istud
3161 4964 3459 5029 exponeret
3478 4953 3543 5009 in'
3558 4953 3771 5029 cbarta,

2206 5024 2381 5107 sigillo
2435 5036 2741 5107 obsignata,
2786 5024 3027 5107 adeoque
3078 5025 3368 5107 anetnipe
3418 5024 3664 5107 legenda,
3707 5040 3772 5078 eo

2204 5094 2449 5171 co'nsilio,
2486 5112 2543 5157 ut
2560 5094 2766 5159 'deinde
2792 5094 3152 5171 persuaderet
3172 5094 3774 5171 facilius,_permitteret

2205 5165 2491 5231 chartania
2529 5192 2587 5228 se
2627 5172 2742 5227 solo
2763 5165 2957 5239 aperiri
2976 5177 3027 5221 et
3056 5166 3179 5234 legi,
3223 5176 3393 5239 atque
3417 5166 3488 5218 ita
3514 5178 3639 5218 cum
3667 5165 3770 5239 mi-_

2208 5246 2323 5300 nori
2362 5245 2737 5299 eruliescentia
2772 5235 3050 5309 peccatum
3078 5250 3231 5289 suum
3257 5235 3611 5309 confiteretur
3612 5250 3645 5309 ἑ
3676 5236 3769 5285 sed

2205 5331 2326 5369 cum
2374 5324 2594 5369 sanctus
2629 5312 2733 5364 vita
2754 5301 3095 5370 excessisset,
3124 5314 3407 5373 antequam
3431 5304 3482 5357 id
3506 5301 3769 5373 perficere

2204 5395 2409 5453 posset,
2451 5394 2572 5454 post
2610 5393 2830 5454 unortem
2866 5376 3214 5454 apparuerit;
3242 5371 3297 5428 et
3326 5384 3582 5454 tanquam
3609 5371 3768 5454 mini-

2206 5440 2316 5509 ster
2358 5440 2682 5509 sacramenti
2720 5440 3178 5503 extraordinarius
3212 5440 3562 5498 conlltentem
3589 5440 3767 5495 absol-

2206 5525 2377 5588 verit;
2420 5533 2582 5591 atque
2623 5523 2674 5575 in
2708 5521 2915 5593 signum
2952 5531 3076 5569 vere
3108 5513 3316 5593 remissi
3337 5510 3572 5581 peccati,
3595 5512 3770 5567 code-

2206 5597 2311 5648 lcto
2344 5589 2585 5648 chartam
2614 5589 2926 5643 restituerit.
3150 5589 3160 5593 ⁷
3525 5612 3533 5617 -

2278 5664 2389 5733 (61)
2423 5664 2481 5717 S.
2516 5662 2743 5728 Ephrem
2777 5670 2898 5733 ante
2944 5653 3001 5733 δ.
3044 5653 3296 5707 Basilium
3324 5659 3595 5707 mortuum
3622 5664 3767 5727 esse,

2206 5726 2627 5803 Supra'dixituus
2667 5745 2728 5784 cr.
2768 5726 2972 5782 meliori
3006 5734 3243 5779 auctore.
