4046 6446
628 390 992 447 ΕΧΕΕΗΡΤΑ
1032 393 1125 448 EX
1170 394 1373 448 ACTIS
1414 394 1469 447 S.
1514 392 1752 445 BASILII
1795 387 2319 444 BOLLANDIANIS.
2358 415 2428 425 —
2468 355 2625 439 \ilTA
2670 380 3109 438 APOCRYPHA.

3309 389 3400 431 CCC
3408 388 3473 428 ιν

239 514 450 564 errore,
497 511 622 556 ante
678 505 894 558 tertium
944 506 1261 574 quintumve
1307 506 1468 569 diem,
1513 506 1804 558 morituros
1833 507 1879 561 Α
1914 510 1991 564 ut,
2023 502 2068 554 si
2098 501 2147 553 in
2173 501 2471 553 crastinum
2515 496 2735 559 vixeris,
2771 494 3091 562 baptismum
3129 489 3471 558 suscipiam.»

238 594 545 661 prtsciret;
601 607 763 662 utque
814 597 978 652 verbo
1018 600 1215 663 dicam,
1263 607 1442 650 tantus
1480 605 1618 658 erat,
1667 606 1805 649 utet

239 683 463 738 .nedicis
487 695 543 737 et
568 686 902 755 philosophis
933 688 1186 742 invidiam
1213 696 1472 741 moveret.
1495 685 1605 741 Deo
1628 694 1805 740 autem

237 771 451 831 amatus
480 775 639 831 Pater
667 785 876 841 noster,
903 778 1083 831 divina
1114 776 1409 845 praesciens
1449 774 1807 829 illustrations

237 864 384 930 quod
413 863 469 919 in
508 880 574 920 eo
620 867 913 934 gerendum
954 874 1110 931 erat,
1142 865 1318 935 ipsum
1366 864 1662 933 impensius
1688 862 1808 915 dili-

237 957 421 1024 gebat,
445 957 797 1024 crebriusque
827 958 893 1012 ad
924 972 1275 1027 congressum
1304 956 1562 1019 vocabat;
1608 957 1810 1010 docens

240 1045 457 1113 planam
513 1049 825 1118 regiamque
872 1048 1116 1102 veritatis
1168 1048 1313 1101 viam
1364 1048 1633 1101 incedere.
1676 1046 1809 1101 Cum

242 1139 425 1208 itaque
449 1154 555 1194 non
598 1154 723 1194 raro
746 1141 1078 1203 hortaretur,
1110 1147 1455 1208 moneretque
1480 1146 1536 1191 ut
1555 1139 1812 1193 abscede-

241 1239 327 1285 ret
368 1247 398 1285 a
440 1231 663 1287 scelesta
724 1232 1008 1303 religione,
1063 1233 1445 1302 Christumque
1490 1231 1811 1299 baptismate

238 1336 399 1377 sacro
427 1323 702 1391 indueret;
736 1338 843 1379 non
873 1322 1110 1385 admisit,
1141 1322 1358 1378 dicens:
1398 1340 1416 1373 ι
1451 1322 1507 1376 In
1529 1339 1632 1391 qua
1655 1331 1810 1377 natus

240 1430 363 1468 sum
383 1416 509 1479 fide,
535 1418 586 1469 in
610 1433 671 1470 ea
698 1427 751 1470 et
774 1415 994 1469 moriar.
1016 1433 1035 1465 ι
1064 1415 1133 1468 At
1157 1424 1377 1469 sanctus
1405 1413 1494 1469 Dei
1514 1415 1576 1467 ad
1605 1414 1806 1482 ipsum:

246 1527 264 1556 ς
306 1507 629 1564 Persuasum
671 1509 827 1573 habe,
869 1507 1091 1579 Josepb,
1125 1508 1243 1565 fore
1278 1519 1336 1563 ut
1374 1525 1547 1578 neque
1571 1523 1692 1577 ego,
1722 1524 1814 1563 ne-

240 1614 350 1668 que
386 1609 441 1653 tu
476 1600 600 1653 vitae
647 1602 929 1668 praesentis
987 1601 1293 1656 turbinibus
1333 1600 1564 1654 absoluti
1618 1602 1813 1666 migre-

243 1706 385 1753 mus,
422 1691 594 1745 donec
632 1691 890 1747 Dominus
920 1706 1071 1747 meus
1111 1706 1207 1762 per
1245 1706 1442 1759 aquam
1474 1700 1529 1743 et
1564 1692 1811 1759 spiritum

245 1791 298 1832 te
325 1783 727 1849 regeneraverit
755 1802 768 1838 :
800 1783 917 1838 fieri
941 1782 1084 1839 enim
1108 1783 1315 1851 nequit,
1345 1792 1402 1835 ut
1429 1783 1551 1851 quis
1588 1781 1703 1835 sine
1731 1781 1814 1834 bis

245 1871 413 1925 intret
451 1870 504 1925 in
547 1888 773 1943 regnum
824 1874 938 1929 Dei.
983 1850 1385 1928 Nonneietiam
1430 1850 1609 1942 patres
1654 1874 1814 1927 vestri
1850 1850 1888 1903 Β

243 1962 506 2031 baptizati
544 1974 670 2019 sunt
694 1966 746 2018 in
776 1963 979 2036 Moyse,
1024 1975 1077 2021 et
1116 1965 1169 2020 in
1198 1968 1338 2021 nube
1378 1968 1502 2020 etin
1541 1967 1704 2030 mari,
1733 1968 1813 2021 bi-

243 2054 557 2124 beruntque
608 2057 674 2110 de
727 2057 992 2125 spirituali
1029 2070 1400 2128 consequente
1447 2059 1815 2127 petra?Petra

242 2156 427 2201 autem
453 2157 569 2198 erat
603 2146 854 2201 Christus
895 2147 996 2219 (a),
1039 2152 1129 2221 qui
1178 2152 1490 2206 novissimis
1518 2151 1709 2205 diebus
1756 2152 1819 2206 de

248 2236 470 2307 Virgine
505 2238 821 2296 incarnatus
849 2252 953 2309 est,
991 2254 1044 2298 et
1080 2255 1299 2313 propter
1333 2253 1572 2299 nostram
1594 2244 1819 2298 salutem

246 2333 429 2387 factus
462 2334 645 2400 homo,
692 2349 1057 2407 operatusque
1095 2349 1179 2393 est
1215 2338 1476 2392 miracula
1512 2348 1567 2391 et
1593 2349 1765 2391 morte
1792 2354 1819 2389 a

245 2424 497 2494 patribus
532 2429 727 2482 vestris
764 2430 815 2482 in
847 2444 1011 2482 carne
1047 2428 1303 2493 affectus;
1338 2430 1707 2498 sepultusque,
1736 2430 1822 2481 die

245 2519 407 2570 tertia
428 2521 758 2587 resurrexit;
791 2522 1101 2577 et-ascendit
1134 2524 1186 2577 in
1228 2524 1444 2589 coelum,
1467 2524 1723 2593 sedetque
1757 2524 1823 2577 ad

245 2606 526 2661 dexteram
558 2607 763 2666 Patris:
792 2613 882 2682 qui
917 2614 1077 2668 etiam
1113 2625 1369 2670 venturus
1400 2624 1507 2679 est,
1538 2616 1593 2669 in
1628 2631 1821 2683 magna

244 2700 421 2769 gloria
453 2716 576 2756 cum
611 2706 837 2775 angelis,
867 2705 1206 2775 judicaturus
1230 2707 1382 2761 vivos
1406 2716 1461 2760 et
1482 2717 1743 2768 mortuos,
1773 2715 1826 2759 et

248 2793 544 2863 unicuique
579 2798 886 2851 redditurus
914 2796 1063 2864 juxta
1088 2813 1253 2868 opera
1275 2799 1410 2865 ejus.
1435 2796 1617 2866 Itaque
1641 2799 1826 2865 nequit

252 2885 396 2951 fieri,
431 2898 489 2941 ut
533 2888 735 2943 dictum
766 2898 871 2944 est.
906 2898 962 2943 ut
991 2888 1113 2957 quis
1154 2891 1315 2943 intret
1356 2891 1407 2943 in
1452 2903 1671 2957 regnum
1710 2889 1822 2951 Dei,

248 2976 356 3031 nisi
391 2992 488 3047 per
532 2992 727 3048 aquam
779 2992 835 3034 et
868 2982 1153 3049 spiritum,
1197 2992 1251 3034 et
1300 2982 1400 3035 nisi
1434 2982 1643 3035 vivitica
1690 2981 1826 3033 anti-

252 3080 377 3136 typa
431 3068 544 3138 (62)
577 3069 884 3127 intemerati
939 3076 1186 3144 corporis
1214 3084 1268 3129 et
1318 3076 1596 3143 sanguinis
1628 3073 1827 3129 Christi

248 3159 560 3224 sumpserit.
601 3179 619 3212 ι

320 3248 565 3321 Cumque
607 3261 827 3309 sanctus
885 3254 1079 3311 talibus
1120 3256 1518 3312 bortationibus
1565 3262 1829 3319 uteretur,

253 3359 364 3397 non
395 3345 697 3403 sustinebat
729 3349 900 3419 ipsum
926 3350 1135 3407 audire.
1164 3350 1265 3407 Ubi
1298 3362 1477 3405 autem
1524 3351 1573 3404 ci
1610 3350 1831 3419 placuit,

250 3437 347 3503 qui
374 3454 496 3493 eum
534 3452 912 3509 segregaverat
945 3446 1015 3500 ab
1051 3456 1210 3500 utero
1238 3445 1425 3498 matris
1457 3459 1587 3507 sua,
1616 3454 1674 3498 ut
1709 3461 1833 3499 sus-

252 3530 464 3598 ciperet
510 3532 931 3588 sacratissimum
972 3536 1263 3606 baptisma,
1316 3552 1438 3589 eum
1493 3536 1575 3590 vir
1617 3547 1836 3591 sanctus

248 3620 365 3691 jam
406 3621 531 3674 vitae
573 3621 729 3691 hujus
776 3624 1081 3678 turbinibus
1139 3626 1479 3688 eximendus,
1529 3626 1831 3687 accersivi-,

253 3719 521 3781 pmtextu
574 3713 827 3768 nimirum
880 3715 1121 3770 scientia:
1176 3717 1436 3780 medicae,
1488 3716 1671 3786 aitque
1703 3716 1831 3771 illi:

261 3823 283 3854 ι
316 3801 460 3872 Quid
484 3803 578 3859 tibi
605 3806 671 3861 de
701 3822 787 3864 me
812 3808 1056 3863 videtur?
1089 3827 1107 3859 ι
1143 3808 1255 3872 Ille,
1304 3824 1369 3862 ex
1400 3809 1557 3878 pulsu
1598 3811 1836 3865 sentiens

255 3898 382 3968 ejus
422 3899 565 3955 vires
608 3901 911 3969 proximam
954 3902 1148 3955 tninari
1180 3910 1440 3967 mortem,
1463 3901 1629 3968 jussit
1655 3904 1837 3956 dome—

256 3988 437 4054 sticis,
494 3999 555 4044 ut
607 3999 943 4060 opportunas
1001 3990 1291 4060 sepulturas
1323 4002 1500 4046 vestes
1546 4004 1833 4047 emerent:

262 4096 285 4130 ι
327 4078 489 4144 Nam,
535 4081 734 4148 inquit,
774 4080 886 4134 cito
921 4082 1085 4136 citius
1118 4080 1413 4136 moriturus
1440 4090 1544 4137 est.
1581 4100 1601 4134 ι
1632 4081 1721 4135 Ait
1770 4083 1836 4135 ad

256 4186 389 4226 eum
418 4186 645 4243 magnus
675 4170 903 4227 Basilius
938 4188 950 4223 :
990 4189 1009 4221 ι
1054 4171 1239 4227 Nescis
1267 4172 1397 4239 quid
1427 4171 1600 4226 dicas.
1634 4189 1652 4222 ι
1702 4171 1839 4225 Dicit

261 4264 341 4318 illi
372 4262 571 4334 Ioseph
604 4264 865 4321 Hebraeus
898 4284 911 4319 :
952 4281 971 4314 ι
1011 4263 1234 4329 Credas,
1278 4264 1516 4329 domine,
1558 4263 1638 4318 sol
1679 4263 1839 4318 hodie

264 4371 396 4413 cum
424 4356 539 4411 sole
569 4358 804 4414 occidet.
846 4377 864 4410 ι
889 4359 979 4412 Ait
1004 4356 1076 4412 illi
1110 4369 1333 4412 sanctus
1366 4376 1378 4411 :
1427 4375 1445 4405 ί
1484 4356 1621 4422 Quid
1646 4372 1770 4411 vero
1791 4359 1835 4410 si

261 4467 375 4507 non
424 4457 549 4504 ante
596 4463 756 4503 mane
799 4448 1038 4503 moriar?
1074 4467 1092 4500 ι
1131 4447 1274 4503 Dixit
1317 4447 1572 4503 Hebraeus
1604 4466 1619 4503 :
1656 4469 1674 4499 ι
1720 4448 1834 4502 Non

265 4552 448 4612 potest
477 4544 577 4598 hoc
612 4556 735 4597 esse
779 4556 791 4590 :
829 4542 913 4594 vix
946 4543 1089 4595 enint
1135 4551 1256 4610 post
1283 4542 1471 4595 lteram
1504 4544 1608 4595 erit
1658 4544 1835 4595 anima
1872 4530 1914 4585 D

262 4645 358 4687 tua
391 4633 443 4687 in
471 4642 542 4687 te.
581 4631 775 4688 Verum
800 4633 1025 4701 dispone
1066 4633 1132 4686 de
1163 4642 1252 4686 tua
1286 4631 1526 4688 Ecclesia
1566 4646 1619 4687 et
1653 4635 1719 4689 de
1756 4654 1838 4692 re-

261 4730 369 4782 bus
398 4724 504 4779 tuis
528 4742 542 4778 :
568 4738 674 4778 non
698 4728 866 4789 enim,
888 4734 938 4779 te
959 4724 1237 4788 vivo,dies
1260 4724 1419 4779 hodie
1449 4727 1834 4786 teuebrescet.»

260 4818 359 4870 Ait
387 4815 437 4868 ei
479 4820 740 4869 sanctus:
790 4833 808 4864 ι
848 4811 987 4879 Quid
1018 4814 1060 4866 si
1092 4828 1289 4868 venero
1332 4828 1500 4882 usque
1534 4816 1599 4870 ad
1627 4824 1838 4871 sextam

263 4923 448 4970 mane,
504 4905 635 4975 quid
682 4918 741 4958 es
778 4903 1037 4959 acturus?
1082 4922 1100 4954 ι
1149 4905 1443 4973 Respondit
1500 4908 1588 4960 ille
1623 4925 1635 4960 :
1670 4928 1687 4960 ‹
1726 4910 1838 4964 Mo—

262 4998 401 5053 riar.
438 5018 457 5051 ι
493 5000 583 5052 Ait
614 5005 872 5051 sanctus:
908 5016 925 5047 ‹
971 4996 1167 5051 Etiam.
1202 4998 1448 5051 Moriaris
1483 5011 1722 5067 ρος-ωιο,
1762 5003 1840 5053 vi-

262 5104 365 5142 vas
420 5098 599 5140 autem
639 5085 853 5140 Christo
888 5100 1027 5139 meo.
1077 5103 1092 5133 δ
1138 5085 1272 5139 Dicit
1321 5086 1408 5139 ille
1441 5104 1453 5139 :
1487 5104 1504 5136 ι
1542 5088 1665 5143 Seio
1713 5091 1839 5156 quid

264 5183 421 5241 velis,
449 5194 502 5235 et
525 5180 717 5234 faciam
760 5180 900 5246 quod
950 5178 1131 5246 jubes,
1157 5177 1317 5231 Pater
1355 5188 1575 5245 sancte;
1610 5182 1654 5235 si
1684 5181 1843 5238 fuerit

264 5272 413 5345 quod
445 5274 553 5337 ais,
583 5270 810 5325 terribili
845 5284 931 5323 me
963 5279 1308 5323 sacramento
1337 5272 1680 5339 obstringens
1705 5275 1838 5339 fore,

346 5410 459 5484 (62)
486 5410 566 5484 An
615 5425 773 5484 verus
799 5408 1215 5484 Amphilochius
1254 5425 1358 5484 non
1386 5408 1607 5484 fuisset
1647 5414 1842 5465 clarius

265 5477 590 5559 loc'utus_de
631 5480 761 5559 rea‘ll
794 5477 1008 5559 _Cbristi
1059 5479 1342 5559 prmseuntia
1383 5480 1435 5531 in
1481 5478 1839 5548 Eucltaristia,

265 5547 920 5625 prasertinnrubidudazus
949 5547 1279 5625 instituitur?

345 5622 460 5692 (ϋῦ)
492 5618 677 5673 Refert
693 5619 1066 5692 Nazianzenus
1089 5620 1337 5692 oratione
1360 5618 1450 5683 20,
1480 5620 1730 5675 Basiliutn
1746 5624 1843 5677 sub

270 5687 449 5748 finem
498 5692 618 5743 vita:
649 5690 717 5740 ad
744 5687 959 5758 aliquod
1012 5697 1222 5758 tempus
1285 5691 1356 5743 ita
1384 5692 1483 5745 sibi
1537 5692 1842 5747 restitutum

346 5830 421 5895 (η)
459 5826 620 5878 ICur.
646 5841 696 5885 κ,
726 5821 777 5877 4.

1910 594 2138 664 Rogavit
2163 609 2292 662 ergo
2313 594 2479 647 Deum
2505 590 2854 645 admirandus
2874 586 3050 650 Pater,
3074 594 3131 637 ut
3158 585 3223 636 ad
3248 582 3477 636 salutem

1912 687 2149 743 hominis
2173 685 2272 741 sibi
2324 684 2692 740 accessionem
2715 680 3037 735 concederet
3057 715 3072 741 ,
3097 686 3259 745 utque
3286 673 3478 728 mulie-

1920 797 2032 835 rem
2067 796 2122 835 re
2151 778 2350 834 infecta
2374 794 2403 831 a
2437 776 2495 831 S.
2540 774 2773 845 Ephrem
2818 771 3130 825 redeuntem
3163 766 3478 833 susciperet.

1915 872 2036 925 Voti
2084 883 2263 925 autem
2328 882 2550 937 compos
2612 864 2837 921 cﬂ'ectus
2880 873 3101 917 sanctus
3140 858 3271 931 (65),
3318 857 3483 910 mittit

1917 977 2075 1017 tuane
2109 972 2163 1015 et
2188 957 2737 1015 accersitliebratutu.
2761 955 2877 1024 Ipse
2894 967 2999 1006 non
3032 951 3280 1013 credetis,
3317 948 3478 1008 venit,

1918 1057 2074 1127 plane
2115 1054 2435 1110 existimans
2489 1051 2650 1107 morti
2691 1046 3050 1103 concessisse.
3099 1043 3299 1097 Videns
3357 1056 3483 1093 vero

1915 1146 2120 1213 vivum,
2158 1148 2436 1216 factusque
2490 1144 2544 1198 in
2583 1140 2867 1203 exstasim,
2919 1146 2975 1192 et
3024 1149 3186 1190 ruens
3215 1132 3281 1186 ad
3327 1132 3487 1202 pedes

1915 1244 2051 1312 ejus,
2072 1242 2183 1296 ait;
2210 1260 2228 1291 ι
2258 1238 2315 1292 In
2339 1238 2565 1292 veritate
2594 1232 2876 1297 confiteor,
2902 1242 3151 1297 magnum
3182 1239 3302 1280 esse
3318 1223 3486 1277 Deum

1921 1335 2357 1388 Christianorum
2397 1328 2686 1398 :qnodque
2716 1341 2821 1379 non
2850 1324 2921 1378 sit
2955 1320 3093 1375 alius
3122 1318 3261 1373 Deus
3294 1326 3489 1386 praeter

1918 1431 2118 1495 ipsum.
2150 1424 2484 1479 Abrenuntio
2510 1423 2692 1490 itaque
2724 1417 2957 1472 inimica:
2995 1414 3211 1467 Christo
3242 1408 3487 1478 religioni

1924 1518 2257 1580 Judaeorum,
2294 1528 2486 1582 meque
2518 1511 2735 1568 veritati
2785 1505 3013 1561 ﬁdeliter
3065 1502 3318 1572 adjungo.
3355 1497 3490 1555 Jube

1918 1628 2065 1680 ergo,
2099 1607 2413 1663 honorande
2447 1604 2689 1668 Pater,ut
2711 1602 2827 1656 sine
2862 1597 3119 1654 dilatione
3150 1595 3264 1662 ipse
3287 1592 3493 1647 omnis-

1918 1720 2024 1773 que
2074 1704 2264 1755 dotnus
2284 1715 2399 1753 mea
2428 1696 2629 1753 Christi
2687 1694 2979 1762 consigner
3011 1686 3308 1758 signaculo.
3342 1704 3359 1736 ι
3401 1686 3493 1738 Ait

1918 1796 1991 1846 illi
2016 1804 2232 1847 sanctus
2264 1807 2279 1844 :
2318 1808 2335 1842 t
2368 1790 2485 1858 Ipse
2511 1786 2776 1855 intingam
2805 1784 3051 1836 manibus
3083 1781 3215 1834 meis
3239 1793 3359 1831 cum
3383 1786 3491 1830 tota

1921 1889 2097 1938 tluttm.
2136 1904 2153 1931 ι

1996 1978 2343 2043 Rursumque
2404 1972 2667 2026 accedens
2725 1969 2999 2029 medicus,
3052 1964 3493 2034 apprcltensaque

1922 2070 2037 2136 ejus
2058 2070 2306 2133 dextera,
2332 2065 2446 2119 ait;
2500 2080 2517 2113 ε
2554 2060 2923 2129 Elanguerunt
2972 2070 3074 2111 tua:
3128 2057 3292 2120 vires,
3327 2054 3497 2108 domi—

1924 2175 1989 2213 ne
2024 2173 2040 2212 :
2072 2166 2376 2223 naturaque.
2417 2160 2720 2206 extremum
2760 2146 3039 2201 debilitata
3094 2144 3317 2198 fatiscit.
3356 2162 3373 2193 ι
3408 2142 3497 2197 Ait

1924 2258 2186 2304 Sanctus:
2221 2265 2240 2297 ι
2300 2244 2576 2300 Habemus
2607 2250 2816 2296 natura!
2861 2249 3164 2299 auctorem,
3219 2235 3308 2304 qui
3343 2236 3498 2289 nobis

1924 2342 2084 2395 addat
2118 2341 2282 2393 vires.
2317 2356 2335 2388 ι
2364 2337 2717 2404 Surgensque
2754 2345 2944 2401 gressu
2972 2328 3249 2383 contendit
3293 2329 3358 2381 ad
3410 2342 3499 2379 ec-

1924 2431 2172 2493 elesiatn,
2204 2436 2258 2481 et
2309 2426 2409 2479 sub
2445 2424 2687 2477 omnium
2721 2421 3034 2489 praesentia,
3064 2434 3187 2472 eum
3235 2416 3355 2471 fidei
3407 2430 3497 2470 sa-

1926 2532 2202 2577 cramento
2227 2518 2387 2573 tinxit
2417 2556 2431 2581 ,
2461 2530 2515 2569 et
2546 2514 2762 2569 domum
2794 2513 2911 2580 ejus
2937 2518 3099 2565 totam
3135 2528 3149 2563 :
3179 2508 3502 2579 vocavitque

1929 2630 2125 2670 nomen
2163 2612 2302 2681 ejus,
2334 2610 2595 2666 Joannem
2636 2629 2646 2664 :
2680 2604 3105 2675 impertitusque
3154 2602 3368 2656 vivifica
3410 2618 3496 2655 sa-

1928 2715 2230 2767 cramenta,
2257 2719 2378 2757 eum
2413 2700 2710 2768 assumpsit
2743 2708 2798 2753 et
2845 2696 3059 2750 reduxit
3092 2697 3157 2747 ad
3188 2693 3497 2748 cubiculum

1929 2814 2131 2854 suunt:
2186 2795 2415 2863 ciboque
2469 2790 2734 2861 apposito,
2790 2788 3112 2855 docuitque
3136 2792 3381 2854 spectant
3436 2785 3503 2838 ad

1930 2896 2092 2946 vitam
2127 2901 2406 2953 aeternam,
2440 2884 2732 2953 adjungens
2762 2896 2860 2937 suo
2888 2880 3015 2935 ovili
3042 2894 3243 2933 novum
3273 2876 3501 2931 militem

1928 3001 2048 3040 cum
2075 2998 2238 3036 uxore
2268 2992 2321 3033 et
2353 2980 2493 3032 filiis.
2515 2978 2664 3043 Quod
2691 2991 2815 3030 vero
2845 2974 3106 3041 reliquum
3132 2972 3253 3023 vitae
3271 2970 3391 3032 fuit.
3416 2984 3504 3022 sa-

1930 3092 2050 3132 cras
2074 3077 2218 3131 aedes
2246 3082 2299 3127 et
2338 3071 2569 3140 hospitia
2617 3083 2911 3138 pauperum
2950 3066 3193 3120 lustrans
3215 3104 3232 3129 ,
3257 3078 3375 3133 quae
3399 3062 3501 3117 sibi

1858 3188 1901 3247 ρ
1938 3172 2157 3225 fuerunt
2183 3169 2379 3220 donata
2404 3180 2433 3217 a
2460 3160 2688 3225 medico,
2720 3169 2772 3212 et
2792 3173 2912 3227 quae
2943 3160 3007 3212 de
3038 3156 3271 3229 propriis
3295 3154 3501 3223 reliqua

1937 3275 2096 3315 erant
2132 3300 2153 3323 ,ν
2199 3259 2439 3313 donavit.
2470 3255 2626 3307 Circa
2680 3267 2873 3306 nouam
2916 3257 3095 3303 autem
3155 3257 3349 3317 praesto
3403 3246 3505 3300 fuit

1949 3355 2014 3407 ad
2070 3351 2340 3405 sacritlcia
2399 3347 2685 3401 missarum
2738 3346 2788 3397 in
2828 3340 3193 3397 sacratissima
3241 3338 3492 3399 ecclesia,

1938 3459 2042 3498 una
2072 3456 2194 3496 cum
2226 3439 2355 3493 cleri
2386 3448 2441 3494 et
2477 3437 2711 3491 civitatis
2749 3432 3077 3504 primoribus
3104 3472 3119 3486 .
3152 3446 3272 3484 cum
3300 3429 3497 3497 quibus

1939 3545 2195 3606 percepto
2227 3533 2421 3586 iterum
2456 3544 2595 3597 pane
2622 3568 2636 3590 ,
2676 3527 2885 3581 dimisit
2918 3539 3013 3580 eos
3039 3564 3054 3589 ,
3091 3539 3155 3578 ac
3200 3522 3509 3577 valedicens

1942 3638 1999 3682 et
2021 3626 2342 3682 tleoseulans
2380 3624 2435 3677 in
2468 3619 2656 3675 osculo
2685 3626 2875 3673 sancto
2920 3615 3278 3678 dimisitcos,
3310 3628 3505 3665 novum

1939 3719 2137 3775 Christi
2164 3716 2421 3787 :pttgilem
2454 3715 2841 3779 universosque
2897 3706 3283 3764 commendans
3336 3704 3506 3761 Citri-

1940 3819 2046 3864 sto.
2078 3808 2430 3863 Testamento
2461 3814 2639 3858 autem
2675 3800 2895 3872 sepeliri
2947 3799 3166 3863 sanxit,
3199 3812 3320 3851 eum
3353 3796 3509 3849 tertia

1941 3900 2030 3953 illa
2059 3897 2311 3969 portione
2341 3897 2479 3950 date
2511 3893 2611 3949 sibi
2638 3908 2666 3945 a
2698 3890 2807 3945 Deo
2831 3888 3250 3945 communionis.
3282 3886 3511 3941 Recum-

1943 3994 2188 4061 bcusque
2216 3990 2267 4043 in
2305 3987 2464 4050 lecto,
2490 4002 2614 4039 cum
2649 3980 2991 4037 lincltaristia
3042 3981 3218 4035 adhuc
3276 3979 3329 4032 in
3390 3994 3506 4045 ore,

1942 4079 2439 4148 reddiditspiritutu
2471 4074 2729 4136 Domino;
2782 4072 3179 4141 ailjunctusqne
3217 4079 3300 4123 est
3333 4068 3513 4136 ponti-

1943 4175 2138 4229 ﬁcibus
2193 4171 2436 4241 pontifex
2473 4170 2598 4231 ille,
2652 4177 2704 4219 et
2765 4164 3215 4233 praedicatoribus
3254 4176 3511 4230 magnum

1944 4268 2073 4323 illud
2103 4263 2373 4319 sermonis
2406 4263 2636 4315 tonitru.
2666 4256 2867 4311 Videns
2905 4264 3081 4306 autem
3112 4252 3285 4307 fideiis
3311 4269 3377 4306 ex
3406 4251 3509 4305 He-

1943 4367 2088 4417 brmo
2118 4358 2380 4418 medicus,
2413 4358 2484 4408 ita
2520 4352 2610 4407 Dei
2655 4348 2929 4404 hominem
2970 4357 3025 4399 et
3058 4344 3363 4415 pontificem
3395 4360 3513 4397 ma-

1943 4468 2107 4521 gnum
2155 4449 2412 4505 Basilium
2461 4443 2757 4513 quievisse,
2796 4439 3069 4509 quomodo
3097 4438 3343 4502 dixerat,
3388 4450 3513 4503 pro-

1950 4560 2112 4599 ruens
2160 4543 2210 4594 in
2242 4541 2357 4606 ejus
2400 4546 2588 4604 pectus
2616 4548 2736 4587 cum
2763 4530 3017 4599 lacrymis
3046 4528 3260 4581 dicebat
3289 4544 3301 4578 :
3356 4545 3374 4576 ι
3411 4526 3514 4579 lte-

1951 4651 2096 4695 vera,
2133 4632 2223 4686 Dei
2260 4626 2459 4683 famule
2496 4623 2680 4688 Basili,
2717 4636 2889 4690 neque
2928 4618 3089 4672 modo
3130 4616 3323 4672 fuisses
3369 4632 3514 4671 mor-

1950 4737 2092 4786 tuus,
2134 4721 2234 4775 nisi
2260 4719 2542 4774 voluisses.
2582 4734 2600 4765 ι

2022 4813 2291 4872 Postridie
2338 4821 2517 4865 autem
2573 4805 2827 4859 convenit
2882 4802 3132 4856 universa
3167 4801 3456 4855 multitudo
3499 4820 3513 4864 ;

1952 4910 2178 4978 ejusque
2198 4905 2412 4974 corpori
2441 4900 2699 4971 pretioso,
2725 4898 2865 4967 quod
2892 4905 3057 4949 totam
3082 4894 3323 4947 materia:
3358 4896 3515 4948 obni-

1953 5002 2177 5055 tentiam
2214 5001 2602 5066 superaverat,
2638 4993 2691 5047 in
2752 4989 3177 5044 sacratissimam
3231 4986 3516 5041 eet-.lesiatn

1956 5096 2131 5153 illato,
2165 5092 2305 5161 justa
2337 5087 2581 5140 fecerunt
2611 5127 2625 5147 ,
2659 5084 2803 5137 omni
2856 5092 3251 5150 unguentorum
3289 5078 3519 5147 thymia-

1954 5198 2267 5253 matumque
2320 5181 2603 5249 obsequio.
2635 5178 2875 5231 Audiens
2923 5191 3050 5231 vero
3094 5184 3148 5229 et
3204 5172 3517 5241 Gregorius,

1955 5279 2331 5333 Nazianzenus
2355 5273 2639 5341 episcopus
2660 5268 2798 5338 (64),
2832 5268 3070 5323 ailfuitet
3100 5266 3214 5335 ipse
3240 5264 3468 5320 festinus
3500 5281 3516 5317 :

1952 5415 2141 5472 fuisse,
2180 5420 2236 5463 ut
2264 5403 2732 5477 qunstlatnsacris
2764 5400 3289 5477 orutntousinitiare
3325 5406 3514 5475 potue-

1954 5487 2027 5537 rit
2054 5500 2065 5535 :
2095 5467 2298 5550 quidtti'
2317 5488 2369 5532 et
2404 5476 2670 5550 potuisset
2711 5475 2851 5526 hunc
2890 5467 3522 5550 Josepltutusolistttttitcr

1954 5536 2251 5607 inrece'lesia
2274 5536 2581 5617 baptizare?
2604 5544 2821 5617 Verum,
2845 5536 3122 5617 utjfactum
3150 5541 3200 5592 id
3220 5536 3385 5617 fuisse
3406 5551 3525 5590 cre-

1953 5626 2163 5681 damus.
2184 5636 2287 5674 non
2312 5609 2505 5672 sufficit
2532 5615 2733 5681 pseudo
2769 5611 3123 5678 Amphilocbii
3156 5609 3470 5681 auctoritas.

2026 5675 2483 5762 (64j'Gregoriunt
2508 5675 2839 5749 Theologum
2873 5675 2976 5735 non
3006 5677 3312 5733 interfuisse
3359 5675 3521 5729 morti
