4046 6446
824 385 913 441 AD
950 386 1402 446 ACOLUTHIAM
1434 388 1683 447 OFFiCll
1724 391 1956 448 GRA‘ZC-l
1998 390 2458 448 DISSERTATIO
2496 389 2964 446 ONOMASTICA.

3304 404 3509 443 CCCX“!

280 493 473 562 Sciam,
502 513 674 569 usque
706 500 880 556 adhuc
911 516 1010 570 pro
1056 503 1319 574 dignitate
1362 504 1712 575 explicatam.
1749 520 1834 575 po-

1944 506 2105 561 verha
2136 506 2303 561 solius
2336 503 2520 576 Typici
2555 523 2570 558 :
2622 502 2889 574 Ἑσπέρας
2917 495 3011 555 οὖν
3046 502 3104 554 ὲν
3132 502 3197 571 τῇ
3237 500 3511 571 ἀγρυπνίᾳ

288 606 419 645 nere
473 589 544 646 ob
591 591 815 657 oculos,
858 602 915 650 et
973 597 1126 666 quasi
1168 608 1427 668 perpetuo
1458 600 1846 656 commentario

283 680 579 738 illustrare.

354 770 408 823 2.
443 770 509 826 Et
536 787 665 828 vero
694 775 741 829 si
795 775 881 830 hic
911 790 1047 847 Opus
1092 788 1176 832 est
1224 779 1564 849 oppositione
1593 779 1841 850 exempli,

279 862 420 916 sicut
472 880 659 922 revera
700 882 837 936 opus
889 876 993 933 est,
1046 884 1152 925 nou
1196 871 1383 927 videor
1431 873 1563 927 mihi
1612 872 1845 939 deligere

277 967 442 1023 posse
470 955 636 1010 ullum
661 962 860 1028 aptius,
898 975 1059 1029 quam
1098 960 1330 1017 oﬂleium
1359 962 1490 1019 illud
1516 1003 1532 1029 ,
1556 964 1698 1032 quod
1742 979 1841 1034 po-

275 1048 507 1104 niturin
551 1052 778 1109 solemni
819 1055 1332 1113 commemoratione
1373 1058 1534 1111 trium
1559 1056 1841 1111 doctorum

278 1136 594 1197 Grazcorutu
627 1186 642 1209 ,
681 1144 906 1209 Basilii,
940 1144 1271 1203 Nazianzeui
1314 1158 1369 1204 et
1422 1146 1796 1220 Chrysostomi
1825 1164 1839 1201 :

278 1237 393 1284 tum
444 1234 569 1301 quia
598 1248 626 1287 a
654 1234 925 1303 praecipuo
962 1236 1119 1306 huius
1154 1241 1282 1296 tomi
1311 1247 1649 1308 argumento,
1690 1238 1797 1291 vita
1822 1280 1838 1305 ,

278 1320 524 1390 inquam,
557 1324 733 1396 “agni
766 1325 951 1383 Basilii
979 1330 1214 1386 alienum
1248 1346 1352 1386 non
1378 1340 1500 1398 est;
1535 1339 1647 1385 tum
1683 1330 1837 1400 quia,

277 1411 357 1464 uti
393 1409 596 1469 Nemea
625 1425 915 1484 testantur,
953 1430 1171 1489 superat
1204 1420 1467 1491 quidquid
1499 1422 1552 1476 in
1599 1421 1692 1477 illo
1741 1435 1838 1492 ge-

277 1516 413 1559 nere
446 1507 649 1561 editum
699 1518 791 1565 est
823 1512 1086 1568 hactenus
1111 1555 1126 1582 ,
1162 1524 1217 1569 et
1251 1516 1303 1570 in
1328 1526 1602 1585 posterum
1629 1515 1837 1569 edetur.

274 1590 392 1650 Hoc
419 1606 526 1650 tam
557 1608 824 1667 praestans
859 1606 1116 1660 horarum
1160 1606 1548 1662 cauonicarum
1607 1604 1841 1662 oliicium

273 1696 558 1756 acceptum
595 1692 797 1750 referre
825 1697 1085 1753 debemus
1113 1697 1305 1753 Joanui
1333 1697 1717 1755 Euchaitornm
1742 1711 1839 1750 an-

273 1775 471 1843 tistiti,
538 1784 631 1852 qui
683 1802 792 1856 quo
837 1788 1010 1856 major
1068 1800 1217 1846 esset
1260 1789 1440 1860 populi
1488 1804 1618 1859 erga
1688 1786 1841 1841 iusti-

1943 597 2218 669 ψάλλομεν
2236 595 2550 651 ἀκολουθίαν
2569 596 2659 649 τὸν
2676 596 2959 663 γεγονυῖαν
2980 591 3129 665 παρὰ
3147 591 3241 645 τοῦ
3259 593 3316 645 ὲν
3336 592 3513 659 ἁγίοις

1945 688 2160 760 llatpr
2176 687 2331 759 ἡμῶν
2359 685 2607 741 Ἰωάννου
2631 684 3024 757 μητροπολίτου
3044 683 3343 753 Εὐχαίτων.
3372 679 3507 735 «νου

1943 792 2100 846 spere
2133 777 2187 832 in
2239 776 2522 848 pervigilio
2566 776 2815 830 canimus
2860 774 3167 830 acoluthiau
3197 784 3507 827 sanctorum

1943 871 2147 940 (Basilii
2184 868 2382 939 Magni,
2408 869 2650 940 Gregorii
2682 867 2964 939 Theologi,
2994 877 3049 921 et
3078 865 3301 921 Joannis
3329 862 3507 934 Chry-

1943 960 2186 1035 sostomi)
2217 962 2570 1031 compositam
2607 980 2636 1016 a
2665 970 2852 1016 sancto
2890 960 3051 1015 Patre
3089 969 3272 1014 nostro
3301 956 3507 1011 Joanne

1944 1055 2280 1127 tuetropolita
2311 1054 2723 1110 Eucltailoruut.
2766 1071 2783 1105 δ

2010 1238 2060 1290 5.
2090 1237 2187 1291 Ulli
2206 1237 2378 1292 obiter
2399 1246 2451 1290 et
2468 1235 2618 1304 quasi
2634 1250 2728 1303 per
2750 1242 3092 1288 transennam
3108 1230 3397 1285 observare
3416 1242 3510 1298 po-

1941 1337 2045 1383 test
2072 1329 2317 1383 eruditus
2338 1327 2527 1393 lector,
2556 1325 2789 1382 cilicium
2814 1326 3057 1380 divinum
3088 1338 3117 1378 a
3146 1322 3347 1379 Graecis
3380 1322 3510 1375 ἀκο·

1937 1418 2155 1473 λουθίαν
2204 1419 2505 1490 appellari:
2556 1434 2661 1472 non
2707 1417 2867 1472 aliam
2907 1416 3139 1472 fortasse
3173 1416 3245 1471 ob
3268 1428 3507 1480 causam,

1939 1528 2099 1582 quam
2114 1513 2254 1583 quod
2275 1526 2464 1567 omnes
2484 1511 2602 1581 ejus
2635 1518 2814 1578 partes
2836 1508 3111 1579 aptissime
3140 1508 3513 1562 cohaerescant

1942 1604 2079 1656 inter
2105 1618 2184 1669 sc,
2222 1613 2278 1657 et
2305 1602 2424 1657 alia:
2454 1602 2590 1656 alias
2633 1608 3071 1670 consequantur:
3119 1598 3314 1666 quippe
3368 1595 3515 1665 quod

1945 1712 1963 1744 ‹
1987 1694 2242 1761 consequi
2296 1712 2315 1745 ι
2344 1703 2428 1747 est
2449 1695 2588 1762 apud
2623 1692 2861 1757 Latinos,
2888 1691 2991 1746 hoc
3029 1700 3115 1746 est
3137 1689 3272 1753 apud
3297 1685 3514 1742 Graecos

1939 1780 2277 1853 ἀκολουοεζν.
2315 1781 2383 1836 Ut
2422 1791 2600 1835 autem
2636 1796 2723 1836 res
2764 1789 2873 1834 tota
2919 1779 3119 1834 clarius
3157 1774 3509 1847 intelligatur,

274 1875 447 1922 tutam
496 1886 528 1927 a
582 1889 642 1930 se
683 1877 847 1932 trium
886 1880 1097 1934 illorum
1139 1882 1415 1934 doctorum
1470 1877 1837 1933 celebritatem
1872 1889 1912 1944 Β
1942 1871 2119 1941 placet
2145 1872 2390 1937 quaedam
2419 1871 2636 1926 nomina
2680 1885 2746 1925 eo
2779 1869 3100 1938 spectantia,
3141 1876 3197 1921 et
3225 1866 3423 1936 passim
3456 1866 3513 1919 in

273 1958 466 2028 τεῐίαίο
504 2002 519 2026 .
587 1964 690 2022 hoc
760 1966 991 2023 oﬂicium
1061 1986 1161 2039 pro
1223 1985 1317 2025 sua
1376 1968 1641 2023 industria
1706 1982 1836 2021 con-

272 2048 556 2119 cinnavit,
616 2059 913 2126 quotannis
960 2060 1011 2115 in
1075 2059 1263 2116 Graeca
1328 2059 1566 2115 Ecclesia
1622 2059 1710 2113 die
1765 2057 1835 2112 ’50

269 2136 517 2196 Januarii
580 2148 915 2203 recitandum
951 2166 965 2203 :
1001 2149 1144 2218 quod
1203 2164 1432 2206 cernere
1482 2160 1567 2206 est
1610 2158 1718 2205 tam
1771 2164 1837 2204 ex

271 2227 478 2300 Typico
533 2232 591 2291 S.
638 2236 795 2291 Sabte
825 2278 840 2304 ,
886 2253 1049 2307 quam
1091 2256 1157 2297 ex
1213 2240 1455 2297 lanceis.
1515 2239 1837 2297 Maurorum

269 2321 436 2373 verba
459 2320 702 2377 invenies
726 2323 779 2377 in
810 2328 1011 2383 nostris
1047 2328 1107 2383 S.
1140 2326 1327 2383 Basilii
1345 2328 1837 2398 Ac_tis,eapitejant

268 2428 430 2483 supra
466 2413 635 2471 dicto.
653 2413 1014 2484 Quamobrem
1045 2424 1181 2480 satis
1209 2423 1423 2479 habebo
1460 2424 1563 2478 huc
1594 2420 1839 2492 proferre

1940 1978 2263 2033 quocunque
2290 1964 2357 2019 de
2383 1962 2745 2034 peculiaribus
2766 1959 2967 2016 sanctis
3011 1957 3187 2013 olllcio
3228 1970 3515 2014 recurren-

1943 2055 2036 2121 tia,
2086 2065 2210 2109 ante
2262 2054 2553 2124 explicare.
2596 2053 2725 2109 Mihi
2774 2053 2915 2108 enim
2961 2050 3298 2106 verissimum
3342 2048 3512 2103 videri

1935 2147 2072 2201 solet
2094 2146 2248 2214 illud,
2279 2145 2424 2216 quod
2451 2145 2589 2200 scite
2618 2145 2841 2199 omnino
2878 2143 3254 2210 sapienterque
3286 2140 3339 2193 in
3374 2137 3511 2193 Cra-

1939 2237 2048 2308 tylo
2077 2238 2447 2310 pronuntiavit
2471 2234 2664 2292 Plato:
2695 2237 2785 2306 qni
2818 2250 2993 2289 rerum
3030 2234 3249 2289 nomina
3281 2232 3516 2301 penititts

1938 2329 2253 2396 perviderit,
2285 2328 2535 2384 eumdem
2556 2336 2612 2385 et
2642 2344 2728 2384 res
2760 2327 2944 2383 itidem
2971 2327 3116 2397 ipsas
3148 2325 3387 2382 funditus
3419 2340 3516 2381 es-

1937 2420 2175 2487 ploratas
2204 2431 2624 2493 compertasque
2650 2420 2983 2479 habiturum.

1201 2734 1523 2825 DISSE
1546 2733 1987 2825 RTATIO
2063 2738 2578 2825 PB/EVIA.

711 2932 795 2992 De
828 2926 1214 2992 ouibusdam
1258 2925 1610 3003 generatim
1657 2926 1735 2986 ad
1778 2925 2169 2989 acoluthiam
2203 2927 2564 2989 (Succorum
2605 2927 3059 3007 spectantibus.

270 3266 372 3343 gl.
413 3265 557 3343 Quid
613 3266 684 3320 sit
714 3265 899 3343 critus
936 3265 1040 3319 sire
1069 3274 1232 3343 tonus
1273 3274 1324 3318 et
1370 3265 1686 3343 quempiam,-
1718 3266 1844 3334 quid
1871 3270 1914 3327 C
1951 3267 2036 3320 nis
2089 3267 2176 3322 διὰ
2229 3272 2545 3343 τεσσάρων,
2586 3273 2671 3329 vel
2737 3275 2781 3329 si
2837 3273 3008 3329 mavis
3039 3284 3147 3328 una
3188 3279 3383 3343 quarta
3411 3274 3513 3329 sub

313 3339 636 3410 troparium,
660 3338 949 3391 sticherum
970 3348 1020 3391 et
1050 3338 1260 3392 sticbus
1282 3352 1299 3401 ;
1321 3338 1445 3406 quid
1467 3336 1798 3392 idiomclum.

337 3456 394 3510 4.
425 3452 883 3521 Quemadmodum
933 3450 987 3505 in
1037 3451 1274 3507 Ecclesia
1321 3451 1537 3520 Latina,
1574 3453 1655 3509 sic
1674 3462 1729 3508 et
1785 3452 1837 3507 in

266 3544 479 3609 Graeca,
519 3541 753 3598 oﬂicium
787 3540 1030 3593 divinum
1061 3542 1363 3595 concinitur
1387 3540 1677 3597 modulate.
1712 3543 1840 3597 Per-

268 3651 454 3704 perant
499 3644 676 3687 tamen
721 3630 1049 3687 existimavit
1089 3628 1355 3687 Meursius
1390 3628 1543 3704 ἦχος,
1588 3649 1705 3698 quae
1735 3650 1833 3689 vox

268 3729 323 3782 iu
390 3726 590 3780 rituum
640 3723 948 3781 Grecorum
988 3720 1265 3777 codicibus
1302 3723 1527 3779 recurrit
1583 3721 1839 3793 frequen-

269 3819 497 3882 tissime,
531 3817 837 3886 signilicare
868 3833 889 3867 ι
927 3816 1219 3871 canticum.
1263 3835 1281 3867 ι
1326 3816 1540 3872 Meursii
1600 3827 1836 3871 erratmu

264 3911 548 3965 confutant
574 3908 807 3963 Jacobus
850 3908 1059 3963 Goarus
1102 3917 1156 3962 ct
1206 3908 1317 3963 Leo
1363 3909 1628 3965 Allatius:
1668 3910 1754 3965 hic
1783 3911 1834 3963 in

268 4001 709 4056 dissertationes
762 3998 838 4051 De
883 3999 1030 4052 libris
1083 4001 1450 4055 ecclesiasticis
1508 4000 1835 4067 Gra'corum,

269 4109 391 4165 pag.
433 4093 522 4156 66,
548 4090 639 4146 ille
676 4091 727 4144 in
750 4087 1099 4161 Euchologio,
1135 4105 1255 4160 pag.
1291 4092 1417 4155 206,
1449 4094 1537 4147 ubi
1560 4094 1640 4148 sic
1663 4094 1835 4162 loqui-

269 4198 359 4241 tur
390 4201 406 4240 :
452 4202 472 4237 ι
499 4183 721 4252 Proprie
752 4178 906 4255 ἦχος,
944 4183 997 4237 in
1032 4192 1193 4237 cantu
1235 4182 1422 4239 Graeco
1446 4186 1831 4247 ecclesiastii-o,

269 4280 409 4332 idem
449 4286 531 4333 est
572 4277 713 4346 quod
745 4296 763 4328 ι
795 4284 954 4332 tonus
987 4294 1009 4329 s
1057 4274 1109 4330 iu
1148 4272 1360 4330 Latino.
1409 4272 1619 4329 Habent
1652 4286 1832 4330 autem

266 4367 439 4422 Crte-ci
459 4385 589 4425 suos
604 4379 730 4423 octo
750 4379 922 4427 tonos.
942 4382 970 4421 a
989 4368 1182 4436 quibus
1198 4366 1410 4422 libellus
1433 4366 1759 4437 Ὀκτὼηχος,
1782 4370 1832 4422 id

264 4469 367 4523 est,
404 4476 425 4511 ι
453 4462 735 4515 continens
765 4471 886 4516 octo
915 4470 1093 4524 touo~,
1120 4477 1139 4511 θ
1171 4462 1386 4515 dicitur.
1440 4459 1677 4528 Quatuor
1723 4464 1831 4518 toni

265 4553 477 4623 priores
519 4551 817 4618 simplicem
871 4551 1283 4621 appellationem
1335 4563 1464 4607 sunt
1497 4552 1670 4609 nacti:
1701 4548 1832 4624 ἦχος

1945 3357 2224 3427 principali
2255 3359 2607 3419 descendunt.
2654 3384 2672 3415 s

2014 3450 2071 3504 5.
2102 3451 2288 3522 Neque
2335 3453 2587 3510 dissentit
2618 3455 2849 3510 All-alius
2886 3456 3019 3524 :qui
3068 3470 3192 3510 cum
3226 3456 3278 3510 in
3316 3457 3515 3526 pra-di-

1944 3555 2031 3596 cta
2070 3545 2478 3611 dissertatione,
2512 3564 2637 3619 pag.
2695 3549 2784 3613 5‘5,
2822 3549 3070 3604 eamdem
3099 3560 3346 3603 tonorum
3382 3566 3509 3615 par-

1932 3636 2217 3703 .titionem,
2252 3639 2469 3693 brevius
2496 3642 2715 3709 quidem
2736 3682 2753 3705 ,
2787 3643 2880 3696 sed
2911 3641 3088 3696 minus
3136 3642 3393 3697 distincte
3419 3657 3513 3696 ex-

1946 3729 2255 3797 posuisset;
2310 3730 2378 3785 de
2419 3744 2609 3786 eorum
2660 3732 2798 3786 libro
2856 3732 2972 3787 sive
3023 3734 3275 3787 octtecbo
3325 3734 3512 3788 dicere

1943 3821 2252 3891 aggreditur
2280 3831 2371 3876 :et
2400 3840 2421 3874 ς
2454 3822 2706 3877 Canones
2729 3836 2919 3876 omnes
2938 3862 2952 3887 ,
2980 3824 3177 3890 inquit,
3239 3823 3356 3878 sive
3407 3834 3513 3877 tro-

1944 3914 2115 3983 paria.
2147 3923 2201 3968 et
2230 3929 2566 3984 quzecunque
2618 3914 2739 3969 alias
2791 3914 3074 3969 cautiones
3123 3916 3177 3969 iu
3227 3915 3331 3969 hoc
3363 3914 3503 3970 libro

1944 4014 2236 4072 contentae,
2274 4005 2349 4060 ita
2379 4006 2652 4074 disposita:
2702 4018 2872 4071 sunt,
2899 4016 2958 4060 ut
2989 4020 3110 4075 quas
3160 4006 3336 4075 primo
3381 4016 3511 4061 tono

1941 4095 2327 4161 concinuntur,
2357 4098 2536 4151 omnia
2574 4097 2738 4151 simul
2785 4098 3018 4165 primum
3052 4098 3154 4151 sibi
3183 4097 3363 4150 locum
3414 4111 3477 4149 oc

1942 4196 2170 4256 cupent;
2202 4202 2322 4255 qua:
2351 4193 2611 4253 secundo,
2645 4188 2976 4250 secundum;
3013 4202 3134 4257 qua:
3169 4186 3357 4254 tertio,
3391 4196 3502 4241 ter-

1944 4278 2076 4332 tium
2110 4295 2126 4332 :
2158 4285 2213 4330 et
2238 4277 2318 4333 sic
2348 4278 2413 4330 de
2440 4278 2691 4347 singulis,
2717 4276 2892 4333 donec
2919 4278 2984 4332 ad
3007 4277 3287 4347 obliquum
3316 4277 3502 4348 quarti

1940 4367 2317 4439 perveniatur,
2346 4370 2436 4437 qui
2473 4372 2616 4425 inter
2643 4381 2799 4425 tonos
2824 4370 3074 4434 ultimus,
3099 4370 3350 4425 ultimum
3381 4385 3509 4439 quo-

1940 4473 2045 4527 que
2082 4458 2185 4513 sibi
2241 4459 2416 4514 locum
2452 4461 2722 4525 vindieat,
2752 4472 2806 4515 ct
2834 4464 3118 4516 cautiones
3159 4478 3224 4517 eo
3263 4461 3509 4515 modula-

1942 4560 2008 4604 ta:
2046 4564 2111 4604 ac
2155 4564 2610 4606 commeusurata:
2642 4591 2658 4615 ,
2694 4552 2888 4607 ultimo
2914 4568 3135 4624 quoque
3191 4554 3313 4609 loco
3346 4570 3506 4624 repo-

263 4619 338 4707 u',
378 4643 619 4714 primus;
667 4637 799 4713 ἦχος
854 4642 919 4712 β’,
945 4619 1255 4707 secundus;
1304 4636 1436 4712 ἦχος
1484 4642 1552 4713 γ’,
1608 4619 1830 4709 tertius;
1867 4619 1910 4675 Ῑ)
1941 4652 2162 4698 uantur.
2185 4643 2440 4699 Continet
2469 4654 2649 4699 autem
2679 4656 2887 4701 tantum
2910 4619 3146 4715 traparia
3173 4657 3227 4701 et
3242 4619 3502 4709 canones,

263 4733 397 4807 ἦχος
417 4735 483 4799 δ’,
511 4744 754 4804 quartus.
778 4732 1019 4800 Quatuor
1046 4734 1377 4803 posteriores
1416 4737 1684 4803 disparem
1716 4754 1831 4792 sor-

266 4830 475 4880 tiuntur
522 4823 1011 4879 deuomiuationem
1050 4840 1065 4879 :
1117 4826 1341 4893 quintus
1378 4826 1521 4880 enim
1570 4838 1653 4883 est
1700 4823 1831 4899 ἦχος

262 4917 499 4989 πλαγίου
550 4916 789 4989 πρώτου,
846 4918 1205 4987 scribiturque
1249 4914 1382 4990 ἦχος
1416 4918 1506 4975 πλ.
1554 4927 1623 4986 a',
1677 4934 1832 4976 tonus

260 5009 516 5079 obliquus
564 5006 805 5074 primus:
859 5019 1045 5062 sextus
1099 5003 1341 5079 ρειῆχος
1376 5009 1466 5065 πλ.
1509 5010 1575 5079 β’,
1622 5011 1723 5065 hoc
1747 5020 1832 5065 est

260 5100 499 5170 πλαγίου
527 5098 803 5170 δευτέρου,
838 5112 995 5155 tonus
1020 5101 1270 5169 obliquus
1288 5103 1581 5155 secundus.
1620 5101 1835 5156 Tertius

260 5192 462 5248 dicitur
482 5187 614 5263 ἦχος
642 5190 832 5264 βαρύς.
872 5203 1033 5247 tonus
1052 5194 1259 5261 gravis,
1291 5203 1509 5263 propter
1548 5209 1750 5249 moram
1777 5204 1830 5250 et

256 5285 413 5339 vocis
454 5285 772 5353 gravitatem
818 5283 957 5338 inter
986 5284 1132 5340 illum
1162 5287 1482 5349 canendum,
1524 5301 1828 5356 quanquam

256 5380 475 5429 dicatur
518 5376 683 5430 etiam
753 5370 885 5446 ἦχος
955 5376 1046 5430 πλ.
1103 5381 1170 5443 γ’.
1254 5376 1486 5431 liltimus
1547 5388 1632 5432 est
1696 5373 1829 5449 ἦχος

260 5468 354 5522 πλ.
385 5465 450 5530 δ’,
480 5473 639 5521 tonus
671 5465 925 5536 obliquus
951 5466 1007 5519 4.
1046 5487 1062 5517 ι
1099 5465 1296 5519 Eadem
1334 5475 1657 5535 repetuntur
1687 5483 1813 5537 pag.

258 5560 370 5615 435
389 5567 444 5613 et
483 5559 699 5613 additur
736 5576 752 5612 :
794 5577 813 5611 ι
856 5555 993 5612 'l‘oni
1042 5558 1200 5628 primi
1234 5567 1475 5626 quatuor
1504 5568 1765 5613 vocantur
1800 5574 1825 5610 a

262 5653 507 5708 tnu=ices
538 5651 825 5710 studiosis.
871 5650 1195 5720 principales
1222 5660 1276 5705 et
1306 5651 1462 5706 recti.
1490 5652 1617 5715 Alii,
1652 5654 1829 5705 minus

258 5743 522 5813 praecipui
552 5784 566 5805 ,
603 5744 844 5813 obliqui,
883 5743 1150 5808 ministri;
1185 5760 1484 5815 eorumque
1544 5763 1571 5799 a
1631 5746 1823 5812 primis

260 5836 315 5889 in
348 5850 414 5890 eo
440 5845 551 5892 stat
576 5835 889 5898 discrimen,
912 5833 1053 5897 quod
1081 5835 1299 5891 vocibus
1322 5846 1578 5899 quatuor,
1615 5850 1707 5891 seu
1732 5850 1819 5891 so-

1938 4736 2028 4803 qui
2057 4750 2086 4787 a
2104 4736 2296 4803 primis
2321 4737 2565 4806 vesperis
2590 4736 2882 4793 Dominicre
2903 4740 2968 4791 ad
3005 4740 3161 4793 linem
3185 4753 3354 4806 usque
3376 4739 3507 4791 tuis-

1938 4842 2012 4881 sa:
2035 4837 2330 4892 canuntur,
2363 4837 2419 4881 et
2443 4837 2569 4883 octo
2624 4828 2920 4883 Dominicis
2967 4843 3064 4896 pro
3096 4838 3349 4881 tonorqu
3398 4844 3503 4883 nu-

1946 4934 2098 4974 mero
2148 4918 2355 4974 (initur.
2397 4920 2603 4989 Singuli
2662 4921 2772 4975 toni
2810 4935 2921 4974 tres
2973 4920 3175 4974 habent
3235 4933 3496 4975 canones.

1937 5009 2200 5073 Primum,
2229 5012 2620 5081 ἀναστάσιμον.
2663 5013 2755 5079 qui
2792 5014 2841 5063 in
2879 5012 3292 5066 resurrectionis
3325 5009 3502 5063 Domi-

1941 5101 2076 5155 nicte
2101 5116 2116 5166 ;
2150 5103 2470 5165 secundum,
2496 5102 3085 5174 σταυροαναστάσιμον,
3111 5102 3203 5170 qui
3230 5102 3279 5153 in
3308 5098 3503 5155 Crucis

1940 5203 1993 5247 et
2048 5191 2526 5253 Resurrectionis;
2558 5194 2797 5257 tertium,
2830 5193 2921 5260 qui
2955 5193 3007 5245 in
3041 5191 3219 5244 Marize
3251 5186 3495 5258 Virginis

1937 5281 2183 5338 laudibus
2233 5280 2591 5345 celebrandis,
2644 5291 2946 5335 versantur.
2989 5278 3053 5332 Et
3098 5279 3210 5332 lucc
3237 5278 3291 5331 iu
3333 5290 3501 5331 octie—

1937 5372 2054 5428 ehis
2082 5372 2318 5442 antiquis
2351 5372 2715 5428 habebantur.
2771 5372 2826 5426 In
2904 5370 3298 5427 recentioribus
3342 5371 3500 5424 modo

1936 5464 2155 5518 additur
2184 5479 2284 5534 pro
2327 5464 2555 5533 singulis
2588 5464 2729 5518 tonis
2775 5480 2948 5519 canon
2976 5503 2992 5524 .
3040 5463 3130 5530 qui
3178 5464 3231 5517 in
3270 5477 3498 5532 μεσονυ-

1932 5554 2084 5607 κτίου
2113 5555 2192 5608 vel
2219 5554 2632 5625 μεσονυκτικοῦ,
2656 5556 2845 5610 Inedia:
2870 5555 3080 5611 scilicet
3103 5557 3276 5610 noctis
3301 5552 3495 5614 ollieio.

1934 5650 2056 5703 cani
2088 5649 2299 5711 suevit;
2334 5650 2551 5718 etquod
2589 5649 2653 5703 de
2685 5648 2951 5704 Trinitate
2992 5655 3313 5719 pertractet,
3361 5650 3492 5698 tria-

1938 5743 2091 5796 tlicus
2118 5742 2335 5795 dicitur.
2377 5763 2395 5793 s

2002 5837 2051 5889 ti.
2087 5834 2231 5891 Libri
2270 5836 2355 5892 isti
2388 5834 2592 5892 Graecis
2623 5831 3011 5891 ecclesiasticis
3034 5833 3186 5889 valde
3220 5829 3489 5888 commodi
