4046 6448
502 396 734 441 cccmu

1887 386 2416 449 PROLEGOMENA.

507 510 657 566 sunt,
708 503 818 556 imo
856 514 995 569 pene
1042 500 1372 566 necessarii;
1406 515 1557 565 nam,
1592 510 1651 556 ut
1677 509 1909 556 testatur
1941 504 2085 560 Goa-
2112 516 2160 572 Α
2189 509 2402 565 casteria
2430 508 2666 564 discreto
2699 521 2835 563 sono
2857 509 3140 563 accinitur.
3176 509 3254 563 Ad
3276 510 3544 579 obiectum
3567 515 3748 571 locum

510 608 603 647 rus
633 606 757 663 pag.
783 590 890 646 ιδι
916 633 932 655 ,
986 610 1003 643 ι
1035 591 1205 646 libros
1240 591 1371 647 totis
1406 591 1633 648 musicis
1660 602 1915 648 exaratos
1943 595 2084 649 inter

510 685 836 740 mutandum
860 685 1143 740 rarissime
1175 684 1548 753 conspiciunt,
1578 685 1663 740 vel
1691 686 1853 741 etiam
1886 686 2085 741 habent

506 777 680 833 Graeci
725 793 739 831 :
779 792 1205 846 communesque
1253 777 1396 843 ideo,
1456 787 1513 831 et
1564 778 1749 833 verbis
1804 788 1858 833 et
1895 790 2081 842 cantu,

508 872 784 925 memoriae
845 870 1113 925 tenaciter
1172 868 1403 941 inligunt
1452 868 1683 940 hymnos
1711 909 1726 932 ,
1760 869 1827 923 ad
1853 884 2081 938 quorum

511 978 758 1017 normam
796 963 934 1018 alios
966 964 1080 1033 pari
1129 963 1465 1035 syllabarum
1501 977 1730 1016 numero
1771 972 2084 1017 constantes

506 1055 779 1111 cantando
808 1054 1131 1122 inﬂectunt;
1162 1055 1392 1123 ideoque
1414 1069 1601 1109 eorum
1636 1055 1930 1123 primordia
1956 1069 2085 1108 can-

509 1144 633 1198 ticis
662 1142 782 1199 aliis
827 1144 1158 1207 inscribunt,
1189 1153 1248 1195 ut
1304 1142 1371 1196 ad
1419 1158 1608 1197 eorum
1646 1142 1887 1212 regulam
1918 1184 1930 1207 ,
2000 1159 2084 1196 se-

511 1247 740 1304 quentes
768 1237 1006 1292 indicent
1052 1251 1174 1291 esse
1222 1236 1615 1289 decantaudos.
1666 1254 1684 1287 ι
1726 1232 1931 1289 Versus
1989 1252 2085 1288 au-

511 1340 640 1390 tem,
666 1329 755 1397 qui
791 1329 847 1383 in
874 1329 1023 1384 hunc
1054 1329 1210 1383 linem
1254 1328 1451 1397 aequali
1482 1327 1817 1398 syllabarum
1856 1344 2085 1381 numero

509 1423 819 1493 alligantur,
865 1423 1123 1479 dicuntur
1180 1420 1421 1493 στιχηρὰ
1458 1421 1785 1492 προσόμοια,
1822 1419 2086 1488 Papebro-

509 1515 666 1569 rbins
706 1529 895 1570 versus
948 1513 1222 1570 similares
1253 1511 1530 1583 appellare
1583 1511 1891 1565 consuevit.
1950 1508 2086 1563 Hinc

510 1606 826 1676 intelligitur
857 1606 988 1676 quid
1016 1606 1120 1660 sibi
1176 1603 1345 1659 velint
1391 1619 1454 1660 ea
1508 1619 1629 1674 qua:
1686 1604 1943 1673 leguntur
1974 1614 2087 1658 sta-

506 1700 606 1752 tim
658 1699 711 1754 in
759 1700 875 1769 ipsa
926 1696 1280 1768 inscriptione
1329 1698 1587 1768 promissi
1652 1696 1834 1752 ol'llcii.
1874 1696 2087 1750 Ψάλλο-

515 1804 615 1855 μεν
691 1786 923 1859 στιχηρὰ
988 1788 1312 1858 προσόμοια.
1371 1784 1545 1859 Ἧχος
1607 1788 1669 1841 δ’.
1709 1790 1797 1849 Ὠς
1842 1790 2086 1857 γενναῖον

2187 601 2331 665 quod
2360 598 2574 659 attinet,
2596 597 2641 649 is
2664 596 2819 652 nobis
2847 610 3181 666 nequaquam
3198 597 3389 655 oliicit:
3415 617 3591 672 neque
3607 606 3751 658 enim

2185 688 2477 757 quidquam
2506 689 2649 742 aliud
2682 686 2752 741 ibi
2784 690 2897 741 vult
2923 688 3178 755 Codinus,
3207 705 3370 760 quam
3406 707 3571 761 super
3604 711 3755 749 men-

2186 795 2301 833 sam
2326 781 2713 850 imperatorisa
2742 780 3059 835 cantoribus
3078 785 3290 836 coneini
3318 785 3457 838 idem
3477 786 3604 840 illud
3631 786 3759 841 ίδιό-

2191 872 2383 941 μελον,
2418 875 2559 941 quod
2584 887 2649 927 eo
2670 872 2755 926 die
2773 874 2984 925 canitur
3014 872 3066 925 in
3091 873 3338 929 ecclesia.
3380 875 3492 931 Huc
3521 880 3755 943 accedit,

2186 966 2331 1032 quod
2367 963 2632 1034 ίδιόμελον
2666 963 2861 1017 ibidem
2890 964 2942 1017 in
2969 966 3215 1037 margine
3234 970 3519 1036 exponitur
3547 972 3755 1041 proprii

2187 1063 2383 1107 cantus
2434 1052 2728 1107 canticum.
2758 1052 2932 1122 Atque
2980 1052 3094 1108 lucc
3140 1056 3456 1123 marginalis
3488 1062 3758 1130 expositio

2192 1143 2427 1199 recurrit
2482 1144 2658 1199 denuo
2689 1157 2811 1211 cap.
2842 1144 2931 1207 10,
2981 1160 3129 1200 num.
3168 1144 3223 1211 5,
3257 1148 3346 1200 ubi
3378 1160 3562 1205 narrat
3615 1152 3756 1207 idem

2188 1234 2448 1300 Codinus,
2478 1233 2675 1304 quibus
2710 1236 3050 1290 caeremoniis
3099 1236 3235 1291 l‘esto
3284 1237 3591 1293 l’almarttm
3629 1262 3647 1295 ι
3702 1246 3755 1298 io

2188 1327 2565 1381 ambulacrum
2594 1324 2776 1379 veniat
2810 1324 3194 1393 lampadarius,
3222 1329 3521 1397 lampadem
3551 1331 3755 1398 ferens,

2190 1428 2471 1489 totumque
2529 1416 2651 1472 festi
2699 1417 2978 1488 proprium
3027 1420 3297 1474 canticum
3357 1423 3695 1490 decantatis,
3731 1452 3751 1479 ι

2193 1506 2381 1561 Grmce
2415 1515 2627 1561 tantum
2653 1516 2739 1560 est
2760 1506 2981 1575 ψάλλων
3000 1507 3120 1560 ὅλον
3145 1508 3205 1561 τὸ
3233 1509 3495 1581 ίδιόμελον
3537 1527 3762 1583 praeter-

2192 1600 2356 1651 misso
2392 1599 2583 1662 verbo,
2628 1598 2729 1668 τῆς
2761 1598 2973 1670 ἑορτῆς.
2998 1597 3116 1652 Jam
3148 1614 3275 1653 vero
3307 1604 3435 1672 quid
3467 1614 3573 1673 est,
3606 1622 3761 1660 ama-

2191 1691 2299 1752 in,
2374 1707 2392 1741 ι
2460 1692 2660 1759 prOprii
2723 1702 2916 1746 cantus
2984 1693 3297 1758 canticum,
3352 1714 3369 1747 ι
3430 1698 3533 1753 nisi
3580 1700 3759 1755 cantio

2191 1797 2315 1834 cum
2347 1781 2608 1851 peculiari
2645 1796 2708 1837 ac
2730 1785 2951 1853 proprio
2982 1783 3288 1837 modulandi
3321 1800 3515 1854 genere
3542 1802 3761 1847 cantan-

510 1880 573 1930 ἐν
618 1879 913 1950 μάρχυσιν.
966 1882 1039 1933 At
1100 1894 1231 1935 vero
1287 1895 1393 1935 non
1444 1881 1678 1950 quilibet
1728 1895 1918 1935 versus
1972 1896 2085 1932 στι-

2199 1877 2314 1925 :lnm
2336 1872 2359 1911 ν

511 1970 658 2042 χηρὰ
692 1973 1030 2038 vocitantur;
1084 1974 1179 2027 sed
1231 1972 1331 2027 soli
1368 1972 1442 2027 illi
1483 1974 1575 2043 qui
1614 1973 1773 2041 paulo
1817 1973 2089 2042 longiores

510 2074 676 2118 sunt.
700 2072 755 2118 et
779 2064 847 2117 ab
880 2062 1306 2133 Hymnographo
1343 2065 1719 2119 ecclesiastito
1771 2065 2085 2135 conscripti.

514 2149 651 2204 Nam
690 2165 882 2205 versus
911 2151 1190 2206 breviores
1210 2193 1226 2216 ,
1251 2166 1306 2206 et
1335 2167 1366 2206 e
1392 2150 1623 2207 Psalmis
1652 2152 1944 2219 Davidicis,
2006 2154 2089 2207 vel

513 2242 637 2296 aliis
654 2239 1089 2312 Scriptumlocis
1103 2243 1364 2313 escerpti,
1390 2242 1726 2314 appellantur
1740 2243 1932 2316 στίχοι.
1954 2244 2089 2299 Hinc

512 2335 691 2388 oritur
716 2334 1045 2405 στιχολογία,
1072 2351 1191 2404 qua:
1234 2347 1319 2390 est
1358 2336 1561 2389 alterna
1600 2333 1935 2389 Psalmorum
1972 2335 2081 2388 Da-

518 2427 819 2481 vidicorum
866 2442 962 2494 per
994 2442 1185 2480 versus
1220 2427 1485 2482 recitatio.
1524 2425 1639 2481 Non
1673 2436 2086 2495 possumtamen

514 2518 783 2572 assentire
816 2515 1043 2586 Cangio,
1086 2518 1177 2583 qui
1221 2526 1374 2586 putat
1405 2516 1605 2587 στίχος,
1657 2518 1993 2581 versiculum,
2036 2528 2091 2572 et

520 2610 775 2682 στιχηρδν
814 2627 1040 2675 uersum,
1094 2610 1287 2667 Litine
1334 2613 1481 2667 reddi
1524 2628 1703 2683 posse.
1750 2612 1884 2667 Cum
1942 2612 2088 2667 enim

519 2707 604 2768 (ut
659 2720 725 2759 ex
781 2703 895 2773 jam
947 2705 1109 2760 dictis
1157 2713 1409 2770 constat,
1464 2714 1519 2760 et
1568 2704 1953 2761 animadvertit
2005 2706 2086 2774 ipv

514 2811 573 2850 se
613 2794 867 2865 Cangius)
924 2797 1105 2867 στίχος
1156 2797 1447 2867 Scriptura:
1496 2798 1675 2853 verbis
1707 2839 1722 2863 ,
1780 2807 1837 2853 et
1892 2814 2082 2869 στιχη-

515 2886 608 2958 ρδν
638 2886 815 2942 verbis
858 2885 1261 2958 ﬂymnograpbi
1312 2897 1725 2954 conterantur,
1783 2890 1868 2943 ba:
1921 2904 2089 2945 voces

514 2994 691 3031 cerrus
717 2987 772 3032 et
807 2978 1093 3031 versiculus
1143 2977 1285 3029 istud
1322 2977 1613 3033 discrimen
1652 2980 1794 3033 haud
1837 2980 1970 3034 satis
1996 2980 2091 3035 de-

516 3068 753 3123 clarant.
807 3066 941 3123 Nolo
996 3077 1172 3123 tamen
1212 3067 1556 3139 λογομαχεῖν,
1607 3069 1722 3122 sive
1767 3070 2092 3123 contendere

518 3160 586 3213 de
615 3158 856 3213 nomine.
910 3156 1250 3230 Quapropter
1299 3160 1460 3213 modo
1494 3156 1719 3226 intelligi
1770 3173 1855 3211 me
1881 3158 2090 3221 sciam,

2193 1966 2219 2037 §
2272 1966 2332 2019 Il.
2396 1963 2547 2019 Unde
2598 1968 2740 2019 dicta
2791 1968 3023 2035 troparia
3075 1980 3120 2019 et
3164 1967 3327 2021 birtui
3367 1986 3379 2030 ;
3418 1970 3533 2038 quis
3580 1970 3761 2026 horum

2904 2054 3047 2091 usus.

2264 2155 2319 2209 8.
2356 2153 2391 2205 Α
2423 2153 2680 2207 sticlteris
2707 2152 2771 2205 ad
2810 2154 3046 2223 troparia
3088 2153 3387 2208 veniamus.
3419 2152 3765 2225 TrOparium.

2194 2246 2369 2313 inquit
2395 2243 2604 2298 Goarns
2633 2258 2753 2314 pag.
2786 2244 2887 2308 52,
2920 2260 3019 2298 vox
3051 2246 3303 2313 generica
3332 2258 3449 2313 est,
3478 2257 3531 2301 et
3557 2248 3767 2301 cum-tis

2191 2335 2423 2389 canticis
2449 2336 2500 2387 in
2529 2333 2765 2388 Ecclesia
2792 2334 2982 2389 Graeca
3015 2336 3247 2404 receptis
3275 2338 3620 2401 communis;
3652 2336 3769 2391 Ilo-

2192 2427 2377 2481 tlulum
2416 2427 2615 2496 ubique
2651 2427 3136 2496 interpretamur...
3172 2428 3361 2495 Quoad
3413 2430 3494 2483 sui
3546 2446 3769 2501 compo-

2194 2520 2445 2572 sitionem
2506 2518 2712 2572 Latinis
2763 2520 3085 2588 Atttipbonis
3133 2520 3326 2575 similis
3388 2531 3521 2576 est:
3570 2538 3767 2591 quam-

2197 2611 2276 2664 vis
2347 2609 2703 2678 antipbonam
2781 2610 2884 2663 ulla
2954 2613 3162 2665 ratione
3242 2613 3589 2680 interpretari
3665 2630 3767 2669 ne-

2198 2715 2483 2769 queamus.
2516 2698 2665 2753 llanc
2695 2713 2881 2753 vocem
2918 2700 2995 2753 sic
3041 2701 3275 2768 explicat
3321 2701 3567 2755 laudatus
3604 2702 3766 2771 Liga-

2199 2794 2392 2859 ridtts,
2450 2802 2705 2860 tanquam
2762 2792 2805 2847 si
2865 2793 3257 2863 τροπαιάριον,
3318 2792 3427 2845 ἀπὸ
3487 2794 3578 2847 τοῦ
3640 2812 3771 2869 τρο-

2198 2886 2402 2952 παίου,
2462 2886 2775 2951 derivetur;
2835 2895 2886 2940 et
2932 2888 3004 2940 sit
3035 2886 3189 2955 quasi
3243 2884 3397 2939 Ptean
3455 2889 3568 2941 sive
3616 2888 3775 2957 bym—

2198 2995 2297 3034 nus
2323 3019 2339 3045 ,
2374 2980 2426 3033 in
2455 2994 2564 3049 quo
2589 2988 2819 3033 canatur
2847 2978 3104 3043 vit-toria;
3134 2978 3214 3032 vel
3271 2979 3321 3032 in
3356 2980 3551 3047 quibus
3576 2981 3627 3032 oi
3651 2982 3777 3052 τρό-

2199 3088 2314 3132 ποι,
2345 3071 2396 3123 id
2420 3081 2524 3133 est,
2560 3084 2741 3125 mores
2766 3070 2993 3133 alicujus
3025 3071 3197 3125 sancti
3228 3070 3550 3125 referantur.
3571 3070 3772 3125 Verum

2197 3160 2343 3215 Goar
2373 3161 2696 3213 existimans
2727 3160 2837 3213 ἀπὸ
2868 3160 2961 3213 τοῦ
2986 3161 3210 3232 τρέπειν
3242 3172 3488 3225 vertere,
3523 3161 3605 3215 vel
3642 3178 3771 3231 pro-

523 3252 691 3306 basce
713 3226 1059 3307 Gracatticas
1084 3226 1244 3306 voces
1274 3251 1327 3304 itt
1360 3261 1639 3317 posterum
1668 3251 1741 3304 ita
1796 3248 1988 3303 Latine
2013 3250 2091 3302 in-
2122 3226 2163 3281 θ
2200 3253 2459 3321 piuquius
2486 3251 2593 3304 ἀπὸ
2638 3251 2855 3323 τροπῆς
2880 3226 3235 3308 conversione
3282 3256 3550 3326 originem
3603 3226 3726 3311 duci
3760 3276 3775 3321 ;

516 3343 873 3412 terpretabor.
909 3341 1074 3396 Porro
1099 3342 1329 3414 στιχηρὰ
1352 3342 1456 3396 alia
1486 3354 1611 3397 sunt
1633 3343 1965 3413 προσόμοια,
1985 3345 2090 3396 alta

521 3432 782 3503 ιδιόμιλα.
833 3432 965 3500 Quae
1015 3433 1127 3488 sint
1182 3434 1527 3506 προσόμοια,
1560 3434 1762 3487 dictum
1799 3450 1941 3488 nunc
1988 3447 2090 3488 est.

532 3523 799 3595 ἰδιόμελα
822 3540 953 3578 vero
977 3535 1105 3580 sunt
1132 3541 1193 3581 ea
1220 3525 1476 3599 στιχηρὰ,
1520 3539 1643 3595 qua:
1684 3525 1766 3595 (ut
1798 3525 1875 3579 ait
1905 3526 2095 3581 doctus

520 3613 809 3684 Ligaridns
837 3615 977 3684 apud
1011 3615 1247 3671 Goarutn
1270 3617 1466 3688 p.206)
1494 3616 1752 3687 peculiari
1789 3616 1914 3679 sibi,
1945 3618 2094 3688 gravi

521 3720 715 3776 nempe
734 3715 789 3760 et
808 3707 1095 3774 concinna,
1126 3722 1256 3763 voce
1284 3708 1559 3762 recitanda
1604 3717 1751 3770 sunt,
1772 3708 1925 3775 quasi
1967 3707 2099 3761 ίόιον

526 3796 726 3868 μέλος,
786 3799 839 3854 id
884 3809 969 3855 est
1001 3839 1017 3865 ,
1073 3800 1347 3870 propriam
1407 3798 1828 3855 modulationem
1892 3798 2097 3853 baben-

524 3899 619 3941 III.

634 3982 690 4036 7.
765 3980 1063 4051 Objirietur
1128 3982 1359 4039 fortasse
1428 3984 1554 4040 huic
1625 3984 1933 4040 deﬁnitioni
1992 3982 2099 4038 Co-

524 4074 721 4138 diuus,
762 4075 813 4127 in
869 4076 1008 4128 libro
1048 4073 1121 4127 De
1168 4075 1473 4142 oﬂ'icialt'bus
1529 4076 1715 4140 palatii
1760 4074 1877 4131 (ΣΡ.
1923 4087 1977 4129 et
2022 4076 2100 4131 De

524 4167 703 4235 nﬁiciis
760 4183 965 4235 magne
1010 4166 1297 4231 Ecclesiw,
1359 4183 1478 4236 cap.
1530 4167 1580 4232 7,
1637 4185 1688 4220 ιι.
1724 4169 1818 4235 23,
1848 4170 2094 4246 odicens:

526 4259 880 4331 [εἰσέρχονται
922 4260 1015 4313 καὶ
1071 4262 1117 4315 οἱ
1180 4262 1399 4332 ψάλται.
1426 4303 1441 4318 .
1478 4306 1491 4318 .
1520 4302 1532 4315 .
1567 4302 1582 4317 .
1613 4302 1626 4314 .
1686 4264 1777 4316 καὶ
1808 4264 2101 4333 ψάλλουσιν

528 4351 791 4421 ίδιόμελον
862 4353 960 4422 τῆς
1031 4356 1223 4428 ἑορτῆς
1259 4372 1271 4386 ·
1330 4357 1471 4425 quod
1541 4356 1613 4410 ita
1685 4358 1848 4410 vertit
1912 4369 2101 4413 noster

525 4440 821 4495 Gretserus
851 4466 861 4497 ;
895 4461 913 4493 ι
944 4443 1324 4512 ingrediuntur
1348 4446 1515 4499 etiam
1557 4458 1837 4508 cantores,
1867 4456 2099 4499 canunt-

2204 3364 2222 3395 ‹
2258 3344 2385 3399 Sive
2429 3344 2596 3403 dicas.
2639 3345 2835 3412 inquit,
2868 3342 2937 3396 ob
2970 3358 3153 3397 vocem
3207 3346 3261 3397 in
3303 3349 3579 3403 cantando
3619 3352 3772 3404 varie

2201 3452 2412 3491 versam
2446 3447 2497 3491 et
2523 3436 2813 3502 inﬂexam,
2838 3455 2856 3488 ι
2892 3440 3034 3505 (qua:
3081 3436 3211 3489 mihi
3250 3438 3385 3491 ratio
3408 3449 3513 3504 est,
3552 3450 3613 3494 ut
3661 3458 3774 3496 mo-

2198 3529 2381 3581 dulum
2413 3543 2632 3597 semper
2694 3526 3040 3598 reddiderint)
3072 3546 3091 3578 ι
3134 3527 3250 3581 sive
3283 3568 3293 3590 ,
3330 3528 3456 3597 quia
3511 3545 3783 3585 canonar-

2197 3621 2325 3685 rlia,
2365 3620 2492 3672 dum
2535 3622 2831 3688 tr0parium
2862 3621 2989 3674 illud
3025 3636 3121 3690 per
3141 3632 3415 3674 commata
3444 3623 3717 3691 suggerit,
3753 3643 3771 3675 ι

2200 3712 2348 3779 (raro
2373 3724 2605 3777 namque
2631 3710 2851 3777 pulpitis
2884 3719 3061 3763 astant
3090 3709 3288 3781 Graeci)
3324 3728 3341 3761 ι
3383 3710 3541 3765 modo
3567 3711 3620 3764 in
3642 3710 3779 3764 cho-

2202 3813 2320 3850 rum
2358 3798 2521 3859 bunc,
2546 3799 2704 3850 modo
2729 3797 2781 3849 in
2810 3798 2973 3850 alium
3010 3799 3293 3870 τρέπεται,
3322 3802 3435 3855 sive
3464 3801 3719 3857 vertitur.
3753 3821 3772 3853 ι

2202 3886 2462 3955 Superest
2495 3888 2759 3943 sententia
2824 3887 2926 3939 alia
2956 3930 2969 3951 ,
3006 3892 3099 3944 sed
3152 3908 3272 3961 quae
3338 3893 3496 3961 plene
3542 3894 3779 3965 intelligi

2201 3990 2329 4034 ante
2359 3996 2464 4034 non
2497 3991 2695 4050 pctest,
2724 3994 2883 4048 quam
2924 3983 3005 4035 vis
3044 3997 3110 4036 ac
3150 3995 3347 4039 natura
3393 3986 3556 4040 birmi
3599 3987 3783 4043 decla-

2204 4082 2321 4126 rata
2351 4072 2530 4127 luerit.

2274 4165 2326 4219 9.
2357 4184 2376 4215 ι
2418 4164 2639 4219 Hirmus
2669 4179 2833 4235 porro
2859 4207 2872 4230 ,
2920 4185 2939 4217 ι
2978 4174 3034 4219 ιιι
3065 4175 3145 4219 est
3189 4166 3328 4234 apud
3373 4166 3634 4219 Allatium
3668 4167 3778 4225 loc.

2201 4257 2296 4310 cit.
2322 4272 2443 4326 pag.
2468 4256 2556 4320 98,
2581 4274 2601 4308 ι
2620 4267 2704 4311 est
2736 4259 2969 4327 hymnus
3000 4259 3116 4313 sive
3144 4258 3470 4327 tr0parium,
3499 4272 3529 4311 a
3564 4272 3673 4328 quo
3694 4273 3781 4313 re-

2202 4349 2470 4417 liquorum
2505 4349 2885 4417 tropariornrn,
2910 4365 3028 4419 qua:
3060 4352 3112 4405 in
3160 4366 3223 4406 ea
3265 4351 3368 4405 ode
3427 4361 3781 4417 canerentur,

2201 4440 2592 4510 consequentia
2630 4451 2685 4493 et
2737 4442 2907 4496 series
2940 4444 3261 4496 ducebatur.
3295 4441 3463 4509 idque
3516 4445 3589 4496 ita
3655 4458 3781 4499 esse

524 4548 630 4600 que
689 4532 814 4588 festi
898 4538 1175 4604 proprium
1236 4538 1534 4593 canticum.
1600 4557 1619 4590 ι
1675 4537 1831 4592 Unde
1888 4537 2101 4590 videtur
2133 4568 2175 4619 D
2207 4540 2464 4585 notarunt
2488 4533 2589 4585 viri
2617 4533 2758 4585 docti
2792 4573 2805 4595 ,
2846 4550 2909 4587 ex
2944 4536 3213 4588 Simeouis
3270 4536 3784 4593 Tbessalonieensis

525 4637 689 4693 posse
721 4626 971 4680 concludi
1002 4669 1017 4693 ,
1067 4627 1341 4682 canticum
1382 4627 1601 4697 aliquod
1635 4629 1936 4698 nuncupari
1970 4627 2099 4681 ίδιό-

532 4716 721 4787 μελον,
746 4718 873 4786 quia
912 4717 1053 4773 festo
1075 4720 1346 4790 proprium
1368 4719 1461 4785 sit,
1491 4734 1599 4775 non
1634 4736 1763 4777 vero
1797 4721 1922 4791 quia
1946 4735 2105 4791 pecu-

527 4808 727 4863 liarem
758 4808 863 4862 sibi
890 4810 1308 4865 modulationem
1363 4811 1625 4867 vindicet.
1664 4811 1763 4865 Per
1800 4814 1917 4867 haec
1970 4828 2104 4866 sane

531 4898 730 4955 Codmi
761 4902 925 4955 verba
950 4902 1233 4969 scrupulus
1261 4942 1276 4965 ,
1329 4903 1524 4969 lateor,
1560 4902 1688 4958 mihi
1734 4904 1964 4973 injectus
2004 4903 2104 4956 fuit

532 5009 637 5048 non
662 4994 795 5047 levis
818 5008 834 5058 ;
856 4996 947 5047 sed
964 4998 1203 5061 evanuit,
1223 5002 1438 5067 quando
1464 4999 1570 5052 vidi
1592 4999 1743 5068 plura
1768 5011 1888 5050 esse
1908 4998 2107 5051 sticlte-

534 5104 592 5142 ra
628 5088 769 5143 festo
823 5091 1216 5157 congruentia,
1246 5105 1366 5161 qua
1397 5105 1501 5146 non
1554 5090 1929 5145 inscribuntur
1979 5091 2105 5143 ἰδιό-

538 5178 697 5248 μελα.
735 5178 815 5233 Ne
850 5180 1065 5251 longius
1114 5182 1403 5249 abeamus;
1463 5182 1649 5237 tideles
1702 5192 1824 5235 tuos
1878 5183 2101 5247 oculos,

537 5270 757 5335 Lector,
784 5273 835 5325 in
868 5274 1062 5327 borum
1092 5274 1251 5328 trium
1281 5273 1569 5343 praescium
1589 5274 1821 5328 oiiicium
1851 5273 2099 5328 intende:

536 5371 590 5413 et
615 5360 742 5413 licet
773 5361 1007 5416 sticbera
1046 5362 1227 5417 omnia
1254 5364 1364 5417 sint
1392 5365 1515 5418 huic
1541 5362 1677 5419 festo
1705 5364 1920 5433 propria
1943 5380 2103 5434 quam

536 5467 657 5519 qua:
697 5451 951 5518 maxime,
984 5466 1161 5509 tamen
1194 5471 1298 5509 non
1332 5456 1575 5510 invenias
1604 5456 1707 5508 alia
1738 5456 1962 5511 inscribi
1989 5456 2107 5509 ίδιὸ-

543 5544 680 5614 μελα
737 5554 934 5613 praeter
990 5548 1221 5601 slichera
1283 5548 1383 5600 Nili
1444 5548 1770 5616 Xanlltopttli
1808 5588 1822 5611 ,
1866 5549 1916 5602 id
1963 5556 2103 5617 quod

540 5639 698 5691 nobis
768 5648 1083 5705 argumento
1156 5642 1313 5694 debet
1392 5657 1555 5707 esse,
1642 5659 1745 5696 non
1818 5656 2101 5710 propterea

542 5732 812 5783 canticum
895 5732 1113 5799 aliquo-l
1194 5734 1333 5799 apud
1408 5734 1625 5787 Graecos
1706 5735 1810 5786 diei
1898 5734 2102 5802 ίδιόμε-

547 5818 659 5885 λον,
689 5824 811 5887 quia
832 5822 971 5877 lcsto
1001 5823 1275 5897 proprium
1305 5833 1407 5888 est,
1438 5824 1530 5877 sed
1555 5825 1677 5890 quia
1717 5825 1972 5891 peculiari
2002 5834 2053 5877 et
2075 5838 2105 5875 a

2205 4624 2599 4695 archiepiscopi
2632 4623 2771 4679 libro
2809 4624 2884 4678 De
2912 4627 3121 4694 templo,
3158 4630 3431 4681 sacerdote
3483 4639 3530 4681 et
3585 4643 3785 4701 mysta-

2203 4718 2377 4788 gogia.
2417 4717 2555 4771 Addi
2605 4728 2779 4786 potest
2805 4718 3043 4773 Zonaras
3070 4760 3084 4783 ,
3114 4730 3410 4773 comment.
3451 4722 3504 4776 in
3533 4737 3779 4777 canones

2204 4811 2572 4865 Anastasimos
2596 4811 2931 4895 Damasceni,
2966 4812 3015 4865 in
3046 4812 3339 4880 promttlio:
3376 4814 3584 4885 Εἱρμδς
3616 4813 3673 4865 δὲ
3698 4813 3786 4866 λέ-

2209 4917 2361 4967 γεται
2395 4900 2470 4963 ὡς
2507 4899 2827 4955 ἀκολουθίαν
2853 4901 2995 4965 τινὰ,
3024 4900 3115 4953 καὶ
3138 4899 3291 4967 τάξιν
3318 4904 3532 4973 μέλους,
3571 4904 3663 4956 καὶ
3690 4904 3789 4977 ἁρ-

2212 4992 2400 5061 μονίας
2420 4992 2594 5057 διδοὺς
2621 4996 2735 5056 τοῖς
2780 4995 2894 5063 μετ’
2938 4992 3100 5046 αὑτοῦ
3139 4996 3474 5066 τροπαρίοις.
3509 4995 3653 5063 Πρὸς
3678 4996 3788 5068 γὰρ

2208 5086 2273 5137 τὸ
2306 5086 2418 5139 τῶν
2442 5086 2650 5156 εἱρμῶν
2677 5087 2835 5155 μέλος
2862 5088 3089 5139 κάκεῖνα
3119 5088 3488 5159 ρυθμίζονται,
3517 5088 3611 5138 καὶ
3650 5089 3787 5157 πρὸς

2212 5178 2421 5231 ἐκεῖνον
2466 5178 2852 5248 ἀναφερόμενα
2885 5179 3217 5248 ἁρμόζονταί
3249 5197 3304 5231 τε
3350 5180 3441 5230 καὶ
3468 5176 3783 5245 ψάλλονται.

2210 5273 2303 5324 καὶ
2323 5274 2389 5341 τῇ
2426 5269 2659 5340 ἁρμονίᾳ
2684 5268 2776 5321 τοῦ
2805 5269 3189 5340 μελῳδήματος
3223 5272 3431 5323 ἐκείνου
3458 5270 3784 5323 ἀκολουθοῦ-

2214 5380 2319 5427 σιν,
2364 5363 2397 5433 ἢ
2446 5363 2524 5416 ὅτι
2561 5362 2795 5432 συνείρει
2836 5362 2930 5415 καὶ
2987 5363 3286 5432 συμπλέκει
3338 5362 3516 5432 ἐαυτῷ
3553 5367 3696 5415 κατα
3726 5362 3787 5412 τὸ

2221 5456 2384 5525 μέλος
2411 5460 2439 5508 ὁ
2471 5455 2661 5525 είρμὸς
2690 5454 2751 5507 τὸ
2801 5454 3115 5524 τροπάριον,
3154 5474 3172 5504 ι
3212 5452 3430 5507 llirmus
3460 5452 3781 5520 appellatur,

2211 5563 2273 5600 eo
2300 5548 2440 5615 quod
2474 5549 2668 5602 seriem
2722 5549 3008 5615 quamdam
3044 5556 3098 5599 et
3135 5546 3525 5601 connexionem
3558 5557 3612 5599 et
3638 5544 3783 5599 ordi-

2212 5654 2332 5690 nent
2380 5650 2571 5693 cantus
2614 5648 2669 5692 et
2696 5639 3062 5693 consonantiae
3092 5638 3291 5691 tribuat
3327 5637 3785 5704 consequentibus

2212 5740 2334 5795 post
2364 5746 2420 5781 se
2470 5730 2737 5797 tropariis.
2770 5730 2901 5781 Nam
2946 5730 3011 5782 ad
3045 5741 3259 5783 cautum
3304 5732 3604 5782 hirmorum
3648 5742 3781 5779 eon-

2215 5822 2536 5885 lormantur,
2566 5830 2619 5873 et
2657 5829 3079 5887 attemperantur
3127 5822 3292 5875 etiam
3325 5821 3579 5888 troparia,
3604 5827 3659 5872 et
3688 5821 3777 5872 de-
