4046 6446
780 389 868 444 Αι)
906 387 1358 448 Αοοιυτθωι
1394 389 1641 447 OFFICII
1680 392 1834 451 CRJE

1958 392 2203 451 DlSSER
2220 391 2426 451 TATIO
2467 392 2782 449 ONOMAS'I
2800 400 2928 454 ΝΑ.

3318 414 3503 457 CCC\tx

246 514 541 563 cautautur
594 520 701 561 non
754 503 876 561 sine
920 505 1181 564 relatione
1231 508 1299 564 sd
1331 507 1558 573 hirmos,
1590 522 1817 577 quorum
1849 509 1896 563 Α
1925 522 2022 561 vox
2056 509 2402 579 psallentium
2426 509 2696 580 exigatur,
2727 523 2899 579 neque
2925 517 3224 567 concinnus
3248 514 3351 565 erit
3379 527 3504 566 can-

248 600 438 657 itidem
493 596 778 655 tnelodiam
833 608 889 652 et
943 611 1136 654 sonum
1192 600 1499 656 imitantur.
1557 598 1652 653 Vel
1704 601 1825 656 inde

250 694 464 750 hirmos
505 704 698 745 nomen
744 691 931 757 habet,
972 694 1114 762 quod
1142 692 1434 748 contrahat
1459 701 1514 748 et
1541 703 1825 748 connectat

246 785 352 840 sibi
399 784 456 837 in
498 780 727 835 melodia
773 789 831 837 et
875 793 1032 839 cantu
1065 783 1383 850 troparium.
1411 803 1429 837 ι
1468 784 1532 838 Et
1558 795 1704 839 certe
1733 785 1825 840 Εἴ-

249 894 366 949 ρω,
415 887 446 927 a
498 886 606 943 quo
657 872 864 930 hirmos
909 874 1228 938 deducitur,
1262 876 1532 944 signiﬁcat
1578 877 1734 930 trabe
1773 890 1828 932 et

250 976 426 1029 uncto,
466 975 523 1018 ut
553 975 696 1035 patet
728 983 791 1023 ex
822 966 933 1030 illo,
980 964 1122 1036 quod
1155 963 1419 1024 Hesiodus
1446 969 1498 1024 in
1530 966 1826 1040 Theogonia

250 1060 320 1113 tle
348 1056 517 1114 Musis
546 1060 743 1115 cecinit
771 1082 783 1115 :

252 1194 1444 1264 .............taiAti:zatpi

262 1263 588 1333 ’Υμνεῦσαι
608 1264 895 1332 τέρπουσι
905 1262 1099 1332 μέγαν
1122 1266 1269 1320 νόον
1294 1266 1467 1332 ἐντὸς
1501 1265 1826 1333 Ὀλύμπου,

246 1334 529 1407 Εἰρεῦσαι
553 1332 625 1387 τά
644 1335 701 1407 _t‘
722 1333 901 1387 ἐόντα
921 1333 991 1389 τά
1006 1337 1055 1389 τ’
1080 1335 1385 1407 ἐσσόμενα
1414 1336 1529 1404 πρό
1552 1337 1602 1388 τ’
1630 1332 1826 1402 ἐόντα,

251 1403 426 1474 Φωνὴ
451 1403 796 1473 ὁμηρεῦσαι.

253 1581 281 1611 ._
314 1578 331 1595 .
374 1579 389 1594 .
432 1579 448 1594 .
491 1579 507 1595 .
553 1579 568 1594 .
612 1578 630 1596 .
673 1583 687 1597 .
728 1539 1013 1596 Hominum
1037 1554 1237 1611 patrem
1264 1551 1418 1611 atque
1446 1542 1663 1596 deorum

252 1609 581 1685 l_,_tmdantes,
608 1628 854 1685 magnam
884 1609 1109 1685 mentem
1142 1609 1441 1685 exhilarant
1471 1615 1527 1666 in
1559 1613 1817 1685 Uiympa,‘

254 1681 535 1752 ﬂectentes
562 1682 870 1751 pra'sentia.
901 1681 1166 1746 praeterita
1198 1691 1352 1751 atque
1387 1683 1586 1752 futura,

250 1747 477 1807 Gutturc
506 1747 783 1821 fundentes
844 1761 1077 1803 cantum.

252 1890 321 1944 Et
347 1886 595 1957 quamvis
632 1886 868 1944 Boninus
911 1884 1279 1952 Iombritius,
1331 1891 1581 1958 patritius
1633 1890 1831 1944 Medio—

253 1979 517 2044 laneusis,
552 1978 604 2034 in
636 1992 734 2034 sua
762 1979 1163 2049 elegantissima
1221 1977 1535 2051 Theogonite
1563 1982 1831 2046 versione,

253 2084 363 2124 non
391 2070 636 2126 videatur
670 2083 889 2127 sensqu
916 2070 1129 2130 Hesiodi
1165 2071 1300 2126 satis
1323 2072 1677 2143 expressisse,
1707 2073 1831 2128 dum

249 2162 416 2217 vertit
451 2179 467 2216 :

254 2277 1610 2337 .....................Iltte

255 2342 447 2402 Laude
467 2348 701 2400 maintain
731 2350 897 2417 patris
921 2351 1219 2403 exhilarant
1248 2364 1267 2402 :
1301 2350 1606 2417 plerumque
1636 2365 1829 2404 canen-

255 2484 389 2550 Qua:
416 2484 548 2549 sint,
576 2501 693 2553 qut:
708 2485 926 2555 fuerint,
953 2498 999 2541 et
1025 2503 1142 2559 qua:
1168 2496 1384 2542 uentura
1417 2417 1727 2551 tranauit:

255 2630 437 2676 tamen
480 2637 508 2676 a
559 2622 957 2692 signiﬁcatione
1010 2622 1160 2679 verbi
1217 2622 1365 2696 Εῖρω
1393 2631 1707 2692 neutiquam
1745 2636 1831 2676 re-

253 2714 442 2767 cessit.

329 2804 417 2857 10.
472 2803 692 2859 Hirmus
716 2819 867 2875 ergo,
912 2805 1091 2873 quoad
1126 2803 1250 2857 licet
1278 2818 1515 2871 assequi,
1547 2815 1834 2872 sequentes

256 2894 506 2951 modulos
534 2895 602 2949 ad
647 2909 802 2951 suam
855 2889 1114 2949 musicam
1151 2893 1492 2949 inﬂexionem
1530 2895 1723 2959 trahit,
1750 2904 1835 2947 at-

253 3000 365 3055 que
398 2986 516 3042 ideo
550 3001 655 3041 non
684 2984 824 3040 male
855 2998 887 3038 a
921 2980 1101 3039 Goaro
1134 2982 1376 3039 redditur
1427 2992 1654 3037 tractus.
1698 2980 1835 3035 'l‘ra-

254 3087 405 3133 etum
448 3086 629 3132 autem
657 3090 779 3132 eum
810 3076 954 3142 dico,
1010 3074 1174 3131 nolim
1201 3074 1450 3145 equidem
1485 3088 1608 3129 cum
1655 3073 1836 3142 aliquo

256 3170 399 3239 apud
427 3168 683 3224 Allatium
713 3167 1011 3231 existimes,
1042 3167 1276 3222 hirmum
1300 3179 1330 3220 a
1364 3174 1539 3220 tractu
1577 3164 1835 3222 Ecclesiae

256 3259 470 3315 Latius
523 3274 627 3315 non
655 3259 897 3315 differre.
947 3259 1182 3322 Etenim,
1218 3266 1276 3313 ut
1322 3253 1611 3314 Gretserus
1653 3268 1835 3313 noster

256 3360 393 3405 tom.
432 3347 519 3415 lli,
548 3350 616 3404 de
644 3364 825 3415 cruce,
857 3363 977 3419 pag.
995 3348 1137 3404 3328
1164 3349 1489 3416 observavit,
1515 3347 1829 3404 Latinorum

258 3451 468 3497 tractus
529 3456 560 3496 a
616 3441 880 3496 trahendo
934 3440 1113 3496 dictus
1166 3451 1292 3507 est,
1337 3454 1443 3494 non
1495 3454 1560 3494 eo
1616 3440 1836 3509 quidem

256 3533 406 3605 quod
434 3533 505 3590 sit
529 3548 716 3589 norma
745 3533 812 3587 ad
844 3546 1004 3602 quam
1054 3531 1410 3587 eoneinautur
1449 3532 1835 3600 subsequentia

257 3627 408 3698 (nam
448 3625 764 3683 Latinorum
809 3634 1013 3680 tractus
1066 3624 1188 3680 talis
1221 3637 1406 3678 norma
1449 3639 1553 3678 non
1582 3624 1710 3693 est),
1744 3626 1839 3679 sed

257 3718 403 3787 quod
436 3718 652 3771 tractim
672 3726 939 3773 cantetur.
972 3716 1138 3786 igitur
1154 3731 1275 3771 cum
1294 3714 1604 3771 Cra-corum
1633 3716 1842 3770 hirmus

256 3826 436 3865 cannon
471 3810 544 3864 sit
576 3823 641 3863 ac
669 3810 849 3879 regula
907 3808 1247 3879 sequentiqu
1297 3809 1683 3877 trepariorum,
1729 3819 1841 3862 tra-

258 3914 382 3957 ctus
406 3901 722 3956 Latinorum
758 3914 862 3953 non
894 3900 1058 3965 item;
1096 3911 1436 3967 consequens
1476 3907 1581 3962 est,
1620 3908 1677 3950 ut
1702 3896 1837 3953 alte—

264 4008 383 4045 rmn
420 3992 489 4047 ab
516 3990 688 4045 altero
720 3986 937 4043 tiill’erre
967 3988 1401 4055 pronuntiemus.
1432 3986 1524 4041 Est
1550 3997 1729 4040 autem
1754 3986 1838 4041 in-

262 4090 348 4136 ter
375 4079 688 4137 Gracorum
724 4078 895 4134 libros
932 4076 1337 4132 ecclesiasticos
1360 4075 1582 4145 aliquis,
1608 4074 1697 4144 qui
1723 4074 1839 4129 bir-

264 4187 406 4237 mos,
441 4172 736 4226 secundum
766 4179 891 4226 octo
926 4179 1174 4224 tonorum
1216 4169 1537 4224 varietatem
1564 4165 1837 4230 collectos,

260 4263 534 4328 continet,
572 4270 736 4332 atque
772 4263 894 4318 ideo
931 4259 1275 4333 εἱρμολότιον
1304 4258 1521 4315 dicitur.

339 4358 425 4412 ll.
447 4354 610 4411 Hisce
636 4356 925 4424 explicatis
954 4354 1169 4410 videtur
1200 4352 1331 4407 mihi
1360 4352 1472 4422 jam
1506 4352 1837 4407 redeundum

260 4453 329 4506 ad
368 4450 627 4519 troparia,
672 4456 729 4502 et
780 4435 1253 4503 commemoranda
1293 4444 1561 4499 sententia
1622 4443 1834 4513 Caugii.

1928 606 2038 661 tus,
2067 616 2238 672 neque
2264 603 2447 657 suavis
2490 601 2799 669 harmonia,
2847 616 3020 671 neque
3054 604 3282 659 melodia
3308 605 3509 673 poterit

1928 692 2207 758 appellari,
2244 692 2338 747 sed
2370 691 2683 748 vociferatio
2718 693 3039 748 inconcinna
3068 707 3117 745 et
3148 697 3439 754 inammna.
3476 716 3495 749 ι

1930 782 2149 838 Zonaras
2201 787 2467 839 consentit
2521 786 2808 848 Arcadius,
2871 786 3137 840 consentit
3195 786 3503 846 Gretserus.

1930 874 2035 930 Sed
2066 878 2107 931 si
2139 880 2240 933 hoc
2272 878 2343 930 ita
2380 878 2473 939 sit.
2524 879 2624 933 tria
2674 878 2807 933 satis
2867 880 3054 933 mirari
3102 894 3207 934 non
3258 894 3498 948 possunt.

1931 966 2105 1023 Unum
2158 980 2262 1031 est,
2302 969 2444 1037 quod
2484 971 2693 1027 hirmus
2742 973 2811 1027 ab
2844 971 3042 1025 Allatio
3093 973 3235 1026 inter
3270 978 3508 1041 troparia

1931 1073 2240 1129 reponatur.
2290 1060 2557 1126 Alterum,
2598 1064 2738 1130 quod
2785 1065 3019 1133 Congius
3057 1064 3220 1119 etiam
3286 1065 3509 1136 Ἰδιόμε-

1929 1153 2021 1206 λον
2054 1152 2280 1209 aﬁirmet
2309 1168 2432 1209 esse
2471 1156 2798 1225 troparium.
2838 1156 3083 1213 Tertium
3112 1156 3345 1226 denique
3369 1159 3510 1227 quod

1934 1245 2075 1299 idem
2112 1245 2350 1318 Cangius
2395 1260 2515 1300 cum
2543 1245 2747 1312 Goaro,
2783 1248 3077 1315 troparium
3113 1248 3335 1304 deﬁniat
3367 1270 3386 1301 s
3425 1265 3512 1303 vo-

1931 1351 2048 1392 cem
2083 1340 2389 1408 genericam
2430 1347 2482 1392 et
2510 1339 2719 1393 eunetis
2746 1339 2996 1403 canticis,
3027 1339 3079 1392 iu
3100 1340 3339 1396 Ecclesia
3363 1341 3513 1396 Gne-

1932 1443 1994 1485 ca
2031 1431 2282 1498 receptis,
2308 1444 2675 1485 communem.
2712 1447 2732 1481 )
2760 1430 2968 1485 Etenim
3000 1429 3197 1484 tradita
3234 1447 3262 1484 a
3303 1430 3513 1487 Zonara

1934 1519 2289 1587 tropariorum
2319 1520 2584 1583 deﬁnitio,
2616 1534 2722 1572 non
2746 1519 3392 1591 complectiturtanquam
3417 1538 3511 1576 sua

1936 1609 2172 1665 membra
2199 1619 2290 1662 aut
2322 1611 2556 1665 hirmum
2591 1621 2689 1664 aut
2719 1610 3053 1675 idiomelum,
3090 1621 3275 1682 utpote
3309 1627 3431 1682 quae
3446 1614 3512 1666 ad

1934 1703 2130 1757 nullius
2162 1702 2324 1756 hirmi
2363 1718 2619 1758 numeros
2655 1701 3023 1759 inﬂectuntur.
3058 1702 3157 1770 Qui
3195 1705 3357 1773 igitur
3379 1708 3516 1763 idio-

1937 1793 2131 1849 melum
2166 1802 2221 1848 et
2262 1792 2469 1846 ltirluus
2509 1797 2745 1864 troparia
2793 1807 2914 1849 esse
2948 1791 3361 1858 dicunturioui
3410 1808 3515 1847 vox

1938 1885 2023 1938 illa
2057 1887 2349 1955 troparinm
2379 1887 2681 1940 communis
2712 1896 2791 1941 est
2817 1885 3071 1941 omnibus
3096 1883 3357 1940 Ecclesia:
3384 1898 3516 1941 cau-

1938 1974 2212 2031 tionibus?

2008 2065 2098 2121 l2.
2135 2065 2324 2122 timeo
2361 2070 2601 2126 incertus
2635 2067 2825 2132 animi,
2863 2082 3039 2138 neque
3073 2079 3249 2125 tamen
3275 2086 3360 2126 me
3386 2086 3513 2142 pos—

1934 2173 2053 2213 sum
2076 2158 2366 2225 adducere,
2392 2168 2449 2212 ut
2473 2162 2621 2217 viros
2652 2165 2703 2217 in
2731 2162 2931 2216 rituum
2951 2161 3267 2219 Graecorum
3286 2162 3515 2218 scientia

1935 2252 2180 2322 apprime
2227 2259 2495 2315 versatos,
2528 2253 2707 2307 ethoc
2755 2254 2972 2307 nomine
3008 2270 3105 2323 per
3128 2266 3297 2311 totum
3326 2257 3515 2312 orbem

1936 2353 2203 2399 terrarum
2233 2343 2506 2408 celebres,
2533 2352 2807 2398 autumem
2839 2345 2984 2414 loqui
3013 2350 3325 2416 pugnantia,
3349 2360 3405 2403 et
3428 2349 3519 2405 hic

1944 2447 1974 2487 a
2014 2448 2143 2488 vero
2165 2435 2374 2491 abesse.
2402 2434 2541 2502 Quid
2573 2436 2773 2508 igitur?
2804 2436 2869 2492 Ut
2894 2438 2974 2491 ha:
3009 2451 3195 2492 cormn
3218 2440 3518 2496 locutiones

1940 2525 2204 2580 duntaxat
2242 2525 2297 2579 in
2342 2528 2580 2594 speciem
2616 2539 2921 2597 pugnantes
2970 2530 3336 2585 concilientur
3378 2534 3520 2587 inter

1936 2632 2016 2677 se.
2087 2624 2307 2686 totaque
2345 2618 2705 2685 tropariornm
2767 2632 2960 2674 natura
3014 2622 3365 2692 intelligatur,
3417 2638 3520 2694 ego

1933 2710 2150 2780 quidem
2174 2708 2254 2764 sic
2284 2717 2468 2764 statuo
2490 2727 2502 2762 :
2528 2709 2826 2777 quamlibet
2849 2711 2900 2764 in
2926 2711 3163 2767 Ecclesia
3186 2712 3370 2770 Graeca
3391 2730 3520 2770 can-

1936 2804 2134 2858 tionem
2166 2803 2439 2859 communi
2489 2802 2708 2857 nomine
2765 2804 3026 2873 appellari
3082 2807 3403 2873 troparium,
3434 2808 3519 2861 vel

1934 2895 2003 2949 ob
2029 2910 2240 2959 vocem,
2264 2910 2385 2963 quae
2423 2895 2564 2950 inter
2615 2898 2945 2951 cantandum
2999 2897 3282 2966 multiplici
3337 2914 3402 2954 ac
3438 2900 3522 2954 di-

1934 2997 2095 3037 verso
2126 2984 2283 3037 modo
2327 2982 2650 3049 inﬂectitur;
2679 2984 2759 3039 vel
2789 2987 2953 3039 etiam
2983 2988 3053 3041 ob
3092 2990 3516 3055 eanenareham,

1936 3072 2027 3143 qui
2055 3074 2181 3128 dum
2214 3088 2310 3143 per
2336 3086 2605 3129 commata
2638 3077 2944 3131 cantionem
2982 3077 3218 3147 aliquam
3252 3082 3517 3151 suggerit,

1936 3168 2145 3221 varium
2186 3166 2418 3220 vertitur
2476 3168 2528 3221 in
2577 3168 2835 3233 chorum;
2891 3169 2961 3224 ita
3015 3177 3073 3224 ut
3119 3174 3418 3242 tropariqu
3451 3177 3523 3230 sit

1942 3259 2105 3314 veluti
2150 3273 2323 3328 genus
2366 3260 2433 3313 ad
2467 3259 2648 3330 plures
2680 3261 2993 3315 cantionum
3035 3260 3372 3321 differentias
3410 3267 3524 3320 sive

1940 3352 2141 3407 formas
2162 3353 2455 3423 pertinens.
2498 3354 2676 3425 Atque
2710 3355 2976 3409 alterutro
3010 3369 3199 3423 sensu,
3231 3358 3315 3413 vel
3341 3361 3522 3430 potius

1942 3454 2192 3513 utroque,
2218 3453 2274 3498 et
2297 3444 2543 3499 idiomela
2582 3455 2638 3499 et
2669 3447 2831 3499 hirmi
2877 3455 2933 3500 et
2972 3446 3207 3501 stichera
3239 3456 3295 3502 et
3333 3450 3522 3513 stichi,

1941 3544 1997 3586 et
2017 3534 2296 3588 cautiones
2312 3534 2533 3603 reliqua:
2548 3549 2737 3589 omnes
2758 3536 2882 3604 jure
2915 3537 3113 3592 merito
3140 3551 3525 3609 nuncupantur

1945 3624 2207 3694 troparia.
2236 3625 2319 3679 An
2353 3624 2497 3680 enim
2529 3627 2712 3680 cantio
2751 3636 2928 3696 potest
2962 3643 3081 3683 esse
3106 3630 3238 3694 ulla,
3267 3630 3322 3685 in
3358 3645 3522 3701 quam

1943 3727 2174 3788 utraque
2198 3715 2285 3771 illa
2321 3718 2460 3771 ratio
2486 3732 2590 3772 non
2612 3718 2937 3775 conveniat?
2962 3720 3285 3791 Quanquam
3317 3724 3524 3777 cautio-

1942 3825 2035 3863 nes
2059 3810 2161 3863 illa:
2185 3808 2303 3862 alite
2351 3810 2465 3863 sive
2507 3810 2731 3874 moduli,
2764 3813 2853 3881 qui
2902 3813 3045 3867 inter
3075 3814 3377 3868 canendum
3413 3815 3524 3867 Itir-

1942 3903 2044 3954 mis
2082 3910 2535 3970 attemperautur,
2585 3918 2692 3957 non
2723 3904 2896 3958 solum
2951 3915 3173 3974 propter
3204 3907 3521 3960 alterutram

1942 3994 2023 4047 vel
2060 4005 2347 4062 utramque
2370 3993 2663 4057 rationem,
2694 3996 2788 4048 sed
2809 3997 2975 4049 etiam
3005 4008 3224 4066 prepter
3252 3998 3395 4052 illam
3423 4012 3526 4054 ter-

1944 4084 2072 4137 tiam
2121 4100 2149 4136 n
2195 4083 2405 4140 Zonara
2463 4083 2703 4151 allatam,
2738 4101 3025 4142 commune
3067 4104 3261 4144 nomen
3295 4093 3519 4159 troparii

1940 4177 2041 4229 sibi
2079 4175 2377 4239 vindicent,
2411 4184 2668 4247 tanquam
2702 4177 2972 4245 peculiare
3001 4188 3055 4231 et
3094 4182 3396 4249 proprium,
3435 4183 3518 4235 id-

1940 4282 2045 4335 que
2071 4281 2166 4336 per
2186 4268 2613 4321 antonomasiam
2644 4276 2736 4321 aut
2757 4282 2851 4336 per
2883 4269 3289 4324 excellentiam.

1940 4355 1967 4427 ᾗ
2001 4355 2082 4411 lli.
2115 4354 2257 4421 Quid
2302 4357 2628 4423 cmttncium,
2662 4359 2781 4427 quis
2804 4360 2919 4427 ejus
2956 4361 3388 4424 inreutur;~qaid
3428 4375 3521 4417 ca-

2432 4442 2536 4480 non
2559 4465 2575 4492 ,
2617 4438 2667 4481 et
2710 4431 3013 4499 quotnptcx.

261 4543 353 4609 qui
386 4541 653 4599 Zonaram
705 4550 945 4604 secutus,
976 4539 1051 4592 ait
1104 4537 1228 4591 inde
1277 4536 1517 4606 treparia
1556 4535 1835 4605 appellari,
1871 4550 1915 4604 ι)
2016 4538 2100 4592 15.
2135 4538 2340 4609 Duplex
2373 4539 2463 4594 illa
2493 4541 2842 4611 signiﬁcatio,
2877 4555 3043 4610 quam
3074 4545 3192 4598 voci
3223 4547 3522 4612 troparinm

266 4653 286 4685 ι
330 4634 472 4701 quod
500 4634 567 4687 ad
599 4632 785 4687 modos
820 4630 1115 4684 hirtuorum
1136 4629 1452 4701 τρέπονται,
1484 4636 1764 4681 vertuntur
1786 4638 1841 4680 et

262 4726 629 4780 innectuntur.
689 4742 708 4776 ι
754 4722 979 4778 Zonaras
1023 4722 1211 4786 verba.
1266 4737 1387 4791 Quae
1448 4734 1476 4773 a
1523 4718 1731 4789 Cangio
1784 4719 1836 4772 in

262 4826 407 4877 hanc
429 4821 752 4875 sententiam
793 4816 1153 4881 adducuntur.
1190 4819 1306 4872 haec
1332 4824 1457 4869 sunt
1491 4831 1506 4869 :
1544 4813 1838 4887 Τροπάρια

258 4913 533 4981 λέγονται,
569 4911 647 4975 ὡς
672 4912 806 4984 πρὸς
832 4913 961 4973 τοὺς
1004 4910 1230 4981 simtqu
1257 4908 1589 4981 τρεπόμινα,
1620 4906 1713 4961 καὶ
1741 4907 1841 4977 τὴν

260 5003 543 5075 ἀναφορὰν
571 5001 666 5056 τοῦ
690 5003 884 5076 μέλους
907 5001 1042 5074 πρὸς
1066 5001 1307 5064 ἐκείνους
1334 4999 1648 5070 ποιούμενα’
1681 4998 1714 5070 ἢ
1746 4998 1841 5051 καὶ

259 5096 535 5169 τρέποντα
566 5094 665 5165 τὴν
700 5095 883 5169 φωνὴν
908 5095 1018 5151 τῶν
1046 5093 1281 5167 ᾀδόντων
1304 5092 1441 5167 πρὸς
1469 5092 1532 5145 τὸ
1559 5091 1718 5162 μέλος
1746 5090 1840 5145 καὶ

260 5189 355 5243 τὸν
390 5185 601 5258 ῥυθμὸν
623 5184 733 5239 τῶν
764 5186 991 5259 sipisim.
1030 5186 1096 5240 Et
1141 5185 1217 5257 μὴ
1245 5182 1356 5254 γὰρ
1381 5182 1515 5251 πρὸς
1553 5180 1792 5244 ἐκείνους
1811 5182 1841 5234 ό

260 5278 373 5332 τῶν
401 5276 539 5331 αὐτὰ
553 5273 862 5346 ψαλλόντων
888 5274 1123 5345 φθόγγος
1145 5272 1439 5337 εὐθύνοιτο,
1456 5269 1557 5323 οὐκ
1572 5268 1839 5341 εὔρυθμον

261 5370 418 5424 ἕσται
450 5370 511 5423 τὸ
546 5370 728 5442 μέλος,
756 5366 876 5423 οὐδὲ
900 5366 1239 5440 ἐναρμόνιον,
1258 5363 1379 5419 οὐδὲ
1404 5362 1564 5435 μέλος
1584 5360 1837 5430 ἃνγένοι-

259 5479 345 5525 το,
373 5461 487 5515 ἀλλ’
510 5460 722 5532 ἀπηχὲς
742 5459 836 5514 καὶ
864 5457 1202 5529 ἀνάρμοστον
1226 5454 1463 5526 φώνημα
1497 5470 1553 5507 :t
1582 5451 1838 5522 Troparia

263 5563 551 5621 vocantur,
584 5563 642 5607 ut
673 5567 795 5623 quae
841 5552 909 5606 ad
955 5550 1160 5605 hirmos
1193 5556 1477 5602 vertuntur
1507 5560 1708 5614 eosque
1752 5561 1837 5599 re-

263 5645 504 5715 spiciunt
552 5655 810 5713 tanquam
872 5640 1256 5697 modulationis
1330 5638 1689 5693 subsidium:
1756 5638 1837 5690 vel

265 5738 461 5801 etiam,
489 5752 608 5809 qua:
630 5743 847 5790 vertunt
891 5733 1201 5788 canentium
1248 5744 1405 5785 voces
1430 5730 1494 5782 ad
1526 5730 1713 5783 modos
1738 5746 1837 5782 nu-

268 5841 559 5897 uerusque
590 5827 907 5885 himorum.
940 5823 1054 5879 Nisi
1083 5822 1226 5877 enim
1270 5820 1335 5877 ad
1368 5836 1554 5878 eorum
1592 5835 1833 5875 normam

1945 4646 2106 4700 supra
2134 4631 2397 4697 dedimus,
2448 4635 2608 4687 modo
2635 4632 2885 4701 generica
2909 4674 2926 4698 ,
2960 4636 3119 4690 modo
3141 4636 3417 4707 speciﬁca,
3474 4639 3523 4693 si

1947 4722 2284 4787 admittatur,
2310 4722 2467 4793 plana
2493 4733 2622 4776 sunt
2667 4725 2872 4789 omnia,
2921 4727 3054 4781 nihil
3094 4728 3145 4781 in
3176 4730 3523 4786 doctissimo-

1947 4831 2064 4869 rum
2114 4817 2390 4869 hominum
2447 4814 2806 4875 locntiouibus
2854 4832 3123 4887 pugnans,
3167 4820 3297 4875 nihil
3339 4823 3520 4879 ambi-

1945 4921 2127 4977 guum.
2159 4906 2226 4961 Et
2260 4922 2390 4962 vero
2420 4905 2734 4961 admittetur
2756 4909 2877 4965 sine
2914 4910 3021 4965 ulla
3056 4916 3425 4969 controversia
3453 4915 3524 4971 ab

1948 4998 2031 5063 iis,
2070 4997 2161 5068 qui
2186 5003 2388 5051 norunt
2420 4997 2626 5052 similes
2669 4997 3045 5071 ltomouymias
3068 5002 3118 5055 iu
3147 5003 3522 5060 ecclesiastico

1944 5087 2254 5143 Graecorum
2298 5100 2547 5140 sermone
2570 5099 2692 5140 esse
2737 5089 3060 5157 complures.
3093 5089 3366 5144 Vocabula
3409 5091 3517 5145 alia

1946 5189 2004 5233 ut
2038 5186 2379 5246 pneteream,
2410 5192 2572 5231 unum
2592 5179 2875 5233 κοντάκιον
2906 5196 3068 5248 quam
3102 5181 3267 5233 multa
3301 5183 3523 5249 signiti-

1944 5269 2069 5323 cat!
2102 5282 2264 5337 quant
2300 5266 2544 5320 diversa!
2591 5266 2873 5337 Signiﬁcat
2903 5270 3047 5323 aliud
3088 5270 3139 5323 in
3186 5284 3523 5325 conmenta—

1948 5361 2113 5422 tione,
2146 5357 2292 5412 aliud
2312 5358 2368 5412 in
2390 5356 2573 5412 divino
2599 5360 2855 5414 horarum
2886 5359 3085 5424 oﬁieio,
3109 5362 3253 5415 aliud
3287 5364 3338 5415 in
3368 5363 3522 5414 litur-

1946 5453 2053 5523 gia,
2086 5450 2279 5505 iterum
2311 5449 2366 5502 in
2404 5449 2747 5505 ordinatione
2795 5450 2940 5503 aliud
2979 5463 3143 5519 atque
3180 5453 3345 5506 aliud.
3408 5451 3519 5507 Has

1946 5543 2372 5614 signiﬁcationes
2396 5541 2655 5611 singulas,
2697 5544 2749 5595 in
2791 5544 3212 5619 ’Λρχιερατικῷ,
3243 5547 3355 5601 sive
3380 5547 3518 5600 libro

1946 5632 2234 5704 pontiﬁcali
2267 5629 2523 5687 Ecclesiae
2553 5629 2776 5695 Graeca.
2807 5649 3037 5705 Operose
3075 5651 3275 5706 perque
3308 5638 3520 5691 erudite

1945 5725 2177 5796 explicat
2203 5723 2437 5779 lsaacius
2471 5720 2759 5791 "uberius,
2790 5728 2980 5782 doctor
3007 5728 3361 5788 Sorbonicus.
3388 5735 3521 5783 tunc

1944 5820 2110 5875 abbas
2139 5816 2196 5872 S.
2241 5812 2422 5870 Maria:
2452 5812 2517 5869 dc
2567 5814 2811 5883 Allodiis,
2850 5828 3037 5890 postea
3071 5818 3366 5875 Vabrensis
3400 5818 3514 5880 eci—
