4046 6462
557 423 725 463 που

1918 402 2448 460 PROLEGOMENA.

560 538 776 591 scopus,
798 536 954 591 quem
982 522 1170 575 avidus
1199 523 1591 577 sciendilector
1611 528 1784 589 potest
1813 520 2125 575 consulere:
2158 524 2204 583 Α
2234 518 2632 573 solemnitatum
2667 558 2681 581 ,
2712 515 2805 573 sed
2851 523 2905 570 et
2942 513 3228 575 illustrium
3264 528 3573 577 sanctorum
3607 537 3799 579 conta-

561 613 779 683 longum
818 621 900 667 est
934 614 1081 666 enim
1126 611 1319 666 alierre
1345 629 1544 669 omnia.
1582 614 1652 665 At
1704 626 1831 667 vero
1877 626 2001 665 cum
2042 613 2127 665 hic

558 705 867 759 Graecorum
930 703 1248 757 ἀκολουθίαν
1324 701 1673 759 evolveudam
1755 704 2121 771 susceperim,

559 810 779 849 necesse
816 803 899 849 est
948 796 1149 861 dicere,
1184 796 1337 865 quid,
1387 795 1691 861 κοντάκιον,
1729 795 1916 849 saltem
1967 797 2017 849 in
2062 811 2124 850 ea

557 886 840 954 signiticet.
878 905 895 937 ι
939 885 995 939 In
1031 888 1298 954 oratione,
1340 908 1357 939 ι
1390 888 1563 955 inquit
1595 889 1666 941 ibi
1707 886 1973 941 ﬂabertns
2004 902 2121 957 pag.

558 976 645 1038 59,
683 994 703 1028 ι
738 991 832 1032 seu
866 978 1029 1033 divini
1074 978 1328 1032 horarum
1366 977 1524 1033 olIicii
1553 980 1871 1035 recitatione
1901 979 1981 1033 vel
2027 980 2123 1033 de—
2157 969 2161 974 ’

558 1066 888 1132 mutatione,
939 1068 1241 1121 contacium
1274 1076 1356 1123 est
1376 1083 1543 1138 genus
1574 1072 1843 1139 quoddam
1884 1071 2123 1125 modula-

560 1168 668 1211 tum
699 1157 879 1227 hymni
908 1171 1001 1211 seu
1036 1161 1226 1214 cantici
1250 1161 1623 1225 ecclesiastici,
1656 1164 1865 1216 caeteris
1910 1163 2118 1234 simpli-

557 1250 691 1312 cius,
749 1250 921 1319 iisque
978 1254 1217 1320 brevius,
1256 1258 1414 1325 quale
1457 1258 1681 1326 singulis
1733 1258 1920 1312 diebus
1973 1259 2121 1311 festis

555 1340 823 1409 proprium
873 1353 995 1400 est:
1045 1350 1185 1403 unde
1225 1350 1523 1403 Κοντάκιον
1549 1350 1649 1420 τῆς
1683 1351 1896 1424 ἡμέρας
1934 1360 2121 1405 conta-

553 1431 693 1484 cinm
726 1434 828 1488 diei
854 1448 1096 1493 vocatur.
1130 1459 1147 1491 I
1212 1439 1349 1494 Tum
1386 1442 1603 1510 subiicit
1649 1449 1953 1512 exemplum
1992 1459 2121 1497 c0n-

555 1524 678 1578 tacii
704 1525 821 1593 ejus
847 1530 953 1583 diei
990 1534 1041 1583 in
1072 1546 1177 1599 quo
1209 1532 1274 1586 de
1298 1534 1548 1589 contacio
1565 1537 1855 1601 scribebat,
1883 1538 1971 1606 qui
2003 1546 2120 1589 erat

553 1615 669 1669 dies
693 1632 848 1671 sacer
868 1630 1058 1674 sancto
1082 1621 1337 1693 Georgio.
1365 1622 1479 1679 Non
1513 1638 1595 1681 est
1638 1629 1687 1679 in
1727 1628 1909 1680 animo
1932 1639 2118 1679 exem-

550 1706 694 1771 plum
721 1708 849 1763 illud
880 1714 1265 1778 transcribere,
1301 1718 1425 1785 quia
1454 1717 1597 1770 aliud
1632 1719 1683 1771 in
1720 1717 1894 1771 oﬂicio
1924 1717 2116 1771 borum

552 1797 713 1850 trium
746 1816 1057 1859 sanctorum
1091 1824 1213 1861 mox
1255 1810 1570 1863 inventurus
1602 1823 1685 1866 est
1713 1810 1902 1865 lcetor.

624 1889 708 1943 14.
745 1891 912 1949 Porro
937 1912 1002 1949 ex
1043 1900 1142 1951 bac
1171 1898 1391 1953 Haberti
1416 1901 1780 1972 descriptione
1804 1901 1940 1956 emci
1968 1904 2118 1972 cogi—

550 1995 656 2047 que
703 1993 896 2049 potest,
946 1988 1250 2041 contacimn
1313 1990 1581 2059 proﬂuere
1632 2010 1660 2045 a
1710 1994 1944 2050 dictione
1994 2012 2118 2048 κον-

549 2070 661 2133 τός,
697 2085 808 2124 rem
831 2072 1045 2129 brevem
1080 2078 1443 2147 signiﬁcante.
1472 2081 1655 2150 Neque
1678 2098 1806 2137 vero
1840 2086 2014 2154 placet
2034 2086 2119 2139 Li~

547 2162 819 2230 garidius,
843 2166 932 2233 qui
970 2171 1129 2222 audet
1157 2171 1263 2223 ἀπὸ
1286 2173 1377 2225 τοῦ
1401 2173 1590 2226 κοντοῦ
1611 2175 1676 2229 ab
1708 2175 1862 2231 hasta
1890 2178 2003 2233 sive
2031 2177 2111 2244 ja-

548 2250 946 2309 culodeducere
972 2256 1253 2311 κοντάκιον
1274 2300 1289 2323 ,
1322 2261 1549 2330 perinde
1582 2267 1737 2334 quasi
1774 2266 1911 2320 foret
1932 2274 2116 2320 conta.

547 2342 688 2394 cium
732 2344 906 2397 oratio
935 2362 1097 2413 quam
1124 2363 1382 2407 vocamus
1405 2354 1938 2422 jaculatoriam.Non
1971 2357 2113 2408 enim

547 2432 733 2496 κοντός
785 2433 1024 2500 jaculum
1081 2444 1296 2511 proprie
1345 2446 1642 2515 significat;
1705 2449 1830 2503 licet
1883 2445 2115 2501 Joannes

547 2521 783 2579 Morinus
817 2526 893 2582 De
930 2537 1093 2583 sueris
1130 2536 1554 2592 ordinationibus
1599 2554 1723 2606 pag.
1741 2538 1866 2603 250,
1905 2538 1956 2593 id
1980 2541 2117 2594 velle

548 2622 782 2685 probare
808 2622 1049 2675 videatur
1077 2639 1137 2675 ex
1177 2624 1268 2679 illo
1291 2626 1506 2681 Homeri
1543 2629 1809 2683 versiculo
1842 2628 2035 2703 Odyss.
2058 2649 2073 2687 ι
2100 2651 2112 2687 :

622 2710 942 2779 Αὐτὰρὲγὼ
964 2714 1237 2782 χεφεσσι
1262 2718 1465 2770 λαϐὼν
1492 2720 1816 2790 περιμήκεα
1847 2726 2083 2778 κοντόν.

548 2795 699 2849 Ηιιιιο
754 2798 968 2855 llomeri
1021 2805 1197 2859 locum
1255 2809 1299 2861 si
1336 2808 1573 2865 Morinus
1621 2812 1861 2875 adiisset.
1892 2816 2117 2871 vidisset

549 2886 665 2941 luce
704 2888 920 2955 clarius,
962 2896 1148 2958 κοντός
1194 2913 1295 2953 non
1327 2915 1444 2953 esse
1481 2899 1741 2971 iaculum,
1770 2905 1861 2958 sed
1887 2906 2114 2976 praelon-

546 2992 667 3045 gam
720 2984 978 3049 perticam
1034 3003 1138 3057 qua
1198 2992 1407 3047 minora
1464 2997 1675 3066 navigia
1752 2999 2116 3067 impelluntur,

546 3070 738 3127 Latine
762 3091 972 3147 quoque
997 3095 1183 3137 cantus
1212 3087 1438 3151 dictam;
1488 3088 1557 3141 ibi
1582 3092 1725 3143 enim
1768 3091 1893 3144 facit
1926 3090 2119 3147 Home-

2228 610 2315 662 cia
2350 609 2597 680 perfecit,
2626 610 2695 661 ita
2730 620 2788 664 ut
2816 609 3188 666 contaciorum
3223 616 3290 669 ab
3323 615 3437 684 ipso
3460 618 3790 682 composito-

2230 718 2347 756 rum
2382 692 2535 772 cbpia
2560 700 2923 755 milleuarium
2963 701 3209 768 excedat,
3244 708 3294 760 in
3321 718 3452 775 pace
3480 704 3643 756 vitam
3673 706 3796 760 (ini-

2228 795 2321 847 vit.
2364 814 2383 846 ι

2303 885 2387 941 l6.
2419 884 2613 941 Verum
2644 882 2720 953 (id
2745 886 2885 953 quod
2924 903 3055 957 pace
3096 885 3195 938 viri
3228 890 3359 942 tanti
3395 887 3647 949 dixerim)
3676 886 3795 943 haec

2230 975 2551 1032 Mcnmorum
2575 978 2737 1030 verba
2763 977 3002 1034 indicant
3032 978 3271 1051 quidem,
3301 982 3567 1044 contacia,
3602 991 3631 1030 a
3659 992 3791 1030 san-

2224 1079 2314 1123 cto
2347 1071 2589 1124 Romano
2610 1071 2905 1140 composita
2929 1071 3096 1128 fuisse
3119 1085 3277 1140 quam
3306 1072 3572 1137 plurima;
3604 1069 3696 1125 sed
3720 1070 3790 1124 ab

2225 1160 2344 1229 ipso
2363 1162 2529 1216 fuisse
2548 1161 2781 1230 primum
2806 1161 3095 1216 adinventa
3117 1178 3220 1218 non
3244 1160 3501 1217 indicant.
3520 1164 3787 1217 Przeterea

2223 1255 2396 1308 sancti
2433 1252 2658 1306 Romani
2690 1252 2883 1308 fesutm
2910 1253 2965 1306 in
2996 1253 3213 1308 Henwis
3236 1252 3311 1305 sic
3336 1251 3588 1307 indicitur
3608 1252 3791 1319 ςΜνή-

2229 1364 2304 1417 μη
2335 1346 2429 1399 τοῦ
2469 1346 2619 1397 ὁσίου
2670 1346 2879 1417 Πατρὸς
2912 1346 3065 1415 ἡμῶν
3100 1342 3361 1417 Ῥομανοῦ
3406 1348 3629 1416 ποιητοῦ
3680 1346 3789 1399 τῶν

2223 1436 2545 1490 κοντακίων.
2580 1435 2679 1489 Ubi
2704 1438 3096 1491 observandum
3132 1449 3242 1505 est,
3274 1434 3498 1505 ποιητοῦ
3521 1437 3629 1492 τῶν
3659 1450 3785 1492 κονο

2221 1530 2445 1593 τακεων,
2498 1538 2667 1597 poetae
2711 1530 2824 1584 sive
2881 1530 3178 1585 conditoris
3231 1528 3596 1586 eontaciorum
3637 1531 3781 1590 dici;

2222 1637 2326 1675 non
2380 1619 2607 1689 εὑρετοῦ
2639 1621 2972 1685 iuventoris,
3009 1636 3119 1690 quo
3171 1634 3331 1692 pacto
3373 1621 3517 1687 loqui
3576 1618 3785 1674 Meneta

2223 1712 2560 1775 debuissent,
2595 1712 2639 1769 si
2670 1713 2965 1768 voluissent
3012 1714 3383 1770 contaciorum
3415 1712 3783 1767 inventionem

2226 1805 2283 1857 ι).
2346 1803 2591 1861 Romano
2644 1806 2961 1861 attribuere.
3004 1805 3169 1861 Miror
3220 1823 3352 1863 sane
3413 1804 3783 1861 acutissimum

2223 1896 2513 1951 llabertum
2539 1900 2605 1953 ad
2633 1899 2746 1953 ιιωο
2781 1911 2884 1950 non
2916 1898 3219 1953 advertisse
3245 1900 3509 1967 animum,
3548 1912 3653 1952 non
3683 1896 3784 1949 ad-

2220 1985 2446 2040 vertisse
2481 1986 2760 2051 Morinum,
2795 2000 2896 2038 non
2929 1986 3268 2052 Gretserum,
3320 2006 3426 2043 non
3459 1993 3609 2044 viros
3643 1988 3785 2043 alios

2216 2076 2479 2131 ermlitos.
2516 2080 2691 2145 Atque
2727 2076 2839 2130 haec
2870 2077 3001 2131 mihi
3035 2077 3328 2146 disputanti
3361 2082 3513 2134 venit
3544 2082 3595 2134 in
3628 2095 3785 2135 men-

2220 2178 2324 2221 tem
2362 2168 2640 2241 Ligaridii,
2671 2169 2759 2236 qui
2794 2179 2930 2223 teste
2986 2166 3185 2232 Goaro,
3220 2169 3558 2224 inventorem
3597 2182 3783 2240 tropa—

2218 2277 2420 2316 rtorum
2454 2262 2582 2317 facit
2609 2261 3081 2333 Cbrysostomum.
3118 2264 3198 2315 An
3251 2261 3553 2331 Ligaridius
3585 2264 3784 2318 babeat

2218 2362 2493 2407 auctorem
2528 2354 2811 2415 idoneum,
2844 2368 2949 2407 non
2975 2353 3111 2408 scio.
3146 2352 3256 2407 Hoc
3286 2352 3417 2418 scio,
3443 2351 3590 2407 circa
3654 2362 3785 2406 aeta-

2222 2456 2328 2499 tem
2365 2445 2741 2516 Cbrysostomi
2776 2447 2825 2498 in
2858 2460 2953 2497 usu
2996 2443 3162 2497 fuisse
3186 2444 3458 2513 troparia;
3495 2446 3621 2512 quia
3680 2444 3783 2497 Ce-

2216 2541 2416 2595 drenus
2452 2548 2747 2601 memorat,
2780 2552 2921 2591 anno
2952 2548 3146 2591 octavo
3178 2536 3372 2590 Leonis
3398 2533 3573 2604 Magni
3612 2536 3787 2605 impe-

2218 2630 2434 2693 ratoris,
2474 2630 2804 2698 Anthymum
2833 2644 2897 2681 ac
2929 2626 3219 2682 Timoclem
3245 2627 3606 2697 tropariorum
3648 2642 3783 2697 poe-

2219 2729 2299 2771 tas
2338 2718 2659 2771 innotuisse.
2725 2715 2946 2772 Molesta
2994 2716 3225 2774 fortasse
3271 2716 3459 2772 lecton
3515 2718 3780 2773 acciderit

2214 2810 2329 2864 bree
2367 2809 2541 2877 qualis
2572 2808 2748 2880 qualis
2787 2810 2853 2863 ad
2886 2808 3193 2865 inventores
3219 2810 3505 2882 digressio,
3526 2824 3697 2879 quare
3715 2811 3784 2863 ad

2218 2901 2551 2972 propositum
2584 2910 2939 2956 revertamur.
2969 2902 3289 2957 Contacium
3342 2918 3471 2971 ergo
3498 2904 3787 2972 subsequi-

2221 3002 2306 3045 tur
2333 2984 2513 3054 Οἶκος,
2539 2990 2628 3059 qui
2664 3005 2692 3042 a
2723 2989 2901 3045 Goaro
2942 3006 2995 3057 p.
3024 2991 3089 3044 67
3115 2992 3443 3045 describitur
3475 3010 3490 3044 :
3530 3009 3547 3041 ι
3584 2989 3783 3059 Hymni

2220 3097 2388 3151 genus
2420 3084 2471 3136 in
2509 3082 2597 3135 Dei
2654 3080 2739 3135 vel
2798 3083 2970 3136 sancti
3006 3082 3231 3151 alicujus
3264 3082 3478 3135 laudem
3521 3081 3595 3132 ita
3650 3094 3786 3133 con—

552 3179 643 3217 rus
688 3164 928 3237 Ulyssem
978 3188 1222 3239 narrare,
1282 3177 1553 3244 quomodo
1598 3181 2115 3248 appropinquantem
2143 3203 2189 3265 ε
2221 3181 2510 3235 structum,
2544 3184 2601 3225 ut
2655 3173 2807 3239 quasi
2849 3188 3161 3239 compagem
3196 3213 3209 3231 .
3266 3172 3575 3237 aedilicium,
3614 3170 3783 3224 fabri-

547 3256 614 3305 ad
660 3255 808 3309 littus
857 3257 1235 3329 Polyphemum
1268 3266 1579 3333 detruserit,
1634 3279 1853 3336 arrepto
1895 3271 2113 3323 immani

547 3350 729 3397 conlo.

619 3432 707 3487 i5.
734 3434 839 3491 Sed
873 3437 1026 3507 juvat
1050 3443 1247 3497 lterum
1266 3445 1457 3501 audire
1487 3446 1785 3503 llabertutu
1818 3451 1899 3504 sic
1921 3466 2113 3516 prose-

548 3536 803 3590 quentem
840 3544 854 3579 :
886 3546 905 3581 ι
943 3530 1066 3586 [Lee
1098 3542 1274 3589 autem
1306 3538 1553 3593 contacia
1589 3539 1809 3594 iuventa
1845 3550 1971 3596 sunt
2019 3546 2118 3598 cir-

550 3634 610 3705 ea
644 3633 845 3675 annum
888 3624 1096 3680 Domini
1133 3630 1646 3697 quingentesimum,
1694 3636 1794 3687 sub
1828 3634 2118 3690 Anastasio

550 3708 892 3772 inperatore.
949 3715 1187 3782 Inventa,
1223 3721 1465 3788 inquam,
1514 3722 1773 3777 divinitus
1806 3741 1834 3777 a
1874 3726 2116 3779 Romano

548 3800 856 3869 (Emeseno)
897 3804 1157 3869 diacono;
1183 3812 1297 3876 qui,
1336 3812 1465 3863 dum
1504 3812 1558 3865 in
1593 3815 1826 3881 quadam
1878 3816 2118 3882 Deiparre

546 3889 771 3944 ecclesia
800 3893 901 3963 τὴν
926 3895 1243 3965 παννυχίδα,
1277 3913 1460 3953 sacras
1489 3901 1699 3969 v‘gilias
1727 3914 2027 3969 perageret,
2062 3912 2117 3953 ut

547 3992 802 4035 narratur
836 3985 888 4037 in
924 3983 1123 4039 Menam
1156 3986 1463 4044 Grtecorum
1489 3990 1597 4061 (die
1635 3994 1650 4045 l
1690 3991 1996 4057 Octobris);
2045 3992 2118 4045 Τὸ

547 4070 813 4143 χάρισμα,
838 4073 1030 4144 inquit,
1053 4078 1148 4149 τῆς
1171 4080 1441 4147 συνάξεως
1469 4084 1773 4151 (legendum
1794 4084 2114 4154 συντάξεως)

546 4162 657 4213 τῶν
684 4165 977 4219 κοντακέων
1011 4168 1217 4236 ἐλαϐεν,
1252 4173 1607 4245 ἐπιφανείσης
1649 4175 1798 4247 αὑτῴ
1826 4176 1925 4246 τῆς
1948 4176 2117 4247 ὑπερ-

548 4257 707 4322 aria;
736 4258 995 4312 Θεοτόκου
1044 4266 1159 4315 κατ’
1182 4266 1334 4339 ὄναρ,
1362 4268 1459 4320 καὶ
1490 4270 1651 4339 τόμον
1675 4270 1876 4342 χάρτου
1911 4269 2120 4324 ἐπιδού-

549 4363 648 4416 σης
679 4349 773 4401 καὶ
812 4350 1146 4423 κελευσάσης
1179 4356 1339 4409 αὑτὸν
1387 4363 1724 4427 καταφαγεῖν
1784 4360 2000 4427 Ἐδοξεν
2026 4356 2121 4415 οὖν

548 4438 755 4504 ἀνοῖξαι
784 4439 845 4492 τὸ
878 4442 1051 4513 στόμα
1082 4444 1175 4498 καὶ
1208 4452 1497 4500 καταπιεῖν
1544 4449 1634 4502 τὸν
1678 4450 1905 4521 χάρτην·
1941 4447 2031 4521 (ἦν
2063 4451 2119 4504 δὲ

2220 3274 2450 3327 eamque
2483 3261 2742 3313 virtutum
2781 3260 2901 3328 ejus
2933 3272 2989 3313 et
3042 3261 3227 3329 gloriae
3267 3260 3512 3313 videatur
3566 3275 3785 3330 compo-

2218 3367 2345 3406 nere
2373 3371 2387 3407 :
2418 3362 2473 3407 et
2506 3352 2627 3406 ideo
2651 3351 2921 3422 κοντακίῳ
2952 3354 3261 3421 opponitur.
3296 3362 3354 3407 ut
3381 3369 3445 3408 eo
3474 3354 3705 3424 amplius
3731 3365 3788 3407 et

2219 3444 2491 3501 diffusius.
2546 3465 2563 3495 ›
2606 3445 2998 3516 Explicationis
3038 3447 3282 3501 clarioris
3335 3462 3496 3501 causa
3525 3489 3540 3512 ,
3604 3448 3788 3502 subdit

2216 3540 2359 3594 Goar
2414 3554 2430 3593 :
2500 3558 2519 3591 ι
2591 3538 2709 3593 Itali
2777 3554 2991 3609 quoque
3054 3554 3151 3593 sua
3216 3548 3461 3607 poemata
3530 3538 3731 3592 habent
3767 3556 3781 3567 ο

2218 3645 2397 3686 uanae
2455 3646 2551 3686 sua
2605 3631 2821 3702 lingua,
2873 3632 2923 3685 id
2979 3642 3063 3685 est
3110 3631 3300 3685 domus
3330 3632 3443 3683 sive
3477 3629 3785 3683 habitacula

2219 3727 2382 3778 dicta.
2412 3744 2432 3774 ι

2292 3814 2379 3867 17.
2428 3814 2549 3885 ᾩδὴ
2584 3824 2762 3865 autem
2817 3810 2899 3863 vel
2952 3812 3227 3864 canticum
3266 3811 3395 3879 quid
3435 3810 3547 3873 sit,
3604 3811 3788 3864 notius

2221 3903 2434 3955 videtur
2486 3915 2629 3963 esse,
2663 3914 2823 3967 quam
2855 3910 2912 3953 ut
2964 3899 3050 3953 hic
3084 3914 3112 3952 tt
3145 3915 3232 3954 me
3257 3899 3519 3968 explicari
3570 3899 3785 3955 debeat.

2219 3991 2349 4055 Quis
2370 3990 2512 4043 enim
2540 3989 2723 4055 Musis,
2752 3990 3001 4044 !|:tbacuc
3031 3990 3367 4058 aliorumque
3397 3989 3787 4058 prophetarum

2221 4082 2433 4135 cantica
2494 4082 2753 4150 ignoret?
2814 4079 2999 4135 Solent
3027 4088 3208 4136 autem
3245 4096 3437 4136 novem
3489 4081 3790 4150 Scriptura:

2219 4188 2389 4227 sacra:
2419 4172 2651 4238 cantica,
2675 4174 2965 4226 secundum
3000 4174 3245 4228 ordinem
3276 4183 3331 4228 et
3371 4174 3559 4237 ferias,
3586 4174 3638 4226 in
3667 4173 3788 4227 Ma-

2221 4265 2393 4317 tutino
2416 4264 2646 4318 recitare
2672 4261 2867 4318 Graeci.
2899 4262 3139 4318 Primum
3173 4266 3391 4334 quidem
3425 4264 3702 4319 Dominica
3734 4274 3790 4317 et

2223 4354 2353 4408 feria
2391 4369 2466 4417 ιι,
2498 4355 2771 4409 canticum
2822 4354 2986 4408 Mosis
3036 4354 3216 4425 (quod
3263 4365 3439 4409 exstat
3483 4357 3650 4408 Exodi
3697 4368 3788 4417 xv,

2220 4456 2273 4497 et
2296 4446 2345 4497 in
2368 4442 2612 4497 Romano
2637 4442 2913 4497 Breviario
2929 4444 3068 4497 seria
3096 4459 3147 4506 v,
3179 4445 3244 4497 ad
3266 4442 3790 4514 ιουιιοε),’ᾼσωμεν

548 4528 583 4595 ἡ
611 4528 769 4599 ἑορτὴ
798 4530 889 4583 τοῦ
942 4532 1173 4604 Χριστοῦ
1205 4536 1453 4604 γενεῶν),
1494 4538 1588 4589 καί
1642 4540 1845 4603 εὐθέως
1889 4541 2117 4607 ἔξυπνος
2149 4563 2191 4617 ο
2220 4534 2299 4604 τῷ
2332 4535 2543 4605 Κυρίῳ,
2570 4534 2795 4601 ἐνδόξως
2820 4535 2926 4605 γὰρ
2946 4534 3274 4601 δεδόξασται,
3307 4533 3585 4588 Canum“
3610 4535 3792 4588 θοηιί·

547 4620 854 4689 γενόμενος,
910 4625 1115 4689 ἀναϐὰς
1147 4629 1201 4679 ὲν
1229 4627 1305 4698 τῷ
1350 4629 1582 4700 ἄμϐωνι,
1632 4628 1835 4699 ἤρξατο
1870 4630 2113 4698 ψάλλειν·

563 4706 629 4759 Ἦ
663 4708 934 4779 Παρθένος
993 4716 1230 4786 σήμερον
1276 4717 1362 4769 τὸν
1403 4718 1725 4789 ὑπερούσιον
1777 4718 1970 4772 τίκτει.
2008 4720 2119 4773 Καὶ

553 4802 783 4870 ποιήσας
812 4807 906 4857 καὶ
955 4805 1061 4859 τῶν
1099 4807 1297 4865 λοιπῶν
1324 4810 1525 4882 ἑορτῶν
1566 4812 1632 4864 τὰ
1674 4812 1949 4875 κοντάκια,
1981 4810 2119 4865 ἀλλὰ

550 4886 613 4957 δὴ
640 4890 734 4942 καὶ
760 4892 866 4945 τῶν
895 4895 1179 4967 ἐπισήμων
1214 4900 1406 4966 ἁγίων,
1427 4900 1500 4965 ὼς
1522 4899 1658 4955 εἶναι
1688 4902 1749 4955 τὸ
1778 4901 1981 4973 πλῆθος
2008 4902 2118 4955 τῶν

551 4977 645 5031 ὑπ’
687 4982 848 5036 αὑτοῦ
885 4988 1189 5057 γενομένων
1227 4993 1525 5045 κοντακίων
1566 4993 1708 5064 ὑπὲρ
1738 4992 1807 5046 τὰ
1850 4992 2015 5064 χίλια,
2062 4996 2119 5046 ἐν

552 5075 741 5147 εἰρήνῃ
795 5077 1105 5153 ἐτελειώθη.
1167 5100 1185 5133 ι
1237 5083 1512 5139 Romanus
1567 5086 1824 5140 diaconus
1890 5086 2116 5156 gratiam

553 5168 955 5233 composuimus
1001 5174 1372 5227 contaciorum
1431 5174 1801 5230 faciendorum
1861 5178 2117 5245 accepit,

554 5270 676 5309 cum
729 5259 785 5313 in
835 5264 1041 5317 somnis
1092 5267 1433 5333 apparuisset
1477 5267 1579 5336 ipsi
1625 5269 1967 5322 sanctissima
2023 5268 2115 5321 Dei

556 5344 825 5413 Genitrix,
879 5353 1039 5419 eique
1090 5362 1291 5409 tomum
1328 5372 1421 5410 seu
1472 5368 1681 5425 partem
1718 5358 1923 5413 chartae
1953 5359 2118 5412 tradi-

556 5438 744 5504 disset,
790 5445 1120 5498 manducare
1146 5446 1361 5513 jubens.
1423 5445 1583 5499 Visus
1610 5458 1694 5503 cst
1720 5463 1852 5517 ergo
1898 5464 1961 5504 os
1986 5462 2116 5516 ape-

558 5528 667 5583 rire
713 5540 768 5585 et
824 5536 1067 5588 chartam
1132 5537 1424 5591 absorbere
1474 5538 1615 5608 (erat
1685 5547 1865 5591 autem
1928 5538 2121 5591 natalis

556 5620 759 5676 Christi
793 5624 955 5696 dies),
1006 5638 1167 5697 atque
1216 5628 1497 5683 confestim
1520 5644 1713 5685 somno
1746 5632 1975 5692 solutus,
2008 5646 2123 5681 am-

557 5710 753 5765 bonent
789 5718 1159 5772 conscendens
1198 5729 1425 5773 cantare
1477 5720 1643 5790 cmpit
1676 5738 1689 5774 :
1731 5719 1899 5775 Hodie
1960 5718 2121 5788 Virgo

560 5806 1136 5873 supersubstantialem
1195 5814 1357 5881 parit.
1423 5815 1593 5884 Atque
1644 5814 1732 5867 ubi
1789 5814 2117 5883 reliquarqu

2221 4644 2289 4679 no
2332 4640 2349 4679 :
2394 4628 2617 4695 gloriose
2669 4630 2805 4681 enim
2874 4627 3239 4697 magniﬁcatus
3304 4639 3401 4681 est.
3474 4626 3791 4684 secundum

2223 4717 2388 4785 (quod
2450 4725 2531 4769 est
2578 4716 2741 4770 Mosis
2789 4717 3057 4769 canticum
3123 4716 3355 4771 alterum
3386 4756 3401 4781 ,
3445 4731 3513 4772 ex
3555 4719 3787 4774 Deuter.

2223 4823 2414 4870 xxx",
2462 4785 2515 4859 e’t
2557 4808 2611 4860 in
2669 4805 2947 4859 Breviario
3016 4806 3259 4861 Romane
3314 4809 3532 4877 ponitur
3576 4810 3788 4866 Sabba-

2224 4910 2278 4953 to
2322 4900 2387 4953 ad
2416 4898 2671 4967 Laudes).
2714 4897 3007 4967 incipitque
3039 4899 3539 4972 Πρόσεχε,οὺρανὲ,
3577 4903 3672 4957 καὶ
3698 4902 3792 4955 λα·

2221 4990 2387 5061 λήσω·
2438 4990 2651 5054 Audite,
2680 4990 2817 5055 caali,
2866 5006 2983 5057 quas
3007 4996 3213 5059 loquor,
3239 5002 3292 5045 et
3325 5003 3579 5047 cantatur
3606 4996 3709 5049 boc
3747 5009 3776 5048 a

2220 5082 2423 5136 Graecis
2441 5082 2575 5135 feria
2600 5098 2679 5137 ιιι.
2698 5081 2961 5147 Tertium,
2988 5082 3372 5155 Ἐστερεώθηή
3394 5084 3588 5155 καρδία
3612 5102 3714 5155 μου
3733 5087 3791 5137 ὲν

2222 5174 2432 5245 Κυρίῳ,
2456 5173 2751 5228 [inuitauit
2770 5190 2863 5227 cor
2890 5189 3060 5227 meum
3089 5176 3143 5227 in
3170 5173 3415 5237 Domino,
3444 5189 3637 5243 nempe
3656 5190 3791 5228 can-

2224 5266 2387 5320 ticum
2434 5266 2627 5331 Annte,
2668 5266 2958 5320 ascribitur
3018 5265 3169 5319 feriae
3221 5281 3294 5329 tv,
3356 5268 3495 5320 sicut
3541 5276 3596 5320 et
3641 5268 3785 5334 apud

2223 5356 2463 5411 Latinos.
2516 5355 2777 5422 Quartum
2813 5396 2827 5419 ,
2872 5355 3043 5427 Κύριε
3073 5396 3088 5420 ,
3135 5358 3432 5427 εἰσακήκοα
3473 5355 3573 5427 τὴν
3620 5358 3790 5427 ἀκοήν

2225 5462 2317 5498 σου
2340 5484 2355 5507 .
2393 5443 2615 5498 Domine
2636 5483 2653 5507 ,
2694 5445 2873 5497 audivi
2926 5446 3254 5500 auditionem
3299 5460 3444 5499 tuam
3468 5484 3485 5510 ,
3513 5446 3789 5500 canticum

2223 5538 2431 5591 scilicet
2466 5534 2741 5599 Habacue,
2778 5552 2805 5589 a
2842 5536 3053 5592 Latinis
3081 5538 3211 5592 feria
3237 5548 3389 5591 sexta
3414 5537 3520 5592 dici
3544 5538 3788 5603 solitum,

2224 5630 2358 5683 feria
2412 5645 2443 5681 ν
2501 5642 2790 5696 usurpatur
2842 5647 2870 5682 a
2920 5629 3148 5685 Graecis.
3204 5631 3480 5697 Quintum,
3523 5631 3668 5699 quod
3706 5640 3785 5685 est

2224 5722 2491 5775 canticum
2524 5721 2672 5775 Isaiae
2704 5765 2717 5786 ,
2757 5739 2860 5774 non
2915 5722 3040 5774 illud
3074 5723 3285 5790 quidem
3320 5724 3461 5791 quod
3485 5734 3570 5777 est
3626 5723 3778 5779 Isaiae

2229 5831 2326 5877 χιι,
2357 5825 2410 5867 et
2443 5814 2648 5884 incipit,
2685 5814 2986 5883 Con/itebor
3016 5816 3136 5879 tibi,
3173 5815 3411 5881 Domine,
3444 5816 3788 5885 proponitur-
