4046 6446
758 398 849 450 AD
887 394 1335 453 ACOLUTIIIAM
1368 393 1619 449 OFFICII
1658 390 1891 449 CIL-ECI
1940 391 2387 447 DISSERTATIO
2423 392 2889 449 ONOMASTICA.

3265 409 3462 455 CCC!!!

229 533 331 590 que
376 520 429 574 in
478 517 720 573 Romano
758 517 1039 573 Breviario
1070 516 1202 570 feria
1230 531 1292 581 ll,
1326 516 1392 570 ad
1426 515 1665 579 Laudes;
1699 513 1793 567 sed
1822 517 1869 573 Α
1896 527 2133 567 canones
2154 512 2309 566 relati
2335 520 2481 578 sunt,
2516 521 2569 565 et
2600 511 2693 581 qui
2720 511 2921 567 idcirco
2953 510 3108 567 libris
3133 510 3463 569 ecclesiasti-

222 614 366 683 quod
419 612 570 667 lsaite
616 625 737 681 cap.
782 626 932 675 xxvi,
962 625 1013 663 v.
1043 610 1076 665 9
1110 648 1126 673 .
1176 609 1366 677 incipit
1414 610 1464 661 in
1512 608 1733 677 Vulgata
1772 623 1786 661 :

224 707 416 758 Anima
441 720 555 757 mea
577 703 889 758 desiderarit
914 712 964 756 te
983 702 1036 754 in
1071 713 1236 766 nocte,
1284 703 1378 755 Ἐκ
1399 700 1587 763 νυκτὸς
1607 695 1792 769 ὀρθρί-

222 798 306 862 ζει
347 796 411 849 τὸ
443 793 663 866 πνεῦμά
695 812 794 865 μου
837 792 973 864 πρὸς
1008 793 1102 859 σὲ,
1129 794 1158 847 ὁ
1184 793 1315 857 Θεὸς
1347 809 1362 826 ο
1396 793 1498 847 hoc
1519 833 1534 857 ,
1568 793 1788 861 inquam

225 888 375 942 lsaite
404 889 673 941 canticum
712 887 939 941 alterum
972 887 1109 957 apud
1146 884 1362 941 Graecos
1394 885 1672 954 proprium
1702 895 1788 938 est

224 982 371 1035 terize
417 994 488 1032 vt.
522 978 757 1034 Sabbato
798 992 924 1033 vero
963 993 1197 1041 sextum,
1246 976 1479 1047 Ἐδόησα
1511 978 1572 1029 ὲν·
1609 976 1788 1048 θλίψει

226 1089 327 1144 μου
361 1071 498 1143 πρὸς
526 1068 747 1139 Κύριον,
790 1070 903 1123 sive
934 1068 1204 1123 canticum
1234 1064 1415 1131 Jonte,
1452 1065 1693 1119 Clamavi
1724 1072 1791 1119 de

223 1163 564 1217 tribulatione
588 1177 702 1214 mea
727 1161 795 1213 ad
828 1160 1107 1214 Dominum
1130 1176 1151 1225 ;
1194 1169 1248 1213 et
1277 1158 1563 1228 septimum
1585 1199 1601 1223 ,
1625 1160 1787 1212 Εὑλο⁹

222 1255 392 1325 γητὺς
412 1248 485 1320 εἷ,
526 1252 697 1323 Κύριε
720 1254 748 1306 ὀ
778 1250 909 1314 Θεὸς
937 1250 1043 1303 τῶν
1077 1249 1329 1322 πατέρων
1355 1252 1387 1321 ή
1398 1249 1533 1320 μῶν,
1567 1250 1789 1304 Benedi-

223 1359 340 1401 ctus
390 1363 467 1407 es,
516 1344 739 1399 Domine
772 1343 913 1395 Deus
964 1352 1176 1411 patrum
1208 1355 1527 1396 nostrorum.
1560 1344 1784 1413 lteliqUa

225 1441 352 1503 duo,
378 1437 585 1493 scilicet
609 1436 777 1491 heatze
807 1433 988 1489 Mariae
1019 1432 1253 1505 Virginis
1278 1442 1331 1490 et
1355 1434 1633 1489 Zachariae
1656 1450 1782 1505 pro-

225 1530 425 1599 phetae,
456 1527 563 1582 alio
591 1537 831 1594 tempore
861 1525 1241 1580 decantantur.

296 1618 385 1675 18.
405 1624 577 1688 Atque
594 1618 704 1671 haec
716 1630 909 1672 novem
940 1618 1147 1673 cantica
1169 1619 1400 1689 integra,
1417 1619 1469 1672 in
1486 1632 1608 1673 eum
1628 1634 1787 1689 quem

214 1712 331 1780 jam
373 1708 619 1764 recensui
665 1707 911 1763 ordinem
956 1708 1191 1771 redacta,
1213 1707 1455 1778 reperire
1482 1719 1567 1764 est
1590 1709 1645 1764 in
1680 1710 1787 1781 νέῳ

232 1800 553 1868 ’Δνθολογίῳ
578 1801 690 1854 sive
717 1814 858 1855 novo
879 1799 1165 1867 Florilegio
1178 1799 1394 1856 Antonii
1410 1802 1646 1865 Arcudii,
1669 1817 1792 1856 con-

1897 606 1977 662 cis
2005 614 2345 660 aceensetur.

1964 697 2055 753 20.
2104 697 2285 768 Pergit
2326 697 2563 769 Cangius
2601 705 2656 751 et
2685 697 2809 750 ait:
2860 714 2879 747 ι
2916 694 3163 750 Canones
3201 704 3461 764 praeterea

1898 808 1961 846 ex
1992 793 2218 846 materia
2247 806 2407 859 quam
2463 799 2697 845 tractant
2754 790 2970 843 nomina
3014 802 3312 857 sumpsere.
3356 789 3462 843 Alii

1897 884 2041 936 enim
2080 883 2447 952 ἀναπάσιμοι
2480 884 2756 947 dicuntur,
2783 882 2921 949 quod
2948 882 3015 935 de
3046 880 3251 935 Christi
3284 896 3451 935 reSur.

1896 977 2133 1031 rectioue
2154 985 2349 1043 agant;
2389 972 2783 1045 σταυρώσιμοι,
2814 973 2902 1042 qui
2939 973 3004 1028 de
3036 988 3234 1039 cruce;
3261 971 3461 1043 νεκρὼο

1898 1086 2044 1139 σιμοι
2086 1079 2139 1122 ct
2185 1067 2575 1138 ἀναπαύσιμοι,
2624 1067 2713 1135 qui
2745 1067 2809 1119 de
2866 1065 3127 1130 mortuis;
3172 1081 3463 1136 σταυρονε-

1896 1160 2186 1232 κρώσιμοι,
2228 1160 2320 1229 qui
2372 1159 2439 1213 de
2495 1174 2657 1215 cruce
2704 1167 2759 1211 et
2825 1156 3087 1221 mortuis;
3124 1156 3465 1226 παρακλητι-

1896 1251 2001 1315 κοί,
2037 1252 2125 1320 qui
2168 1254 2233 1305 de
2281 1250 2545 1304 solamine
2598 1250 2941 1314 animarum;
2999 1248 3285 1318 ἱκετήριοι,
3336 1265 3465 1315 sup-

1897 1344 2194 1412 plicatorii;
2246 1340 2531 1413 τριαδικοξ,
2594 1340 2686 1409 qui
2745 1340 2813 1395 de
2869 1337 3161 1405 Triuitate;
3210 1341 3462 1409 δογματι-

1896 1435 2004 1496 κοί,
2033 1434 2123 1505 qui
2174 1434 2239 1487 de
2265 1430 2604 1501 dogmatibus
2643 1440 2828 1500 agunt,
2872 1442 2926 1482 et
2971 1432 3050 1483 sic
3087 1431 3153 1483 de
3206 1430 3459 1497 reliquis;

1896 1539 2132 1579 canones
2161 1523 2342 1593 itaque
2368 1523 2421 1577 in
2453 1522 2588 1577 odas
2604 1521 2919 1575 dividuntur
2938 1560 2952 1583 ,
2978 1522 3095 1575 odze
3125 1520 3176 1574 in
3206 1522 3464 1586 treparhi,

1897 1632 1963 1671 ex
1993 1616 2188 1687 quibus
2216 1622 2636 1685 componuntur.
2666 1612 2900 1681 Singula:
2934 1626 3169 1681 namque
3203 1614 3283 1681 (ut
3306 1612 3465 1666 habet

1897 1706 2003 1761 alio
2042 1707 2157 1760 loco
2188 1708 2329 1762 idem
2380 1708 2615 1775 Cangius
2662 1721 2725 1760 ex
2762 1707 2981 1777 Allatio)
3014 1708 3251 1776 troliaria
3293 1708 3453 1761 conti-

1899 1806 2025 1851 nent
2056 1796 2207 1867 plura
2236 1806 2329 1851 aut
2350 1798 2627 1868 pauciora,
2659 1812 2780 1851 cum
2812 1813 2997 1851 eorum
3019 1814 3275 1853 numerus
3292 1802 3463 1851 deter-

220 1896 377 1945 tiuno
412 1900 535 1961 post
568 1889 892 1945 Psalterium
930 1909 986 1944 ει
1008 1889 1312 1945 Secundum
1346 1903 1522 1946 autem
1552 1891 1785 1955 illorum,
1822 1874 1863 1930 Β
1894 1889 2134 1943 minatus
2153 1904 2257 1944 non
2287 1888 2381 1945 sit.
2427 1886 2690 1958 Troparia
2733 1903 2895 1958 porro
2939 1890 3269 1960 quandoque
3294 1890 3461 1943 libera

218 1981 487 2053 Πρόσεχε,
531 1980 747 2053 οὐρανὲ,
794 1980 889 2035 καὶ
914 1980 1149 2053 λαλήσω,
1198 1982 1324 2051 quia
1355 1982 1789 2052 correptionibns

217 2084 272 2128 et
304 2073 468 2129 minis
504 2074 557 2128 in
578 2075 888 2143 pervicaces
911 2084 966 2127 et
987 2074 1290 2143 perduelles
1317 2072 1577 2129 Hehrteos
1606 2084 1785 2143 tonat,

216 2164 481 2221 omissum
517 2165 723 2221 idcirco
756 2172 872 2219 toto
903 2165 1032 2219 anni
1087 2164 1319 2220 decursu
1348 2204 1363 2230 ,
1401 2166 1517 2221 solo
1545 2166 1792 2235 Quadra-

220 2259 439 2329 gesimze
469 2271 674 2329 magnae
699 2268 943 2327 tempore
985 2257 1237 2328 lugubri,
1267 2272 1376 2329 quo
1407 2261 1790 2315 comminatio-

222 2351 385 2407 nibus
444 2360 499 2406 et
546 2349 721 2403 tristis
754 2350 966 2421 augurii
1011 2352 1238 2407 vocibus
1276 2363 1593 2423 peccatores
1621 2364 1793 2410 terret

221 2443 486 2505 Ecclesia,
510 2444 838 2495 cantandum
876 2444 1118 2498 resumit.
1156 2464 1174 2495 ι
1198 2445 1270 2499 Ita
1296 2444 1525 2510 Goarus,
1552 2446 1792 2517 allegans

224 2534 497 2604 Horologii
523 2543 729 2603 typum.
759 2534 982 2599 ἰστέον,
1005 2536 1085 2589 ὅτι
1106 2538 1138 2607 ἠ
1157 2536 1387 2608 δευτέρα
1401 2537 1511 2609 ᾠδὴ
1535 2536 1792 2591 οὐδέποτε

224 2625 636 2697 στιχολογείται,
664 2628 713 2679 εἰ
754 2628 827 2699 μὴ
858 2630 917 2682 ὲν
948 2628 1083 2702 μόνῃ
1107 2632 1173 2701 τῇ
1206 2630 1418 2703 μεγάλῃ
1447 2631 1796 2703 Τεσσαρακο-

224 2720 324 2789 στῇ
362 2716 504 2772 κατὰ
550 2718 648 2790 τὴν
673 2720 884 2790 τρίτην.
922 2720 1212 2774 Sciendum
1261 2723 1404 2790 quod
1428 2721 1463 2775 2
1518 2724 1790 2776 canticum

223 2823 503 2879 nunquam
543 2824 638 2881 per
672 2824 864 2865 versus
913 2811 1193 2878 recitatur,
1216 2811 1318 2865 nisi
1358 2809 1793 2881 Quadragesima:

220 2914 431 2971 magnae
458 2901 632 2956 tertiis
654 2900 827 2956 l‘eriis.

292 2992 381 3047 19.
416 2990 541 3046 Haec
570 2992 636 3047 de
687 2992 972 3061 scriptum
1029 2989 1275 3045 canticis.
1315 2988 1636 3061 Progredior
1680 2992 1792 3064 jam

220 3084 287 3138 ad
313 3099 600 3147 canonem,
624 3099 743 3147 quae
790 3091 874 3136 est
929 3096 1053 3152 pars
1080 3079 1252 3137 Ollicii
1289 3080 1463 3137 Graaci
1498 3083 1636 3140 bene
1674 3100 1793 3139 ma-

219 3190 351 3246 gna.
384 3175 589 3244 Quippe
640 3194 659 3227 r
720 3188 956 3229 canones
1016 3175 1098 3241 (ut
1155 3176 1389 3246 loquitur
1424 3176 1681 3249 Cangius)
1740 3179 1791 3232 in

218 3266 462 3321 Ecclesia
490 3264 678 3319 Graeca
738 3264 988 3320 dicuntur
1019 3268 1209 3338 hymni
1249 3269 1337 3337 (ex
1368 3278 1631 3336 perpetuo
1656 3270 1787 3323 oda-

216 3372 339 3413 rum
374 3364 429 3409 et
483 3356 842 3424 tr0pariorum
876 3359 1066 3413 ordine
1092 3372 1155 3413 ac
1184 3358 1325 3413 serie
1368 3358 1440 3410 ita
1470 3358 1783 3427 appellati),

216 3448 310 3516 qui
371 3453 495 3515 post
554 3444 802 3503 Psalmos
841 3448 1149 3515 Davidicos,
1185 3462 1521 3519 precesque,
1576 3457 1632 3504 et
1683 3450 1787 3504 alia

216 3538 485 3611 troparia,
544 3550 837 3609 antequam
888 3540 1147 3595 liniantur
1196 3540 1378 3595 divina
1435 3540 1788 3612 ollicia,qua:

216 3640 487 3686 nocturno
520 3639 763 3697 tempore
791 3631 936 3685 domi
970 3641 1063 3686 aut
1094 3632 1147 3687 iu
1200 3631 1447 3687 ecclesiis
1470 3634 1784 3701 exiguntur,

215 3723 337 3777 cani
369 3729 463 3775 aut
491 3721 709 3775 recitari
745 3722 939 3775 solent.
965 3724 1207 3777 Zonaras
1248 3725 1314 3777 ad
1356 3723 1605 3780 Canones
1639 3729 1787 3780 Ana-

215 3815 470 3869 stasimos
499 3813 809 3867 Datnascetti
840 3828 859 3865 :
882 3812 1075 3865 Κανὼν
1106 3814 1342 3881 λέγεται,
1374 3816 1454 3869 ὅτι
1482 3816 1785 3889 ὡρισμένον

215 3910 312 3961 καὶ
335 3904 719 3975 τετυπωμένον
743 3904 854 3975 ἔχει
881 3905 941 3958 τὸ
986 3905 1184 3979 μέτρον
1212 3908 1370 3964 ἐννέα
1402 3909 1565 3981 ᾠδαῖς
1604 3928 1787 3966 συντε-

214 3994 499 4066 λούμενον.
564 3993 809 4051 Canones
877 3997 1041 4066 igitur
1107 3998 1418 4056 dividuntur
1478 4003 1529 4056 in
1597 4018 1785 4058 novem

214 4087 388 4151 udas;
426 4085 569 4140 inter
610 4101 745 4155 quas
803 4099 981 4143 tamen
1038 4092 1279 4145 secunda
1312 4093 1502 4149 nullibi
1540 4106 1784 4165 apparet,

215 4180 311 4237 sed
374 4179 750 4249 eomponentis
820 4181 872 4233 in
953 4189 1172 4249 pectore
1237 4193 1521 4251 remanet;
1591 4198 1711 4256 post
1754 4187 1787 4240 4

216 4286 349 4325 vero
392 4272 529 4326 oden
568 4278 610 4342 ,ι
641 4286 812 4326 canon
872 4272 1279 4342 interrumpitur
1322 4276 1444 4338 ταῖς
1508 4276 1782 4346 Ἀναγνώ-

216 4380 359 4417 eset.
384 4362 521 4418 Tum
550 4364 693 4419 enim
720 4365 974 4421 lectiones
1001 4367 1067 4421 de
1094 4365 1229 4422 Vitis
1272 4378 1603 4433 sanctorum,
1641 4385 1784 4439 quo-

217 4474 338 4509 rum
368 4472 435 4511 eo
477 4457 560 4511 die
611 4458 1059 4512 commemoratio
1098 4459 1423 4523 celebratur,
1452 4472 1544 4515 aut
1584 4462 1651 4516 de
1682 4464 1783 4517 diei

1891 1994 1985 2034 aut
2015 1996 2147 2052 vaga
2202 1981 2615 2051 relinquuntur;
2654 1980 2976 2051 quandoque
3018 1982 3212 2050 primis
3243 1982 3459 2045 litteris,

1890 2074 2046 2141 quasi
2089 2072 2305 2127 annulis
2338 2073 2393 2127 in
2440 2073 2624 2128 verbis
2656 2072 2816 2127 veluti
2845 2072 3091 2127 catenula
3129 2074 3464 2138 inseruntur,

1892 2181 2056 2235 quam
2082 2164 2446 2221 acrostichide
2471 2173 2727 2219 auctores
2744 2175 2958 2218 vocant.
2980 2163 3096 2219 Non
3123 2166 3189 2219 ah
3216 2166 3464 2220 omnibus

1896 2270 2075 2314 tamen
2106 2257 2195 2312 illa
2227 2256 2516 2328 colligendi
2548 2258 2685 2309 ratio
2708 2266 2763 2310 et
2807 2257 2995 2310 modus
3030 2266 3301 2312 servatur.
3332 2256 3465 2324 Qui-

1893 2350 2018 2404 dam
2068 2349 2343 2419 alphabeti
2371 2350 2615 2405 ordinem
2647 2360 2885 2410 serVant,
2924 2348 2995 2402 ita
3034 2356 3094 2402 ut
3115 2350 3348 2418 primum
3377 2366 3464 2405 ca-

1895 2442 2055 2497 nonis
2096 2440 2393 2511 troparium
2424 2440 2493 2495 ab
2519 2443 2563 2495 A
2593 2442 2839 2512 incipiat,
2879 2450 2934 2497 et
2970 2440 3024 2496 in
3053 2442 3095 2494 ο
3126 2441 3342 2497 demum
3376 2446 3464 2496 de-

1895 2532 2059 2590 sinat.
2094 2532 2198 2587 Alii
2248 2532 2303 2587 in
2344 2532 2714 2588 acrostichide
2747 2533 3007 2587 Θεοτόκια
3033 2534 3292 2604 (troparia
3333 2543 3463 2589 sunt

1896 2627 2119 2682 odarnm
2150 2638 2450 2696 postrema,
2482 2627 2534 2681 in
2555 2626 2818 2682 honorem
2842 2624 3077 2697 Virginis
3116 2627 3465 2697 concinnata)

1896 2715 2199 2771 includunt.
2225 2715 2329 2768 Alii
2361 2725 2517 2768 extra
2533 2729 2651 2769 eam
2667 2730 2766 2770 suo
2797 2716 2954 2769 modo
2976 2715 3058 2786 agi
3093 2714 3334 2787 ferrique
3373 2733 3465 2774 ca-

1894 2820 2067 2861 nones
2096 2820 2223 2861 suos
2249 2805 2458 2859 sinunt.
2492 2822 2514 2857 ι

1964 2897 2056 2955 21.
2084 2897 2191 2953 Alii
2222 2898 2414 2969 primis
2448 2896 2813 2968 tr0pariorum
2847 2896 3045 2952 litteris
3076 2899 3312 2967 aliquam
3340 2914 3464 2955 sen-

1898 2992 2121 3047 tentiam
2157 3000 2487 3057 contexunt;
2521 2988 2863 3060 alphabetum
2894 2989 3006 3055 alii,
3038 2998 3093 3045 et
3111 2998 3239 3044 tunc
3269 2990 3465 3045 dicitur

1896 3098 2066 3138 canon
2102 3081 2241 3135 κατὰ
2270 3082 2579 3150 ἁλφάϐητον
2608 3100 2620 3135 :
2676 3092 2731 3135 et
2778 3082 3083 3153 exemplum
3110 3082 3466 3151 alphabetirm

1898 3174 2239 3231 acrostichite
2294 3174 2516 3229 exhibet
2552 3172 2941 3228 Paracleticum
2976 3191 3028 3243 p.
3093 3177 3181 3231 16.
3222 3177 3464 3232 Aliorum

1895 3264 2139 3335 exempla
2174 3266 2322 3319 varia
2351 3264 2571 3320 exhibet
2597 3264 2887 3335 aliquoties
2919 3263 3343 3333 Papebrocbius,
3365 3281 3464 3321 oc-

1891 3360 2109 3413 casioue
2133 3366 2445 3413 sanctorum
2466 3359 2843 3425 quorumdam,
2872 3358 3031 3411 aliam
3051 3356 3163 3413 fere
3184 3357 3464 3413 historiam

1892 3450 1976 3505 vel
2010 3450 2316 3506 encomium
2349 3464 2453 3503 non
2482 3449 2814 3503 habentium.
2836 3450 3016 3520 Longe
3040 3452 3469 3520 pulcherrimum

1893 3546 1984 3600 dat
2011 3545 2165 3600 nobis
2193 3546 2353 3598 trium
2380 3544 2660 3598 doctorum
2694 3542 3004 3599 Graecorum
3042 3541 3465 3614 oﬂlcium,quod

1886 3639 1997 3707 jatn
2029 3652 2287 3710 paramus
2323 3636 2620 3703 illustrare,
2647 3639 2958 3706 exprimens
2988 3638 3199 3708 primus
3228 3636 3464 3693 clemen-

1892 3732 1963 3785 tis
1991 3731 2136 3785 httnc
2166 3745 2381 3784 versum
2406 3730 2694 3784 iambicnm
2736 3752 2748 3783 ι

2038 3822 2356 3891 Τρισήλιον
2376 3820 2520 3891 φῶς,
2554 3819 2700 3888 τρεῖς
2730 3817 2967 3887 ἀνῆψεν
2990 3820 3223 3887 ἡλίους.

1892 3912 2063 3984 Hujus
2092 3930 2311 3970 sensum
2346 3914 2537 3969 Latine
2571 3915 2788 3966 reddant
2818 3913 2967 3976 alibi,
3011 3916 3233 3968 lotitlent
3266 3914 3465 3972 litteris

1894 4008 2489 4078 totidemquetmpariis
2513 4020 2606 4061 seu
2640 4007 2897 4075 strophis.
2922 4007 2985 4060 Et
3010 4023 3160 4071 vero,
3186 4024 3253 4063 ne
3276 4021 3461 4078 postea

1893 4101 2117 4167 haerens,
2176 4104 2390 4168 oportet
2438 4113 2823 4168 prannoneant,
2872 4106 3078 4153 tantum
3133 4100 3347 4167 abesse,
3403 4112 3463 4158 ut

1890 4189 2151 4257 ejusmodi
2178 4190 2574 4247 acrostichides
2603 4205 2821 4260 semper
2850 4191 3239 4246 continuentur
3259 4202 3312 4247 et
3336 4208 3464 4261 pro-

1892 4282 2037 4338 xime
2058 4280 2366 4336 cohazreant
2388 4280 2531 4336 inter
2561 4294 2641 4346 se,
2676 4290 2734 4334 ut
2759 4279 3074 4347 iutcrjcctos
3101 4290 3153 4336 et
3185 4282 3459 4351 dispersos

1892 4375 2124 4429 habeant
2151 4379 2231 4441 et]
2259 4374 2467 4428 hirmos
2511 4382 2568 4429 et
2598 4374 2857 4442 troparia,
2899 4376 3211 4446 martyrica,
3246 4374 3460 4431 theolo-

1890 4467 1997 4530 cia,
2026 4466 2265 4536 aliaque,
2310 4467 2507 4535 quibus
2540 4465 2750 4519 exactis
2784 4467 3078 4520 restttuitur
3108 4482 3278 4521 canon
3311 4486 3327 4523 :
3364 4469 3457 4538 qui

217 4548 472 4611 historia,
523 4548 699 4601 altiori
731 4562 857 4601 voce
911 4551 979 4602 ab
1010 4550 1297 4605 sacerdote
1327 4552 1410 4606 vel
1450 4552 1518 4606 ab
1554 4551 1661 4605 alio
1710 4554 1786 4606 le-
1822 4596 1865 4649 υ
1892 4556 1933 4609 si
1966 4554 2160 4625 duplex
2191 4564 2294 4621 est,
2328 4564 2386 4609 ut
2410 4564 2497 4611 est
2534 4570 2695 4627 sape,
2720 4555 2943 4611 alterius
2964 4558 3153 4611 canoni
3178 4558 3458 4613 continua-

216 4647 419 4704 guutur
445 4654 458 4687 :
486 4638 680 4703 quibus
714 4636 878 4691 liuitis
906 4637 1124 4707 reliqua:
1161 4640 1386 4694 Cononis
1413 4642 1530 4697 eda:
1563 4656 1785 4710 percur-

216 4737 433 4785 runtur.
480 4726 661 4795 Neque
709 4744 846 4784 unus
879 4744 1052 4783 canon
1113 4731 1165 4784 iu
1207 4744 1311 4782 nuo
1363 4732 1541 4787 ollieio
1571 4748 1787 4802 semper

216 4823 442 4882 dicitur,
492 4820 587 4872 sed
638 4820 903 4876 interdum
955 4820 1063 4877 duo
1093 4824 1177 4877 vel
1208 4835 1335 4885 tres,
1366 4836 1491 4877 raro
1525 4836 1782 4895 quatuor,

215 4929 318 4982 pro
366 4913 594 4984 plurium
641 4911 730 4966 illo
756 4915 841 4969 die
874 4914 1234 4970 festivitatum
1275 4930 1573 4981 concursu,
1615 4919 1784 4974 inter-

213 5006 535 5060 miscentur.
564 5004 822 5072 Quamvis
852 5022 981 5063 vero
1011 5010 1311 5064 canonibus
1336 5008 1453 5063 eda:
1478 5010 1784 5066 tribuantur

212 5111 439 5162 novem,
470 5112 575 5153 non
603 5100 674 5153 ita
706 5106 885 5151 tamen
919 5099 1049 5153 illud
1096 5111 1417 5171 perpetuum
1447 5111 1552 5164 est,
1598 5114 1655 5157 ut
1683 5105 1781 5158 ali-

212 5188 433 5257 quando
479 5204 733 5245 numerus
773 5204 958 5245 earum
1007 5206 1112 5245 non
1163 5195 1533 5248 lmminuatur.
1587 5193 1775 5260 Quan-

214 5280 398 5346 doque
426 5280 570 5333 enim
597 5280 769 5335 tribus
818 5280 899 5336 vel
931 5291 1164 5350 quatuor
1200 5290 1404 5339 tantum
1462 5283 1581 5339 odis
1611 5284 1777 5340 inter-

209 5368 485 5423 cluditur:
510 5373 647 5426 unde
670 5374 1163 5427 cauonihusuomen
1191 5376 1437 5444 τριῳδίου
1468 5386 1521 5430 et
1547 5394 1781 5449 τετραῳ-

209 5461 351 5516 δίου.
396 5476 415 5509 ι
450 5457 651 5518 Triodii
692 5472 870 5518 tamen
910 5478 1103 5519 nomen
1138 5462 1296 5519 latius
1321 5478 1469 5535 patet
1499 5487 1512 5523 :
1550 5486 1671 5522 nam
1698 5471 1779 5541 (ut

213 5552 461 5623 pluribus
516 5562 569 5605 et
600 5556 810 5611 erudite
843 5555 1175 5612 demonstrat
1225 5558 1457 5615 Allatius
1510 5561 1584 5615 De
1629 5560 1777 5617 libris

208 5646 503 5701 ecclesia“.
556 5642 724 5702 erc.
773 5649 991 5703 dissert.
1047 5650 1097 5717 1,
1131 5666 1254 5722 pag.
1310 5650 1419 5720 71),
1463 5668 1565 5708 non
1606 5655 1777 5709 solum

210 5750 480 5792 cauonem
516 5750 581 5791 ex
611 5738 783 5793 tribus
836 5746 1175 5795 constantem
1216 5740 1335 5796 odis
1375 5743 1775 5813 complectitur,

208 5841 402 5882 verum
429 5827 591 5883 etiam
637 5825 830 5882 librum
889 5829 1083 5898 ipsum,
1128 5831 1178 5882 in
1204 5845 1362 5898 quem
1400 5831 1774 5899 hujuscemodi

1892 4646 2020 4698 tioni
2070 4646 2401 4715 praeponitur
2431 4660 2535 4701 vox
2582 4646 2758 4709 ἄλλος,
2813 4645 3132 4717 plerumque
3166 4662 3294 4703 vero
3347 4658 3455 4703 tam

1888 4738 2049 4793 unius
2072 4752 2234 4807 quam
2262 4735 2486 4791 alterius
2514 4738 2737 4791 canonis
2785 4738 2901 4792 odte
2932 4738 3338 4809 distinguuntur
3362 4755 3459 4809 per

1887 4844 2138 4884 numeros
2167 4828 2367 4884 litteris
2407 4830 2677 4900 alphabeti
2712 4828 2957 4898 signatos
2990 4830 3093 4886 hoc
3129 4833 3307 4896 modo,
3341 4830 3454 4905 ᾠδὴ

1883 4916 1952 4980 α’,
1976 4914 2042 4985 β’,
2064 4921 2135 4984 γ’,
2154 4928 2261 4970 etc.
2287 4916 2415 4983 Quae
2436 4917 2615 4973 omnia
2639 4918 2976 4988 oppositione
2998 4920 3247 4990 promissi
3271 4934 3458 4975 exent-

1893 5008 1961 5077 pli
1993 5007 2224 5063 clariora
2252 5009 2503 5063 evadent.

1958 5098 2045 5152 22.
2064 5099 2368 5171 Atquinam
2391 5100 2539 5154 luere
2569 5115 2835 5157 canonum
2868 5103 3158 5159 auctores?
3182 5102 3451 5161 Inﬁnitum

1890 5200 1972 5243 est
2002 5205 2289 5248 recensere
2311 5204 2525 5258 omnes,
2554 5208 2729 5263 neque
2766 5194 2821 5249 id
2851 5195 3022 5250 nostri
3056 5198 3195 5253 ratio
3219 5198 3451 5253 instituti

1888 5282 2157 5353 postulat;
2213 5300 2335 5340 eum
2385 5298 2481 5340 eos
2517 5301 2710 5341 omnes
2754 5286 2974 5342 novisse
3024 5290 3090 5343 ad
3137 5288 3449 5347 Grmcorum

1888 5376 2216 5432 acoluthiam
2269 5377 2673 5450 intelligendam
2718 5379 2850 5434 nihil
2883 5382 3114 5435 intersit.
3144 5380 3454 5452 Praecipuus

1889 5470 2075 5524 lectori
2099 5478 2352 5541 suggeret
2376 5473 2540 5543 typici
2595 5482 2756 5542 caput
2798 5474 2851 5536 6,
2890 5477 3029 5543 quod
3064 5474 3149 5528 hic
3181 5479 3446 5546 prmteriri

1881 5560 2020 5613 haud
2049 5570 2239 5629 potest.
2290 5561 2484 5616 ’ἰστέον
2516 5563 2572 5616 δὲ
2600 5564 2693 5615 καὶ
2724 5562 2903 5626 τοῦτο,
2938 5566 3034 5628 ὡς,
3061 5567 3221 5638 εἴπερ
3246 5567 3357 5637 ἔχει
3390 5566 3452 5619 τὸ

1878 5651 2118 5735 Μηναῖον
2137 5653 2195 5704 ἐν
2212 5653 2404 5727 μνήμῃ
2434 5655 2590 5723 ἁγίου
2614 5654 2759 5720 τινὸς
2789 5658 3017 5722 κανόνας
3036 5658 3146 5712 τῶν
3174 5660 3447 5731 διαφόρων

1878 5743 2134 5813 ποιητῶν.
2178 5747 2224 5797 e‘l
2254 5745 2351 5815 μέν
2378 5750 2491 5799 ἐστι
2513 5763 2690 5799 κανων
2720 5747 2813 5801 τοῦ
2843 5748 2947 5819 κῦρ
2970 5752 3181 5821 Κοσμᾶ.
3221 5767 3448 5823 προκρι-

1876 5833 2013 5895 τὲος·
2040 5834 2087 5885 εἰ
2116 5833 2169 5885 δὲ
2212 5833 2305 5887 τοῦ
2338 5832 2443 5903 κῦρ
2482 5836 2729 5889 Ἰωάννου
2766 5839 2856 5891 καὶ
2887 5840 3107 5910 ἐτέιῖτιπν,
3133 5840 3223 5895 τοῦ
3259 5840 3438 5894 Ἰωάν-
