4046 6466
558 411 765 455 CCCI!"

1924 392 2454 452 Pi‘iULEGUMENA.

564 534 648 569 δον
674 515 1047 588 προκρίνεται.⁸
1079 517 1127 569 ει
1155 515 1213 569 δὲ
1235 509 1328 569 τοῦ
1356 512 1461 585 κῦρ
1474 512 1781 583 Θεοφάνους
1798 510 1892 566 καὶ
1913 511 2137 582 ἑτέρων,

2244 514 2567 583 composita,
2598 516 2926 572 exsecranda
2966 525 3253 586 putemus;
3290 518 3421 577 facit
3458 518 3699 591 ejusdem
3741 525 3814 582 ad

560 616 587 666 ὁ
616 610 708 665 τοῦ
754 611 859 682 κῦρ
889 610 1194 679 Θεοφάνους
1236 609 1611 681 προκρινεται·
1642 603 2003 678 προτιμητέος
2029 602 2139 675 γάρ

559 708 675 758 ἐστι
704 704 813 759 τῶν
843 703 1035 758 ἄλλων·
1077 706 1126 756 si
1152 702 1209 756 δὲ
1235 701 1329 756 τοῦ
1346 700 1452 773 κῦρ
1481 699 1701 772 Ἰωσὴφ,
1730 690 1884 762 οὗτος
1905 697 2013 752 τῶν
2027 697 2141 751 λοι-

560 796 677 851 πῶν
712 795 1107 868 προτετίμηται
1140 793 1403 864 ποιητῶνο
1442 792 1650 846 τούτων
1682 790 1739 845 δὲ
1774 789 1851 862 μὴ
1878 788 2140 855 hirtum,“

557 889 652 944 τοῦ
694 888 804 962 κῦρ
838 889 1104 943 Ἰωάννου·
1138 887 1317 941 αὐτῶν
1346 886 1403 939 δὲ
1433 886 1508 957 μὴ
1540 883 1935 955 τυγχανόντων.
1969 884 2018 935 οἱ
2044 880 2139 935 τοῦ

558 979 665 1048 κῦρ
704 980 1030 1048 Θεοφάνουςο
1049 980 1299 1033 ἀπόντων
1320 978 1377 1032 δὲ
1421 976 1646 1042 τούτων,
1681 976 1732 1029 οἱ
1762 972 1854 1029 τοῦ
1878 973 1983 1046 κῦρ
2023 974 2139 1028 Ἰω-

562 1075 671 1145 σὴφ
693 1074 803 1128 τῶν
830 1072 1034 1127 λοιπῶν
1060 1073 1306 1126 ἁπάντων
1348 1069 1756 1143 προκρίνονται.
1795 1086 1815 1119 ‹
1852 1064 1965 1123 Hoc
1994 1080 2133 1136 quo-

561 1181 668 1235 que
697 1167 974 1221 sciendum
1010 1175 1113 1225 est,
1137 1165 1179 1217 si
1212 1161 1475 1217 Menwnm
1514 1162 1677 1217 habet
1711 1159 1765 1214 in
1821 1158 2139 1215 memoriam

563 1257 791 1327 alicujus
816 1256 899 1320 8.,
936 1272 1173 1311 canones
1195 1258 1539 1309 diversorum
1565 1264 1865 1323 poetarum,
1889 1250 1935 1306 si
1963 1264 2136 1303 canon

567 1349 802 1404 adfuerit
849 1346 1032 1402 domui
1066 1345 1295 1409 Cosme,
1336 1345 1479 1399 hunc
1529 1342 1651 1398 aliis
1699 1339 2135 1412 praeferendum;

562 1440 606 1495 si
625 1438 805 1493 d0lllni
831 1436 1059 1493 Joannis
1076 1445 1131 1490 et
1146 1434 1395 1497 aliorum,
1416 1449 1539 1489 eum
1563 1432 1657 1505 qui
1672 1430 1897 1488 Joannis
1909 1440 1993 1486 est
2009 1445 2142 1501 prae-

574 1526 705 1581 ferri
724 1544 737 1585 ;
758 1526 802 1580 si
821 1527 1002 1581 domni
1020 1522 1359 1592 Theophanis
1378 1524 1695 1588 etaliorum,
1711 1520 1775 1576 D.
1796 1517 2140 1589 Theophanis

564 1618 831 1688 praeferri,
868 1617 953 1671 ille
985 1618 1129 1672 enim
1173 1626 1297 1669 ante
1324 1616 1456 1669 alios
1485 1614 1830 1670 honorandus
1857 1621 1970 1679 est;
1998 1612 2043 1667 si
2077 1612 2137 1665 Ι).

561 1707 802 1780 Josephi,
830 1709 978 1763 hunc
1010 1706 1233 1776 reliquis
1252 1706 1425 1776 poetis
1454 1704 1705 1774 anteponi
1725 1704 1799 1769 ;si
1828 1702 2010 1759 caeteri
2046 1702 2141 1756 de-

565 1799 591 1856 1⁵
593 1798 1119 1864 uerint,D.Joannis;
1139 1798 1185 1853 si
1205 1798 1258 1854 hi
1276 1814 1488 1869 quoque
1501 1793 2141 1867 defuerint,D.Theopha-

2241 604 2497 661 unionem
2534 604 2826 663 Romanam
2858 609 3101 665 accessio
3138 622 3284 666 anno
3312 626 3595 670 lcccuvn
3636 616 3814 687 patri-

2240 693 2495 751 arcbatus
2532 696 2614 751 sui
2673 697 2864 765 quinto
2893 738 2910 764 ,
2953 699 3007 753 in
3048 712 3223 769 eaque
3266 702 3350 771 (ut
3392 704 3605 773 opinari
3662 705 3816 773 licet)

2240 787 2640 854 perseverantia
2665 802 2835 857 usque
2859 791 2925 845 ad
2969 788 3153 857 linem,
3187 791 3242 846 id
3283 800 3367 847 est
3406 808 3578 863 usque
3607 794 3679 850 ad
3707 810 3813 850 an-

2247 893 2371 932 num
2402 892 2741 937 stccccxxxv.

2310 969 2400 1027 25.
2431 968 2715 1027 Philotlieo
2756 971 2808 1026 in
2863 971 2963 1028 ista
3016 974 3219 1031 Catena
3260 978 3508 1035 succedit
3558 979 3812 1036 Andreas

2242 1060 2515 1117 Cretensis
2545 1062 3010 1133 archiepiscopus,
3035 1064 3106 1120 de
3158 1081 3288 1136 quo,
3323 1078 3587 1139 tanquam
3627 1070 3811 1142 magni

2241 1150 2479 1207 Canonis
2498 1162 2742 1219 auctore,
2775 1154 3021 1225 quaedam
3049 1154 3287 1213 diximus
3308 1158 3344 1213 2
3371 1158 3603 1231 Aprilis,
3634 1173 3812 1231 agen-

2244 1251 2327 1298 tes
2362 1242 2426 1297 de
2459 1242 2520 1298 S.
2556 1242 2723 1299 Maria
2746 1244 3067 1317 Egyptlaca
3097 1256 3151 1302 et
3191 1247 3333 1304 infra
3370 1250 3635 1307 dicemus.
3663 1251 3815 1307 Cull-

2242 1345 2331 1391 tur
2363 1337 2396 1391 4
2447 1333 2572 1392 Julii
2615 1346 2708 1393 aut
2733 1337 2901 1396 Junii.
2934 1338 3169 1408 Quintus
3203 1342 3258 1397 in
3287 1342 3390 1397 hoc
3414 1344 3593 1402 dextri
3623 1345 3814 1402 lateris

2240 1427 2431 1484 ordine
2462 1424 2699 1481 Joannes
2725 1426 3111 1484 Eucliaitarum
3155 1429 3533 1501 metropolitm,
3565 1443 3653 1490 est
3708 1448 3809 1489 au—

2240 1533 2378 1587 ctor,
2418 1530 2476 1575 ut
2516 1519 2771 1585 diximus,
2801 1520 2919 1588 ejus
2950 1521 3111 1578 ofﬁcii
3140 1524 3287 1592 quod
3335 1524 3424 1581 hic
3477 1533 3804 1583 tractamus.

2243 1612 2499 1682 Sequitur
2531 1611 2798 1681 Georgius
2827 1610 3150 1671 Nicomedia:
3194 1616 3637 1687 archiepiscopus
3674 1636 3689 1673 :
3717 1618 3810 1674 cui

2242 1702 2421 1757 varias
2445 1716 2766 1773 panegyres,
2794 1701 2861 1754 ad
2893 1700 3291 1772 Metaphrasten
3339 1705 3592 1777 imperite
3617 1709 3773 1763 tradu
3791 1739 3812 1751 -

2241 1807 2383 1861 etas,
2417 1795 2660 1851 restituit
2712 1792 2941 1849 Allatius
2970 1831 2985 1856 ,
3025 1793 3269 1864 pluribus
3304 1798 3371 1853 de
3422 1813 3491 1855 eo
3540 1814 3707 1871 agens
3752 1800 3808 1854 in

561 1895 665 1956 nis;
682 1895 725 1948 si
745 1860 796 1947 lii
815 1893 1000 1957 etiam,
1020 1890 1078 1949 υ.
1095 1860 1314 1961 Josephi
1333 1860 1545 1945 caeteris
1559 1860 1810 1945 omnibus
1828 1860 2132 1957 anteponi.»
2168 1860 2211 1917 Β
2249 1884 2496 1943 Diatriba
2534 1885 2601 1941 de
2623 1883 2870 1956 Georgiis
2902 1903 2916 1937 :
2951 1860 3059 1954 quo
3093 1896 3273 1940 autem
3306 1888 3507 1947 vixerit
3532 1860 3807 1964 tempore.

629 1985 720 2039 23.
754 1986 831 2040 Ex
864 1985 1022 2039 dictis
1071 1999 1178 2038 non
1216 1992 1427 2038 tantum
1480 1982 1780 2052 colligitur,
1814 1981 1906 2049 qui
1944 1980 2142 2049 quibus

564 2078 618 2133 in
654 2090 919 2132 canonum
944 2090 1215 2133 concursu
1252 2082 1687 2143 anteponantur;
1726 2086 1913 2129 verum
1948 2073 2138 2135 etiam,

560 2171 781 2242 quinam
812 2168 923 2224 sint
941 2182 1131 2225 eorum
1162 2176 1415 2221 auctores
1453 2165 1733 2235 praecipui.
1758 2160 1973 2218 Talium
2003 2161 2139 2218 insi-

562 2280 723 2334 gnem
752 2271 1000 2318 catenam
1024 2259 1207 2316 videre
1220 2268 1303 2315 est
1328 2269 1455 2315 ante
1488 2255 1784 2322 Triodium,
1806 2270 1951 2310 anno
1977 2253 2137 2319 1601,

560 2370 820 2413 excusum
857 2354 1116 2419 Venetiis,
1160 2367 1325 2421 opera
1347 2361 1401 2407 et
1423 2350 1601 2407 studio
1634 2347 1851 2405 Maximi
1880 2347 2142 2420 Cythero-

561 2465 679 2504 rum
710 2450 766 2504 in
780 2448 959 2520 Cypro
976 2445 1237 2516 episcopi.
1256 2443 1333 2499 lbi
1350 2450 1629 2514 spectatur
1656 2442 1710 2499 in
1730 2442 1907 2497 fronte
1938 2441 2139 2511 imago,

561 2543 777 2599 titulum
822 2541 944 2596 libri
974 2537 1365 2608 complectens,
1396 2544 1611 2605 sumpta
1648 2549 1714 2589 ex
1743 2533 1976 2604 quodam
2029 2546 2142 2587 ma-

562 2636 863 2703 nuscriplo,
914 2632 1145 2688 duorum
1201 2638 1295 2684 aut
1351 2629 1513 2682 trium
1571 2625 1891 2681 seculorum
1925 2632 2141 2680 atatem

561 2726 834 2781 habente:
890 2724 942 2778 in
994 2738 1097 2793 qua
1128 2721 1387 2792 imagine,
1423 2718 1728 2775 ministerio
1755 2718 1918 2774 trium
1957 2716 2142 2789 genio-

562 2831 680 2870 rum
745 2817 1013 2869 minorum
1069 2812 1407 2879 duorumque
1483 2808 1746 2880 majorum
1823 2807 2138 2879 angelorum

561 2908 820 2977 utrinque
863 2906 1123 2961 stantium
1160 2943 1175 2968 ,
1233 2904 1659 2960 circumducitur
1709 2903 1863 2973 quasi
1920 2912 2140 2973 torques

560 3015 656 3057 seu
705 3008 895 3055 catena
944 2997 1268 3053 annulorum
1318 2994 1507 3066 viginti
1558 3008 1776 3058 novem,
1851 3002 2039 3066 mutuo
2080 3007 2141 3049 se

560 3091 1069 3161 complectentium,
1096 3064 1403 3158 dependens
1422 3098 1491 3141 ex
1516 3098 1737 3142 summo
1764 3096 1874 3137 uno
1894 3064 2143 3138 ornitio-

563 3185 716 3254 rique
732 3182 1342 3249 toreumate,Christum
1368 3179 1655 3238 Dominum
1680 3181 2138 3249 reprasentante;
2167 3198 2211 3259 ρ

558 3287 683 3331 cum
709 3274 813 3332 hoc
838 3289 933 3345 per
952 3274 1190 3331 extimos
1211 3271 1525 3343 angelorum
1548 3268 1856 3327 lateralium
1877 3268 2137 3325 humeros

559 3366 824 3424 deﬂuente
863 3365 1129 3422 versiculo
1154 3383 1171 3418 :

671 3543 737 3595 οι
776 3540 845 3595 τὰ
860 3540 1016 3610 μέλη
1042 3537 1375 3606 πλέξαντες
1397 3538 1597 3607 ὕμνων
1619 3536 1861 3604 ἐνθέων,

672 3611 999 3678 [tumuerunt
1032 3612 1271 3663 modulos
1302 3611 1354 3663 lii
1377 3624 1708 3678 composuere
1734 3625 2029 3668 sacrarunt.

562 3792 723 3848 Juvat
758 3792 919 3864 hujus
946 3802 1153 3848 catena
1176 3790 1593 3862 explicationem
1631 3788 1744 3858 jam
1782 3804 1813 3845 a
1863 3788 1922 3845 Ρ.
1968 3791 2138 3860 Pape-

565 3889 789 3945 brochio
823 3888 891 3943 ad
924 3882 1065 3942 diem
1098 3884 1169 3941 30
1196 3885 1417 3954 Aprilis,
1447 3894 1575 3939 tom.
1610 3882 1698 3951 lli,
1731 3899 1783 3954 p.
1822 3881 1950 3947 788,
1974 3900 2135 3941 exor-

566 3993 722 4039 sam,
754 3975 877 4030 istic
913 3989 1298 4045 recognoscere
1324 3983 1485 4044 atque
1512 3975 1807 4045 corrigere,
1834 3973 1993 4047 juxta
2023 3989 2142 4030 me-

566 4070 734 4124 liores
757 4068 978 4123 n0titias
1006 4076 1188 4138 postea
1224 4077 1499 4136 acceptas.

636 4160 727 4215 2a.
781 4158 1207 4229 Uninscujusque
1260 4159 1402 4213 sacri
1472 4167 1639 4227 poeta:
1692 4160 1814 4215 icon
1876 4158 2136 4224 dimidia,

566 4253 785 4325 proprio
819 4252 1030 4307 habitus
1078 4262 1134 4308 et
1176 4250 1380 4307 ordinis
1414 4250 1689 4306 schemate
1718 4251 1996 4315 distincta,
2058 4251 2142 4305 in-

569 4357 651 4402 ιη
704 4346 989 4416 prmdictos
1033 4343 1258 4398 annulos
1308 4352 1740 4413 reprtesentatur.
1778 4342 1871 4409 Et,
1903 4358 1970 4399 ne
2011 4359 2143 4417 vaga

568 4445 791 4493 exerrct
835 4435 1179 4502 conjectura,
1242 4432 1513 4487 adduntur
1564 4433 1771 4490 circum
1822 4443 1986 4504 caput
2047 4449 2143 4489 no-

2242 1977 2474 2031 necdum
2495 1975 2883 2045 comperimus.
2919 1974 3158 2031 Proximi
3183 1974 3416 2047 Georgio
3434 1990 3491 2037 et
3517 1980 3662 2039 inter
3685 1983 3803 2052 epi-

2240 2084 2433 2140 scopos
2465 2068 2639 2125 ultimi
2671 2077 2927 2125 notantur
2956 2067 3280 2136 Methodius,
3306 2070 3635 2143 Cyprianus,
3661 2076 3812 2131 Ana-

2241 2162 2404 2220 tolius
2432 2180 2449 2218 :
2481 2176 2673 2219 omnes
2720 2161 2879 2218 nobis
2928 2163 3116 2235 ignoti.
3170 2162 3302 2230 Quis
3342 2164 3487 2219 enim
3534 2179 3811 2235 postremo

2239 2254 2361 2311 loco
2387 2254 2615 2310 relatum
2649 2252 2839 2308 credat
2881 2266 3002 2309 esse
3049 2254 3109 2310 S.
3143 2251 3602 2321 Anatolium,sub
3630 2258 3813 2314 Theo-

2240 2343 2397 2400 dosio
2426 2342 2652 2401 Juniore
2703 2343 3357 2418 Constantinopolitanum
3384 2344 3753 2417 patriarcham
3787 2349 3813 2403 τ

2240 2432 2482 2490 Primum
2504 2435 2693 2492 liceret
2723 2436 3086 2494 verosimilins
3114 2439 3337 2494 credere
3364 2449 3489 2493 esse
3534 2452 3686 2505 eum,
3713 2442 3809 2511 qui

2240 2528 2344 2583 sub
2370 2525 2428 2582 S.
2456 2525 2739 2584 Theodora
2764 2528 3145 2586 orthodoxiam
3201 2529 3479 2598 restituit;
3526 2529 3628 2587 sed
3679 2540 3813 2589 tunc

2248 2615 2524 2673 debuisset
2548 2617 2785 2688 ιπερυηί
2822 2616 3106 2676 Philotheo
3124 2629 3180 2677 et
3212 2621 3426 2679 ceteris
3448 2621 3811 2678 lntermediis.

2240 2704 2517 2761 Claudunt
2566 2720 2732 2776 porro
2761 2705 2904 2762 hanc
2936 2706 3135 2763 seriem
3181 2709 3477 2781 scriptores
3518 2725 3588 2766 ex
3618 2711 3815 2767 ordine

2239 2795 2488 2853 saeculari
2513 2798 2785 2869 quinque,
2807 2798 2918 2855 Leo
2946 2799 3226 2871 Despotes,
3254 2798 3364 2856 Leo
3385 2800 3661 2873 Magister,
3702 2802 3814 2856 Ba-

2238 2888 2395 2947 silius
2439 2888 2778 2962 Pegoriotes,
2823 2888 3089 2958 Justinus,
3120 2889 3384 2961 Sergius:
3413 2892 3479 2948 de
3506 2895 3702 2965 quibus
3727 2896 3816 2950 ni-

2240 2980 2316 3038 hil
2336 2981 2534 3040 docere
2561 2997 2802 3053 possum.

2312 3075 2573 3131 Catenam
2617 3075 3001 3147 praelaudatam
3034 3076 3087 3131 in
3122 3076 3344 3134 sinistro
3372 3076 3544 3134 latere
3572 3079 3803 3150 implent

2242 3179 2309 3220 ex
2347 3166 2537 3221 ordine
2568 3167 2871 3223 monastico
2924 3170 3218 3240 scriptores
3270 3169 3705 3240 quatuordecim.
3754 3174 3813 3227 In

2244 3258 2332 3316 his
2391 3259 2548 3315 nobis
2580 3255 2781 3330 cogniti
2846 3267 2992 3326 sunt,
3047 3260 3283 3319 Joannes
3327 3262 3719 3328 Damascenus,
3757 3275 3815 3319 et

2242 3367 2365 3409 cum
2394 3351 2498 3409 hoc
2536 3350 2745 3423 pariter
2773 3348 3040 3407 educatus
3064 3350 3290 3408 Cosmas
3308 3391 3324 3417 .
3354 3365 3541 3424 postea
3568 3356 3818 3429 Majumae

2245 3444 2555 3516 episcopus,
2583 3443 2650 3501 de
2694 3456 2804 3515 quo
2838 3455 3067 3517 agemus
3126 3442 3191 3499 ιι
3239 3443 3530 3510 Octobris;
3586 3447 3817 3520 Joseph.

2244 3535 2614 3591 communiter
2648 3534 3104 3608 Mymnograpbns
3157 3533 3335 3591 dictus
3365 3574 3383 3602 ,
3418 3536 3574 3607 cujus
3629 3537 3813 3595 Vitam

2243 3625 2491 3684 dedimus
2516 3641 2577 3683 ut
2602 3626 2836 3698 Aprilis;
2868 3626 3247 3699 TheOphanes,
3276 3638 3642 3701 cognomento
3675 3631 3819 3688 Cra-

2241 3727 2385 3791 ptus,
2421 3719 2492 3777 ob
2522 3717 2758 3777 frontem
2796 3720 3211 3778 contumeliosis
3244 3722 3494 3780 versibus
3522 3724 3592 3781 ab
3625 3723 3818 3783 iuono-

2244 3814 2439 3869 macho
2468 3810 2769 3882 Theophilo
2790 3822 3092 3879 exaratam,
3121 3811 3217 3883 qui
3253 3828 3307 3870 xl
3349 3814 3604 3873 Octobris
3637 3816 3816 3884 solus,

2241 3914 2297 3959 et
2330 3916 2545 3958 rursum
2583 3915 2709 3957 cum
2762 3900 2932 3957 fratre
2974 3901 3260 3959 Theodoro
3293 3918 3445 3961 xxvu
3497 3906 3817 3966 Decembris

2243 3998 2713 4049 commemoratur.
2729 3986 2921 4047 Ceteri
2941 3992 3097 4048 nobis
3114 3992 3283 4064 ignoti
3312 4003 3465 4061 sunt,
3491 3994 3817 4069 Byzantius,

2243 4081 2554 4153 Stephanus
2584 4079 2954 4154 ﬂagiOpolites
2978 4122 2995 4149 ,
3026 4080 3295 4156 Georgius
3345 4083 3656 4157 Siceliotea,
3723 4090 3811 4146 Si-

2243 4189 2423 4238 meon,
2448 4172 2786 4241 Philothens,
2813 4174 3077 4232 Arsenins
3096 4217 3113 4243 ,
3152 4176 3401 4251 Babylas,
3425 4178 3664 4249 Ephrem
3713 4182 3817 4239 Ca-

2242 4266 2373 4330 riae,
2429 4266 2673 4323 Andreas
2727 4261 2975 4339 Pyrrhus
3024 4268 3141 4323 sive
3182 4268 3353 4325 liuius
3383 4310 3401 4335 ,
3439 4280 3497 4326 et
3545 4271 3816 4329 Stndites.

2242 4356 2375 4427 Quis
2416 4367 2598 4415 autem
2626 4358 2717 4415 hic
2756 4371 2854 4427 per
2885 4359 3315 4416 antonomasiam
3365 4361 3438 4415 ita
3468 4360 3648 4419 dictus
3673 4364 3698 4418 2
3728 4365 3814 4420 An

2248 4463 2474 4519 magnus
2509 4448 2834 4505 Theodorus
2859 4447 2884 4503 τ
2910 4449 2982 4505 At
3011 4449 3155 4505 inter
3179 4451 3387 4519 primos
3430 4452 3596 4511 locari
3643 4471 3814 4513 mere-

570 4530 740 4594 tnina,
794 4536 852 4583 ut
901 4526 1077 4581 solent
1119 4528 1170 4581 in
1215 4525 1497 4582 nummis:
1530 4533 1692 4596 atque
1738 4527 1811 4582 ita
1841 4542 1908 4582 es
1948 4527 2136 4582 dextro
2170 4538 2217 4596 ο
2243 4540 2436 4596 batur?

577 4623 746 4677 latere
770 4620 1128 4683 descendunt,
1164 4616 1495 4680 Germanus,
1525 4617 1835 4685 patriarcha
1864 4618 2139 4674 Constan-

573 4713 1001 4781 tiuopolitanus,
1038 4709 1127 4780 qui
1188 4708 1383 4764 colitur
1448 4709 1516 4764 l2
1570 4707 1730 4775 Maii,
1789 4708 1911 4765 ildei
1973 4722 2137 4765 causa

572 4804 675 4861 sub
698 4801 879 4858 Leone
909 4805 1146 4857 Armeno
1192 4802 1323 4857 sede
1352 4815 1449 4856 sua
1495 4802 1735 4873 ejectus:
1766 4801 2138 4873 Sophronius,

572 4896 878 4969 patriarcha
928 4892 1480 4965 Hierosolymitanus,
1530 4897 1597 4949 de
1640 4893 1794 4964 cujus
1825 4908 2014 4966 opera,
2082 4896 2137 4949 in

573 4990 921 5048 restituendis
962 4987 1179 5043 Menaeis
1238 5002 1358 5042 cum
1402 4985 1462 5044 S.
1514 4985 1726 5043 Joanne
1794 4988 2137 5046 Damasceno

575 5084 837 5151 impensa,
864 5080 1072 5149 egimus
1102 5080 1163 5135 11
1210 5077 1385 5135 Martii
1422 5098 1436 5135 :
1463 5077 1780 5135 Philotheus
1813 5080 2133 5150 patriarcha

573 5171 1331 5243 Constantinopolitanus,ab
1362 5187 1502 5229 anno
1544 5185 1796 5229 ucccutt
1853 5186 2025 5242 usque
2066 5171 2135 5227 ad

575 5281 715 5322 txxv
738 5265 976 5334 ejusdem
1006 5264 1185 5320 saeculi
1220 5278 1423 5334 :quem
1488 5264 1614 5321 licet
1655 5261 2131 5335 Wangnerechius

578 5368 787 5417 noster.
829 5358 881 5410 in
924 5357 1059 5412 libro
1091 5356 1163 5410 De
1192 5354 1440 5410 Mariana
1468 5350 1771 5411 Grecorum
1797 5355 2009 5423 pietate,
2070 5369 2135 5410 ac

576 5446 687 5502 Leo
741 5448 969 5503 Allatins
1022 5448 1215 5502 merito
1274 5446 1522 5516 sugillent
1553 5484 1570 5510 ,
1603 5460 1709 5501 non
1770 5444 1941 5502 solum
2001 5445 2139 5503 schi-

579 5537 770 5595 smatis
794 5540 968 5601 titulo,
998 5538 1090 5594 sed
1118 5540 1281 5595 etiam
1313 5539 1582 5595 hareseos
1618 5538 1670 5592 in
1702 5537 1940 5609 Georgio
1979 5536 2135 5593 Pala-

581 5645 667 5686 ma
692 5670 709 5699 ,
748 5629 1085 5685 Thaboritici
1133 5631 1351 5687 luminis
1392 5640 1664 5686 sssertore
1696 5669 1714 5695 ,
1750 5630 1977 5685 laudata:
2003 5668 2020 5693 ,
2071 5643 2140 5685 ne

582 5732 762 5779 tamen
785 5723 902 5793 ejus
930 5738 1094 5794 opera
1119 5725 1325 5790 omnia,
1346 5724 1401 5779 in
1431 5724 1644 5779 laudem
1694 5732 2010 5779 sanctorum
2042 5740 2141 5779 va-

593 5818 795 5874 riorum
841 5826 895 5874 et
948 5816 1418 5885 locupletationem
1471 5830 1749 5872 sacromm
1808 5817 2130 5885 hymnorum

2309 4630 2398 4685 26.
2432 4626 2580 4683 Infra
2616 4644 2831 4695 omnes,
2866 4638 2922 4685 et
2974 4627 3128 4699 quasi
3173 4644 3401 4702 gemma:
3434 4632 3595 4689 seriei
3630 4635 3817 4691 vincu-

2242 4720 2349 4776 lum
2376 4760 2391 4787 ,
2427 4718 2652 4790 ponitur
2699 4721 2889 4776 Cassia
2914 4760 2931 4785 ,
2971 4719 3037 4777 de
3067 4736 3175 4794 qua
3226 4721 3545 4780 Theodorus
3572 4725 3811 4782 Prodro-

2244 4827 2363 4867 mus
2396 4810 2537 4881 apud
2559 4810 2815 4867 Allatium
2842 4810 3062 4869 dissert.
3096 4811 3121 4868 1
3157 4813 3223 4869 de
3246 4812 3407 4870 libris
3428 4816 3626 4874 eccles.
3660 4817 3813 4875 Graec

2240 4915 2427 4958 corum
2484 4913 2608 4973 pag.
2648 4902 2738 4967 75,
2769 4915 2937 4973 agens
2981 4904 3050 4959 de
3080 4917 3291 4959 canone
3334 4902 3558 4962 Sabbati
3582 4909 3759 4963 sancti
3795 4926 3810 4963 :

2246 5011 2268 5045 ι
2304 4990 2452 5060 Opus
2485 4992 2702 5060 quidem
2732 5000 2837 5057 est,
2871 4992 3065 5065 inquit,
3100 4993 3168 5047 ad
3194 4991 3439 5064 quintam
3469 4995 3643 5067 ipsam
3670 4998 3813 5054 oden

2240 5083 2406 5140 Marci
2432 5084 2670 5155 episcopi
2702 5083 3068 5153 Hydruntini;
3094 5084 3163 5141 ab
3185 5101 3250 5142 ea
3277 5101 3455 5157 usque
3484 5088 3553 5143 ad
3584 5102 3812 5157 nonam,

2241 5177 2418 5247 magni
2464 5186 2638 5249 poeta:
2680 5175 2925 5242 Cosmm;
2961 5177 3057 5231 sed
3092 5178 3261 5234 multo
3288 5189 3415 5236 ante
3439 5177 3729 5250 (Marcum)
3753 5194 3815 5236 ut

2242 5284 2308 5325 ex
2332 5282 2436 5323 non
2476 5269 2677 5338 scripta
2720 5268 3014 5324 traditione
3043 5267 3329 5337 discimus,
3349 5269 3811 5342 mulierquaadam

2241 5359 2458 5421 nobilis.
2492 5368 2639 5416 casta
2669 5369 2724 5415 et
2746 5362 2918 5430 virgo,
2949 5361 3035 5416 cui
3057 5376 3252 5419 nomen
3277 5361 3505 5429 Cassia),
3540 5364 3809 5434 ejusmodi

2242 5451 2621 5508 modulationis
2657 5451 2827 5519 prima
2868 5451 2968 5507 fuit
3016 5459 3229 5518 auctor,
3258 5461 3602 5509 etcanonem
3630 5455 3805 5525 ipsum

2243 5543 2487 5601 absolvit.
2526 5542 2627 5611 Qui
2656 5558 2787 5600 vero
2816 5558 2939 5600 eam
2984 5544 3259 5601 subsecuti
3314 5554 3464 5609 sunt,
3500 5544 3671 5602 melos
3714 5547 3811 5600 ad-

2240 5638 2449 5704 mirati,
2476 5636 2753 5708 indlgnum
2784 5636 3150 5693 nihilominus
3181 5636 3492 5707 judicantes
3523 5637 3807 5694 muliebri-

2242 5727 2344 5783 bus
2404 5728 2743 5783 sermonibus
2813 5728 3000 5784 herois
3061 5727 3205 5783 illius
3254 5729 3465 5784 Cosme
3527 5729 3810 5785 cautiones

2246 5817 2608 5888 conjungere,
2658 5817 2823 5874 Melos
2880 5820 3155 5874 tradentes
3213 5817 3393 5874 Marco
3423 5856 3441 5884 ,
3480 5828 3536 5875 et
3599 5820 3721 5873 bini
3742 5834 3811 5873 os
