4046 6450
791 381 883 435 AD
920 378 1369 437 ACOLUTHIAM
1410 379 1656 436 OFFlCll
1695 380 1930 439 GlUECl
1976 381 2436 438 DlSSER'l'ATlO
2467 381 2935 438 ONOMASTICA.

3296 400 3530 445 cccxxnt

261 499 672 568 consignanles,
714 498 1081 569 trupariorum
1138 499 1593 571 compositionem
1628 498 1702 552 illi
1737 497 1835 553 soli
1868 507 1911 561 Α
1944 500 2137 561 velim;
2198 497 2454 553 nimirum
2516 498 2660 566 quod
2705 510 2986 555 auctorum
3042 504 3260 557 nomina
3315 508 3526 578 singula

258 594 673 649 commiserunt.
736 610 754 644 ι
812 590 959 649 ldem
1020 594 1089 649 de
1128 591 1347 659 Marco,
1382 592 1594 647 Cosme:
1650 607 1837 661 poema

258 689 567 759 supplente,
600 685 738 754 apud
773 686 1021 741 eumdem
1054 685 1311 741 Allatium
1344 684 1476 738 dicit
1506 683 1841 751 Nicephorus

258 779 549 841 Callistus,
582 776 807 840 addens,
833 775 979 843 quod
1005 774 1093 831 ille
1126 776 1179 831 id
1206 774 1389 843 operis
1427 772 1747 842 susceperit,
1773 790 1840 829 ex

264 870 659 939 sapientissimi
720 870 1065 937 imperatoris
1124 867 1325 923 Leonis
1366 866 1645 921 mandato.
1675 864 1838 934 Atqui

265 963 377 1016 Leo
418 961 673 1032 Sapiens,
701 960 817 1015 sive
849 958 1232 1029 Philosophus,
1260 958 1549 1029 imperavit
1582 958 1635 1012 in
1666 958 1840 1013 conli-

263 1054 374 1107 niis
429 1052 555 1108 noni
611 1067 675 1107 ac
724 1050 923 1106 decimi
961 1048 1437 1108 saeculi:Cosmas
1477 1057 1657 1104 autem
1715 1064 1837 1104 cum

258 1143 471 1202 Joanne
498 1145 835 1201 Damasceno
883 1144 1064 1199 ﬂoruit
1096 1143 1297 1199 saeculo
1339 1152 1534 1198 octavo
1561 1141 1787 1197 dimidio
1822 1162 1835 1197 :

261 1238 408 1292 unde
432 1236 805 1305 consequitur,
836 1245 896 1289 ut
930 1231 1137 1297 Cassia,
1164 1231 1308 1288 inter
1342 1232 1595 1287 Cosmam
1621 1241 1675 1285 et
1700 1230 1841 1284 Mar-

256 1340 387 1381 cum
426 1327 625 1390 media,
658 1339 764 1378 non
797 1323 1028 1392 amplius
1061 1336 1172 1378 uno
1196 1324 1396 1380 sarculo
1425 1320 1665 1376 Marcum
1700 1335 1839 1389 prm-

258 1422 525 1485 cesserit;
575 1420 712 1473 citra
757 1419 1184 1473 controversiain
1214 1414 1517 1474 orthodoxa
1548 1458 1564 1483 ,
1602 1426 1656 1471 et
1717 1430 1842 1470 san-

260 1517 435 1567 rtiore
466 1512 661 1581 Spiritu
704 1509 880 1564 amata
911 1552 926 1576 ,
968 1527 1133 1582 quam
1175 1511 1265 1564 illa
1296 1508 1572 1578 quondam
1598 1508 1843 1563 celeber-

262 1609 398 1659 rima
426 1605 647 1676 Sappho
676 1645 691 1670 ,
728 1615 786 1660 υι
822 1604 1032 1662 Graecia
1061 1601 1373 1659 Christiana
1397 1601 1580 1673 gentili
1612 1599 1839 1655 Graecia!

300 1715 329 1749 e
360 1700 411 1751 in
450 1699 552 1753 hoc
579 1700 799 1768 quidem
825 1699 1075 1759 cederet;
1129 1693 1287 1764 digna
1322 1693 1409 1747 illa
1445 1690 1715 1763 profecto,
1770 1691 1840 1746 de

269 1806 365 1858 qua
420 1791 569 1861 plura
625 1792 889 1845 sciantur.
944 1784 1228 1840 Seirentur
1278 1795 1458 1841 autem
1516 1782 1668 1853 plura
1725 1786 1837 1839 for-

1944 592 2173 664 singulis
2206 591 2511 647 caminibus
2535 591 2741 663 praeligi
2775 593 2972 660 solent,
3007 598 3223 651 tametsi
3258 598 3529 658 interdum

1947 692 2260 752 taceantur,
2290 686 2622 755 quandoque
2653 684 2820 740 etiam
2857 687 3203 742 acroatiehidi
3240 689 3440 747 innecti
3462 697 3528 748 ad

1945 775 2127 831 finem.
2169 776 2345 848 Atque
2370 775 2485 831 haec
2513 775 2580 830 de
2618 776 2999 833 communibus
3048 780 3351 835 canonihns
3383 785 3527 838 dicta

1943 878 2127 924 sunto.

2011 980 2038 1054 ς
2066 979 2154 1037 ιν.
2184 980 2262 1037 De
2286 983 2482 1057 Magno
2512 999 2714 1067 canone
2732 1026 2758 1067 ,ν
2786 983 3081 1067 άυαριορὶἰε
3105 1025 3120 1050 ,
3160 986 3453 1050 theotociis.

2385 1055 2682 1119 eatabasia,
2711 1066 2759 1109 et
2792 1055 3079 1126 apolytico.

2010 1144 2097 1201 29.
2130 1143 2187 1199 In
2217 1143 2412 1199 triodio
2445 1153 2623 1201 exstat
2657 1144 2795 1199 allus
2818 1162 3033 1217 quoque
3057 1161 3256 1210 canon,
3282 1148 3370 1216 qui
3413 1165 3527 1203 ina-

1941 1252 2077 1307 gnus
2097 1235 2423 1308 appellatur,
2462 1246 2573 1290 tuin
2602 1237 3004 1307 quia-abundat
3055 1242 3345 1312 exquisitis
3396 1258 3521 1313 gra-

1942 1328 2290 1397 vissitnisque
2322 1326 2646 1392 sententiis;
2679 1337 2792 1382 tum
2821 1329 2970 1399 quia,
2995 1346 3116 1387 cum
3150 1333 3519 1388 caetericano-

1945 1432 2041 1472 nes
2095 1420 2338 1488 triginta,
2397 1430 2493 1473 aut
2548 1418 2707 1489 paulo
2750 1421 2985 1489 amplius
3012 1460 3030 1486 ,
3070 1424 3306 1494 troparia
3342 1426 3523 1480 conti-

1944 1521 2134 1575 neant,
2176 1512 2276 1565 iste
2299 1513 2365 1567 ad
2396 1514 2625 1568 ducenta
2644 1523 2699 1571 et
2721 1514 3117 1586 quinquaginta
3150 1517 3493 1586 progreditur

1944 1600 2096 1667 Quod
2120 1602 2457 1671 signiﬁcatur
2498 1602 2646 1656 hisce
2673 1604 2878 1660 Triodii
2915 1604 3093 1661 verbis
3127 1622 3143 1660 :
3180 1594 3417 1675 Λέείετσι
3459 1608 3517 1659 δὲ

1946 1694 2119 1764 μέγας
2159 1691 2360 1757 κανὼν,
2397 1692 2527 1757 ἴσως
2558 1693 2625 1748 ἄν
2655 1710 2741 1757 τις
2783 1696 2947 1760 εἴποι,
2972 1699 3068 1752 καὶ
3091 1698 3214 1753 κατ’
3242 1697 3413 1765 αὑτάς
3438 1701 3526 1752 ὲν-

1942 1786 2089 1848 νοίας
2117 1788 2210 1838 καὶ
2252 1786 2321 1840 τὰ
2348 1786 2781 1858 ἐνθυμήματα...
2827 1789 2921 1841 καὶ
2941 1789 3045 1852 ὅτι,
3068 1790 3177 1843 τῶν
3194 1791 3397 1846 λοιπῶν
3430 1810 3527 1847 κα-

261 1860 446 1949 lassis,
492 1885 535 1938 si
594 1881 930 1935 inveniretur
979 1878 1291 1947 prtelaudati
1330 1876 1511 1930 Allatii
1573 1886 1830 1933 tractatus

1944 1880 2134 1939 νόνων.
2162 1878 2268 1931 ἀνά
2294 1880 2591 1951 τριάκοντα
2635 1880 2731 1935 καὶ
2768 1880 2966 1953 μικρόν
3001 1899 3057 1935 τι
3088 1882 3225 1955 πρὸς
3251 1886 3527 1958 τρο-πόρια

257 1977 338 2032 De
380 1975 607 2030 melodis
661 1973 999 2034 Graecorum,
1032 1985 1169 2042 opus
1195 1970 1484 2041 allegatum
1516 1970 1585 2025 ab
1612 1982 1837 2026 auctore

258 2082 383 2138 pag.
425 2067 495 2122 82
518 2067 696 2121 citata:
732 2064 1144 2122 Dissertationis
1173 2103 1191 2130 ,
1226 2063 1317 2119 ubi
1369 2063 1504 2118 satis
1550 2062 1713 2118 habet
1742 2079 1835 2120 eo-

256 2160 507 2217 rumdem
560 2160 778 2215 nomina
829 2161 961 2216 dare
1026 2174 1199 2229 usque
1248 2158 1315 2214 ad
1380 2158 1720 2229 septuaginta
1782 2169 1837 2215 et

256 2270 425 2309 unum
454 2294 471 2322 ,
498 2268 671 2325 eaque
701 2270 807 2309 tton
852 2252 1056 2319 omnia,
1090 2250 1269 2322 qualia
1329 2252 1435 2307 huc
1467 2254 1836 2307 transcribere

258 2361 369 2401 non
398 2347 687 2416 gravabor.

329 2436 420 2491 27.
454 2454 472 2487 ι
509 2435 643 2491 Sunt
670 2448 871 2499 autem,
896 2434 1179 2489 Anatolius
1202 2473 1218 2499 ,
1245 2432 1495 2489 Andreas
1522 2433 1831 2501 Cretensis,

257 2530 510 2586 Andreas
558 2528 827 2601 Pyrrhus,
854 2528 1142 2583 Anthimus
1172 2568 1188 2593 ,
1218 2527 1569 2591 Athanasius,
1599 2526 1835 2585 Basilius

262 2622 583 2686 monachus,
601 2620 831 2677 Basilius
852 2619 1157 2693 Pegoriota,
1182 2619 1357 2691 Byzas
1373 2620 1489 2676 sive
1514 2619 1832 2693 Byzantius,

254 2711 450 2767 Cassia
515 2714 630 2768 sive
682 2714 939 2769 Cassiana
991 2714 1105 2769 sive
1159 2713 1329 2768 lcasia
1360 2756 1375 2780 ,
1406 2712 1835 2784 Christophorus

261 2813 693 2874 protoasecreta,
753 2802 1005 2858 Clemens
1030 2841 1047 2867 ,
1088 2802 1479 2857 Constantinus
1523 2804 1835 2875 Porphyro-

254 2906 510 2967 genneta,
535 2896 783 2961 Cosmas,
808 2893 1114 2967 Cyprianus
1160 2894 1484 2959 monachus,
1518 2894 1711 2957 David,
1736 2896 1837 2951 Deo

259 2989 512 3055 metrius,
541 2986 847 3041 Dorotheus
884 2986 1207 3050 monachus,
1258 2985 1576 3040 Emmanuel
1627 2984 1836 3041 Pulmo-

254 3078 480 3139 laerita.
516 3078 829 3135 Emmanuel
859 3077 1033 3145 Phile,
1067 3078 1317 3148 Ephrem,
1348 3076 1672 3149 Euthymius
1717 3091 1833 3131 mo-

252 3171 488 3235 nachus,
514 3170 755 3234 Gabriel,
782 3169 1048 3242 Georgius
1074 3168 1528 3235 Nicomediensis,
1560 3168 1825 3241 Georgius

1945 1971 2197 2041 ἑχόντων,
2244 1961 2401 2034 οὗτος
2446 1969 2526 2034 είς
2556 1968 2805 2025 διακόσια
2847 1974 2945 2027 καὶ
2980 1974 3318 2045 πεντήκοντα
3345 1976 3526 2045 πρόειο

1948 2075 2051 2112 σιν.
2091 2060 2196 2114 Sed
2254 2058 2441 2129 quidni
2490 2058 2608 2132 ejus
2662 2060 2889 2115 canonis
2942 2073 3219 2119 auctorem
3264 2074 3321 2119 et
3366 2080 3527 2135 argu-

1947 2162 2184 2204 tnettttttn
2219 2166 2284 2205 ex
2319 2153 2509 2206 eodem
2560 2152 2654 2207 illo
2700 2150 2924 2209 Triodio
2977 2153 3243 2207 declarcm
3271 2156 3293 2206 ’ί
3325 2155 3525 2209 Τοῦτον

1942 2240 2052 2294 τῶν
2074 2240 2242 2305 ὅντως
2279 2244 2516 2296 κανόνων
2570 2245 2825 2314 μέγιστον
2874 2246 3131 2300 ἁπάντων
3158 2246 3393 2318 ὰρίστως
3433 2249 3529 2300 καὶ

1943 2334 2276 2405 τεχνηέντως
2328 2335 2631 2407 ἡρμόσατο,
2677 2339 2770 2391 καὶ
2808 2338 3148 2410 συνέγραψεν
3187 2342 3215 2394 ό
3251 2342 3309 2394 ἐν
3352 2340 3528 2410 ἀγῖοις

1944 2425 2134 2499 Πατὴρ
2169 2427 2327 2499 ἡμῶν
2364 2426 2641 2499 Ἀνδρέας,
2674 2429 2704 2481 ό
2754 2430 3182 2501 ἀρχιεπῖσκοπος
3217 2434 3463 2505 Κρήτης,
3499 2433 3530 2485 ὁ

1944 2519 2038 2572 καὶ
2073 2519 2510 2592 Ἱεροσολυμίτης
2531 2518 2951 2592 ὀνομαζόμενος,
2989 2521 3047 2586 ὃς
3072 2522 3297 2595 ὥρμητο
3325 2524 3422 2593 μὲν
3463 2524 3530 2577 ἐκ

1944 2611 2357 2683 Δαμασκοῦ.....
2382 2614 2571 2667 Πᾶσαν
2594 2612 2705 2685 γὰρ
2732 2613 2979 2679 Παλαιὰ
3006 2616 3101 2669 καὶ⁸
3118 2616 3266 2680 Νέας
3284 2617 3530 2689 ἱστορίαν

1942 2704 2219 2777 Διαθήκης
2240 2705 2651 2775 ἐρανισάμενος,
2687 2708 2782 2762 καὶ
2808 2707 3089 2779 ἀθροίσας,
3127 2709 3189 2763 τὸ
3230 2708 3403 2782 παρὸν
3430 2710 3526 2781 ἡρι

1946 2796 2150 2869 μόσατο
2205 2797 2389 2869 μέλος,
2436 2798 2545 2853 ἀπὸ
2593 2793 2766 2871 Ἀδὰμ
2814 2799 3013 2873 δηλαδὴ
3050 2802 3212 2873 μέχρι
3232 2805 3328 2856 καὶ
3357 2802 3526 2874 αὐτῆς

1942 2889 2178 2962 Χριστοῦ
2207 2889 2548 2963 ἀναλήψεως.
2584 2890 2679 2945 καὶ
2712 2888 2806 2944 τοῦ
2842 2890 2952 2944 τῶν
2995 2892 3311 2946 ἀποστόλων
3353 2894 3525 2965 κηρύ-

1941 2997 2168 3050 γματος.
2206 2981 2582 3053 Προτρέπεται
2618 2980 2750 3050 γοῦν
2777 2981 2868 3037 διὰ
2898 2982 3090 3037 τούτου
3120 2985 3300 3039 πᾶσαν
3326 2983 3528 3057 ψυχὴν,

1942 3070 2042 3124 ὅσα
2086 3071 2183 3141 μὲν
2217 3072 2395 3139 ἀγαθά
2433 3074 2530 3144 τῆς
2579 3074 2819 3146 ἱστορίας
2866 3074 3063 3147 ζηλοῦν
3100 3078 3196 3131 καὶ
3241 3076 3525 3148 μιμεῖσθαι

1942 3162 2079 3233 πρὸς
2104 3162 2354 3234 δύναμιν
2404 3164 2504 3217 ὅσα
2534 3164 2593 3218 δὲ
2631 3166 2740 3219 τῶν
2772 3166 2991 3235 φαύλων
3040 3168 3398 3237 ἀποφεύγειν,
3433 3172 3522 3223 καὶ

258 3218 487 3235 -ν---μ--ι
521 3218 755 3234 ν---ηη
788 3218 1047 3242 τωο-η-
1074 3218 1528 3235 -ηνν---ν---η---ι
1566 3218 1823 3241 "nam-

252 3260 492 3324 Siculus,
508 3261 810 3316 Germanus
833 3263 1144 3330 patriarcha
1167 3262 1821 3333 Constantinopolitanns,

1944 3218 2033 3311 ἀέι
2219 3218 2351 3310 ὀεὺν
2366 3257 2683 3329 ἀνατρέχειν
2809 3218 3117 3329 μετάνοίᾶέζ

253 3352 583 3408 Hierotheus
645 3354 969 3419 monachus,
1006 3350 1523 3423 lgnatius,Joannes
1557 3359 1832 3427 ξυναιτίορίς

255 3459 457 3514 scopus
479 3484 494 3507 ,
530 3442 767 3499 Joannes
820 3445 1187 3500 Damascenus
1212 3486 1227 3511 ,
1265 3444 1504 3503 Joannes
1561 3435 1830 3505 Euchaita

255 3547 620 3609 cognomento
657 3536 966 3609 Maiis-opus,
1003 3534 1245 3593 Joannes
1281 3538 1625 3608 Stauracius,
1653 3540 1825 3597 Joan-

255 3648 352 3686 nes
406 3628 673 3691 Zonaras.
714 3628 981 3699 Josephns
1024 3629 1257 3698 Studita,
1294 3631 1539 3691 Justinus
1575 3634 1829 3701 Decadio,

248 3724 364 3780 Leo
393 3726 715 3793 imperator,
746 3722 854 3776 Leo
890 3722 1165 3791 magister,
1194 3721 1307 3779 Leo
1359 3724 1646 3796 Peganius,
1686 3726 1830 3781 Maro

249 3831 348 3871 cus
404 3814 747 3877 monachus,
784 3812 1093 3879 Mauroleo,
1152 3810 1460 3870 Methodius
1509 3826 1657 3885 patr.
1722 3818 1827 3874 (ΣΡ.

252 3904 659 3975 Metrophanes,
686 3899 915 3955 Michael
936 3900 1163 3967 Psellus,
1194 3900 1526 3973 Nieepborus
1552 3904 1828 3972 Callistus,

250 3999 468 4053 Hicetas
519 3995 862 4060 lleracleota,
895 3994 1109 4050 Nicetas
1136 3995 1452 4053 Stechatius
1480 4037 1496 4063 ,
1537 3998 1827 4066 Nicotaus,

250 4090 407 4145 Nilus
453 4089 793 4160 Xantopolus
818 4130 831 4153 ,
865 4088 1066 4145 Paulus
1100 4090 1417 4145 Ammonius
1442 4130 1459 4157 ,
1513 4090 1827 4164 Philippus.

1938 3351 2031 3406 καὶ
2053 3350 2514 3421 ὲξομολογήσεως,
2532 3350 2627 3404 καὶ
2658 3351 2762 3422 τῆς
2788 3350 2952 3422 ἄλλης
2980 3351 3221 3423 δηλονότι
3238 3353 3513 3425 εὖαριστή-

1937 3460 2095 3506 σεως.
2128 3443 2273 3514 Πλὴν
2305 3445 2385 3506 εἰς
2418 3442 2671 3496 τοσοῦτόν
2713 3444 2863 3497 ἐστιν
2890 3442 3086 3515 εῦροος
3128 3446 3222 3498 καὶ
3255 3445 3521 3517 ἐμμελὴς.

1933 3533 2009 3597 ὡς
2039 3534 2132 3587 καὶ
2161 3532 2333 3604 αὐτὴν
2360 3534 2459 3605 τὴν
2505 3533 2877 3605 σκληροτέραν
2902 3533 3079 3606 ψυχὴν
3112 3535 3313 3600 ἱκανῶς
3345 3535 3525 3607 μαλά-

1937 3626 2045 3692 ξαι,
2076 3628 2172 3679 καὶ
2226 3628 2361 3698 πρὸς
2387 3625 2657 3699 ἀνάληψιν
2702 3627 2910 3696 ἀγαθοῦ
2952 3628 3238 3699 διεγεῖραι,
3265 3629 3314 3680 εί
3365 3628 3524 3698 μόνον

1938 3718 2077 3791 μετά
2103 3717 2573 3789 συντετριμμένης
2602 3718 2830 3789 καρδίας
2849 3719 2949 3772 καὶ
2978 3716 3254 3789 προσοχῆς
3289 3716 3522 3789 ἀνηκού-

1935 3830 2035 3885 σης
2055 3812 2331 3883 emam.
2368 3809 2520 3878 Quod
2550 3811 2630 3866 sic
2662 3808 2857 3865 Latine
2890 3811 3052 3865 reddo
3073 3826 3093 3865 :

2010 3920 2030 3953 ι
2072 3902 2225 3956 Hunc
2258 3914 2387 3955 vere
2438 3914 2503 3955 ex
2547 3900 2801 3957 omnibus
2848 3901 3150 3958 canonibus
3197 3906 3515 3971 maximum.

1932 3995 2140 4063 optime
2178 3992 2582 4062 artificioseque
2618 3994 2793 4047 texuit
2824 4003 2989 4062 atque
3029 3997 3359 4066 conscripsit
3386 3996 3516 4053 ss..-

1932 4100 2055 4143 ctus
2094 4087 2257 4143 Pater
2308 4093 2497 4140 noster
2536 4084 2806 4150 Andreas,
2840 4084 3111 4141 Cretensis
3150 4088 3517 4157 archiepisco-

248 4182 568 4239 Philotbeus
622 4192 765 4254 patr.
821 4181 928 4238 CP.
961 4181 1187 4239 Photius
1236 4186 1567 4252 monachus,
1601 4184 1829 4243 Photius
1932 4196 2052 4251 putt.
2104 4190 2464 4252 cognomento
2513 4178 3060 4252 Hierosolymitauus,
3124 4194 3190 4234 ea
3250 4180 3515 4240 Damasco

247 4284 394 4344 patr.
436 4271 570 4337 CP.,
599 4271 899 4343 Procopius
922 4272 1338 4346 cbartophylax,
1373 4274 1678 4341 Romanus,
1703 4276 1825 4333 Ste-
1929 4274 2288 4329 oriundus....
2324 4273 2593 4330 Universa
2622 4274 2769 4329 enim
2799 4272 3007 4344 antiqui
3049 4281 3103 4329 et
3134 4274 3257 4329 novi
3292 4275 3513 4333 foederis

248 4370 465 4437 phanus
511 4362 851 4437 Hagiopolita
876 4404 893 4429 ,
928 4362 1243 4434 Stephanus
1290 4366 1511 4421 Sabaita
1539 4408 1554 4433 ,
1594 4368 1823 4437 Sergius
1930 4367 2185 4430 histOria,
2209 4376 2395 4423 coacta
2416 4368 2469 4423 in
2506 4382 2698 4429 unum.
2724 4366 2793 4421 ab
2811 4366 3023 4421 Adamo
3052 4381 3222 4437 usque
3260 4367 3327 4421 atl
3351 4365 3513 4423 Chri-

248 4457 612 4529 llagiopolita,
646 4455 988 4526 Sophronius
1009 4468 1148 4527 patr.
1190 4455 1476 4524 Hierosol.,
1502 4458 1821 4517 Theodorus
1930 4461 1997 4515 sti
2045 4476 2339 4516 ascensum
2380 4459 2858 4531 apostolorumque
2895 4458 3362 4529 praedicationem,
3404 4459 3510 4516 hoe

245 4552 543 4618 Cmtouita,
566 4549 889 4605 Theodorus
912 4548 1526 4615 StuditaJTlteodosius
1542 4549 1820 4619 Lascaris,
1857 4560 1901 4617 ι)
1931 4562 2251 4623 perpetuum
2288 4553 2565 4609 canticum
2611 4550 2859 4608 deduxit.
2891 4550 3230 4606 Adhortatur
3256 4565 3387 4625 ergo
3414 4569 3511 4621 per

246 4642 590 4699 Theodosius
633 4638 891 4711 Syceota,
920 4638 1307 4711 Theophanes.
1340 4640 1681 4713 TbeOpbilus
1719 4645 1825 4700 im-

243 4746 490 4807 pet-ator,
517 4734 813 4792 Timocles.
846 4754 865 4787 ι

314 4827 405 4881 38.
463 4826 733 4884 Hactenus
763 4828 1026 4896 Allatius,
1056 4831 1150 4887 sed
1185 4831 1377 4889 ordine
1425 4833 1571 4889 nullo
1606 4852 1619 4888 :
1658 4850 1820 4906 quem

240 4935 369 4991 ego,
420 4931 473 4974 ut
530 4923 867 4977 commodior
897 4932 1067 4987 esset,
1115 4924 1514 4995 alphabeticum
1554 4927 1706 4992 feci;
1754 4928 1824 4983 li-

243 5011 465 5067 bentius
513 5013 803 5085 ntiliusque
846 5014 1288 5087 chronologictun
1352 5017 1599 5084 daturus,
1653 5022 1697 5077 si
1757 5022 1823 5077 de

240 5104 477 5175 singulis
504 5105 839 5161 haberentur
886 5107 1208 5163 documenta
1240 5108 1451 5164 idonea.
1479 5111 1546 5166 Et
1572 5111 1686 5169 haec
1715 5113 1821 5168 alia

242 5196 419 5265 possit
452 5209 571 5250 esse
630 5210 796 5252 causa
857 5198 1119 5269 optandi,
1164 5210 1221 5255 ut
1272 5199 1523 5255 alicunde
1592 5205 1821 5268 prodeat

242 5287 618 5359 pralaudatus
646 5289 711 5343 de
730 5287 1040 5345 Graecorum
1072 5290 1298 5345 melodis
1350 5300 1639 5349 tractatus.
1669 5294 1817 5349 inte-

243 5380 347 5434 rim
400 5377 589 5435 iisdem
630 5381 825 5436 merito
877 5381 1315 5440 adnumerandus
1366 5388 1673 5459 suggeritur
1730 5402 1820 5442 no-

243 5472 483 5526 minatus
539 5487 705 5543 supra
768 5472 1083 5530 Theodorus
1134 5474 1468 5533 Prodromus
1523 5480 1615 5549 qui
1678 5479 1821 5549 ipsos

240 5576 487 5617 canones
544 5564 752 5632 primus
820 5568 1239 5624 commentando
1289 5571 1593 5640 exposuit:
1658 5570 1815 5626 Nice-

240 5655 416 5725 phoro
444 5652 774 5722 Blemtnidze,
811 5658 865 5711 in
904 5667 1045 5713 orat.
1090 5659 1115 5713 1
1153 5662 1217 5715 de
1257 5678 1501 5732 process.
1533 5663 1591 5718 S.
1643 5661 1821 5733 Spiri-

242 5756 348 5799 tus.
381 5746 499 5800 ideo
523 5746 699 5802 dictus
718 5750 747 5801 ὁ
774 5748 882 5802 τῶν
913 5751 1073 5823 ἱερῶν
1099 5752 1353 5807 Κανόνων
1375 5755 1592 5826 πρῶτος
1630 5771 1817 5825 σαφη-

238 5834 453 5899 νιστής.
496 5838 592 5893 Est
616 5850 665 5895 et
692 5842 861 5909 aliud,
916 5844 982 5900 de
1029 5859 1137 5914 quo
1197 5854 1250 5902 te
1282 5847 1566 5915 monitum,
1614 5846 1811 5915 lector,

1931 4642 2037 4698 hoc
2059 4657 2280 4699 omnem
2310 4644 2572 4708 animam,
2597 4651 2656 4697 ut
2697 4657 2819 4713 quae
2840 4642 2893 4699 in
2926 4642 3276 4699 historiarum
3311 4659 3508 4697 monu-

1932 4733 2136 4788 mentis
2184 4734 2360 4788 cernit
2389 4748 2509 4788 esse
2536 4734 2674 4787 bona
2724 4743 2779 4788 et
2811 4730 3123 4798 laudabilia,
3153 4746 3216 4787 ea
3249 4747 3347 4801 pro
3379 4732 3509 4786 riri-

1929 4823 2031 4880 bus
2091 4834 2363 4891 sectetur;
2390 4842 2509 4897 qua:
2543 4826 2707 4891 mala,
2743 4824 2914 4896 fugiat
2938 4833 2994 4880 et
3020 4835 3336 4892 aversetur;
3362 4841 3505 4881 seni-

1927 4932 2133 4988 perque
2178 4921 2246 4974 ad
2294 4918 2463 4973 Deum
2500 4926 2743 4974 recurrat
2776 4931 2873 4987 per
2906 4917 3354 4988 resipiscentiatn,
3410 4934 3507 4987 per

1928 5010 2226 5083 lacrymas,
2262 5027 2358 5081 per
2389 5012 2713 5068 delictorum
2746 5012 3162 5081 confessionem,
3191 5022 3246 5069 et
3272 5028 3373 5082 per
3399 5012 3506 5068 alia

1927 5101 2235 5169 huiusmodi
2272 5103 2517 5171 placandi
2550 5104 2714 5158 divini
2756 5104 2997 5160 numinis
3048 5104 3382 5175 adiumenta.
3410 5104 3506 5159 Et-

1924 5196 2069 5249 enim
2104 5195 2192 5249 hic
2217 5208 2391 5250 canon
2420 5204 2525 5249 tam
2552 5194 2746 5251 ﬂuidus
2776 5206 2862 5251 est
2902 5205 3120 5264 tamque
3155 5206 3378 5267 argutus
3398 5236 3415 5257 .
3446 5207 3504 5250 ut

1926 5297 2160 5341 utentem
2183 5285 2349 5341 etiam
2372 5286 2643 5342 duriorem
2668 5288 2801 5342 satis
2824 5286 3089 5353 emolliat,
3108 5296 3161 5343 et
3182 5289 3248 5342 ad
3269 5304 3500 5359 sequen-

1924 5382 2051 5434 dum
2102 5380 2391 5435 bonestuut
2442 5380 2809 5449 decorumque
2837 5381 3060 5445 excitet,
3116 5381 3278 5437 modo
3318 5380 3502 5434 auium

1924 5474 2159 5530 contrito
2192 5483 2248 5530 et
2285 5474 2462 5530 debita
2499 5490 2623 5532 cum
2652 5474 2957 5531 attentione
2982 5474 3268 5546 psallatur.
3307 5491 3326 5524 ι
3367 5474 3499 5541 Quae

1924 5564 2140 5636 quidem
2173 5567 2401 5623 attentio
2434 5584 2503 5623 ne
2544 5567 2717 5632 desit,
2761 5574 3016 5622 cantatur
3054 5564 3221 5629 lente.
3245 5579 3381 5621 sono
3412 5563 3496 5617 lu-

1924 5657 2120 5729 gubri,
2170 5669 2224 5713 et
2274 5661 2446 5713 ternis
2506 5662 2571 5713 ad
2618 5658 2854 5728 truparia
2914 5655 3125 5726 singula
3171 5655 3495 5725 prostratio-

1925 5750 2101 5804 nibus.

1995 5845 2083 5900 50.
2121 5842 2354 5917 Tempus
2377 5856 2702 5916 autem,qno
2747 5844 2972 5921 Magnus
3000 5842 3086 5900 ille
3117 5856 3289 5899 canon
3315 5842 3368 5897 itt
3397 5853 3495 5897 ec-
