4046 6456
1856 380 2388 439 ΡΒΟιιεῖΟΟΜΕΝᾹ.

525 502 694 557 clesia
740 500 1047 555 recitandus
1088 508 1174 554 est
1221 508 1365 554 totus
1393 500 1539 569 (nam
1570 514 1667 570 per
1693 510 1874 569 partes
1904 502 2096 556 recita-
2127 509 2171 562 Α
2201 502 2273 555 tio
2316 495 2507 567 major.
2555 495 2761 552 Prster
2789 492 3056 561 duplicem
3089 491 3248 547 i5tam
3280 489 3622 561 Δοξολογῑαν,
3653 506 3772 546 ma-

529 601 620 645 tur
652 592 823 659 prima
856 591 2015 663 Quadragesimaehcbdomada),assignatur
2040 591 2091 644 in
2193 592 2362 660 iorem
2386 597 2441 643 ct
2483 590 2771 651 minorem,
2821 596 2905 641 cst
2956 595 3012 641 et
3065 584 3242 646 tertia,
3290 585 3331 635 Τ
3339 586 3583 655 ρισάγιον
3627 584 3772 638 dicta

529 684 728 739 triodio
778 683 1005 751 aliisque
1060 683 1211 736 libris
1246 683 1629 739 ecclesiasticis
1677 684 1963 755 ήπὲμπτη
1995 683 2096 753 τῆς

2212 692 2336 734 ιιρι·
2377 682 2602 748 repetita
2645 696 2775 736 voce
2805 680 3019 747 Ἄγιος.
3068 690 3258 748 nempe
3304 676 3497 745 Ἄγιος
3526 680 3559 732 ό
3604 676 3773 743 Θεὸς,

529 775 785 844 πέμπτης
832 772 1121 844 ἑϐδομάδος
1172 774 1272 845 τῆς
1321 774 1795 845 Τεσσαρακοστῆς,
1848 778 1947 830 hoc
1990 782 2093 839 est,
2197 775 2363 843 ἅγιος
2415 773 2685 844 laxe-pce,
2730 774 2895 844 ἅγιος
2942 770 3262 837 ἀθάνατος,
3295 766 3558 835 ἐλέησον
3591 765 3774 840 ἡμᾶς,

538 885 555 915 ι
583 865 713 918 feria
740 866 927 934 quinta
963 866 1161 934 quintae
1196 866 2092 939 hebdomadacquadragesimalis,s
2200 864 2427 920 Sanctus
2458 865 2615 927 Deus,
2646 874 2862 919 sanctus
2882 860 3059 933 fortis,
3082 872 3297 917 sanctus
3316 861 3651 928 immortalis,
3676 861 3777 915 mi-

531 966 650 1020 quze
675 951 815 1005 hanc
835 952 904 1005 ob
930 968 1149 1005 causam
1167 968 1209 1027 Oa
1233 952 1437 1010 Graecis
1463 955 1721 1021 peculiari
1746 956 2099 1029 appellatione
2198 973 2369 1012 serere
2398 958 2588 1012 nostri.
2607 954 2832 1022 Quando
2847 965 3024 1011 autem
3042 963 3098 1008 et
3112 954 3381 1021 quomodo
3402 952 3474 1006 sit
3501 950 3591 1006 ille
3616 954 3776 1007 trisa-

524 397 749 439 «λείπειν

533 1042 729 1096 dicitur
765 1041 958 1096 festum
987 1043 1080 1097 τοῦ
1107 1044 1342 1113 μεγάλου
1361 1046 1607 1109 κανόνος,
1642 1046 1910 1101 interdum
1935 1046 2097 1099 etiam

534 1132 760 1205 πέμπτη
786 1132 880 1187 τοῦ
916 1135 1154 1197 κανόνος.
1191 1135 1343 1192 Unde
1374 1152 1476 1189 non
1508 1135 1781 1191 immerito
1818 1152 1847 1190 a
1884 1134 2099 1191 Gretse-

516 1243 597 1297 ἲτο
624 1238 808 1280 nostro
834 1227 1246 1295 reprehenditur
1274 1227 1465 1282 Junius
1483 1265 1499 1291 ,
1527 1226 1669 1297 quod
1701 1229 1868 1293 dicat,
1905 1229 2098 1283 festum

535 1316 713 1386 magni
749 1320 973 1372 canonis
1004 1334 1124 1373 esse
1173 1320 1508 1375 Doniinicam
1557 1321 1913 1375 orthodosize.
1943 1336 1963 1373 ι
2001 1320 2099 1372 lir-

534 1418 643 1474 rat,
671 1410 845 1478 inquit
871 1409 1185 1474 Gretserus,
1214 1425 1363 1464 more
1396 1426 1496 1465 suo
1535 1410 1793 1475 solemni;
1845 1425 1968 1464 nam
2000 1410 2103 1463 Do-

533 1501 730 1558 minica
760 1504 1097 1557 orthodosize
1118 1511 1237 1557 erat
1277 1504 1452 1571 prima
1487 1503 1767 1558 Dominica
1786 1482 2103 1572 Quadrage-

534 1596 687 1650 simae
714 1610 729 1648 :
756 1615 775 1649 ι
796 1612 915 1664 qua:
942 1597 1079 1649 ratio
1109 1595 1265 1665 plana
1296 1597 1355 1648 lit
1387 1612 1511 1651 cum
1538 1612 1604 1653 es
1636 1598 1778 1661 aliis,
1800 1606 1912 1651 tum
1935 1596 2107 1651 maxi-

535 1701 622 1739 me
647 1701 712 1740 ex
743 1686 923 1757 typico
941 1684 999 1739 S.
1020 1686 1177 1741 Saba:
1204 1702 1325 1755 cap.
1358 1687 1450 1754 42,
1472 1689 1625 1758 cujus
1660 1690 1850 1743 titulus
1865 1699 1969 1748 est,
1988 1688 2107 1742 Διά-

532 1774 684 1840 ταξις
707 1776 805 1847 τῆς
823 1775 1044 1849 πρώτης
1065 1778 1335 1850 κυριακῆς
1362 1780 1471 1831 τῶν
1488 1780 1658 1848 ἁγίων
1676 1781 1958 1852 νηστειῶν,
1988 1782 2108 1852 ἦτοι

532 1868 632 1937 τῆς
661 1868 990 1941 ὀρθοδοξίςις.
1027 1890 1045 1921 ‹
1084 1872 1228 1924 Ordo
1254 1875 1441 1939 primae
1479 1872 1770 1929 Dominiea:
1792 1884 2104 1929 sanctorum
2140 1860 2181 1914 Β

529 1961 859 2030 jejuniorum
916 1962 994 2016 vel
1042 1963 1398 2019 orthodoxim.
1433 1982 1453 2017 ι
1514 1964 1693 2021 Prima
1738 1981 1952 2037 quoque
1984 1983 2107 2024 ver-

537 2055 602 2105 ha
629 2054 773 2107 illius
804 2055 997 2120 capitis
1035 2054 1149 2111 hrec
1180 2066 1345 2112 sunt:
1376 2060 1444 2129 τῇ
1490 2060 1725 2129 κυριακῇ
1756 2060 1853 2130 τῆς
1885 2058 2105 2131 ὀρθοδοο

536 2140 674 2209 ξιας.
716 2148 856 2213 Quid
908 2162 1035 2202 vero
1069 2146 1284 2202 Juninm
1318 2150 1368 2200 in
1404 2149 1545 2203 hunc
1572 2165 1818 2207 errorem
1842 2155 2105 2223 rapuerit,

539 2238 673 2291 tnihl
705 2238 920 2306 quidem
958 2254 1062 2291 non
1088 2250 1171 2292 est
1203 2240 1449 2294 divinatu
1478 2240 1715 2296 dlﬂlcile.
1744 2245 2006 2314 Agedum,
2028 2244 2105 2297 l'a-

536 2328 747 2381 ciamus
774 2328 1092 2397 periculum.
1119 2330 1297 2383 Prima
1330 2330 1419 2384 illa
1461 2331 1896 2406 Quadragesitnm
1919 2333 2104 2387 Domi-

538 2422 659 2474 nica
687 2417 870 2491 (quam
905 2434 971 2473 ex
1001 2420 1253 2477 restituto
1288 2423 1582 2495 imaginum
1628 2438 1904 2478 sacrarum
1934 2423 2104 2488 cultu,

534 2522 591 2565 et
622 2513 889 2568 haereticis
916 2512 1215 2584 proﬂigatis
1233 2515 1566 2587 ὁρουὸοξὶας,
1597 2516 1747 2586 quasi
1781 2525 1943 2569 recta!
1983 2516 2103 2570 lidei

537 2605 842 2675 nominant)
875 2622 1014 2661 veru:
1042 2619 1311 2677 rectaeque
1344 2608 1465 2663 lidei
1507 2608 1898 2678 professionem
1944 2609 2106 2661 emit-

540 2708 657 2752 tunt
682 2697 881 2762 (Irasci,
910 2709 961 2752 et
990 2699 1202 2770 singula
1234 2698 1511 2767 religionis
1536 2704 1732 2771 capita,
1765 2702 1937 2769 palam
1968 2714 2023 2757 et
2051 2702 2104 2755 in

537 2800 753 2861 aperto,
777 2805 911 2846 voce
934 2789 1043 2846 alta
1066 2791 1415 2859 conﬁtentur,
1439 2797 1808 2864 sectariosque
1835 2804 1889 2847 et
1916 2808 2104 2849 eorum

538 2886 775 2939 luereses
821 2884 979 2955 longo
1028 2885 1221 2939 ordine
1272 2884 1484 2942 iteratis
1541 2887 1906 2944 anathematis
1955 2889 2108 2943 dam-

538 2983 688 3027 nant.

607 3062 695 3118 51.
722 3061 847 3119 llaec
872 3066 1012 3134 apud
1030 3065 1368 3122 Philothcum
1401 3070 1764 3137 patriarcham
1791 3072 2108 3126 Constanti-

539 3154 907 3223 uopolitanum
940 3155 1173 3213 aliumve
1209 3156 1416 3226 legerat
1450 3158 1682 3214 fortasse
1703 3158 1929 3224 Junius;
1961 3175 2108 3215 cum-

2202 1046 2275 1118 gii
2305 1048 2537 1119 hymnus
2570 1044 2929 1109 introductus,
2966 1042 3178 1100 erudite
3212 1043 3457 1113 disputat
3493 1038 3776 1099 Habertus

2203 1139 2255 1194 in
2287 1139 2447 1193 Libro
2482 1135 2780 1206 Pontiﬁcali
2810 1146 2937 1191 ante
2962 1137 3151 1199 citato,
3172 1148 3294 1205 pag.
3329 1134 3419 1189 64.

2271 1232 2361 1287 32.
2394 1231 2500 1284 Sed
2529 1247 2614 1285 me
2647 1240 2905 1284 revocant
2942 1228 3228 1292 Θεοτόκια,
3262 1241 3380 1295 qua
3406 1226 3546 1283 unde
3576 1218 3775 1279 nomen

2206 1318 2531 1381 invenerint,
2551 1318 2784 1388 ignorari
2814 1333 2919 1371 non
2941 1328 3137 1387 potest,
3166 1315 3270 1370 nisi
3294 1316 3364 1369 ab
3382 1331 3448 1370 eo
3468 1314 3555 1370 cui
3588 1314 3775 1384 ign0ta

2207 1422 2291 1468 est
2326 1410 2643 1465 Nestoriana
2698 1409 2921 1480 perﬁdia
2958 1426 2973 1461 :
3018 1410 3204 1477 paucis
3224 1421 3353 1474 ergo
3394 1409 3444 1462 id
3468 1408 3775 1480 expediam.

2208 1506 2503 1560 Tortuosns
2542 1502 2635 1559 ille
2682 1503 2902 1559 coluber
2932 1500 3033 1569 (sic
3067 1501 3136 1555 ab
3158 1499 3523 1556 Alexandrino
3571 1500 3778 1573 Cyrillo

2211 1599 2519 1653 nominatur
2540 1595 2840 1666 Nestorius)
2860 1591 3226 1650 beatissimam
3254 1590 3524 1663 Virginem
3543 1592 3777 1648 Mariam

2210 1690 2541 1763 pernegabat
2567 1704 2686 1747 esse
2712 1688 2973 1744 Θεοτὸκον
2985 1688 3097 1742 sive
3121 1685 3433 1755 Deiparam;
3467 1689 3778 1740 asserebat-

2210 1797 2314 1852 que
2332 1781 2509 1850 potius
2528 1782 2891 1857 Χριστοτόκος
2922 1794 2975 1835 et
2996 1781 3431 1855 ἀνθρωποτόκον,
3458 1796 3553 1837 seu
3584 1799 3605 1832 ο
3627 1780 3778 1835 Chri-

2209 1876 2462 1944 stiparam
2517 1886 2573 1931 et
2629 1874 2863 1931 hominis
2915 1876 3276 1945 genitricem»
3309 1887 3430 1930 esse
3469 1872 3777 1928 dicendam.

2211 1967 2357 2022 Hauc
2381 1966 2711 2037 impietatem
2739 1980 2844 2019 non
2870 1966 3111 2021 tulerunt
3132 1966 3420 2024 Catholici.
3444 1964 3587 2038 Ergo
3610 1964 3780 2021 varia:

2209 2068 2395 2116 contra
2424 2059 2725 2116 Nestorium
2746 2066 3012 2128 coguntur
3041 2061 3254 2126 synodi,
3276 2058 3499 2130 ejusque
3525 2059 3780 2115 ἢτοι-θείω

2210 2152 2604 2219 condemnant;
2629 2161 2686 2207 et
2716 2151 2859 2205 inter
2884 2148 3021 2205 alias
3043 2149 3334 2219 Ephesius,
3354 2164 3473 2220 quae
3498 2151 3577 2205 sic
3600 2150 3777 2203 fulmi-

2210 2255 2304 2301 nat
2326 2264 2341 2301 :
2367 2246 2436 2299 Ei
2462 2263 2546 2311 τις
2569 2245 2669 2315 οὐχ
2696 2242 2949 2315 ὁμολογεῖ
2978 2241 3112 2296 Θεὸν
3161 2236 3299 2295 εἶναι
3330 2240 3472 2294 κατὰ
3522 2239 3781 2310 ἀλήθειαν

2208 2340 2297 2393 τὸν
2343 2338 2709 2411 Ἐμμανουὴλ.
2746 2337 2842 2392 καὶ
2870 2336 2959 2392 διὰ
3005 2334 3167 2389 τοῦτο
3194 2333 3455 2388 Θεοτόκον
3494 2332 3595 2403 τὴν
3620 2331 3781 2400 ἁγίαν

2210 2429 2485 2503 Παρθένον
2523 2430 2842 2500 (γεγέννηκε
2877 2427 2986 2499 γὰρ
3012 2424 3288 2499 σαρκικῶς
3316 2424 3495 2497 σάρκα
3518 2423 3782 2493 γεγονότα

2209 2521 2301 2575 τὸν
2353 2524 2419 2575 ὲκ
2469 2521 2605 2575 Θεοῦ
2635 2520 2854 2589 Δόγον)·
2887 2517 3135 2589 ἀνάθεμα
3163 2516 3323 2571 Ξστω.
3359 2533 3379 2569 ι
3422 2515 3478 2570 Si
3505 2514 3628 2585 quis
3677 2528 3782 2568 nos-

2210 2611 2500 2667 conﬁtetur
2529 2610 2929 2665 Emmanuelem
2984 2624 3170 2662 verum
3198 2607 3363 2661 Deum
3385 2618 3528 2669 esse,
3554 2612 3610 2659 et
3634 2604 3706 2659 ob
3729 2604 3783 2657 id

2213 2711 2459 2757 sanctam
2497 2700 2768 2770 Virginem
2843 2700 2935 2753 Dei
2992 2698 3305 2768 genitricem
3368 2695 3581 2767 (genuit
3636 2694 3785 2750 enim

2210 2793 2653 2850 illalncarnatum
2673 2792 2764 2848 Dei
2789 2792 3021 2847 Verbum
3040 2792 3337 2847 secundum
3356 2786 3600 2860 carnem)
3617 2827 3634 2852 ,
3663 2802 3767 2841 ana

2213 2890 2395 2945 thema
2451 2890 2542 2944 sit.
2587 2906 2608 2941 ι
2643 2887 2719 2944 Es
2765 2888 2868 2943 hoc
2912 2897 3091 2943 autem
3154 2895 3394 2956 tempore
3443 2900 3542 2943 vos
3592 2884 3763 2939 Θεοτό

2212 3000 2308 3048 stoc
2350 2984 2401 3038 in
2456 2983 2778 3053 explicando
2823 2981 3216 3037 lncarnationis
3268 2979 3526 3052 mysterio
3551 2979 3783 3034 obtinuit

2212 3077 2461 3131 euuulem
2520 3091 2677 3128 usum
2710 3090 2774 3130 ac
2829 3075 3214 3144 principatum,
3251 3088 3410 3141 quem
3440 3072 3493 3126 in
3523 3070 3785 3141 mysterio

2215 3166 2496 3221 Trinitatis
2524 3178 2651 3221 ante
2700 3168 3013 3221 obtinuerat
3054 3182 3151 3219 vos
3184 3165 3490 3235 ὁμοούσιος.
3519 3161 3590 3217 lit
3640 3162 3786 3216 enim

538 3257 646 3314 que
701 3244 964 3312 novisset,
1012 3246 1245 3316 plurium
1296 3249 1653 3305 conciliorum
1698 3249 2007 3306 sanctiones
2054 3259 2111 3306 et
2136 3223 2180 3280 ϐ
2215 3256 2267 3310 in
2297 3256 2581 3311 Trinitatis
2607 3257 2867 3326 mysterio
2900 3266 3009 3310 tota
3048 3256 3173 3309 lidei
3213 3254 3496 3309 catholicae
3536 3254 3678 3308 ratio
3707 3263 3784 3307 at-

540 3334 1025 3391 anathematismos
1053 3339 1235 3391 vocari
1285 3353 1548 3405 canones,
1582 3341 1728 3395 venit
1753 3341 1850 3411 ipsi
1883 3341 1936 3397 in
1962 3355 2111 3396 men-

545 3436 649 3479 tem
684 3427 945 3496 cogitare,
976 3427 1230 3497 Magnum
1264 3444 1529 3484 cauonem
1564 3445 1686 3485 esse
1716 3432 1927 3502 longam
1962 3432 2109 3488 illam

540 3531 820 3571 sacrorum
875 3517 1182 3588 dogmatum
1230 3528 1393 3588 atque
1444 3522 1846 3577 snathematum
1892 3525 2109 3589 seriem,

536 3624 699 3677 quam
727 3608 885 3665 modo
905 3610 1163 3665 diximus.
1188 3610 1280 3664 llis
1309 3622 1489 3666 autem
1521 3614 1591 3667 ita
1618 3615 1945 3681 constitutis,
1985 3632 2111 3672 ceu-

540 3700 655 3753 seu‘
696 3700 812 3753 licri
860 3700 1122 3769 potuisse.
1161 3711 1219 3754 ut
1242 3701 1432 3759 Junius
1470 3704 1642 3774 prima
1675 3704 1951 3765 Dominlca
1969 3708 2107 3776 Qua-

538 3793 858 3860 dragesimm
887 3791 1085 3847 festum
1112 3793 1292 3866 Magni
1336 3798 1560 3851 canonis
1578 3800 1664 3869 agi
1692 3815 1799 3856 non
1824 3802 2115 3857 arbitrare-

544 3882 672 3936 tur?
697 3881 773 3935 En
820 3883 984 3954 igitur
1016 3886 1182 3955 stirps
1208 3903 1271 3942 ac
1285 3904 1467 3941 semen
1494 3887 1711 3944 Juniani
1741 3893 1944 3948 erroris
1959 3892 2114 3965 longe

553 3973 1041 4041 verisimillimum;
1085 3987 1141 4032 et
1178 3977 1337 4032 simul
1379 3980 1617 4045 addisce,
1667 3994 1926 4051 quantum
1972 3987 2113 4053 peri-

550 4068 733 4122 culum
765 4070 980 4123 errandi
1012 4071 1211 4125 adeant
1236 4070 1331 4134 illi,
1355 4071 1594 4141 quiante
1634 4076 1699 4127 de
1719 4074 1897 4143 aliqua
1929 4090 1986 4127 re
2027 4074 2111 4128 di-

538 4168 673 4213 cunt
717 4161 1043 4215 sententiam
1072 4203 1088 4228 ,
1116 4178 1277 4231 quam
1330 4163 1641 4234 intelligunt
1686 4167 1812 4235 quid
1851 4166 1923 4221 sit
1957 4166 2008 4220 id
2043 4168 2110 4222 de

539 4266 651 4320 quo
705 4252 1032 4321 disputetur.
1084 4252 1192 4310 Nos
1244 4256 1568 4324 disputaturi
1637 4274 1757 4312 mox
1810 4260 1877 4313 de
1916 4258 2111 4313 Θεοτο-

541 4340 704 4405 πίοις,
738 4342 1032 4410 periculum
1082 4344 1221 4398 istud
1245 4344 1537 4401 lorinidare
1579 4348 1797 4403 minime
1820 4348 2110 4417 debemus;

540 4432 671 4502 quia
692 4430 977 4486 Θεοτόκιον
1001 4435 1133 4504 quid
1160 4436 1255 4499 sit,
1279 4433 1390 4503 jam
1420 4451 1562 4491 nunc
1598 4437 1930 4494 instituimus
1959 4441 2111 4496 diee-

2212 3362 2320 3419 que
2342 3346 2606 3417 professio
2637 3362 2748 3402 uno
2792 3345 3277 3402 consubstantialis
3319 3346 3581 3401 vocabulo
3614 3345 3786 3400 conti-

2213 3442 2328 3496 neri
2358 3440 2683 3512 putabatur;
2715 3440 2851 3494 adeo
2887 3448 2947 3492 ut
2999 3448 3256 3508 tanquam
3306 3449 3509 3494 tessera
3539 3439 3789 3507 quaedam

2214 3534 2523 3602 haberetur,
2552 3548 2673 3603 quzc
2700 3532 2948 3587 lmderati
2979 3533 3279 3602 sociatiqne
3304 3531 3568 3588 Catholici
3602 3541 3793 3586 mutuo

2214 3639 2334 3679 sese
2355 3624 2737 3679 dist-eruebant
2758 3625 2827 3680 ab
2858 3624 3125 3689 hostibus,
3158 3636 3214 3680 et
3245 3624 3548 3680 contrarias
3577 3623 3681 3678 sibi
3708 3623 3792 3676 in-

2214 3717 2388 3771 vicem
2436 3715 2659 3772 Sabellii
2695 3723 2752 3772 et
2789 3718 2905 3772 Arii
2933 3716 3170 3773 haereses
3206 3730 3311 3770 una
3345 3714 3499 3783 plaga
3529 3712 3792 3767 conﬁcic-

2218 3810 2381 3874 bant;
2418 3810 2497 3864 sic
2529 3808 2594 3864 ad
2612 3809 2964 3879 profitendam
2991 3808 3299 3863 distinctius
3332 3805 3792 3867 lmraruationem,

2218 3903 2546 3972 praecipuum
2584 3901 2635 3954 in
2661 3914 2793 3955 voce
2828 3899 3094 3961 Θεοτόκος
3123 3905 3454 3952 momentum
3487 3912 3517 3950 a
3540 3894 3792 3950 Catholi-

2212 3996 2292 4049 cis
2324 3994 2674 4048 consﬁtutum
2700 4000 2813 4058 est;
2838 4002 2895 4047 et
2914 4005 3077 4062 quam
3105 3990 3194 4045 isti
3226 3990 3279 4044 in
3308 3988 3505 4044 tuenda
3542 3988 3629 4041 illa
3657 4002 3793 4043 voce

2213 4094 2547 4149 constantes,
2580 4092 2689 4138 tam
2733 4084 2921 4139 eadem
2950 4084 3311 4154 oppugnanda
3359 4080 3674 4151 pervicaces
3696 4082 3793 4135 ad-

2216 4174 2442 4231 versarii
2483 4173 2657 4230 fuere.
2699 4174 2875 4247 Atque
2908 4190 2971 4229 ea
3012 4189 3176 4230 causa
3215 4173 3428 4244 impulit
3457 4172 3699 4237 Graecos,
3732 4184 3793 4228 ut

2214 4282 2402 4337 preces
2447 4276 2504 4323 et
2556 4267 2984 4332 obsecrationes,
3030 4267 3229 4335 quibus
3259 4266 3428 4321 divini
3475 4265 3634 4322 olllcii
3661 4274 3791 4322 temo

2214 4374 2345 4428 pore
2374 4372 2531 4428 opem
2579 4374 2787 4429 magna:
2815 4357 2999 4414 Matris
3042 4359 3355 4429 implorant,
3394 4358 3657 4413 Θεοτόκια
3696 4374 3791 4428 ap-

2216 4449 2495 4521 pellandas
2519 4451 2851 4506 censuerint.
2882 4449 3027 4505 Scita
3046 4451 3289 4519 profecto
3311 4461 3364 4505 et
3388 4451 3536 4504 utilis
3560 4448 3791 4518 appella-

542 4540 635 4591 re;
668 4539 865 4593 nempe
906 4526 1150 4579 ultimum
1180 4528 1405 4581 odarum
1434 4528 1548 4583 sive
1567 4532 1900 4586 canticorum
1935 4543 2110 4602 tropa-

2219 4544 2295 4596 tio
2323 4564 2335 4598 :
2379 4558 2501 4596 nam
2541 4544 2970 4613 quotiescunque
2991 4544 3071 4597 vel
3101 4544 3310 4597 titulum
3344 4544 3532 4596 barum
3566 4556 3789 4610 precutl:

544 4618 705 4682 rium,
750 4632 857 4685 quo
900 4617 1113 4686 aliquod
1170 4618 1407 4689 Virginis
1445 4620 1634 4675 matris
1682 4626 2033 4691 pra-conium,
2059 4633 2113 4679 et

543 4708 763 4777 quidem
792 4710 1256 4763 accommodatum
1293 4712 1542 4780 tempori,
1588 4715 1915 4770 continetur.
1968 4715 2115 4772 Solet

545 4812 728 4853 autem
767 4801 821 4853 in
851 4800 1043 4855 ciliciis
1069 4801 1454 4859 ecclesiasticis
1477 4815 1756 4861 contracta
1791 4808 1891 4864 hac
1917 4820 2043 4864 nota
2084 4811 2113 4865 θ

545 4909 651 4947 nun
678 4908 803 4948 raro
829 4895 1047 4965 depingi
1066 4913 1081 4962 ;
1101 4906 1155 4949 et
1181 4906 1307 4952 ante
1330 4899 1685 4967 penultimum
1706 4903 1998 4971 troparium
2032 4905 2112 4967 τὸ,

541 4988 700 5054 Δόξα
735 4989 917 5057 Πατρὶ
943 4991 1041 5043 καὶ
1091 4989 1199 5056 Υἱῷ
1248 4990 1347 5044 καὶ
1387 4991 1533 5061 ἁγίῳ
1587 4994 1903 5063 Πνεύματι,
1934 4994 2116 5049 Gloria

544 5080 723 5149 Patri,
739 5111 918 5156 χχ
956 5096 1002 5139 et
1033 5082 1174 5138 Filio
1198 5097 1245 5138 et
1276 5087 1495 5156 Spiritui
1523 5098 1703 5140 sancto
1726 5096 1999 5142 contracto
2019 5088 2117 5145 hac

545 5111 570 5135 ι
597 5111 723 5149 utra,
956 5111 1002 5139 cs
1033 5111 1067 5138 ι’
1085 5111 1174 5137 mu
1198 5111 1244 5138 et
1276 5111 1494 5156 optrttltl
1523 5111 1703 5140 luncw
1726 5111 1999 5142 cumracsc
2019 5111 2117 5145 nuc

545 5175 714 5246 ﬁgura
734 5111 1200 5238 3>notatmn
1231 5183 1565 5249 COIIspitritttr
1596 5199 1611 5248 ;
1644 5195 1978 5250 sequensque
2002 5195 2117 5235 ver-

546 5276 771 5342 siculus,
802 5276 913 5330 Kal
952 5276 1089 5342 νῦν,
1126 5274 1225 5328 καὶ
1255 5275 1392 5338 aiel,
1440 5272 1540 5327 καὶ
1586 5276 1672 5340 εις
1715 5273 1857 5340 τοὺς
1900 5273 2116 5340 αἰῶνας

544 5368 665 5426 τῶν
695 5368 943 5433 αἰώνων,
968 5368 1035 5421 Et
1059 5384 1193 5422 nunc
1220 5380 1267 5422 et
1301 5383 1499 5434 semper
1522 5379 1569 5421 et
1600 5368 1654 5419 in
1678 5367 1872 5421 secula
1900 5368 2117 5421 συνεπιο-

546 5480 661 5519 nim
683 5504 699 5529 ,
728 5462 808 5529 τῷ
834 5462 1107 5532 Θεοτοκίῳ
1129 5477 1342 5533 semper
1364 5460 1726 5532 pnetnittitur.
1759 5458 1875 5513 Non
1897 5475 2113 5525 possum

543 5557 673 5626 quin
717 5556 803 5611 hic
833 5558 991 5611 etiam
1024 5556 1189 5611 verbo
1217 5554 1492 5619 adnotem,
1527 5552 1708 5609 Gloria
1741 5550 1944 5606 Patria
1967 5553 2117 5609 Grae-

544 5651 623 5705 cis
659 5652 766 5706 dici
791 5648 1108 5719 Δοξοὶ.ογίαν
1133 5650 1358 5723 μικράν,
1387 5650 1501 5705 sive
1534 5646 1982 5719 gloriﬁcationem
2012 5645 2114 5698 mi-

540 5758 731 5801 norem
780 5744 848 5797 ad
905 5743 1260 5798 dill'ercntiam
1315 5742 1497 5812 hymni
1547 5738 1795 5809 angelici,
1841 5736 2026 5792 Gloria
2060 5739 2113 5791 in

544 5836 779 5898 excelsis.
799 5850 918 5901 qua:
941 5834 1141 5899 dicitur
1162 5834 1447 5903 Δοξολογία
1483 5833 1695 5903 μεγάλη
1710 5834 1825 5891 sive
1844 5832 2112 5905 glorillca-

2216 4634 2951 4706 intuebantur(intuebantur
2985 4643 3163 4688 autem
3195 4633 3540 4703 smpissimc).
3566 4648 3673 4686 non
3695 4648 3793 4701 po—

2217 4736 2358 4781 terat
2388 4743 2491 4781 nou
2518 4728 2648 4797 ipsis
2688 4728 2873 4782 venire
2905 4729 2956 4780 in
2991 4736 3325 4789 mentcm,ct
3362 4726 3519 4781 [idem
3542 4728 3790 4796 proﬁteri

2215 4822 2594 4883 orthodoxam,
2614 4830 2668 4875 et
2699 4820 3026 4889 impietatem
3053 4817 3290 4873 Nestorii
3314 4818 3615 4875 exsecrari.
3634 4817 3793 4873 Ilitto

2215 4913 2398 4967 dicere
2425 4923 2757 4982 quantopere
2782 4927 2844 4965 es
2875 4920 2980 4965 tam
3007 4912 3193 4965 multis
3222 4920 3442 4980 tamque
3458 4911 3627 4965 variis
3654 4912 3790 4965 Θεο-

2214 5006 2436 5069 τοκίοις,
2470 5007 2523 5060 in
2576 5005 2767 5074 quovis
2800 5004 3053 5058 horarum
3091 5002 3267 5057 cilicio
3308 5003 3526 5058 recitari
3587 5003 3789 5069 solius,

2218 5098 2452 5152 Mariana
2492 5098 2665 5167 pietas
2703 5095 3016 5152 Grecorum
3064 5099 3277 5151 eluceat
3311 5114 3325 5149 :
3359 5097 3459 5152 hoc
3506 5097 3650 5151 enim
3700 5110 3790 5165 pec

2217 5190 2405 5245 culiari
2453 5205 2616 5260 opere
2652 5188 2828 5245 facere
2860 5190 3083 5259 incoepit
3116 5200 3302 5245 uoster
3330 5188 3518 5243 Simon
3546 5188 3790 5257 Wagne-

2217 5282 2490 5344 rccchius,
2514 5281 2677 5335 editis
2722 5278 2995 5334 Centuriis
3024 5280 3274 5349 quinque
3309 5278 3561 5334 chiliadis
3601 5280 3792 5343 prima:

2216 5374 2476 5441 ejusmodi
2535 5372 2950 5436 theotociorum,
2992 5373 3116 5427 aliis
3177 5382 3360 5441 coepta
3422 5370 3791 5425 continuando

2218 5466 2549 5534 relinquens.

2285 5557 2373 5610 53.
2435 5555 2739 5619 Θεοτοκίοις
2806 5555 3075 5611 interdum
3128 5554 3472 5610 subnectitur
3539 5551 3790 5607 καταϐα-

2217 5648 2326 5703 σία.
2370 5648 2477 5703 Sed
2503 5650 2571 5704 de
2594 5652 2695 5703 hac
2725 5663 2855 5704 voce
2888 5648 3057 5703 altum
3100 5647 3265 5702 silent
3296 5654 3550 5700 auctores
3570 5658 3787 5711 omnes,

2216 5758 2353 5814 quos
2406 5741 2538 5797 mihi
2588 5742 2773 5798 videre
2834 5756 3073 5813 unquam
3130 5741 3323 5805 licuit,
3378 5748 3578 5809 prater
3622 5752 3789 5793 unum

2215 5829 2505 5900 (Iangium.
2558 5826 2659 5886 Hic
2721 5830 2923 5886 fatetur
2939 5830 3058 5902 ejus
3087 5830 3197 5885 vim
3226 5843 3293 5885 ac
3330 5827 3790 5900 signiﬁcationem
