4046 6448
760 406 850 460 AD
890 397 1349 459 ACULL’THIAH
1391 392 1635 451 OFFlClI
1678 389 1917 446 GRJFAZI
1962 381 2426 447 DiSSERTATlO
2468 376 2935 436 ONOMASTICA.

3279 382 3486 430 εοειιν

236 525 453 581 nescire
477 535 557 585 se,
582 519 819 586 facitque
840 516 1208 584 conjecturam
1234 512 1468 579 aliquam
1500 523 1567 563 ex
1589 504 1798 574 signiﬁ-
1826 556 1831 567 ,

1935 506 2073 579 ἱὺριε
2107 507 2134 556 ὁ
2161 501 2296 564 Θεὸς
2336 497 2512 571 ἡμῶν,
2551 494 2931 563 ὲξαπόστειλον
2978 493 3111 562 ἡμῖν
3166 488 3395 559 δύναμιν
3428 479 3487 551 ἐξ

233 616 445 671 catione
466 611 613 667 vocis
635 607 919 671 ἀνάδασις,
937 607 1010 659 ita
1032 604 1281 658 scribens
1305 620 1316 655 :
1347 619 1364 651 ι
1390 600 1526 667 Quid
1560 599 1661 652 hac
1678 611 1811 651 voce

232 704 405 762 ϐπ·ωεί
453 702 792 770 intelligant,
829 696 1063 750 nondum
1112 709 1232 748 sum
1287 699 1591 753 assecutus,
1616 687 1718 741 nisi
1754 696 1814 740 ut

234 792 546 864 ἀναδαθμοί
590 790 790 845 fuerint
834 786 1131 849 ἀναϐάσεις
1174 775 1403 854 καρδῖας
1445 796 1540 836 seu
1568 778 1812 842 εὐσεϐεῖς

234 887 365 959 περὶ
384 883 522 939 Θεοῦ
546 879 814 951 λογισμοί,
841 890 899 932 ttt
919 878 1159 947 loquitur
1185 876 1434 936 Suidas,»
1465 874 1569 927 hoc
1591 881 1694 937 est,
1721 884 1808 923 as-

236 994 434 1033 census
460 976 625 1030 animi
661 989 754 1027 seu
781 974 879 1041 pia:
911 969 1268 1040 cogitationes
1299 967 1366 1021 de
1405 967 1546 1021 Deo:
1574 982 1592 1016 ι
1620 965 1689 1017 ita
1712 978 1812 1015 κα-

235 1070 499 1132 ταϐάσεις
539 1066 744 1120 fuerint
794 1064 946 1133 quasi
998 1062 1319 1124 descensus,
1355 1073 1449 1114 seu
1484 1060 1550 1112 de
1576 1057 1813 1109 humana

238 1163 533 1233 fragilitate
566 1158 953 1228 cogitationes.
1003 1173 1020 1205 ι
1059 1152 1213 1207 Sicut
1252 1152 1476 1222 ubique,
1529 1151 1599 1203 ita
1629 1158 1683 1203 et
1725 1147 1814 1202 hic

238 1268 506 1308 summam
550 1252 649 1303 viri
692 1249 1051 1304 eruditionem
1086 1260 1340 1305 veneror,
1372 1242 1488 1311 pari
1537 1240 1815 1295 modestiae

238 1344 620 1412 coniunctam;
671 1341 773 1396 ista
817 1348 993 1392 tamen
1028 1336 1198 1405 ipsius
1253 1334 1563 1402 conjectura
1602 1331 1817 1386 videtur

241 1434 374 1490 mihi
410 1449 476 1487 ne
503 1429 795 1502 probabilis
832 1427 1049 1496 quidem

311 1526 403 1580 δι.
445 1524 559 1580 Cur
587 1532 766 1575 autem
798 1519 871 1573 ita
896 1518 1171 1579 videatur,
1196 1528 1532 1585 cognoscere
1555 1524 1614 1567 ut
1645 1512 1815 1582 possit

243 1618 438 1680 lector,
470 1613 621 1683 quasi
648 1627 712 1667 ea
738 1626 860 1681 qua:
912 1608 1087 1665 oculis
1126 1616 1446 1669 cernuntur,
1472 1605 1702 1659 sufliciet
1739 1603 1812 1657 illi

242 1704 329 1755 vel
354 1701 542 1754 unicus
578 1697 826 1751 modulus
844 1710 909 1749 ex
938 1695 1029 1758 iis,
1058 1693 1256 1761 quibus
1288 1693 1338 1745 in
1360 1702 1616 1746 secuturo
1643 1687 1816 1742 oﬂicio

242 1789 572 1848 Καταὸασια
602 1789 938 1851 inscribitur,
959 1786 1038 1840 sic
1056 1784 1352 1854 procedens
1384 1796 1400 1836 :
1433 1781 1506 1835 Τὸ
1532 1779 1817 1851 στερέωμα

1914 599 2083 669 ὕψους
2141 596 2298 663 ἁγίου
2346 609 2460 654 σου,
2513 588 2605 643 καὶ
2660 585 2941 656 ὲνίσχυσον
2972 582 3122 653 ἡμᾶς
3161 580 3486 653 προσφέρειν

1914 709 1994 744 σοι
2025 688 2215 743 θυσίαν
2244 684 2612 755 ἀναιμάκτην,
2645 690 2754 733 clc.
2789 696 2807 728 ε
2844 674 3070 730 Domine
3102 673 3245 729 Deus
3284 682 3484 741 noster,

1912 783 2099 835 emitte
2158 779 2318 833 nobis
2380 776 2446 830 de
2507 770 2727 828 excelso
2792 778 2982 823 sancto
3039 775 3131 821 tuo
3184 769 3487 829 virtutem;

1911 883 1966 929 et
2026 869 2321 926 corrobora
2390 881 2535 929 nos,
2598 872 2657 917 ut
2730 860 2825 915 tibi
2892 857 3183 914 offeramus
3256 858 3489 912 hostiam

1915 968 2275 1021 incruentam,
2301 978 2319 1011 ι
2348 968 2457 1013 etc.
2496 957 2566 1010 At
2594 970 2721 1009 vero
2758 968 2882 1007 eum
2916 967 3017 1005 vox
3058 950 3150 1006 illa
3179 950 3492 1017 ὶξαπόστειο

1914 1056 2005 1109 λον
2030 1070 2135 1109 non
2169 1061 2426 1107 occurrat
2450 1051 2502 1103 in
2529 1047 2761 1102 modulis
2790 1046 2895 1101 illis
2918 1044 3314 1110 omnibus,non
3335 1045 3491 1099 video

1914 1148 2185 1217 quomodo
2218 1146 2332 1199 haec
2375 1142 2564 1212 Cangii
2603 1139 2907 1203 sententia,
2957 1151 3214 1208 tanquam
3248 1138 3493 1208 probabi-

1916 1240 2039 1303 lior,
2074 1237 2284 1293 admitti
2317 1245 2501 1307 queat.

1987 1331 2077 1395 36,
2111 1330 2200 1387 57.
2227 1327 2359 1382 Tam
2408 1326 2633 1379 multum
2678 1322 2936 1378 molestiae
2988 1338 3096 1377 non
3135 1322 3355 1379 facessit
3393 1338 3493 1377 vox

1917 1421 2284 1476 ἁπολυτίκιον.
2311 1419 2457 1473 lianc
2479 1418 2716 1473 breviter
2736 1431 2799 1471 ac
2823 1427 2967 1470 recte
2992 1415 3224 1485 explicat
3245 1417 3496 1471 doctissi-

1919 1530 2040 1568 ntus
2071 1512 2383 1578 Euchulogii
2421 1512 2689 1579 interpres
2734 1507 2943 1564 Goarus
2985 1522 3108 1577 pag.
3141 1506 3231 1562 '52.
3270 1526 3290 1560 r
3346 1508 3499 1563 Finis

1918 1607 2076 1663 oﬂlcii
2099 1604 2364 1666 ἀπόλυσις
2403 1610 2508 1670 est,
2546 1603 2660 1658 sive
2693 1600 2978 1655 dimissio:
3010 1598 3256 1655 Modulus
3283 1599 3370 1654 ille
3402 1605 3496 1672 qui

1921 1696 2264 1752 terminando
2327 1694 2503 1749 oﬂlcio
2574 1694 2802 1747 idoneus
2869 1703 3162 1759 censetur,
3236 1693 3498 1748 ἀπολυτίο

1921 1806 2040 1843 κιον
2091 1797 2175 1843 est
2220 1797 2320 1841 :et
2374 1787 2500 1854 quia
2569 1786 2703 1838 varii
2754 1794 2889 1838 sunt.
2919 1784 3226 1854 hujusmodi
3272 1801 3495 1849 versus.

242 1884 352 1938 τῶν
376 1885 468 1937 ἐπὶ
503 1883 588 1937 σοὶ
620 1880 958 1935 πεποιθότων
988 1877 1308 1949 στερέωσον,
1345 1873 1537 1945 Κύριε,
1568 1872 1667 1943 τὴν
1700 1872 1821 1924 Ἐκ-

1935 1899 1969 1937 ηε
2006 1882 2098 1950 qui
2121 1881 2228 1935 diei
2260 1878 2403 1932 illius
2434 1878 2683 1948 preprius
2721 1887 2826 1939 est,
2850 1877 3201 1933 ἁπολυτίκιον
3236 1878 3339 1951 τῆς
3365 1878 3501 1953 ἠμέ-

245 1976 499 2048 χλησίαν,
529 1977 595 2048 ἢν
620 1976 837 2046 ἐκτήσω
866 1972 945 2043 τῷ
990 1970 1154 2041 τιμίῳ
1185 1984 1275 2021 σου
1309 1966 1523 2038 αἵματι.
1562 1982 1583 2018 s
1616 1964 1823 2019 Firma-

248 2079 489 2125 mentum
530 2066 915 2124 coulidentium
947 2064 999 2117 in
1035 2072 1085 2115 te
1107 2101 1121 2125 ,
1165 2060 1413 2124 Domine,
1463 2059 1616 2112 lirma
1640 2057 1825 2112 Eccle-

246 2164 409 2225 siam,
463 2174 625 2229 quam
679 2152 1012 2224 acquisivisti
1055 2152 1292 2222 pretioso
1340 2162 1430 2206 tuo
1482 2152 1761 2221 sanguine.
1800 2168 1819 2201 s

248 2254 368 2308 Hoc
397 2255 658 2311 animum,
713 2248 815 2302 huc
855 2247 1067 2311 oculos,
1116 2244 1305 2300 lector.
1340 2244 1713 2315 Quidqnatnne
1745 2252 1828 2298 est

250 2346 304 2399 in
336 2346 437 2399 hoc
466 2340 683 2394 modulo
717 2339 860 2408 quod
917 2339 1234 2393 memoriam
1290 2338 1493 2392 excitet
1522 2338 1589 2391 ad
1623 2336 1827 2404 cogitu-

251 2440 454 2492 tionem
489 2433 808 2504 fragilitatis
839 2433 1092 2487 humana:
1120 2431 1143 2485 i
1176 2430 1340 2500 Atqui
1371 2429 1677 2497 hnjttsmodi
1705 2437 1829 2481 sunt

251 2525 451 2582 moduli
517 2524 700 2579 czcteri
764 2540 975 2584 omnes,
1040 2523 1236 2588 quibus
1280 2536 1383 2574 vox
1447 2521 1546 2574 ista
1598 2520 1828 2589 praefigi-

254 2633 365 2684 tur,
399 2628 459 2673 ut
519 2628 702 2689 postea
759 2616 1044 2671 constabit.
1099 2614 1268 2683 Igitur
1317 2613 1422 2667 alio
1468 2613 1828 2667 convertenda

254 2729 410 2770 utens
472 2721 580 2777 est,
620 2711 724 2765 alia
762 2710 1007 2764 facienda
1054 2708 1393 2775 conjectura.
1426 2706 1554 2777 Ego,
1596 2715 1655 2759 ut
1686 2708 1828 2774 quod

253 2806 434 2862 sentio
458 2805 510 2861 in
536 2820 594 2860 re
619 2805 851 2859 obscura
884 2842 899 2864 ,
934 2801 986 2854 id
1018 2800 1188 2854 libere
1230 2800 1539 2869 proloquar,
1573 2799 1833 2853 Kara6a-

256 2900 350 2955 σεα
408 2914 516 2955 non
563 2907 697 2969 puto
749 2910 868 2951 esse
928 2893 1153 2964 troparii
1196 2892 1468 2946 modulive
1497 2905 1687 2961 genus,
1738 2889 1832 2945 sed

254 2993 494 3062 aliquam
524 2988 915 3061 proprietatem
951 2987 1095 3050 toni;
1152 2984 1225 3036 ita
1262 2990 1319 3035 ιιι
1365 2982 1504 3035 idem
1554 2981 1624 3035 sit
1688 2981 1833 3051 quod

258 3079 418 3134 vocis
473 3077 749 3147 depressio
778 3115 793 3140 ,
855 3072 1117 3127 demissio
1143 3110 1158 3133 ,
1194 3079 1248 3126 et
1273 3069 1338 3141 (si
1369 3070 1593 3126 musicis
1636 3071 1834 3143 placet)

255 3172 421 3225 etiam
478 3169 763 3223 descensio
843 3164 993 3219 Hauc
1037 3162 1168 3217 mihi
1230 3174 1466 3219 mentem
1511 3162 1697 3232 injecit
1727 3164 1833 3219 Ha—

257 3258 543 3328 giopolites
576 3257 663 3310 ille
698 3270 790 3310 seu
821 3254 956 3309 liber
992 3270 1096 3309 ms.
1122 3254 1189 3309 de
1222 3255 1429 3310 musica
1459 3256 1831 3310 ecclesiastica

254 3351 597 3411 Gracorum,
622 3346 715 3419 qui
742 3348 882 3418 apud
918 3347 1199 3403 laudatum
1232 3345 1495 3415 Cangium
1524 3349 1687 3401 verbo
1723 3363 1837 3414 φω-

261 3445 328 3515 νή
396 3444 541 3496 inter
577 3441 685 3496 toni
746 3442 1104 3510 proprietates
1159 3439 1555 3505 noventdecim,
1607 3440 1840 3494 collocat

258 3549 456 3593 octavo
508 3536 629 3592 loco
661 3534 1011 3605 κατάσασμα.
1068 3533 1203 3588 Nam
1243 3532 1385 3603 apud
1438 3531 1658 3588 Graecos
1694 3534 1839 3587 nihi-

262 3632 311 3685 lo
369 3631 488 3699 plus
524 3627 657 3681 mihi
706 3626 917 3679 videtur
976 3627 1239 3682 interesse
1289 3627 1432 3681 inter
1489 3626 1830 3681 καταόασίαν

260 3734 318 3777 et
364 3716 742 3785 κατάσασμα.
797 3730 960 3783 quam
1020 3717 1163 3768 inter
1210 3718 1617 3773 descensionem
1660 3730 1715 3774 et
1744 3721 1834 3774 de.

262 3822 519 3865 seeusum
578 3804 720 3875 apud
777 3802 1023 3860 Latinos.
1061 3805 1319 3875 Sequitur
1344 3822 1474 3877 ergo
1499 3817 1558 3861 ut
1590 3808 1841 3864 καταδα-

263 3904 358 3957 eia
390 3902 443 3953 in
476 3896 652 3953 cilicio
678 3897 1050 3953 ecclesiastico
1085 3899 1285 3954 rectius
1312 3900 1528 3954 dicatur
1553 3916 1673 3956 esse
1698 3918 1840 3971 qua-

262 3997 309 4049 si
346 3994 559 4061 signum
586 3990 829 4060 aliquod,
848 4006 957 4059 quo
985 3991 1255 4045 indicetur
1280 3993 1514 4059 eantori,
1536 3994 1841 4064 proximum

264 4084 570 4155 troparium
605 4082 995 4138 succinendum
1026 4098 1147 4137 esse
1173 4083 1428 4152 depressa
1468 4099 1601 4140 voce
1632 4085 1844 4141 minus.

264 4192 372 4251 que
397 4176 559 4231 elata.

336 4270 426 4327 35.
453 4267 638 4340 Neque
656 4268 833 4323 minus
856 4264 1072 4322 dimeile
1095 4276 1177 4321 est
1204 4267 1408 4329 dicere.
1429 4270 1556 4337 quid
1582 4271 1654 4324 sit
1683 4270 1841 4337 Ἑξα-

264 4364 666 4435 ποστειλάριον.
692 4362 787 4417 Est
808 4363 1024 4431 quidem
1056 4359 1302 4414 modulus
1332 4360 1529 4429 aliquis
1582 4364 1696 4417 sive
1726 4374 1838 4417 tro-

267 4457 515 4525 parium;
552 4454 646 4507 sed
676 4467 773 4523 per
799 4454 928 4521 quid
983 4453 1051 4508 ab
1100 4453 1224 4508 aliis
1253 4451 1489 4518 differat,
1532 4458 1693 4509 varia:
1720 4465 1846 4508 sunt

270 4545 617 4614 maximeque
660 4543 1035 4612 discrepantes
1080 4546 1367 4599 sententiae

268 4640 483 4693 videtur
503 4635 814 4705 complexus
840 4648 960 4688 esse
989 4634 1205 4691 Goarus
1239 4653 1362 4707 pag.
1384 4635 1475 4701 27,
1506 4637 1579 4691 ita
1608 4638 1833 4692 interro-

266 4746 440 4805 gans:
463 4747 482 4780 α
510 4728 646 4782 Num
672 4729 759 4785 ille
789 4730 1019 4799 hymnus
1043 4738 1148 4793 est,
1171 4731 1238 4784 ad
1262 4745 1419 4798 quem
1447 4729 1841 4786 concinendum

267 4829 322 4879 in
356 4819 509 4878 chori
561 4823 829 4889 gremiqu
872 4819 1104 4875 mittitur
1137 4819 1380 4889 aliquis?
1432 4824 1513 4875 An
1547 4821 1671 4877 talis
1702 4822 1843 4877 alius

269 4915 365 4985 qui
409 4913 462 4967 iu
493 4910 667 4967 sancti
700 4912 784 4963 vel
816 4908 1062 4982 mysterii
1087 4908 1313 4980 alicujus
1354 4914 1673 4967 memoriam
1718 4912 1843 4977 ἐξα.-

269 5006 645 5070 ποστέλλιται,
669 5002 995 5057 emittatur?
1025 5002 1160 5057 Num
1192 5002 1375 5073 potius
1406 5005 1454 5059 is
1484 5016 1568 5060 est
1590 5005 1681 5075 qui
1714 5006 1841 5059 mit-

270 5100 491 5154 tendam
528 5098 765 5166 Spiritus
804 5097 977 5149 sancti
1007 5098 1238 5165 gratiam
1274 5097 1548 5152 advocet?
1584 5098 1665 5153 vel
1694 5098 1844 5153 deni-

267 5206 378 5261 que
398 5191 513 5258 qui,
536 5190 689 5258 juxta
724 5186 867 5242 docti
896 5185 1155 5255 Ligaridii
1187 5204 1429 5254 sensum,
1454 5188 1572 5244 fere
1626 5204 1844 5260 semper

268 5287 338 5339 de
367 5281 733 5352 apostolorum
756 5283 808 5335 in
836 5282 1021 5335 orbem
1052 5281 1390 5350 dispersione
1416 5292 1470 5337 et
1495 5281 1844 5352 prmdicatio-

268 5389 360 5438 ne,
390 5382 577 5444 aperte
595 5372 681 5425 vel
707 5372 1039 5427 subobscure
1060 5373 1373 5428 memoriam
1397 5373 1626 5429 habeat?
1649 5394 1668 5425 s
1686 5373 1846 5429 Certe

268 5471 431 5538 ionge
490 5466 706 5520 videtur
769 5465 1138 5536 probabilius,
1195 5467 1370 5537 inquit
1440 5467 1721 5538 Cangius,
1772 5467 1843 5522 ita

268 5558 600 5630 appellatum
654 5553 921 5625 ejusmodi
957 5556 1214 5625 hymnum
1261 5575 1289 5612 a
1323 5572 1457 5614 voce
1497 5558 1846 5626 Ἐξαπόστει-

267 5656 386 5713 λον,
416 5663 536 5719 qua:
570 5648 623 5700 in
663 5648 728 5701 iis
760 5644 874 5701 fere
907 5667 1123 5721 semper
1148 5653 1421 5715 occurrit,
1454 5662 1513 5706 ut
1558 5665 1640 5707 est
1671 5654 1846 5706 oratio

269 5755 359 5809 illa
391 5754 445 5809 in
480 5754 697 5824 liturgia
726 5749 1335 5809 Prasanctificatorum,
1368 5745 1419 5797 id
1457 5754 1560 5809 est,
1590 5748 1754 5797 missa
1793 5745 1844 5795 in

266 5843 502 5913 quajam
540 5854 699 5895 antea
737 5848 1114 5895 consecratum
1154 5852 1349 5904 corpus
1368 5833 1842 5887 Christisutnitur.

514 5932 787 5993 Panos.
820 5930 938 5990 Gn.
985 5926 1223 5988 XXIX.

1927 1993 2024 2047 ρας
2067 1974 2250 2040 audit;
2310 1982 2365 2027 et
2425 1984 2614 2027 vocem
2673 1969 2857 2033 aliam,
2920 1972 3179 2042 στιχηρὸν
3226 1974 3498 2040 videlicet,

1925 2069 2345 2127 subaudiendam
2370 2065 2625 2135 postulat.
2650 2083 2668 2116 ι
2694 2063 2759 2117 Et
2778 2080 2896 2135 pag.
2927 2064 3020 2120 ﬁl
3057 2064 3316 2136 adiungit,
3346 2086 3363 2119 ι
3394 2086 3497 2123 non

1929 2172 2134 2217 tantum
2164 2159 2323 2217 ollicil
2365 2156 2617 2226 completi
2682 2155 2774 2209 fini
2808 2197 2824 2219 ,
2860 2171 3046 2211 verum
3095 2166 3150 2212 et
3202 2156 3340 2227 parti
3376 2158 3497 2227 ejus

1928 2254 2235 2325 prolixiori,
2272 2252 2553 2322 signanter
2590 2248 2659 2302 ah
2689 2248 2862 2302 altera
2905 2247 3157 2313 diversae,
3183 2263 3342 2315 suam,
3368 2251 3505 2306 ἀπό·

1925 2346 2079 2400 λυσιν
2113 2356 2167 2400 et
2212 2346 2503 2399 terminum
2540 2340 2827 2412 assignari.
2886 2358 2907 2392 ι
2950 2338 3045 2395 Hic
3088 2355 3193 2396 vox
3222 2342 3338 2411 ipsa
3368 2343 3506 2399 ἀπό.

1926 2438 2083 2501 λυσις
2112 2451 2200 2492 me
2220 2444 2528 2491 commonet
2563 2442 2620 2487 ut
2658 2433 2883 2488 missum
2923 2447 3135 2503 quoque
3168 2432 3366 2488 faciam
3396 2436 3506 2491 lce-

1928 2528 2252 2597 torem,jam
2275 2525 2413 2581 forte
2438 2524 2723 2593 fatigatum
2743 2523 2968 2593 legenda
2998 2524 3158 2579 nimis
3180 2524 3337 2595 longa
3356 2526 3505 2582 circa

1930 2620 2191 2675 terminos
2214 2617 2359 2674 solos
2386 2616 2785 2672 dissertatione.
2810 2614 3030 2681 Verum,
3050 2632 3171 2671 cum
3198 2618 3273 2672 sit
3289 2619 3340 2681 in
3359 2634 3508 2674 more

1929 2714 2164 2784 positum
2186 2711 2545 2780 institutoque
2561 2708 2897 2772 Graecorum,
2915 2717 2971 2762 ut
2992 2710 3511 2778 prouuntiata'Amo

1932 2805 2146 2867 λύσεως
2176 2803 2409 2859 formula
2434 2842 2448 2865 ,
2482 2802 2811 2871 quandoque
2852 2800 3056 2870 aliquid
3090 2802 3457 2871 superaddant
3488 2818 3506 2867 ;

1932 2898 2090 2952 dabis
2132 2896 2261 2950 mihi
2298 2895 2441 2949 hanc
2473 2894 2685 2949 veniam
2708 2934 2724 2959 ,
2753 2892 2966 2947 erudite
2993 2892 3183 2960 lector,
3210 2902 3268 2948 ut
3297 2895 3398 2966 ego
3423 2897 3510 2954 hic

1934 3004 2151 3062 quoque
2174 2988 2536 3060 superaddam
2578 2986 2783 3057 aliquid
2818 2984 2885 3040 de
2917 2982 3143 3056 Typico,
3172 2984 3395 3058 ejusque
3430 2990 3511 3045 Ιεὶο

1936 3084 2123 3138 storia.
2148 3081 2408 3153 Typicum
2447 3080 2583 3134 liber
2625 3076 2939 3133 Graecorum
2976 3076 3377 3136 ecclesiasticus
3405 3092 3510 3146 est,

1938 3177 2029 3248 qui
2064 3175 2191 3246 quid
2221 3189 2437 3244 quoquo
2463 3172 2550 3227 die
2584 3172 2637 3225 in
2670 3169 2900 3248 ecclesia
2933 3180 3174 3238 tempore
3199 3171 3372 3227 divinl
3400 3173 3510 3228 olli-

1937 3247 2006 3323 cii
2035 3268 2369 3323 recitandum
2398 3264 2733 3336 agendumve
2784 3247 2876 3324 si't,
2909 3260 3054 3316 facili
3086 3262 3341 3319 methodo
3375 3280 3513 3336 pras-

1938 3358 2149 3414 scrihit.
2184 3355 2348 3409 Varia
2380 3367 2561 3411 autent
2605 3356 2760 3410 initio
2795 3354 2945 3411 fuere
2974 3354 3198 3427 Typica,
3229 3358 3302 3413 ita
3338 3364 3399 3411 ut
3425 3372 3515 3413 cs-

1939 3460 2058 3508 sent
2086 3459 2164 3506 tot
2192 3447 2363 3503 ferme
2393 3457 2525 3517 quot
2565 3447 2831 3501 ecclesiae.
2866 3447 2973 3501 Sed
3015 3449 3229 3502 tandem
3282 3448 3517 3503 labenti-

1940 3546 2040 3602 bus
2092 3542 2304 3601 szeculis
2351 3543 2554 3613 primas
2592 3538 2826 3594 obtinuit
2878 3538 3027 3605 illud,
3061 3540 3203 3610 quod
3238 3538 3298 3595 S.
3359 3539 3518 3597 Saba

1944 3639 2165 3694 nomine
2226 3637 2539 3706 insignitur,
2592 3644 2648 3687 et
2705 3630 2847 3701 quod
2876 3641 3097 3687 sanctus
3147 3630 3237 3686 ille
3266 3630 3455 3698 abbas,
3485 3646 3515 3686 a

1945 3730 2045 3785 SS.
2073 3728 2361 3798 Euthymio
2392 3736 2446 3780 et
2475 3722 2793 3780 Tlteoctisto
2818 3733 3125 3790 acceptum.
3176 3723 3291 3778 suis
3322 3737 3517 3778 mona-

1944 3820 2065 3876 chis
2096 3817 2607 3889 liierosolymitanis
2638 3815 2992 3885 praescripsit,
3026 3813 3167 3869 unde
3192 3822 3247 3868 et
3276 3813 3520 3872 Hieroso‘

1944 3910 2242 3985 lymiticum
2270 3926 2298 3965 a
2328 3909 2604 3965 nonnullis
2635 3907 2854 3963 dicitur.
2882 3906 3077 3975 Porro,
3100 3921 3223 3964 cum
3258 3906 3521 3964 barbaro-

1948 4021 2065 4059 rum
2096 4004 2406 4058 incursione
2440 4001 2831 4061 intercidisset.
2876 4000 3184 4055 restitutum
3226 4010 3312 4056 est
3337 4000 3521 4056 studio

1946 4111 2010 4151 ac
2060 4096 2246 4150 labore
2278 4095 2336 4148 S.
2366 4093 2659 4163 Sophronii
2692 4094 3017 4163 patriarcha
3067 4093 3521 4165 liierosolymita-

1946 4182 2038 4248 ni;
2077 4181 2273 4237 deinde
2303 4192 2358 4237 et
2384 4196 2412 4235 a
2449 4180 2508 4236 S.
2541 4179 2749 4237 Joanne
2777 4180 3115 4237 Damasceno
3146 4198 3326 4237 rerum
3367 4185 3522 4239 theo-

1947 4275 2240 4345 logicarum
2288 4273 2619 4343 peritissimo
2654 4273 2966 4327 innovatum
3000 4273 3120 4340 fuit,
3154 4282 3209 4326 et
3247 4274 3315 4328 ab
3343 4274 3521 4330 omni-

1949 4364 2049 4420 bus
2081 4380 2219 4434 pene
2243 4365 2540 4419 admissum
2568 4406 2583 4427 ,
2615 4377 2674 4419 ut
2712 4363 2876 4419 refert
2901 4364 3137 4434 Symeon
3168 4365 3521 4421 Thessaloni-

1949 4459 2129 4513 censis
2180 4458 2233 4511 in
2265 4457 2486 4526 Dialogo
2529 4465 2717 4511 contra
2766 4455 3021 4514 hmreses.
3045 4456 3220 4526 Atque
3280 4456 3384 4511 hoc
3439 4466 3525 4513 est

1412 4562 1425 4598 :
1473 4559 1610 4613 quas
1656 4548 1843 4614 paucis
1874 4553 1920 4608 Ι)
1951 4548 2080 4601 illud
2105 4547 2391 4617 Typicutn,
2418 4546 2561 4612 quod
2593 4544 2721 4598 mihi
2760 4544 2812 4598 iu
2845 4544 2945 4599 hac
2973 4561 3030 4601 re
3070 4546 3226 4617 longe
3249 4548 3517 4604 obscuris-

1952 4642 2111 4704 sima,
2145 4639 2339 4692 nullins
2370 4637 2494 4691 trita
2521 4635 2785 4706 vestigiis,
2817 4636 2990 4691 facem
3015 4637 3363 4706 prmlaturum
3388 4654 3527 4694 eone

1953 4730 2079 4791 lldo,
2110 4730 2332 4796 etquod
2361 4727 2448 4781 hic
2490 4728 2732 4799 reperies
2765 4743 2793 4781 a
2834 4742 2917 4781 me
2955 4742 3329 4797 saepenumero
3356 4729 3529 4783 nomin

1950 4822 2092 4876 nari.
2128 4820 2458 4887 ltnpressum
2486 4830 2668 4874 autem
2722 4818 2851 4872 illud
2878 4818 3109 4874 habetur
3136 4818 3375 4877 Veneliis
3418 4835 3527 4876 una

1952 4932 2071 4971 cum
2116 4915 2390 4984 plerisque
2446 4912 2747 4981 hujusmodi
2803 4910 2957 4966 libris
3012 4927 3154 4966 anno
3194 4910 3335 4968 ιθοδ
3385 4917 3527 4985 apud

1952 5009 2242 5063 Antonium
2271 5006 2535 5063 Pinellum
2559 5042 2575 5068 ,
2608 5004 2748 5059 sicut
2797 5004 2930 5058 illud
2976 5004 3145 5059 multa
3178 5010 3529 5061 accuratione

1950 5102 2333 5155 emendaverat
2380 5096 2644 5167 Josaphat
2694 5096 3185 5162 hieromonaehus,
3238 5113 3303 5152 ex
3338 5100 3527 5155 Andro

1951 5194 2233 5257 oriundus,
2271 5191 2617 5245 sanctissimo
2647 5189 2846 5244 domno
2884 5187 3138 5243 Gabriele
3182 5190 3525 5257 patriarcha-

1952 5283 2057 5337 lem
2102 5286 2353 5337 thronum
2381 5283 2681 5336 obtinente.
2716 5280 2877 5349 Atqui
2908 5279 3129 5336 Gabriel
3166 5280 3411 5336 Flamma
3440 5298 3531 5353 pa.»

1955 5375 2312 5429 triarehatum
2368 5372 2615 5428 Venetiis
2647 5372 2885 5427 obtinuit
2927 5373 3081 5441 juxta
3120 5371 3404 5442 Ughellum
3432 5397 3436 5401 ·
3465 5376 3533 5431 ab

1952 5482 2095 5522 anno
2129 5465 2293 5532 ιοδι,
2347 5466 2567 5520 ineunte
2591 5462 2851 5518 Januario
2903 5463 2969 5516 ad
3017 5461 3086 5518 η
3122 5461 3245 5519 Julii
3284 5464 3407 5518 anni
3452 5478 3535 5518 se-

1952 5560 2206 5630 quentis;
2243 5558 2388 5613 unde
2416 5557 2688 5627 intelligas
2716 5569 2902 5611 curam
2937 5554 3083 5609 illam
3119 5555 3281 5610 annis
3311 5558 3533 5611 octode-

1954 5653 2058 5706 cim
2091 5651 2243 5721 prius
2270 5650 2572 5719 impensam
2601 5648 2774 5716 operi,
2805 5660 2964 5716 quam
2990 5646 3123 5702 illud
3150 5647 3294 5715 typis
3339 5648 3529 5700 admo-

1956 5754 2191 5797 veretur.
2214 5740 2270 5795 Si
2297 5754 2416 5808 qum
2448 5755 2547 5793 vox
2572 5740 2673 5792 alia
2705 5738 2990 5791 obscurior
3018 5746 3292 5802 occurrat,
3324 5730 3442 5791 eam
3471 5738 3527 5791 in

1954 5830 2341 5887 Commentarii
2391 5830 2533 5883 serie
2558 5828 2969 5896 explicabimus.
