4046 6492
544 435 766 477 CCCXXV]

1908 590 2044 599 —_——..

1917 422 2449 483 PROLEGOMENA.

2047 590 3758 616 mm

1109 770 1934 885 ACOLUTHIA
2019 776 2733 888 TRIPLICIS
2813 778 3219 892 FESTI

691 1005 783 1067 Ex
816 1001 1077 1081 Typico,
1111 1001 1386 1073 Menaeis,
1420 999 1684 1078 aliisque
1720 997 2070 1061 Ritualibus
2109 1001 2343 1061 Grzecis
2373 1002 2712 1081 impressis,
2741 1005 3086 1087 interprete
3119 1012 3374 1078 Nicolao
3404 1017 3637 1096 Βαγωο

1906 1103 2222 1163 societatis
2258 1105 2423 1164 Jcsu.

1865 1406 2097 1462 CAPUT
2140 1406 2435 1465 PRIML'M.

1799 1570 1870 1623 De
1910 1572 2199 1624 minoribus
2249 1571 2511 1639 Vesperis.

607 1705 696 1764 38.
755 1703 1066 1774 Exploratis
1102 1704 1212 1770 jam
1263 1702 1330 1753 iis
1371 1702 1644 1766 omnibus,
1679 1717 1744 1756 ex
1775 1703 1973 1770 quibus
2003 1701 2116 1756 ofli-
2147 1707 2191 1761 A
2218 1706 2307 1774 qui
2335 1708 2693 1763 accendendis
2749 1709 2800 1762 in
2841 1711 3036 1780 templo
3061 1712 3353 1771 luminibus
3383 1730 3594 1785 praeest.
3627 1722 3690 1776 Et
3717 1720 3796 1779 sic

531 1804 672 1858 cium
712 1799 986 1862 Graecum,
1025 1795 1189 1849 veluti
1235 1809 1300 1847 ex
1339 1795 1556 1849 totidem
1597 1795 1879 1865 principiis
1909 1809 1973 1848 ac
2001 1794 2112 1849 ele-

536 1896 738 1952 mentis
775 1890 1158 1954 constituitur;
1198 1887 1503 1955 proximum
1557 1897 1660 1951 est,
1705 1899 1764 1940 ut
1803 1896 1972 1940 totum
2021 1888 2114 1939 tri-

528 1989 687 2059 plicis
717 1986 839 2040 fcsti
874 1983 1110 2040 otiicium
1146 1990 1550 2050 reprresentem,
1579 1981 1644 2034 ad
1677 1980 1837 2034 fidem
1875 1979 2114 2033 liberan-

529 2084 655 2137 dam
715 2093 913 2134 meam.
971 2075 1136 2130 Facio
1199 2082 1380 2126 autem
1443 2072 1658 2126 initium
1725 2087 1756 2126 a
1813 2071 2108 2139 Vesperis,

529 2189 665 2242 quas
693 2171 830 2226 scito
863 2167 1004 2238 apud
1029 2165 1249 2221 Grzeeos
1286 2162 1475 2219 diebus
1513 2163 1742 2234 singulis
1787 2177 1909 2217 esse
1935 2163 2114 2216 binas.

526 2268 662 2322 Alite
719 2276 956 2330 namque
1023 2257 1254 2325 majores
1322 2266 1477 2318 sunt,
1536 2256 1775 2309 minores
1837 2255 1977 2308 aliae.
2044 2255 2117 2306 De

528 2357 832 2415 minoribus
879 2353 990 2423 agit
1019 2351 1285 2421 Typicum
1316 2349 1376 2401 S.
1429 2348 1609 2408 Sabre,
1641 2363 1761 2414 cap.
1798 2349 1849 2408 1,
1881 2348 1972 2401 ubi
2006 2358 2116 2400 sta-

528 2453 623 2508 tim
652 2458 771 2521 post
809 2449 953 2501 hunc
1004 2442 1241 2505 titulum,
1265 2439 1483 2509 Εῖδησις
1516 2437 1608 2492 τοῦ
1649 2437 1846 2510 μικροῦ
1890 2439 2112 2511 ἑσπερι-

523 2544 641 2610 νοῦ,
675 2545 777 2597 hoc
823 2550 927 2602 est,
974 2555 991 2587 ‹
1032 2534 1230 2590 Notitia
1265 2532 1533 2585 minorum
1581 2545 1954 2600 vesperarum,
1988 2551 2006 2582 ι
2037 2533 2117 2584 sic

523 2637 694 2692 habet
712 2653 726 2688 :
744 2633 860 2703 Πρὸ
870 2628 963 2683 τοῦ
987 2628 1136 2680 δῦναι
1156 2625 1245 2677 τὸν
1263 2624 1435 2693 ἦλιον,
1450 2624 1617 2690 ἤγουν
1638 2623 1766 2691 περί
1791 2622 1940 2692 ὥραν
1957 2622 2116 2674 δεκά-

523 2744 624 2798 την
665 2724 765 2795 τῆς
795 2722 1026 2793 ἡμέρας,
1062 2716 1351 2787 ἀνέρχεται
1373 2716 1401 2766 ό
1439 2712 1955 2783 κανδηλάπτης,καὶ
1974 2715 2118 2765 ποιεῖ

524 2817 818 2892 μετάνοιαν
854 2811 933 2883 τῷ
973 2807 1298 2881 προεστῶτι,
1346 2806 1441 2860 καί
1477 2803 1752 2858 κατελθὼν
1777 2804 2116 2877 σημαίνειτὸ

528 2911 748 2986 μικρόν.
801 2927 820 2960 ι
868 2907 1008 2959 Ante
1038 2902 1170 2958 solis
1204 2914 1486 2961 occasum,
1531 2898 1785 2952 videlicet
1836 2899 1984 2952 circa
2015 2899 2114 2951 iiO-

524 3018 643 3058 ram
673 2999 778 3056 diei
804 2995 1098 3057 decimam,
1149 2990 1395 3044 ascendit
1436 2987 1807 3056 candelaptes,
1839 2989 2114 3054 corporis-

2219 1798 2470 1851 muneris
2510 1797 2663 1851 istius
2692 1802 2829 1855 ratio
2854 1802 3008 1871 plene
3045 1807 3420 1877 cumulateque
3445 1813 3790 1880 exprimitur.

2287 1886 2375 1939 40.
2404 1886 2554 1954 Quod
2584 1887 2838 1959 Typicum
2871 1908 3031 1962 supra
3067 1893 3216 1958 dicit,
3249 1896 3601 1966 candelapten
3627 1905 3789 1957 etiam

2216 1979 2370 2046 signo
2400 1994 2702 2035 convocare
2733 1983 3009 2050 populum,
3045 1985 3096 2037 id
3141 2002 3245 2040 non
3274 1987 3466 2054 opinor
3495 1993 3790 2048 universim

2216 2085 2400 2124 verum
2437 2087 2557 2126 esse
2587 2089 2598 2124 :
2627 2088 2747 2126 cum
2767 2075 2995 2145 Cyrillus
3019 2076 3526 2148 Scythopolitanus,
3556 2080 3791 2139 Joannes

2216 2159 2490 2228 Moschus,
2505 2175 2557 2218 et
2573 2165 2890 2220 Theodorus
2905 2166 3113 2220 Studita
3128 2183 3218 2222 eas
3237 2184 3301 2238 pa
3313 2179 3421 2224 rtes
3435 2173 3793 2227 canonarchae

2218 2255 2455 2309 tribuere
2472 2257 2774 2310 vidcantur.
2800 2255 2975 2312 Verba
2994 2258 3199 2314 Moschi
3227 2272 3280 2315 et
3310 2261 3537 2316 Studita!
3558 2263 3791 2318 referam

2217 2345 2442 2402 inferius
2472 2349 2614 2404 aliud
2648 2365 2830 2420 agens.
2859 2351 2970 2406 imo
3013 2367 3140 2405 vero
3162 2354 3253 2422 qui
3282 2357 3384 2409 hoc
3416 2356 3631 2424 signum
3658 2357 3790 2416 edit.

2218 2442 2264 2496 is
2301 2453 2329 2494 Δ
2379 2441 2584 2496 Codino
2606 2456 2724 2508 cap.
2759 2441 2812 2504 1,
2861 2444 3092 2510 pentade
3130 2444 3163 2498 5
3195 2442 3260 2509 (si
3293 2453 3467 2500 tamen
3498 2448 3602 2501 lioc
3633 2458 3794 2516 caput

2216 2534 2402 2588 Codini
2433 2533 2547 2600 sit),
2581 2533 2978 2604 λαοσυνάκτης,
3001 2549 3092 2588 seu
3126 2546 3342 2593 coactor
3373 2541 3572 2608 populi,
3603 2540 3790 2608 appel-

2219 2625 2378 2688 latur,
2411 2636 2464 2676 et
2487 2625 2629 2677 inter
2658 2627 2838 2678 munia
2881 2628 3249 2683 ecclesiastica
3278 2632 3495 2698 ponitur
3527 2642 3789 2703 tanquam

2219 2717 2491 2786 peculiare
2518 2717 2760 2783 aliquod,
2795 2733 2825 2769 a
2858 2721 3180 2788 caeterisque
3213 2721 3546 2788 sejunctum:
3582 2732 3791 2778 tantum

2215 2811 2390 2876 abest,
2418 2818 2476 2862 ut
2500 2808 2844 2876 candelaptes
2885 2809 2935 2862 id
2960 2810 3062 2862 sibi
3095 2825 3313 2880 semper
3337 2828 3400 2867 ac
3431 2815 3632 2884 ubique
3665 2817 3788 2869 vin-

2216 2903 2374 2958 dicet.
2413 2902 2749 2971 Quapropter
2798 2916 2901 2956 non
2951 2912 3154 2959 temere
3197 2918 3296 2972 ego
3334 2906 3786 2972 existimaverim,

2216 2997 2320 3048 duo
2356 2993 2442 3047 illa
2483 2993 2687 3057 munia,
2729 2993 3095 3048 λαοσυνάκτου
3129 3003 3183 3049 et
3224 2994 3623 3065 κανδηλάπτου,
3659 2997 3792 3053 alibi

525 3109 632 3166 que
663 3089 1020 3146 inclinatione
1050 3089 1349 3137 veneratur
1382 3078 1670 3148 prtesidem
1709 3093 1801 3130 seu
1828 3077 2109 3141 abbatem;
2144 3069 2185 3122 Β
2216 3086 2268 3137 in
2301 3087 2434 3138 duos
2459 3086 2706 3140 distribui
2739 3088 3012 3149 homines,
3189 3091 3336 3143 coire
3370 3088 3422 3142 Ῑη
3456 3105 3645 3143 unum.
3669 3088 3789 3144 Jan.

525 3194 579 3237 et
603 3188 887 3251 postquam
918 3171 1224 3237 descendit,
1257 3169 1435 3239 pulsat
1471 3167 1687 3236 signum
1722 3170 1918 3221 minus.
1958 3186 1977 3218 ι

596 3273 685 3326 '59.
727 3270 802 3325 De
834 3269 939 3322 hoc
972 3267 1129 3334 signo
1160 3271 1452 3330 antequam
1511 3260 1694 3313 dicere
1735 3259 1980 3324 instituo,
2045 3259 2110 3313 de

526 3369 642 3435 ipso
668 3361 984 3428 candelapte
1007 3370 1177 3424 pauca
1206 3355 1402 3418 dicam,
1434 3362 1492 3405 ut
1523 3364 1684 3406 omne
1706 3352 1922 3407 errandi
1969 3352 2110 3420 νει-ἰ-

524 3456 706 3513 culum
738 3458 1040 3507 avertatur.
1070 3446 1214 3500 Sane
1238 3443 1503 3499 Meursius
1520 3453 1573 3497 et
1589 3441 1883 3498 Gretserus
1901 3454 2106 3510 noster,

523 3560 835 3620 quanquam
858 3541 1365 3604 florerentuterque
1389 3537 1586 3606 linguae
1619 3534 1824 3590 Graecae
1853 3535 2104 3599 scientia,

524 3652 709 3698 tamen
740 3635 905 3704 huius
939 3638 1219 3687 notionem
1271 3627 1507 3682 nominis
1548 3627 1780 3680 assecuti
1815 3641 1920 3681 non
1957 3635 2104 3692 sunt,

521 3739 808 3805 propterea
859 3724 1006 3797 quod
1055 3719 1226 3778 radici
1283 3719 1400 3773 sive
1434 3717 1639 3773 nomint
1687 3713 1877 3770 Graeco
1907 3718 2105 3788 κανδή-

522 3825 592 3879 λα
619 3821 892 3878 notionem
919 3814 1164 3871 eamdem
1190 3810 1488 3879 subjectam
1513 3821 1634 3881 esse
1650 3815 1922 3877 putarent,
1948 3816 2109 3875 atque

523 3916 718 3972 Latino
743 3909 997 3972 candela;
1025 3908 1204 3974 inquo
1235 3903 1493 3958 errabant
1515 3903 1886 3955 vehementer.
1902 3898 2108 3969 Quippe

520 4007 584 4062 τὸ
614 4001 890 4069 κανδήλα
914 3995 1183 4067 signiﬁcat
1219 3993 1541 4062 lampadem,
1570 3992 1726 4046 sicuti
1763 4007 1980 4060 possum
2009 3993 2104 4045 de-

523 4105 829 4153 monstrare
878 4104 946 4146 ex
1004 4087 1172 4141 variis
1221 4085 1548 4155 scriptorum
1581 4085 1970 4139 monumentis.
2019 4084 2106 4139 ln—

522 4189 713 4260 primis
742 4181 1356 4253 Hierosolymitanorum
1409 4176 1719 4246 patriarcha
1759 4175 1817 4230 S.
1867 4174 2104 4246 Sophro-

520 4284 668 4346 nius,
699 4282 750 4334 in
792 4278 912 4331 Vita
956 4274 1060 4330 SS.
1090 4271 1216 4342 Cyri
1245 4279 1294 4325 et
1335 4269 1560 4323 Joannis
1596 4269 1672 4321 ait
1712 4285 1727 4324 :
1757 4269 1870 4321 Kal.
1907 4271 2102 4340 μικρὸν

519 4373 615 4427 τοῦ
663 4373 760 4442 τῆς
793 4367 1060 4438 κανδήλας
1116 4363 1294 4416 ἐλαίου
1322 4361 1423 4431 τῆς
1452 4361 1563 4415 ἄνω
1612 4362 1715 4431 πρὸ
1744 4364 1842 4432 τῆς
1865 4361 1957 4414 τοῦ
1987 4364 2101 4415 Em-
2129 4414 2172 4442 η

518 4466 684 4537 τῆρος
735 4462 938 4522 εἰκόνος
967 4455 1276 4526 ἁπτομένης
1322 4451 1501 4504 λαϐὼν
1537 4452 1617 4514 εἰς
1650 4450 1928 4521 ληκύθιον.
1977 4471 1988 4502 l
2035 4453 2096 4506 Et

520 4552 915 4625 aliquantulum
959 4549 1065 4603 olei
1091 4565 1155 4601 cx
1187 4545 1434 4614 lampade
1469 4554 1594 4598 ante
1625 4543 1932 4600 Servatoris
1961 4543 2094 4597 ima-

519 4650 697 4718 ginem
738 4646 962 4699 ardente
994 4640 1277 4706 excipiens
1306 4639 1357 4692 in
1401 4638 1692 4707 lecytlmm.
1735 4656 1752 4687 ι
1801 4637 1929 4692 Item
1963 4639 2097 4690 cita-

521 4750 631 4792 tum
686 4735 947 4805 Typicum
984 4746 1105 4800 cap.
1151 4729 1239 4792 i9,
1271 4729 1334 4782 ad
1367 4730 1508 4781 diem
1544 4728 1609 4782 16
1635 4726 1874 4782 Januarii
1910 4749 1922 4784 :
1955 4729 2099 4782 Δεδο-

516 4848 608 4885 ται
634 4830 690 4883 δὲ
723 4828 815 4881 καὶ
849 4826 999 4894 ἅγιον
1029 4824 1206 4877 ἔλαιον
1231 4823 1343 4883 τοῖς
1370 4821 1617 4889 ἀδελφοῖς
1656 4822 1721 4873 ὲκ
1764 4821 1863 4890 τῆς
1894 4824 2096 4894 κανδή-

517 4924 616 4988 λας
647 4919 740 4974 τοῦ
773 4919 951 4988 ἁγίου.
992 4937 1008 4969 ι
1047 4917 1216 4969 Datur
1243 4925 1299 4968 et
1339 4923 1586 4968 sanctum
1613 4914 1791 4969 oleum
1839 4913 2095 4970 fratribus

516 5032 580 5070 ex
629 5013 804 5070 sancti
850 5011 1117 5081 lampade.
1159 5028 1175 5059 ι
1240 5007 1357 5061 Alia
1392 5016 1448 5059 ut
1487 5017 1824 5076 praeteream,
1872 5017 2095 5064 testatur

516 5107 752 5177 Cangius
786 5105 891 5159 dici
924 5104 1063 5171 apud
1087 5101 1378 5163 Codinum,
1407 5098 1920 5169 deAntiquitatibus
1941 5101 2087 5156 Con—

513 5196 1030 5268 stantinopolitanis,
1059 5194 1298 5264 κανδὴλα
1331 5189 1545 5261 ὑαλίνη.
1578 5193 1678 5247 hoc
1707 5202 1810 5255 est,
1848 5209 1864 5242 t
1888 5192 2090 5262 lampas

516 5293 715 5346 vitrea.
751 5311 769 5343 ι
803 5290 960 5346 Unde
986 5289 1200 5344 Goarus
1219 5303 1339 5357 pag.
1373 5282 1496 5348 560,
1526 5282 1816 5339 Meursium
1848 5295 1902 5338 et
1935 5285 2090 5338 Gret-

516 5397 698 5436 serum
725 5381 847 5450 jure
879 5381 1071 5434 merito
1097 5381 1372 5442 coarguit;
1399 5377 1718 5443 asseritque,
1747 5375 1807 5428 τὸ
1828 5375 2089 5445 κανδηλάο

516 5489 658 5543 πτης
683 5472 826 5536 duci,
866 5485 970 5524 non
999 5485 1029 5523 a
1059 5470 1320 5532 candelis,
1353 5470 1447 5523 sed
1480 5485 1509 5521 a
1536 5468 1870 5536 lampadibus
1898 5483 2088 5521 accen-

515 5566 724 5618 dendis.
746 5566 811 5616 At
839 5580 982 5629 vero,
1016 5564 1271 5630 quoniam
1303 5562 1461 5614 estin
1479 5561 1930 5614 Pentecostarioé
1954 5577 2084 5612 καν-

512 5654 789 5726 δηλάπτης
835 5655 994 5709 ἆπτει
1046 5653 1114 5706 τὰ
1165 5653 1333 5724 κηρία
1385 5654 1560 5706 πάντα
1621 5653 1712 5704 καὶ
1738 5650 1836 5715 τὰς
1891 5651 2085 5720 κανδή-

513 5746 630 5811 λας,
675 5765 694 5797 ι
736 5748 1080 5817 candelaptes
1105 5745 1353 5800 accendit
1383 5760 1572 5800 cereos
1612 5761 1801 5800 omnes
1841 5760 1905 5800 ac
1948 5744 2083 5798 lam-

512 5835 700 5910 pades,
733 5858 750 5891 ›
791 5841 973 5893 malim
1005 5857 1104 5910 ego
1150 5837 1505 5905 candelapten
1539 5840 1882 5909 interpretari
1932 5854 2076 5904 enin,

2216 3191 2342 3230 vero
2370 3191 2488 3229 cum
2522 3175 2782 3246 Typicum
2809 3179 2866 3232 S.
2894 3179 3049 3233 Sahze
3082 3180 3335 3246 aiiirmet,
3366 3183 3577 3252 signum
3607 3197 3638 3234 a
3659 3197 3796 3236 can-

2213 3267 2422 3337 delaple
2445 3268 2595 3334 dari,
2625 3270 2744 3337 quis
2785 3285 2891 3323 non
2918 3272 3094 3324 videat
3123 3274 3174 3324 in
3205 3273 3376 3341 ipsius
3404 3275 3579 3329 Laura
3620 3292 3788 3330 unum

2210 3361 2382 3416 solum
2434 3370 2662 3431 utroque
2701 3363 2805 3416 isto
2847 3377 3066 3414 munere
3114 3364 3353 3417 fiiuctum
3413 3367 3571 3420 esse?
3601 3369 3778 3436 Atque

2209 3464 2336 3504 ecce
2361 3449 2442 3503 via
2472 3449 2649 3504 facilis
2677 3459 2730 3504 et
2760 3450 3008 3520 expedita
3037 3450 3335 3505 adducendi
3366 3453 3417 3504 in
3438 3456 3788 3509 concordiam

2211 3541 2444 3600 codices,
2478 3542 2568 3611 qui
2606 3542 2778 3612 prima
2805 3539 2986 3596 fronte
3030 3540 3130 3595 sibi
3161 3549 3347 3596 mutuo
3385 3543 3664 3597 adversari
3711 3546 3796 3598 vi-

2210 3628 2423 3682 dentur.

2279 3722 2368 3775 41.
2396 3720 2548 3776 Nunc
2577 3723 2641 3778 de
2660 3724 2837 3795 signo,
2861 3739 2969 3794 quo
3006 3723 3177 3781 δι’πὶ
3207 3726 3272 3781 ad
3298 3725 3554 3796 templum
3589 3742 3792 3783 convo-

2210 3823 2424 3878 cantur,
2456 3815 2739 3870 dicendum
2779 3825 2885 3880 est,
2914 3825 2968 3870 et
3003 3818 3300 3874 audiendus
3330 3819 3577 3885 Allatius,
3605 3821 3698 3891 qui
3735 3821 3789 3876 in

2213 3903 2596 3963 dissertatione
2653 3911 2717 3961 de
2772 3910 3135 3964 recentiorum
3193 3910 3507 3967 Grzecorum
3569 3915 3789 3984 templis

2209 4009 2336 4066 pag.
2363 3997 2481 4063 iOl,
2517 4001 2596 4053 sic
2620 4000 2736 4052 infit
2766 4017 2781 4053 :
2817 4018 2835 4049 ι
2874 3999 3178 4069 Campanas
3226 4012 3279 4057 et
3314 4006 3667 4075 campanaria
3690 4008 3789 4076 (ita

2211 4086 2283 4140 illi
2328 4090 2648 4158 campanilia
2683 4092 2898 4158 vocant)
2935 4091 3097 4145 etiam
3133 4094 3275 4163 apud
3304 4095 3544 4163 Graecos,
3575 4106 3792 4165 postre-

2209 4179 2310 4234 mis
2349 4181 2541 4236 saltem
2588 4182 2940 4250 temporibus,
3004 4185 3056 4238 in
3117 4200 3213 4238 usu
3275 4186 3461 4250 fuisse,
3515 4189 3690 4243 habeo
3721 4205 3791 4244 ex

2208 4272 2410 4335 multis,
2440 4273 2533 4328 sed
2576 4275 2840 4345 praecipue
2862 4290 2927 4328 ex
2964 4274 3181 4345 Georgii
3221 4276 3565 4347 Pachymerze
3606 4276 3792 4332 [listo-

2207 4363 2310 4425 ria,
2342 4362 2432 4431 qui
2466 4377 2652 4417 earum
2693 4363 2889 4431 smpius
2927 4365 3190 4430 meminit,
3229 4365 3318 4420 lib.
3350 4382 3443 4420 vn.
3492 4367 3598 4421 Τοῦ
3620 4369 3663 4421 δ’
3689 4369 3790 4424 αὑ-

2202 4451 2295 4504 τοῦ
2335 4452 2502 4522 μηνὸς
2545 4453 2682 4523 μετὰ
2731 4453 2828 4523 τὴν
2867 4455 3192 4527 τριακοστὴν
3222 4456 3316 4510 τοῦ
3349 4457 3482 4529 πρὸς
3514 4460 3783 4531 ἑσπέραν,

2201 4542 2436 4607 ἐντεθεὶς
2463 4544 2628 4614 λίκνῳ
2661 4546 2689 4596 ό
2735 4544 2953 4617 Ἰωσὴφ,
2991 4547 3148 4619 μόνον
3178 4550 3277 4602 οὐκ
3306 4551 3506 4613 ἄπνους
3529 4550 3626 4616 ὢν,
3656 4555 3790 4606 πολ-

2201 4635 2307 4687 λῶν
2330 4636 2455 4706 περὶ
2485 4638 2722 4706 ἑκάτερα
2746 4642 3159 4711 παρεπομένων,
3194 4643 3288 4695 καὶ
3319 4643 3788 4713 ὲπευφημούντων

2202 4726 2268 4779 τὰ
2298 4730 2725 4799 προπεμτπήρια
2755 4732 2839 4800 ἐφ’
2865 4732 3053 4803 ὕμνοις
3085 4734 3178 4787 καὶ
3218 4733 3433 4803 κρότοις
3453 4735 3785 4809 ἀνθρώπων,

2200 4818 2279 4871 ἔτι
2314 4820 2370 4873 δὲ
2402 4822 2494 4873 καὶ
2515 4819 2622 4873 τῶν
2653 4822 2750 4894 τῆς
2773 4824 3064 4896 ἐκκλησίας
3093 4827 3465 4898 συνακτηρίων
3492 4830 3783 4896 κωδώνων,

2199 4913 2276 4975 εις
2313 4913 2373 4965 τὸ
2392 4918 2778 4985 πατριαρχεῖον
2800 4917 3084 4984 ἀνάγεται.
3119 4918 3180 4970 Οἱ
3212 4918 3266 4970 δὲ
3299 4919 3391 4972 τοῦ
3423 4921 3647 4991 κλήρου,
3688 4922 3786 4991 μό-

2197 5003 2277 5066 λις
2310 5004 2408 5075 τὴν
2439 5005 2728 5078 ἐσπερινὴν
2751 5009 3024 5080 ὑμνῳδίαν
3056 5007 3174 5062 καθ’
3210 5011 3436 5074 ἑαυτοὺς
3464 5011 3786 5064 ἐκτελέσαν-

2196 5112 2304 5159 τες,
2340 5097 2462 5149 ἐπεὶ
2503 5097 2697 5168 opepe;
2725 5093 2814 5169 ἦν,
2853 5099 2946 5151 καὶ
2981 5100 3117 5170 πρὸς
3155 5102 3253 5172 τὴν
3287 5102 3582 5171 ἐκκλησίαν
3607 5103 3785 5174 ἀπήνο

2193 5202 2319 5251 των,
2373 5189 2514 5241 κατὰ
2561 5188 2620 5240 τὸ
2666 5189 2895 5258 σύνηθές
2954 5207 3154 5260 σφισιν,
3196 5194 3406 5254 ἑαυτοῖς
3455 5190 3656 5247 ἄϐατον
3689 5197 3783 5250 τὸν

2195 5279 2316 5330 ναὸν
2379 5281 2686 5342 κατενόουν,
2718 5281 2792 5344 ὡς
2845 5282 2978 5352 μηδὲ
3028 5283 3358 5353 σημάντροις
3403 5284 3496 5336 καὶ
3530 5285 3782 5339 κώδωσιν

2192 5373 2578 5445 ἡθροισμένοι..
2602 5394 2619 5425 ι
2655 5375 2765 5430 Iloc
2792 5378 2980 5431 eodem
3020 5393 3224 5439 mense,
3275 5386 3393 5445 post
3423 5379 3565 5432 diem
3609 5380 3779 5444 trice-

2199 5483 2216 5514 ‹
2249 5466 2608 5532 simum,cum
2631 5468 3126 5534 adveSperasceret,
3145 5469 3341 5522 lectica:
3373 5469 3659 5537 impositus
3684 5471 3780 5525 Jo-

2194 5573 2213 5604 ‹
2247 5561 2399 5626 septi,
2422 5568 2626 5612 tantum
2657 5576 2761 5613 non
2787 5561 3074 5625 exanimis,
3098 5560 3280 5614 multis
3304 5562 3427 5614 hinc
3451 5564 3780 5629 atqueillinc

2193 5666 2211 5696 ‹
2251 5651 2756 5716 concomitantibus,
2795 5659 2849 5706 et
2881 5653 3140 5721 praceunti
3176 5668 3380 5722 pompa:
3402 5654 3778 5723 applaudenti-

2191 5760 2211 5792 ‹
2245 5743 2361 5808 bus,
2391 5744 2884 5798 nonsinelaudibus
2916 5745 3209 5812 etstrepitu
3231 5746 3647 5813 hominum,nec
3667 5763 3774 5802 non

2192 5854 2209 5888 ι
2244 5837 2483 5892 ecclesicc
2516 5837 2813 5908 campanis,
2849 5853 2966 5908 quac
2993 5839 3244 5910 populant
3274 5840 3536 5897 advocare
3576 5841 3772 5908 solent,
