4046 6466
1333 399 1559 456 ACULU
1573 400 1734 455 THIA
1771 399 2106 455 TRIPIJCIS
2148 398 2343 453 FESTI
2357 442 2370 455 .

3234 408 3485 451 CCCXXV“

246 541 269 576 ¢
304 520 742 585 reboantibus,in
779 518 1164 589 patriarchium
1184 517 1485 574 deducitur.
1510 518 1610 585 Qui
1638 528 1815 573 autem
1847 527 1892 581 Α
1922 519 2088 587 nulla,
2129 536 2233 575 non
2263 530 2453 585 magna
2491 517 2774 571 admodum
2801 558 2815 579 ,
2842 514 2935 570 sed
2972 526 3161 582 penna:
3220 512 3488 566 anserina

245 635 265 669 ι
304 635 367 673 ex
403 618 551 673 clero
574 623 749 680 erant,
784 616 869 670 vix
898 612 1220 684 veSpertinis
1244 612 1495 668 laudibus
1530 614 1815 683 sejunctim

244 728 265 761 ι
300 707 583 769 absolutis,
615 721 735 759 cum
766 706 1085 760 matutinum
1124 714 1333 774 tempus
1359 704 1595 771 adesset,
1637 715 1691 758 et
1722 720 1818 773 pro

244 822 263 851 ι
300 812 450 853 more
486 798 537 849 in
588 799 871 853 ecclesiam
902 795 1298 858 convenissent,
1340 793 1674 848 inaccessum
1708 794 1811 847 sibi

249 911 266 942 ι
305 886 559 956 templum
582 904 699 942 esse
727 885 977 937 videbant
1001 894 1251 954 tanquam
1274 882 1361 951 qui
1390 897 1564 951 neque
1592 897 1808 949 campa-

247 1002 266 1033 ι
302 981 385 1033 nis
424 995 598 1050 neque
624 976 993 1030 tintinnabulis
1016 976 1597 1043 fuissentcongregati.
1640 994 1658 1026 ι
1703 975 1819 1028 lluc

238 1073 383 1125 addit
406 1073 630 1127 Allatius
658 1068 774 1122 loco
799 1069 1094 1136 praecitato,
1125 1083 1187 1119 cx
1212 1065 1484 1119 Michaelis
1510 1065 1666 1121 Pselli
1698 1082 1818 1119 ora—

242 1166 386 1221 tione
423 1163 660 1219 nomium
691 1162 833 1214 edita
863 1162 927 1211 ad
954 1156 1370 1211 Cotistantiuum
1407 1157 1816 1210 monomachum

242 1256 602 1312 testimonium
659 1252 762 1305 tale
803 1250 988 1301 εἈλλ’
1044 1249 1103 1301 οὐ
1146 1247 1323 1317 πάντη
1372 1248 1652 1319 τερφοήσῃ
1710 1248 1819 1308 τοῖς

237 1346 555 1416 ὀφθαλμοῖς,
596 1342 714 1393 οὐδὲ
765 1341 848 1407 ἐφ’
906 1339 1044 1403 ὅλοις
1089 1340 1496 1411 προμειδιάσεις
1538 1342 1650 1401 τοῖς
1678 1340 1812 1408 ὀρω-

242 1441 444 1511 μὲνοις’
489 1436 728 1504 ἐξεγερεῖ
759 1433 865 1503 γάρ
892 1450 949 1486 σε
981 1434 1152 1505 μέσης
1182 1434 1374 1495 νυκτὸς
1405 1436 1433 1484 ὁ
1463 1432 1650 1485 κώδων
1685 1432 1712 1481 ὁ
1743 1432 1816 1482 ἱε-

241 1531 354 1602 ρὸς,
410 1528 503 1580 καί
558 1525 718 1589 Ozias;
756 1526 1140 1596 ὲνστηλωθήσῃ
1174 1524 1443 1589 ἐδάφεσιν.
1501 1544 1517 1575 ι
1566 1522 1670 1577 Sed
1713 1538 1816 1576 non

238 1619 387 1676 omni
416 1633 478 1673 ex
509 1627 659 1689 parte
706 1618 877 1672 oculis
914 1614 1291 1678 delectaberis,
1330 1630 1428 1668 nec
1478 1616 1531 1667 in
1564 1616 1817 1669 omnibus

240 1711 548 1767 visibilibus
574 1712 835 1780 gaudebis
875 1728 887 1762 :
919 1706 1178 1762 excitabit
1199 1707 1344 1760 enim
1382 1715 1433 1758 te
1456 1707 1631 1760 media
1665 1717 1819 1762 nocte

240 1822 456 1861 sacrum
518 1802 963 1864 tintinnabulum,
1001 1808 1055 1855 et
1108 1801 1278 1856 sacris
1335 1801 1615 1854 incumbes
1667 1799 1784 1867 pavi

240 1897 459 1951 mentis.
494 1912 514 1945 ι

314 2005 401 2058 42.
424 2004 499 2057 Ex
538 2005 619 2059 his
650 2004 855 2060 duobus
892 2007 1213 2061 testimoniis
1247 2017 1389 2061 recte
1423 2008 1645 2063 conficit
1677 2008 1819 2063 Alla-

243 2099 370 2162 tius,
402 2111 689 2167 campauas
736 2099 1023 2167 postremis
1070 2099 1423 2165 temporibus,
1475 2101 1527 2151 id
1562 2109 1644 2155 est
1671 2102 1814 2154 eirea

241 2205 368 2244 ann.
420 2204 526 2242 ut.
576 2190 628 2241 iu
673 2205 770 2243 usu
819 2189 985 2242 fuisse
1035 2190 1174 2258 apud
1220 2188 1471 2252 Graecos;
1504 2204 1815 2259 quanquam

239 2293 422 2349 putem
451 2296 548 2348 ego
576 2280 740 2333 fuisse
775 2280 941 2334 multo
968 2289 1113 2334 ante.
1148 2280 1360 2333 Etenim
1397 2281 1539 2335 hunc
1604 2281 1819 2337 Graecos

244 2373 518 2440 accepisse
546 2388 574 2425 a
596 2369 813 2425 Venetis
853 2371 952 2426 sub
983 2387 1183 2425 annum
1213 2386 1508 2426 nccccxxrv
1528 2381 1716 2424 auctor
1739 2382 1820 2426 est

246 2465 492 2518 Andreas
528 2462 820 2527 Dandulus,
856 2465 907 2519 in
935 2464 1195 2519 chronico
1221 2479 1320 2518 ms.
1356 2473 1411 2518 et
1434 2480 1501 2518 ex
1536 2478 1599 2517 eo
1627 2462 1816 2518 Sabel-

239 2559 380 2613 licus
410 2557 647 2611 Ennead.
680 2556 736 2620 9,
768 2556 859 2611 lib.
889 2573 926 2610 ι.
966 2557 1073 2611 Sed
1115 2556 1324 2625 direpto
1358 2556 1698 2624 postmodum
1733 2556 1813 2624 (ut

242 2652 583 2720 prosequitur
630 2650 880 2713 Allatius,
941 2664 1063 2718 pag.
1116 2649 1241 2717 102)
1294 2666 1313 2698 ι
1369 2650 1581 2717 imperii
1646 2652 1819 2717 capite

243 2742 525 2810 Byzantio,
582 2741 893 2808 ditioneque
956 2740 1160 2807 reliqua
1201 2738 1512 2792 Graecorum
1561 2754 1589 2790 a
1624 2739 1817 2793 Turcis

240 2839 526 2899 occupata,
559 2844 944 2898 campanarum
975 2844 1103 2883 usus
1150 2829 1205 2881 in
1239 2829 1486 2892 urbibus,
1526 2829 1577 2882 in
1621 2830 1817 2896 quibus

245 2920 347 2990 ipsi
373 2919 595 2989 degunt,
628 2918 970 2974 intermissus
999 2926 1103 2980 est,
1135 2931 1200 2971 ne
1233 2932 1327 2986 per
1365 2932 1543 2971 aerem
1565 2918 1808 2987 palantes

243 3012 483 3077 animas,
518 3013 678 3067 timor
703 3013 968 3076 incussus,
1000 3011 1179 3080 quiete
1214 3026 1318 3080 qua
1348 3011 1619 3074 fruuntur,
1650 3024 1815 3078 expo-

244 3104 360 3154 liet.
397 3100 474 3153 lta
520 3101 739 3155 fanatici
766 3103 838 3154 illi
871 3104 1136 3165 homines,
1167 3116 1233 3154 ex
1277 3102 1615 3154 ethnicorum
1643 3103 1819 3165 genti-

244 3193 484 3260 liumque
533 3192 889 3260 nugamentis,
926 3192 992 3246 de
1039 3192 1317 3245 animabus
1353 3192 1818 3259 philosophantur.
1849 3213 1891 3267 α

242 3283 585 3352 QuaprOpter
606 3283 914 3336 sacerdotes
930 3280 1102 3336 Graeci
1133 3281 1310 3352 ligneo
1338 3283 1723 3345 instrumento,
1751 3282 1819 3335 ad

242 3375 465 3430 Graecos
507 3376 559 3428 in
604 3374 890 3429 ecclesiam
940 3375 1340 3440 convocandos,
1384 3383 1628 3428 utuntur.
1660 3373 1717 3429 ld
1740 3380 1824 3429 est

245 3467 451 3537 lignum
477 3466 721 3521 biuarum
746 3467 1189 3535 decempedarum
1216 3466 1568 3536 longitudine,
1593 3467 1822 3521 duorum

244 3556 540 3628 digitorum
579 3559 959 3622 crassitudine,
1016 3557 1301 3612 latitudine
1356 3568 1608 3625 quatuor,
1656 3574 1820 3627 quam

248 3651 457 3721 optime
496 3650 823 3714 dedolatum,
866 3669 973 3707 non
1010 3652 1191 3707 fissum
1228 3660 1320 3705 aut
1362 3653 1647 3714 rimosum,
1679 3654 1822 3721 quod

249 3758 411 3797 manu
471 3741 688 3796 sinistra
748 3743 981 3795 medium
1040 3752 1231 3796 tenens
1275 3743 1535 3796 sacerdos
1575 3741 1657 3795 vel
1680 3742 1820 3797 alius

250 3836 365 3906 (qui
407 3835 789 3889 Λαοσννᾶκτου
828 3849 1023 3888 munus
1062 3836 1215 3888 obire
1245 3833 1425 3904 debet)
1463 3834 1653 3889 dextra
1686 3834 1823 3888 mal-

252 3928 337 3981 leo
364 3943 431 3982 cx
455 3928 644 3982 eodem
678 3926 846 3997 ligno,
868 3925 1073 3979 cursim
1106 3925 1234 3979 hinc
1258 3926 1386 3980 inde
1420 3936 1824 3991 transcurrens,

253 4022 414 4074 modo
445 4020 498 4074 in
530 4035 689 4073 unam
722 4027 954 4088 partem,
987 4017 1147 4070 modo
1179 4016 1231 4069 in
1260 4016 1511 4084 alteram,
1545 4032 1713 4087 prope
1738 4016 1827 4072 vel

251 4113 465 4166 eminus
490 4110 558 4165 ab
583 4113 695 4179 ipsa
728 4110 946 4165 sinistra
970 4148 986 4173 ,
1019 4110 1091 4162 ita
1128 4107 1330 4178 lignum
1368 4108 1712 4172 deverberat,
1766 4118 1825 4163 ut

253 4199 447 4263 ictum,
486 4214 627 4254 nunc
666 4200 880 4268 plenum
909 4240 924 4264 ,
957 4214 1101 4253 nunc
1136 4213 1381 4267 gravem,
1408 4214 1552 4254 nunc
1581 4210 1822 4267 acutum,

258 4304 402 4344 nunc
463 4289 754 4355 crebrum,
807 4303 952 4342 nunc
1008 4299 1288 4343 extensum
1357 4291 1545 4353 edens,
1583 4290 1822 4359 perfecta

256 4382 488 4434 musices
518 4380 746 4435 scientia
772 4380 996 4434 auribus
1037 4379 1361 4434 suavissime
1385 4380 1727 4447 moduletur;
1772 4391 1829 4437 et

252 4471 353 4527 hoc
384 4472 758 4543 σημαντήριον
789 4479 1151 4540 nuncupatur,
1169 4470 1448 4540 magisque
1474 4472 1693 4541 proprio
1723 4487 1822 4527 uo-

254 4564 398 4616 mine
424 4563 915 4633 χειροσήμαντρον,
934 4562 1074 4629 quod
1100 4567 1348 4615 manibus
1378 4571 1625 4617 teneatur
1646 4563 1821 4633 iisque
1854 4555 1898 4610 D

254 4654 512 4723 pulsetur,
536 4655 601 4706 ad
620 4652 980 4708 differentiam
1006 4652 1230 4708 alterius
1260 4654 1459 4722 magni,
1479 4656 1619 4723 quod
1645 4655 1821 4726 μέγας

256 4748 567 4817 σήμαπρον
595 4746 811 4807 dicitur,
855 4761 918 4800 ex
958 4748 1144 4801 eodem
1179 4746 1361 4816 ligno,
1396 4755 1450 4800 et
1490 4746 1543 4799 in
1584 4747 1823 4803 turribus

257 4838 374 4891 sive
414 4837 797 4901 campanariis.
837 4838 1044 4893 catenis
1084 4838 1277 4892 ferreis
1321 4838 1437 4893 suis
1462 4838 1825 4894 extremitati-

257 4926 360 4982 bus
385 4927 727 4997 appenditur.
770 4925 903 4980 Illud
959 4940 1043 4980 est
1089 4928 1281 4997 insigni
1336 4926 1729 4998 magnitudine,
1766 4937 1826 4983 ut

259 5018 582 5086 quandoque
608 5033 699 5072 sex
755 5015 963 5086 palmes
1020 5017 1265 5079 latitudo,
1295 5032 1459 5070 unum
1495 5016 1821 5081 crassitudo,

258 5108 777 5178 trigintalongitudo
803 5117 1072 5176 exaequet,
1112 5107 1412 5176 malleoque
1458 5122 1559 5178 pro
1618 5109 1827 5178 magni-

258 5198 444 5253 tudine
478 5196 789 5251 semanterii
835 5194 1096 5264 pulsetur.
1137 5214 1156 5247 ι

326 5289 420 5343 45.
453 5289 729 5343 Hactenus
753 5290 1003 5350 Allatius.
1036 5306 1064 5342 a
1090 5305 1195 5359 quo
1231 5290 1589 5363 Hieronymus
1610 5292 1818 5363 Magius

254 5400 363 5439 non
401 5384 534 5436 nihil
566 5383 854 5449 discrepat,
884 5382 937 5435 in
978 5382 1071 5435 illo
1102 5383 1241 5437 libro
1259 5398 1417 5452 quem
1446 5386 1511 5438 de
1540 5384 1827 5438 Tintiuna-

252 5476 397 5531 bulis
430 5475 567 5542 apud
603 5473 918 5543 Byzantios,
958 5476 1099 5529 inter
1125 5476 1413 5544 compedes
1462 5476 1700 5543 scripsit.
1742 5473 1820 5529 lbi

250 5566 397 5621 enim
430 5580 549 5633 cap.
586 5564 650 5618 15
676 5564 926 5631 affirmat,
960 5566 1342 5620 semanterium
1377 5567 1587 5621 duobus
1622 5566 1824 5635 pulsari

256 5657 467 5712 malleis
495 5697 509 5721 ,
548 5672 720 5726 neque
755 5658 889 5711 adeo
921 5659 1092 5712 teneri
1142 5673 1322 5712 manu.
1355 5657 1519 5712 Juvat
1549 5658 1827 5726 subjicere

256 5747 428 5818 ipsius
458 5749 620 5801 verba
647 5762 766 5817 quae
784 5749 897 5802 haec
919 5756 1045 5803 sunt
1070 5766 1081 5800 :
1116 5764 1135 5799 ι
1174 5748 1659 5804 Simandrum'esse
1680 5747 1826 5803 scias

253 5840 491 5908 ligneam
523 5838 849 5895 tabulam....
882 5837 1073 5907 Capita
1103 5838 1366 5897 foramina
1413 5841 1615 5898 habent
1664 5852 1771 5896 non
1792 5867 1819 5880 -

1921 614 2197 670 calamove
2231 609 2520 679 scriptorio
2550 611 2755 678 pervia.
2789 610 2845 664 In
2875 606 3054 664 medio
3088 616 3302 659 tenuem
3338 604 3485 659 funi—

1921 706 2101 762 culum
2129 705 2392 762 continet.
2426 703 2526 768 Qui
2559 700 2813 772 populum
2845 703 2910 756 ad
2960 700 3219 768 templum
3248 707 3329 751 est
3360 712 3491 750 cou-

1920 809 2280 855 vocaturus...
2306 805 2432 849 ante
2467 795 2613 851 fores
2643 792 2845 872 templi.
2874 793 2953 845 vel
3006 793 3150 847 edito
3181 790 3299 846 loco
3337 789 3491 843 tabu-

1923 895 2029 947 lam
2061 899 2414 960 prmnotatam
2444 888 2651 941 malleis
2694 885 2905 939 duobus
2928 881 3119 950 ligneis
3145 882 3347 953 pulsat,
3378 894 3489 934 non

1922 988 2039 1041 sine
2064 983 2242 1051 aliqua
2283 986 2494 1037 ratione
2520 980 2746 1040 musica,
2778 986 2939 1045 atque
2965 974 3182 1027 interim
3219 976 3271 1027 in
3296 975 3490 1045 gyrurit

1924 1078 2127 1132 sensim
2187 1077 2465 1130 volvitur:
2498 1086 2601 1137 qua
2636 1086 2694 1122 re
2742 1069 2833 1133 fit,
2873 1077 2927 1122 ut
2959 1064 3175 1137 gravior
3221 1080 3340 1117 cum
3386 1080 3490 1116 non

1925 1174 2135 1238 ingrata
2172 1169 2462 1222 raucedine
2492 1176 2660 1218 sonus
2684 1161 2980 1213 emittatur.
3011 1156 3239 1222 Tabula,
3260 1170 3363 1208 non
3385 1171 3490 1222 qua

1924 1264 2102 1326 latior,
2141 1260 2233 1315 sed
2263 1276 2364 1329 qua
2402 1257 2609 1313 aretior
2644 1262 2728 1307 est
2754 1292 2767 1316 ,
2798 1252 2951 1320 quasi
3005 1253 3152 1305 librae
3182 1263 3380 1318 scapus
3437 1249 3489 1298 in

1923 1353 2145 1409 sinistro
2178 1350 2442 1418 pulsantis
2470 1347 2699 1400 humero
2726 1338 2992 1410 quiescit;
3029 1354 3087 1390 εις
3123 1352 3187 1391 ne
3228 1333 3491 1406 pulsando

1923 1445 2215 1506 dilabatur,
2252 1439 2495 1495 funiculo
2538 1433 2798 1506 praedicto
2848 1429 3122 1483 mordicus
3150 1427 3492 1496 apprehenso

1926 1536 2231 1593 retinetur:
2275 1532 2522 1584 manibus
2559 1527 2701 1580 enim
2733 1542 2835 1579 non
2895 1524 3054 1586 licet,
3095 1529 3203 1572 tum
3231 1517 3393 1586 quod,
3428 1530 3491 1569 ea

1923 1625 2289 1698 apprehensa,
2341 1635 2473 1675 sono
2515 1634 2619 1671 non
2676 1631 2865 1684 parum
2901 1613 3145 1675 decedit;
3188 1620 3301 1663 tum
3364 1608 3492 1676 quia

1926 1730 2155 1786 utraque
2210 1728 2403 1769 manus
2453 1710 2648 1765 malleo
2681 1706 2990 1777 impeditur.
3033 1703 3309 1757 Ambabus
3348 1701 3493 1757 enim

1928 1812 2180 1868 manibus
2208 1810 2454 1878 pulsatur
2491 1805 2616 1859 hinc
2640 1802 2765 1856 inde
2795 1840 2810 1864 ,
2841 1809 2897 1853 ut
2928 1812 3069 1851 nunc
3097 1798 3339 1864 quaedam
3395 1794 3497 1848 fre-

1854 1880 1894 1931 Β
1924 1910 2327 1974 queutantenta,
2358 1913 2496 1951 nunc
2522 1896 2999 1964 quasdampausas
3028 1888 3234 1941 audias.
3291 1905 3310 1937 ι

1990 2067 2079 2119 44.
2109 2063 2243 2118 Cum
2283 2066 2462 2113 autem
2507 2055 2639 2107 dicit
2688 2052 2894 2119 Magius
2930 2050 3073 2101 illam
3110 2046 3349 2102 tabulam
3386 2060 3491 2098 non

1922 2173 2078 2223 posse
2139 2152 2312 2208 teneri
2377 2148 2652 2210 manibus,
2692 2159 2757 2199 eo
2788 2142 2927 2210 quod
2955 2156 3017 2193 ea
3052 2141 3131 2193 sic
3156 2138 3493 2208 apprehensa

1925 2260 2142 2297 necesse
2198 2246 2269 2296 sit
2330 2240 2555 2295 multum
2609 2237 2675 2290 de
2725 2249 2857 2289 sono
2912 2231 3193 2292 decedere,
3224 2229 3495 2283 videbitur

1923 2340 2153 2389 fortasse
2212 2332 2483 2400 aliquibus
2538 2327 2864 2394 rejiciendus
2909 2338 3032 2379 esse
3083 2321 3338 2384 Allatius,
3402 2322 3494 2391 qui

1921 2442 2042 2483 eam
2095 2439 2254 2478 manu
2308 2422 2528 2476 sinistra
2567 2418 2737 2474 teneri
2769 2416 3020 2482 aﬂirtuat,
3052 2424 3104 2471 et
3136 2413 3379 2468 nihilomi
3430 2429 3489 2465 us

1922 2518 2303 2577 suavissimum
2338 2517 2499 2568 edere
2539 2519 2883 2566 concentum.
2912 2508 2978 2560 At
3010 2507 3169 2560 facile
3200 2506 3496 2575 dissipatur

1923 2616 2023 2669 ista
2053 2611 2192 2665 ratio
2232 2628 2244 2663 :
2278 2608 2477 2677 quippe
2509 2605 2553 2659 si
2574 2618 2733 2657 manu
2756 2600 3217 2671 apprehendatur,
3244 2612 3351 2650 non
3381 2597 3495 2665 ipsa

1924 2703 2231 2758 immediate
2270 2697 2473 2763 tabula,
2508 2696 2602 2750 sed
2626 2692 2895 2748 funiculus
2927 2692 3011 2744 ille
3040 2705 3145 2758 quo
3197 2687 3377 2743 tabula
3440 2688 3492 2739 iu

1926 2796 2107 2849 medio
2132 2794 2364 2846 libratur
2391 2804 2445 2845 et
2482 2788 2702 2858 paribus
2760 2784 3104 2838 examinatur
3139 2776 3491 2849 ponderibus,

1927 2896 2035 2939 tam
2066 2883 2248 2937 clarus
2278 2882 2456 2935 editur
2512 2894 2677 2933 sonus
2700 2916 2715 2942 ,
2754 2890 2913 2945 quam
2949 2873 2993 2927 si
3052 2868 3495 2940 apprehendatur

1925 2978 2178 3034 dentibus
2212 2992 2225 3028 :
2260 2973 2389 3043 quid
2422 2973 2565 3025 enim
2600 2971 2667 3023 ad
2692 2984 2882 3023 sonum
2920 2967 3172 3028 interest,
3203 2962 3493 3017 manibus-

1925 3084 1992 3124 ne
2012 3084 2079 3123 an
2108 3066 2360 3125 dentibus
2391 3059 2664 3115 funiculus
2692 3059 2793 3112 iste
2828 3065 3074 3110 teneatur
3096 3055 3119 3107 ?
3142 3054 3208 3108 Et
3240 3068 3371 3107 vero
3397 3052 3495 3103 nti-

1929 3176 2045 3215 rum
2077 3167 2180 3223 est,
2219 3158 2320 3211 hoc
2381 3168 2487 3208 non
2539 3149 2874 3206 succurrisse
2938 3145 3133 3215 Magio,
3187 3142 3484 3198 delitteattti

1926 3252 2152 3304 formam
2179 3245 2526 3315 hagiosideri,
2564 3245 2709 3313 quod
2749 3241 2830 3312 (ut
2858 3239 3038 3294 videre
3069 3244 3150 3292 est
3188 3234 3367 3303 capite
3406 3245 3495 3288 εσυ

1924 3338 2138 3411 quenti)
2162 3337 2425 3392 retinetur
2455 3348 2614 3388 manu
2642 3371 2658 3396 ,
2690 3327 2987 3385 funiculum
3017 3322 3484 3411 apprehendeutc.

1922 3410 2006 3487 An
2038 3429 2177 3485 forte
2205 3424 2415 3497 putavit
2453 3425 2505 3477 in
2543 3420 2883 3491 bagiosidero
2917 3431 3022 3470 non
3064 3410 3352 3467 intercludi
3409 3426 3498 3465 se-

1923 3537 2076 3587 num,
2105 3516 2391 3575 intercludi
2423 3523 2602 3570 autem
2632 3514 2686 3567 in
2712 3511 2803 3565 illo
2826 3509 2953 3572 alio,
2983 3508 3126 3576 quod
3153 3505 3265 3575 jam
3294 3512 3494 3557 tracta-

1924 3630 2065 3679 mus,
2099 3610 2425 3669 semanterio
2454 3605 2678 3677 ligneo?
2712 3603 2899 3669 lnepta
2940 3609 2989 3654 et
3027 3596 3256 3653 ridicula
3310 3595 3497 3649 isthme

1924 3715 2067 3762 esset
2108 3704 2288 3772 opinio
2324 3721 2337 3755 :
2378 3715 2497 3769 quae
2536 3698 2680 3751 enim
2712 3692 2936 3761 hujusce
2984 3688 3314 3745 discriminis
3359 3687 3498 3741 ratio

1926 3792 2228 3850 adinveniri
2263 3797 2449 3859 posset
2468 3787 2497 3839 τ
2532 3786 2648 3840 Huc
2702 3781 2909 3837 accedit
2968 3779 3113 3849 quod
3162 3778 3341 3847 potius
3396 3778 3499 3831 Illi-

1926 3896 2124 3940 nuatur
2150 3898 2336 3945 sonus,
2365 3878 2581 3950 quando
2608 3887 2862 3945 percussa
2894 3869 3071 3926 tabula
3117 3868 3380 3940 pulsantis
3432 3868 3487 3921 iu

1928 3982 2152 4033 humero
2180 3971 2536 4044 conquiescit,
2570 3969 2643 4024 uti
2674 3967 2788 4021 fieri
2820 3967 2897 4020 ait
2943 3961 3171 4033 Magius.
3201 3960 3297 4016 Hic
3330 3959 3497 4030 igitur

1926 4070 2058 4124 nihil
2092 4077 2175 4123 est
2204 4066 2346 4137 quod
2379 4079 2477 4119 nos
2505 4071 2663 4131 cogat
2693 4059 2759 4113 ad
2793 4057 3053 4112 Allatium
3095 4053 3447 4109 deserendum
3475 4068 3492 4120 ;

1931 4159 2061 4214 nihil
2090 4158 2257 4213 etiam
2290 4170 2389 4210 cur
2413 4152 2548 4207 ﬁdes
2579 4150 2871 4217 abrogetur
2907 4144 3104 4215 Magio,
3136 4144 3227 4213 qui
3257 4158 3378 4213 quae
3402 4143 3494 4197 hic

1929 4253 2134 4313 refert,
2163 4249 2278 4303 suis
2308 4248 2535 4316 ipsemet
2563 4240 2846 4309 usurpavit
2893 4238 3063 4292 oculis
3094 4254 3108 4291 :
3137 4246 3297 4306 atque
3352 4236 3487 4289 adeo

1928 4358 2033 4398 non
2079 4342 2185 4397 erit
2224 4338 2568 4409 impudentiae
2589 4334 2853 4402 judicare,
2885 4334 3126 4388 locis-vel
3154 4328 3493 4398 temporibus

1930 4433 2160 4490 diversis
2195 4431 2466 4486 diversam
2497 4428 2665 4484 fuisse
2706 4426 2949 4497 pulsandi
2984 4420 3298 4479 semanterii
3330 4418 3495 4472 ratio-

1928 4538 2073 4578 nem.
2106 4521 2336 4590 Lignum
2358 4534 2507 4583 vero,
2534 4534 2601 4573 ex
2632 4534 2739 4587 quo
2764 4515 3049 4572 conficitur
3073 4509 3492 4571 semanterium,

1928 4616 2233 4685 praedurum
2264 4620 2427 4666 estet
2466 4625 2495 4664 a
2551 4609 2750 4664 Graecis
2805 4604 3082 4675 σφενδάκη
3142 4602 3442 4672 appellatur
3479 4617 3493 4653 :

1926 4704 2211 4772 Corrupte,
2250 4702 2425 4769 inquit
2460 4700 2712 4761 Allatius,
2738 4712 2803 4752 eo
2835 4693 2979 4763 quod
3026 4707 3133 4747 non
3181 4690 3327 4744 aliud
3374 4687 3494 4743 fue-

1931 4798 2020 4860 rit,
2085 4805 2143 4847 ut
2200 4794 2313 4862 ipse
2373 4792 2589 4862 quidem
2627 4788 2943 4852 existimat,
2989 4800 3153 4856 quam
3219 4778 3495 4851 σφένδαμο

1928 4906 2016 4952 νος
2068 4886 2451 4956 Theophrasti,
2494 4895 2548 4939 et
2577 4899 2703 4939 acer
2740 4882 2919 4937 Plinii.
2956 4879 3193 4935 Rectene
3224 4892 3290 4930 au
3336 4887 3495 4928 secus

1932 4980 2019 5033 hic
2056 4986 2297 5039 censeat,
2340 4992 2446 5031 non
2482 4976 2656 5029 habeo
2685 4972 2867 5026 dicere

1996 5114 2087 5167 45.
2120 5112 2231 5165 Hoc
2264 5112 2407 5175 dico,
2433 5125 2588 5164 usum
2645 5105 3017 5176 hujuscemodi
3052 5104 3323 5174 lignorum
3373 5116 3493 5157 esse

1931 5204 2362 5273 antiquissimum
2404 5220 2418 5256 :
2459 5201 2511 5255 id
2542 5200 2686 5254 enim
2738 5198 3004 5270 colligitur
3028 5213 3091 5253 ex
3135 5198 3365 5254 concilio
3401 5199 3503 5254 Ni-

1929 5312 2078 5350 σαιηο
2117 5311 2176 5357 ιι,
2226 5304 2332 5347 act.
2373 5292 2427 5356 4,
2464 5292 2550 5345 ubi
2592 5292 2909 5361 Euthymius
2950 5291 3207 5345 diaconus
3260 5299 3316 5343 et
3376 5305 3498 5344 mo-

1931 5387 2138 5439 nachus
2172 5399 2266 5453 pro
2296 5383 2551 5453 episc0po
2578 5382 2810 5437 Gottbite
2859 5382 2974 5435 hare
3016 5380 3169 5450 legit,
3198 5394 3269 5433 ex
3324 5380 3498 5434 mira-

1930 5478 2063 5532 culis
2096 5475 2155 5532 S.
2186 5474 2455 5529 Anastasii
2488 5473 2761 5543 martyris.
2791 5472 2927 5542 Φέρε
2952 5473 3015 5542 δὴ
3050 5470 3146 5522 καὶ
3180 5469 3248 5521 τὰ
3278 5473 3336 5524 ὲν
3362 5472 3501 5523 Και-

1932 5568 2093 5638 σαρίᾳ
2114 5566 2213 5636 τῆς
2234 5564 2595 5632 Παλαιστίνης
2621 5562 2886 5631 γενόμενα
2913 5562 3017 5614 ὑπὸ
3040 5561 3135 5613 τοῦ
3164 5561 3321 5629 ἁγίου
3358 5546 3501 5614 aut}

1930 5659 1987 5711 τὸ
2034 5657 2253 5709 δυνατὸν
2304 5657 2685 5725 ἱστορήσωμεν
2738 5654 3141 5722 Πλησιὰσαντος
3191 5654 3247 5704 ἐν
3274 5655 3341 5723 τῇ
3372 5654 3502 5722 ἁγίᾳ

1931 5743 2083 5795 πόλει
2128 5742 2220 5795 τοῦ
2249 5744 2402 5810 ἁγίου
2437 5741 2708 5809 λειψάνου,
2739 5741 2980 5808 γνωστὸν
3018 5742 3385 5812 γέγονε,πάσῃ
3432 5744 3497 5811 τῇ

1933 5836 2111 5890 araer
2144 5833 2589 5901 καὶεὺφροσὺνης
2617 5832 2857 5899 μεγάλης
2885 5833 3213 5898 πλησθέντες
3242 5834 3502 5899 ἅπαντες,
