4046 6452
530 438 796 478 (σεται-ιιι

530 538 877 598 ἀναστάντες.
910 535 975 586 τά
1007 550 1061 586 τε
1099 532 1215 603 ἱερᾶ
1260 529 1387 596 ξύλα
1424 526 1785 597 σημέιναντες,
1826 520 2106 591 συνηθροί-
2136 532 2180 581 Α

532 628 735 695 conari
766 627 1001 686 Ξπαντες
1033 625 1088 675 ἐν
1118 619 1195 689 τῷ
1227 618 1517 684 πανσέπτῳ
1548 612 1660 684 ναῷ
1687 612 1786 680 τῆς
1818 609 2103 660 Θεοτόκου.

531 718 899 787 ἐπιλεγομένῳ
937 716 1032 784 τῆς
1064 713 1227 775 Νέας.
1266 731 1284 760 ι
1327 710 1416 762 Eia
1453 724 1613 767 nunc,
1652 716 1786 758 etca
1814 716 1934 769 qua:
1970 700 2105 768 apud

530 809 835 863 Caesaream
885 806 1182 859 Palu-stimo
1244 820 1269 855 a
1310 801 1368 855 S.
1406 798 1697 852 Anastasio
1756 794 1897 846 facta
1933 801 2056 848 sunt
2084 830 2099 851 ,

533 903 709 971 quoad
762 900 880 969 ejus
919 897 1030 951 lieri
1087 906 1284 965 potest,
1320 905 1657 947 enarremus.
1691 886 1826 939 Cum
1864 887 1927 937 ad
1984 899 2107 938 sau-

534 1004 675 1047 ctam
712 992 987 1046 civitatem
1044 988 1583 1057 appropinquassent
1631 977 1803 1032 sancti
1850 975 2107 1045 reliquae.

536 1087 588 1140 id
629 1086 863 1142 innotuit
889 1083 1156 1137 universae
1188 1079 1393 1133 civitati
1426 1118 1440 1141 ,
1480 1084 1534 1129 et
1573 1071 1750 1126 laetitia
1791 1084 1983 1139 magna
2009 1067 2110 1119 im-

538 1179 664 1246 pleti
690 1185 813 1231 sunt
836 1190 1046 1229 omnes.
1068 1174 1131 1226 Et
1155 1181 1439 1241 surgentes
1458 1179 1721 1233 sacraque
1752 1162 1895 1232 ligna
1916 1173 2107 1230 pereu-

540 1273 732 1325 tientcs
764 1276 1135 1322 convenerunt
1165 1266 1217 1318 in
1243 1276 1453 1317 summe
1473 1256 1837 1314 venerandum
1863 1255 2105 1322 Dcipam:

538 1360 814 1428 templum,
851 1360 992 1426 quod
1014 1356 1214 1410 dicitur
1246 1355 1424 1407 Nova).
1452 1371 1469 1404 ι
1508 1350 1659 1419 Ligni
1695 1346 1875 1400 itidem
1915 1342 2102 1396 Incuti—

537 1449 861 1505 nitJoannes
892 1448 1164 1509 Moschus,
1192 1447 1243 1498 in
1281 1444 1443 1498 Prata
1471 1434 1871 1509 Spirit.cap.ll
1898 1428 2107 1502 εΚρού-

538 1558 726 1604 σαντος
753 1542 847 1594 τοῦ
879 1538 1210 1606 κανονάρχον
1253 1535 1315 1588 τὸ
1350 1534 1526 1600 ξύλον,
1561 1531 1646 1599 ἐφ’
1675 1520 1717 1595 ᾧ
1752 1524 1959 1584 πάντας
1986 1521 2111 1581 τοὺς

534 1634 798 1703 ἀδελιροῦς
831 1631 1181 1702 συ·.ἀχθῆναι.
1220 1648 1237 1681 ι
1262 1625 1613 1683 Canonart-lnt
1649 1622 1846 1689 lignum
1870 1616 2116 1685 pulsante

536 1729 603 1781 ad
666 1740 853 1780 omnes
907 1726 1099 1778 fratres
1138 1716 1563 1789 congregandos.
1604 1733 1620 1763 ι
1680 1711 1743 1765 Ει
1800 1707 2116 1762 Theodorus

538 1818 771 1880 Studita,
818 1818 869 1871 in
907 1814 1235 1870 carminibus
1268 1810 1463 1879 quibus
1496 1803 1786 1873 alloquitur
1840 1809 2111 1853 canouar—

536 1908 694 1960 chain
727 1926 735 1959 :

1142 2161 1517 2219 SAGERDOS.

611 2262 929 2319 Benedictus
962 2260 1098 2312 Deus
1146 2266 1352 2319 uoster,
1384 2268 1524 2307 nunc
1592 2261 1646 2307 et
1691 2262 1925 2317 semper,
1967 2254 2019 2300 et
2058 2244 2111 2298 in

543 2354 739 2410 secula
768 2351 1107 2407 saeculorum.
1136 2349 1328 2403 Amen.

971 2436 1264 2493 PIUESES
1311 2431 1687 2492 ECCLESUE.

637 2533 847 2597 Venite,
873 2532 1183 2585 adoremus.

613 2628 700 2680 47.
747 2627 813 2680 Et
867 2624 1048 2694 psallit
1076 2622 1342 2692 psalmum
1394 2617 1803 2689 prommiacum,
1861 2608 2113 2675 Benedic,

544 2720 721 2774 anima
759 2732 898 2782 mea,
935 2715 1241 2771 Dominum.
1296 2714 1520 2768 Domine
1569 2714 1707 2764 Deus
1755 2720 1924 2773 meus,
1965 2713 2116 2759 tran-

545 2809 708 2877 quilla
770 2820 825 2863 et
883 2808 1153 2863 submissa
1189 2822 1342 2863 voce.
1375 2805 1441 2858 Et
1471 2803 1659 2856 eodem
1693 2798 1852 2854 modo
1909 2796 2113 2851 dicitur

545 2902 831 2969 psalmus,
914 2898 1174 2963 Domine,
1242 2895 1517 2958 clamavi,
1588 2901 1715 2947 tono
1772 2888 2109 2945 dominicati.

543 2990 861 3047 Recitantur
892 2987 1145 3044 versiculi
1182 2997 1306 3041 tres.
1352 2987 1416 3040 Et
1442 2985 1745 3051 psalluntur
1768 2994 1957 3036 versus
1996 2992 2117 3046 pro-

545 3085 702 3140 somii
753 3083 868 3139 sive
911 3080 1177 3136 similares
1229 3078 1337 3133 toni
1391 3077 1446 3141 5,
1489 3078 1631 3131 sicut
1674 3075 1760 3135 Ὠς
1787 3072 2036 3141 γενναῖον
2058 3071 2116 3122 ὲν

548 3177 839 3249 μάρτυσιν.

985 3263 1259 3320 VERSUS
1298 3260 1681 3316 SIMILARES.

616 3359 707 3416 ιε.
759 3357 964 3414 Christi
1018 3356 1323 3417 cltaritate,
1378 3353 1572 3415 Basili,
1624 3349 1920 3404 ascendens
1953 3349 2013 3411 in,
2040 3347 2119 3400 al-

1908 401 2434 459 PROLECO.\liI.\':\.

2280 518 2530 578 Σὰλπιζε
2588 517 2768 585 καιρῷ
2794 518 2858 571 τὸ
2893 517 3104 584 ξύλον,
3146 518 3291 571 καθὸ
3341 514 3485 571 δέοι.

2281 590 2344 640 Et
2373 601 2600 653 tempore
2626 599 2675 641 et
2702 591 2818 650 rite,
2851 600 2907 641 ut
2939 594 3085 653 tuba,
3115 588 3255 657 ligno
3285 604 3433 643 cane.

2213 684 2355 737 Alios
2411 683 2557 737 locos
2604 681 2882 750 congessit
2913 683 3172 744 Allatius,
3213 679 3489 750 congessit
3526 682 3585 732 et
3641 673 3763 731 Can

2211 778 2348 845 gius,
2389 789 2527 844 quos
2565 783 2743 844 potest
2773 774 3023 827 curiosus
3085 774 3253 827 lector
3286 772 3595 827 consulere.
3653 765 3789 819 Milli

2212 867 2342 921 satis
2374 866 2533 920 debet
2568 882 2688 921 esse
2718 867 2807 921 hic
2848 868 3035 933 paucis
3069 863 3395 926 ostendisse,
3426 863 3555 932 quid
3611 860 3683 917 sit
3718 858 3797 912 si-

2212 972 2373 1025 gnum
2432 956 2610 1011 minus
2644 997 2658 1020 ,
2694 956 2822 1027 quid
2872 954 3065 1021 majus.
3121 956 3284 1009 Extra
3335 953 3450 1007 lucc
3498 953 3606 1008 duo
3638 951 3794 1019 signa

2214 1057 2337 1100 sunt
2381 1055 2435 1098 et
2491 1045 2593 1099 alia
2621 1086 2635 1109 ,
2665 1062 2785 1115 qua;
2807 1056 3061 1101 secuturo
3092 1046 3270 1111 capite
3300 1046 3479 1097 locum
3511 1042 3800 1099 invenient

2216 1155 2393 1193 suum.
2427 1137 2543 1192 Jam
2590 1137 2734 1191 enim
2788 1139 2998 1208 signum
3038 1135 3215 1189 minus
3265 1150 3363 1187 nos
3416 1132 3483 1186 ad
3536 1134 3799 1203 templum

2215 1228 2525 1281 Grn-cornm
2551 1237 2729 1290 vocat,
2756 1236 2814 1279 ut
2846 1229 2896 1281 in
2925 1226 3223 1281 minoribus
3246 1224 3484 1290 vesperis
3505 1232 3560 1276 et
3590 1233 3800 1290 specteo

2219 1337 2337 1374 illllS
2369 1330 2723 1390 congregatos
2753 1318 2969 1382 fratres,
3004 1330 3057 1373 et
3091 1317 3426 1373 sacerdotem
3457 1315 3800 1368 intonantem

2218 1414 2520 1465 audiamus.

2286 1502 2374 1555 46.
2436 1499 2527 1556 Sic
2575 1516 2705 1568 ergo
2761 1500 3108 1569 prosequitur
3148 1498 3408 1569 Typicum
3447 1494 3797 1564 εΣυναχθιν-

2216 1612 2323 1648 των
2362 1596 2470 1649 τῶν
2521 1592 2765 1660 ἀδελφῶν
2818 1594 2876 1645 ὲν
2928 1595 2993 1662 τῇ
3044 1589 3311 1659 ἐκκλησίᾳ.
3362 1586 3593 1657 ἄρχεται
3647 1585 3677 1636 ὁ
3718 1586 3799 1639 ιε·-

2222 1688 2365 1757 gati;
2428 1686 2783 1755 Congregatis
2828 1687 2880 1741 in
2932 1683 3159 1737 ecclesia
3192 1679 3450 1735 fratribus
3489 1675 3802 1733 incioitsa-

2220 1784 2431 1833 cerdos.

2871 2127 3137 2181 ΙΕΡΕΥΣ.

2294 2229 2592 2299 Εὐλογητὸς
2641 2227 2668 2275 ὁ
2702 2222 2833 2284 Θεὸς
2868 2220 3023 2291 ἡμῶν
3050 2221 3135 2273 ἀεὶ
3170 2218 3262 2271 καὶ
3295 2217 3375 2280 εἰς
3421 2216 3552 2280 τοὺς
3598 2214 3805 2276 αἰῶνας

2213 2322 2320 2376 τῶν
2346 2320 2574 2374 αἰώνων.
2623 2317 2815 2385 Ἀμήν.

2717 2401 3283 2459 ΕΚΚΑΗΣΙΛΡΧ-ΗΣ.

2292 2503 2477 2563 Δεῦτε,
2513 2498 3001 2570 προσκυνήσωμεν.

2292 2594 2401 2648 Καὶ
2424 2591 2614 2661 ψάλλει
2644 2588 2734 2641 τὸν
2768 2584 3126 2658 προοιμιακδν
3163 2582 3374 2654 ψαλμὸν
3424 2582 3505 2644 τὸ,
3550 2579 3803 2647 Εὐλόγει,

2221 2687 2254 2756 ἡ
2289 2685 2435 2754 ψυχή
2471 2700 2594 2753 μου,
2620 2680 2709 2734 τὸν
2740 2677 2963 2749 Κύριονο
2993 2677 3165 2747 Κύριε
3214 2678 3241 2728 ὁ
3273 2672 3404 2734 Θεός
3451 2688 3572 2742 μου,
3616 2670 3806 2742 ἡσύχῳ

2220 2777 2367 2845 φωνῇ
2397 2775 2490 2825 καὶ
2536 2772 2795 2843 ἠρεμαίᾳ.
2830 2765 2944 2823 Εἶθ’
2968 2767 3141 2829 οὕτως
3182 2765 3415 2834 λέγομεν
3459 2763 3541 2828 τὸ,
3606 2760 3807 2833 Κύριε,

2218 2863 2509 2936 ἐκέκραξα,
2558 2866 2639 2925 εἰς
2679 2862 2769 2914 τὸν
2819 2857 2951 2932 ἦχον
2985 2859 3084 2928 τῆς
3119 2854 3408 2927 κυριακῆς.
3456 2853 3716 2925 ’ἱστῶμεν
3748 2853 3806 2907 δὲ

2222 2956 2434 3026 στίχους
2455 2955 2515 3007 δ’.
2564 2954 2673 3006 Καὶ
2703 2950 2974 3021 ψάλλομεν
3011 2947 3245 3019 στιχηρὰ
3269 2944 3574 3018 προσόμοια
3603 2946 3737 3015 ἡχου
3760 2943 3805 2996 δ’

2228 3047 2362 3118 πρὸς
2391 3046 2449 3098 τό
2486 3044 2573 3106 Ὠς
2609 3042 2851 3110 γενναῖον
2883 3040 2939 3090 ἐν
2967 3038 3254 3108 μάρτυσιν.

2635 3257 2937 3310 ΣΤΙΧΗΡΑ
2963 3251 3383 3306 ΠΡΟΣΟΜΟΙΑ.

2309 3354 2394 3405 Ἐν
2439 3351 2515 3420 τῷ
2559 3348 2703 3418 ὕψει,
2749 3344 3015 3406 Βασίλειε,
3061 3342 3160 3412 τῆς
3198 3336 3434 3411 Χριστοῦ
3474 3337 3807 3408 ἀγαπήσεως

547 3462 699 3515 ιυιη,
753 3448 1145 3517 contemplatus
1194 3461 1253 3501 es
1309 3444 1584 3500 recondita
1634 3442 1801 3509 ipsius
1842 3455 1907 3493 ac
1937 3439 2115 3492 divina

2226 3443 2430 3505 ἀναϐὰς
2462 3439 2854 3499 κατώπτευσας
2886 3432 2955 3487 τὰ
2985 3431 3271 3503 ἀπόρρητα
3319 3426 3483 3482 αὐτοῦ
3541 3428 3636 3482 καὶ
3686 3428 3808 3481 θεῖα

549 3540 805 3609 mysteria
835 3581 849 3605 ,
884 3553 1003 3608 quas
1038 3547 1291 3606 tanquam
1316 3534 1533 3604 pietatis
1571 3547 1750 3603 praeco
1778 3530 1997 3601 sapiens
2029 3529 2124 3585 de-

554 3631 734 3685 texisti
760 3639 816 3685 et
843 3628 1207 3684 manilestasti
1233 3627 1466 3697 populis.
1485 3626 1663 3692 Quare
1686 3632 1830 3694 pete,
1853 3638 1886 3678 ο
1916 3630 2124 3686 sancte,

553 3739 583 3776 a
615 3722 855 3792 pernicie
881 3719 1245 3788 periculisque
1271 3715 1492 3770 liberari
1512 3715 1629 3770 illos
1657 3714 1747 3783 qui
1785 3712 2015 3766 ﬁdeliter
2041 3725 2129 3766 se-

553 3823 794 3884 quuntur
820 3821 909 3864 tua
940 3810 1212 3879 dogmata.

624 3905 715 3960 49.
780 3902 1109 3958 Sermonum
1162 3910 1380 3953 tuorum
1437 3911 1501 3951 ac
1548 3897 1854 3964 dogmatum
1911 3892 2125 3962 sapien-

558 3996 653 4056 tia,
707 4002 895 4048 sancte
921 3990 1168 4061 Gregori,
1206 3987 1417 4043 solvisti
1450 3985 1661 4041 vincula
1704 3986 2015 4051 hzeresum;
2073 3993 2128 4037 et

555 4084 869 4141 orthodoxa:
904 4081 1025 4135 lidei
1055 4080 1343 4136 concordia
1371 4078 1700 4149 conjunxisti
1734 4078 1923 4139 bonos,
1956 4088 2122 4143 agno-

556 4184 768 4231 scentes
804 4184 858 4228 et
890 4172 1172 4226 laudantes
1194 4171 1474 4225 Christum
1507 4188 1521 4223 :
1555 4185 1584 4223 a
1621 4182 1729 4238 quo
1755 4176 1881 4238 pete
1904 4164 2129 4221 liberari

558 4285 587 4322 ιι
618 4265 853 4337 pernicie
880 4262 1239 4334 periculisque
1269 4261 1407 4325 illos,
1442 4262 1535 4330 qui
1568 4260 1798 4315 ﬁdeliter
1826 4260 2129 4329 suscipiunt

557 4370 645 4415 tua
672 4358 929 4413 divinitus
960 4356 1158 4409 dictata
1190 4355 1453 4421 dogmata.

629 4452 717 4506 5t).
780 4449 1031 4506 Christus
1111 4457 1162 4501 te
1224 4445 1405 4515 posuit
1451 4442 1664 4496 ﬁrmum
1730 4440 2128 4494 ﬁrmamentum

563 4544 816 4599 Ecclesia:
861 4556 995 4605 sure,
1042 4538 1198 4594 Pater
1226 4546 1433 4600 sancte,
1460 4534 1641 4588 divina
1672 4533 1851 4587 Iocute
1881 4530 2128 4601 Chryso-

560 4648 754 4699 stome,
792 4644 850 4688 ut
872 4648 992 4687 eam
1034 4645 1279 4686 servares
1329 4626 1655 4681 immobilem
1709 4632 1868 4695 atque
1903 4624 2132 4693 inexpu—

564 4728 829 4800 gnabilem
874 4728 1135 4779 adversus
1168 4723 1511 4778 inimicorum
1540 4720 1797 4789 impetus.
1830 4729 1885 4773 et
1934 4728 1991 4773 ut
2040 4733 2133 4787 pe-
2164 4761 2211 4821 ο

566 4833 704 4876 lcres
756 4817 981 4872 letiferis
1008 4817 1312 4870 animorum
1353 4812 1847 4884 perturbationibus
1916 4810 2130 4865 liberari

564 4928 679 4977 eos,
711 4912 799 4981 qui
842 4911 1036 4964 sitiunt
1089 4918 1302 4963 tuorum
1368 4922 1671 4962 sermonum
1702 4905 2127 4961 sententiarum-

565 5019 670 5074 que
702 5004 941 5071 pelagus.

636 5096 725 5149 5l.
775 5093 1057 5146 Trinitatis
1114 5091 1341 5145 selectos
1392 5087 1574 5152 liores,
1615 5087 1862 5157 pratique
1913 5085 2134 5139 immor-

570 5187 687 5243 talis
717 5194 1051 5254 unguentum
1101 5183 1437 5244 exhalantes,
1486 5193 1652 5251 atque
1705 5180 2136 5247 iucundissimos

567 5277 917 5348 intelligibilis
948 5276 1081 5331 solis
1132 5276 1334 5340 radios,
1374 5286 1429 5329 et
1459 5274 1659 5328 divinis
1687 5274 1801 5327 suis
1839 5272 2137 5327 luminibus

569 5371 936 5426 illuminantes
970 5379 1189 5433 terram,
1210 5368 1543 5421 celebremus
1579 5366 1841 5421 Joannem
1864 5364 2139 5434 Magnum,

567 5461 815 5516 divinum
865 5459 1170 5527 theologum
1224 5456 1584 5526 Gregorium,
1640 5464 1695 5509 et
1740 5454 1847 5507 alta
1908 5452 2137 5522 quadam

569 5562 751 5609 mente
781 5551 1062 5621 praeditum
1087 5549 1363 5603 Basilium.

712 5642 916 5698 Gloria.
1439 5639 1620 5693 Touus
1658 5636 1907 5705 obliquus
1938 5633 1994 5689 2.

642 5734 898 5787 llnmiues
934 5732 1028 5787 Dei
1080 5740 1133 5785 et
1180 5730 1364 5785 lideles
1411 5729 1577 5791 servi,
1611 5725 1923 5781 sacerdotes
1958 5723 2141 5777 Domi-

575 5828 651 5893 ni,
683 5828 780 5882 viri
811 5826 1220 5887 desideriorum,
1258 5837 1381 5877 vasa
1430 5820 1733 5883 electionis,
1772 5817 2034 5872 columna:
2074 5824 2126 5867 et

2231 3537 2525 3611 μυστήρια,
2581 3532 2723 3601 ἅπερ
2766 3525 3105 3587 ἀνεκάλυψας
3146 3522 3238 3575 καὶ
3279 3519 3592 3592 ὲτράνωσας
3633 3519 3805 3582 λαοῖς,

2230 3610 2503 3689 εὐσεϐείας
2527 3624 2602 3688 ὡς
2653 3621 2827 3692 κῆρυξ
2859 3618 3039 3687 σοφός.
3082 3614 3171 3668 Διὸ
3199 3614 3468 3687 πρέσϐευε
3513 3613 3578 3666 ἐκ
3601 3610 3808 3681 φθορᾶς

2229 3718 2321 3772 καὶ
2360 3714 2613 3768 κινδύνων
2660 3707 3001 3779 λυτρωθῆναι
3048 3704 3173 3769 τοὺς
3201 3703 3408 3767 πιστῶς
3436 3697 3807 3771 ἐφεπομὲνους

2227 3809 2336 3868 τοῖς
2371 3806 2482 3867 σοῖς
2501 3803 2784 3871 δόγμασιν,
2819 3799 2955 3854 ὅσιε.

2298 3895 2435 3957 Τοὺς
2488 3890 2817 3962 συνδέσμους
2861 3886 3111 3949 διέλυσας
3165 3883 3274 3937 τῶν
3316 3878 3600 3951 αἱρέσεων,
3652 3877 3809 3938 ὅσια,

2229 3990 2293 4059 τῇ
2325 3986 2487 4056 σοφίᾳ
2518 3983 2627 4038 τῶν
2656 3983 2829 4051 λόγων
2866 3981 2960 4034 καὶ
2982 3977 3265 4047 δογμάτων
3303 3989 3417 4035 σου,
3466 3970 3653 4033 καὶείς
3680 3966 3808 4037 ὁμὸ-

2231 4098 2378 4134 νοιαν
2405 4078 2662 4150 ἧθροισας
2700 4071 2978 4146 ὀρθοδόξου
3014 4068 3247 4129 πίστεως
3283 4062 3409 4126 τοὺς
3438 4060 3809 4131 εὐγνώμονας.

2233 4171 2464 4242 Χριστὸν
2483 4166 2881 4239 εὐφημοῦντας,
2900 4161 2938 4213 Γ
2944 4159 3191 4231 ρηγόριε,
3210 4158 3269 4211 ὃν
3289 4156 3497 4211 ἱκέτευε
3527 4157 3590 4208 ὲκ
3607 4152 3810 4222 φθορᾶς

2234 4262 2493 4317 κινδύνων
2539 4256 2874 4329 λυτρωθῆναι
2932 4268 3057 4315 τους
3105 4249 3310 4314 πιστῶς
3346 4244 3812 4321 προσδεχομένους

2234 4353 2303 4406 τὰ
2334 4353 2401 4405 σὰ
2434 4350 2739 4420 θεόφθογγα
2780 4344 3049 4413 δόγματα.

2322 4444 2562 4515 Ἀρραγῆ
2616 4459 2674 4494 σε
2727 4438 2975 4510 Θεμέλιον
3017 4437 3045 4488 ὁ
3093 4434 3326 4505 Χριστὸς
3382 4426 3707 4500 ἐπεστήριῇ
3744 4428 3812 4495 τῆ

2234 4534 2399 4589 αὐτοῦ
2433 4533 2746 4602 Ἐκκλησία,
2776 4530 2958 4599 Πάτερ
2982 4529 3115 4589 ὄσιε,
3149 4523 3419 4596 τηροῦντα
3446 4520 3649 4588 ταύτην
3681 4518 3812 4570 ἀσα-

2236 4629 2441 4689 λευτον,
2470 4625 2564 4679 καὶ
2597 4622 3020 4693 ἀκαταμάχητον
3050 4616 3153 4670 τῶν
3187 4613 3395 4685 ἐχθρῶν
3426 4611 3545 4672 ταῖς
3580 4605 3813 4678 προσὸο-

2235 4719 2375 4782 λαῐς,
2432 4717 2735 4789 θεορῤἦμον
2793 4711 3164 4783 Χρυσόστομε,
3216 4705 3311 4757 καὶ
3344 4698 3714 4789 πρεσβεύοντα
3747 4698 3813 4789 ἔκ

2239 4808 2424 4863 παθῶν
2477 4784 2834 4877 ψῦγοξρθόρων
2862 4795 3199 4868 λυτρωϐἧναι
3233 4791 3359 4854 τοὺς
3407 4787 3675 4857 διψῶντας
3706 4784 3813 4840 τῶν

2238 4901 2344 4953 σῶν
2363 4900 2536 4968 λόγων
2562 4897 2655 4951 καὶ
2686 4892 2967 4963 νοημάτων
2988 4888 3047 4940 τὸ
3073 4885 3327 4953 πέλαγος.

2308 5081 2417 5149 Τῆς
2454 5076 2677 5148 Τριάὸος
2707 5072 2948 5139 ὲκλόγια,
2971 5068 3244 5140 ἀκηράτου
3277 5061 3537 5134 λειμῶνός
3569 5077 3630 5113 τε
3652 5058 3808 5127 ἄνθη,

2238 5173 2302 5224 τὰ
2329 5168 2596 5240 μυρίπνοα
2629 5166 2720 5218 καὶ
2751 5160 3107 5232 τερπνότατα,
3134 5156 3225 5209 τοῦ
3243 5151 3435 5225 νοητοῦ
3461 5152 3535 5215 ὡς
3551 5151 3814 5220 ὑπάρχον-

2239 5280 2333 5325 τας
2365 5256 2796 5327 ἁκτίναςὴλίου,
2830 5253 2924 5305 καὶ
2950 5250 3279 5320 τωτίζοντας
3312 5245 3408 5315 τὴν
3442 5244 3543 5312 γῆν
3571 5244 3689 5303 ταῖς
3713 5240 3814 5294 αὐ.

2240 5354 2346 5408 τῶν
2398 5354 2567 5413 θεῖαις
2616 5347 2903 5417 λάμψεσιν,
2961 5342 3369 5412 εὐφημήσωμεν
3421 5334 3670 5402 Ἰωάννην
3726 5330 3816 5384 τόν

2246 5448 2415 5517 μέγαν
2452 5446 2547 5497 σῦν
2579 5440 2656 5511 τῷ
2688 5439 2814 5509 Θείῳ
2859 5436 3095 5505 θεολόγῳ
3129 5430 3414 5504 Γρηγορεῳ
3450 5425 3659 5480 καὶτὸν
3690 5424 3812 5492 ὑψί-

2242 5558 2362 5593 νουν
2394 5535 2691 5589 Βασίλειον.

2416 5628 2571 5694 Δόξα.
3289 5608 3458 5681 Ἶιχος
3483 5608 3571 5662 πλ.
3610 5606 3675 5677 β’.

2320 5720 2629 5789 ¹Ἀνθρωϊιοι
2680 5714 2774 5766 τοῦ
2816 5709 2950 5764 Θεοῦ
2982 5708 3075 5762 καὶ
3113 5704 3290 5759 πιστοὶ
3320 5700 3524 5754 οἰκέται
3550 5740 3563 5763 ,
3591 5697 3820 5765 λειτουρ-

2233 5810 2318 5877 γο¹ι
2348 5784 2575 5875 Κυρίου,
2604 5805 2793 5870 ἄνδρες
2822 5795 3147 5867 ἐπιθυμιῶν,
3176 5791 3343 5861 σκεύη
3368 5788 3622 5857 ἐκλογῆς,
3644 5784 3818 5839 στῦλοι
