4046 6446
1349 375 1749 433 Αοοιυτιιιλ
1788 376 2125 434 TKIPLICIS
2166 374 2388 432 FESTI.
3252 391 3475 434 cccxxx:

226 500 320 552 καὶ
374 497 722 567 στηρίγματα
753 496 854 567 τῆς
916 497 1261 568 Ἐκκλησίας,
1314 498 1587 568 βασιλείας
1618 500 1811 570 κληρο-

1878 536 1886 563 ,
1918 498 2227 554 lulcimenta
2259 494 2537 562 Ecclesiae,
2563 493 2721 565 regni
2751 495 3013 561 heredes,
3046 508 3117 550 ne
3146 494 3476 566 cessetispro

227 589 401 658 νόμοι,
453 588 529 658 μὴ
569 588 964 658 παρασιωπᾶτε
1012 585 1106 639 τοῦ
1134 587 1262 658 βοᾷν
1296 588 1437 659 ὑπὲρ
1462 588 1616 660 ἡμῶν
1670 590 1805 661 πρὸς

1163 589 1262 658 οᾷν
1296 588 1437 659 ὑπὲρ
1462 588 1616 660 ημῶν
1670 590 1805 661 πρὸς
1910 589 2066 645 nobis
2096 588 2331 644 clamare
2364 586 2431 642 ad
2455 585 2761 642 Dominum.

228 680 455 752 Κύριον.

357 769 467 822 Καὶ
490 768 584 821 νῦν
1360 768 1657 821 Θεοτόκιον.

2052 771 2118 826 Et
2145 786 2306 827 nunc.
3096 768 3337 826 Marialc.

302 859 554 923 Θεοτὸκε,
586 859 650 913 σὺ
679 854 731 912 εἶ
758 861 789 930 ἡ
819 858 1058 929 ἄμπελος
1091 860 1124 930 ἡ
1152 858 1398 931 ἀληθινή.

1205 858 1398 931 ιηθινή.
1913 861 2006 916 Dei
2038 862 2308 930 Genitrix,
2338 873 2391 918 tu
2418 877 2477 918 es
2506 863 2634 919 vitis
2657 876 2803 917 vera.

301 950 481 1004 Con.
520 948 610 1003 52.
645 949 748 1024 llic_
768 949 977 1003 videtur
1008 950 1246 1024 recitari
1275 951 1446 1005 oratio
1483 949 1602 1013 Φῶς
1650 949 1855 1018 ἰλαρδν,
1886 951 2074 1024 saltem
2104 960 2363 1024 quantum
2392 967 2613 1024 possum
2625 948 2933 1024 _conjic_ere_
2948 965 3018 1007 ex
3043 967 3164 1024 cap.
3198 953 3225 1008 1
3259 950 3475 1024 Typici.

236 1017 366 1073 Eam
404 1031 583 1073 autem
614 1019 910 1073 orationem
936 1019 1167 1073 exhibeo
1203 1020 1490 1089 integram,
1523 1030 1687 1088 prout
1708 1017 1887 1074 exstat
1918 1022 2057 1089 apud
2092 1020 2333 1077 Goarum
2369 1017 2495 1092 pag.
2520 1020 2592 1076 52
2625 1017 2958 1093 Euchologii.

302 1112 423 1174 Φῶς
467 1111 647 1181 ἱλαρὸν
681 1109 841 1177 ἁγίας
885 1108 1044 1181 δόξης
1090 1110 1357 1164 ἀθανάτου
1386 1111 1617 1185 Πατρὸς,
1644 1111 1808 1182 οὖρα-

1987 1112 2189 1168 Lumen
2271 1114 2567 1183 jucundum
2634 1122 2840 1170 sancta
2920 1112 3100 1185 gloria:
3162 1111 3480 1168 immortalis

233 1206 369 1269 νίου,
393 1206 570 1273 ἁγίου,
599 1203 862 1274 μάκαρος,
898 1202 1072 1275 Ἰησοῦ
1105 1204 1325 1273 Χριστέ,
1350 1204 1592 1268 ἐλθόντες
1604 1205 1695 1258 ἐπὶ
1713 1205 1811 1274 τὴν

1917 1203 2114 1263 Patris.
2144 1203 2409 1267 ccelestis,
2432 1203 2629 1269 sancti,
2665 1204 2829 1270 beati,
2859 1202 2987 1260 Jesu
3016 1202 3248 1270 Christe,
3286 1216 3482 1271 prove-

234 1296 325 1351 τοῦ
343 1296 493 1367 ἡλίου
510 1294 679 1359 δύσιν,
716 1292 912 1356 ἰδόντες
941 1293 1057 1362 φῶς
1082 1294 1384 1365 ἐσπερινὸν,
1403 1294 1573 1365 ὑμνοῦ
1582 1312 1679 1366 μεν
1702 1296 1813 1347 Πα-

1919 1295 1990 1349 οιί
2022 1296 2087 1348 ad
2117 1295 2247 1350 solis
2278 1310 2555 1362 occasum,
2576 1304 2627 1351 et
2650 1307 2934 1352 cernentes
2960 1296 3132 1352 lucem
3153 1296 3445 1352 serotinam
3464 1335 3479 1359 ,

232 1388 392 1458 τέρα,
443 1384 591 1445 Υἰδν.
628 1384 722 1438 καὶ
755 1384 909 1452 ἅγιον
938 1383 1183 1456 Πνεῦμα,
1219 1384 1373 1439 Θεόν.
1425 1386 1607 1451 Ἀξιόν
1652 1404 1710 1440 σε
1756 1390 1813 1440 ἐν

1915 1387 2196 1443 laudamus
2252 1388 2489 1454 Patrem,
2539 1389 2755 1453 Filium,
2786 1399 2842 1445 et
2901 1390 3166 1459 Spiritum
3214 1396 3482 1453 sanctum,

235 1481 373 1533 πᾶσι
407 1480 618 1548 καιροῖς
653 1476 934 1547 ὑμνεῖσθαι
967 1481 1170 1546 φωναῖς
1207 1478 1435 1544 αῖσίαις,
1461 1478 1558 1531 Υἰέ
1581 1478 1736 1541 Θεοῦ,
1785 1482 1811 1532 ὁ

1921 1480 2109 1534 Deum.
2135 1476 2374 1550 JEquum
2407 1488 2492 1535 est
2529 1489 2601 1546 te,
2626 1479 2726 1535 Fili
2751 1479 2882 1546 Dei,
2908 1480 3132 1551 largitor
3165 1480 3315 1544 vite,
3336 1478 3483 1535 omni

234 1570 410 1631 διδοὺς
436 1566 600 1639 ζωήν·
636 1568 716 1622 διὸ
745 1570 773 1621 ὁ
801 1568 1003 1640 κόσμος
1025 1585 1083 1623 σε
1112 1568 1320 1633 δοξάζει

1920 1572 2204 1627 celebrare
2256 1582 2542 1643 tempore;
2601 1571 2830 1643 ideoque
2858 1581 2909 1628 te
2932 1572 3160 1629 mundus
3192 1581 3335 1628 totus
3365 1571 3485 1627 lau-

1841 1659 1879 1711 Β
1918 1662 2076 1715 dibus
2100 1662 2460 1733 prosequitur.

307 1750 485 1828 pontu.
636 1750 833 1828 Deinde
858 1751 1422 1828 cantaturpsalmus,
1458 1752 1515 1828 :0
1542 1752 1755 1828 litipto;
1781 1756 1905 1809 é6aa

1889 1757 2153 1821 σελευσεν,
2188 1776 2206 1809 ι
2242 1756 2501 1814 Dominus
2531 1759 2775 1827 regnavit
2804 1771 2820 1811 :
2850 1776 2871 1828 ξ
2900 1758 2995 1813 sed
3024 1757 3144 1828 quis
3177 1757 3396 1828 precise
3420 1773 3487 1813 ex

237 1820 415 1897 tribus
436 1822 693 1897 Apsalmis
724 1824 825 1897 it:_t_
856 1822 1257 1897 incipientibus3
1311 1838 1414 1875 non
1464 1820 1679 1897 iudicat
1729 1826 2010 1897 'l_'ypicum.
2060 1820 2195 1897 Tum
2231 1830 2427 1882 dicitur
2476 1820 2670 1892 oratio,
2697 1820 3069 1894 Καταξίωσον,
3120 1820 3369 1897 ηιὶοιιιᾼίη
3393 1842 3490 1882 an-

239 1890 409 1967 tiqnis
429 1889 1072 1967 GraecorumRitualibus
1105 1892 1194 1943 diu
1229 1891 1704 1967 frustraqurcsivi.
1736 1889 1917 1960 Quare
1947 1902 2122 1952 visum
2175 1896 2277 1951 fuit
2325 1911 2445 1952 eam
2492 1889 2804 1953 describere
2839 1889 2904 1951 ei
2944 1889 3234 1966 llorolo'gio
3276 1895 3489 1967 Cryptze

241 1960 503 2024 Ferrum,
532 1963 795 2031 impresso
830 1961 1010 2015 Romae
1037 1975 1187 2014 anno
1222 1961 1378 2015 1077.
1415 1960 1505 2017 Sic
1537 1978 1664 2033 ergo
1688 1976 1865 2018 sonat.

309 2052 678 2118 Καταξίωσον,
712 2052 905 2126 Κύριε,
932 2054 989 2105 ἐν
1024 2056 1090 2125 τῇ
1126 2055 1333 2127 ἑσπέρᾳ
1359 2057 1529 2128 ταύτῃ
1571 2057 1814 2129 ἀναμαρ-

1994 2060 2263 2130 Dignare,
2343 2060 2605 2124 Domine,
2662 2061 2762 2118 hoc
2819 2075 3040 2130 vespere
3094 2060 3211 2114 sine
3266 2069 3489 2130 peccato

237 2145 434 2215 τήτους
486 2144 822 2214 φυλαχθῆναι
862 2146 1030 2216 ἡμᾶς.
1087 2147 1390 2216 Εὐλογητὸς
1431 2143 1499 2211 εῐ,
1538 2147 1729 2220 Κύριε,
1784 2152 1811 2202 ὁ

1920 2166 2018 2204 nos
2048 2151 2343 2206 custodire.
2374 2149 2696 2205 Benedictus
2722 2165 2801 2213 cs,
2823 2150 3069 2214 Domine,
3100 2147 3243 2204 Deus
3271 2148 3488 2204 Patrum

236 2235 373 2299 Θεὸς
390 2234 841 2307 Πατέρωνήμῶν,
861 2236 953 2290 καὶ
983 2238 1192 2292 αἰνετὸν
1220 2239 1312 2292 καὶ
1342 2238 1725 2311 δεδοξασμένον
1753 2242 1814 2294 τὸ

1920 2250 2229 2295 nostrorum
2257 2256 2273 2305 ;
2310 2252 2365 2296 et
2390 2240 2661 2295 laudabile
2687 2249 2741 2296 et
2788 2240 3081 2310 gloriosum
3104 2253 3311 2310 nomen
3340 2249 3488 2294 tuum

236 2326 414 2396 δνομά
443 2343 535 2380 σου
568 2329 650 2393 εἰς
671 2329 798 2393 τοὺς
825 2328 1047 2394 αἰῶνας.
1091 2331 1280 2401 ’Λμήν.

835 2328 1047 2394 ιίὦνας.
1091 2331 1280 2401 ’Λμήν.
1916 2333 1969 2387 itt
1999 2333 2213 2389 saecula.
2242 2332 2433 2387 Amen.

312 2416 722 2493 Couu._Veru_m
754 2436 838 2493 ‘an
888 2422 1134 2476 eamdem
1164 2423 1307 2475 illam
1339 2423 1638 2493 orationem
1666 2423 2012 2478 adhibuerim
2046 2424 2386 2493 antiquiores
2439 2422 2637 2486 Graeci,
2686 2424 2874 2479 dubito
2906 2439 2922 2480 :
2952 2423 3078 2491 quia
3112 2424 3217 2478 hoc
3260 2421 3491 2480 Horolo-

240 2487 390 2561 giu_t_n
429 2489 590 2543 habet
633 2489 881 2557 plurima,
914 2507 1034 2561 quae
1065 2500 1190 2561 sunt
1222 2493 1414 2561 ritilius
1445 2490 1759 2547 Latinorum
1793 2497 1968 2559 potius
1999 2509 2159 2560 quam
2179 2487 2408 2549 ’ϐιαιοοτ
2434 2510 2524 2547 utn
2569 2493 2891 2548 confortnia.
2918 2487 3047 2549 Post
3069 2494 3369 2550 orationem
3392 2508 3493 2548 κα·

238 2556 528 2623 ταξίωσον,
557 2556 890 2628 quzecunque
917 2556 1131 2615 demum
1160 2560 1243 2613 illa
1274 2559 1455 2626 fuerit,
1484 2563 1745 2618 videntur
1769 2556 1836 2617 dit

611 2556 890 2628 tiecunque
917 2556 1131 2615 demum
1160 2560 1243 2613 illa
1274 2559 1455 2626 fuerit,
1484 2563 1745 2618 videntur
1769 2556 1872 2617 dici
1905 2556 2206 2631 sequentia.

242 2650 339 2714 Εἰς
390 2648 482 2703 τὸν
532 2650 712 2773 στςὲον
764 2652 992 2722 στιχηρὰ
1026 2652 1344 2724 προσόμοια,
1392 2650 1563 2725 νηχος
1604 2655 1691 2709 πλ.
1750 2652 1815 2724 βο,

655 2722 913 2773 matteae:
946 2722 1198 2773 ἀνέστης.
1230 2724 1448 2773 Χοιστέ.

1923 2653 2011 2707 54.
2042 2653 2123 2706 Ad
2177 2652 2501 2707 versiculum
2553 2667 2743 2709 versus
2784 2650 3072 2708 similares.
3109 2649 3247 2707 Ton.
3299 2654 3491 2721 ohl.2,

2192 2723 2331 2773 sicut
2354 2722 2664 2773 Τοιήοιεοος
2697 2722 2947 2773 ἀνέστης-
2981 2723 3204 2773 Χριστι-

653 2722 913 2792 ριήμερος
946 2722 1448 2795 ἀνέστης,ήΧριστέ.
1474 2722 1505 2725 ’⁷
1752 2722 1759 2724 ⁷
2192 2723 2331 2777 sicut
2354 2722 2664 2794 Τριήμερος
2697 2722 2947 2793 ἀνέστης,
2981 2723 3204 2794 Χριστιτ

327 2812 392 2865 Ἦ
450 2811 609 2884 χάρις
666 2813 1067 2885 ὑπερίσχυσεν,
1121 2818 1154 2887 ὴ
1200 2816 1379 2881 πίστις
1429 2818 1819 2889 ἐπεκράτησεν,

1995 2815 2178 2871 Gratia
2238 2813 2565 2885 prazvaluit,
2628 2815 2974 2884 exsuperavit
3026 2813 3200 2877 lldes,
3253 2813 3482 2870 scientia

243 2901 539 2975 ἐπληρώθη
590 2904 767 2959 πάντα
800 2906 1050 2974 γνώσεως
1106 2907 1261 2971 Θεοῦ,
1317 2908 1403 2961 διά
1439 2909 1546 2962 τῶν
1592 2910 1823 2963 ἀποστό-

1932 2904 2023 2958 Dei
2058 2905 2277 2973 impleta
2323 2914 2455 2959 sunt
2500 2905 2702 2969 omnia,
2738 2919 2835 2974 per
2865 2904 3162 2974 apostolos,
3209 2913 3372 2974 atque
3402 2905 3495 2961 do-

245 3000 378 3063 λων,
430 2996 518 3053 διὰ
546 2998 654 3053 τῶν
704 2998 1058 3064 διδασκάλων,
1116 3000 1209 3053 καὶ
1255 3002 1525 3073 σωτηρίαν
1566 3001 1824 3073 ἐπλουτή-

1516 3021 1525 3050 ι
1566 3001 1824 3073 ἐπλουτη-
1924 3006 2131 3060 ctores,
2156 3005 2211 3050 et
2240 3010 2336 3050 nos
2366 2996 2539 3050 salute
2565 2995 2879 3064 locupletati
2906 3011 3114 3051 sumus.

248 3107 441 3162 σαμεν.

324 3182 535 3250 Στιχος.
564 3182 944 3251 Καυχήσονται
968 3183 1103 3235 ὅσιοι
1128 3185 1185 3236 ἐν
1210 3183 1358 3254 δόξῃ.
1853 3185 1893 3239 C

1853 3185 1893 3239 C
2003 3178 2091 3231 55.
2126 3176 2331 3233 Versic.
2361 3177 2720 3233 Exsultabunt
2745 3176 2922 3236 sancti
2955 3178 3008 3232 in
3033 3176 3227 3249 gloria.

321 3271 563 3343 Οὑράνια
610 3271 903 3344 μυστήρια,
942 3272 1258 3344 ἀνθρώπινα
1313 3274 1634 3346 μαθήματα,
1677 3292 1803 3347 χαρι

2000 3268 2254 3323 Ctelestia
2302 3283 2497 3322 arcana
2524 3309 2540 3335 ,
2581 3271 2828 3325 humanas
2870 3269 3141 3333 scientiae,
3189 3282 3484 3325 concursus

252 3365 477 3437 σμάτων
506 3363 775 3437 συνδρομὴ
804 3365 1160 3419 παντοδαπῶν
1210 3365 1351 3437 μετὰ
1395 3365 1831 3439 κατορθωμάτων

1932 3361 2223 3431 gratiarum
2272 3360 2448 3416 omnis
2501 3361 2716 3432 generis
2753 3376 2874 3415 cum
2904 3371 3052 3416 recte
3100 3360 3282 3425 factis,
3331 3375 3494 3431 supe-

250 3457 529 3512 νικώντων
555 3457 732 3511 πάντα
753 3457 928 3527 λόγον,
954 3460 1079 3523 τοὺς
1114 3462 1261 3531 τρεῖς
1278 3459 1464 3528 ἁγίους
1480 3459 1832 3531 ἐθαυμάστω-

1934 3459 2179 3514 rantibus
2202 3474 2417 3513 omnem
2449 3459 2774 3524 orationem,
2806 3458 2905 3515 hos
2937 3468 3046 3514 tres
3075 3468 3296 3515 sanctos
3327 3459 3495 3515 admi-

258 3566 381 3604 σαν.

1937 3549 2139 3605 t-abiles
2162 3549 2362 3604 fecere.

335 3644 544 3713 Στίχος.
587 3644 650 3696 Οἱ
695 3644 860 3712 ἰερεῖς
900 3661 1013 3708 σου,
1042 3643 1238 3714 Κύριε,
1269 3645 1579 3699 ἐνδύσονται
1626 3645 1832 3696 δικαιο-

2006 3638 2095 3692 56.
2154 3639 2361 3693 Versic.
2421 3638 2741 3695 Sacerdotes
2806 3642 2911 3706 tui,
2972 3641 3220 3706 Domine,
3275 3642 3496 3698 induent

257 3733 447 3802 σύνην.
501 3758 511 3769 -

1939 3728 2224 3799 justitiam.

330 3824 606 3890 Βασίλειος
638 3827 666 3879 ὁ
707 3824 885 3889 ἔνθεος
918 3824 1059 3890 νοῦς,
1110 3825 1410 3896 Γρηγόριος
1442 3825 1475 3895 η
1508 3822 1626 3876 θεία
1660 3822 1831 3894 φωνὴ,

2009 3823 2251 3880 Basilius
2314 3839 2464 3880 mens
2520 3824 2628 3881 Deo
2692 3822 2890 3893 plena,
2962 3820 3261 3892 Gregorius
3318 3820 3498 3877 divina

272 3917 524 3989 Ἰωάννης
548 3919 576 3971 ὁ
604 3917 939 3987 παγκόσμιος
973 3916 1249 3989 λαμπτὴρ,
1270 3919 1320 3971 οἱ
1343 3919 1489 3989 τρεῖς
1509 3919 1608 3988 τῆς
1628 3915 1834 3969 ἀνωτά·

1940 3931 2065 3981 vox,
2094 3914 2333 3971 Joannes
2362 3917 2506 3970 omni
2540 3931 2605 3970 ex
2636 3927 2791 3987 parte
2818 3924 3070 3971 ornatum
3094 3912 3497 3982 candelabrum,

257 4025 338 4062 τω
366 4008 695 4079 θεράποντες
717 4010 939 4080 Τριάδος
966 4009 1056 4061 καὶ
1081 4010 1382 4063 λειτουονολ⁵
1408 4007 1835 4073 συνδοξαζέσθω-

1938 4018 2049 4062 tres
2081 4009 2312 4063 ministri
2332 4009 2781 4080 supremze'Trini
2799 4011 2925 4065 tatis
2947 4026 3009 4063 ac
3039 4011 3352 4064 sacerdotes
3372 4024 3496 4064 con-

264 4115 385 4152 σαν.

1936 4099 2332 4169 gloriﬁcentnr-

389 4190 544 4258 Δόξα.
1305 4188 1477 4263 Ἦχος
1508 4194 1689 4255 αὑτός.

2078 4194 2280 4251 Gloria.
2988 4187 3165 4246 Tonus
3198 4192 3359 4252 idem.

335 4278 431 4346 Εὖ,
457 4282 633 4336 δοῦλοι
670 4284 863 4351 ἀγαθοὶ
903 4286 998 4338 καὶ
1030 4285 1232 4352 πιστοὶ,
1256 4280 1337 4350 εὖ,
1365 4286 1591 4358 ἐργάται
1618 4286 1710 4339 τοῦ
1732 4287 1836 4356 άμ-

2008 4287 2097 4341 57.
2164 4284 2324 4340 Servi
2387 4286 2510 4341 boni
2567 4294 2620 4339 et
2671 4283 2887 4349 ﬁdeles,
2941 4283 3108 4339 seduli
3161 4281 3393 4353 operarii
3451 4282 3503 4337 in

267 4374 505 4439 πλῶνος
536 4375 859 4446 Χριστοῦ,οἰ
881 4377 974 4428 καὶ
1004 4377 1065 4429 τὸ
1091 4376 1253 4448 βάρος
1281 4380 1379 4445 τῆς
1408 4377 1617 4447 ἡμέρας
1642 4376 1837 4447 βαστά-

1946 4376 2148 4432 Christi
2184 4378 2364 4442 vinea,
2392 4378 2484 4446 qui
2525 4377 2778 4446 portastis
2812 4380 3021 4447 pondus
3060 4377 3190 4443 diei,
3220 4377 3271 4429 ei
3320 4375 3503 4429 datum

267 4483 479 4531 σαντες,
522 4467 616 4525 καὶ
645 4466 707 4519 τὸ
738 4466 1016 4538 δεδομένον
1053 4468 1311 4522 τάλαντον
1342 4466 1691 4539 αὐξήσαντες,
1743 4468 1836 4519 καί⁵

1946 4469 2201 4525 talentum
2230 4469 2485 4537 auxistis,
2520 4484 2695 4539 neque
2732 4470 2998 4525 invidistis
3025 4478 3147 4539 post
3170 4482 3262 4522 vos
3286 4467 3507 4524 venien-

263 4563 379 4621 τοῖς
408 4558 526 4629 μεθ’
552 4559 705 4631 ὑμῶν
726 4537 939 4614 ἐλθοῦσι
959 4560 1031 4631 μὴ
1066 4559 1448 4630 φθονήσαντες.
1468 4537 1569 4612 δΔιδ
1595 4560 1838 4629 ἧνοικται

1907 4545 1914 4583 ’
1946 4562 2109 4616 tibus.
2151 4561 2273 4615 Ideo
2306 4561 2459 4616 vobis
2488 4537 2677 4631 aperta
2709 4574 2792 4617 est
2823 4564 2974 4632 regni
3013 4537 3201 4631 ianua.
3236 4560 3505 4615 Intrantes

268 4649 411 4721 πύλη
447 4649 722 4719 βασιλείας
752 4652 900 4722 ὑμῖν.
936 4650 1283 4713 Εἰσελθόντες
1312 4647 1403 4705 οὖν
1436 4654 1515 4714 εἰς
1548 4650 1644 4721 τὴν
1667 4648 1838 4719 χαρὰν

1946 4651 2113 4720 igitur
2135 4651 2186 4704 in
2231 4650 2488 4720 gaudium
2519 4650 2849 4716 Conditoris,
2884 4661 3035 4706 orate
3059 4665 3157 4720 pro
3186 4651 3360 4716 nobis,
3382 4663 3507 4703 san-

263 4742 360 4797 τοῦ
389 4745 732 4814 ποιησαντος,
761 4743 1131 4812 πρεσϐεύσατε
1155 4742 1292 4813 ὑπὲρ
1317 4744 1495 4813 ἡμῶν,
1527 4745 1667 4811 ἅγιοι
1692 4740 1837 4794 διδά-

718 4784 732 4806 ,
761 4743 1131 4812 πρεσϐεύσατε
1155 4742 1292 4813 ὑπὲρ
1317 4744 1495 4813 ἡμῶν,
1527 4745 1667 4811 ἅγιοι
1692 4740 1837 4794 διδά-
1941 4742 2009 4797 cti
2046 4744 2315 4797 doctores.

268 4836 480 4891 σκαλοι.

394 4928 505 4982 Καὶ
536 4927 649 4981 νῦν.
1397 4926 1697 4979 Θεοτόκιον.

2081 4921 2147 4973 Ει
2172 4935 2334 4975 nunc.
3124 4918 3360 4975 Mariale.

337 5018 529 5081 Οὐδεὶς
576 5019 925 5090 προστρέχων
969 5018 1062 5069 ἐπὶ
1125 5019 1206 5070 σο¹ι
1246 5019 1700 5089 κατῃσχυμμένος
1733 5017 1840 5068 ἀπὸ

2010 5008 2178 5065 Nemo
2216 5025 2506 5067 accurrens
2558 5016 2623 5065 ad
2656 5022 2724 5073 te,
2775 5026 2906 5079 pura
2935 5010 3094 5081 Virgo
3116 5008 3362 5066 Genitrix
3389 5013 3503 5082 Dei,

265 5111 365 5165 σοῦ
392 5110 766 5183 ἐκπορεύεται,
789 5110 925 5179 ἁγνὴ
950 5110 1190 5181 Παρθὲνε
1215 5110 1461 5162 Θεοτόκε·
1477 5109 1590 5161 ἀλλ’
1613 5110 1842 5160 αἰτεῖται

1945 5101 2245 5158 derelictus
2274 5104 2369 5159 abs
2400 5114 2452 5159 te
2478 5104 2743 5168 discedit;
2768 5104 2860 5158 sed
2891 5105 3021 5173 petit
3054 5105 3302 5173 gratiam,
3333 5112 3388 5159 ct
3411 5103 3507 5161 d0—

264 5206 369 5273 τὴν
398 5203 577 5273 χάριν,
595 5203 689 5257 καὶ
712 5203 778 5255 λα
786 5203 977 5273 μδάνει
1002 5204 1062 5256 τὸ
1078 5202 1307 5274 δώρημα
1329 5203 1465 5274 πρὸς
1491 5201 1551 5254 τὸ
1570 5202 1841 5271 συμφέρον

1353 5203 1465 5274 cpe;
1491 5201 1551 5254 τὸ
1570 5202 1841 5271 συμφέρον
1944 5211 2069 5249 num
2102 5197 2295 5265 accipit
2319 5197 2559 5267 petitioni
2601 5197 2951 5251 conveniens.

264 5296 370 5365 τῆς
402 5294 691 5365 αἰτήσεως.

343 5406 458 5460 Νῦν
483 5406 736 5471 ἀπολύεις
794 5408 886 5461 τὸν
930 5408 1113 5463 δοῦλόν
1148 5426 1262 5461 σου.
1301 5407 1373 5459 Τὸ
1409 5406 1719 5476 Τρισάγιον.

2015 5397 2165 5451 Nunc
2221 5397 2447 5451 dimittis
2520 5412 2732 5451 servum
2796 5406 2963 5449 tnutn.
3023 5392 3367 5464 Trisagiutn,
3444 5395 3507 5447 de

1944 5506 2052 5559 quo
2078 5506 2223 5543 nntn.
2257 5491 2341 5543 5|.

817 5628 996 5680 ΑΠΟΛ
1007 5627 1313 5681 ΥἸΊΚΙΟΝ.

2489 5617 2958 5675 DIMISSORIUM.

346 5717 414 5777 Οἰ
442 5718 551 5773 τῶν
589 5720 897 5773 ἀποστόλων
922 5719 1234 5789 ὁμότροποι,
1277 5718 1370 5771 καὶ
1406 5717 1503 5785 τῆς
1525 5715 1847 5785 οἰκουμένης

2018 5715 2105 5768 58.
2138 5715 2326 5770 Iisdem
2371 5714 2566 5782 quibus
2603 5711 2824 5782 apostoli
2864 5712 3103 5766 moribus
3152 5710 3383 5775 pratditi,
3425 5714 3505 5764 do

272 5809 605 5874 διδάσκαλοι,
637 5808 714 5880 τῷ
737 5809 977 5882 Aea-1:61};
1004 5808 1109 5863 τῶν
1138 5811 1271 5864 ὅλων
1304 5806 1672 5879 πρεσῦεύσατε
1701 5809 1845 5880 εἰρή-

1952 5816 2144 5862 cturcs
2183 5807 2418 5861 universi
2471 5807 2616 5861 orbis
2646 5848 2659 5870 ,
2712 5815 2863 5861 orate
2924 5807 3292 5859 universorum
3334 5804 3504 5857 Βοιῶν
