4046 6458
1322 403 1713 456 AtZULU'l'lIIA
1755 401 2083 452 'lltll’LiLib
2122 401 2342 447 Mab'li.
3252 406 3476 450 cccxxxr

300 527 570 584 Εξσελθὼν
614 523 670 576 δὲ
708 525 801 578 καὶ
868 523 947 584 εἰς
990 520 1051 574 τὸ
1098 522 1252 591 ἆγιον
1305 521 1473 590 βῆμα,
1523 518 1668 586 λέγει
1717 519 1812 587 τὴν
1844 517 1888 574 Λ

1886 563 1888 571 λ
1989 511 2078 565 66.
2152 512 2432 579 Ingressus
2515 516 2692 562 autem
2768 513 3013 560 sanctum
3083 503 3286 556 aditum
3352 505 3484 559 dicit

237 624 396 695 εὐχὴν
413 619 506 674 τοῦ
543 618 886 688 Ουμιάματος
908 614 1026 667 καθ’
1049 615 1259 669 ἑαυτόν.

1919 614 2136 658 secreto
2199 601 2502 657 orationem
2570 600 2634 654 ad
2702 596 3128 651 incensationem
3181 593 3286 648 dici
3353 595 3477 648 soli-

1915 706 2042 749 tam.

315 791 492 843 Coun.
529 789 700 849 lianc,
737 787 824 843 hic
853 788 907 842 in
941 789 1143 858 Typico
1171 788 1450 849 omissam,
1483 787 1692 842 Goarus
1727 790 1947 844 exhibet
1970 788 2319 856 sequentibus
2352 783 2550 843 verbis.

303 881 644 935 Κατεύθυνον
698 879 796 950 τὴν
853 879 1164 948 προσευχὴν
1204 877 1382 947 ἡμῶν,
1431 877 1506 941 ὡς
1562 878 1810 952 Ουμξαμα

1993 881 2178 948 Dirige
2260 879 2565 933 orationem
2634 883 2921 936 nostram,
2989 879 3050 925 ut
3101 871 3379 926 incensum
3431 869 3484 923 in

237 972 467 1027 ὲνώπίὁν
497 988 610 1037 σου,
659 973 752 1024 καὶ
802 967 1092 1040 πρόσδεξαι
1145 970 1311 1036 αὐτὴν
1347 971 1425 1032 εἰς
1470 969 1643 1040 ὀσμὴν
1677 974 1809 1025 edo)-

1918 981 2214 1042 conspectu
2250 980 2361 1036 tuo,
2388 978 2444 1026 et
2495 965 2717 1034 suscipe
2763 981 2881 1020 eam
2909 965 2963 1020 in
2998 964 3217 1020 odorem
3250 962 3487 1019 suavita-

235 1067 362 1126 δίας.
1917 1065 2005 1118 tis.

305 1161 468 1215 Certe
498 1163 609 1216 brec
633 1159 807 1211 oratio
841 1170 870 1208 a
897 1155 1077 1211 Goaro
1110 1158 1399 1213 exhibetur
1419 1176 1538 1228 pag.
1569 1160 1660 1223 29,
1686 1176 1858 1228 neque
1884 1160 2043 1214 aliam
2077 1178 2176 1232 ego
2217 1161 2430 1229 uspiam
2455 1157 2662 1214 inveni.

323 1254 384 1308 Ὀ
436 1253 492 1306 δὲ
543 1247 923 1318 κανδηλὰπτης
986 1249 1260 1317 ἐκφωνεῖ,
1317 1251 1669 1312 Κελεύσατε,
1716 1269 1808 1318 γε-

1991 1252 2123 1306 Τιιηι
2161 1251 2539 1318 candelaptes,
2589 1265 2750 1304 manu
2802 1246 3096 1318 praiferens
3147 1246 3484 1316 lampadem,

235 1345 513 1415 γωνοτέρᾳ
539 1343 711 1412 φωνῇ,
733 1341 947 1413 κρατῶν
973 1345 1066 1397 καὶ
1095 1344 1190 1413 τὴν
1214 1342 1471 1412 λαμπάδα
1501 1342 1558 1392 ὲν
1587 1344 1652 1411 τῇ
1671 1345 1813 1412 χειρὶ

1275 1342 1471 1412 ιμπάδα
1501 1342 1558 1392 ὲν
1587 1344 1652 1411 τῇ
1671 1345 1813 1412 χειρὶ
1923 1342 2187 1398 exclamat
2222 1343 2454 1398 clariore
2477 1354 2631 1407 voce,
2661 1339 2873 1396 Jubete.

235 1456 423 1491 αυτου.

306 1528 538 1602 Constat
574 1527 689 1602 Quo
728 1529 899 1602 verbo
929 1544 1034 1582 non
1057 1526 1210 1602 jubet
1237 1527 1436 1602 (inquit
1468 1527 1680 1582 Goarus
1714 1527 1830 1602 loco
1858 1527 1984 1602 jam_
2011 1520 2202 1581 citato)
2221 1531 2293 1602 _ut
2314 1521 2615 1602 sacerdote
2645 1519 2972 1602 adveniente
3000 1518 3181 1600 cuncti
3220 1527 3445 1602 surgant
3466 1535 3485 1602 Δε

235 1598 366 1667 quin
403 1587 936 1669 potius~h_umilitatis
964 1587 1348 1669 modestiaque
1377 1600 1811 1669 demonstrandae
1846 1587 2047 1669 studio,
2080 1600 2236 1669 rogat
2272 1599 2330 1643 ut
2376 1589 2623 1669 jubeant,
2670 1587 2986 1669 quasialiis
3017 1587 3352 1669 imperaturi
3372 1595 3486 1669 λιιι

233 1655 540 1740 assurgant.
574 1667 762 1740 vilem
825 1683 930 1720 non
965 1668 1184 1740 omnino
1235 1655 1537 1740 absimilem
1589 1667 1721 1740 facit
1768 1669 1905 1740 apud
1930 1655 2172 1718 Latinos—
2194 1655 2548 1740 lectoriqui,
2572 1655 2728 1740 juiita
2758 1658 2979 1713 Petrum
3015 1657 3356 1740 Damianum,
3388 1655 3481 1740 lib.

236 1727 499 1794 Dominus
533 1737 792 1791 vobiscum
847 1736 1132 1804 appellato,
1199 1752 1320 1804 cap.
1376 1737 1432 1797 ‘2,
1473 1757 1489 1787 ‹
1529 1727 1956 1790 benedictionem
1989 1751 2019 1787 a
2069 1733 2352 1788 sacerdote
2389 1731 2513 1784 dum
2557 1730 2712 1798 petit,
2751 1744 2856 1783 non
2889 1735 3038 1795 rogat
3076 1737 3128 1779 nl
3167 1727 3485 1789 benedicat;

232 1812 327 1865 sed
357 1819 414 1860 nt
449 1806 768 1860 benedicere
793 1805 1303 1877 jubeatqttempiain
1329 1807 1516 1860 alium.
1558 1825 1576 1857 ›

304 1899 587 1969 Θυμιάσας
640 1896 697 1950 δὲ
745 1898 773 1950 ὁ
830 1898 1008 1970 ἱερεὺς
1089 1898 1448 1969 σταυροειδῶς
1497 1900 1595 1970 τὴν
1650 1898 1809 1966 ἁγίαν
1842 1907 1883 1961 Β

1981 1895 2070 1950 67.
2117 1895 2251 1949 Cum
2313 1893 2569 1949 sacerdos
2618 1892 2671 1945 in
2716 1889 2942 1945 formam
3004 1887 3186 1944 crucis
3243 1889 3489 1942 incensa‘

231 1988 512 2062 τράπεζαν
543 1991 635 2043 καὶ
672 1991 790 2044 ὅλον
837 1991 897 2044 τὸ
951 1990 1357 2059 θυσιαστήριον,
1409 1991 1684 2062 ἐξέρχεται
1725 1990 1814 2044 διὰ

1916 1990 1989 2043 vit
2029 1995 2273 2042 sanctam
2336 2000 2580 2042 mensam
2630 1991 2912 2050 totumque
2963 1981 3158 2047 altare,
3211 1981 3491 2052 egreditur

230 2082 340 2134 τῶν
391 2081 560 2150 ἁγίων
603 2082 804 2155 θυρῶν,
852 2083 946 2134 καὶ
993 2083 1224 2149 ποιήσας
1273 2082 1503 2152 σταυρὸν
1536 2082 1672 2152 μετὰ
1721 2083 1811 2136 τοῦ

1911 2079 2118 2135 sanctis
2150 2077 2346 2149 portis,
2369 2087 2423 2130 et
2456 2073 2735 2130 thuribulo
2768 2080 2893 2125 ante
2924 2071 3203 2127 cancellos
3255 2073 3489 2128 bematis

232 2175 499 2246 θυμιατοῦ
521 2174 856 2229 κατενώπιον
887 2173 977 2225 τοῦ
1007 2171 1340 2243 ἱλαστηρίου,
1377 2173 1697 2242 ἀπέρχεται,
1723 2173 1814 2223 καὶ

1911 2171 2141 2226 formata
2196 2184 2380 2234 cruce,
2413 2169 2526 2222 abit
2569 2175 2626 2222 et
2681 2165 2927 2219 incensat
2967 2162 3257 2232 imaginem
3317 2167 3489 2218 sancti

230 2267 406 2338 θυμιᾷ
433 2268 530 2337 τὴν
553 2267 736 2321 εἰκόνα
765 2265 859 2317 τοῦ
896 2263 1072 2331 ἁγίου,
1107 2261 1222 2316 εἶτα
1254 2263 1392 2316 κατὰ
1425 2264 1514 2315 τὸν
1542 2262 1814 2332 καθηγού-

1913 2260 2018 2331 (vel
2065 2262 2209 2316 illius
2249 2261 2340 2330 qui
2399 2269 2482 2314 est
2536 2257 2785 2313 ecclesia:
2859 2254 3137 2319 tutelaris,
3193 2255 3281 2310 vel
3336 2254 3488 2325 cujus

235 2375 418 2426 μενον,
443 2359 536 2408 καὶ
567 2360 646 2420 εἰς
677 2357 802 2419 τοὺς
831 2355 924 2408 δύο
953 2357 1145 2426 χοροὺς
1171 2354 1310 2407 κατὰ
1341 2353 1515 2418 τάξιν,
1552 2355 1649 2424 τῆς
1675 2352 1810 2422 λαμ-

1915 2351 2112 2404 festum
2194 2348 2433 2419 agitur),
2489 2345 2685 2399 deinde
2745 2344 2993 2399 incensat
3039 2344 3324 2411 prasidem
3369 2361 3381 2396 :
3435 2353 3490 2398 et

231 2449 401 2510 πάδος
439 2447 678 2516 δηλονότι
707 2448 1187 2519 προπορευομένης
1206 2445 1387 2500 αὐτοῦ.
1419 2447 1476 2498 '0
1495 2445 1553 2498 δὲ
1583 2443 1810 2511 ἐξελθὼν

1916 2444 2052 2498 duos
2116 2441 2317 2497 choros
2371 2446 2592 2494 servato
2648 2435 2884 2500 ordine,
2929 2435 3187 2490 nimirum
3241 2434 3491 2504 lampade

230 2539 330 2592 καὶ
355 2540 433 2600 εἰς
459 2538 586 2600 τοὺς
621 2538 922 2608 νάρθηκας,
956 2541 1048 2591 καὶ
1079 2537 1347 2607 Θυμιάσας
1381 2537 1655 2590 κάνταῦθα
1687 2536 1809 2598 τοὺς

1915 2549 2037 2589 eum
2077 2541 2376 2603 praeeunte.
2410 2529 2706 2598 Postquam
2757 2537 2941 2582 autem
2994 2541 3251 2597 egressus
3296 2537 3381 2582 est
3436 2529 3489 2580 in

232 2630 497 2693 ἀδελφοὺς
527 2628 669 2682 κατὰ
699 2628 851 2695 τάξιν
883 2629 1232 2702 ὑποστρέφει.

1915 2627 2249 2693 narthecem,
2285 2633 2450 2694 atque
2488 2622 2559 2678 ibi
2596 2621 2790 2679 ordine
2827 2619 3130 2676 incensavit
3156 2619 3375 2685 fratres,
3404 2635 3491 2675 re-

1921 2715 2171 2766 vertitur.

310 2812 402 2867 68.
461 2811 641 2868 Coum.
692 2810 995 2867 Jucundum
1043 2811 1133 2866 hic
1187 2810 1332 2881 forte
1379 2809 1565 2881 lectori
1622 2809 1782 2862 fuerit
1834 2807 2153 2877 intelligere,
2196 2809 2321 2881 quid
2353 2811 2423 2863 sit
2463 2811 2643 2881 templi
2677 2811 2908 2881 νάρθηξ.
2962 2810 3056 2863 Est
3091 2824 3225 2881 ergo
3271 2809 3490 2881 proprie

310 2830 402 2867 06.
461 2830 641 2868 LOMI.
692 2830 995 2867 Jucunuum
1045 2830 1133 2866 DIC
1187 2830 1325 2865 IOI'IC
1379 2830 1565 2864 lCClUI‘I
1622 2830 1782 2862 Ιυιπιι
1835 2830 2153 2877 ιιιιειιιξςυῖε,
2196 2830 2321 2874 ψιια
2353 2830 2423 2863 SH.
2463 2830 2643 2878 temptt
2677 2830 2745 2864 να
2785 2830 2908 2881 υης.
2963 2830 3056 2863 ιδι
3095 2830 3225 2877 ergo
3271 2830 3487 2877 pI'ODI'lC

234 2883 468 2935 narthex
516 2882 663 2938 locus
708 2881 1110 2952 paenitentibus,
1167 2880 1674 2952 catechumenisque
1732 2887 1921 2952 atque
1948 2878 2351 2952 energnmenis
2376 2880 2701 2952 assignatus.
2739 2830 2808 2934 Et
2845 2882 3026 2952 dicere
3051 2880 3139 2932 ubi
3171 2880 3256 2932 ille
3288 2877 3487 2942 fuerit,

236 2960 472 3004 extrane
501 2967 568 3005 an
609 2949 750 3006 intra
781 2952 1091 3015 ecclesiam,
1123 2953 1223 3005 hoc
1272 2965 1427 3016 opus,
1459 2951 1543 3004 hic
1569 2950 1721 3003 labor
1749 2957 1832 3002 est
1861 2967 1873 3001 :
1909 2949 1961 3002 id
1991 2958 2168 3002 tamen
2200 2949 2437 3001 conabor
2462 2949 2745 3005 declarare
2774 2950 3038 3004 brevitate
3069 2960 3268 3017 quanta
3303 2959 3489 3017 potero

237 3035 498 3074 lll3le3.

308 3091 540 3144 Allatius
582 3091 796 3158 quidem
849 3089 1172 3159 Narthecem
1227 3087 1318 3156 qui
1381 3097 1435 3142 et
1470 3087 1703 3159 πρόναος
1761 3087 2004 3159 όίοἱιιιιιη
2027 3089 2176 3154 quasi
2219 3106 2236 3138 ‹
2266 3088 2510 3159 anterius
2553 3089 2834 3159 templum,
2883 3108 2900 3141 ι
2937 3089 3126 3142 iisdem
3173 3087 3368 3156 quibus
3396 3103 3487 3141 ec-

239 3161 470 3214 clesiam
504 3155 674 3214 muris
703 3158 1126 3224 circumscribit,
1163 3155 1421 3227 ponitque
1447 3155 1585 3212 intra
1621 3158 1765 3210 illam
1799 3173 1812 3209 :
1841 3158 1940 3227 sed
1972 3155 2184 3227 Goarus
2213 3157 2549 3227 ponitexlru,
2576 3168 2628 3213 et
2653 3155 2976 3213 censetesse
3003 3155 3244 3212 ecclesia:
3274 3175 3290 3208 ι
3325 3160 3491 3227 vesti-

237 3229 449 3293 bulum,
486 3230 818 3298 propylaaum
856 3249 874 3282 ι
913 3245 1005 3284 seu
1047 3249 1065 3280 ι
1097 3225 1362 3298 porticum
1399 3248 1417 3280 ι
1445 3227 1721 3298 (porticale
1764 3226 1955 3297 vulgus
1985 3225 2238 3298 appellat)
2267 3241 2387 3294 quae
2415 3226 2544 3281 mdis
2570 3243 2740 3282 sacrae
2763 3230 2932 3296 portis
2958 3230 3298 3282 obversatur.
3325 3225 3487 3281 Uter-

236 3312 346 3364 que
375 3297 558 3364 prose
590 3297 748 3353 affert
779 3297 1134 3354 auctoritates
1169 3315 1272 3352 non
1298 3297 1679 3352 leves.'Verum
1708 3309 1836 3365 puto
1863 3311 1986 3363 ego,
2043 3297 2179 3350 hanc
2215 3297 2527 3365 Opinionum
2567 3297 2881 3352 varietatem
2913 3310 3095 3352 natant
3135 3313 3255 3352 esse
3300 3312 3366 3350 ex
3399 3312 3486 3359 eo,

238 3370 386 3431 quod
412 3383 516 3421 non
538 3369 670 3420 satis
690 3369 1427 3422 observaverintGrzecorum
1447 3367 1730 3431 ecclesias,
1761 3367 1892 3419 alias
1909 3380 2028 3436 esse
2049 3367 2367 3436 catholicas,
2397 3382 2515 3436 quae
2540 3368 2745 3421 scilicet
2770 3369 2985 3436 utrique
3010 3367 3163 3421 sexui
3192 3367 3488 3421 universiin

239 3444 462 3501 patent;
489 3437 621 3491 alias
643 3439 995 3501 monasticas,
1027 3453 1144 3505 qua:
1177 3437 1304 3491 solis
1328 3438 1458 3490 viris
1479 3480 1494 3502 ,
1524 3436 1570 3488 si
1595 3438 1867 3499 virorum;
1895 3435 1980 3486 vel
2013 3435 2141 3490 solis
2179 3435 2522 3502 mulieribus,
2559 3439 2602 3490 si
2642 3435 3136 3493 sanctimonialium
3184 3438 3312 3491 sint.
3353 3436 3486 3490 Nam

241 3506 519 3574 prioribus
552 3509 780 3560 narthex
816 3509 1057 3562 exterior
1082 3516 1183 3571 est,
1238 3506 1627 3575 posterioribus
1681 3520 1785 3557 non
1813 3506 1973 3566 item;
2032 3506 2104 3556 uti
2153 3506 2396 3573 pluribus
2425 3508 2658 3560 ostendit
2701 3507 2946 3562 eruditus
2993 3506 3250 3576 Cangius,
3278 3522 3345 3561 ex
3381 3521 3490 3574 quo

233 3577 390 3644 juvat
420 3591 589 3644 pauca
626 3576 883 3631 delibare.

313 3642 721 3717 69.1’ostquam
753 3648 1046 3717 przeclarus
1071 3647 1156 3700 ille
1192 3655 1403 3708 auctor,
1433 3643 1485 3697 in
1524 3643 1795 3717 Glossario
1826 3646 2012 3717 inedia:
2041 3653 2090 3696 et
2116 3645 2311 3712 inﬁma:
2342 3642 2641 3697 ercitatis
2667 3645 2974 3717 όίςὶδεςξιμ
3008 3645 3324 3717 nartheeein
3368 3661 3490 3717 esse

241 3715 509 3784 porticum
551 3714 675 3770 ante
707 3714 888 3785 templi
925 3717 1270 3779 vestibulum,
1311 3718 1388 3769 sic
1413 3717 1609 3785 dictam
1642 3716 1782 3783 quod
1819 3714 2002 3785 ferulae
2033 3717 2267 3782 speciem
2306 3718 2577 3782 prasl'erat,
2609 3730 2732 3768 cum
2769 3716 2820 3768 in
2847 3715 3184 3768 latitudinem
3216 3716 3282 3767 ad
3315 3716 3491 3783 ipsius

238 3787 371 3839 aedis
401 3785 592 3838 faciem
617 3784 940 3851 diducatur;
972 3802 1200 3853 esseque
1223 3796 1372 3840 extra
1411 3784 1605 3847 a’dem,
1640 3788 1682 3837 si
1725 3784 1982 3838 ecclesias
2013 3785 2310 3853 catholicas
2337 3797 2671 3852 spectemus,
2706 3804 2724 3836 ι
2768 3786 2818 3838 id
2849 3788 2991 3852 quod
3022 3785 3112 3838 lib.
3139 3801 3196 3838 ιιι
3223 3785 3490 3838 Conﬂata»-

241 3856 488 3923 tiuoiiolis
522 3856 857 3920 Christianw,
892 3873 1039 3909 num.
1079 3859 1145 3907 18
1167 3897 1180 3919 ,
1207 3856 1396 3923 probat
1424 3870 1487 3906 ex
1527 3854 1810 3922 Procopio,
1831 3853 2057 3918 Codino,
2093 3852 2415 3918 Theoriano,
2444 3854 2759 3909 Silentiario
2789 3866 2844 3910 et
2869 3856 3020 3920 aliis;
3057 3857 3238 3907 statim
3267 3857 3448 3909 subdit
3473 3876 3486 3912 :

246 3941 266 3973 ι
294 3922 354 3976 In
393 3927 785 3980 monachorum
809 3941 938 3979 vero
972 3922 1220 3979 ecclesiis
1251 3926 1411 3977 aliter
1446 3937 1503 3976 se
1534 3939 1622 3976 res
1651 3925 1832 3976 habet.
1863 3923 1949 3976 Eae
1977 3926 2118 3976 enim
2148 3926 2198 3976 in
2234 3937 2345 3977 tres
2376 3934 2557 3993 partes
2588 3926 2900 3978 dividuntur
2940 3943 2954 3977 :
2991 3925 3042 3975 in
3076 3923 3227 3993 βῆμα
3257 3941 3348 3977 seu
3387 3925 3488 3978 Sa-

240 3993 507 4063 crarium,
537 3998 650 4049 suis
677 3995 932 4050 cancellis
975 3997 1340 4063 disparatum;
1383 3994 1432 4045 in
1485 3993 1632 4056 ναόν,
1670 3995 1720 4045 in
1779 4009 1883 4061 quo
1921 3995 2168 4047 monachi
2205 3992 2525 4057 consistunt,
2559 3998 2671 4047 suis
2706 3995 2909 4062 pariter
2952 3992 3209 4047 cancellis
3258 3995 3488 4046 divisum

241 4077 272 4112 a
307 4062 513 4136 reliqua
546 4067 681 4136 aede,
737 4079 895 4132 quam
932 4062 1180 4136 νάρθηκα
1236 4063 1542 4131 appellant,
1573 4064 1802 4136 quodiis

1888 4063 2112 4134 ἱιρθηκος
2150 4069 2320 4136 vicem
2347 4071 2586 4136 ⁸ιπωδιρξ
2607 4101 2621 4124 ,
2655 4065 2782 4116 licet
2808 4078 2913 4114 non
2929 4063 3011 4136 _sit
3043 4076 3230 4117 revera
3260 4063 3486 4134 νάρθηξ,

242 4140 304 4203 ut
354 4135 444 4198 qui
477 4133 616 4185 intra
647 4135 813 4200 ipsam
847 4133 1014 4189 :edeni
1052 4133 1226 4188 erstet
1256 4136 1504 4201 illiusque
1557 4144 1702 4200 septa
1742 4149 1756 4188 :
1794 4135 1845 4186 in
1884 4133 2202 4202 qna'tanien
2235 4133 2509 4203 νάρθηκος
2559 4133 2788 4203 figuram
2841 4133 3059 4190 retinet.
3111 4149 3233 4187 cum
3263 4133 3490 4203 excepto

242 4202 458 4255 bemate
491 4240 506 4265 ,
536 4205 798 4270 potiorem
835 4206 965 4258 tedis
1013 4215 1216 4274 partem
1266 4206 1505 4258 obtineat
1558 4203 1686 4256 ναὸν
1716 4242 1730 4265 ,
1765 4219 1858 4257 seu
1906 4202 2318 4274 monachornni'
2344 4202 2579 4266 chorus;
2638 4202 2844 4270 reliqua
2897 4212 3050 4271 parte
3075 4242 3090 4265 ,
3152 4212 3212 4257 ut
3241 4202 3404 4268 dixi,
3432 4205 3486 4258 in

249 4281 543 4339 angustum
570 4282 874 4333 contracta,
913 4286 967 4325 et
1014 4273 1076 4326 in
1134 4275 1474 4327 latitudinem
1527 4275 1769 4338 diducta,
1804 4289 1976 4339 eaque
2037 4273 2387 4325 saecularibus
2423 4274 2709 4339 permissa,
2739 4284 2991 4340 tanquam
3046 4288 3110 4325 eo
3166 4275 3339 4327 instar
3375 4289 3490 4339 pa:-

245 4341 970 4404 nitentiumaccedentibus,
1004 4359 1122 4395 cum
1160 4347 1224 4396 iis
1259 4345 1398 4394 intra
1439 4343 1563 4394 ναὸν
1590 4344 1888 4395 consistere
1937 4357 2039 4392 non
2095 4343 2346 4397 liceat....
2379 4344 2552 4409 Atque
2581 4359 2698 4396 eam
2744 4343 2912 4396 ferme
2959 4342 3122 4395 etiam
3162 4344 3491 4396 monastica-

245 4426 366 4463 rum
392 4412 743 4464 ecclesiarum
771 4410 997 4465 formam
1027 4430 1240 4480 semper
1288 4412 1453 4464 fuisse
1483 4414 1618 4480 apud
1654 4428 1751 4465 nos
1785 4428 1878 4465 seu
1918 4411 2156 4476 Latinos,
2207 4412 2365 4465 facile
2399 4415 2677 4477 concedat,
2715 4414 2962 4480 quisquis
2995 4414 3252 4466 attentius
3283 4424 3490 4467 veteres

246 4480 512 4546 ejusmodi
558 4481 883 4536 monasticas
906 4483 1046 4535 ades
1074 4483 1543 4544 consideraverit;
1572 4481 1622 4533 in
1659 4481 1854 4550 quibus
1886 4481 2272 4534 monachorum
2306 4483 2549 4546 chorum,
2586 4497 2744 4544 quem
2777 4496 3001 4550 capsum
3054 4482 3299 4536 ecclesiae
3329 4497 3490 4536 voca-

243 4552 377 4603 bant
409 4553 491 4621 (ut
522 4552 739 4622 quidam
780 4553 983 4620 volunt)
1041 4554 1303 4618 potiorem
1333 4552 1460 4604 azdis
1491 4549 1699 4619 partem
1728 4565 1997 4622 occupare
2027 4554 2501 4622 animadverteret,
2541 4554 2745 4620 reliqua
2774 4549 3249 4622 szec_ularib_usiseu
3299 4569 3492 4622 κοσμι-

245 4623 362 4682 κοῖς
420 4619 663 4688 patente.
707 4621 974 4690 Quidquid
1025 4623 1186 4690 igitur
1225 4622 1276 4673 in
1340 4623 1404 4692 iis
1431 4622 1820 4673 monachorum

1893 4621 2106 4692 celesiis
2157 4631 2308 4692 extra
2343 4619 2674 4692 narthecein
2694 4633 2797 4684 est,
2839 4619 3153 4692 ἐξωνάρθηξ
3180 4633 3232 4676 et
3282 4619 3489 4690 ξώσιὲης

244 4699 502 4760 corrupte
534 4692 750 4753 dicitur,
780 4696 912 4745 aedis
965 4693 1173 4744 scilicet
1233 4691 1579 4750 vestibulum,
1612 4692 1697 4742 ubi
1752 4691 1802 4742 in
1839 4691 2083 4744 ecclesiis
2118 4691 2398 4744 catholicis
2443 4691 2650 4760 νάρθηξ
2699 4691 2953 4743 collocari
3013 4691 3186 4757 Solet,
3238 4693 3290 4746 in
3338 4693 3492 4760 cujus

243 4759 580 4832 discrimen,
631 4763 941 4832 interiorem
1013 4765 1323 4813 naitlieceni
1357 4799 1370 4820 ,
1424 4760 1816 4830 Ἐσωνάροηκα
1889 4771 2099 4814 vocant.
2162 4779 2178 4810 ι
2243 4760 2367 4813 Haec
2412 4759 2687 4832 (iungitis,
2732 4763 2927 4827 quibus
2979 4761 3112 4814 scite
3169 4759 3492 4832 egregieque

242 4828 474 4949 iiiisitis,
513 4840 566 4881 et
627 4831 982 4883 conciliantur
1032 4833 1400 4896 dismepantcs
1436 4828 1734 4883 doctorum
1769 4832 2085 4897 sententiae,
2119 4840 2172 4884 et
2232 4832 2390 4883 facile
2440 4828 2811 4900 intelliguntur
2871 4845 2933 4883 ea
2982 4845 3097 4898 qua:
3149 4828 3495 4901 prosequitur

292 4913 529 4949 vuicum.

241 4900 529 4968 'fypicum.

312 4995 426 5046 Καὶ
469 4994 723 5048 εἰσελθὼν
763 4997 891 5047 εἴσω
918 4997 1013 5066 τῆς
1060 4997 1342 5067 βασιλικῆς
1379 4997 1569 5066 πύλης,
1617 4999 1820 5068 χαράτ-
1846 5006 1886 5060 C

1993 4999 2081 5052 7U.
2137 4997 2203 5050 Et
2245 4999 2454 5050 intrans
2486 5009 2697 5068 portam
2751 5000 3048 5065 basilicam,
3102 5003 3215 5051 sive
3265 4999 3490 5068 regiam,

238 5102 322 5142 τει
352 5086 492 5156 μετὰ
521 5087 614 5139 τοῦ
661 5089 923 5158 Ουμιατοῦ
960 5091 1207 5160 σταυρόν.

1083 5091 1207 5160 ιρόν.
1926 5093 2200 5147 thuribulo
2224 5109 2438 5146 crucem
2465 5093 2681 5161 effingit.

314 5181 497 5260 Cium:
537 5184 742 5260 Quippe
772 5187 1068 5260 quodante
1099 5187 1358 5260 diximus,
1391 5197 1692 5260 perportas
1730 5187 1982 5242 basilicas
2029 5197 2213 5260 patere
2253 5190 2456 5242 aditum
2508 5190 2561 5242 in
2619 5191 2870 5260 templum
2898 5229 2912 5252 ,
2947 5189 2999 5243 id
3051 5193 3120 5260 de
3166 5188 3370 5260 templo
3399 5203 3487 5241 ca-

243 5252 449 5329 tholico
482 5252 824 5329 intellecturi:
844 5257 964 5329 volo
993 5294 1006 5318 ,
1042 5272 1143 5329 non
1179 5257 1244 5309 de
1273 5252 1604 5329 nionastico;
1635 5261 1757 5325 quia
1819 5260 1870 5311 in
1924 5252 2376 5312 monasteriorum
2425 5259 2634 5327 templis
2689 5252 2866 5329 (quale
2895 5269 3012 5313 erat
3048 5259 3194 5329 illud
3237 5252 3334 5324 pro
3388 5271 3494 5325 quo

237 5325 504 5389 scriptum
533 5335 617 5374 est
657 5325 756 5377 hoc
784 5325 1085 5395 'l‘ypicum),
1116 5335 1282 5391 porta:
1306 5326 1539 5380 basilica:
1568 5345 1668 5379 non
1698 5338 1823 5380 sunt
1861 5340 2030 5395 portae
2066 5329 2366 5383 exteriores
2393 5339 2448 5382 et
2475 5325 3024 5392 omniuni'inaxiinw;
3057 5329 3152 5382 sed
3187 5328 3490 5387 interiores,

237 5402 294 5467 ut
330 5407 449 5467 qua:
477 5407 506 5467 e
535 5397 790 5449 narthece
814 5404 1015 5467 ducunt
1067 5401 1138 5467 ad
1174 5395 1300 5448 ναὸν
1336 5400 1447 5449 sive
1493 5400 1737 5450 chorum.
1784 5399 1920 5462 Quid
1975 5414 2110 5464 opus
2167 5410 2250 5452 est
2288 5400 2572 5467 pluribus?
2611 5400 2770 5454 Porta
2835 5400 3059 5453 basilica
3115 5398 3164 5449 iii
3221 5398 3321 5451 hoc
3376 5397 3492 5465 ipsi»

241 5458 450 5536 Τγριιρ
481 5463 616 5536 intra
656 5466 1006 5536 monasticam
1034 5466 1317 5519 ecclesiam
1345 5467 1628 5521 manifeste
1653 5458 2023 5521 constituitur.
2053 5470 2106 5520 ld
2131 5470 2270 5536 quod
2290 5458 2512 5536 'patebit
2538 5471 2697 5524 etiam
2729 5486 2797 5525 ex
2834 5468 3203 5536 sequentibus.
3245 5458 3492 5535 QuaprOe

238 5544 365 5596 pter
399 5529 585 5599 Typici
623 5535 817 5587 seriem
856 5546 1177 5603 repetamus.

318 5623 424 5673 Καὶ
454 5626 686 5691 ἐκφωνεῖ
722 5627 1117 5697 μεγαλοφώνως
1158 5630 1237 5697 τὸ,
1279 5630 1469 5701 Κέριε,
1505 5630 1814 5701 εὐλόγηςον,

1997 5633 2084 5685 7i.
2137 5632 2202 5686 Et
2252 5633 2385 5686 elata
2427 5649 2556 5688 voce
2613 5633 2918 5686 exclamat:
2952 5632 3200 5696 Benedic,
3233 5627 3488 5684 )eminc:

245 5713 340 5766 καὶ
366 5713 534 5785 Ουμιᾷ
553 5711 705 5780 αὖθις
720 5719 808 5771 τὸν
837 5719 1151 5790 προεστῶτα
1175 5721 1301 5791 ﬁsi;
1327 5722 1416 5777 τὸν
1441 5722 1600 5776 τόπον
1630 5724 1813 5787 αὐτοῦ,

1927 5733 1981 5778 et
2007 5725 2248 5778 incensat
2280 5727 2471 5780 iterum
2501 5728 2781 5796 pl'il‘Sidelll
2817 5726 2893 5780 rcl
2925 5727 3090 5794 ipsius
3124 5724 3319 5786 locum,
3342 5721 3487 5776 dein-

240 5803 366 5858 εἶτα
393 5805 482 5858 τὸν
507 5805 676 5874 ἅγιον.

1925 5819 1990 5872 de
2017 5827 2277 5872 sanctum.
