4046 6460
515 395 759 437 εεετικιι

1884 388 2412 446 PROLEGOMENA.

587 499 763 581 (ξοην.
789 500 862 554 De
880 502 993 581 hoc
1035 516 1224 581 salicto
1262 518 1384 581 ante
1414 511 1576 561 verba
1614 509 1858 577 fecimus,
1883 525 1936 568 et
1965 512 2080 581 ejus
2132 514 2309 581 imago
2338 509 2629 578 conspicua
2666 512 2749 560 est
2787 507 2839 556 In
2877 499 3145 576 pracipua
3172 498 3324 555 cborl
3366 509 3516 559 scoc,
3545 494 3766 564 ideoque

516 567 681 621 είκὼν
717 570 986 626 στασιδίου
1018 575 1109 627 τοῦ
1148 578 1452 648 ἡγουμένου
1486 592 1842 647 nuncupatur.

590 662 654 716 Et
680 664 955 734 ingressus
1005 669 1055 721 in
1096 683 1339 725 sanctum
1383 674 1561 737 bema,
1604 683 1685 727 ter
1719 677 1931 745 signum
1960 690 2084 729 crn-

2261 672 2369 726 Καὶ
2399 671 2652 725 εἰσελθὼν
2698 670 2776 732 είς
2823 666 2882 719 τὸ
2920 665 3072 734 ἅγιον
3106 661 3278 732 βῆμα,
3311 664 3522 717 ἵσταται
3560 658 3767 731 ἔμπρο-

517 753 596 807 cis
630 757 884 821 exprimit
919 759 1216 816 lhuribulo.
1243 762 1319 815 Ita
1353 763 1566 818 demum
1618 765 1925 820 exclamat:
1958 765 2089 820 Glo-

517 847 597 900 ria
623 858 826 901 sancta:
852 862 905 902 et
937 851 1159 905 viviilcue
1194 863 1245 905 et
1292 844 1579 910 individua:
1630 855 1907 920 Trittitnti,
1944 873 2086 910 sem.

520 953 635 1004 per,
667 955 827 1004 nunc,
881 951 934 995 et
986 943 1037 995 in
1090 954 1432 1014 perpetuum,
1462 959 1515 1003 et
1549 948 1600 1000 in
1627 951 1820 1004 saecula
1859 948 2085 1003 smculo-

522 1047 658 1086 l‘lllll.

588 1208 677 1265 72.
740 1211 803 1265 Et
852 1213 995 1267 dicto
1031 1216 1243 1282 Amen,
1284 1218 1462 1285 incipit
1530 1232 1729 1287 prreses
1780 1220 1861 1275 vel
1914 1219 2089 1273 eccle-

518 1303 731 1355 siarcha
755 1321 769 1356 :
795 1302 1007 1370 Venite,
1027 1310 1308 1362 adoremus
1337 1319 1393 1361 et
1415 1310 1757 1377 procidamus
1789 1322 1912 1364 ante
1940 1311 2090 1363 Chii—

517 1404 656 1447 stum
707 1410 887 1466 regem
941 1414 1179 1453 nostrum
1252 1397 1459 1461 Deum,
1529 1402 1771 1456 dicentes
1822 1403 1949 1455 illud
2008 1402 2088 1457 bis

517 1486 656 1541 elata
707 1504 839 1543 voce
890 1506 986 1543 nec
1034 1491 1151 1542 sine
1187 1502 1370 1544 cantu.
1420 1491 1555 1546 Tum
1597 1495 1788 1546 iterum
1825 1511 1838 1547 :
1875 1492 2085 1557 Venite,

518 1577 803 1631 adoremus
831 1588 883 1631 et
918 1580 1261 1647 procidamus
1298 1590 1424 1634 ante
1456 1583 1729 1637 Christum
1776 1600 1954 1653 regem
1986 1601 2087 1638 no-

517 1679 687 1721 81mm
725 1666 911 1732 Deum,
964 1669 1209 1725 dicentes
1250 1684 1304 1726 et
1354 1673 1481 1726 illud
1522 1672 1710 1727 semel.
1739 1675 1938 1729 Deinde
1965 1677 2081 1729 sic:

522 1752 730 1820 Venite,
766 1758 1051 1813 adoremus
1080 1770 1133 1814 et
1173 1764 1514 1828 procidamus
1555 1772 1680 1817 ante
1728 1764 1901 1833 ipsum
1925 1762 2085 1819 Citri-

516 1858 658 1898 stum
697 1864 874 1917 regem
907 1861 960 1905 et
994 1852 1160 1905 Deum
1187 1864 1452 1907 nostrum.

594 1936 788 1993 Postea
834 1941 1024 2011 incipit
1055 1945 1418 1998 eeclesiarcha
1459 1960 1592 1999 voce
1616 1945 1846 1999 clariore
1878 1956 1932 2000 et
1961 1956 2086 2002 tona

2195 764 2318 818 σΘεν
2357 763 2457 833 τῆς
2504 764 2666 832 ἁγίας
2706 756 3001 833 τραπέζης,
3033 755 3129 809 καὶ
3160 760 3301 809 ποιεί
3331 754 3594 828 σταυροὺς
3621 753 3768 821 τρεῖς

2197 856 2333 926 μετὰ
2369 854 2464 906 τοῦ
2488 853 2777 925 Θυμιατοῦ,
2810 849 3117 904 τελευταῖον
3148 846 3380 913 ὲκφωνεῖ
3405 844 3597 908 οὕτως·
3634 839 3770 904 Δόξοι

2191 950 2255 1017 τῇ
2290 945 2416 1015 ἁγίᾳ
2467 947 2557 996 καὶ
2590 943 2857 1013 ὁμοουσίῳ
2909 940 3003 994 καὶ
3053 934 3299 1005 ζωοποιῷ
3351 938 3443 989 καὶ
3480 932 3771 1005 ἀδιαιρέτῳ

2193 1036 2382 1107 Τριάδι
2405 1037 2654 1096 πάντοτε,
2674 1034 2790 1097 νῦν,
2825 1035 2917 1086 καὶ
2934 1033 3039 1095 ἀεὶ,
3066 1029 3158 1083 καὶ
3187 1029 3265 1090 είς
3289 1028 3414 1090 τοὺς
3446 1027 3651 1089 αἰῶνας
3665 1023 3770 1077 τῶν

2192 1130 2421 1186 αἰώνων.

2262 1222 2369 1276 Καὶ
2399 1220 2536 1290 μετᾶ
2558 1216 2803 1285 τὸἈμήν
2836 1216 3061 1283 ἄρχεται
3092 1214 3119 1267 6
3148 1206 3428 1282 προεστὼς
3461 1209 3493 1278 ἢ
3518 1214 3545 1263 ὁ
3566 1208 3769 1279 ἐκκλη-

2194 1314 2451 1384 σιάρχης·
2491 1309 2653 1361 Δεῦτε
2677 1346 2691 1370 ,
2726 1304 3188 1378 προσκυνήσωμεν
3233 1299 3326 1354 καὶ
3373 1300 3773 1369 προσπέσωμεν

2192 1399 2408 1475 Χριστῷ
2453 1399 2531 1469 τῷ
2580 1395 2783 1468 βασιλεί
2838 1392 2991 1464 ἡμῶν
3024 1391 3164 1460 Θεῷ,
3208 1391 3453 1459 λέγοντες
3513 1390 3646 1442 αὐτὸ
3691 1389 3773 1453 δὶς

2194 1489 2587 1566 μεγαλοφώνως
2632 1489 2724 1543 καὶ
2771 1485 2907 1557 μετὰ
2952 1483 3164 1555 μέλους.
3210 1478 3340 1535 Εἶτα
3366 1480 3543 1535 πάλιν·
3582 1481 3771 1544 Δεῦτε,

2191 1586 2655 1656 προσκυνήσωμεν
2690 1580 2783 1635 καὶ
2806 1577 3201 1651 προσπέσωμεν
3220 1573 3439 1644 Χριστῷ
3455 1570 3531 1641 τῷ
3565 1569 3773 1639 βασιλεῖ

2195 1678 2351 1748 ήμῶν
2383 1674 2523 1743 Θεῷ,
2569 1674 2816 1740 λέγοντες
2860 1668 3144 1724 καὶτοῦτο
3199 1665 3364 1731 ἆπαξ.
3398 1661 3531 1716 Εἶτα
3575 1660 3772 1723 οὕτως·

2189 1765 2376 1826 Δεῦτε,
2412 1762 2877 1833 προσκυνήσωμεν
2916 1761 3009 1812 καὶ
3042 1756 3439 1829 προσπέσωμεν
3465 1749 3614 1821 αὐτῷ
3640 1750 3773 1820 Χρι-

2191 1857 2319 1927 στῷ,
2343 1854 2417 1921 τῷ
2449 1852 2657 1922 βασιλεί
2672 1852 2765 1905 καὶ
2788 1850 2866 1922 τῷ
2896 1849 3014 1919 Θεῷ
3045 1848 3221 1920 ήμῶν.

2261 1945 2391 2001 Εἶτα
2431 1946 2661 2016 ἄρχεται
2709 1945 2738 1997 6
2784 1940 3191 2010 ὲκκλησιάρχης
3238 1937 3586 2007 γεγωνοτέρᾳ
3621 1935 3773 2003 φωνῇ

516 2030 734 2098 obliquo
756 2043 946 2102 quarto
978 2035 1257 2105 (psalmum
1291 2042 1443 2107 cm):
1472 2035 1919 2099 Benedic,anima
1946 2056 2085 2103 mea,

2195 2040 2267 2101 είς
2292 2033 2421 2107 ἦχον
2445 2035 2535 2088 πλ.
2554 2035 2618 2098 δ’,
2651 2034 2730 2099 τὸ,
2754 2033 2997 2098 Εύλὸγει.
3037 2032 3069 2099 ἡ
3105 2030 3248 2099 ψυχή
3274 2045 3398 2098 μου,
3420 2026 3509 2080 τὸν
3542 2025 3772 2094 Κύριον,

520 2118 823 2183 Dominum,
880 2128 1289 2182 concinentibus
1344 2128 1568 2198 reliquis
1620 2126 1904 2196 fratribus,
1942 2130 2085 2185 lente

516 2224 571 2265 et
606 2230 728 2267 cum
762 2216 940 2284 aliqua
989 2220 1377 2273 modulatione.

589 2305 677 2360 73.
708 2308 975 2363 Sacerdos
1022 2326 1143 2364 cmn
1195 2313 1513 2383 candelapte
1551 2331 1804 2386 egressus
1854 2331 1884 2369 e
1933 2328 2088 2367 sacro

517 2396 704 2468 adyto,
750 2400 999 2472 laetaque
1032 2415 1156 2459 ante
1182 2416 1403 2461 sanctas
1440 2419 1620 2477 portas
1646 2407 1967 2471 reverentia,
1996 2422 2089 2475 pa—

525 2489 656 2541 riter
688 2505 752 2543 ae
784 2505 970 2547 versus
1025 2494 1264 2550 alternos
1320 2498 1515 2550 choros
1553 2498 1664 2551 abit
1718 2502 1785 2553 ad
1816 2514 1973 2553 suum
2008 2514 2091 2554 se-

521 2580 648 2647 dile,
683 2581 862 2652 ibique
891 2595 1019 2639 stat.

2193 2125 2374 2197 ἀργῶς
2395 2125 2488 2175 καὶ
2521 2123 2658 2193 μετὰ
2690 2122 2906 2191 μέλους,
2939 2135 2999 2170 συ
3008 2116 3355 2187 μψαλλόντων
3377 2112 3527 2182 αὐτῷ
3551 2115 3646 2164 καὶ
3665 2111 3775 2163 τῶν

2193 2214 2392 2269 λοιπῶν
2430 2212 2691 2281 ἀδελφῶν.

2274 2310 2330 2363 '0
2361 2307 2417 2360 δὲ
2466 2306 2645 2376 ἱερεὺς
2682 2302 2817 2375 μετὰ
2856 2305 2947 2355 τοῦ
2991 2296 3389 2369 κανδηλάπτου,
3414 2289 3648 2357 ἐξελθὼν
3683 2285 3775 2341 τοῦ

2192 2397 2785 2470 ἁγίουθυσιαστηρίου,
2826 2396 2919 2448 κα)⁹
2952 2394 3184 2463 ποιήσας
3222 2390 3506 2461 μετάνοιαν
3534 2380 3776 2438 κατενώ-

2192 2510 2312 2545 πιον
2365 2490 2472 2544 τῶν
2498 2490 2666 2558 ἁγίων
2688 2487 2887 2557 θυρῶν.
2909 2486 3169 2545 ὡσαύτως
3188 2484 3279 2534 καὶ
3311 2481 3392 2542 είς
3419 2478 3545 2540 τοὺς
3574 2474 3775 2545 χοροὺς

2192 2585 2328 2655 πρὸς
2387 2584 2512 2654 μίαν
2555 2580 2946 2650 ἀπερχόμενος,
2997 2575 3211 2626 ἵσταται
3260 2573 3341 2633 εἰς
3388 2570 3449 2622 τὸ
3501 2567 3775 2620 στωίδιον

2190 2677 2377 2728 αὐτοῦ.

587 2757 763 2834 coast.
806 2757 903 2812 llic
952 2761 1199 2825 observ",
1249 2762 1466 2818 Graecos
1525 2780 1627 2817 non
1689 2766 1789 2817 nisi
1847 2780 1967 2819 raro
1994 2766 2059 2834 in
2114 2766 2357 2820 ecclesiis
2404 2767 2613 2827 sedere,
2645 2772 2699 2817 et
2740 2761 2924 2834 sedilia
2959 2774 3079 2815 esse
3109 2757 3224 2834 illis»
3257 2764 3459 2834 erecta,
3490 2763 3549 2808 ut
3576 2765 3776 2834 prope-

519 2830 737 2905 modum
766 2842 981 2905 semper
1010 2841 1212 2905 stantes
1247 2841 1612 2905 perseverent.
1634 2846 1697 2905 et
1724 2832 2071 2905 χειρονομία,-

2195 2849 2275 2888 est
2320 2851 2570 2888 manuum
2627 2833 3034 2905 gesticulatione
3056 2870 3070 2895 ,
3095 2827 3432 2905 moderando
3462 2827 3646 2905 (ισοξ-υἱ
3679 2838 3777 2905 va-

514 2904 641 2969 cjent
685 2897 853 2949 innixi
880 2890 1118 2969 finierim
1175 2890 1389 2953 brachia
1426 2902 1477 2953 in
1514 2890 1759 2955 sedilium
1794 2890 2181 2960 rlilei-i's.'U:ide
2217 2905 2413 2960 factum
2442 2914 2525 2959 est
2549 2946 2562 2969 ,
2601 2890 2659 2959 υἷ
2704 2903 2891 2960 sedilia
2938 2902 3037 2958 ista
3058 2890 3328 2955 'dicantur
3357 2897 3543 2953 Grmce
3570 2890 3772 2947 Στασί-

515 2964 604 3019 δια
629 2982 658 3018 a
687 2983 705 3016 ι
738 2968 926 3020 stando
963 2985 981 3018 ι
1016 2981 1069 3022 et
1103 2981 1283 3024 erecto
1313 2974 1555 3040 corporis
1582 2983 1721 3027 statu
1750 2976 1948 3042 potius,
1981 2990 2141 3044 quam
2188 2992 2217 3030 a
2246 2978 2504 3031 sedendo.

588 3056 815 3123 Quando
865 3060 1206 3128 pervenimus
1242 3062 1307 3116 ad
1341 3064 1660 3118 versiculum
1709 3064 1996 3134 Aperiente
2043 3078 2092 3123 te

522 3164 740 3203 tuanunt
795 3161 943 3206 tuam
982 3194 995 3212 .
1053 3154 1271 3208 exhibet
1323 3157 1683 3211 ecclesiarcha
1732 3162 2087 3214 reverentiam

524 3242 736 3309 praesidi
762 3243 877 3296 sive
910 3244 1091 3297 abbati
1124 3285 1138 3306 ,
1180 3257 1234 3297 et
1273 3249 1465 3315 repetit
1493 3249 1819 3301 versiculum
1852 3288 1868 3311 ,
1916 3253 2090 3318 magis

522 3337 754 3389 ell‘erens
802 3351 1010 3389 vocem.
1049 3337 1307 3392 Absoluto
1354 3348 1536 3393 autem
1582 3339 1809 3409 psalmo,
1862 3340 2087 3398 collecta

520 3425 693 3492 major
727 3426 925 3478 dicitur
951 3441 980 3479 ιι
1006 3426 1245 3482 diacono.

2264 3069 2393 3121 Ὅτε
2437 3067 2496 3121 δὲ
2546 3066 2839 3137 φθάσωμεν
2886 3064 2979 3115 τὸν
3037 3060 3237 3129 στίχον,
3285 3054 3619 3118 Ἀνοίξαντὸς
3676 3068 3774 3104 σοι)

2191 3162 2289 3230 τήν
2321 3160 2495 3227 χεῖρα,
2520 3159 2663 3209 ποιεί
2699 3155 2728 3205 6
2758 3152 3157 3224 ὲκκλησιὰρχης
3198 3146 3483 3217 μετάνοιαν
3509 3141 3586 3212 τῷ
3615 3143 3777 3213 {nou-

2191 3249 2357 3318 μένῳ,
2388 3249 2480 3300 καὶ
2511 3247 2787 3315 ἀναφωνεῖ
2815 3244 2907 3296 τὸν
2944 3241 3124 3312 στίχον
3170 3236 3520 3310 ὑψηλότερονο
3554 3232 3779 3306 πληρω-

2192 3338 2354 3409 μένου
2388 3338 2446 3391 δὲ
2485 3336 2580 3391 τοῦ
2629 3334 2869 3408 ψαλμοῦ,
2906 3334 3114 3404 γίνεται
3150 3329 3399 3401 συναπτὴ
3428 3325 3636 3400 μεγάλη
3669 3323 3779 3378 ὑπὸ

2192 3430 2287 3484 τοῦ
2314 3430 2582 3484 διακόνου.

594 3514 685 3591 74.
741 3516 917 3591 Const.
974 3516 1163 3591 Exstat
1216 3519 1347 3591 lure
1396 3518 1449 3591 in
1511 3518 1840 3591 Eucliologio
1896 3534 2020 3589 pag.
2072 3519 2178 3583 57,
2222 3532 2277 3575 ct
2329 3523 2468 3591 apud
2518 3521 2576 3576 S.
2635 3522 2926 3576 Maximum
2976 3510 3764 3591 patriarcham‘Constantino-

519 3586 858 3711 politannm,
890 3588 941 3641 in
1001 3590 1136 3644 libro
1192 3591 1277 3643 cui
1315 3589 1541 3648 titulus.
1604 3576 1844 3657 Litur‘éia
1898 3576 2201 3659 ὶαῷιὶσαια,
2266 3604 2320 3647 et
2366 3576 2643 3663 limpresso
2696 3591 2934 3647 Venetiis
2976 3576 3138 3659 'apud
3183 3584 3267 3640 Jo.
3329 3581 3617 3635 Antonium
3678 3576 3778 3633 Ju-

547 3673 748 3711 tulttllll.

547 3673 748 3711 ωιιυιιι.

593 3747 646 3802 lu
712 3763 845 3817 pace
911 3748 1193 3804 Dominum
1255 3764 1559 3818 precemur.
1611 3750 1824 3807 Chorus
1882 3770 1901 3808 :

522 3843 686 3905 tuine,
722 3842 1003 3896 miserere.

595 3931 698 3987 Pro
776 3947 1012 3992 superna
1090 3947 1265 4002 pace,
1336 3944 1392 3987 et
1444 3934 1746 3988 animarum
1791 3946 2098 3991 nostrarum

522 4022 1053 4089 salute,Dominum
1112 4020 1416 4094 precemur.
1495 4022 1595 4078 Ch.
1677 4025 1921 4089 Domine,
1995 4028 2097 4079 mi-

522 4131 728 4173 serere.

591 4205 695 4260 Pro
733 4221 865 4275 pace
913 4207 1075 4259 totius
1116 4203 1318 4267 tnundi,
1364 4212 1675 4257 sanctarum
1707 4203 1799 4257 Dei
1837 4202 2102 4257 Ecclesia-

524 4315 643 4354 rum
681 4308 825 4353 statu
868 4311 1148 4367 prospero,
1202 4305 1258 4351 ct
1289 4297 1535 4350 omnium
1566 4295 1884 4359 concordia,
1919 4294 2099 4348 Denti-

525 4408 651 4451 ttutn
692 4406 997 4461 precentur.
1022 4389 1121 4445 Cb.
1150 4390 1395 4458 Domine,
1432 4390 1708 4444 miserere.

594 4567 701 4622 Pro
747 4578 933 4625 sancta
976 4568 1079 4622 hac
1110 4568 1267 4621 domo
1308 4606 1321 4631 ,
1351 4574 1409 4619 et
1440 4566 1693 4619 omnibus
1725 4581 1847 4619 cum
1900 4567 2099 4634 pietate

526 4669 579 4711 et
607 4659 697 4712 Dei
728 4660 923 4712 timore
959 4659 1012 4710 in
1037 4674 1156 4711 eam
1190 4656 1543 4721 intrantibus,
1584 4655 1872 4711 Dominum
1908 4671 2094 4725 prece-

528 4763 667 4805 tnur.
701 4747 801 4802 Ch.
831 4747 1078 4813 Domine,
1105 4748 1382 4803 miserere.

601 4929 705 4984 Pro
746 4929 1151 4998 archiepiscopo
1202 4940 1387 4983 nostro
1427 4929 1515 4993 N.,
1540 4929 1848 4985 venerando
1877 4926 2100 4997 presby-

531 5022 687 5089 terio,
714 5022 904 5075 ordine
930 5021 1281 5075 diacnnorum
1332 5022 1385 5075 in
1415 5021 1663 5085 Christo,
1696 5021 1841 5074 omni
1868 5018 2015 5074 clero
2046 5028 2101 5072 et

530 5115 748 5181 populo,
807 5114 1090 5168 Dominum
1142 5126 1446 5181 precemur.
1509 5114 1610 5167 Ch.
1671 5112 1936 5175 Domine,
1999 5114 2097 5165 mi-
2132 5108 2175 5163 D

531 5217 737 5260 serere.

603 5295 706 5349 Pro
750 5295 853 5349 hoc
890 5305 1080 5349 sancto
1130 5296 1501 5360 monasterio,
1553 5298 1809 5352 universa
1867 5296 2105 5362 civitate,

533 5402 584 5444 et
622 5391 865 5457 regione,
891 5403 944 5443 et
973 5405 1070 5457 pro
1103 5391 1357 5445 Ollllllblls
1410 5389 1653 5444 ﬁdelibus
1703 5390 1755 5443 in
1787 5390 1918 5461 ipsis
1950 5391 2107 5445 habi-

533 5482 815 5545 tantibus,
894 5480 1180 5535 Dominum
1260 5496 1567 5551 precemur.
1631 5480 1731 5537 Cb.
1842 5482 2105 5547 Domine,

533 5574 811 5629 miserere.

603 5642 709 5697 Pro
783 5644 924 5698 aeris
992 5646 1291 5713 temperie,
1367 5645 1635 5699 fructmtm
1722 5658 1876 5700 terra:
1938 5648 2099 5701 uber-

538 5724 712 5786 lutc,
747 5724 801 5769 et
858 5716 1163 5786 tranquillis
1219 5717 1341 5769 anni
1390 5718 1800 5783 tempestatibus
1852 5720 2105 5771 obtinen-

536 5789 622 5839 dis
700 5785 1012 5851 Dominum
1055 5800 1354 5855 precemur.
1432 5788 1519 5842 Ch.
1612 5786 1869 5844 Domine.
1943 5790 2094 5839 mise-

539 5871 675 5919 rere.

1978 3753 2082 3810 Do-
2114 3762 2157 3819 ς.

2271 3757 2359 3810 Ἐν
2415 3760 2605 3828 εἰρήνῃ
2665 3755 2756 3807 τοῦ
2817 3750 3018 3820 Κυρίου
3083 3744 3382 3817 δεηθῶμεν-
3451 3742 3511 3791 Ὀ
3570 3739 3772 3811 χ⁰Ρ⁶ς’

2200 3849 2391 3921 Κύριε,
2417 3848 2654 3917 ἐλέησον.

2279 3941 2449 4012 ’Υπὲρ
2504 3939 2602 4009 τῆς
2654 3934 2857 3991 ἄνωθεν
2905 3934 3125 4004 εἰρήνης
3155 3972 3168 3994 ,
3228 3929 3451 3999 καὶτῆς
3501 3925 3776 3996 σωτηρίας

2197 4034 2303 4087 τῶν
2326 4032 2511 4103 ψυχῶν
2549 4030 2725 4104 ήμῶν,
2762 4028 2855 4082 τοῦ
2897 4026 3099 4097 Κυρίου
3134 4022 3431 4094 δεήθῶμεν.
3467 4021 3535 4075 Χ.
3578 4017 3775 4089 Κύριε,

2199 4124 2437 4194 ἐλέησον.

2282 4214 2449 4283 ’Υπὲρ
2494 4212 2593 4285 τῆς
2634 4212 2855 4281 εἰρήνης
2896 4208 2990 4263 τοῦ
3031 4207 3346 4274 σύμπαντος
3394 4202 3597 4271 κόσμου
3627 4241 3641 4265 ,
3682 4199 3779 4252 εὐ-

2203 4304 2452 4367 σταθείας
2475 4303 2583 4356 τῶν
2603 4302 2771 4370 ἁγίων
2793 4301 2883 4355 τοῦ
2901 4300 3033 4354 Θεοῦ
3065 4296 3419 4367 Ἐκκλησιῶν,
3440 4293 3644 4363 καὶτῆς
3668 4291 3781 4345 τῶν

2200 4397 2414 4450 πάντων
2460 4393 2723 4459 ἑνώσεως,
2764 4393 2857 4446 τοῦ
2902 4392 3103 4448 Κυρίου
3138 4388 3437 4461 δεηθῶμεν.
3484 4387 3548 4438 Χ.
3578 4382 3777 4453 Κύριε,

2201 4487 2321 4557 ὲλέη
2330 4504 2440 4541 σον.

2282 4579 2454 4651 ’Υπὲρ
2525 4578 2618 4632 τοῦ
2687 4576 2841 4644 ἁγίου
2908 4576 3056 4629 οἴκου
3104 4573 3319 4635 τούτου,
3367 4570 3461 4622 καὶ
3517 4565 3624 4618 τῶν
3677 4582 3767 4636 με·

2200 4670 2269 4723 τὰ
2316 4672 2570 4733 πίστεως,
2613 4668 2916 4730 εὐλαϐείας,
2974 4667 3069 4719 καὶ
3120 4664 3283 4737 φόϐου
3313 4658 3446 4714 Θεοῦ
3501 4656 3779 4710 εἰσιόντων

2202 4764 2260 4814 ὲν
2304 4761 2473 4831 αὐτῷ,
2506 4778 2599 4815 του
2641 4759 2845 4827 Κυρίου
2901 4757 3202 4827 δεηθῶμεν.
3262 4754 3329 4806 Χ.
3370 4749 3562 4818 Κύριε,
3623 4748 3781 4819 ἐλέη-

2204 4869 2313 4907 σον.

2285 4945 2455 5015 ’Υπὲρ
2499 4942 2589 5000 τοῦ
2636 4941 3066 5013 ἁρχιεπισκόπου
3119 4939 3300 5011 ἡμῶν,
3354 4942 3384 4993 6
3423 4940 3618 5003 δεῖνος,
3683 4935 3779 4991 τοῦ

2202 5035 2381 5106 τιμίου
2408 5032 2815 5104 πρεσϐυτερίου,
2844 5032 2943 5101 τῆς
2977 5034 3033 5085 ὲν
3056 5031 3273 5102 Χριστῷ
3303 5030 3596 5095 διακονίας,
3640 5046 3780 5083 παν-

2202 5126 2291 5188 τὸς
2318 5124 2409 5176 τού
2443 5123 2640 5192 κλήρου
2680 5124 2772 5175 καὶ
2808 5122 2900 5174 τοῦ
2937 5121 3086 5185 λαοῦ,
3117 5119 3210 5174 τοῦ
3239 5121 3445 5194 Κυρίου
3476 5119 3778 5192 δεηθῶμεν.

2203 5218 2270 5270 Χ.
2304 5215 2498 5287 Κύριε,
2523 5216 2760 5283 ἐλέησον.

2282 5308 2455 5379 Ὑπὲρ
2488 5308 2583 5378 τῆς
2633 5308 2791 5375 ἁγίας
2843 5306 3013 5377 μονῆς
3057 5308 3283 5376 ταύτης,
3322 5306 3502 5376 πάσης
3548 5304 3779 5365 πόλεως,

2204 5400 2405 5474 χώρας,
2433 5400 2647 5454 καὶτῶν
2661 5387 2838 5452 πίστει
2854 5398 3145 5453 οἰκούντων
3161 5401 3219 5452 ὲν
3235 5399 3442 5462 αὑταῖς,
3461 5397 3554 5451 τοῦ
3570 5396 3781 5468 Κυρίου

2203 5493 2505 5563 δεηθῶμεν.
2542 5484 2616 5545 X.
2642 5491 2835 5562 Κύριε,
2865 5490 3105 5560 ἐλέησον.

2289 5670 2461 5739 ’Υπερ
2508 5668 2801 5740 εὐκρασίας
2844 5668 3041 5738 ἀέρων,
3095 5664 3353 5738 εὐφορίας
3384 5662 3490 5717 τῶν
3550 5663 3782 5733 καρπῶν

2206 5760 2307 5829 τῆς
2345 5759 2469 5830 γῆς,
2509 5760 2602 5811 καὶ
2642 5757 2849 5829 καιρῶν
2896 5755 3204 5827 εἰρηνικῶν,
3224 5754 3313 5807 τοῦ
3348 5753 3553 5823 Κυρίου
3578 5752 3781 5821 δεηθῶ-

2213 5869 2330 5931 μεν.
2366 5852 2434 5911 Χ.
2466 5849 2657 5921 Κύριε,
2697 5847 2930 5917 ἐλέησον.
