4046 6446
1304 376 1697 441 ACOIJJTIIIA
1747 386 2087 445 'I'IilPLlCIS
2121 389 2339 449 FESTI.

336 489 507 565 ’Υπὲρ
582 490 852 545 πλεόντων
884 530 899 555 ,
962 492 1387 564 ὁδοιπορούντων
1422 538 1437 562 ,
1497 501 1826 569 νοσούντων,

2006 507 2112 563 Pro
2190 508 2563 580 navigantibus

253 585 587 655 καμνόντων,
631 582 1011 654 αἰχμαλώτων,
1044 589 1137 641 καὶ
1176 588 1276 658 τῆς
1326 592 1596 664 σωτηρίας
1626 596 1823 665 αὐτῶν,

251 675 345 730 τοῦ
379 676 583 747 Κυρίου
612 674 913 749 δεηθιῖῳεν,
945 680 1011 732 Χ.
1046 677 1238 750 Κύριε,
1264 682 1503 755 ἐλέησον.

334 769 508 835 οΥπὲρ
550 767 645 821 τοῦ
694 770 955 841 ῥυσθῆναι
1002 770 1149 840 ἡμᾶς
1204 774 1312 827 ἀπὸ
1363 776 1543 847 πάσης
1574 776 1822 848 θλίψεως.

250 860 443 934 ὀργῆς,
476 858 570 912 καὶ
598 860 863 933 ἀνάγκης,
902 860 997 914 τοῦ
1033 864 1238 937 Κυρίου
1275 865 1574 938 δεηθῶμεν.
1604 868 1671 925 Χ.
1716 873 1827 926 Ku-

252 970 358 1024 ριε,
394 949 636 1021 ἐλέησον.

328 1043 662 1109 ’Δντιλάδου,
748 1042 942 1109 σῶσον,
1031 1047 1283 1118 ἐλέησον,
1348 1052 1443 1105 καὶ⁵
1501 1053 1827 1126 διαφύλαξόν

249 1138 439 1208 ἡμᾶς,
492 1143 521 1195 ό
554 1138 723 1201 Θεὸς,
776 1140 841 1209 τῇ
890 1142 955 1210 σῇ
1006 1142 1212 1211 χάριτι.
1281 1143 1347 1198 Χ.
1403 1146 1610 1219 Κύριε,
1672 1150 1827 1221 ἐλέη-

252 1246 365 1283 σον.

320 1322 434 1391 Τῆς
478 1319 770 1387 παναγίας,
813 1321 1103 1395 ἁχράντου,
1153 1327 1683 1401 ὑπερευλογημένης,
1738 1335 1825 1388 ιν-

247 1410 401 1475 δόξου
453 1407 734 1482 δεσποίνης
776 1412 932 1482 ἡμῶν
980 1414 1262 1482 Θεοτόχου,
1301 1419 1395 1471 καὶ
1426 1418 1515 1471 ἀεὶ
1546 1419 1824 1489 Παρθένου

248 1498 492 1570 Μαρίας,
535 1500 671 1571 μετὰ
722 1504 937 1558 πάντων
966 1506 1075 1559 τῶν
1116 1507 1287 1573 ἁγίων
1336 1507 1824 1579 μνημονεύσαντες,

247 1590 477 1654 ιαυτοὺς
497 1592 590 1645 καὶ
616 1592 878 1665 ἀλλήλους
905 1597 1083 1649 πᾶσαν
1116 1595 1214 1667 τὴν
1252 1596 1395 1671 ζωὴν
1417 1600 1576 1673 ἡμῶν
1608 1602 1827 1675 Χριστῷ

246 1682 328 1755 τῷ
351 1682 473 1756 Θεῷ
501 1685 898 1757 παραθώμεοα.
935 1686 1003 1739 Χ.
1052 1687 1163 1753 Σοὶ,
1195 1688 1389 1761 Κύριε.

3241 412 3507 461 coenant

2608 546 2627 573 ,
2705 508 2808 563 iter
2906 510 3253 584 agentibus,
3342 514 3508 569 inilr-

1929 600 2072 669 mis,
2122 599 2490 657 laborantibus
2528 640 2544 665 ,
2608 600 2879 670 captivis,
2929 614 2984 658 et
3036 618 3225 660 eorum
3279 603 3502 674 salute,

1930 690 2211 746 Dominum
2258 706 2558 761 precemur.
2614 691 2713 746 Ch.
2765 693 3027 759 Domine,
3090 699 3367 753 miserere.

2002 782 2070 838 Ut
2122 782 2421 839 liberemur
2473 785 2541 840 ab
2589 783 2736 839 omni
2788 798 3052 851 erumna,
3099 789 3275 859 plaga,
3309 800 3365 846 et
3411 801 3507 847 ne-

1928 874 2213 941 cessitate,
2298 872 2589 929 Dominum
2679 889 2983 948 precemur.
3057 876 3156 933 Ch.
3236 880 3492 939 Domine.

1931 963 2207 1021 miserere.

1999 1053 2244 1123 Suscipe,
2275 1070 2454 1122 serva,
2498 1056 2759 1112 miserere
2798 1069 2853 1114 et
2903 1059 3117 1114 custodi
3163 1074 3286 1127 nos,
3337 1060 3501 1128 Deus,

1930 1151 2019 1198 tua
2054 1148 2256 1213 gratia.
2285 1148 2389 1203 Ch.
2418 1147 2666 1209 Domine.
2691 1150 2969 1207 miserere.

1998 1320 2383 1388 Sanctissima,
2429 1322 2783 1390 intemeratae,
2827 1338 2989 1393 super
3026 1340 3215 1383 omnes
3266 1326 3492 1383 benedio

1926 1423 2051 1475 ene,
2077 1411 2325 1482 gloriosa:
2352 1415 2589 1469 Dominae
2619 1424 2818 1470 nostrae
2847 1413 3114 1486 Deiparae,
3168 1427 3222 1472 et
3280 1432 3503 1489 semper

1925 1502 2148 1574 virginis
2213 1502 2395 1559 Maria:
2466 1520 2532 1559 ac
2608 1506 2851 1560 omnium
2918 1518 3235 1565 sanctorum
3297 1525 3502 1566 memo-

1927 1596 2062 1650 riam
2111 1606 2356 1668 agentes,
2398 1612 2497 1652 nos
2534 1597 2702 1668 ipsos,
2732 1609 2786 1653 et
2817 1599 3072 1663 invicem.
3117 1613 3172 1658 et
3199 1602 3363 1657 vitam
3396 1616 3493 1658 uo-

1925 1696 2093 1741 stram
2145 1688 2362 1745 Christo
2431 1687 2542 1744 Deo
2589 1689 3032 1746 commendemus
3098 1710 3112 1746 :
3167 1692 3267 1748 Ch.
3322 1693 3485 1759 Tibi,

1930 1777 2171 1833 Domine.

319 1860 431 1912 Καὶ
459 1860 696 1928 ἑκφωνεῖ
732 1860 761 1913 δ
796 1860 991 1931 ἱερεύς·
1034 1861 1158 1913 Ὅτι
1201 1861 1400 1931 πρέπει
1449 1880 1528 1917 σοι
1562 1867 1712 1920 πᾶσα
1739 1866 1824 1920 δό-

1995 1869 2084 1926 75.
2122 1872 2187 1926 Ει
2216 1871 2484 1926 exclamat
2529 1874 2781 1929 sacerdos
2837 1892 2852 1929 :
2904 1874 3040 1944 Quia
3094 1876 3344 1931 convenit
3401 1879 3495 1933 tibi

248 1947 336 2013 ξι,
362 1947 498 2018 τιμὴ
543 1949 637 2001 καὶ
686 1948 1074 2021 προσκύνησις,
1102 1948 1180 2021 τῷ
1207 1950 1403 2021 Πατρὶ,
1453 1952 1546 2004 καὶ
1564 1950 1643 2021 τῷ
1688 1950 1823 2021 Υίῷ,

245 2040 343 2092 καὶ
374 2025 453 2109 τῷ
486 2038 624 2110 ἁγίῳ
644 2039 943 2112 Πνεύματι,
970 2040 1064 2095 νῦν
1079 2042 1171 2096 καὶ
1194 2042 1302 2102 ἀεὶ,
1327 2042 1422 2095 καί⁵
1444 2043 1523 2106 είς
1545 2042 1669 2106 τοὺς
1700 2043 1830 2097 αίῶ-

245 2146 346 2195 νας
372 2129 481 2185 τῶν
515 2130 746 2187 αἰώνων.
791 2132 982 2203 Ἀμήν.

327 2222 523 2277 Ἰστὲον
552 2223 629 2282 δὲ.
673 2224 775 2288 ὅτι,
816 2224 944 2277 ὅταν
984 2224 1211 2295 λέγομεν
1241 2226 1318 2291 τὸ,
1359 2227 1689 2292 ’Δνοὶξαντός
1734 2245 1825 2283 σου

241 2314 345 2382 τὴν
379 2315 535 2384 χεῖρα
558 2353 572 2375 ,
620 2315 648 2364 ὁ
682 2314 859 2382 ἱερεὺς
906 2313 1155 2365 ἀπελθὼν
1194 2315 1341 2382 λέγει
1376 2317 1475 2379 τὰς
1522 2316 1685 2387 εὐχὰς
1727 2318 1820 2372 τοῦ

242 2400 520 2473 λυχνικοῦ,
561 2402 843 2472 ἱστάμενος
874 2402 1121 2474 ἀσκεπὴς
1168 2403 1473 2477 ἔμπροσθεν
1504 2407 1611 2460 τῶν
1654 2409 1822 2477 ἁγίων

241 2493 445 2567 θυρῶν.

1925 1963 2105 2015 omnis
2135 1962 2329 2031 gloria,
2370 1962 2546 2016 honor
2575 1974 2630 2017 et
2656 1963 2922 2030 adoratio,
2952 1967 3123 2033 Patri,
3163 1976 3217 2023 et
3254 1967 3412 2034 Filio,
3442 1978 3500 2026 et

1926 2050 2150 2120 Spiritui
2175 2062 2365 2107 sancto
2395 2072 2410 2110 :
2438 2070 2579 2112 nunc
2603 2064 2659 2111 et
2697 2071 2914 2127 semper
2941 2068 2996 2113 et
3024 2059 3076 2113 in
3104 2062 3299 2116 srecula
3326 2078 3496 2119 mu-

1925 2143 2124 2199 lorum.
2152 2144 2343 2201 Amen.

2015 2234 2307 2290 Sciendum
2343 2247 2523 2293 autem
2548 2248 2630 2293 cst
2650 2279 2665 2305 ,
2703 2244 2846 2311 quod
2874 2244 3088 2314 quando
3119 2245 3351 2301 dicimus
3380 2260 3504 2300 ver-

1928 2325 2155 2380 siculum
2185 2327 2478 2395 Aperienle
2521 2338 2572 2385 te
2610 2347 2864 2400 manmn,
2898 2336 3150 2391 sacerdos
3208 2337 3405 2392 babeat
3442 2345 3500 2393 et

1930 2418 2121 2469 recitet
2160 2418 2436 2473 orationes
2462 2418 2755 2479 iucernarii
2788 2434 2938 2480 stans
2966 2426 3207 2483 detectus
3228 2438 3352 2484 ante
3376 2445 3503 2484 san-

1928 2515 2045 2562 ctas
2068 2506 2231 2566 iores.

313 2635 500 2742 Contr“
545 2634 777 2742 ΕιιιιριιΙ
821 2635 1288 2742 locomconiicitur,
1338 2637 1656 2742 'Eaneptvd‘v
1701 2639 1826 2742 inte:

313 2723 436 2742 ,ΩΛΙ
503 2726 531 2742 u
562 2720 619 2742 ΔΕ
727 2723 758 2742 n
786 2723 872 2742 11111
898 2722 929 2742 n
988 2724 1129 2742 μηηη
1160 2724 1349 2742 uacuus-
1378 2726 1522 2742 annn-
1646 2729 1799 2742 anno”...

1928 2645 2241 2742 Livarxdv
2282 2652 2577 2742 discrimen
2608 2671 2767 2742 esse,
2799 2672 2904 2742 non
2953 2658 3243 2742 modicum.
3295 2659 3502 2742 Quippe

242 2708 531 2777 ἑσπερινόν
562 2718 665 2770 est,
706 2716 872 2782 totum
898 2704 1129 2782 oIIlcium
1160 2704 1522 2769 vespertinum
1548 2750 1564 2773 ,
1612 2710 1863 2782 λυχνικόν
1917 2731 2046 2771 vero

242 2776 395 2849 pars;
418 2791 511 2831 seu
541 2776 783 2846 paucula
811 2778 1102 2838 oraliOues,
1129 2793 1265 2846 quas
1289 2795 1391 2832 non
1421 2776 1692 2848 gravabor
1702 2776 2044 2846 describere.

866 2911 1058 2964 ΕΥΧΗ
1119 2912 1196 2967 A'.

316 3002 489 3075 Κύριε
544 3003 827 3076 οῑκτίρμον
874 3004 968 3057 καὶ
1004 3003 1273 3076 ελεῆμον,
1319 3006 1679 3077 μακρόθυμε,
1733 3008 1827 3060 καὶ

244 3094 525 3160 πολυὲλεε,
558 3095 811 3150 ἰνώτισαι
832 3096 930 3167 τὴν
963 3097 1272 3170 προσευχὴν
1297 3097 1476 3168 ἡμῶν,
1529 3100 1622 3153 καὶ
1655 3099 1827 3170 πρόσ-

244 3204 342 3259 χες
367 3190 431 3259 τῇ
461 3191 611 3260 φωνῇ
643 3188 745 3260 τῆς
775 3187 1013 3261 δεήσεως
1053 3188 1231 3260 ἡμῶν·
1263 3190 1488 3261 ποίησον
1528 3190 1644 3261 μεθ’
1670 3191 1828 3263 ήμῶν

246 3280 475 3347 σημεῖον
506 3277 584 3339 είς
611 3276 832 3344 ἀγαθόν’
867 3277 1131 3351 ὁδήγησον
1170 3281 1320 3351 ἡμᾶς
1348 3281 1406 3333 ὲν
1456 3284 1523 3355 τῇ
1558 3281 1664 3353 ὁδῷ
1708 3298 1824 3346 σου,

241 3369 344 3425 τοῦ
373 3370 696 3441 πορεύεσθαι
725 3372 782 3423 ὲν
812 3375 879 3447 τῇ
902 3373 1127 3445 ἀληθείᾳ
1146 3389 1258 3429 cou'
1289 3372 1558 3444 εὔφρανον
1582 3375 1681 3438 τάς
1700 3392 1828 3445 καρ-

243 3463 367 3525 δίας
399 3462 555 3535 ήμῶν
592 3464 673 3527 είς
699 3462 761 3515 τὸ
786 3463 1066 3531 φοϐεῖσθαι
1114 3466 1175 3518 τὸ
1202 3465 1374 3536 ὄνομά
1421 3482 1514 3520 σου
1546 3468 1607 3520 τὸ
1650 3467 1822 3535 ἀγιον·

243 3554 382 3608 διότι
409 3556 581 3626 μέγας
613 3550 665 3608 εἴ
700 3555 765 3609 σὺ
800 3555 894 3607 καὶ
945 3555 1114 3608 ποιῶν
1162 3555 1463 3627 θαυμάσιαι
1506 3561 1569 3612 σὺ
1606 3554 1656 3611 εἴ
1697 3560 1827 3624 Θεὸς

249 3646 435 3717 μόνος,
469 3648 563 3699 καὶ
591 3647 691 3701 οὐκ
716 3648 863 3701 ἐστιν
911 3648 1095 3717 ὅμοιός
1122 3664 1203 3702 σοι
1228 3651 1284 3702 ἐν
1308 3648 1470 3713 Θεοῖς,
1507 3649 1702 3720 Κύριε,
1734 3650 1827 3703 δυ-

244 3736 410 3800 νατδς
435 3738 492 3789 ὲν
523 3738 683 3802 ἐλέει,
738 3740 831 3792 καὶ
856 3738 1056 3808 ἀγαθὸς
1087 3740 1143 3793 ὲν
1180 3739 1344 3811 ίσχύῖ,
1377 3741 1458 3803 είς
1488 3739 1551 3793 τὸ
1591 3738 1827 3812 βοηθεῖν,

247 3829 346 3883 καὶ
377 3829 730 3893 παρακαλεῖν,
765 3832 859 3884 καὶ
890 3831 1082 3895 σώζειν
1112 3832 1320 3897 πάντας
1351 3836 1478 3897 τοὺς
1510 3833 1830 3899 ἐλπίζοντας

244 3924 332 3985 είς
354 3921 523 3992 δνομά
571 3938 666 3974 σου
696 3921 757 3974 τὸ
806 3922 977 3991 ἆγιοψ
1015 3926 1096 3977 ὅτι
1132 3925 1331 3994 πρέπει
1380 3942 1462 3979 σοι
1502 3928 1651 3980 πᾶσα
1679 3926 1827 3993 δόξα,

244 4015 383 4086 τιμὴ
417 4015 511 4067 καὶ
540 4014 923 4086 προσκύνησις,
948 4014 1026 4086 τῷ
1047 4015 1239 4087 Πατρὶ,
1268 4016 1361 4069 καὶ
1378 4015 1455 4086 τῷ
1483 4018 1619 4087 Υίῷ,
1636 4018 1729 4071 καὶ
1752 4017 1830 4088 τῷ

248 4105 393 4177 ἁγίῳ
429 4107 728 4176 Πνεύματι,
762 4106 877 4171 νῦν,
914 4109 1008 4161 καὶ
1058 4108 1170 4175 ἀεὶ,
1222 4107 1313 4161 καὶ
1343 4108 1423 4172 εἰς
1472 4108 1598 4172 τοὺς
1630 4108 1830 4173 αἰῶνας

246 4198 359 4252 τῶν
389 4196 620 4252 αἰώνων.
660 4200 851 4271 Ἀμήν.

880 4292 1069 4345 ΕΥΧΗ
1110 4292 1183 4344 B'.

321 4380 517 4453 Κύριε.
553 4381 627 4453 μὴ
658 4379 735 4452 τῷ
772 4379 929 4451 θυμῷ
965 4398 1059 4435 σου
1097 4380 1323 4454 ἐλέγξῃς
1366 4385 1535 4453 ἡμᾶς.
1592 4386 1725 4458 μηδὲ
1760 4387 1827 4457 τῇ

248 4478 387 4546 ὀργῇ
424 4492 517 4529 σου
543 4474 837 4549 παιδεύσῃς
866 4476 1033 4545 ἡμᾶς’
1071 4474 1208 4529 ἀλλά
1248 4475 1473 4547 ποίησον
1510 4478 1628 4547 μεθ’
1672 4479 1829 4550 ἡμῶν

248 4568 392 4624 κατά
435 4566 533 4638 τὴν
586 4566 882 4621 επιείκειάν
922 4584 1037 4632 σου,
1082 4568 1231 4641 ίατρδ
1261 4571 1356 4623 καὶ
1384 4568 1691 4643 θεραπευτά
1722 4572 1828 4626 τῶν

247 4661 436 4730 ψυχῶν
470 4660 644 4731 ἡμῶν*
705 4660 968 4731 ὁδήγησον
998 4663 1146 4732 ἡμᾶς
1186 4664 1279 4715 ἐπὶ
1304 4662 1497 4734 λιμένα
1528 4663 1831 4735 Θελήματός

250 4769 367 4805 σου⁸
404 4752 637 4821 φώτισον
660 4754 783 4815 τοὺς
814 4751 1121 4822 ὀφθαλμοὺς
1147 4753 1253 4806 τῶν
1288 4754 1527 4827 καρδιῶν
1558 4757 1715 4827 ⁴ἡμῶν
1748 4758 1830 4821 εις

248 4843 545 4912 ἐπίγνωσιν
586 4844 687 4914 τῆς
740 4842 841 4913 σῆς
874 4843 1146 4914 ἀληθείαςο
1186 4844 1280 4898 καὶ
1316 4846 1557 4918 δώρησαι
1586 4848 1715 4919 ἡμῖν
1768 4849 1829 4902 τὸ

246 4932 437 4989 λοιπὸν
457 4935 556 5005 τῆς
582 4934 862 5007 παρούσης
893 4936 1107 5007 ἡμέρας
1137 4938 1409 5007 εἰρηνικὸν
1446 4942 1540 4994 καὶ
1580 4942 1829 5014 ἀναμάρ-

246 5044 433 5101 τητον,
464 5028 560 5085 καὶ
590 5028 766 5083 πάντα
788 5028 878 5082 τὸν
928 5028 1118 5099 χρόνον
1166 5029 1265 5099 τῆς
1291 5026 1437 5099 ζωῆς
1482 5032 1659 5103 ἡμῶν,
1694 5050 1827 5105 πρε-

248 5121 461 5186 σϐείαις
489 5120 590 5191 τῆς
617 5122 776 5190 ἁγίας
820 5121 1081 5176 Geo-.6200
1118 5123 1212 5175 καὶ
1246 5123 1460 5175 πάντων
1493 5124 1602 5178 τῶν
1634 5126 1823 5194 ἁγίων.

247 5216 374 5269 Ὀτι
401 5213 493 5267 σὺν
521 5212 583 5265 τὸ
607 5212 827 5283 κράτος,
859 5214 953 5267 καὶ
986 5213 1079 5267 σοῦ
1106 5214 1305 5283 ἐστινὴ
1342 5213 1611 5283 βασιλεία,
1663 5218 1760 5271 καὶ
1793 5220 1826 5287 ἠ

246 5308 499 5377 δύναμις,
520 5305 616 5360 καὶ
647 5306 683 5377 η
702 5304 847 5372 δόξα.
867 5304 961 5358 τοῦ
991 5305 1203 5377 [ἰατρὸς
1222 5345 1238 5369 ,
1262 5306 1360 5359 καὶ
1395 5305 1488 5359 τοῦ
1523 5306 1679 5369 Υίοῦ,
1736 5310 1830 5361 καὶ

248 5398 344 5453 τοῦ
379 5396 536 5467 ἁγίου
555 5397 889 5467 Πνεύματος,
908 5396 1023 5459 νῦν,
1056 5397 1149 5449 καὶ
1170 5398 1278 5459 ἀεὶ,
1312 5398 1403 5450 καὶ
1427 5401 1507 5461 εις
1538 5398 1665 5462 τοὺς
1694 5399 1828 5453 αίῶ-

251 5504 349 5553 νας
377 5488 486 5542 τῶν
514 5485 744 5541 αἰώνων.
785 5487 977 5572 ’Δμηνὶ

884 5557 1074 5610 ΕΥΧΗ
1119 5558 1191 5611 Ρ.

321 5647 496 5720 Κύριε
539 5652 570 5703 ὁ
597 5648 729 5713 Θεὸς
760 5646 937 5719 ἡμῶν,
986 5649 1251 5721 μνήσθητι
1293 5650 1451 5722 ἡμῶν
1491 5650 1601 5704 τῶν
1641 5651 1822 5723 ἁμαρ-

250 5739 439 5797 τωλῶν
471 5740 565 5795 καὶ
591 5739 825 5812 ἀχρείων
854 5738 1055 5793 δούλων
1103 5756 1217 5805 σου,
1240 5740 1300 5794 ιν
1328 5740 1408 5811 τῷ
1450 5741 1821 5797 ιπικαλεῖσθαι

252 5832 405 5906 ἡμᾶς
432 5831 493 5886 τὸ
523 5831 673 5902 ἅγιον
700 5832 869 5904 ὄνομά
907 5848 1015 5886 asu'
1046 5833 1136 5885 xei.
1174 5832 1245 5903 μὴ
1279 5832 1641 5906 καταισχύνῃς
1676 5835 1820 5904 ημᾶς

2094 2738 2186 2776 seu
2228 2741 2248 2775 ι
2282 2723 2644 2781 lucernarium
2688 2746 2707 2779 ο
2746 2737 2830 2783 est
2887 2737 3096 2784 tantum
3134 2723 3339 2799 aliqua
3382 2723 3500 2801 ejus

2549 2930 2812 2989 ORATIO
2840 2930 2881 2988 I.

1993 3017 2083 3075 76.
2135 3019 2357 3077 Domine
2400 3023 2712 3079 misericors
2767 3032 2823 3077 et
2869 3022 3122 3093 benigne,
3180 3025 3502 3097 longanimis

1927 3118 1982 3163 et
2017 3108 2243 3165 multum
2270 3111 2529 3180 clemens,
2561 3114 2787 3170 auribus
2814 3115 3030 3187 percipe
3059 3116 3499 3186 deprecationem

1929 3212 2190 3267 nostram,
2220 3210 2275 3258 et
2310 3203 2529 3258 attende
2566 3205 2683 3259 voci
2728 3207 2991 3261 orationis
3026 3215 3265 3275 nostrae,
3294 3207 3380 3263 iac
3406 3225 3501 3264 no-

1929 3290 2136 3347 hiscum
2162 3295 2373 3364 signum
2410 3295 2463 3350 in
2498 3295 2735 3362 bonum;
2790 3298 2964 3352 deduc
3002 3311 3100 3352 nos
3145 3300 3197 3353 iu
3247 3300 3332 3354 via
3386 3307 3499 3361 tua.

1930 3391 1987 3437 ut
2022 3383 2075 3437 in
2116 3387 2345 3439 veritate
2390 3394 2480 3439 tua
2511 3388 2871 3444 ambulemus.
2919 3388 3175 3445 Exhilara
3207 3391 3371 3447 corda
3405 3406 3505 3447 no-

1929 3485 2067 3539 stra,
2129 3485 2189 3531 ut
2230 3477 2520 3533 timeamus
2576 3494 2770 3534 nomen
2832 3490 3084 3535 sanctum
3140 3491 3333 3547 tuum,
3371 3484 3501 3554 quia

1928 3585 2155 3640 magnus
2176 3584 2237 3625 es
2268 3579 2346 3636 tu,
2377 3580 2432 3625 et
2464 3571 2674 3626 iaciens
2704 3571 3008 3639 mirabilia;
3057 3580 3111 3627 tu
3145 3588 3206 3628 es
3247 3573 3390 3629 Deus
3412 3590 3502 3630 so-

1927 3658 2032 3725 ius,
2064 3671 2119 3713 et
2146 3676 2251 3715 non
2302 3670 2385 3715 est
2424 3662 2621 3718 similis
2654 3663 2728 3717 tui
2765 3664 2819 3718 in
2855 3663 2979 3731 diis,
3004 3663 3257 3730 Domine,
3311 3675 3504 3737 potens

1930 3752 1983 3807 in
2012 3754 2383 3809 misericordia
2413 3764 2468 3809 et
2502 3756 2675 3810 bonus
2703 3756 2755 3809 in
2786 3756 3010 3823 virtute,
3040 3764 3093 3810 nt
3129 3772 3421 3813 succurras
3445 3769 3500 3812 et

1929 3842 2229 3898 consoleris
2278 3854 2335 3898 et
2380 3860 2564 3899 serves
2626 3861 2816 3900 omnes
2861 3857 3145 3915 sperantes
3176 3850 3228 3901 in
3284 3849 3502 3905 nomine

1932 3942 2046 3988 tuo.
2078 3932 2215 4001 Quia
2246 3936 2502 3990 convenit
2534 3936 2630 3990 tibi
2660 3936 2837 3991 omnis
2864 3937 3059 4007 gloria,
3081 3939 3257 3993 honor
3293 3952 3349 3994 et
3368 3941 3503 3996 ado-

1930 4025 2073 4080 ratio
2098 4064 2113 4090 ,
2151 4024 2298 4080 Patri
2332 4036 2387 4081 et
2415 4025 2551 4082 Filio
2606 4035 2661 4081 et
2696 4035 2886 4082 sancto
2939 4025 3167 4097 Spiritui
3200 4047 3213 4084 :
3246 4045 3391 4087 nunc
3447 4041 3504 4087 et

1930 4128 2147 4185 semper
2167 4124 2222 4170 et
2241 4116 2293 4169 in
2317 4115 2509 4170 saecula
2542 4114 2882 4170 sazculorum.
2913 4117 3103 4177 Amen.

2529 4292 2789 4349 ORATIO
2831 4293 2895 4350 Il.

2001 4385 2088 4439 77.
2135 4384 2380 4448 Domine,
2418 4400 2485 4439 ne
2525 4384 2579 4441 in
2615 4385 2802 4441 furore
2831 4396 2923 4440 tuo
2949 4401 3148 4456 arguas
3183 4400 3302 4447 nos.
3327 4399 3502 4456 neque

1930 4475 1983 4529 in
2012 4476 2092 4531 ira
2122 4485 2210 4530 tua
2238 4477 2501 4546 corripias
2552 4493 2652 4533 nos
2680 4495 2693 4532 :
2725 4477 2819 4532 sed
2861 4476 2947 4531 fac
2978 4474 3259 4530 nobiscum
3302 4488 3501 4531 secun-

1929 4566 2055 4622 dum
2086 4566 2513 4621 misericordiam
2550 4576 2721 4630 tuam,
2748 4566 2956 4621 medice
3016 4575 3072 4620 et
3117 4573 3339 4620 curator
3369 4564 3490 4618 ani-

1930 4672 2137 4713 marum
2189 4668 2534 4725 nostrarum;
2572 4658 2775 4727 perduc
2808 4671 2907 4712 nos
2942 4657 3009 4711 ad
3053 4668 3272 4727 portum
3307 4656 3503 4712 volun-

1932 4749 2056 4804 tatis
2105 4750 2453 4815 luze;ocuios
2501 4749 2745 4803 cordium
2798 4756 3112 4803 nostrorum
3143 4747 3384 4803 iliumlna
3443 4749 3498 4803 in

1930 4850 2033 4897 tua:
2075 4844 2322 4898 veritatis
2356 4843 2724 4911 agnitionem,
2780 4850 2943 4912 atque
2973 4840 3199 4909 hujusce
3225 4840 3331 4897 diei
3368 4842 3497 4898 rcii-

1927 4950 2117 5005 quum,
2149 4949 2419 5001 omneque
2450 4934 2572 4987 vita:
2604 4942 2802 4988 nostrae
2842 4946 3051 5004 tempus
3093 4933 3400 5003 paciﬁcum,
3442 4943 3499 4988 et

1928 5042 1957 5079 a
2008 5037 2236 5096 peccato
2276 5026 2506 5081 liberum
2556 5040 2675 5080 esse
2713 5024 2950 5095 largire,
3018 5024 3503 5081 intercessionibus

1929 5128 2133 5173 sancta:
2162 5117 2254 5172 Dei
2284 5116 2574 5173 Geuitricis
2600 5128 2654 5173 et
2679 5117 2919 5171 omnium
2958 5125 3296 5171 sanctorum.
3352 5112 3490 5183 Quia

1930 5220 2018 5263 tua
2040 5218 2125 5264 cst
2150 5218 2413 5278 potestas,
2448 5217 2596 5264 tuum
2632 5217 2719 5265 est
2744 5222 2972 5279 regnum
3006 5215 3062 5261 et
3088 5208 3263 5262 virtus
3304 5217 3361 5263 et
3386 5206 3503 5277 glo-

1931 5302 2032 5367 ria,
2063 5298 2241 5356 Patris
2267 5310 2323 5357 et
2365 5300 2486 5356 Filii
2520 5312 2576 5357 et
2603 5300 2778 5355 sancti
2816 5299 3077 5368 Spiritus,
3118 5312 3261 5353 nunc
3282 5306 3334 5353 et
3355 5312 3501 5354 sem-

1928 5410 2045 5466 per,
2065 5402 2121 5450 et
2160 5393 2214 5449 in
2247 5393 2441 5449 saeuis
2469 5391 2817 5449 saeculorum.
2846 5391 3035 5445 Amen.

2523 5547 2783 5606 ORATIO
2822 5546 2913 5605 ω.

2000 5647 2091 5704 78.
2144 5647 2369 5702 Domine
2409 5645 2553 5701 Dens
2600 5656 2803 5709 noster.
2852 5654 3127 5701 memento
3164 5643 3338 5699 nostri
3370 5656 3500 5715 pee-

1932 5749 2177 5794 catorum
2202 5748 2258 5793 et
2288 5738 2559 5792 inutilium
2586 5752 2867 5793 servorum
2902 5747 3117 5793 tuorum
3139 5776 3155 5803 ,
3188 5752 3307 5791 cum
3342 5738 3497 5793 iuw-

1929 5847 2121 5888 camus
2160 5840 2405 5890 sanctum
2453 5844 2647 5888 nomen
2678 5837 2863 5897 tuum;
2899 5838 2953 5886 et
2980 5843 3047 5885 ne
3074 5827 3372 5885 confundas
3397 5840 3498 5884 nos
