4046 6464
494 430 759 471 CCCXXX"

1861 404 2372 462 I’ROLEGOMENA
2383 448 2394 459 .

495 545 526 584 ι
561 534 948 584 unserlcorutas
1006 536 1110 581 tua:
1153 528 1592 598 exspectatione;
1641 528 1734 583 sed
1760 526 1940 579 omnia
1994 524 2060 576 ad

2185 521 2272 576 ιπδ
2308 524 2408 593 τῆς
2441 521 2761 596 προσδοκίας
2793 525 2884 576 τοῦ
2937 523 3120 586 ἐλέους
3178 537 3293 583 σου,
3343 518 3478 574 ἀλλά
3522 522 3740 595 χάρισαι

494 620 726 676 salutem
754 618 1005 674 facientia
1034 619 1305 689 postulata
1331 619 1600 684 concede;
1630 629 1688 675 et
1720 617 1806 672 fac
1829 627 1890 671 ut
1911 631 2059 671 ame-

497 725 616 766 mus
645 718 699 764 et
738 711 1026 764 timeamus
1052 719 1104 764 te
1150 724 1219 765 ex
1268 721 1378 766 toto
1418 711 1602 777 corde,
1634 720 1688 766 et
1726 709 1779 762 in
1810 709 2061 764 omnibus

493 801 829 856 voluntatem
878 811 1023 855 tuam
1081 815 1466 873 exsequamur.
1500 801 1634 871 Quia
1666 801 1839 856 bonus
1866 811 1922 855 et
1960 803 2056 857 ho-

495 893 703 946 minum
737 907 928 946 amans
976 891 1119 947 Deus
1148 907 1230 958 es,
1291 895 1494 962 tibique
1531 893 1757 964 gloriam
1810 892 2062 962 rependi-

497 996 638 1046 ntus,
685 980 857 1049 Patri,
892 991 948 1039 et
997 982 1157 1049 Filio,
1193 995 1247 1039 et
1277 995 1465 1039 sancto
1507 983 1770 1053 Spiritui,
1804 997 1948 1040 nunc
2009 993 2064 1038 ct

496 1087 732 1144 semper,
759 1084 814 1130 et
843 1077 895 1130 in
925 1077 1121 1131 saecula
1149 1077 1489 1132 seculorum.
1517 1076 1712 1133 Amen.

1085 1250 1339 1308 ORATIO
1383 1249 1473 1308 IV.

577 1345 663 1414 79,
691 1344 780 1402 80.
825 1344 925 1412 Qui
962 1359 1067 1399 non
1113 1344 1359 1400 tacituris
1415 1344 1664 1400 laudibus
1697 1353 1751 1401 et
1785 1361 2063 1418 nunquam

503 1439 735 1495 finienda
785 1438 1178 1510 glorificatione
1213 1453 1244 1492 a
1277 1438 1481 1494 sanctis
1503 1438 1794 1494 virtutibus
1823 1440 2066 1496 celebra-

500 1534 615 1600 ris;
652 1533 814 1603 imple
849 1547 913 1588 os
971 1541 1212 1587 nostrum
1247 1531 1404 1587 laude
1457 1540 1549 1587 tua
1572 1571 1588 1598 ,
1622 1540 1682 1586 ut
1714 1533 1918 1589 nomini
1976 1543 2066 1587 tuo

499 1637 697 1684 sancto
735 1627 1020 1682 reddamus
1052 1621 1505 1694 magniﬁcentiam
1543 1638 1558 1675 :
1589 1631 1644 1678 et
1667 1637 1789 1678 cum
1818 1624 2068 1680 omnibus

501 1720 593 1790 qui
624 1729 678 1775 te
699 1721 751 1774 in
781 1720 1008 1774 veritate
1039 1719 1252 1783 timent,
1273 1728 1328 1773 et
1357 1717 1608 1771 mandata
1643 1725 1734 1773 tua
1755 1717 2065 1780 observant,

502 1822 709 1883 partem
735 1823 788 1867 et
826 1820 1026 1866 sortem
1060 1810 1214 1865 nobis
1250 1808 1552 1878 impertire,
1589 1811 1842 1879 precibus
1864 1818 2068 1864 sancta:

2164 614 2315 682 ἡμῖν,
2351 613 2544 684 Κύριε,
2576 613 2753 667 πάντα
2781 612 2851 665 τὰ
2881 613 3019 683 πρὸς
3041 611 3312 684 σωτηρίαν
3335 610 3742 681 (sicquae-anui.

2165 704 2399 770 ἀξίωσον
2433 708 2580 777 ἡμᾶς
2610 706 2830 776 ἀγαπᾷν
2870 703 2966 758 καὶ
3003 705 3285 773 φοϐεῖσθαί
3319 719 3378 756 σε
3410 703 3468 768 ἐξ
3499 703 3628 773 ὅλης
3656 705 3743 774 ιῆς

2166 798 2390 871 καρδίας
2419 800 2599 870 ἡμῶν,
2651 799 2745 852 καὶ
2792 800 2964 851 ποιεῖν
3002 798 3060 850 ἐν
3088 801 3223 851 πᾶσι
3265 797 3327 852 τὸ
3371 794 3585 865 θέλημά
3623 813 3739 849 σου.

2168 891 2289 944 Ὅτι
2328 891 2532 958 ἀγαθὸς
2553 890 2647 945 καὶ
2679 888 3058 960 φιλάνθρωπος
3071 887 3203 952 Θεὸς
3224 891 3509 962 ὑπάρχεις,
3542 885 3636 939 καί
3662 903 3745 941 σοι

2166 981 2266 1052 τὴν
2297 980 2454 1045 δόξαν
2487 980 2908 1053 ἀναπέμπομεν,
2933 979 3011 1049 τῷ
3044 979 3243 1050 Πατρὶ,
3269 982 3363 1034 καὶ
3393 980 3471 1052 τῷ
3491 976 3626 1045 Υἰῷ,
3653 979 3748 1032 καὶ

2169 1071 2246 1143 τῷ
2271 1071 2408 1141 ἁγίῳ
2433 1072 2733 1144 Πνεύματι,
2776 1071 2872 1125 νῦν
2903 1069 2998 1124 καὶ
3021 1069 3128 1132 ἀεὶ,
3163 1069 3255 1122 καὶ
3289 1073 3368 1134 είς
3387 1073 3513 1134 τοὺς
3535 1065 3740 1132 αἰῶνας

2171 1163 2276 1217 τῶν
2307 1163 2538 1228 αἰώνων,
2565 1164 2624 1218 ’Δ
2631 1166 2760 1236 μήν.

2811 1255 3002 1308 ΕΥΧΗ
3024 1257 3099 1309 A'.

2252 1346 2312 1398 '0
2362 1347 2478 1411 τοῖς
2523 1346 2805 1415 ἀσιγήτοις
2833 1343 3024 1415 ὕμνοις
3057 1343 3153 1397 καὶ
3197 1339 3496 1406 ἀπαύστοις
3535 1341 3748 1410 δοξολο-

2170 1439 2317 1508 γίαις
2349 1438 2455 1492 ὑπὸ
2479 1437 2588 1492 τῶν
2617 1436 2787 1504 ἀγίων
2835 1435 3118 1505 δυνάμεων
3144 1431 3572 1504 ἀνυμνούμενος,
3609 1434 3746 1505 πλή-

2177 1550 2347 1606 ρωσον
2373 1535 2436 1588 τὸ
2465 1533 2639 1602 στόμα
2678 1530 2836 1602 ἡμῶν
2862 1527 3257 1602 τῆςιαίνέσεὼς
3286 1544 3401 1590 σου,
3432 1529 3527 1580 τοῦ
3566 1529 3748 1583 δοῦναι

2177 1623 2550 1696 μεγαλοσύνην
2594 1621 2674 1692 τῷ
2698 1622 2924 1693 ὀνόματί
2982 1640 3075 1676 σου
3105 1619 3183 1692 τῷ
3205 1621 3361 1690 ἀγίῳο
3392 1617 3487 1671 καὶ
3507 1618 3596 1681 δὸς
3617 1621 3751 1690 ἡμῖν

2177 1716 2371 1789 μερίδα
2390 1716 2482 1769 καὶ
2515 1713 2717 1784 κλῆρον
2743 1715 2882 1785 μετά
2916 1716 3132 1769 πάντων
3165 1713 3271 1768 τῶν
3299 1708 3650 1781 φοϐουμένων
3688 1726 3748 1761 σε

2177 1810 2232 1860 ἐν
2252 1805 2496 1875 ἀληθείᾳ,
2533 1805 2627 1857 καὶ
2666 1804 3046 1873 φυλασσόντων
3072 1806 3172 1867 τάς
3209 1801 3424 1866 ἐντολάς
3477 1817 3592 1863 σου,
3619 1814 3751 1868 πρε-

504 1877 750 1974 ὺοίροιιιε
786 1911 842 1960 et
865 1902 1106 1958 omnium
1155 1877 1468 1958 sanctorum
1509 1877 1745 1958 tuorum.
1777 1901 1913 1967 Quia
1943 1917 2070 1958 con-

2185 1900 2381 1962 ςδείαις
2427 1898 2531 1969 τῆς
2575 1897 2736 1966 ἁγίας
2763 1897 3026 1951 Θεοτόκου
3063 1896 3160 1949 καὶ
3189 1896 3404 1948 πάντων
3439 1893 3546 1947 τῶν
3579 1890 3751 1960 ἁγίων

504 1995 654 2048 venit
677 1991 773 2048 tibi
800 1993 980 2049 omnis
1005 1993 1198 2064 gloria,
1227 1994 1402 2049 honor
1432 2003 1487 2048 et
1527 1992 1793 2056 adoratio,
1820 1991 1990 2061 Patri,
2018 2003 2073 2048 et

2185 2010 2285 2047 που.
2319 1992 2441 2045 Ὅτι
2476 1991 2678 2062 πρέπει
2702 2007 2782 2043 σοι
2819 1991 2966 2041 πᾶσα
2993 1986 3140 2052 δόξα,
3174 1989 3306 2058 τιμὴ
3337 1983 3753 2057 καὶπροσκύνη·

507 2083 668 2149 Filio,
699 2093 756 2140 et
783 2095 971 2140 sancto
1009 2085 1254 2154 Spiritui,
1279 2099 1421 2139 nunc
1453 2093 1508 2139 et
1535 2099 1768 2154 semper,
1795 2095 1849 2142 et
1886 2086 1940 2143 in
1979 2105 2075 2144 sae-

2185 2099 2275 2144 ςις,
2308 2079 2386 2150 τῷ
2424 2081 2622 2152 Πατιρὶ,
2659 2082 2752 2134 καὶ
2783 2077 2860 2148 τῷ
2890 2076 3024 2147 Υἰῷ,
3055 2077 3248 2148 καὶτῷ
3281 2079 3418 2148 ἀγίῳ
3446 2077 3745 2146 Πνεύματι,

505 2176 626 2230 rula
655 2177 990 2231 saeculorum.
1024 2175 1215 2229 Amen.

2185 2173 2265 2226 νῦν
2323 2175 2416 2227 καὶ
2475 2175 2582 2238 ἀεὶ,
2646 2171 2737 2225 καὶ
2791 2171 2872 2233 εἰς
2919 2171 3045 2232 τοὺς
3103 2169 3305 2233 αἰῶνας
3354 2169 3462 2221 τῶν
3516 2166 3748 2221 αἰώνων.

2183 2265 2242 2316 Ἀ
2250 2266 2354 2336 μήν
2363 2307 2374 2318 .

1111 2345 1374 2409 ORATIO
1399 2351 1466 2408 ν.

581 2440 674 2496 8|.
745 2439 1011 2507 Domine,
1064 2441 1313 2514 Domine,
1381 2445 1472 2515 qui
1533 2445 1731 2500 illibata
1780 2454 1867 2499 tua
1908 2459 2070 2498 manu

2241 2451 2432 2522 Κύριε,
2477 2447 2670 2520 Κύριε,
2704 2450 2732 2500 6
2753 2451 2820 2518 τῇ
2843 2447 3096 2519 ἀχράντῳ
3121 2463 3213 2499 σου
3248 2444 3471 2515 παλάμῃ
3513 2443 3752 2512 συνέχων

507 2535 760 2590 contines
785 2536 991 2601 omnia,
1026 2536 1117 2606 qui
1158 2536 1483 2605 longanimis
1513 2551 1572 2592 es
1600 2550 1762 2605 super
1808 2549 1912 2598 nos,
1957 2551 2074 2589 om-

2185 2544 2239 2598 εά
2278 2545 2587 2615 σύμπαντα,
2643 2539 3013 2610 μακροθυμῶν
3067 2539 3159 2590 ἐπὶ
3201 2537 3405 2597 πάντας
3453 2537 3622 2605 ἡμᾶς,
3659 2535 3754 2588 καὶ

508 2643 627 2692 nes,
656 2635 710 2681 et
743 2627 833 2696 qui
859 2641 1022 2694 super
1058 2629 1261 2681 nostris
1310 2627 1457 2681 vitiis
1489 2627 1863 2693 paenitentiam
1917 2631 2069 2698 agis;

2185 2633 2452 2706 μετανοῶν
2492 2635 2586 2687 ἐπὶ
2638 2635 2759 2696 ταῖς
2785 2631 3004 2694 κακίαις
3030 2629 3209 2700 ἡμῶν,
3238 2627 3503 2699 μνήσθητι
3542 2627 3652 2681 τῶν
3672 2631 3752 2682 οί-

508 2716 862 2770 reminiscere
919 2714 1325 2770 miserationum
1364 2726 1577 2770 tuarum
1608 2725 1660 2770 et
1689 2718 2072 2773 misericordia.-

2185 2725 2419 2798 κτιρμῶν
2453 2742 2545 2778 σου
2579 2725 2674 2777 καὶ
2692 2723 2800 2776 τοῦτ
2824 2722 3006 2786 ἐλέους
3039 2737 3152 2774 σουο
3195 2720 3486 2790 ἐπίσκεψαι
3524 2722 3671 2791 ἡμᾶς
3694 2721 3756 2775 ἐν

510 2819 642 2877 tuae;
671 2809 884 2878 respice
909 2825 1008 2865 nos
1035 2811 1088 2865 in
1123 2808 1366 2865 bonitate
1410 2819 1523 2876 tua,
1547 2818 1602 2865 et
1628 2810 1883 2876 concede,
1924 2819 1983 2866 ut
2023 2821 2076 2865 et

2185 2822 2240 2891 τῇ
2275 2817 2574 2890 ἁγαθότητί
2623 2834 2739 2879 σου,
2787 2815 2882 2870 καὶ
2913 2815 3002 2878 δὸς
3048 2816 3178 2885 ἡμῖν
3232 2812 3514 2883 διαφυγεῖν
3553 2813 3648 2866 καὶ
3692 2811 3755 2862 τὸ

511 2903 721 2972 reliquo
744 2898 901 2970 hujus
939 2904 1042 2958 diei
1069 2913 1309 2974 tempore
1333 2903 1514 2959 varias
1553 2903 1774 2974 maligni
1797 2904 2072 2960 machina-

2185 2913 2358 2967 λοιπὸν
2385 2911 2486 2982 τῆς
2512 2910 2793 2982 παρούσης
2809 2908 3022 2980 ἡμέρας
3047 2910 3112 2979 τῇ
3144 2911 3210 2978 σῇ
3241 2908 3422 2977 χάριτι
3453 2903 3639 2957 ἐκτῶν
3657 2901 3753 2954 τοῦ

509 2994 689 3047 tiones
718 2992 955 3061 effugere
986 3004 1074 3046 tua
1105 2997 1279 3061 gratia
1311 2993 1608 3049 valeamus.
1655 2993 1881 3049 Custodi
1911 2995 2075 3048 vitam

2185 3004 2414 3076 πονηροῦ
2467 3004 2727 3058 ποικίλων
2778 3001 3206 3074 μηχανημάτων.
3277 2996 3756 3051 Ἀνεπιϐούλευτον

2802 2354 2993 2408 ΕΥΧΗ
3027 2354 3104 2408 E'.

510 3091 752 3138 nostram
809 3082 878 3135 ab
907 3081 1122 3136 insidiis
1150 3081 1396 3144 liberam,
1430 3083 1601 3146 gratia
1638 3083 1967 3136 sanctissimi
2003 3087 2075 3137 tui

2177 3098 2276 3166 τὴν
2302 3096 2445 3166 ζωὴν
2481 3096 2636 3167 ήμῶν
2661 3093 2984 3162 διαφύλαξον
3021 3095 3085 3161 τῇ
3126 3091 3306 3160 χάριτι
3342 3088 3433 3140 τοῦ
3480 3085 3756 3153 παναγίου

511 3175 775 3243 Spiritus,
809 3172 1183 3229 misericordia
1223 3182 1278 3227 et
1313 3171 1648 3241 benignitate
1680 3175 1943 3242 unigeniti
2002 3176 2073 3226 tui

2185 3203 2276 3238 σου
2323 3186 2660 3256 Πνεύματος,
2694 3184 2833 3236 ἐλέει
2871 3184 2964 3235 καὶ¹
2993 3179 3372 3250 φιλανθρωπίᾳ
3399 3176 3492 3229 τοῦ
3527 3193 3756 3246 μονογε-

511 3265 662 3332 Filii,
691 3281 812 3320 cum
839 3281 948 3336 quo
977 3266 1290 3322 benedictus
1333 3280 1392 3320 es
1418 3304 1435 3331 ,
1471 3278 1595 3319 cum
1630 3264 1976 3320 sanctissimo
2023 3275 2078 3318 et

511 3358 657 3412 bono
686 3367 740 3412 et
761 3357 974 3412 viviflco
1003 3367 1093 3412 tuo
1121 3357 1345 3426 Spiritu,
1380 3372 1522 3413 nunc
1545 3365 1601 3413 et
1640 3361 1852 3426 semper
1907 3364 1962 3409 et
2021 3354 2076 3410 in

510 3447 707 3507 saecula
741 3446 1082 3504 saeculorum.
1115 3448 1305 3502 Amen.

1110 3537 1368 3593 ORATIO
1398 3537 1487 3594 VI.

585 3631 675 3687 82.
732 3633 872 3687 Deus
921 3647 1112 3703 magne
1155 3641 1210 3688 et
1261 3634 1632 3700 admirabilis,
1676 3635 1771 3704 qui
1823 3635 2083 3690 ineffabili

515 3725 760 3781 bonitate
787 3734 842 3780 et
879 3725 1187 3780 abundante
1221 3727 1560 3794 providentia
1605 3737 1801 3785 cuncta
1848 3728 2084 3783 admini-

519 3829 701 3885 stras;
750 3817 842 3887 qui
871 3819 1011 3874 datis
1059 3821 1212 3874 nobis
1260 3819 1418 3890 hujus
1451 3820 1635 3876 mundi
1678 3820 1836 3876 bonis
1863 3860 1879 3886 ,
1919 3821 2083 3875 etiam

520 3910 846 3979 promissum
879 3925 1104 3981 regnum
1135 3911 1290 3967 nobis
1328 3913 1708 3979 obstrinxisti;
1742 3913 1832 3984 qui
1863 3922 2088 3981 prater-

522 3999 598 4054 ita
640 4000 744 4054 diei
771 4009 923 4069 parte
953 4016 1050 4071 per
1075 4017 1331 4059 concessa
1363 4005 1500 4059 bona
1530 4019 1630 4059 nos
1660 4005 1930 4060 deduxisti
1970 4024 1984 4060 :
2019 4007 2086 4060 da

523 4090 680 4144 nobis
715 4101 773 4144 ut
805 4094 1076 4148 residuam
1103 4110 1317 4165 quoque
1350 4108 1559 4165 parlem
1597 4097 1869 4167 inculpate
1902 4113 2086 4154 coram

523 4193 710 4238 sancta
736 4186 905 4254 gloria
935 4194 1022 4240 tua
1071 4189 1374 4258 transigere
1405 4189 1692 4259 possimus,
1719 4203 1776 4248 et
1829 4201 1883 4246 te
1913 4190 2086 4246 solum

522 4275 723 4331 bunum
779 4287 835 4332 et
896 4279 1183 4352 benignum
1227 4280 1395 4335 Deum
1456 4294 1701 4338 nostrum
1760 4285 2085 4341 collaudare.

525 4369 662 4436 Quia
692 4379 747 4424 tu
770 4385 830 4426 es
863 4372 1003 4426 Deus
1054 4381 1264 4438 noster,
1293 4383 1348 4427 et
1379 4373 1477 4429 tibi
1508 4375 1736 4444 gloriam
1784 4377 2088 4442 referimus,

522 4460 696 4530 Patri,
723 4473 778 4518 et
804 4463 962 4529 Filio,
993 4473 1045 4520 et
1079 4477 1270 4522 sancto
1303 4467 1552 4536 Spiritui,
1579 4483 1742 4536 nunc,
1773 4478 1829 4524 et
1851 4483 2086 4539 semper,

524 4563 579 4608 et
610 4554 663 4609 in
693 4555 886 4610 saecula
907 4557 1247 4611 saeculorum.
1283 4561 1474 4613 Amen.

1110 4736 1366 4792 ORATIO
1399 4737 1500 4791 VII.

599 4825 687 4892 83,
721 4825 811 4880 84.
847 4827 988 4880 Deus
1023 4845 1215 4898 magne
1258 4841 1313 4884 et
1341 4831 1574 4892 excelse,
1609 4833 1698 4902 qui
1736 4832 1884 4889 solus
1927 4833 2096 4889 babes

531 4917 1031 4982 immortalitatem;
1086 4923 1177 4990 qui
1231 4923 1400 4978 Iuccm
1458 4924 1670 4979 habitas
1721 4924 2092 4992 inaccessam;

530 5009 623 5075 qui
655 5018 961 5064 creaturam
1000 5026 1217 5068 onmem
1254 5015 1306 5069 in
1331 5016 1595 5084 sapientia
1634 5017 1962 5082 condidisti;
2003 5017 2094 5085 qui

533 5097 764 5152 divisisti
796 5099 969 5155 lucem
991 5117 1020 5154 a
1049 5103 1326 5168 tenebris;
1354 5107 1445 5172 qui
1478 5106 1810 5161 constituisti
1835 5107 2003 5161 solem
2037 5117 2097 5160 ut

535 5199 798 5261 praeesset
833 5191 958 5255 diei,
995 5192 1175 5246 lunam
1225 5208 1354 5248 vero
1383 5211 1448 5250 ac
1481 5197 1668 5254 stellas
1696 5208 1755 5252 ut
1806 5209 2100 5269 praeessent

539 5283 718 5350 nocti;
753 5284 842 5353 qui
881 5299 980 5340 nos
1005 5294 1317 5353 peccatores
1343 5298 1396 5341 et
1425 5288 1526 5343 hac
1568 5289 1700 5343 liora
1725 5305 2101 5360 praeoccupare

536 5374 734 5430 faciem
777 5383 920 5428 tuam
975 5375 1027 5428 in
1083 5376 1465 5444 confessione,
1511 5389 1564 5435 et
1613 5383 1955 5451 vespertinas
2006 5383 2100 5437 tibi

538 5465 726 5520 laudes
752 5463 946 5521 offerre
983 5465 1238 5533 voluisti;
1277 5469 1394 5538 ipse
1426 5471 1657 5541 benigne
1708 5472 1878 5542 dirige
1901 5473 2103 5526 oratio-

537 5571 662 5610 nem
693 5567 955 5619 nostram,
987 5558 1129 5612 sicut
1159 5559 1442 5614 incensum
1481 5562 1531 5614 in
1563 5572 1859 5630 conspectu
1905 5573 2016 5627 tuo,
2053 5574 2106 5618 ct

537 5664 660 5704 eam
701 5649 755 5704 in
776 5655 1000 5704 odorem
1037 5652 1324 5707 suavitatis
1371 5632 1616 5709 admitte.
1654 5655 1840 5710 Sedet
1868 5670 2107 5724 praesen-

538 5749 650 5795 tem
684 5754 963 5810 vesperam
991 5751 1047 5796 et
1092 5753 1404 5811 sequentem
1462 5755 1672 5800 noctem
1723 5746 1882 5801 nobis
1934 5749 2109 5800 lt'iime

539 5833 845 5902 paciﬁcum.
873 5834 1032 5890 Lucis
1063 5836 1231 5893 armis
1273 5835 1432 5893 induc
1466 5852 1583 5893 nos.
1622 5836 1813 5893 Libera
1838 5854 1938 5894 nos
1971 5855 1999 5893 τι
2039 5839 2109 5894 ti-

2180 3276 2306 3339 νοῦς
2340 3293 2433 3330 σου
2467 3275 2620 3337 Υίοῦ,
2648 3274 2767 3346 μεθ’
2789 3267 2850 3327 οὗ
2880 3272 3170 3343 εὐλογητὸς
3200 3266 3251 3324 εἷ
3276 3271 3372 3324 σὺν
3396 3269 3474 3341 τῷ
3507 3270 3759 3339 παναγίῳ

2179 3367 2275 3420 καὶ
2299 3365 2485 3437 ἀγαθῷ
2515 3366 2607 3419 καὶ
2659 3365 2907 3436 ζωοποιῷ
2940 3381 3031 3418 σου
3057 3363 3354 3434 Πνεύματι,
3399 3359 3495 3415 νῦν
3526 3361 3623 3414 καὶ
3647 3361 3758 3424 ἀεὶ,

2182 3460 2277 3513 καὶ
2310 3460 2390 3523 εἰς
2415 3459 2542 3522 τοὺς
2563 3457 2766 3523 αἰῶνας
2785 3457 2890 3512 τῶν
2915 3457 3147 3512 αἰώνων.
3181 3457 3372 3526 Ἀμήν.

2810 3552 2999 3605 EY-XH
3029 3553 3120 3618 cr.

2266 3646 2324 3698 'O
2371 3643 2502 3707 Θεὸς
2551 3643 2721 3713 μέγας
2776 3643 2868 3696 καὶ
2925 3638 3230 3710 θαυμαστὸς
3255 3675 3269 3698 ,
3309 3639 3336 3688 ὁ
3383 3635 3762 3706 ἀνεκδιηγήτῳ

2185 3735 2508 3806 ἀγαθωσύνῃ
2541 3737 2636 3788 καὶ
2669 3734 2897 3803 πλουσίᾳ
2924 3732 3149 3802 προνοίᾳ
3170 3729 3384 3782 διοικῶν
3407 3730 3475 3782 τὰ
3511 3727 3764 3799 σύμπαν-

2185 3846 2272 3891 τα,
2295 3831 2323 3881 6
2343 3829 2434 3880 καὶ
2456 3826 2526 3878 τὰ
2556 3827 2827 3895 ἐγκόσμια
2861 3823 3041 3892 ἀγαθὰ
3074 3825 3205 3894 ἡμῖν
3232 3823 3637 3893 δωρησάμενος,
3665 3823 3764 3876 καὶ

2186 3919 2572 3988 κατεγγυήσας
2598 3919 2731 3987 ἡμῖν
2762 3915 2859 3987 τὴν
2893 3915 3309 3986 ἐπηγγελμένην
3345 3915 3641 3985 βασιλείανο
3671 3917 3762 3970 διὰ

2186 4010 2284 4078 τῆς
2317 4008 2419 4080 ἤδη
2451 4007 2865 4080 κεχαρισμένων
2891 4006 3110 4076 ἀγαθῶν
3131 4006 3451 4077 ὀδοποιήσας
3490 4007 3645 4077 ἡμῖν,
3665 4009 3763 4061 καὶ

2187 4101 2287 4169 τῆς
2312 4101 2526 4172 ἡμέρας
2548 4100 2608 4153 τὸ
2653 4100 2920 4172 παρελθὸν
2964 4100 3126 4172 μέρος
3161 4099 3268 4152 ἀπὸ
3293 4099 3492 4163 παντὸς
3517 4099 3764 4153 ἐκκλῖναι

2189 4185 2381 4238 κακοῦ·
2438 4185 2681 4258 δώρησαι
2713 4191 2848 4259 ἡμῖν
2883 4189 2978 4243 καὶ
3015 4189 3078 4242 τὸ
3129 4187 3419 4242 ὑπόλοιπον
3459 4188 3765 4259 ἀμέμπτως

2191 4277 2471 4333 ἐκτελέσαι
2495 4277 2722 4332 ἐνώπιον
2749 4281 2848 4349 τῆς
2871 4278 3029 4348 ἁγίας
3052 4279 3208 4349 δόξης
3230 4295 3345 4342 σου,
3385 4280 3570 4350 ὑμνεῖν
3599 4296 3657 4330 σε
3672 4279 3765 4331 τὸν

2196 4373 2354 4443 μόνον
2403 4371 2606 4440 ἀγαθὸν
2635 4371 2730 4424 καὶ
2773 4370 3150 4443 φιλάνθρωπον
3183 4371 3314 4424 Θεὸν
3341 4369 3514 4440 ἡμῶν.
3545 4371 3666 4421 Ὀτι
3697 4371 3764 4422 σὺ

2195 4461 2246 4517 εἷ
2287 4467 2315 4518 6
2342 4463 2474 4527 Θεὸς
2493 4461 2665 4535 ἡμῶν.
2691 4463 2784 4515 καὶ
2816 4463 2899 4514 σοὶ
2926 4463 3024 4532 τὴν
3057 4462 3209 4528 δόξαν
3247 4460 3662 4531 ἀναπέμπομεν,
3686 4460 3766 4530 τῷ

2117 4581 2168 4641 D
2194 4559 2390 4629 Πατρὶ,
2422 4556 2616 4628 καὶτῷ
2649 4555 2781 4624 Υίῷ,
2819 4555 2911 4608 καὶ
2939 4554 3018 4626 τῷ
3051 4554 3189 4624 ἁγίῳ
3209 4553 3508 4623 Πνεύματι,
3537 4552 3633 4606 νῦν
3669 4555 3768 4607 καὶ

2195 4649 2300 4711 ἀεὶ,
2332 4649 2426 4702 καὶ
2453 4651 2531 4711 εἰς
2562 4649 2686 4710 τοὺς
2711 4645 2911 4708 αἰῶνας
2934 4645 3038 4700 τῶν
3064 4645 3292 4698 αἰώνων.
3327 4645 3516 4715 Ἀμήν.

2824 4737 3014 4790 ΕΥΧΗ
3059 4738 3134 4792 Z'.

2278 4830 2335 4882 Ὁ
2373 4827 2503 4891 Θεὸς
2535 4827 2705 4898 μέγας
2730 4826 2822 4879 καὶ
2859 4825 3100 4896 ὕψιστος,
3128 4826 3157 4878 ό
3190 4825 3345 4896 μόνος
3384 4823 3521 4895 ἔχων
3566 4827 3770 4880 ἀθανα-

2198 4921 2338 4984 σίαν,
2371 4918 2487 4989 φῶς
2517 4919 2680 4972 οἰκῶν
2709 4917 3022 4989 ἀπρόσιτον,
3067 4921 3097 4971 6
3129 4919 3308 4971 πᾶσαν
3353 4918 3450 4990 τὴν
3481 4917 3660 4970 κτίσιν
3709 4921 3772 4971 ἐν

2199 5013 2359 5083 σοφίᾳ
2381 5013 2808 5084 δημιουργήσας,
2837 5011 2864 5062 6
2891 5009 3218 5080 διαχωρίσας
3237 5009 3507 5078 ἀναμέσον
3529 5009 3624 5062 τοῦ
3655 5027 3769 5077 φω-

2197 5106 2286 5169 τὸς
2308 5107 2404 5159 καὶ
2433 5103 2703 5175 ἀναμέσον
2722 5103 2816 5155 τοῦ
2848 5102 3092 5165 σκότους,
3117 5102 3209 5155 καὶ
3247 5101 3337 5154 τὸν
3359 5101 3509 5169 ἣλιον
3545 5100 3772 5168 θέμενος

2199 5199 2276 5259 εἰς
2304 5195 2551 5261 ἐξουσίαν
2582 5195 2682 5264 τῆς
2703 5194 2933 5264 ἡμέρας,
2971 5191 3199 5263 σελήνην
3225 5192 3282 5246 δέ
3312 5192 3405 5245 καὶ
3436 5191 3672 5262 ἀστέρας
3692 5193 3773 5254 είς

2202 5287 2449 5354 ἐξουσίαν
2479 5289 2575 5358 τῆς
2603 5285 2815 5350 νυκτὸς,
2842 5287 2870 5338 ὁ
2892 5283 3234 5351 καταξιώσας
3275 5286 3421 5354 ἡμᾶς
3441 5285 3564 5345 τοὺς
3591 5284 3774 5354 ἁμαρ-

2202 5382 2404 5443 τωλοὺς
2434 5380 2527 5432 καὶ
2573 5379 2663 5431 ὲπί⁷
2707 5379 2805 5448 τῆς
2845 5376 3124 5446 παρούσης
3174 5375 3319 5446 ὧρας
3357 5374 3665 5445 προφθάσαι
3709 5374 3774 5426 τὸ

2207 5472 2494 5544 πρόσωπόν
2532 5488 2624 5523 σου
2678 5472 2734 5522 ἐν
2778 5469 3180 5539 ἐξομολογήσει,
3212 5469 3304 5521 καὶ
3332 5468 3428 5537 τὴν
3478 5468 3776 5536 ἐσπερινήν

2210 5580 2289 5617 σοι
2312 5561 2614 5629 δοξολογίαν
2643 5563 3027 5630 προσαγαγεῖνο
3059 5559 3237 5622 αὐτὸς,
3257 5557 3624 5627 φιλάνθρωπε,
3645 5575 3779 5611 κατ-ο

2209 5657 2423 5709 εύθυνον
2465 5657 2561 5725 τὴν
2593 5655 2897 5725 προσευχὴν
2956 5653 3112 5724 ἡμῶν
3147 5653 3220 5715 ὡς
3253 5650 3501 5720 θυμίαμα
3548 5650 3778 5703 ἐνώπιόν

2213 5765 2327 5808 σου,
2363 5747 2456 5799 καὶ
2495 5745 2783 5817 πρόσδεξαι
2816 5744 2983 5815 αὐτὴν
3000 5747 3078 5807 εἰς
3115 5743 3287 5814 ὀσμὴν
3309 5742 3554 5806 εὐωδίαςο
3595 5741 3778 5814 παρά-

2219 5856 2342 5909 σχου
2361 5837 2416 5891 δὲ
2451 5839 2580 5908 ἡμῖν
2611 5839 2706 5906 τὴν
2734 5835 3012 5908 παροῦσαν
3033 5836 3266 5905 ἑσπέραν
3289 5835 3381 5888 καὶ
3405 5835 3501 5906 τὴν
3517 5833 3780 5889 ἐπιοῦσαν
