4046 6464
1377 402 1774 459 ACOLUTHIA
1815 404 2152 464 TRIPLICIS
2190 411 2406 466 FESTI.

3249 429 3485 469 αυλιιν

257 534 428 572 νυκτα
459 519 759 590 εἰρηνικήν.
805 519 1060 572 Ἔνδυσον
1094 521 1237 590 ἡμᾶς
1268 520 1406 575 ὅπλα
1433 524 1830 592 φωτός.Ῥῦσαι

1943 546 2086 585 more
2117 541 2399 596 nocturno,
2455 540 2509 585 et
2541 530 2688 585 omni
2723 532 2937 601 negotio
2972 534 3374 599 pcratnbulanw
3434 536 3487 588 iu

258 612 405 681 ἡμᾶς
427 610 533 662 ἀπὸ
566 611 731 679 φόϐου
766 610 1104 682 νυκτερινοῦ,
1138 613 1231 665 καὶ
1264 614 1463 677 παντὸς
1512 615 1830 686 πράγματος

258 705 315 754 ἐν
348 703 531 755 σκότει
559 703 1035 773 διαπορευομένου·
1074 703 1169 756 καὶ
1200 704 1289 766 δὸς
1317 704 1408 758 τὸν
1432 705 1617 769 ὕπνον,
1671 706 1729 759 ὃν
1753 709 1833 770 εἰς

258 799 565 852 ἀνάπαυσιν
583 802 648 868 τῇ
678 797 928 867 ἀσθενείᾳ
952 797 1109 867 ἡμῶν
1145 798 1422 869 ἐδωρήσω,
1448 800 1627 869 πάσης
1649 800 1832 854 διαϐο-

258 890 417 961 λικῆς
460 890 760 960 φαντασίας
786 889 1224 960 ἀπηλλαγμένον.
1252 891 1376 953 Ναὶ,
1413 890 1677 953 Δέσποτα,
1725 892 1832 944 τῶν

259 984 481 1051 ἀγαθῶν
510 982 731 1054 χορηγὲ,
763 983 849 1036 ἵνα
886 983 980 1035 καὶ
995 984 1085 1035 ἐπὶ
1115 984 1232 1045 ταῖς
1261 982 1467 1045 κοίταις
1487 982 1641 1052 ἡμῶν
1662 1000 1831 1036 κατα-

259 1072 564 1142 νυγὸμενοι,
597 1070 1020 1141 μνημονεύωμεν
1048 1074 1104 1123 ὲν
1130 1072 1285 1121 νυκτὶ
1305 1071 1398 1123 τοῦ
1432 1072 1693 1142 ὀνόματός
1716 1090 1830 1137 σου,

262 1166 353 1218 καὶ
386 1166 450 1233 τῇ
500 1163 695 1233 μελέτῃ
720 1162 826 1215 τῶν
858 1162 963 1215 σῶν
1002 1162 1227 1213 ἐντολῶν
1258 1163 1747 1233 καταυγαζόμενοι,
1776 1166 1832 1217 ὲν

259 1254 577 1324 ἀγαλλιάσει
599 1253 795 1324 ψυχῆς,
832 1252 1202 1322 διαναστῶμεν
1238 1253 1371 1324 πρὸς
1408 1253 1713 1321 δοξολογίαν
1735 1254 1835 1323 τῆς

260 1347 361 1414 σῆς
383 1345 740 1414 άγαθότητος,
764 1345 973 1414 δεήσεις
1000 1344 1095 1396 καὶ
1123 1345 1331 1407 ἱκεσίας
1358 1347 1423 1415 τῇ
1463 1348 1527 1415 σῇ
1560 1345 1830 1413 εὐσπλαγ-

259 1439 388 1509 χνία
416 1438 785 1510 προσάγοντες
815 1436 953 1507 ὑπὲρ
983 1436 1089 1489 τῶν
1117 1437 1260 1490 ἰδίων
1292 1437 1703 1508 ἁμαρτημάτων
1741 1437 1835 1490 καὶ

258 1528 463 1592 ⁸παντὸς
498 1527 589 1581 τοῦ
634 1525 763 1578 λαοῦ
801 1542 917 1586 σου,
952 1525 1010 1577 ὃν
1040 1528 1159 1589 ταῖς
1204 1525 1518 1596 πρεσϐείαις
1547 1527 1645 1596 τῆς
1674 1526 1835 1594 ἁγίας

259 1620 523 1675 Θεοτόκου
559 1620 615 1669 ἐν
649 1616 786 1669 ἐλέει
809 1617 1118 1685 ἐπίσκεψαι.
1149 1618 1268 1669 Ὂτι
1303 1616 1504 1684 ἀγαθὸς
1530 1618 1623 1670 καὶ
1644 1618 1833 1684 φιλάν-

261 1713 479 1783 Θρωπος
501 1708 629 1770 Θεὸς
664 1708 945 1777 ὑπάρχεις,
971 1708 1061 1760 καὶ
1089 1709 1169 1760 σοὶ
1206 1708 1302 1777 τὴν
1336 1706 1492 1771 δόξαν
1518 1708 1833 1777 ἀναπέμπο-

263 1821 385 1874 μεν,
419 1802 495 1872 τῷ
527 1800 724 1873 Πατρὶ,
758 1802 851 1854 καὶ
879 1800 957 1870 τῷ
988 1800 1118 1869 Υίῴ,
1145 1799 1237 1851 καὶ
1262 1799 1337 1868 τῷ
1366 1799 1503 1870 ἁγίῳ
1537 1800 1830 1868 Πνεύματι,

1934 623 2191 677 tenebris.
2219 623 2502 686 Somnum,
2535 637 2693 691 quem
2728 620 2780 675 in
2807 631 3007 677 nostra:
3040 623 3366 679 inﬁrmitatis
3402 641 3487 679 re-

1931 712 2107 780 quiem
2166 710 2398 776 dedisti,
2442 713 2509 765 da
2558 712 2625 764 ab
2663 711 2808 765 omni
2860 711 3122 766 diabolica
3169 713 3494 783 cogitatione

1934 800 2181 854 liberum.
2215 802 2317 864 Ita,
2357 801 2601 862 Domine,
2628 801 2888 855 bonorum
2928 800 3155 870 largitor
3180 818 3194 866 ;
3221 810 3278 855 ut
3316 802 3369 855 in
3402 818 3492 856 cu-

1932 891 2127 947 bilibus
2159 893 2359 946 nostris
2389 891 2699 960 compuncti
2722 932 2736 954 ,
2770 892 3177 947 meminerimus
3205 907 3364 947 nocui
3397 908 3493 949 no-

1933 982 2094 1036 minis
2140 982 2251 1045 tui;
2301 992 2355 1037 et
2388 983 2846 1037 commentatione
2876 983 3248 1038 mandatorum
3282 995 3490 1039 tuorum

1934 1066 2210 1132 illustrati,
2244 1068 2297 1121 in
2338 1068 2505 1122 animi
2531 1066 2916 1134 exsultatione,
2940 1072 3003 1124 ad
3038 1072 3319 1126 dicendam
3350 1073 3496 1128 boui-

1935 1160 2062 1213 tatis
2087 1169 2188 1213 tute
2218 1159 2465 1227 gloriam,
2495 1174 2881 1230 exsurgamus;
2916 1176 3105 1230 preces
3138 1173 3193 1217 et
3224 1164 3498 1234 supplica-

1936 1251 2106 1305 tiones
2162 1260 2265 1305 tna
2314 1253 2706 1308 misericordia
2758 1252 3069 1320 oﬂ'creutes,
3122 1271 3218 1325 pro
3260 1258 3497 1325 peccatis

1933 1343 2169 1412 propriis
2191 1352 2246 1398 et
2276 1345 2451 1398 cuncti
2481 1345 2659 1414 μορυΙί
2691 1346 2789 1408 tui,
2819 1361 2977 1415 quem
3008 1350 3261 1418 precibus
3294 1359 3498 1404 sanctae

1936 1434 2027 1489 Dei
2076 1435 2365 1489 Genitricis
2407 1436 2702 1490 clementer
2738 1446 2982 1507 protege,
3037 1440 3162 1507 quia
3211 1438 3382 1494 bonus
3442 1449 3499 1493 et

1937 1525 2214 1579 hominum
2241 1540 2432 1579 amans
2484 1524 2627 1580 Deus
2655 1541 2737 1590 es,
2764 1527 2962 1596 tibique
2993 1526 3216 1596 gloriam
3247 1531 3496 1599 rependi-

1937 1632 2078 1679 mus,
2130 1615 2302 1679 Patri,
2332 1628 2387 1671 et
2416 1616 2587 1682 Filio,
2618 1627 2669 1672 et
2733 1617 2955 1687 Spiritui
2998 1629 3217 1683 sancto;
3250 1634 3393 1674 nunc
3444 1629 3501 1675 et

1935 1723 2164 1775 semper,
2188 1719 2241 1762 et
2272 1708 2323 1761 in
2364 1709 2555 1762 Stt‘cula
2590 1710 2932 1767 szeeulornm.
2961 1710 3156 1766 Amen.

260 1894 357 1950 νῦν
389 1897 481 1948 καὶ
504 1895 609 1957 ἀεὶ,
646 1893 739 1946 καὶ
779 1894 857 1956 είς
878 1893 1001 1953 τοὺς
1029 1890 1227 1952 αἰῶνας
1250 1890 1356 1941 τῶν
1376 1888 1603 1943 αἰώνων.
1641 1890 1832 1959 Ἀμήν.
1868 1884 1907 1937 Β

1203 1978 1318 2034 Jam
1356 1997 1480 2035 vero
1513 1996 1611 2035 nos
1632 1981 1889 2052 'l‘ypicum
1923 1987 2154 2037 revocat,
2188 1976 2265 2028 sic
2292 1974 2513 2029 habens.

336 2074 469 2131 Εἶτα
512 2074 926 2146 στιχολογοῦμεν
971 2075 1031 2126 τὸ
1076 2074 1338 2145 κάοισμα,
1379 2076 1544 2144 ἡγουν
1589 2076 1670 2137 τὸ,
1710 2078 1831 2127 Ma-

2009 2067 2094 2119 85.
2182 2067 2391 2131 Postea,
2478 2068 2734 2121 recitatur
2814 2067 3084 2139 κάθισμα,
3148 2069 3339 2125 Beatus
3398 2073 3498 2136 vir,

260 2167 468 2237 κὰριος
493 2166 666 2233 ἀνὴρ,
698 2162 834 2234 μετὰ
865 2162 1057 2233 μέλους
1078 2165 1157 2225 εἰς
1184 2159 1315 2232 ἦχον
1349 2164 1438 2216 πλ.
1475 2163 1535 2216 δ’.

1945 2176 2064 2210 cum
2140 2160 2501 2211 modulatione
2571 2159 2637 2211 ad
2723 2169 2906 2213 tonum
2991 2161 3261 2235 obliqupm
3343 2178 3504 2233 quar-

1946 2259 2059 2302 tum
2070 2289 2087 2304 .

336 2346 513 2401 Con.
543 2340 639 2393 llic
672 2348 851 2393 autem
883 2354 985 2392 non
1020 2346 1145 2406 puto
1181 2338 1395 2409 unicum
1426 2338 1570 2390 illum
1606 2339 1867 2405 psalmum
1924 2336 2035 2406 jam
2088 2340 2289 2394 dictum
2336 2340 2666 2393 recitandum
2697 2355 2852 2405 esse;
2880 2341 2973 2396 sed
3018 2342 3244 2409 insuper
3297 2352 3500 2407 septem

262 2423 576 2479 sequentes,
608 2410 723 2463 sive
753 2417 873 2461 octo
911 2410 1137 2477 primos.
1166 2407 1497 2477 Καθίσματα
1529 2411 1669 2459 enim
1702 2411 1840 2475 apud
1868 2410 2085 2463 Graecos
2127 2421 2389 2463 vocantur
2421 2412 2715 2465 divisiones
2753 2426 2847 2464 seu
2876 2407 3331 2466 sectionestotins
3356 2411 3504 2465 Psal-

266 2486 417 2543 terii.
454 2493 623 2546 eaque
654 2488 778 2532 sunt
811 2494 1036 2532 numero
1068 2479 1284 2547 viginti.
1317 2481 1393 2531 Ac
1420 2481 1647 2544 primum
1690 2480 1906 2545 quidem
1935 2479 2194 2549 ΚάΟισμα
2225 2480 2465 2533 continet
2508 2479 2752 2533 Psalmos
2777 2492 2919 2547 octo,
2945 2501 2971 2534 a
3001 2499 3015 2535 ι
3055 2484 3119 2532 ad
3158 2498 3283 2546 vin;
3315 2498 3505 2535 secun-

264 2559 395 2607 dum
434 2569 459 2600 a
497 2566 545 2603 ix
578 2552 643 2602 ad
676 2564 795 2611 xvr;
830 2550 1046 2602 tertium
1080 2566 1107 2601 a
1134 2565 1241 2601 xvtt
1282 2550 1347 2601 ad
1388 2564 1557 2613 xXJII;
1600 2560 1850 2616 quartum
1892 2567 1918 2601 a
1952 2567 2076 2603 xxiv
2102 2552 2167 2602 ad
2197 2564 2323 2603 XXXI
2352 2566 2365 2611 ;
2390 2552 2635 2616 quintum
2661 2566 2687 2599 a
2721 2566 2867 2603 xxx"
2900 2552 2965 2603 ad
3002 2568 3163 2605 xxxvr
3191 2568 3205 2613 ;
3232 2563 3437 2604 sextum
3474 2571 3501 2602 a

265 2638 455 2678 XXXVII
493 2622 559 2674 ad
588 2635 722 2682 XLV;
770 2621 1053 2687 septimum
1088 2635 1115 2670 a
1147 2634 1267 2672 XLVI
1303 2620 1368 2669 ad
1402 2634 1521 2680 Liv;
1554 2630 1802 2670 octavum
1830 2635 1857 2672 τι
1898 2637 1959 2673 LV
2010 2622 2075 2671 ad
2112 2637 2278 2683 ut";
2328 2636 2525 2672 nonum
2556 2636 2582 2672 a
2610 2635 2734 2672 anv
2766 2623 2828 2671 ad
2863 2637 3021 2683 Lm;
3057 2623 3318 2675 deeimum
3345 2637 3371 2673 a
3400 2638 3502 2674 cxx

266 2696 334 2746 ad
372 2707 576 2752 ιχινις
621 2691 963 2743 undecimum
1014 2706 1039 2740 a
1095 2704 1276 2741 Lxxvtt
1320 2690 1385 2741 ad
1434 2705 1676 2751 Lxxmv;
1735 2692 2107 2742 duodecimum
2162 2709 2189 2742 a
2244 2706 2419 2743 Lxxxv
2473 2696 2537 2742 ad
2588 2706 2685 2753 xc;
2731 2692 2997 2743 decimum
3059 2693 3277 2743 tertium
3340 2708 3367 2744 a
3420 2706 3504 2745 κει

266 2766 336 2814 ad
386 2779 454 2825 c;
498 2761 768 2827 decimum
828 2770 1079 2827 quartum
1131 2774 1158 2810 a
1211 2773 1259 2811 CI
1317 2760 1557 2827 adiuv;
1607 2759 1871 2809 decimum
1911 2759 2153 2825 quintum
2200 2776 2227 2811 a
2278 2776 2339 2813 cv
2367 2760 2430 2811 ad
2467 2776 2639 2820 cvm;
2692 2762 2956 2814 det-imum
3009 2772 3214 2814 sextum
3244 2777 3271 2812 a
3302 2776 3384 2827 εει
3439 2762 3506 2812 ad

264 2849 445 2889 cxvu;
503 2826 770 2884 dcetmum
802 2830 1089 2893 septimum
1124 2830 1295 2881 solum
1338 2826 1496 2879 habet
1541 2828 1800 2893 psalmum
1856 2844 2043 2888 cum,
2091 2828 2243 2880 Beati
2284 2830 2608 2881 immaculati
2637 2846 2652 2881 :
2678 2846 2784 2897 quo
2818 2830 3116 2897 completur
3166 2831 3303 2881 istud
3350 2826 3505 2881 Κάϐ-

269 2919 414 2972 ισμα
447 2910 667 2972 propter
727 2900 1090 2972 prolixitatem
1134 2913 1147 2959 ;
1201 2898 1467 2972 decimum
1541 2907 1787 2972 octavum
1823 2936 1837 2959 ,
1889 2914 1914 2948 a
1954 2912 2105 2972 _cxtx
2138 2900 2221 2972 ad
2286 2914 2451 2972 exui
2489 2918 2502 2963 ;
2557 2899 2821 2972 decimum
2881 2914 3092 2972 nonum
3130 2915 3157 2951 a
3196 2914 3385 2972 cxxxtt
3439 2902 3504 2972 ad

264 2966 459 3035 cxi.in
495 2966 805 3022 viCesimum
866 2968 1100 3031 reliquos
1155 2981 1324 3033 asque
1369 2966 1434 3017 ad
1489 2980 1573 3020 CL.
1637 2968 1711 3019 Ita
1773 2976 1894 3034 post
1953 2967 2242 3020 Meursinm
2289 2969 2570 3035 Cangius,
2616 2970 2868 3035 additque
2922 2970 3129 3036 singula
3195 2970 3294 3022 iSIa
3356 2969 3504 3021 Καυ-

273 3059 489 3113 ισματα
512 3039 670 3113 dividi
714 3040 760 3113 in
792 3047 899 3086 tres
925 3048 1122 3113 partes,
1150 3051 1269 3113 quae
1309 3050 1454 3113 cum,
1494 3055 1511 3087 ι
1560 3037 1738 3113 Gloria
1770 3039 1939 3113 Patri,
1968 3058 2003 3113 VA)
2042 3040 2416 3113 terminantur,
2454 3041 2609 3113 aliter
2639 3056 2699 3091 ac
2734 3042 2864 3113 litin
2892 3040 3126 3113 Ecclesia
3151 3040 3360 3113 Latina,
3390 3056 3508 3107 qua:

266 3106 474 3166 dictam
508 3106 845 3176 doxologiam
878 3116 995 3176 post
1025 3106 1265 3176 singulos
1302 3106 1537 3172 psalmos
1580 3111 1790 3161 recitat.
1829 3110 2093 3160 Dividitur
2124 3109 2341 3175 pariter,
2372 3108 2637 3161 decimqu
2671 3111 2955 3176 septimum
2987 3110 3250 3161 catltistna
3298 3112 3347 3161 in
3401 3106 3509 3160 tres

277 3194 466 3250 partes
494 3218 518 3250 ,_
547 3175 896 3250 quaeeadem
944 3174 1335 3250 gloriﬁcatione
1383 3176 1766 3250 terminantur.
1814 3178 2102 3250 Illiusmodi
2127 3174 2311 3250 autem
2353 3174 2746 3250 cathismaturn
2765 3179 3053 3250 divisiones
3079 3178 3330 3231 dicuntur
3378 3178 3507 3229 στά-

270 3244 407 3313 ὰεις.
448 3248 615 3316 igitur
667 3245 789 3317 dum
846 3244 1106 3313 Typicum
1175 3246 1326 3317 dicit,
1356 3246 1686 3317 recitandum
1723 3262 1843 3299 esse

1943 3247 2136 3317 Ξιοισμα
2177 3248 2237 3299 τὸ
2266 3247 2551 3317 Μακάριος
2576 3287 2589 3309 ,
2621 3259 2744 3301 octo
2771 3249 2969 3314 primos
3005 3249 3238 3316 psalmos
3280 3251 3510 3299 recitan-

276 3324 379 3372 clos
420 3314 539 3371 esSe
588 3316 843 3368 insinuat.
912 3317 1026 3368 Alia
1099 3318 1225 3369 item
1280 3314 1603 3381 signiﬁcatio
1645 3327 1729 3370 est
1778 3318 1923 3371 \ocis
1955 3314 2215 3387 κάθισμα,
2253 3319 2356 3371 Sed
2384 3314 2448 3371 de
2485 3319 2572 3371 illa
2613 3320 2800 3387 agendi
2851 3333 2977 3370 ansa
3010 3314 3224 3371 dabitur
3257 3331 3510 3371 secuturo

272 3400 474 3459 Cttplle.

345 3484 440 3547 Εἰς
485 3484 541 3536 δὲ
593 3482 683 3536 τὸν
758 3487 806 3549 γ’
856 3480 1068 3551 ψαλμὸν
1135 3480 1475 3551 άναρῤοὖμεν
1543 3481 1734 3552 μικρὸν
1784 3481 1913 3558 τδρ

266 3578 523 3647 δεύτερον
576 3576 667 3626 καὶ
715 3574 891 3643 τρίτον
946 3573 1239 3639 ἀντίᾳωνον
1294 3574 1370 3633 εἰς
1418 3573 1508 3623 τὸν
1560 3570 1690 3641 ἦχον
1746 3574 1842 3642 τῆς

268 3669 504 3743 ἡμέρας.

354 3756 435 3811 87.
454 3755 631 3808 COII.
662 3752 758 3805 Hie
782 3752 1109 3820 noto,quod,
1133 3754 1380 3823 quamvis
1414 3771 1432 3803 ι
1468 3755 1763 3823 antiphona
1797 3764 1849 3809 et
1872 3755 2248 3823 antiphonum,
2276 3772 2294 3806 ι
2319 3753 2385 3807 ab
2416 3770 2524 3807 uno
2549 3762 2603 3807 et
2624 3753 2825 3823 eodem
2864 3752 3052 3805 Gut-co
3080 3747 3342 3823 vocabqu
3356 3748 3514 3815 origi-

271 3842 399 3881 nem
438 3828 673 3894 traham,
695 3835 869 3875 tamen
890 3818 999 3894 hoc
1034 3818 1173 3891 apud
1195 3821 1410 3876 (ἔτερος
1450 3840 1552 3876 non
1579 3818 1736 3880 sonat
1769 3818 2086 3894 idem,quod
2114 3826 2197 3876 illa
2231 3818 2369 3893 apud
2397 3822 2634 3878 Latinos.
2662 3844 2678 3873 ε
2706 3822 3006 3885 Antiphona
3030 3838 3048 3871 ι
3076 3833 3303 3894 namque
3326 3818 3403 3875 (ut
3430 3828 3513 3894 est

272 3896 417 3963 apud
442 3893 673 3948 Gnarum
706 3910 829 3961 pag.
850 3892 973 3963 ηδ)
1013 3888 1095 3947 est
1120 3894 1387 3947 sententia
1432 3895 1514 3946 vel
1550 3896 1795 3950 modulus
1825 3888 2047 3949 enilibet
2077 3888 2282 3963 psalmo
2314 3898 2596 3947 decantato
2626 3893 3001 3963 adjunctus,et
3019 3890 3168 3959 quasi
3186 3903 3250 3941 ex
3270 3888 3512 3963 apposito

275 3959 630 4031 respondens.
654 3982 671 4013 ί
704 3959 1066 4032 Antiphouum
1097 3983 1115 4014 ι
1151 3963 1529 4025 autetn,uthie
1555 3978 1867 4031 usurpatur,
1894 3977 2017 4019 sunt
2046 3959 2224 4032 plures
2244 3980 2431 4017 versus
2461 3963 2648 4031 psalmi
2681 3964 2859 4024 unius,
2882 3962 2947 4013 ad
2982 3974 3212 4032 quorum
3243 3959 3508 4027 singulos,

273 4028 386 4088 nua
407 4045 460 4087 et
483 4038 665 4087 eadem
697 4038 755 4086 lit
776 4028 987 4102 semper
1011 4034 1076 4085 ab
1117 4036 1286 4086 altero
1309 4035 1473 4087 choro
1509 4028 1805 4103 responsio.
1832 4028 1893 4089 Et
1924 4028 2137 4103 propter
2177 4028 2503 4103 hancruuutn
2523 4043 2577 4085 et
2598 4033 2927 4101 reciprocam
2961 4028 3279 4103 sententiam
3302 4042 3513 4103 semper

275 4107 481 4160 illatam
499 4143 513 4166 ,
546 4105 866 4171 Ἀντίφωνον
885 4098 1035 4169 Quasi
1056 4118 1155 4153 vox
1175 4106 1416 4173 opposita
1440 4118 1531 4156 seu
1557 4098 1702 4158 vocis
1731 4122 1845 4173 oppt

1949 4106 1998 4157 io
2024 4113 2264 4157 vocatur.
2300 4102 2621 4171 Ἀντίφωνον
2648 4098 3021 4173 οιιίειη((ιυιι1ε
3038 4114 3198 4151 unum
3217 4098 3281 4151 ad
3304 4098 3515 4173 Matuti-

273 4192 410 4231 num
443 4170 733 4242 proteram)
756 4174 1013 4225 dividitur
1039 4173 1086 4223 in
1120 4172 1375 4242 primum,
1399 4180 1691 4226 secundum
1713 4170 2021 4227 et'tertium.
2042 4174 2282 4228 Primum
2302 4186 2386 4227 est
2418 4170 2469 4225 iu
2494 4190 2600 4240 quo
2629 4182 2749 4240 post
2768 4172 3007 4235 singulos
3024 4182 3211 4242 versus
3230 4170 3508 4242 recitatur,

272 4246 413 4307 Ταῖς
443 4237 769 4315 ’πρεσϐείαις
794 4243 894 4312 τῆς
926 4243 1210 4300 Θεοτὸκου,
1238 4240 1644 4315 Σῶτερ,-σῶσον
1678 4245 1844 4315 ἡμᾶς.

1943 4246 2185 4315 Precibus
2217 4244 2475 4315 Deiparw,
2503 4237 2777 4315 Ser-valor,
2810 4254 2961 4315 serva
2992 4254 3141 4290 nos.)
3182 4237 3510 4298 Secundum,

272 4318 333 4368 in
366 4330 469 4382 quo
500 4309 765 4367 recitatur
790 4309 906 4382 post
938 4328 1121 4366 versus
1150 4309 1411 4380 singulos,
1429 4313 1557 4375 Ταῖς
1591 4309 1845 4382 πρεσϐεία

1943 4314 2043 4367 τῶν
2073 4315 2240 4382 ἁγίων
2274 4309 2446 4366 σῶσον
2476 4314 2641 4382 ἡμᾶς.
2674 4330 2690 4360 ι
2728 4309 2983 4363 Precibus
3007 4316 3326 4382 sanctorum
3351 4322 3511 4359 serva

275 4380 403 4437 nos.
461 4403 479 4435 ›
514 4383 757 4437 Tertium
790 4380 1024 4454 denique
1052 4385 1101 4434 in
1133 4397 1237 4449 quo
1294 4384 1523 4454 singulis
1549 4380 1802 4454 versibus
1833 4402 1845 4435 ε

1943 4380 2177 4454 iungitur
2227 4386 2423 4454 aliquis
2455 4380 2850 4454 solemnitatem
2886 4380 3511 4454 uIt'_tttique—esp_rimens,

274 4463 342 4503 ut
375 4454 427 4503 in
466 4456 551 4525 die
592 4454 889 4525 Paschalis,
912 4446 1087 4505 Σῶσον
1110 4446 1275 4520 ἡμᾶς.
1314 4453 1405 4504 Υἱὲ
1439 4453 1594 4517 Θεοῦ,
1621 4454 1649 4504 ὁ
1682 4455 1845 4504 άναστ

1943 4458 2006 4507 ἐκ
2036 4446 2263 4525 νεκρῶν,
2282 4446 2577 4523 ψάλλοντάς
2599 4468 2698 4514 σοι,
2736 4448 3069 4525 Ἀ).).η).ούία.
3102 4467 3119 4497 ι
3152 4447 3249 4499 Fili
3277 4446 3408 4525 Dei,-
3423 4449 3513 4510 qui

280 4523 627 4575 resurrexisti
671 4540 698 4572 a
734 4526 985 4584 mortuis,
1016 4515 1171 4576 serva
1211 4537 1327 4584 nos,
1385 4526 1475 4587 qui
1531 4515 1813 4576 laudamus
1847 4515 1917 4589 te,
1958 4515 2203 4577 Alleluia.
2245 4515 2262 4575 ἰ
2296 4515 2361 4576 Et
2410 4540 2460 4574 In
2496 4525 2595 4575 hoc
2620 4524 2756 4575 festo
2792 4515 2951 4573 trium
2982 4522 3258 4589 doctorum
3293 4515 3514 4569 εΣῶσον

272 4589 740 4664 ﬂPaG.__1'is8505
772 4592 1077 4664 μονογενὲς,
1108 4592 1135 4641 ό
1182 4592 1237 4642 ὲν
1278 4592 1449 4664 ἁγίοις
1492 4594 1817 4663 θαυμαστὸς,

1943 4594 2148 4657 Quasi;
2186 4610 2286 4657 σοι,
2332 4592 2665 4664 Ἀλληλούῖα.
2703 4612 2719 4642 ι
2750 4591 2848 4644 Fili
2881 4590 2972 4643 Dei
3022 4587 3313 4655 unigenite,
3344 4589 3515 4656 quies

274 4661 545 4718 iii-.rabilis
575 4661 626 4715 in
658 4663 881 4724 sanctis,
906 4678 1059 4715 serva
1098 4677 1211 4727 nos,
1236 4663 1324 4731 qui
1364 4661 1637 4717 laudamus
1668 4674 1736 4725 te,
1763 4661 2005 4719 Alleluia.

2018 3484 2105 3537 86.
2171 3484 2249 3537 Ad
2304 3484 2564 3552 psalmum
2622 3482 2834 3537 tertium
2917 3481 3145 3533 dicimus
3216 3479 3509 3534 secundum

1949 3585 2001 3629 et
2034 3577 2245 3629 tertium
2282 3576 2643 3644 Autiphonum
2674 3584 2795 3629 tono
2830 3574 2954 3626 diei.

366 4799 451 4849 Ἑν
484 4799 697 4868 ἑκάστῳ
729 4798 785 4850 δὲ
822 4796 1106 4866 ἁντιφώνῳ
1138 4802 1280 4851 ποιεῖ
1318 4801 1345 4852 ὁ
1366 4798 1609 4864 διάκονος
1648 4800 1845 4870 μικρὰν

2022 4801 2077 4855 In
2106 4815 2425 4869 unoquoque
2454 4799 2743 4866 antiphono
2786 4796 2915 4849 dicit
2950 4796 3205 4849 diaconus
3238 4793 3514 4847 collectam

276 4890 578 4956 συναπτήν.

354 4980 474 5031 Ἔτι
515 4978 604 5030 καὶ
644 4977 722 5029 ἔτι
753 4981 809 5028 ἐν
851 4982 1059 5050 εἰρήνῃ,
1094 4979 1186 5031 τοῦ
1215 4982 1417 5051 Κυρίου
1448 4980 1742 5050 δεηθῶμεν.
1792 4984 1848 5033 '0

271 5072 457 5144 χορός·
492 5070 681 5141 Κύριε,
714 5070 951 5137 ἐλέησον.

366 5163 674 5216 Ἀντιλαϐου
702 5203 716 5223 ,
772 5164 980 5226 σῶσον,
1042 5166 1300 5234 ἐλέησον,
1368 5169 1460 5218 καὶ
1533 5166 1852 5233 διαφύλαξον

276 5256 447 5324 ἡμᾶς,
486 5253 682 5315 ὀθεός,
719 5258 782 5325 τῇ
818 5258 881 5325 σῇ
914 5255 1111 5325 χάριτι.
1160 5256 1223 5307 Χ.
1256 5256 1447 5326 Κύριε,
1490 5257 1724 5327 ἐλέησον.

354 5346 465 5412 Τἧς
517 5345 809 5411 παναγίας,
859 5347 1150 5417 ἀκράντου,
1195 5348 1725 5419 ὑπερευλογημένηςν
1776 5349 1862 5399 ἐν’

271 5437 430 5499 δόέου
464 5437 762 5505 Δεσποίνης
800 5437 955 5505 ἡμῶν
1000 5437 1261 5491 Θεοτόκου
1322 5441 1416 5491 καὶ
1448 5441 1536 5491 ἀεὶ
1581 5437 1858 5509 Παροένου

279 5530 528 5597 Μαρίας,
582 5529 721 5597 μετὰ
774 5530 990 5580 πάντων
1022 5532 1127 5581 τῶν
1177 5532 1342 5599 ἁγίων
1375 5531 1858 5601 μνημονεύσαντες,

276 5623 531 5682 ἑαυτοὺς,
582 5626 677 5673 καὶ
707 5622 990 5691 ἀλλήλους,
1038 5624 1128 5672 καὶ
1165 5627 1340 5677 πᾶσαν
1378 5624 1476 5690 τὴν
1502 5622 1643 5693 ζωὴν
1686 5623 1859 5693 ἡμῶν,

283 5710 506 5782 Χριστῷ
574 5711 691 5780 Θεῷ
744 5712 1136 5783 παραθώμευα.
1196 5717 1259 5766 Χ.
1324 5714 1431 5776 Σοὶ,
1500 5715 1688 5782 Κύριε.
1753 5714 1860 5766 Καὶ

277 5810 307 5859 ὁ
358 5808 533 5875 ἱερεὺς
575 5806 821 5871 ἐκᾳωνεϊ·
858 5808 973 5858 Ὅτε
1009 5809 1095 5859 τὸν
1132 5807 1183 5858 τὸ
1209 5810 1425 5873 κράτος,
1458 5808 1548 5858 καὶ
1583 5807 1672 5858 τοῦ
1717 5810 1861 5859 ἐστιν

1941 4907 2179 4964 parvam,
2205 4908 2323 4963 quae
2348 4893 2459 4946 haec
2476 4902 2560 4943 est
2599 4907 2612 4941 :

2023 4983 2114 5038 88.
2142 4984 2342 5037 lterum
2394 4985 2700 5049 iterumque
2731 4980 2782 5033 in
2818 4994 2947 5048 pace
2996 4977 3277 5030 Domimuu
3326 4978 3517 5045 depre—

1947 5092 2153 5131 cemur.
2178 5076 2386 5130 Chorus
2414 5092 2427 5125 :
2463 5076 2702 5139 Domine,
2735 5074 3007 5125 miserere.

2024 5170 2272 5237 Suscipe,
2316 5182 2495 5231 serva,
2552 5167 2809 5219 miserere
2846 5172 2901 5217 et
2949 5165 3156 5216 custodi
3204 5177 3321 5222 nos,
3356 5159 3518 5226 Deus,

1969 5271 2055 5314 tua
2088 5260 2280 5329 gratia.
2322 5258 2421 5313 Ch.
2450 5257 2693 5321 Domine,
2724 5256 2999 5310 miserere.

2028 5352 2414 5416 Sanctissimae,
2464 5351 2815 5410 intemeratae,
2852 5361 3013 5413 super
3056 5359 3247 5397 omnes
3301 5345 3522 5398 benedi-

1959 5453 2081 5507 εισι,
2112 5443 2361 5512 gloriosa:
2410 5440 2650 5496 Dominae
2687 5448 2885 5494 nostra:
2936 5436 3179 5505 Deiparre
3223 5446 3277 5489 et
3312 5450 3526 5503 semper

1961 5533 2185 5600 virginis
2243 5533 2423 5585 Maria'
2472 5546 2593 5583 cum
2653 5531 2903 5584 onmibus
2959 5529 3161 5582 sanctis
3210 5529 3525 5580 memoriam

1972 5624 2296 5690 recolentes,
2340 5640 2433 5677 nos
2469 5624 2612 5691 ipsos
2642 5663 2657 5688 ,
2688 5634 2741 5675 et
2770 5623 2995 5675 invicem
3045 5632 3099 5674 et
3143 5628 3306 5673 totam
3362 5630 3523 5671 vitam

1964 5724 2204 5767 nostram
2252 5754 2266 5775 ,
2360 5714 2577 5765 Christo
2674 5714 2777 5766 Deo
2880 5710 3333 5765 commendemus.
3420 5706 3521 5761 Ch.

1964 5805 2116 5868 'l‘ihi,
2196 5803 2437 5858 Dumiuc.
2520 5803 2581 5859 Et
2649 5802 2939 5857 succlamat
2997 5802 3248 5855 sacerdos
3306 5820 3317 5853 :
3385 5798 3523 5861 Quia
