4046 6458
502 421 759 465 eccam:
1890 396 2100 452 PROLE

1890 395 2416 452 PROLEGOMENA.

508 536 596 577 tua
645 530 728 575 est
775 517 1037 587 potentia,
1075 522 1130 567 et
1168 522 1319 566 tuum
1351 520 1437 567 est
1469 526 1695 582 regnum
1735 519 1788 566 et
1817 511 1990 565 virtus
2019 518 2106 571 et.

2176 511 2208 579 ή
2253 509 2497 579 βασιλεία
2541 509 2635 563 καὶ
2682 510 2715 578 ή
2753 507 3003 578 δύναμις,
3038 507 3132 561 καὶ
3172 508 3205 577 ή
3243 505 3367 571 δόξα
3391 505 3486 559 τοῦ
3522 506 3759 578 Πατρδς,

508 611 676 683 gloria
731 607 925 671 Patris,
980 615 1034 662 et
1089 604 1253 670 Filii,
1302 611 1357 659 et
1415 602 1653 673 Spiritus
1716 602 1912 658 sancti.
1973 601 2072 657 Ch.

2183 600 2279 652 καὶ
2306 598 2400 651 τοῦ
2430 598 2581 667 Tini"),
2599 599 2694 652 καὶ
2722 598 2815 651 τοῦ
2842 597 2997 665 ἁγίου
3041 596 3179 650 Πνεύ
3189 614 3375 667 ματος,
3409 595 3502 649 νῦν
3528 596 3623 648 καλ⁵
3650 596 3760 660 ἀεὶ,

507 699 703 756 Amen.
2182 689 2275 742 καὶ
2330 691 2409 752 είς
2449 689 2572 751 τοὺς
2617 686 2819 751 αἰῶνας
2862 686 2971 739 τῶν
3009 686 3236 740 αίὼνων.
3286 688 3343 739 '0
3372 702 3491 757 χορ.
3563 686 3759 755 Ἀμήν.

580 787 749 843 Solita
798 787 1125 857 psalmorum
1162 784 1476 840 recitatione
1517 784 1629 851 jam
1678 782 1943 847 absoluta,
1989 782 2079 835 de-

2265 780 2322 832 ὐ
2358 778 2415 831 δέ
2438 777 2656 848 ταχθεὶς
2692 777 2921 850 μοναχὸς
2948 777 3284 847 κανονάρχης
3328 776 3465 847 μετά
3492 777 3593 847 τήν
3626 793 3766 846 συμ-

509 879 759 948 signatus
786 877 1084 930 monachus
1106 875 1474 938 canonarcha,
1507 884 1692 928 tonum
1741 871 1983 943 suggerit
2025 881 2081 927 et

2186 870 2472 942 πλήρωσιν
2496 870 2594 940 τῆς
2625 869 2886 941 συνήθους
2940 866 3273 938 στιχολογίας
3302 866 3449 937 λέγει
3490 868 3580 920 τὸν
3604 862 3762 937 ἦχον,

511 968 791 1037 psallimus
841 968 1084 1029 Domine,
1136 965 1388 1033 clamavi,
1430 963 1584 1034 juxta
1642 974 1826 1019 tonum
1893 964 1947 1016 in
1971 978 2079 1024 ,oc-

2188 962 2284 1016 καὶ
2327 961 2622 1031 ψάλλομεν,
2664 960 2871 1030 Κύριε,
2920 958 3212 1029 ἐκέκραξα,
3274 960 3353 1021 είς
3397 958 3488 1012 τὸν
3531 960 3765 1029 τυχόντα

514 1059 704 1115 toecbo
723 1070 1095 1115 occurrentem
1127 1082 1142 1097 -

2194 1048 2328 1124 ἦχον
2351 1052 2449 1123 τῆς
2476 1052 2779 1122 όκτωήχου.

600 1171 688 1226 89.
719 1169 902 1225 Contr.
926 1169 1177 1239 Snggerit
1203 1177 1381 1223 autem
1415 1168 1789 1239 canonarclies
1819 1177 2005 1239 tonum
2032 1165 2182 1239 illum
2223 1175 2373 1239 stans
2405 1167 2456 1217 in
2498 1164 2673 1218 medio
2707 1161 2969 1228 ecclesiae,
3004 1173 3062 1217 ut
3112 1177 3198 1217 me
3235 1162 3393 1217 docet
3447 1161 3767 1220 Philotbeus

523 1242 829 1312 patriarcha
875 1235 1499 1310 Constantinopolitanus
1521 1241 1574 1293 in
1608 1236 1805 1293 Ordine
1832 1236 1975 1291 sacri
2003 1235 2312 1293 ministerii.

586 1351 833 1408 Posthaec
884 1350 1140 1407 sacerdos
1186 1347 1270 1403 vel
1318 1347 1583 1403 diaconus
1635 1345 1714 1417 (ut
1766 1344 1936 1400 moris
1969 1353 2075 1415 est,

2262 1358 2395 1416 Εἶτα
2440 1363 2609 1433 θυμιᾷ
2646 1364 2675 1415 ό
2722 1361 2922 1434 ἱερεὺς,
2970 1359 3296 1431 Ιηδιάκονος,
3334 1361 3410 1426 ὡς
3459 1361 3579 1425 ἔθος
3626 1364 3766 1417 ἐστὶν

519 1445 643 1500 thus
667 1443 865 1510 adolet,
893 1453 1210 1499 consuetam
1240 1440 1506 1496 exhibens
1537 1439 1901 1494 reverentiam
1935 1437 2081 1491 anti-

2192 1452 2365 1506 ποιῶν
2412 1452 2511 1523 τήν
2570 1450 2774 1521 συνήθη
2853 1449 3141 1521 μετάνοιαν
3202 1451 3281 1523 τῷ
3349 1450 3766 1521 καθηγουμένῳ.

519 1536 632 1592 stiti
663 1534 747 1590 vel
786 1534 989 1591 abbati.
1026 1533 1137 1589 Nos
1170 1547 1297 1589 vero
1331 1532 1626 1589 reeitamus
1659 1529 1955 1586 versiculos
1984 1529 2082 1583 de-

519 1640 660 1685 cem.
688 1626 757 1681 ab
782 1625 933 1681 Educ
958 1638 989 1679 a
1018 1624 1285 1680 custodia.

2204 1543 2400 1665 Ἡμεῖς
2432 1542 2489 1596 δὲ
2530 1541 2763 1611 ἱστῶμεν
2797 1542 3009 1612 στίχους
3046 1547 3075 1593 ι’
3112 1542 3220 1596 ἀπὸ
3258 1542 3371 1608 τοῦ,
3409 1542 3675 1612 Ἐξάγαγε
3704 1545 3771 1597 ἐκ

2197 1632 2267 1685 φυ
2302 1630 2463 1683 ακης.

643 1665 660 1694 ,
688 1652 757 1681 δυ
782 1652 933 1681 nunc
958 1652 989 1679 Π
1018 1652 1285 1680 υιιδωυιᾰι.
2197 1652 2463 1685 γυηυ-ηιδτο

590 1736 681 1795 90.
710 1737 893 1794 COII.
927 1737 1024 1792 Est
1073 1738 1160 1792 hic
1205 1736 1431 1792 ultimus
1461 1737 1756 1791 versiculus
1791 1735 1980 1805 psalmi
2011 1749 2167 1796 cui;
2195 1742 2253 1805 ut
2296 1746 2424 1805 ergo
2470 1731 2773 1805 habeantur
2810 1731 3057 1805 versiculi
3109 1734 3297 1805 decem
3327 1772 3343 1798 ,
3383 1732 3775 1789 continuantur

521 1818 717 1891 ςεηευε
765 1823 861 1891 ρςς
912 1808 1365 1891 ηονριη..ιπίμ·ιοε
1414 1807 1714 1891 venientes
1768 1797 2298 1891 uisa-catenam}?
2323 1797 2587 1891 .53.:er
2610 1797 2804 1891 2-195%?
2858 1802 3775 1891 £E§_!'_'_“.-__d‘1°_‘1’.'9.'.'1:£391FFFF'

525 1886 716 1931 tantur
760 1868 860 1932 nisi
889 1877 1140 1932 versiculi
1160 1868 1317 1939 'octo,
1354 1868 1810 1941 quemadmodum
1854 1876 2039 1927 videre
2081 1868 2165 1927 est
2212 1886 2273 1927 ex
2323 1870 2539 1923 Memeis
2564 1908 2579 1931 ,
2621 1868 2708 1922 ubi
2744 1880 2797 1924 et
2852 1870 3105 1924 dicuntur
3138 1880 3259 1939 post
3292 1872 3411 1926 illos
3438 1873 3760 1937 versiculos,

525 1947 680 1994 uniti
712 1961 901 1994 var-sna
933 1946 1048 1994 sive
1094 1946 1333 1994 slicltera
1370 1945 1678 1994 Prosomma
1722 1956 1849 1994 tono
1886 1943 2050 1994 tertio
2080 1944 2221 1994 sicut
2264 1939 2357 1994 Ὠς
2378 1940 2623 1994 γενναῖον
2659 1939 2717 1991 ὲν
2750 1939 3037 1994 μάρτυσιν.
3066 1939 3216 1994 Scito
3243 1941 3505 1994 assiunari
3563 1950 3760 1993 tantuli:

523 1947 681 2015 psalli
712 1961 901 2002 versus
933 1946 1048 2001 sive
1094 1946 1333 2000 stichera
1370 1945 1678 2002 Prosomosa
1722 1956 1849 1999 tono
1886 1945 2050 1996 tertio
2080 1945 2121 1997 si

526 2017 1150 2099 quatuor,'setlntlieenda
1191 2016 1299 2099 bis,
1329 2026 1390 2097 ut
1416 2019 1525 2099 sint
1548 2016 1881 2099 quasiroeto,

2176 1956 2221 1996 ιι
2264 1945 2357 2002 Ὠς
2378 1945 2623 2008 γενναῖον
2659 1945 2717 1991 εν
2749 1945 3037 2012 μάρτυσιν.
3066 1945 3216 1994 Scito
3243 1945 3505 2009 assignari
3563 1950 3773 1993 tantmn

2176 2008 2481 2099 Missas-2
2506 2009 3095 2099 uuiferis,999919
3130 2010 3774 2099 ξιξξείνθυέιλρςξεξιδίίςτ

528 2078 691 2170 (bis.
732 2078 848 2170 s10
893 2085 1095 2170 Typico
1147 2078 1323 2166 autem
1364 2085 1519 2167 idem
1566 2078 1652 2170 "sic
1708 2081 2024 2163 exprimitur
2054 2102 2067 2137 :
2094 2083 2126 2136 ’1

2179 2100 2182 2123 ι
2214 2078 2390 2170 ταύτῃ
2420 2081 2486 2149 τῇ
2521 2080 2705 2170 ἡμέρα
2734 2078 2977 2170 ἱστῶμεῇ
3004 2080 3237 2170 στιχηρά
3272 2078 3346 2149 η’,
3373 2078 3777 2170 ’δευτεροῦντες

525 2156 688 2210 αὐτά.
726 2173 745 2207 ι
779 2154 891 2209 Hoc
942 2152 1032 2209 itie
1074 2155 1317 2209 canimus
1356 2154 1657 2211 versiculos
1711 2164 1855 2221 octo,
1903 2152 2052 2220 ipsos
2118 2175 2123 2203 ι

529 2225 744 2282 Menaeis
775 2224 1063 2291 habentur,
1097 2234 1156 2279 ut
1184 2225 1450 2295 sequitur.

2176 2152 2481 2223 tplicantes,
2518 2169 2537 2201 ι
2575 2152 2780 2204 Scilicet
2830 2152 3065 2204 Stichera
3127 2153 3214 2204 illa
3260 2161 3495 2220 quatuor
3541 2164 3662 2218 qua:
3719 2152 3774 2202 in

595 2339 685 2396 9i.
758 2338 1123 2396 Instrumenta
1191 2339 1429 2409 gratiae;
1504 2337 1735 2407 Spiritus
1806 2326 2175 2404 citharas;B

2270 2336 2350 2390 Τά
2398 2335 2497 2407 τῆς
2534 2334 2757 2405 χάριτος
2788 2332 3015 2406 δργανα,
3047 2333 3148 2398 τάς
3183 2333 3415 2407 κιθάρας
3461 2333 3555 2388 τοῦ
3605 2335 3780 2388 Πνεύ-

529 2432 771 2502 insignes
802 2430 1079 2500 Evangelii
1111 2430 1302 2485 tubas:
1332 2431 1624 2486 terrillcntn
1656 2443 1710 2485 et
1742 2430 1909 2485 altum
1947 2445 2097 2484 reso-

2201 2445 2389 2501 ματος,
2422 2428 2520 2492 τὰς
2547 2427 2819 2499 εὐσήμους
2840 2426 3146 2495 σάλπιγγας
3169 2427 3262 2481 τοῦ
3283 2426 3658 2500 κηρύγματος,
3682 2429 3782 2491 td;

531 2524 717 2579 nantia
750 2524 804 2579 in
836 2524 972 2580 caelo
1004 2524 1262 2591 tonitrua,
1288 2524 1489 2595 Deique
1511 2525 1743 2596 gloriam
1770 2526 2097 2579 annuntian-

2199 2520 2426 2595 φοὸερὺν
2454 2521 2547 2575 καὶ
2574 2518 2900 2585 ἐξάκουστον
2931 2520 2991 2585 ἐξ
3037 2519 3204 2590 ὕψους
3246 2521 3487 2592 ἡκούσας
3525 2520 3778 2593 βροντὰς.

530 2616 604 2671 tia
632 2614 829 2671 ﬁnibus
856 2625 1043 2681 terrae;
1074 2630 1354 2685 praecones
1384 2615 1705 2683 trigeminos
1741 2628 1950 2681 magna:
1980 2614 2099 2667 Tri-

2199 2615 2293 2667 καὶ
2312 2614 2411 2683 τὴν
2438 2613 2593 2676 δόξαν
2621 2612 2713 2665 τοῦ
2729 2612 2864 2665 Θεοῦ
2885 2612 3257 2681 γνωριζούσας
3270 2616 3385 2677 τοῖς
3408 2614 3629 2685 πέρασι·
3652 2614 3781 2676 τοὺς

536 2709 745 2774 uitatis,
769 2705 1036 2762 Joannem
1068 2717 1123 2761 et
1146 2705 1410 2761 Basilium
1463 2718 1585 2759 cum
1626 2701 1895 2776 Gregorio
1942 2706 2102 2776 digne

2199 2702 2348 2772 τρεῖς
2378 2700 2626 2770 κήρυκας
2655 2698 2755 2769 τῆς
2814 2698 3057 2769 μεγάλης
3103 2700 3351 2770 Τριάδος,
3402 2700 3656 2769 Ἰωάννην
3684 2701 3782 2752 καὶ

535 2797 882 2851 bonoremus.
913 2795 1024 2851 Bis.

2202 2791 2480 2847 Βασίλειον
2536 2790 2701 2851 ἀξίως
2745 2791 2842 2843 σὺν
2882 2790 3166 2851 Γρηγορίῳ
3215 2791 3556 2851 τιμήσωμεν.
3602 2790 3714 2851 Δίς.

602 2810 882 2851 noremus.
913 2795 1024 2851 Bis.

602 2888 692 2945 92.
742 2886 1031 2945 Trinitatis
1072 2898 1545 2959 propugnatores;
1592 2889 1812 2959 pietatis
1859 2886 2103 2943 del‘enso—

2202 2791 2480 2847 Βασίλειον
2536 2789 2701 2856 ἀξίως
2745 2791 2842 2843 σὺν
2882 2790 3166 2861 Γρηγορίῳ
3215 2791 3556 2861 τιμήσωμεν.
3602 2790 3715 2853 Δίς.

2268 2885 2378 2955 Τῆς
2419 2882 2645 2955 Τριάδος
2680 2882 2729 2936 οἱ
2782 2880 3076 2953 πρόμαχοι,
3112 2879 3391 2943 εὐσεϐείας
3421 2880 3472 2932 οἱ
3504 2879 3781 2949 πρόόολοι,

537 2996 658 3048 res;
701 2989 823 3051 post
873 2980 995 3036 illos
1026 2980 1307 3035 duodecim
1338 3019 1355 3045 ,
1405 2990 1518 3035 tres
1564 2980 1824 3051 apostoli;
1879 2979 2101 3035 ﬂumina

2201 2978 2251 3030 oi
2288 2976 2425 3047 μετά
2458 2976 2582 3038 τοὺς
2616 2975 2822 3029 δώδεκα
2872 2977 3023 3047 τρεῖς
3074 2972 3380 3037 ἀπόστολοι,
3424 2973 3472 3025 οἱ
3508 2971 3569 3036 ἐξ
3623 2972 3785 3043 Ἐδὲμ

535 3085 731 3141 aquam
760 3070 937 3125 vivam
994 3071 1244 3126 vehentia
1288 3086 1355 3126 ex
1414 3070 1607 3137 Edem,
1637 3081 1693 3125 et
1722 3070 1913 3125 faciem
1946 3081 2106 3125 terra:

2204 3065 2591 3130 ἀναϐλύζοντες
2613 3066 2674 3118 τὸ
2706 3065 2813 3129 ζῶν
2842 3066 2986 3138 ὕδωρ
3010 3066 3267 3138 ποταμοὶ,
3289 3064 3384 3119 καὶ
3398 3064 3457 3117 to
3490 3063 3785 3136 πρόσωπον

535 3164 716 3220 divino
744 3178 809 3220 ac
844 3162 1056 3220 vivlﬂco
1097 3161 1242 3218 ﬂuxu
1280 3164 1551 3233 rigantia;
1587 3177 1780 3231 magna
1813 3161 2102 3227 elementa,

2203 3157 2305 3228 τῆς
2355 3158 2459 3227 γῆς
2485 3155 2815 3229 ζωηρρύτως
2860 3159 3167 3223 ποτίζοντες
3212 3158 3377 3222 θείοις
3411 3156 3663 3229 ῥεύμασι·
3716 3154 3785 3208 τὰ

539 3255 696 3310 tidem
746 3253 909 3309 veluti
968 3254 1207 3323 aliquam
1240 3253 1501 3309 fabricam
1536 3252 1948 3319 constituentia,
1978 3252 2103 3321 jure

2208 3248 2419 3322 μεγάλα
2442 3251 2699 3318 στοιχεῖα,
2723 3247 2793 3301 τά
2823 3247 2918 3319 τὴν
2947 3249 3123 3303 πίστιν
3144 3250 3329 3320 ὥσπερ
3346 3250 3520 3303 κτίσιν
3543 3246 3782 3301 συστῶν-

538 3347 733 3402 merito
756 3346 1111 3404 honorentur.
1150 3344 1259 3401 Bis.

2203 3360 2294 3406 τα,
2332 3341 2628 3406 ἀξιοχρέως
2655 3339 3025 3406 τιμάσθωσαν.
3056 3341 3166 3403 Δίς.

607 3358 733 3402 ιτιιο
759 3358 1111 3404 nonorentur.
1152 3358 1259 3401 uis.
2203 3366 2205 3377 ι

607 3438 697 3495 93.
758 3438 871 3496 Non
918 3448 1045 3495 sunt
1078 3439 1337 3519 loquelae,
1374 3439 1568 3508 inquit,
1612 3451 1785 3508 neque
1826 3451 2106 3492 sermones

2203 3360 2294 3406 τα,
2332 3358 2628 3414 αςιοχρεως
2655 3358 3025 3413 τιμασσωσαν.
3056 3358 3167 3403 αις.

2278 3436 2391 3488 Οὐκ
2451 3436 2557 3488 είσὶ
2606 3434 2807 3500 λαλιαὶ,
2856 3433 2975 3488 οὐδὲ
3009 3433 3154 3502 λόγοι
3192 3432 3494 3502 λεγόμενοι,
3547 3425 3623 3485 ὧν
3666 3433 3786 3503 οὐχὶ

577 3544 765 3583 uorum
832 3543 938 3583 non
1001 3529 1291 3582 audiantur
1356 3543 1516 3583 voces
1576 3544 1787 3583 eorum.
1858 3526 1990 3581 Nam
2054 3528 2106 3579 in

2208 3525 2495 3578 ἀκούονται
2543 3527 2599 3578 αἱ
2634 3528 2809 3583 φωναὶ
2842 3526 3039 3581 αὐτῶν·
3078 3527 3158 3583 είς
3196 3526 3375 3578 πᾶσαν
3404 3524 3506 3583 γῆν
3531 3523 3640 3583 γάρ
3690 3524 3786 3576 καὶ

538 3544 765 3595 quorum
832 3543 938 3583 non
1001 3540 1291 3582 audiantur
1356 3543 1516 3583 voces
1576 3544 1787 3583 eorum.
1858 3540 1990 3581 nam
2054 3543 2106 3579 ιιι

538 3632 756 3673 omnem
815 3626 1016 3673 terram
1072 3628 1129 3673 et
1188 3634 1340 3675 mare
1394 3616 1597 3675 exivit‘
1631 3619 1858 3674 istorum
1924 3619 2108 3672 divino

542 3707 842 3764 alllatorum
897 3708 1129 3764 Numine
1156 3719 1211 3764 et
1242 3711 1566 3764 sapientium
1604 3709 1983 3764 maaistrorum
2016 3725 2107 3764 so-

2208 3540 2495 3578 ακουονται
2543 3540 2599 3578 αι
2634 3540 2809 3595 φωναὶ
2842 3540 3039 3581 αυτων·
3078 3540 3158 3589 εις
3196 3540 3375 3578 πασαν
3404 3540 3506 3594 γην
3531 3540 3640 3593 γαρ
3690 3540 3787 3576 και

2214 3617 2487 3670 θάλασσαν
2516 3619 2545 3669 ό
2575 3616 2809 3687 φθόγγος
2840 3619 3101 3691 ἐξέδραμε
3132 3618 3241 3673 τῶν
3260 3618 3454 3672 ἐνθέων
3476 3618 3573 3672 καὶ
3608 3618 3788 3687 σοφῶν

2211 3708 2545 3763 διδασκάλων
2604 3708 2703 3764 τῆς
2750 3710 2997 3764 κτίσεως·
3065 3709 3187 3763 ὃθεν
3218 3710 3413 3764 ἀοιστα
3462 3714 3576 3764 τοῖς
3608 3707 3788 3764 αὐτῶν

542 3707 842 3765 alllatorum
897 3708 1129 3766 Numine
1156 3719 1211 3765 et
1242 3711 1566 3766 sapientium
1604 3709 1983 3766 maaistrorum
2016 3725 2107 3764 so-
2139 3707 2140 3711 “

2211 3708 2545 3763 διδασκάλων
2604 3708 2703 3766 τῆς
2750 3710 2997 3766 κτίσεως·
3065 3709 3187 3763 ὃθεν
3218 3710 3413 3766 ἄριστα
3462 3714 3576 3766 τοῖς
3608 3707 3787 3764 αὐτῶν

546 3710 842 3765 alllatorum
897 3710 1129 3766 Numine
1156 3719 1211 3765 et
1242 3711 1566 3782 sapientium
1604 3710 1983 3781 magistrorum
2016 3725 2107 3764 so-
2139 3710 2144 3718 ’

546 3816 647 3856 nus
682 3820 696 3856 :
734 3802 874 3857 unde
898 3802 1135 3873 ipsorum
1169 3802 1378 3873 legibus
1397 3803 1598 3872 optime
1633 3802 1687 3856 in
1734 3801 1857 3858 ﬁdei
1886 3801 2107 3875 integri.

2211 3710 2545 3763 διδασκάλων
2604 3710 2703 3778 τῆς
2750 3710 2997 3771 κτίσεως·
3065 3710 3187 3763 ὃθεν
3218 3710 3413 3783 ἄριστα
3462 3714 3576 3774 τοῖς
3608 3710 3788 3764 αὐτῶν

2212 3801 2375 3865 θείοις
2407 3800 2593 3873 νόμοις
2634 3802 3021 3871 συγκρατεῖται
3051 3802 3143 3854 καὶ
3184 3801 3463 3872 συνέχεται
3496 3801 3631 3873 πρὸς
3661 3801 3788 3872 μίαν

498 3898 507 3905 ’
546 3902 655 3948 tate
689 3894 1033 3949 continentur
1066 3904 1121 3951 et
1148 3906 1539 3951 conservantur
1586 3895 1721 3953 lines
1749 3897 1899 3955 orbis
1932 3908 2096 3955 terrae

546 3982 662 4041 Bis.

1417 3906 1539 3951 ntur
1586 3895 1721 3953 lines
1749 3897 1899 3955 orbis
1932 3908 2108 3955 terrae.
2210 3891 2516 3963 ὀρθοδοξίαν
2539 3891 2608 3945 τὰ
2641 3891 2873 3963 πέρατα.
2902 3891 3011 3956 Δις-

616 4074 733 4131 94.
766 4073 1001 4146 Spiritus
1038 4090 1277 4148 organa,
1319 4078 1564 4135 veritatis
1606 4079 1866 4135 buccinas
1894 4118 1911 4145 ,
1949 4078 2114 4137 Verbi

2285 4065 2367 4118 Τά
2399 4064 2493 4118 τοῦ
2522 4063 2837 4136 Πνεύματος
2871 4067 3098 4138 ὄργανα,
3134 4067 3391 4139 ἀληθείας
3420 4068 3519 4133 τὰς
3558 4068 3788 4137 σάλπιγ-

546 4164 643 4225 Dei
675 4176 920 4223 oratores
952 4168 1088 4223 lactis
1126 4183 1519 4239 prosequamur
1544 4171 1801 4237 canticis;
1839 4180 1895 4227 et
1918 4186 2105 4227 eorum

2213 4172 2340 4224 γας,
2372 4157 2497 4219 τοὺς
2525 4155 2618 4210 τοῦ
2659 4157 2834 4225 Λόγου
2857 4160 3113 4228 ῥήτορας,
3141 4159 3547 4229 εὐφημήσωμεν
3587 4163 3789 4227 φωναῖς

546 4257 800 4327 dogmata
825 4268 1135 4328 sequentes,
1159 4260 1456 4329 rogitemus
1490 4275 1586 4316 eos
1613 4261 1906 4330 supplices,
1928 4271 1983 4315 ut
2013 4277 2110 4331 pro

2215 4248 2497 4317 ᾀσμάτων,
2515 4250 2627 4311 τοῖς
2643 4246 2820 4301 αὐτῶν
2848 4248 2897 4301 οἱ
2919 4247 3189 4319 ἑπόμενοι·
3213 4249 3541 4312 ἱκετεύοντες
3569 4250 3786 4313 αὐτοὺς,

547 4358 636 4408 ea,
664 4359 825 4414 quam
856 4344 1056 4401 habent
1109 4347 1253 4417 apud
1286 4347 1569 4403 Dominum
1598 4388 1613 4414 ,
1648 4347 1866 4413 ﬁducia,
1924 4359 2113 4420 petant

2216 4340 2528 4413 παρρησίαν
2555 4341 2632 4404 ὡς
2678 4340 2898 4411 ἔχοντας
2927 4340 3062 4413 πρὸς
3087 4341 3179 4395 τὸν
3216 4341 3441 4413 Κύριον,
3479 4341 3787 4414 δωρηθῆναι

550 4433 761 4489 llrmam
810 4450 996 4504 pacem
1058 4437 1113 4492 in
1172 4444 1492 4508 perpetuum
1527 4439 1728 4495 mundo
1764 4439 1882 4495 dari
1915 4478 1930 4505 ,
1963 4441 2115 4497 nobis

553 4534 735 4580 autem
767 4525 999 4579 veniam.
1028 4524 1144 4582 Bis.

2215 4433 2435 4505 είρήνην
2467 4432 2746 4505 σταθηράν
2788 4433 2886 4503 μὲν
2913 4435 2992 4496 εἰς
3028 4434 3115 4487 ἀεὶ
3142 4437 3208 4504 τῇ
3239 4434 3550 4507 οἰκουμένῃ,
3577 4438 3707 4506 ήμίν
3734 4435 3789 4488 δέ

2217 4522 2729 4582 πᾶσισυγγώρησιν.
2777 4524 2886 4582 Δίς.

982 4560 999 4579 ο
1028 4540 1144 4582 HIS.
2217 4540 2349 4578 πασι
2367 4540 2729 4582 συγγωρησιν.
2777 4540 2886 4582 Δις.

767 4540 999 4579 veniam.
1028 4540 1144 4582 HIS.
2217 4540 2349 4578 πασι

753 4615 959 4671 Gloria.
1422 4619 1605 4674 Tonus
1641 4621 1891 4692 obliquus
1918 4622 1972 4676 2.

2217 4540 2729 4593 πασισυγχωρησιν.
2777 4540 2886 4587 Δις.

2430 4612 2585 4677 Δόξα.
3282 4617 3425 4686 Ηχος
3458 4616 3547 4669 πλ.
3582 4615 3646 4687 β’.

650 4706 738 4762 95.
794 4706 1047 4778 Mysticas
1090 4706 1250 4761 hodie
1287 4709 1622 4767 celebremus
1668 4710 1898 4779 Spiritus
1941 4712 2115 4775 tubas,

2286 4706 2397 4769 Τάς
2430 4704 2697 4775 μυστικὰς
2736 4707 2975 4776 σήμερον
3006 4706 3099 4760 τοῦ
3134 4708 3448 4777 Πνεύματος
3464 4709 3787 4778 σάλπιγγας,

552 4799 664 4856 Deo
689 4800 937 4870 impletos
969 4799 1177 4865 Patres,
1206 4801 1510 4859 modulatos
1533 4803 1585 4857 in
1624 4803 1804 4859 medio
1854 4803 2117 4859 Ecclesia:

2223 4797 2349 4859 τοὺς
2372 4794 2662 4867 θεοφόρους
2680 4796 2928 4868 Πατέρας
2953 4798 3157 4868 ἀνευφή
3167 4814 3446 4868 μησωμεν,
3467 4800 3593 4863 τοὺς
3621 4800 3789 4871 μελῳ-

552 4892 875 4947 concinnum
900 4890 1180 4962 theologia
1208 4893 1375 4948 melos
1397 4932 1412 4957 ,
1446 4894 1654 4951 scilicet
1680 4910 1841 4950 unam
1873 4894 2122 4950 Trinita-

2220 4886 2486 4958 δήσαντας
2516 4889 2572 4939 ἐν
2605 4886 2755 4957 μέσῳ
2790 4888 2888 4957 τῆς
2931 4886 3254 4958 Ἐκκλησίας
3289 4888 3447 4959 μέλος
3474 4890 3787 4961 ἐναρμονίου

554 4993 664 5039 tem
722 4981 1132 5046 immutabilem,
1163 4984 1565 5051 essentiamque
1617 5001 1681 5041 ac
1727 4986 2069 5042 divinitatem
2100 5002 2152 5068 ς⁴

2192 5022 2197 5057 γ
2224 4977 2523 5046 θεολογίας,
2550 4977 2755 5048 Τριάδα
2788 4979 2916 5049 μίαν
2950 4978 3368 5049 ἀπαράλλακτον
3386 4978 3573 5033 οὐσίαν
3604 4997 3664 5033 τε
3697 4984 3790 5037 καὶ

551 5074 851 5134 domitores
872 5075 1009 5140 Arii,
1041 5082 1098 5128 et
1127 5076 1553 5131 orthodoxorum
1576 5079 1977 5147 antesignanos,
1992 5095 2122 5135 con-

2221 5067 2468 5136 θεότητα,
2498 5069 2621 5130 τοὺς
2651 5067 2983 5137 καθαιρέτας
2998 5068 3205 5139 Ἀρείου
3227 5068 3318 5120 καὶ
3342 5068 3636 5139 όρθοδόξων
3660 5088 3790 5141 προσ

554 5168 791 5221 tinenter
816 5175 1033 5222 orantes
1074 5164 1383 5233 Dominum,
1404 5176 1463 5221 ut
1482 5178 1788 5226 nostrarum
1821 5171 2121 5225 animarum

2221 5160 2449 5232 μάχους,
2472 5158 2598 5221 τοὺς
2616 5157 3016 5228 πρεσϐεύοντας
3045 5159 3273 5212 πάντοτε
3295 5160 3484 5230 Κυρίῳ
3509 5161 3786 5233 ἐλεηθῆναι

556 5256 892 5312 miserescat.

2213 5250 2311 5312 τὰς
2339 5250 2515 5312 ψυχὰς
2533 5249 2707 5312 ἡμῶν⁹

767 5266 892 5312 tcat.
2213 5250 2311 5315 τὰς
2339 5250 2365 5320 li

767 5346 831 5401 Et
862 5361 1026 5402 nunc.
1740 5351 1979 5407 Mariale.

2213 5250 2311 5315 τὰς
2339 5250 2515 5321 ψυχὰς
2533 5250 2708 5321 ἡμῶν.

2416 5342 2529 5397 Καὶ
2553 5341 2668 5395 νῦν.
3348 5340 3652 5396 Θεοτόκιον.

628 5434 715 5489 θθ.
787 5435 918 5502 Quis
971 5446 1045 5504 te,
1098 5437 1262 5509 Virgo
1316 5439 1706 5505 sanctissima,
1756 5457 1861 5496 non
1906 5444 2120 5498 beatam

2288 5436 2385 5499 Τίς
2418 5435 2492 5505 μὴ
2539 5436 2833 5505 μακαρίσει
2880 5450 2962 5496 σε,
2994 5433 3232 5500 παναγία
3266 5433 3544 5504 11αρθένε;
3586 5434 3683 5497 Τίς
3718 5438 3788 5506 μὴ

558 5528 815 5596 praedicet
843 5528 866 5581 τ
898 5527 1031 5594 Quis
1061 5545 1165 5583 non
1201 5530 1438 5585 celebret
1491 5540 1640 5586 tuum
1675 5532 1794 5586 sine
1829 5534 1965 5588 virili
2020 5550 2122 5602 ope

2224 5528 2523 5597 ἀνυμνησει
2556 5540 2651 5577 σου
2682 5524 2771 5577 τὸν
2793 5524 3076 5593 ἀλόχευτον
3098 5522 3282 5586 τόκους
3323 5523 3380 5575 Ὀ
3408 5524 3517 5594 γάρ
3552 5524 3788 5595 ἀχρόνως

560 5627 775 5687 partum
803 5620 827 5671 ?
875 5617 1083 5689 Quippe
1110 5626 1201 5687 qui
1256 5632 1382 5676 ante
1413 5638 1574 5678 omne
1607 5634 1816 5692 tempus
1864 5640 1929 5678 ex
1964 5624 2121 5681 Patre

2226 5618 2288 5669 ἐκ
2313 5616 2525 5685 Πατρδς
2558 5614 2839 5685 ἐκλάμψας
2869 5614 2994 5678 Υἱὸς
3035 5614 3343 5684 μονογενὴς,
3372 5616 3401 5666 ό
3428 5614 3585 5677 αὐτὸς
3609 5617 3671 5666 ἐκ
3699 5612 3787 5665 σοῦ

562 5707 762 5763 εσυΙιίι
784 5709 953 5765 Filius
982 5713 1310 5783 unigenitus,
1341 5713 1430 5768 illo
1460 5715 1599 5770 idem
1622 5728 1687 5769 ex
1719 5722 1792 5780 te,
1812 5717 2120 5784 purissima,

2225 5708 2325 5777 τῆς
2374 5706 2543 5775 ἁγνῆς
2577 5703 2861 5776 προῆλθεν,
2918 5704 3210 5773 ἀφράστως
3264 5702 3585 5775 σσρκωθείς·
3636 5700 3788 5770 φύσει

564 5793 822 5864 prodivit,
849 5794 1187 5855 inetl'abiliter
1213 5796 1564 5861 incarnatus;
1602 5807 1792 5853 natura
1826 5797 1963 5854 Deus
1989 5799 2121 5854 exsi-

2228 5799 2357 5861 Θεὸς
2406 5797 2685 5867 ὑπάρχων,
2733 5796 2824 5851 καὶ
2863 5794 3018 5864 φύσει
3066 5793 3352 5865 γενόμενος
3397 5793 3681 5864 ἄνθρωπος
3727 5792 3789 5845 δι’
