4046 6460
1336 416 1720 472 ACOLL'THIA
1760 417 2097 474 TRIPLICIS
2142 420 2357 478 FESTI.

3205 433 3489 474 CCCXXX'II

232 539 404 610 ἡμᾶς’
438 538 538 592 οὐκ
576 540 654 602 είς
679 537 843 589 δυάδι
870 553 1177 607 προσωπων
1213 537 1568 606 τεμνόμενος.
1603 539 1717 592 ἀλλ’
1756 543 1807 593 ἐν

1922 551 2109 602 stens,
2141 548 2195 593 et
2256 551 2442 594 natura
2498 539 2669 594 factus
2725 542 2887 595 homo
2938 546 3155 607 propter
3201 552 3339 599 nos;
3379 551 3484 592 non

230 630 387 685 δυάδι
420 633 632 700 φύσεων
680 629 999 699 ἀσυγχύτως
1038 628 1455 701 γνωριζόμενος.
1493 628 1663 682 Αὑτὸν
1701 634 1811 685 ἱκέ-

232 737 379 783 τευε,
437 721 608 791 σεμνὴ
659 720 1087 789 παμμακάριστε
1161 719 1448 772 sier-(ﬁniat
1489 721 1587 783 τὰς
1640 721 1812 788 thr/31;

232 813 418 882 ἡμῶν.

1923 630 1972 681 in
2029 632 2163 684 duas
2197 630 2403 686 divisus
2434 644 2735 700 personas,
2764 630 2857 686 sed
2917 628 2969 683 in
3020 626 3229 684 duabus
3273 629 3482 683 naturis

1924 721 2380 777 inconfusibiliter
2408 722 2834 794 cognoscendus.
2876 722 3029 778 Hunc
3070 734 3163 773 ora
3191 759 3206 785 ,
3246 736 3277 774 ο
3313 734 3479 789 augu-

1920 825 2002 866 sta
2036 826 2090 869 et
2120 814 2458 880 beatissima,
2497 825 2553 870 ut
2590 822 2897 869 nostrarum
2958 814 3266 870 animarum
3320 812 3477 865 mise-

1920 910 2067 953 reatu
2077 917 2121 961 r.

306 994 396 1047 97.
430 989 576 1043 liabc
610 990 719 1060 jam
764 990 955 1045 iterum
991 996 1153 1045 verba
1192 988 1401 1060 Typici,
1432 1002 1488 1045 ut
1522 990 1722 1051 discas.
1755 1008 1873 1060 qua:
1911 994 2043 1048 llant
2085 1008 2207 1065 post
2233 995 2516 1051 decantata
2561 997 2674 1051 hazc
2704 995 2937 1050 stichera
2973 1013 2987 1049 :

320 1087 648 1157 ’Δπέρχεται
679 1090 706 1141 6
738 1088 915 1158 ἱερεὺς
950 1088 1043 1140 xui.
1090 1088 1117 1137 6
1154 1084 1397 1149 διάκονος
1422 1128 1436 1150 ,
1481 1086 1573 1138 καὶ
1607 1088 1818 1141 ποιοῦσι

237 1179 529 1250 μετάνοιαν
573 1181 649 1250 τῷ
677 1180 1001 1250 προεστῶτι.
1033 1177 1064 1246 ἦ
1090 1178 1167 1240 είς
1199 1176 1290 1230 τὸν
1336 1179 1497 1231 τόπον
1527 1176 1711 1243 αὐτοῦ,
1746 1179 1819 1242 ὡς

234 1270 582 1342 προείρηται,
614 1270 705 1321 καὶ
728 1270 1052 1320 ἀλλάσσουσι
1082 1267 1179 1340 τὴν
1212 1269 1495 1339 ἱερατικὴν
1537 1267 1730 1341 στολὴν
1760 1274 1816 1324 ἐν

232 1362 313 1433 τῷ
339 1360 650 1430 διακονικῷ.
694 1360 802 1413 Καὶ⁴
832 1358 1136 1424 ἐξελθόντες
1167 1362 1225 1413 ὲν
1246 1360 1323 1430 τῷ
1350 1359 1461 1428 ναῷ
1489 1359 1814 1415 εἰσοδεύουσι

234 1452 379 1523 μετὰ
409 1452 503 1504 τοῦ
537 1450 822 1522 Ουμιατοῦ,
847 1450 954 1503 τῶν
996 1450 1297 1522 λαμπάδων
1328 1451 1814 1521 προπορευομένων

232 1544 453 1608 αὐτούς.
482 1545 543 1597 Οἱ
573 1545 629 1599 δὲ
662 1545 881 1613 ἀδελφοὶ
911 1545 1109 1606 πάντες
1141 1540 1618 1606 ἀποσκεπάζονται
1653 1546 1805 1598 ἑνου-

234 1636 417 1705 μὲνων
438 1636 546 1689 τῶν
566 1636 657 1690 δύο
691 1636 885 1707 χορῶν.

1988 1087 2259 1146 Secedunt
2313 1095 2566 1146 sacerdos
2615 1101 2670 1145 et
2714 1092 2972 1146 diaconus
3026 1089 3338 1161 faciuntque
3402 1101 3486 1139 re-

1915 1182 2213 1234 verentiam
2240 1183 2477 1251 praesidi,
2501 1191 2595 1237 aut
2618 1196 2808 1235 versus
2850 1181 3016 1249 ipsius
3046 1178 3242 1245 locum,
3273 1189 3329 1232 ut
3358 1189 3484 1232 ante

1915 1268 2115 1323 dictum
2155 1281 2259 1334 est,
2292 1280 2347 1325 et
2377 1281 2585 1325 mutant
2616 1285 2830 1326 sacram
2870 1270 3065 1323 stolam
3097 1268 3149 1322 in
3177 1267 3479 1321 diaconico.

1914 1360 1977 1414 Et
2015 1371 2276 1417 exeuntes
2328 1364 2393 1418 ad
2438 1365 2691 1434 templum
2747 1364 3030 1417 introeunt
3075 1376 3196 1415 cum
3240 1360 3480 1422 incenso,

1910 1455 2339 1523 prmcedentibus
2388 1456 2533 1525 ipsos
2593 1456 2957 1526 lampadibus.
3016 1451 3237 1507 Fratres
3302 1462 3483 1505 autem

1913 1559 2104 1600 omnes
2133 1556 2408 1615 teguntur,
2443 1547 2494 1600 in
2526 1562 2688 1600 unum
2728 1548 3051 1603 coeuntibus
3098 1543 3308 1599 duobus
3348 1544 3483 1599 cho-

1918 1653 2013 1692 τις.

307 1728 395 1783 98.
427 1730 605 1786 Coms.
638 1730 785 1795 Quod
825 1744 921 1783 nos
954 1747 972 1779 s
1003 1725 1305 1779 sacristiam
1339 1744 1357 1777 ι
1392 1724 1739 1794 appellamus.
1768 1746 1787 1779 ι
1820 1730 2159 1784 diaconicmn
2205 1747 2223 1780 s
2259 1728 2464 1785 Graecis
2494 1730 2693 1784 dicitur
2720 1745 2735 1782 :
2776 1729 2897 1783 ideo
2927 1726 3178 1789 fortasse.
3206 1726 3347 1794 quod
3364 1725 3483 1783 dis-

232 1815 495 1854 conorum
528 1803 775 1869 primitus
802 1799 1023 1869 essetin
1059 1810 1114 1850 ec
1152 1796 1308 1869 sedes
1340 1806 1394 1849 et
1414 1810 1731 1869 consessus;
1776 1798 1859 1869 vel
1888 1802 2086 1865 potius,
2121 1802 2263 1869 quod
2311 1801 2396 1855 hic
2426 1802 2576 1855 locus
2606 1814 2793 1854 eorum
2826 1813 2973 1852 cura:
3016 1798 3284 1869 praecipue
3323 1813 3479 1851 com-

235 1872 435 1925 missus
471 1866 650 1923 fuerit.
694 1868 749 1920 In
783 1882 847 1938 eo
897 1866 1039 1938 enim
1082 1880 1186 1919 non
1217 1867 1405 1938 solum
1450 1881 1569 1934 qua!
1609 1867 1672 1938 ad
1705 1868 1952 1923 ecclesiae
1996 1866 2215 1924 vasa—et
2244 1872 2611 1925 sacerdotales
2642 1879 2819 1924 vestes
2847 1877 3117 1938 spectant,
3163 1867 3478 1938 priusquam

231 1957 391 1994 sacra
426 1945 778 2007 perageretur
804 1936 1047 2007 tliturgia,
1081 1950 1172 1989 seu
1198 1936 1435 2007 divinum
1468 1951 1530 1990 ac
1554 1935 1991 2007 ecclesiasticum
2018 1940 2281 2003 cilicium,
2319 1942 2504 1993 munia
2548 1940 2778 1994 obibant
2804 1935 3054 2004 diaconi;
3078 1936 3172 1991 sed
3199 1946 3253 1990 et
3292 1936 3478 1989 cousio

230 2005 438 2064 debant
477 2005 578 2076 pro
608 2006 843 2060 muneris
899 2008 984 2077 sui
1031 2007 1260 2077 ratione.
1330 2005 1577 2077 lsidorus
1637 2006 1904 2060 Mercator
1944 2009 2258 2063 Διακονικόν
2294 2027 2312 2060 ι
2348 2011 2701 2063 secretarium
2740 2027 2758 2059 ι
2795 2009 2996 2072 vertit;
3045 2016 3100 2062 et
3142 2014 3480 2077 congruente

228 2080 449 2146 quidem
476 2074 770 2147 Agatliensi
812 2075 1064 2147 concilio,
1112 2076 1265 2147 cujus
1319 2074 1388 2129 66
1418 2090 1619 2147 canon_
1641 2077 1726 2129 hic
1776 2086 1898 2147 est:
1929 2097 1947 2127 ‹

1982 2079 2241 2145 Quoniam
2284 2094 2392 2134 non
2450 2086 2663 2147 oportet
2742 2078 3044 2132 insacratos
3092 2075 3370 2130 ministros
3417 2075 3482 2129 li-

229 2143 469 2222 centiam
529 2143 744 2222 habere
805 2145 862 2222 in
926 2143 1280 2222 secretarium
1350 2145 1517 2222 (quod
1582 2143 1756 2199 Graaci
1829 2143 2144 2222 diaconicon
2203 2143 2806 2222 appellantiingredi_
2843 2156 2906 2222 ett
2957 2147 3273 2212 contingere
3338 2160 3467 2201 vasa

233 2218 535 2273 llominica.
590 2236 607 2269 ι
656 2214 819 2284 Atqui
872 2231 890 2265 ι
944 2214 1309 2286 secretarium
1369 2232 1396 2286 ιΔ
1431 2212 1571 2286 idem
1614 2218 1958 2286 est,g_quodi
1987 2218 2125 2286 apud
2177 2212 2287 2271 no's'
2331 2238 2349 2271 ι
2394 2212 2648 2275 εοόιιίειίιῖ
2716 2236 2736 2269 ι
2793 2217 3026 2273 barbare
3079 2223 3474 2286 utine-tipatur:

228 2292 296 2343 de
364 2304 471 2358 quo
521 2289 613 2357 qui
681 2281 911 2349 dubitat,
964 2286 1122 2337 adeat
1153 2282 1515 2358 Acardinalem”
1539 2281 1683 2338 Bona
1729 2281 1823 2338 lib;
1876 2302 1890 2340 ι
1935 2281 2125 2341 Rerum
2190 2288 2551 2358 liturgicarum
2594 2303 2714 2358 cap.
2763 2287 2855 2351 ει,
2914 2303 3063 2343 num.
3116 2284 3193 2358 2,
3226 2281 3475 2358 Aiaxew:

228 2359 331 2412 κόν
363 2352 561 2423 ιΞιιιιειι,
591 2358 733 2413 sicut
761 2366 815 2413 et
848 2372 867 2408 ι
905 2353 1259 2411 secretarium
1297 2372 1316 2404 ι
1348 2354 1401 2409 in
1427 2352 1548 2408 aliis
1582 2362 1842 2423 praeterea
1879 2370 2174 2428 usurpatur
2214 2352 2729 2427 signiﬁcationibus,
2759 2373 2898 2429 quas
2928 2373 3036 2414 non
3064 2367 3150 2412 est
3180 2355 3344 2426 hujus
3365 2353 3473 2410 ioci

225 2430 520 2495 explicare.

304 2494 743 2568 99._lngressus
800 2506 977 2568 autem
1027 2494 1339 2568 sacerdotis
1388 2494 1440 2568 in
1489 2504 1784 2566 templum,
1815 2512 1991 2568 supra
2044 2496 2477 2568 descriptuswex
2512 2496 2743 2568 Typico,
2782 2511 2888 2552 non
2940 2494 3471 2568 estgsimplexuqui-

230 2568 362 2619 dam
403 2563 735 2638 ingressus;
786 2567 878 2619 sed
933 2566 1343 2638 ingressusqui
1400 2563 1637 2638 lit_cuin
1683 2567 1856 2623 sacris
1899 2563 2248 2638 'codicibos,
2293 2567 2491 2638 quibus
2536 2563 2761 2638 diacono
2795 2582 2826 2620 s
2870 2566 3153 2638 sacerdote
3190 2563 3444 2638 traditis,

225 2631 509 2708 egreditur
562 2635 651 2708 ille
699 2649 729 2688 e
774 2644 927 2703 porta
976 2631 1286 2697 diaconicii
1343 2644 1397 2687 et
1448 2636 1685 2688 elevatos
1734 2646 1859 2691 ante
1916 2637 2107 2708 faciem
2172 2631 2466 2702 deferens,
2517 2636 2881 2708 subsequente
2928 2637 3262 2708 sacerdote,
3323 2631 3463 2708 viam

226 2701 825 2777 quamdamsinuosam
860 2712 1041 2777 tenet;
1088 2717 1193 2777 qua
1250 2715 1531 2777 peragrata
1587 2713 1713 2758 ante
1776 2717 1996 2777 sanct_as
2040 2706 2184 2777 fores
2230 2718 2460 2777 uterque
2493 2701 2791 2771 sistit,'ut
2830 2708 3085 2777 sacerdos
3150 2701 3478 2777 recitetﬁqv

225 2770 460 2850 είςτόδον⁸
503 2774 776 2850 sommo
811 2782 971 2850 est_,__s
1017 2770 1272 2850 introitus
1306 2770 1605 2827 orationem
1627 2811 1643 2835 ,
1666 2792 1684 2825 s
1718 2788 1878 2843 quam
1909 2770 2535 2846 Constantinopoli'tanus
2560 2770 2866 2850 patriarcha
2900 2776 2959 2832 S.
2981 2774 3316 2835 Germanus,
3355 2770 3475 2830 loco

224 2855 389 2899 antea
416 2843 600 2913 citato,
624 2843 787 2900 nobis
809 2843 1029 2900 exhibet
1046 2852 1099 2899 et
1128 2845 1199 2897 ita
1235 2854 1414 2899 sonat.

312 2937 604 3009 Ἐσπέρας,
664 2941 759 2992 καὶ
806 2937 970 3010 πρωῒ,
1007 2938 1101 2993 καὶ
1136 2937 1479 3011 μεσημϐρίας
1524 2937 1802 3009 αίνοῦμεν,

1980 2936 2102 2993 100.
2158 2937 2415 3007 Vespere,
2468 2946 2523 2994 et
2576 2955 2769 3007 mane,
2805 2950 2861 2996 et
2908 2939 3138 2996 meridie
3171 2939 3475 3003 laudamus.

224 3029 581 3101 εὐλογοῦμεν,
606 3030 1056 3101 εὐχαριστοῦμεν,
1081 3032 1174 3084 καὶ
1196 3030 1429 3100 δεόμεθά
1462 3047 1578 3095 σου,
1608 3030 1808 3084 Δέσπο-

224 3140 294 3176 τα
329 3122 437 3176 τῶν
463 3122 735 3184 ἁπάντων,
764 3121 1088 3175 κατεύθννον
1107 3122 1205 3194 τὴν
1234 3121 1539 3192 προσευχὴν
1565 3122 1719 3192 ἡμῶν
1734 3122 1808 3187 ὡς

227 3214 481 3284 Θυμίαμα
506 3213 729 3267 ἐνώπιόν
776 3229 889 3267 σου.
927 3212 1036 3266 Καὶ
1069 3212 1143 3283 μὴ
1181 3211 1436 3285 ἐκκλίνῃς
1457 3212 1555 3276 τὰς
1583 3212 1809 3284 καρδίας

226 3303 389 3376 ἡμῶν
416 3307 494 3367 εἶς
521 3303 707 3374 λόγους
737 3304 768 3375 ἢ
804 3306 883 3368 εἰς
904 3302 1196 3374 λογισμοὺς
1224 3302 1506 3374 πονηρίας,
1538 3301 1671 3355 ἀλλὰ
1700 3300 1810 3374 ρῦ-

228 3415 319 3453 σαι
341 3398 487 3467 ἡμᾶς
504 3398 567 3449 ὲκ
584 3396 798 3451 πάντων
826 3395 933 3448 τῶν
959 3395 1025 3465 Θη
1034 3395 1297 3464 ρευόντων
1312 3393 1410 3457 τὰς
1432 3392 1608 3465 ψυχὰς
1625 3395 1657 3466 ἡ
1668 3393 1803 3465 μῶν·

225 3490 312 3543 ὅτι
350 3487 486 3558 πρὸς
519 3488 598 3550 σὲ,
643 3487 836 3557 Κύριε,
868 3486 1062 3559 Κύριε,
1103 3487 1152 3539 οἱ
1178 3486 1444 3557 ὀφθαλμοὶ
1488 3485 1667 3557 ήμῶν,
1714 3488 1807 3541 καὶ

225 3582 323 3634 ἐπὶ
354 3580 435 3632 σοὶ
482 3577 807 3651 ⁴ἠλπίσαμεν·
868 3578 945 3651 μὴ
987 3575 1351 3649 καταισχύνῃς
1390 3578 1557 3647 ἡμᾶς,
1602 3580 1631 3631 6
1675 3577 1809 3641 Θεὸς

225 3672 409 3745 ἡμῶν.
436 3671 554 3726 Ὅτι
586 3673 783 3742 πρέπει
818 3672 900 3725 σοὶ
939 3672 1087 3724 πᾶσα
1124 3668 1272 3736 δόξα,
1320 3667 1456 3739 τιμὴ
1486 3667 1580 3721 καὶ
1635 3684 1807 3740 προσ-

226 3764 478 3835 κύνησις,
504 3763 581 3834 τῷ
602 3763 795 3831 Πατρὶ,
825 3763 919 3817 καὶ
948 3764 1025 3833 τῷ
1051 3762 1186 3834 Υίῷ,
1214 3762 1307 3815 καὶ
1352 3758 1429 3831 τῷ
1457 3758 1593 3831 ἁγίῳ
1629 3759 1805 3813 Ilvati-

229 3870 387 3925 ματι,
412 3854 506 3907 νῦν
536 3855 630 3907 καὶ
685 3854 794 3919 ἀεὶ,
821 3854 915 3907 καὶ
937 3856 1017 3918 είς
1054 3856 1178 3918 τοὺς
1217 3852 1419 3917 αἰῶνας
1444 3851 1553 3906 τῶν
1577 3850 1805 3907 αἰώνων.

240 3947 301 3998 Ἀ
309 3948 437 4018 μήν.

302 4032 436 4090 Εἶτα
467 4038 681 4108 εὐλογεϊ
706 4042 803 4111 τὴν
826 4038 1048 4104 εἴσοδον,
1076 4038 1253 4107 λέγων
1269 4053 1285 4069 ·

302 4128 654 4201 Εὐλογημένη
688 4132 721 4202 ἡ
755 4131 955 4195 εἴσοδος
986 4130 1091 4184 τῶν
1124 4131 1296 4199 ἁγίων
1324 4146 1418 4183 σου
1445 4128 1694 4193 πάντοτε,
1713 4128 1806 4183 νῦν

226 4222 327 4275 καὶ
356 4220 461 4285 ἀεὶ,
486 4221 597 4273 καί.

1910 3029 2303 3095 benedicimns,
2330 3030 2534 3101 gratias
2556 3030 2784 3102 agimus,
2810 3041 2862 3086 et
2891 3047 3109 3088 oramus
3136 3043 3209 3097 te,
3233 3035 3475 3087 omnium

1910 3118 2182 3176 Domine:
2210 3121 2380 3191 dirige
2411 3122 2715 3177 orationem
2742 3131 2986 3177 nostram
3026 3121 3165 3177 sicut
3193 3123 3475 3177 incensum

1911 3209 1963 3263 iu
1996 3220 2286 3279 conspectu
2348 3222 2479 3277 tuo;
2534 3224 2589 3268 et
2633 3230 2700 3269 ne
2729 3212 2955 3270 inclines
2989 3214 3153 3269 corda
3187 3222 3375 3269 nostra
3421 3213 3480 3268 in

1910 3302 2072 3356 verba
2104 3301 2187 3356 vel
2228 3302 2582 3373 cogitationes
2612 3307 2886 3373 nequitiae,
2920 3306 3013 3361 sed
3058 3305 3229 3361 libera
3283 3321 3381 3361 nos
3408 3306 3484 3360 ab

1907 3395 2159 3449 onmibus
2186 3394 2508 3451 venantibus
2550 3396 2766 3453 animas
2800 3405 3046 3452 nostras:
3084 3396 3211 3467 quia
3260 3397 3327 3451 ad
3397 3406 3471 3463 te,

1909 3487 2159 3553 Domine,
2186 3487 2435 3557 Domine,
2472 3489 2613 3545 oculi
2643 3490 2836 3556 nostri,
2860 3498 2916 3547 et
2946 3490 2996 3544 in
3025 3499 3076 3545 te
3102 3490 3438 3559 speravimus
3457 3506 3483 3556 ι

1909 3590 1976 3632 ne
2021 3576 2320 3634 confundas
2350 3594 2449 3635 nos
2473 3620 2489 3645 ,
2521 3580 2663 3635 Deus
2694 3590 2896 3637 noster.
2928 3580 3064 3648 Quia
3095 3584 3349 3637 convenit
3381 3582 3481 3636 tibi

1908 3669 2087 3723 omnis
2112 3669 2303 3739 gloria,
2336 3670 2510 3727 honor
2535 3681 2589 3726 et
2615 3672 2866 3729 adorstio
2888 3712 2905 3740 ,
2932 3671 3101 3741 Patrl,
3128 3682 3183 3729 et
3228 3672 3389 3737 Filio,
3421 3681 3478 3728 et

1911 3760 2139 3831 Spiritui
2173 3771 2397 3832 sancto,
2427 3779 2567 3821 nunc
2598 3773 2654 3821 et
2687 3779 2921 3837 semper,
2953 3774 3011 3822 et
3058 3765 3109 3821 in
3140 3764 3337 3821 saecula
3372 3779 3480 3822 sx-
3550 3836 3553 3839 ν

1911 3858 2181 3915 culorum.
2206 3858 2401 3914 Amen.

1982 4039 2049 4094 Et
2068 4038 2333 4096 benedicit
2364 4038 2638 4094 introitum
2664 4038 2849 4094 dicens
2874 4056 2889 4093 :

1976 4129 2297 4186 Benedictus
2339 4129 2409 4185 sit
2456 4130 2711 4185 introitus
2758 4137 3069 4184 sanctorum
3113 4137 3325 4184 tuorum
3354 4129 3474 4187 ubl-

1907 4236 2031 4294 que,
2055 4236 2195 4276 nunc
2226 4230 2281 4274 et
2312 4235 2545 4290 semper,
2600 4230 2706 4274 etc.

301 4305 437 4363 Εἶτα
480 4310 510 4362 6
558 4309 800 4374 διάκονος
824 4351 838 4375 ,
894 4312 1177 4383 χαράττων
1238 4314 1469 4385 σταυρὸν
1514 4313 1650 4384 μετὰ
1707 4310 1801 4366 τοῦ

1924 4290 1941 4294 —
1981 4309 2107 4363 101.
2174 4306 2420 4363 Posthac
2470 4308 2773 4375 diaconus,
2840 4307 3114 4364 thoribulo
3185 4308 3471 4366 eﬂ'ormats

228 4400 518 4473 Θυμιατοῦ,
547 4402 692 4472 λέγει
716 4421 729 4433 ⁸
770 4402 955 4474 Σοφία,
986 4403 1168 4475 ὀρθοί·
1210 4405 1303 4458 καὶ
1346 4408 1506 4475 ἡμεῖς
1562 4404 1643 4465 τὸ,
1683 4402 1804 4465 ⁴1>ίῐ>ς

229 4496 438 4567 ἱλαρόν.

1908 4412 2093 4465 cruce,
2136 4396 2290 4463 dicit,
2330 4398 2625 4468 Sapientis,
2659 4400 2814 4457 recti.
2865 4399 2977 4456 Nos
3018 4412 3194 4455 autem
3223 4419 3237 4456 :
3264 4400 3470 4457 Lumen

1902 4489 2223 4560 jucundum.

304 4586 484 4641 COII.
516 4584 741 4659 Reliqua
777 4589 963 4659 supple
985 4602 1049 4643 ex
1082 4592 1255 4659 capite
1304 4590 1498 4659 primo,
1526 4590 1591 4643 de
1621 4581 2223 4659 Minoribus_vesperis.
2266 4579 2362 4659 Hic
2400 4595 2529 4659 vero
2567 4583 2868 4659 notaverim
2895 4599 2961 4638 ex
2990 4581 3206 4659 Joanne
3234 4583 3468 4649 Ilorino,

232 4656 519 4735 diaconum
540 4651 806 4735 dicentem
828 4651 1017 4735 Σὸφία,
1039 4676 1058 4710 ι
1090 4651 1388 4735 Sapientia,
1426 4677 1445 4711 ι
1481 4651 1865 4735 verosimiliter
1892 4654 2118 4735 digitum
2156 4651 2437 4735 intendere
2463 4653 2515 4706 in
2531 4652 2790 4735 codicem
2817 4667 3030 4735 sacrum
3056 4662 3143 4709 :et
3165 4656 3245 4735 sic
3271 4670 3301 4709 s
3327 4670 3470 4735 prg-

231 4719 1092 4798 sentibttsexigeregattention—em
1113 4719 1475 4797 praestandam
1499 4728 1713 4798 iis,qute
1733 4726 1858 4780 inde
1875 4719 2436 4779 recitabantur-Pauci
2454 4723 2674 4793 quidam
2689 4736 2810 4776 cum
2829 4720 3171 4779 S.Germano
3185 4719 3369 4793 legunt
3383 4724 3471 4778 so-

232 4797 335 4866 φία
365 4794 521 4868 ὀρθή.
553 4813 572 4846 ι
598 4794 881 4865 Sapientia
910 4809 1077 4852 recta.
1107 4794 1126 4852 ἰ

303 4891 460 4945 Μετὰ
490 4890 547 4944 δὲ
590 4888 686 4961 τὴν
731 4891 930 4944 είσοδον
981 4894 1009 4945 ὁ
1073 4892 1291 4962 ταχθεὶς
1335 4892 1589 4963 μοναχὸς,
1628 4889 1805 4961 βαλὼν

230 4984 331 5056 τὴν
352 4983 555 5056 συνήθη
588 4982 873 5053 μετάνοιαν
888 4982 965 5053 τῷ
997 4984 1315 5054 προεστῶτι,
1342 4983 1533 5054 ψάλλει
1554 4982 1654 5052 τῆς
1669 4982 1806 5053 ήμέο

235 5095 337 5151 ρας
397 5078 752 5148 προκείμενον
812 5076 1065 5146 δίστιχον·
1108 5076 1166 5130 ’0
1198 5076 1402 5147 Κύριος
1437 5076 1800 5130 ἐϐασίλευσεν.

231 5168 424 5239 Στίχος
472 5174 540 5223 α’.
584 5168 899 5222 Ἐνεδύσατο
943 5168 1149 5240 Κύριος
1190 5168 1438 5239 δύναμιν.
1497 5168 1685 5238 Στίχος
1732 5167 1798 5237 β’.

233 5259 346 5314 Καὶ
392 5258 501 5330 γὰρ
544 5257 899 5328 ἐστερέωσεν.
957 5258 1228 5331 Στραφεὶς
1276 5257 1331 5310 δὲ
1381 5259 1409 5310 6
1454 5258 1631 5329 ἱερεὺς
1662 5258 1798 5328 πρὸς

231 5350 467 5420 δυσμὰς.
497 5349 783 5421 δεδεμένας
820 5350 958 5421 ἔχων
1017 5350 1115 5414 τὰς
1155 5352 1365 5422 χεῖρας,
1406 5350 1621 5403 ἵσταται
1651 5365 1804 5419 περι-

237 5437 417 5508 μένων
454 5437 552 5509 τὴν
599 5438 879 5511 πλήρωσιν
926 5436 1019 5491 τοῦ
1071 5438 1455 5509 προκειμένου.
1505 5433 1637 5490 Εἶτα
1682 5436 1805 5507 βά).-

234 5532 316 5584 λει
363 5532 669 5602 μετάνοιαν,
726 5530 822 5585 καὶ
861 5530 1158 5601 ἀπέρχεται
1208 5532 1289 5593 εἰς
1339 5528 1432 5582 τὸν
1489 5529 1651 5581 τόπον
1706 5531 1804 5582 αὐ-

232 5638 331 5675 του
339 5659 351 5673 .

1984 4884 2111 4939 102.
2136 4882 2263 4939 Post
2292 4883 2575 4938 introitum
2599 4898 2755 4969 vero,
2779 4885 3092 4958 designatus
3120 4886 3187 4941 ad
3211 4886 3265 4943 id
3291 4903 3471 4943 mons-

1906 4977 2081 5037 chus.
2117 4976 2396 5047 pramissa
2443 4973 2600 5030 solita
2653 4978 2897 5046 corporis
2947 4977 3233 5035 inﬂexione
3279 4994 3469 5036 versus

1904 5068 2188 5136 praesidem
2218 5067 2333 5121 sive
2360 5064 2607 5121 abbatem
2638 5106 2655 5132 ,
2680 5068 2830 5122 canit
2866 5067 3200 5139 propositum
3243 5070 3350 5126 diei
3385 5071 3469 5125 di-

1903 5159 2158 5222 stichum,
2188 5167 2244 5210 et
2283 5156 2436 5223 dicit,
2480 5156 2745 5213 Dominus
2775 5161 3041 5229 regnavit.
3068 5160 3381 5219 Versiculos
3414 5164 3467 5229 t,

1902 5249 2127 5305 lndotus
2154 5259 2239 5303 est
2265 5247 2544 5305 Dominus.
2604 5247 2915 5306 Versiculns
2957 5251 3011 5316 2,
3048 5251 3259 5308 Etenim
3289 5254 3468 5309 llrma-

1902 5344 1997 5396 vit.
2036 5340 2257 5395 Interim
2290 5356 2584 5397 conversus
2624 5343 2691 5397 sd
2724 5344 3060 5399 occidentem
3106 5347 3381 5411 sacerdos,
3416 5356 3465 5399 et

1896 5435 2118 5505 junctas
2163 5436 2366 5490 habens
2392 5451 2604 5501 silanus,
2634 5437 2895 5504 propositi
2943 5437 3104 5492 ﬁnem
3167 5440 3463 5510 cpperitnr.

1904 5525 2022 5579 Mox
2078 5525 2304 5579 exhibet
2351 5526 2709 5581 reverentiam
2742 5566 2757 5592 ,
2790 5536 2845 5582 et
2901 5528 2953 5582 in
3012 5527 3187 5582 locum
3242 5529 3462 5583 discedit

1904 5633 2083 5674 suum.

305 5716 430 5771 105.
459 5716 633 5773 Coms.
666 5715 906 5771 Ecclesia
936 5714 1151 5785 quidem
1182 5712 1368 5768 Graeca
1401 5712 1630 5834 singulis
1663 5712 1827 5793 totius
1856 5714 1992 5794 anni.
2030 5712 2181 5767 feriis
2209 5711 2413 5794 singula
2453 5712 2685 5767 disticha
2713 5714 2963 5794 attribuit
3000 5731 3015 5768 :
3057 5728 3160 5769 non
3191 5722 3372 5794 tamen
3409 5714 3462 5769 in

312 5787 480 5834 olibet
516 5787 690 5834 omnia
715 5787 926 5834 videtur
952 5791 1072 5834 post
1096 5784 1380 5834 lntroitum
1406 5793 1461 5834 et
1486 5804 1499 5834 t
1525 5797 1589 5834 tet
1624 5782 1895 5834 distichon
1922 5793 2086 5834 etiam
2115 5783 2217 5834 dici
2256 5780 2510 5834 Dominus
2538 5793 2767 5834 reauavit
2795 5824 2809 5834 .
2833 5799 2953 5834 cum
2986 5784 3310 5834 supradictis
3334 5797 3453 5834 ver-

1486 5804 1499 5835 ί

234 5787 480 5859 quolibet
516 5787 690 5842 cilicio
715 5784 1072 5859 videtur‘post
1096 5784 1461 5859 Introitumet

1525 5784 1589 5836 iei
1624 5782 1895 5836 distichon
1922 5782 2086 5836 etiam
2115 5783 2217 5837 dici
2256 5780 2510 5835 Dominus
2538 5784 2767 5850 regnavit
2795 5824 2809 5844 .
2833 5799 2953 5836 cum
2986 5783 3310 5852 supradictis
3334 5797 3453 5837 ver-

233 5851 442 5924 s'iculis,
474 5859 567 5914 sed
598 5866 799 5914 tantum
832 5856 887 5911 in
908 5851 1160 5925 Vesperis
1188 5852 1429 5910 Sabbati.
1464 5851 1558 5909 Est
1585 5852 1728 5907 enim
1760 5868 1807 5922 al

1928 5854 1985 5907 S.
2023 5852 2344 5907 Germanum
2368 5869 2382 5905 :
2426 5852 2487 5905 Et
2515 5852 2570 5905 δὲ
2597 5852 2708 5905 ἔστι
2737 5853 3011 5907 Σάϐϐατόν
3034 5851 3293 5919 ἕσπέρας,
3318 5852 3462 5918 λέγει
