4046 6452
555 407 722 450 cacat.

1896 388 2436 447 PROLEGOMENA.

546 509 736 581 [itania
769 510 1027 581 virorum,
1052 508 1375 581 abiecelesia
1407 508 1465 564 Β.
1496 508 1754 581 martyris
1779 508 2052 581 Marcelli;
2081 510 2267 563 litania
2302 509 2715 581 monachorum.
2744 509 2847 581 ab
2864 507 3096 581 ecclesia
3131 517 3435 581 martyrum
3485 503 3708 581 'oannis
3737 516 3799 561 et

546 579 736 646 Pauli;
761 580 954 664 _litani_a
982 579 1449 664 ancillarquDei,
1479 581 1548 664 ab
1568 577 1805 664 ecclesia
1834 580 1937 663 BI}.
1967 579 2497 664 martyrum‘Cosmm
2521 588 2581 664 et
2604 578 2849 664 θειιηίοηί
2875 594 2891 643 ;
2914 577 3802 664 litania.feminarumconjngata-

550 666 693 714 rum,
726 651 793 705 ab
819 650 1048 706 ecclesia
1078 649 1138 704 Β.
1170 648 1330 721 primi
1359 654 1615 721 martyris
1637 648 1899 718 Stephani
1922 647 2159 721 ;7litania
2188 650 2492 721 viduarum,
2535 649 2602 721 ab
2629 650 3145 721 ecclesiamartyris
3180 648 3371 701 Vitalis
3393 665 3409 712 ;
3434 647 3622 721 litania
3654 662 3800 714 pan-

549 734 736 789 perium
772 732 826 776 et
852 721 1161 781 infantium,
1194 718 1260 791 ab
1287 718 1514 791 ecclesia
1547 720 1609 791 Β.
1637 723 1898 791 martyris
1929 720 2177 776 Caecilia).
2217 740 2236 772 ι
2266 719 2362 773 Ubi
2388 719 2449 772 τὸ
2484 737 2503 769 ι
2541 718 2723 771 litania
2758 737 2777 770 ι
2809 719 2953 791 aliud
2982 718 3113 772 nihil
3159 728 3353 786 praeter
3384 719 3801 791 processionem

548 784 1174 861 signiﬁcatabieautem
1208 788 1292 861 his
1326 789 1500 844 tribus
1525 784 1844 846 doctoribus
1869 805 2029 847 sacro
2074 793 2126 845 in
2160 791 2282 861 λιτῇ
2318 791 2432 845 sive
2460 792 2808 859 processione
2851 784 3221 842 recitabantur
3248 784 3528 857 sequentia
3558 784 3807 858 στιχηρά

550 860 791 933 ίδιόμιλα
820 860 925 916 Nili
953 858 1072 914 Xan
1088 858 1314 927 thopuli.

1201 949 1387 1007 Tonus
1415 950 1470 1007 2.

622 1040 749 1100 107.
818 1043 934 1099 nnc
984 1045 1150 1114 agite,
1215 1042 1456 1098 caelestis
1505 1041 1789 1098 Trinitatis
1832 1042 2116 1108 cultores;

552 1136 917 1192 collaudemus
946 1145 1258 1191 terrestrem
1316 1135 1612 1189 trinitatem
1644 1135 1949 1190 divinorum
1980 1135 2123 1191 anti-

551 1234 776 1289 stitum:
809 1231 1127 1303 Gregorium
1170 1241 1533 1301 cognomento
1564 1226 1924 1299 Theologuan,
1963 1229 2120 1284 Basi-

552 1327 681 1381 lium
713 1326 996 1381 ducentem
1027 1339 1055 1378 a
1088 1339 1253 1393 regno
1291 1338 1487 1377 nomen
1516 1362 1534 1390 ,
1582 1332 1640 1376 et
1668 1337 1697 1376 a
1728 1322 1902 1393 gratia
1952 1319 2124 1377 Joan-

2156 963 2204 1015 Δ

2882 942 3056 1019 ’Ἦχος
3078 946 3145 1017 β’.

2293 1041 2478 1101 Δεῦτε.
2528 1043 2627 1114 τῆς
2666 1040 2920 1114 οὐρανίου
2966 1040 3197 1113 Τριάδος
3230 1039 3282 1094 οι
3339 1039 3657 1113 λατρευταὶ,
3710 1041 3814 1111 τὴν

2226 1132 2464 1201 ἰπίγειον
2494 1132 2686 1203 τριάδα
2715 1132 2825 1185 τῶν
2865 1130 3025 1184 θείων
3062 1129 3327 1202 ἱεραρχῶν
3373 1130 3813 1202 εὐφημήσωμεν,

2226 1224 2317 1278 τὸν
2354 1224 2657 1296 Γρηγόριον
2683 1223 2785 1292 τῆς
2814 1222 3093 1291 θεολογίας
3111 1222 3203 1275 τὸν
3232 1220 3535 1291 ἐπώνυμον,
3568 1223 3660 1276 τὸν
3701 1223 3814 1276 Βα-

2229 1317 2424 1370 σίλειον
2469 1315 2570 1387 τῆς
2614 1314 2887 1385 βασιλείας
2909 1315 3000 1369 τὸν
3039 1313 3381 1385 φερώνυμον,
3420 1316 3515 1368 καὶ
3555 1316 3815 1388 Ἰωάννην

553 1433 716 1483 nem;
769 1417 907 1472 imos
959 1416 1199 1486 gurgites
1254 1415 1571 1485 sapientiae;
1622 1414 1860 1484 Spiritus
1912 1414 2119 1468 marina

2238 1408 2318 1462 τὸν
2350 1409 2516 1471 ὅντως
2544 1406 2938 1479 χαριτώνυμον,
2974 1409 3095 1472 τοὺς
3121 1408 3219 1479 τῆς
3241 1408 3431 1477 σοφίας
3466 1406 3682 1478 βυθοὺς,
3716 1404 3815 1463 τοῦ

553 1507 789 1577 ﬂuenta;
826 1508 1001 1563 fontes
1059 1522 1210 1576 aqua;
1250 1507 1445 1560 vivida:
1492 1506 1803 1577 jugiterque
1833 1506 2119 1570 salientis;

554 1601 759 1655 lucidas
790 1601 1149 1671 margaritas;
1181 1600 1463 1655 terrestria
1509 1598 1832 1662 luminaria;
1869 1597 2126 1653 Ecclesiae

552 1692 956 1764 gubernacula;
983 1693 1390 1762 splendidorum
1424 1692 1694 1747 fructuum
1726 1691 1938 1746 feraces
1967 1691 2128 1745 arbo-

556 1801 674 1852 res;
699 1784 1053 1841 administros
1095 1785 1317 1852 gratiae;
1353 1798 1417 1839 os
1446 1782 1691 1848 Christi;
1729 1784 1975 1839 vindices
1999 1782 2125 1837 Tri-

553 1878 773 1946 nitatis;
802 1878 872 1933 ab
904 1878 1093 1934 eadem
1119 1877 1238 1933 sine
1270 1877 1431 1933 ullius
1459 1877 1766 1931 interventu
1793 1875 2125 1939 illustratus;

552 1979 609 2024 et
636 1965 851 2025 a'ssidue
887 1984 988 2039 pro
1018 1970 1224 2027 nostris
1258 1969 1547 2023 animabus
1575 1976 1818 2022 orantes.

1154 2222 1295 2277 Idem
1338 2230 1518 2279 tonus.

2229 1499 2547 1572 Πνεύματος
2567 1501 2635 1553 τά
2661 1498 2852 1570 ῥεῖθρα
2867 1501 2934 1551 τὰ
2954 1499 3254 1562 ῶκεανικὰ,
3284 1499 3381 1563 τὰς
3407 1499 3592 1571 πηγάς
3606 1499 3707 1563 τὰς
3724 1502 3817 1555 ἀεὶ

2231 1592 2550 1660 βλυζούσας,
2577 1592 2637 1645 τὸ
2670 1590 2815 1662 ὓδωρ
2853 1590 2913 1644 τὸ
2942 1589 3050 1653 ζῶν
3079 1592 3142 1645 τὸ
3173 1591 3484 1662 άλλόμενον,
3507 1592 3633 1656 τοὺς
3657 1591 3817 1646 διαυ-

2230 1687 2346 1751 γεῖς
2382 1684 2741 1756 μαργαρίτας.
2764 1684 2891 1745 τοὺς
2917 1683 3194 1749 ιπιγείους
3216 1684 3532 1756 φωστῆρας,
3562 1684 3662 1754 τῆς
3687 1684 3818 1737 Ἐκ-

2231 1776 2460 1847 κλησίας
2508 1777 2633 1840 τοὺς
2676 1775 2887 1837 οἴακας,
2916 1774 2984 1827 τὰ
3017 1774 3383 1845 ἀγλαόκαρπα
3427 1776 3641 1847 δένδρα,
3685 1777 3816 1841 τοὺς

2232 1867 2546 1937 οἰκονόμους
2569 1866 2670 1936 τῆς
2693 1867 2936 1937 χάριτος,
2967 1863 3207 1937 Χριστοῦ
3239 1865 3300 1918 τὸ
3325 1866 3523 1937 στόμα,
3576 1868 3671 1921 καὶ
3713 1868 3817 1939 τῆς

2233 1956 2460 2028 Τριάδος
2493 1958 2618 2020 τοὺς
2645 1956 3020 2027 ύπερμάχους,
3050 1956 3174 2020 τοὺς
3202 1955 3263 2021 ἐξ
3292 1956 3462 2027 αὐτῆς
3486 1957 3706 2027 άμέσως
3727 1958 3818 2011 ἑλ-

2232 2048 2635 2120 λαμπομένους,
2666 2049 2759 2101 καὶ
2791 2049 3199 2121 πρεσϐεύοντας
3224 2052 3521 2119 ἀπαύστως
3549 2054 3693 2126 ὑπὲρ
3706 2056 3822 2110 τῶν

2232 2141 2420 2212 ψυχῶν
2448 2141 2628 2213 ἡμῶν.

2888 2236 2946 2290 '0
2984 2236 3167 2301 αὐτός.

627 2313 749 2373 108.
819 2316 1091 2373 Accensos
1158 2319 1227 2373 ab
1302 2318 1428 2389 igne
1500 2317 1797 2373 inevitabili
1868 2320 2133 2377 carbones

2306 2324 2447 2387 Τοὺς
2478 2324 2816 2395 ἀναφθέντας
2854 2327 3131 2401 ἄνθρακας
3163 2331 3228 2383 ἐκ
3258 2329 3353 2385 τοῦ
3398 2329 3666 2385 άστέκτου
3714 2346 3792 2384 πυ

557 2404 787 2461 fideliter
835 2407 1211 2475 przetlicemns,
1244 2410 1335 2479 qui
1387 2422 1484 2477 per
1535 2408 1655 2462 illos
1697 2408 1998 2465 collustrati
2042 2423 2133 2464 su-

558 2512 698 2553 mus.
724 2496 788 2551 lli
811 2497 982 2561 enim,
1011 2514 1110 2569 per
1146 2513 1267 2554 eam
1300 2514 1461 2569 quam
1490 2499 1765 2555 habebant
1796 2515 1918 2555 cum
1940 2501 2133 2557 eodem

556 2587 996 2657 coniunctionem
1030 2588 1347 2645 inﬂammati
1372 2600 1700 2655 ,evaserunt
1739 2591 1926 2646 mundi
1971 2591 2134 2645 lumi-

556 2694 628 2736 na
652 2694 670 2747 ;
696 2680 1030 2752 vitalemque
1050 2682 1380 2753 pauperibus
1414 2682 1667 2734 virtutem
1693 2681 2010 2752 largientes,
2030 2679 2137 2735 Pa-

557 2784 719 2839 trem,
752 2780 802 2828 et
831 2771 1055 2837 Filium,
1086 2782 1142 2828 et
1172 2772 1439 2843 Spiritum
1480 2780 1754 2837 sanctum,
1780 2771 1868 2842 pie
1893 2772 2137 2842 promul-

555 2871 755 2934 garunt
788 2879 803 2917 :
838 2877 977 2932 quos
1015 2871 1071 2918 et
1099 2878 1199 2917 nos
1234 2863 1618 2933 compelletnus
1649 2883 1664 2922 :
1698 2860 1856 2918 Salve
1890 2862 2134 2919 Trinita-

560 2954 631 3009 tis
670 2953 911 3019 trinitas,
942 2969 1123 3009 rerum
1156 2954 1459 3009 divinarum
1490 2954 1822 3028 intelligens.

1129 3041 1312 3099 Tonus
1344 3044 1453 3099 obl.
1481 3042 1540 3100 2.

638 3132 767 3190 109.
817 3132 1170 3205 Triplicatam
1219 3134 1443 3190 Davidis
1506 3135 1766 3201 fundam,
1830 3134 2140 3193 Salomonis

561 3224 863 3280 lunicuium
895 3227 1208 3279 coccineum
1238 3263 1256 3289 ,
1287 3225 1447 3279 Verbi
1489 3224 1763 3297 ﬂagellum
1809 3227 2026 3298 triplex,
2050 3244 2139 3284 sa-

560 3316 774 3386 pientes
790 3314 1070 3386 praasules,
1091 3313 1348 3369 Basilium
1386 3328 1660 3387 magnum,
1691 3315 2014 3390 Gregorium
2044 3320 2134 3376 di-

560 3412 768 3479 vinum,
802 3408 1066 3467 Joannem
1096 3424 1263 3466 aureo
1294 3419 1567 3465 tonantem
1595 3425 1714 3477 ore,
1750 3411 1983 3469 ﬁdeliter
1999 3428 2139 3482 pm-

560 3502 828 3559 dicemus.
862 3501 997 3557 Nam
1053 3502 1399 3567 Goliathum,
1432 3502 1525 3572 qui
1561 3502 1748 3558 animo
1799 3505 2047 3559 cernitur
2084 3514 2141 3560 et

563 3604 747 3650 mente
790 3594 1127 3665 intelligitur,
1173 3592 1421 3664 angulari
1473 3594 1651 3663 lapide
1689 3606 2133 3665 prostraverunt,

2234 2415 2327 2487 ρὸς
2358 2419 2406 2472 oi
2437 2416 2526 2471 διὰ
2562 2417 2742 2473 αὐτῶν
2784 2422 3147 2489 φωτισθέντες
3182 2422 3387 2487 πιστῶς
3419 2424 3827 2496 άνευφημήσω-

2237 2525 2356 2580 μεν*
2393 2502 2541 2563 οῦτοι
2572 2510 2683 2581 γάρ
2721 2512 2788 2582 τῇ
2821 2512 2961 2583 πρὸς
2991 2512 3125 2566 αὐτὸ
3154 2512 3346 2567 ἑνώσει
3378 2514 3822 2587 ἐκπυρωθέντες,

2234 2602 2523 2671 φωστῆρες
2548 2601 2643 2655 τοῦ
2671 2602 2876 2672 κόσμου
2898 2604 3165 2671 ὲγένοντο,
3195 2604 3401 2677 ζωτικὴ
3439 2610 3552 2671 τοῖς
3583 2610 3824 2679 πτωχοῖς

2236 2690 2666 2763 χρηματίζοντες
2694 2692 2944 2764 δύναμις,
2969 2694 3190 2764 Πατέρα
3223 2696 3319 2748 καὶ
3348 2696 3474 2750 Υίδν
3507 2699 3603 2752 καὶ
3650 2698 3825 2752 Πνεῦ-

2238 2799 2314 2853 μα
2361 2781 2515 2851 ἅγιον
2574 2782 2815 2847 εὐσεϐῶς
2857 2783 3345 2855 άνακηρύττοντες,
3402 2781 3485 2849 οἷς
3524 2789 3621 2840 καὶ
3660 2790 3827 2858 ⁴ῇμεῖς

2236 2875 2645 2946 προσείπωμεν·
2706 2875 2967 2949 Χαίροις,
3031 2876 3262 2947 Τριάδος
3321 2877 3480 2948 τριὰς
3534 2881 3571 2948 ὴ
3635 2878 3824 2934 θεόσο-

2237 2983 2355 3036 φος.

2827 3056 2997 3131 Ἥχος
3030 3060 3122 3115 πλ.
3160 3060 3227 3131 β’.

2311 3148 2416 3204 Τοῦ
2468 3150 2632 3205 Δαϐὶδ
2679 3151 2777 3223 τὴν
2849 3152 3141 3224 σφενδόνην
3192 3152 3292 3225 τὴν
3348 3152 3661 3227 τρίπλοκον,
3726 3156 3824 3210 τοῦ

2239 3239 2590 3313 Σαλομῶντος
2631 3242 2895 3315 σπαρτίον
2945 3242 3007 3298 τὸ
3047 3244 3321 3311 κόκκινον,
3378 3246 3439 3301 τὸ
3488 3246 3583 3301 τοῦ
3643 3246 3823 3315 Λόγου

2239 3333 2570 3406 φραγγέλιον
2596 3334 2909 3407 τρίπλοκον,
2940 3340 3068 3403 τοὺς
3100 3339 3299 3408 σοφοὺς
3323 3339 3607 3412 ίεράρχας,
3656 3339 3825 3393 Βασί-

2238 3425 2380 3480 λειον
2403 3426 2494 3480 τὸν
2529 3426 2721 3499 μέγαν,
2752 3428 3050 3502 Γρηγόριον
3077 3430 3167 3484 τὸν
3198 3430 3361 3496 θεῖον,
3404 3430 3657 3502 Ἰωάννην
3675 3429 3829 3504 Χρυ-

2242 3517 2502 3588 σόστομον
2544 3519 2751 3583 πιστῶς
2782 3520 3279 3593 άνευφημήσωμεν.
3327 3522 3434 3575 Τδν
3478 3523 3669 3595 νοητὸν
3709 3524 3823 3597 γὰρ

2241 3606 2433 3662 Γολιάθ
2464 3607 2541 3679 τῷ
2576 3610 2957 3681 ἀκρογωνιαίῳ
2989 3611 3124 3684 λίθῳ
3156 3613 3577 3679 καταϐαλόντες.
3603 3624 3706 3689 την
3733 3617 3826 3670 πί-

562 3688 724 3744 tidem
742 3687 1086 3743 adduxerunt
1106 3686 1174 3742 ad
1200 3684 1577 3752 concordiam,
1600 3700 1832 3755 eamque
1858 3703 2133 3759 purpureo

2239 3717 2357 3756 στιν
2377 3673 2784 3772 πρὸς-ὁμόνοιαν
2806 3673 3035 3773 ἤγαγον,
3059 3673 3138 3775 τῶ
3154 3704 3429 3776 ἐρυθραίῳ
3460 3673 3555 3760 τοῦ
3566 3673 3621 3761 ’Χ
3632 3673 3823 3780 ριιστοῦ

559 3781 761 3838 Christi
798 3781 1063 3851 sanguine
1089 3819 1105 3845 ,
1133 3780 1289 3850 quasi
1321 3778 1463 3834 vallo
1489 3778 1675 3849 aliquo
1704 3778 2058 3845 munierunt;
2082 3792 2140 3836 et

562 3870 674 3926 Deo
720 3880 986 3942 quaestum
1047 3868 1353 3934 facientes,
1395 3866 1789 3923 haresiarchas
1847 3878 1880 3919 a
1933 3863 2138 3921 Christi

564 3962 748 4016 divino
806 3976 969 4031 grege
1004 3959 1319 4029 longissime
1380 3958 1737 4029 repulerunt,
1768 3973 1865 4013 sua
1912 3956 2136 4017 dicendi

563 4050 941 4119 scribendique
983 4050 1033 4103 vi
1065 4063 1080 4102 :
1119 4051 1248 4119 quin
1278 4051 1384 4106 imo
1414 4051 1574 4105 iidem
1600 4049 1889 4105 hodiedum
1919 4059 2138 4105 susten-

567 4152 703 4210 tant,
725 4153 780 4198 et
808 4158 838 4196 a
871 4140 1099 4197 Domino
1126 4141 1403 4211 postulant
1459 4142 1751 4196 animabus
1798 4140 2005 4197 nostris
2036 4140 2138 4195 mi-

563 4234 942 4290 sericordiam.

1134 4323 1320 4379 Tonus
1363 4323 1474 4379 obl.
1510 4332 1568 4380 4.

637 4414 761 4472 llo.
823 4415 1090 4486 Apparuit
1151 4416 1322 4486 gratia
1373 4415 1464 4471 Dei
1506 4415 1761 4473 omnibus
1805 4414 2137 4484 hominibus,

565 4505 823 4561 erudiens
876 4518 976 4559 nos
1002 4518 1102 4574 per
1132 4516 1499 4575 praeceptores
1545 4505 1687 4572 illos,
1721 4516 1779 4561 ut
1834 4506 2140 4564 emendatis

566 4599 811 4656 moribus
855 4599 1088 4670 vitaque
1133 4596 1571 4665 consuetudine,
1608 4608 1847 4654 mentem
1892 4606 2139 4654 nostram

565 4691 688 4746 luce
724 4689 922 4745 divinae
971 4689 1297 4763 cognitionis
1348 4688 1739 4749 illuminemus.
1773 4690 1983 4747 idcirco
2030 4688 2143 4743 cla-

562 4797 815 4839 nemus:
846 4779 1090 4839 Trinitas
1117 4792 1332 4850 sancta,
1367 4796 1549 4838 rerum
1600 4786 1842 4837 omnium
1870 4783 2087 4839 domina
2119 4818 2138 4848 ,

566 4880 761 4935 horum
784 4876 947 4931 trium
986 4885 1264 4947 pastorum
1295 4889 1507 4931 tuorum
1549 4875 1801 4945 precibus
1824 4876 1967 4931 hunc
1989 4885 2138 4931 tuum

564 4984 783 5041 gregem
813 4970 867 5025 in
904 4983 1101 5025 secura
1148 4984 1284 5040 pace
1314 4969 1527 5025 custodi
1558 5009 1573 5033 ,
1606 4968 1675 5022 ab
1713 4969 1860 5024 omni
1888 4969 2138 5025 molestia

566 5059 833 5125 libera,et
860 5058 929 5113 ad
950 5058 1179 5115 salutem
1211 5060 1416 5129 perduc
1447 5059 1873 5130 sempiternam,
1904 5060 2136 5132 benigna

564 5163 687 5204 cum
718 5150 815 5204 sis.

1127 5262 1313 5319 Tenus
1353 5264 1464 5319 obl.
1516 5263 1573 5317 2.

635 5356 760 5413 Ml.
818 5356 1019 5414 Sancta
1074 5364 1130 5411 et
1171 5359 1445 5411 adoranda
1496 5356 1782 5421 Trinitas,
1842 5355 2012 5427 gloria
2064 5358 2138 5413 sit

564 5447 797 5519 sapienti
855 5448 1212 5519 providentia:
1266 5456 1392 5514 tuze,
1420 5447 1543 5516 quia
1577 5445 1892 5502 hominibus
1938 5444 2133 5517 largita

561 5554 626 5595 es
648 5552 681 5594 e
714 5554 941 5598 numero
967 5540 1245 5595 hominum
1303 5540 1405 5593 tria
1456 5552 1647 5609 magna
1688 5536 1978 5593 luminaria
2001 5538 2132 5594 eﬂe-

563 5629 740 5687 rentia
768 5633 1058 5699 agnitionis
1084 5642 1189 5688 ture
1225 5630 1399 5686 l‘acem
1421 5670 1437 5694 ,
1487 5629 1713 5699 eiusque
1749 5628 1958 5701 fulgore
1992 5632 2137 5685 salu-

566 5730 739 5774 tarem
795 5728 939 5775 tuam
970 5737 1033 5777 ac
1079 5722 1447 5777 venerandam
1484 5721 1817 5775 voluntatem
1874 5731 2136 5790 tanquam

567 5809 639 5863 de
671 5809 887 5876 specula
931 5811 1315 5880 signiﬁcantia.
1347 5810 1467 5875 Quo
1501 5810 1717 5878 quidem
1763 5809 1969 5866 lumine
1998 5810 2137 5865 locu-

2236 3794 2701 3867 περιτειχίσαντες
2727 3795 2942 3867 αἵματι,
2971 3794 3069 3849 καὶ
3098 3795 3227 3859 τοὺς
3264 3795 3640 3869 θεοκαπήλους
3666 3800 3828 3870 αἰρε-

2238 3885 2470 3958 σιάρχας
2507 3887 2617 3943 τῶν
2645 3887 2951 3959 περιϐόλων
2983 3889 3084 3961 τῆς
3112 3886 3265 3952 θείας
3299 3886 3394 3942 τοῦ
3427 3888 3667 3961 Χριστοῦ
3699 3891 3823 3944 ποίο

2242 3993 2380 4047 μνης
2411 3979 2626 4051 μακρὰν
2651 3979 3023 4045 ἀπελάσαντες
3036 3978 3126 4035 διὰ
3150 3978 3261 4034 τῶν
3285 3978 3481 4049 λόγων,
3513 3980 3608 4034 καὶ
3628 3979 3709 4035 [tt
3723 3982 3826 4052 τὴν

2240 4067 2426 4121 πίστιν
2455 4069 2790 4142 στηρίζουσι,
2813 4073 2906 4126 καὶ
2929 4072 3295 4145 πρεσϐεύουσι
3310 4072 3504 4146 Κυρίῳ
3532 4072 3825 4145 ελεηθῆναι

2238 4159 2337 4224 τὰς
2360 4158 2537 4231 ψυχὰς
2564 4161 2743 4233 ἡμῶν·

2832 4330 3008 4408 Ἦχος
3036 4336 3125 4390 πλ.
3158 4336 3222 4390 δ’.

2326 4428 2601 4502 Ἐπεφάνη
2647 4429 2680 4499 ἠ
2722 4427 2885 4498 χάρις
2938 4426 3033 4483 τοῦ
3083 4428 3220 4483 Θεοῦ
3275 4430 3442 4485 πᾶσιν
3490 4427 3821 4503 άνθρώτωιςο

2240 4518 2572 4575 παιδεύουσα
2592 4520 2762 4591 ἡμᾶς.
2794 4516 2883 4574 διὰ
2905 4518 3013 4574 τῶν
3038 4520 3374 4578 διδασκάλων
3404 4521 3477 4577 τὰ
3490 4523 3596 4596 ἢθη
3616 4540 3825 4597 κοσμη-

2239 4608 2452 4675 θίντας,
2477 4612 2603 4674 τοὺς
2640 4608 2874 4682 τρόπους
2926 4610 3335 4683 βελτιωθέντας,
3382 4614 3711 4682 θεογνωσίας
3739 4613 3825 4669 αἶ-

2239 4700 2342 4775 γλῃ
2374 4701 2468 4756 τὸν
2512 4700 2637 4756 νοῦν
2674 4702 3137 4777 περιλαμφθῆναι·
3172 4705 3256 4760 διὸ
3287 4703 3600 4778 κράξωμεν*
3649 4705 3822 4777 Τριὰς

2239 4794 2387 4864 άγία,
2428 4792 2595 4866 κυρία
2620 4792 2716 4850 τοῦ
2749 4795 2971 4860 παντὸς,
3014 4798 3134 4860 ταῖς
3175 4794 3288 4848 τῶν
3312 4794 3482 4866 τριιῖιν
3507 4813 3601 4853 σου
3624 4793 3820 4866 ποιμέ-

2238 4895 2345 4933 νων
2374 4884 2705 4953 προσευχαῐς
2730 4881 2791 4936 τὸ
2818 4881 2910 4937 σὺν
2934 4884 3185 4955 ποίμνιον
3214 4881 3371 4938 τοῦτο
3399 4885 3458 4938 ιν
3481 4886 3675 4958 είρήνῃ
3698 4900 3821 4938 συν-

2238 4973 2477 5043 τήρησον
2508 4972 2764 5044 ἀσφαλῶς
2793 4976 2886 5027 καὶ
2911 4973 3155 5039 ἀλύπως,
3190 4974 3286 5029 καὶ
3333 4975 3509 5031 σῶσον
3535 4976 3613 5040 ὡς
3634 4976 3819 5045 φιλάν-

2246 5063 2484 5136 θρωπος.

2834 5257 3009 5334 Ἥχος
3040 5263 3133 5317 πλ.
3158 5262 3225 5331 β’.

2314 5354 2487 5427 Τριάς
2532 5354 2662 5423 ἁγία
2709 5356 2803 5409 καὶ
2840 5356 3192 5427 προσκυνητὴ
3216 5394 3232 5420 ,
3262 5353 3387 5421 δόξα
3418 5358 3486 5426 τῇ
3522 5360 3658 5429 σοςρῇ
3691 5374 3814 5431 προ-

2246 5448 2363 5520 νοίᾳ
2383 5465 2502 5512 σου,
2535 5447 2618 5503 ὅτι
2644 5451 2791 5520 τρεῖς
2817 5450 2943 5510 σοὺς
2974 5448 3239 5518 μεγάλους
3278 5448 3574 5519 φωστῆρας
3594 5454 3707 5517 τοῖς
3728 5454 3816 5505 ἁν-

2245 5539 2484 5613 θρὼποις
2516 5539 2579 5605 ἑξ
2608 5540 2908 5613 ἀνθρώπων
2936 5539 3215 5611 ὲχάρισας,
3255 5540 3335 5611 τῷ
3373 5543 3512 5610 φωτὶ
3542 5542 3817 5614 λαμπαδοο

2243 5633 2472 5703 χοῦντας
2493 5633 2592 5703 τῆς
2620 5633 2720 5703 σῆς
2750 5632 3117 5699 ἐπιγνώσεως,
3160 5634 3254 5686 καὶ
3283 5635 3348 5703 τῇ
3379 5634 3542 5707 αἴγλῃ
3570 5652 3817 5708 φρυκτω-

2248 5724 2473 5795 ροῦντας
2497 5722 2607 5776 τῶν
2624 5724 2901 5795 σωτηρίων
2930 5741 3021 5777 σου
3053 5724 3145 5777 καὶ
3162 5724 3376 5778 σεπτῶν
3396 5726 3734 5797 θελημάτων’
3752 5726 3814 5778 δι’

2243 5806 2319 5863 ῶν
2363 5815 2396 5879 ἡ
2423 5814 2714 5881 οἰκουμένη
2739 5812 2852 5877 φῶς
2899 5813 3150 5879 γνώσεως
3183 5813 3512 5881 πλουτοῦσα,
3565 5815 3663 5881 τὴν
3724 5818 3813 5882 σὴν
