4046 6446
1353 382 1745 439 ACOLUTIIIA
1784 381 2122 439 TRIPLlClS
2158 381 2379 441 FESTL

3280 402 3471 449 ηαλμ

252 502 411 568 δόξαν
444 500 757 570 αὐγάζεται,
781 498 873 550 καὶ
898 496 1031 569 πρὸς
1052 496 1150 569 τὴν
1184 497 1455 567 βασιλείαν
1479 515 1571 552 σου
1596 499 1691 572 τὴν
1724 518 1821 570 μα-

1942 500 2157 569 pletatus
2217 499 2387 560 orbis,
2415 504 2559 550 tuam
2590 511 2711 550 cum
2742 494 3098 555 admiratione
3146 504 3479 564 contempta-

253 594 454 665 καρίαν
486 591 719 645 σπεύδει.
757 588 972 641 Τούτων
1004 592 1149 660 ἡμᾶς
1171 592 1291 651 ταῖς
1329 588 1500 653 θείαις
1529 590 1819 645 ὑπακούειν

255 685 519 738 πείθουσα
565 680 953 743 διδασκαλίαις,
1003 681 1095 733 καὶ
1151 680 1287 749 αὐτὴ
1329 680 1438 734 τῶν
1467 680 1641 751 εὐχῶν
1682 683 1821 751 ὐτὲρ

253 761 413 845 ἡμῶν
446 775 765 836 ἐπάκουσον,
826 770 900 835 ὡς
951 772 1082 834 Θεὸς
1128 772 1553 837 πανοικτίομων,
1598 774 1690 824 καὶ
1727 775 1821 836 τὰς

250 868 431 937 ψυχὰς
455 869 485 933 ἡ
496 864 608 934 μῶν
634 864 825 929 σῶσον,
855 864 1219 933 φιλάνθρωπε.

432 1045 584 1110 Δόξα.
1300 1038 1473 1113 Ἶῐχος
1503 1041 1593 1096 πλ.
1621 1042 1683 1113 β’.

326 1136 467 1200 Τοὺς
523 1137 803 1207 ίεράρχας,
858 1134 952 1187 τοῦ
987 1134 1221 1206 Χριστοῦ
1275 1137 1369 1188 καὶ
1420 1134 1526 1187 τῶν
1569 1135 1827 1206 Πατέρων

254 1224 433 1290 κλέος,
478 1227 576 1295 τῆς
618 1226 849 1285 πίστεως
903 1225 1027 1287 τοὺς
1056 1223 1317 1294 πύργους,
1350 1226 1443 1277 καὶ
1486 1224 1594 1277 τῶν
1623 1226 1828 1279 πιστῶν

252 1317 605 1379 διδασκάλους
639 1316 731 1367 καὶ
780 1315 1044 1383 φύλακας,
1076 1318 1439 1380 συνελθόντες,
1466 1311 1509 1369 ὦ
1540 1321 1828 1391 φιλέορτοι,

256 1408 582 1479 ᾀσματικοῖς
614 1406 907 1476 ἐγκωμίοις
926 1409 1064 1481 ὐμνή
1074 1428 1275 1479 σωμεν,
1298 1409 1563 1477 λέγοντες·
1582 1413 1829 1480 Χαίροες,

256 1496 358 1564 τῆς
393 1493 717 1565 Ἐκκλησίας
773 1497 1017 1567 φωστὴρ,
1064 1498 1307 1551 Βασίλειε
1363 1499 1510 1567 σοφὲ,
1546 1500 1640 1556 7,11
1675 1500 1832 1553 στῦλε

258 1584 645 1657 απερὲτρεπτε·
684 1586 909 1657 χαίροις.
962 1590 989 1641 ὁ
1040 1589 1162 1655 νοῦς
1198 1590 1226 1637 ὁ
1268 1589 1535 1666 οὐρᾶνιος,
1578 1591 1831 1663 ἀρχιερεῦ

262 1679 507 1747 μέγιστε,
560 1678 774 1740 Θεολόγε
840 1680 1125 1756 Γρηγόριε·
1181 1686 1408 1758 χαίροις,
1457 1681 1500 1738 ὧ
1541 1683 1834 1754 χρυσολόγε

259 1770 553 1837 πάγχρυπε
604 1770 862 1844 ’Ῐωαννην
922 1778 951 1826 ὁ
1004 1775 1101 1844 τῆς
1169 1776 1457 1844 μετανοίας
1517 1772 1835 1842 διαπρύσιος

1924 601 2013 647 tur
2042 590 2287 660 gloriam,
2311 599 2366 643 et
2395 588 2460 641 ad
2497 589 2569 639 lui
2603 587 2753 657 regni
2808 588 3113 646 heatitatem
3178 587 3477 643 contendit.

1922 682 2054 737 Cum
2106 680 2265 750 igitur
2292 683 2483 734 horum
2533 679 2712 733 divina
2748 678 2988 732 instituta
3026 694 3208 737 tenere
3260 693 3360 735 nos
3397 679 3484 743 ju-

1926 774 2075 837 beas,
2113 780 2168 824 tu
2209 772 2444 826 vicissim
2481 771 2605 825 audi
2638 770 2945 824 corumdem
2986 786 3081 839 pro
3106 774 3259 828 nobis
3308 780 3430 825 vota
3465 785 3481 833 ;

1925 877 1981 917 ut
2022 868 2159 919 Deus
2207 864 2364 931 plane
2423 867 2767 927 misericors,
2817 873 2871 915 et
2907 873 2963 916 ut
3013 863 3296 932 benignus,
3327 879 3482 920 serva

1927 955 2136 1009 animas
2172 963 2409 1010 nostras.

2095 1045 2302 1100 Gloria.
2942 1045 3125 1101 Tonus
3152 1045 3263 1101 obl.
3289 1047 3344 1100 ἓ.

2001 1134 2488 1202 “2.1Hierarchas
2532 1134 2729 1189 Christi
2776 1146 2831 1191 et
2858 1136 3077 1192 Patrum
3102 1138 3287 1202 decus,
3311 1145 3489 1190 turres

1930 1220 2053 1276 ﬁdei
2090 1229 2139 1275 et
2175 1221 2413 1276 ﬁdelium
2447 1224 2738 1293 magistros
2784 1233 2944 1294 atque
2982 1226 3236 1281 custodes
3267 1267 3281 1289 ,
3319 1240 3351 1279 ο
3397 1242 3489 1280 vos

1929 1327 2122 1369 omnes
2176 1313 2373 1382 quibus
2402 1314 2553 1368 cordi
2590 1322 2677 1370 est
2719 1315 2833 1370 haec
2866 1316 3169 1381 celebritas,
3210 1319 3379 1373 coacti
3438 1318 3489 1371 iu

1933 1422 2120 1470 unum,
2156 1407 2370 1462 canoris
2404 1406 2724 1461 extollamus
2760 1407 3030 1473 laudibus,
3062 1409 3342 1465 dicentes:
3372 1410 3492 1466 Sal-

1936 1514 2020 1562 ιϊ,
2057 1500 2307 1553 Ecclesia:
2339 1498 2623 1564 luminare,
2675 1498 2837 1553 Basili
2868 1500 3086 1571 sapiens
3106 1542 3120 1564 ,
3156 1512 3211 1555 et
3242 1504 3489 1557 columna

1936 1590 2251 1644 immobilis.
2280 1592 2461 1654 Salve,
2495 1606 2647 1646 mens
2675 1590 2936 1655 cmlestis,
2969 1592 3202 1647 maxime
3230 1593 3493 1657 antistes,

1938 1682 2187 1752 theologe
2216 1680 2465 1752 Gregori.
2510 1682 2694 1747 Salve,
2731 1697 2765 1737 ο
2810 1697 2975 1737 aureo
3002 1692 3189 1751 potens
3226 1697 3496 1747 sermone,

1942 1790 2168 1845 prorsus
2200 1789 2365 1831 auree
2411 1773 2669 1839 Joannes,
2699 1774 2763 1827 ad
2798 1774 3224 1843 resipiscentiam
3252 1777 3500 1830 hortator

260 1858 454 1936 κῆρυξ.
522 1866 678 1921 um:
710 1858 755 1916 ὢ
798 1864 1038 1934 Πατέρες
1076 1866 1386 1933 τρισόλϐιοι,
1442 1863 1515 1933 μὴ
1563 1861 1838 1931 παύσησθε

1945 1868 2255 1924 vehemens.
2278 1868 2459 1938 Agite,
2480 1883 2512 1921 ο
2541 1876 2623 1922 ter
2654 1868 2793 1924 beati
2826 1867 3036 1929 Patres.
3068 1882 3132 1921 ne
3159 1869 3499 1923 intermittite

261 1954 349 2009 ἀεὶ
402 1956 719 2028 πρεσϐεύειν
773 1955 991 2029 Χριστῷ
1042 1957 1181 2027 ὑπὲρ
1231 1954 1339 2008 τῶν
1387 1956 1565 2009 πίστει
1608 1957 1701 2008 καὶ
1741 1956 1837 2007 πό-

260 2050 342 2118 09:
367 2048 661 2102 τελούντων
702 2049 854 2122 ὐμῶν
890 2050 989 2122 τὴν
1028 2049 1283 2122 πανίερον
1330 2049 1425 2102 καὶ
1466 2050 1615 2103 θείαν
1666 2051 1839 2121 πανή-

260 2156 447 2213 γυριν.

418 2233 526 2291 Καὶ
544 2232 638 2286 νῦν
1444 2236 1698 2289 εοτόκιον.

930 2321 991 2378 'o
1030 2323 1210 2397 αὐτός.

337 2413 450 2488 Τὴν
485 2414 589 2469 τῶν
629 2414 916 2488 παρθένων
975 2416 1236 2489 καλλονὴν
1275 2420 1370 2471 καὶ⁵
1424 2420 1703 2491 χαρμονὴν
1736 2418 1844 2470 τῶν

259 2506 424 2575 νὸων,
452 2507 554 2580 τὴν
590 2508 760 2579 μόνην
795 2508 1079 2577 Θεοτόκον,
1108 2510 1202 2564 καὶ
1229 2510 1337 2564 τῶν
1369 2511 1577 2564 πιστῶν
1604 2510 1845 2583 άρῤαγὲς

259 2602 671 2672 περιτείχισμα,
708 2600 1074 2664 συνελθόντες,
1110 2595 1157 2654 ὧ
1196 2602 1487 2673 φιλέορτοι,
1522 2603 1847 2673 ᾁσματικοῑς

262 2690 562 2761 ἐγκωμίοις
574 2692 902 2761 ὑμνήσωμεν
930 2691 1196 2757 λέγοντες·
1219 2694 1464 2762 Χαίροις,
1497 2692 1865 2761 Παρθενομῆο.

260 2799 363 2851 τθρ
389 2781 551 2849 ἁγνὴ,
600 2780 790 2850 λυχνία
823 2781 1158 2851 χρυσαυγὴς,
1219 2782 1313 2834 καί
1354 2782 1495 2852 πύλη
1536 2782 1844 2851 ὲπουράνιε·

261 2874 500 2945 χαίροις,
535 2871 708 2943 σκηνὴ
720 2872 1085 2943 άγιάσματος,
1116 2875 1150 2944 ἡ
1176 2873 1267 2927 τὸν
1295 2872 1427 2925 Θεὸν
1451 2873 1748 2943 χωρήσασα
1789 2873 1849 2922 ἐν

267 2965 457 3036 μήτρα
472 2980 586 3028 σου,
606 2964 965 3035 πανάχραντε·
986 2963 1215 3035 χαίροις,
1231 2964 1338 3017 τῶν
1350 2964 1616 3036 οὐρανίων
1632 2962 1847 3034 ταγμά-

260 3071 376 3107 των
402 3054 675 3123 ὺπερτέρα
691 3056 943 3107 ἁπάντων
968 3056 1328 3126 ἀσυγκρίτως·
1349 3055 1448 3121 διὸ,
1476 3056 1848 3128 μητράνανδρε

259 3143 558 3205 Δέσποινα,
610 3144 684 3213 μὴ
727 3143 892 3213 λίπῃς
931 3143 1239 3214 φρουροῦσα
1282 3146 1410 3208 τοὺς
1460 3145 1679 3208 δούλους
1731 3164 1846 3209 σου,

1941 1974 2100 2013 orare
2132 1958 2405 2014 Christum
2445 1973 2542 2029 pro
2589 1960 2778 2023 nobis,
2809 1958 2897 2027 qui
2933 1973 3054 2013 eum
3110 1958 3211 2012 ﬁde
3244 1969 3296 2011 ct
3326 1960 3501 2011 studio

1943 2050 2152 2117 agimus
2210 2049 2350 2101 hunc
2408 2062 2583 2103 vestro
2632 2051 2848 2103 nomine
2878 2061 3287 2104 sacrosanctum
3341 2058 3503 2118 atque

1941 2138 2182 2195 divinum
2215 2138 2377 2193 diem.

2111 2232 2177 2286 Et
2202 2246 2363 2285 nunc.
3126 2230 3362 2286 Mariale.

2542 2322 2684 2378 Idem
2731 2331 2909 2377 tonus.

2021 2412 2142 2466 “5.
2214 2411 2496 2483 Virginum
2545 2413 2764 2467 decuset
2801 2411 3041 2465 lmtitiam
3100 2413 3383 2475 mentium,
3422 2428 3506 2466 so-

1948 2502 2053 2556 lans
2076 2505 2381 2572 Deiparam,
2402 2513 2457 2559 et
2476 2502 2686 2558 ﬁrmum
2712 2502 2946 2557 ﬁdelium
2984 2500 3200 2566 vallum,
3224 2518 3257 2558 ο
3280 2503 3507 2557 celebri-

1952 2606 2120 2649 tatum
2183 2604 2445 2657 amantes,
2510 2594 2796 2648 modulatis
2860 2592 3145 2663 praeconiis
3197 2593 3507 2659 eﬁ'eramus,

1951 2687 2191 2739 tacentes
2226 2702 2238 2737 :
2286 2684 2465 2745 Salve,
2499 2681 2684 2752 Virgo,
2717 2699 2911 2752 parens
2968 2686 3277 2752 purissima,
3309 2686 3509 2738 cande-

1952 2773 2162 2827 labrum
2198 2773 2386 2828 lucens
2412 2782 2471 2826 ut
2491 2788 2735 2833 aureum,
2771 2784 2998 2840 etporta
3035 2774 3309 2836 cmlestis;
3341 2774 3509 2834 salve,

1953 2864 2358 2919 tabernaculum
2397 2862 2881 2931 sanctiﬁcationis;
2914 2865 3081 2931 salve,
3116 2864 3511 2920 incontamina-

1955 2967 2031 3020 ta,
2057 2954 2210 3025 cujus
2238 2964 2425 3011 uterus
2457 2954 2558 3009 fuit
2596 2971 2763 3025 capax
2798 2956 2889 3009 Dei
2918 2996 2931 3019 ,
2962 2956 3129 3021 salve,
3160 2970 3280 3023 qua:
3310 2970 3369 3009 es
3389 2971 3511 3007 ριιιι-

1957 3051 2057 3105 stis
2075 3048 2196 3106 coeli
2227 3046 2509 3105 ordinibus
2526 3050 2643 3105 sine
2667 3048 2772 3102 ulla
2810 3048 3213 3116 comparatione
3241 3050 3510 3118 superior.

1950 3141 2079 3198 Ideo
2126 3158 2193 3197 ne
2226 3156 2431 3205 cesses,
2458 3141 2682 3196 Domina
2716 3148 2771 3195 et
2816 3142 2935 3194 sine
2963 3140 3074 3193 viro
3109 3138 3302 3206 Mater,
3332 3154 3512 3195 custo-

262 3234 396 3295 τοὺς
425 3211 799 3303 ἀνυμνοῦντάς
834 3211 901 3285 σε
942 3211 1120 3286 πίστει
1160 3233 1255 3286 καὶ
1294 3233 1447 3305 πόθῳ
1480 3234 1590 3300 ἀεὶ,
1626 3235 1717 3288 καὶ
1756 3236 1838 3289 τὸν

1953 3238 2069 3293 dire
2095 3236 2321 3289 famulos
2348 3244 2489 3299 tuos,
2521 3233 2610 3303 qui
2646 3243 2700 3289 te
2752 3248 2965 3301 semper
2992 3247 3111 3287 cum
3143 3232 3247 3287 ﬁde
3288 3243 3342 3287 et
3367 3235 3513 3287 desi-

258 3324 427 3378 τόκον
467 3342 558 3379 σου
590 3324 1025 3395 προσκυνοῦντας
1055 3324 1145 3377 τὸν
1172 3325 1430 3397 ἄσπορον.

337 3509 493 3562 Μετὰ
530 3506 701 3562 ταῦτα
733 3510 967 3577 ἐκφωνεῖ
1013 3510 1042 3561 6
1090 3508 1267 3580 ἱερεὺς
1312 3511 1392 3571 είς
1429 3510 1663 3579 ἐπήκοον
1706 3510 1845 3564 πάν-

262 3616 379 3654 των
384 3640 400 3653 .

1954 3317 2107 3383 derio
2130 3324 2399 3380 laudant:
2442 3337 2497 3381 et
2544 3326 2637 3395 qui
2679 3334 2829 3379 tuum
2885 3323 3050 3378 fetum
3119 3323 3351 3378 adorant
3396 3326 3511 3379 sine

1954 3416 2095 3471 virili
2125 3425 2445 3487 conceptum
2484 3416 2712 3471 semine.

2026 3508 2148 3563 ιιι.
2185 3505 2315 3563 Post
2369 3507 2483 3563 haec
2510 3507 2775 3562 exclamat
2809 3509 3084 3571 sacerdos,
3110 3523 3188 3562 SIC
3234 3519 3293 3563 ut
3331 3510 3511 3562 cuni-ti

1950 3600 2191 3655 audiant.

340 3690 519 3746 Couu.
562 3691 624 3745 Et
656 3690 725 3744 ita
763 3692 980 3761 quidem
1013 3689 1275 3762 Typicum
1310 3692 1376 3745 S.
1408 3691 1586 3757 Saba),
1622 3692 1716 3748 sed
1754 3690 2178 3762 S.,Germanus,
2204 3691 2324 3746 loco
2349 3690 2462 3759 jam
2516 3690 2637 3762 plus
2669 3690 2786 3744 vice
2816 3688 3048 3762 simplici
3069 3688 3322 3762 allegato,
3349 3690 3423 3741 ait
3457 3689 3511 3741 il

262 3762 610 3815 sacerdotem
643 3757 1014 3815 tantummodo
1040 3757 1221 3818 facere
1269 3764 1493 3818 absente
1537 3764 1785 3817 diacono.
1827 3761 1998 3827 Ipsius
2038 3770 2217 3815 autem
2264 3757 2429 3813 verba
2476 3757 2750 3813 ascribere
2781 3774 2884 3813 non
2914 3758 3076 3811 fuerit
3103 3757 3245 3812 forte
3290 3763 3512 3812 omnino

270 3831 481 3897 inutile.
1554 3856 1559 3863 ’

343 3921 497 3977 Μετὰ
542 3908 717 3976 ταῦτα
760 3922 910 3990 λέγει
945 3924 974 3974 6
1004 3922 1273 3988 διάκονος,
1306 3923 1466 3993 εἶπες
1518 3923 1679 3994 τύχῃ·
1717 3924 1765 3975 εί
1799 3922 1845 3975 δ’

259 4014 331 4067 οὐ
353 4012 509 4086 τύχῃ,
539 4012 685 4082 λέγει
713 4014 742 4065 6
770 4012 969 4084 ἱερεύς·

342 4104 544 4167 Σῶσον,
608 4106 637 4157 6
693 4103 852 4167 Θεὸς.
911 4102 1003 4156 τὸν
1052 4102 1179 4157 λαόν
1231 4120 1346 4167 σου,
1405 4104 1499 4159 καί
1551 4105 1844 4175 εὐλόγησον

264 4196 634 4267 κληρονομίαν
664 4213 777 4250 σου.
826 4195 1143 4264 Ἐπίσκεψαι
1167 4196 1258 4249 τὸν
1278 4198 1481 4268 κόσμον
1499 4215 1590 4251 σου
1617 4200 1675 4250 ὲν
1706 4198 1845 4252 ἐλέει

266 4286 367 4339 καὶ
394 4288 715 4358 οίκτιρμοῖς.
759 4286 1013 4356 ’Υψωσον
1056 4288 1223 4359 κέρας
1256 4289 1595 4359 Χριστιανῶν
1634 4288 1849 4359 690066-

266 4376 397 4442 ξων,
430 4378 523 4431 καὶ
553 4378 909 4447 κατάπεμψον
938 4380 1022 4447 ἐφ’
1044 4379 1188 4449 ἡμᾶς
1219 4379 1285 4432 τὰ
1303 4380 1425 4451 ὲλέη
1453 4396 1545 4433 σου
1579 4379 1647 4433 τὰ
1686 4378 1847 4432 πλού-

269 4483 381 4519 σια.
433 4465 757 4534 Πρεσῦείαις
786 4466 884 4537 τῆς
932 4468 1309 4538 παναχράντου
1345 4469 1644 4539 Δεσποίνης
1686 4469 1844 4539 ἡμῶν

262 4554 543 4639 Θεοτόκον.
569 4556 663 4608 καὶ
694 4555 1053 4627 άειπαρθένου
1074 4556 1307 4627 Μαρίας·
1334 4557 1442 4609 τῶν
1466 4558 1662 4628 τιμίων
1694 4560 1847 4611 ἐπου-

266 4650 471 4719 ρανίων
489 4648 768 4719 δυνάμεων
786 4648 1112 4719 ἀσωμάτων·
1141 4649 1233 4702 τοῦ
1257 4650 1439 4719 τιμίου
1474 4650 1686 4714 ἐνδόξου
1716 4667 1849 4721 προ-

265 4743 461 4810 φήτου,
493 4739 799 4811 προδρόμου
822 4740 915 4793 καὶ
937 4739 1241 4794 Βαπτιστοῦ
1258 4741 1524 4811 Ἰωάννου·
1548 4741 1655 4793 τῶν
1672 4741 1844 4809 ἁγίων

261 4830 495 4893 ἐνδόξων
524 4834 619 4884 καὶ
647 4832 893 4903 πανευφή
902 4850 1018 4902 μων
1043 4831 1377 4885 ἀποστόλων·
1408 4831 1501 4886 τοῦ
1533 4832 1689 4900 ἁγίου
1717 4832 1840 4885 τοῦ-

255 4920 341 4983 δε,
382 4920 475 4972 καὶ
507 4921 723 4974 πάντων
776 4938 869 4975 σου
916 4920 1023 4974 τῶν
1049 4922 1241 4990 ἁγίων,
1282 4921 1594 4992 ίκετεύομέν
1622 4937 1702 4987 σε,
1746 4938 1842 4974 πο-

259 5012 449 5066 λυέλεε
496 5012 687 5083 Κύριε,
731 5014 1032 5068 ιπάκουσον
1086 5012 1245 5084 ἡμῶν
1291 5012 1564 5083 δεομένων
1592 5031 1708 5079 σου,
1748 5013 1839 5066 καὶ

257 5106 486 5175 ἐλέησον
521 5107 687 5176 ἡμᾶς.

334 5284 399 5337 Οἱ
430 5284 487 5336 δὲ
520 5283 737 5352 ἀδελφοὶ
770 5284 983 5338 λέγουσι
1005 5286 1085 5351 τὸ,
1117 5285 1311 5357 Κύριε,
1351 5286 1593 5358 ἐλέησον,
1628 5294 1702 5358 μ’.

329 5562 443 5615 Καὶ
480 5561 639 5615 πάλιν
693 5562 722 5614 6
770 5562 949 5631 ἱερεὺς
991 5563 1239 5631 ἑκφωνεῖ·
1274 5564 1393 5617 Ἔτι
1427 5561 1661 5632 δεόμεθα
1689 5561 1829 5633 ὑπὲρ

256 5654 368 5707 τῶν
396 5654 795 5708 εὐσεϐεστάτων
825 5656 920 5710 καὶ
951 5656 1328 5725 θεοφυλάκτων
1361 5656 1623 5727 βασιλέων
1652 5655 1831 5726 ἡμῶν,

256 5747 516 5819 κράτους,
542 5746 718 5816 νίκης,
737 5746 1017 5818 διαμονῆς,
1042 5749 1285 5818 εἰρήνης,
1308 5746 1513 5815 ὑγείας,
1534 5746 1828 5818 σωτηρίας,

256 5837 621 5907 ἐπισκέψεως,
652 5837 744 5891 καὶ
766 5838 1009 5905 ἀφέσεως
1041 5839 1347 5908 ἁμαρτιῶν,
1381 5840 1471 5893 καὶ
1492 5837 1598 5909 τοῦθ
1624 5838 1831 5909 Κύριον

575 5933 848 5995 Panos.
894 5936 1014 5998 Gs.
1061 5936 1290 5998 XXIX.

2022 3920 2268 3976 Posthzec
2317 3921 2447 3976 dicit
2496 3936 2757 3976 diaconus
2787 3960 2802 3986 ,
2841 3920 2887 3975 si
2940 3919 3113 3987 adsit;
3159 3922 3241 3973 sin
3312 3925 3509 3983 minus,

1953 4002 2082 4069 dicit
2103 4014 2357 4067 sacerdos
2384 4030 2399 4065 :
3162 4002 3174 4012 ’

2024 4104 2144 4159 “5.
2187 4104 2345 4159 Salsa
2379 4144 2395 4168 ,

1952 4194 2253 4249 hatreditati
2308 4202 2428 4249 tute.
2473 4192 2639 4248 Visita
2689 4194 2875 4247 orbem
2916 4200 3066 4245 tuum
3113 4192 3165 4245 in
3208 4193 3513 4249 misericor-

1947 4286 2035 4340 dia
2064 4295 2119 4341 et
2150 4285 2610 4340 miserationibus.
2631 4283 2840 4338 Extalle
2874 4297 3043 4337 cornu
3082 4282 3508 4338 Christianorum

1950 4378 2422 4445 orthodoxorum,
2461 4388 2514 4432 et
2561 4377 2897 4432 abundantes
2942 4375 3339 4430 misericordias
3395 4387 3512 4429 tuas

1948 4473 2015 4525 ad
2034 4486 2131 4525 nos
2169 4470 2412 4524 demitte.
2448 4467 2708 4524 Precibus
2764 4468 3094 4523 intemeratae
3135 4468 3377 4522 Domina
3416 4483 3512 4521 no-

1947 4570 2077 4615 stra;
2106 4560 2344 4628 Deiparaa
2387 4574 2705 4630 semperque
2741 4559 2965 4628 virginis
3000 4557 3215 4623 Mariae;
3248 4572 3511 4611 veneran-

1950 4651 2139 4705 darum
2156 4650 2454 4706 caelestium
2472 4662 2527 4706 et
2556 4652 2993 4720 incorporearum
3020 4648 3304 4711 virtutum;
3339 4649 3511 4703 hono-

1956 4740 2142 4795 rabilis
2163 4755 2227 4795 ac
2245 4740 2462 4809 gloriosi
2483 4742 2781 4810 propheta.
2804 4737 3151 4808 prtecursoris
3180 4747 3235 4792 et
3258 4736 3511 4807 Baptista:

1944 4829 2169 4886 Joannis
2191 4849 2204 4896 ;
2240 4838 2574 4896 sanctorum,
2594 4830 2951 4901 gloriosorum
2969 4838 3024 4883 et
3038 4829 3509 4885 celeberrimorum

1944 4926 2312 4993 apostolorum
2345 4965 2360 4987 ,
2409 4926 2580 4978 sancti
2626 4923 2693 4979 Ν.
2725 4922 2893 4989 (illius
2944 4923 3305 4979 verisimiliter
3360 4924 3514 4989 cujus

1943 5013 2079 5070 festa
2132 5014 2222 5070 lui
2275 5014 2476 5086 agitur)
2517 5025 2573 5071 et
2626 5016 2865 5070 omnium
2913 5025 3225 5070 sanctorum
3271 5025 3506 5077 tuorum,

1943 5121 2254 5177 quaesumus
2286 5115 2376 5173 te,
2411 5106 2637 5161 multum
2696 5104 3005 5160 misericors
3051 5105 3291 5168 Domine,
3319 5107 3509 5159 exaudi

1943 5216 2041 5255 nos
2080 5210 2133 5254 te
2155 5199 2530 5270 deprecantes,
2559 5208 2612 5253 et
2637 5198 2895 5252 miserere
2935 5197 3127 5249 nostri.

2014 5291 2234 5345 Fratres
2297 5302 2471 5345 autem
2518 5291 2701 5345 dicunt
2754 5288 2900 5357 (vel,
2952 5297 3011 5340 ut
3058 5286 3115 5343 S.
3164 5286 3506 5351 Germanus,

1940 5384 2141 5437 chorus
2197 5382 2481 5454 primus),
2541 5380 2800 5443 Domine,
2870 5379 3126 5433 miserere
3200 5395 3214 5431 :
3271 5379 3508 5447 quadra-

1941 5472 2075 5543 gies.

2014 5563 2158 5617 “5‘.
2192 5562 2257 5617 Et
2294 5563 2484 5617 iterum
2527 5560 2798 5617 exclamat
2828 5558 3082 5614 sacerdos
3110 5576 3124 5612 :
3155 5557 3340 5611 Adhuc
3386 5572 3494 5611 ora-

1944 5672 2067 5711 mus
2096 5672 2193 5727 pro
2230 5657 2486 5728 piissimis
2514 5666 2568 5712 et
2596 5672 2625 5711 a
2674 5656 2783 5711 Deo
2839 5656 3066 5725 servatis
3098 5654 3510 5722 imperatoribus

1945 5751 2171 5811 nostris,
2205 5763 2303 5818 pro
2342 5750 2589 5819 ipsorum
2617 5748 2865 5817 imperio,
2908 5749 3155 5811 victoria,
3194 5746 3507 5810 stabilitate,

1939 5853 2092 5907 pace,
2129 5838 2435 5893 valetudine
2458 5878 2473 5901 ,
2506 5838 2861 5907 protectione,
2898 5836 3421 5905 venia~peccatorum
3452 5850 3507 5893 et

3130 5951 3163 5999 δ

2461 4103 2622 4169 Deus,
2673 4115 2924 4171 populum
2969 4111 3140 4166 tuum,
3175 4111 3232 4155 et
3287 4102 3514 4156 benedie
