4046 6500
554 436 758 478 CCCXL"

1889 415 2416 473 PROLEGOMENA.

554 546 610 588 ιιι
629 535 880 588 Dominus
905 532 1044 587 Deus
1071 539 1251 586 noster
1283 532 1427 602 ipsos
1457 532 1623 601 magis
1679 532 1917 599 adjuvet,
1977 548 2095 601 pro-

2199 530 2288 581 τὸν
2310 530 2443 583 Θεὸν
2471 531 2502 600 ή
2513 528 2628 599 μῶν
2656 529 2749 582 ἐπὶ
2781 531 2963 586 πλεῖον
3013 533 3368 602 συνεργῆσαι,
3407 534 3779 591 κατευοδῶσαι

550 632 730 692 speret
785 623 836 676 in
877 621 1145 684 omnibus,
1206 621 1547 689 ipsorumque
1600 620 1821 689 pedibus
1853 622 2105 688 subjiciat

550 727 761 769 onmem
826 714 1096 769 inimicum
1160 723 1213 767 et
1267 715 1495 769 hostem.
1563 711 1829 764 Dicamus.
1887 710 2106 763 Fratres

552 818 678 858 vero
702 805 885 862 dicunt
922 806 1106 876 (velut
1133 815 1216 860 est
1253 806 1389 875 apud
1419 804 1477 857 S.
1514 801 1872 868 Germanum,
1903 803 2106 857 chorus

550 898 859 966 secundus),
893 898 1134 962 Domine,
1163 900 1438 959 miserere,
1483 896 1681 948 tricies.

622 986 740 1041 116.
773 987 839 1041 Ει
869 988 1056 1044 iterum
1082 991 1345 1044 exclamat
1384 987 1633 1040 sacerdos
1662 1007 1674 1039 :

621 1079 805 1136 Adhuc
853 1096 1068 1136 oramus
1123 1095 1220 1148 pro
1257 1079 1662 1149 archiepiscopo
1719 1078 1802 1132 vel
1853 1077 2106 1147 episcopo

548 1169 614 1224 Ν.
651 1181 706 1226 et
762 1173 907 1226 omni
957 1172 1007 1223 in
1037 1169 1255 1225 Christo
1284 1169 1625 1224 fraternitate
1661 1180 1870 1231 nostra,
1904 1177 1956 1220 et
2009 1181 2106 1235 pro

551 1263 697 1317 omni
727 1262 1034 1318 Christiana
1067 1263 1267 1327 anima,
1298 1252 1491 1317 amicta
1521 1271 1575 1315 et
1611 1276 1845 1315 maerore
1877 1273 2104 1327 oppres-

549 1369 608 1408 sa
638 1394 653 1418 ,
689 1353 987 1424 divinaque
1031 1354 1416 1410 misericordiae
1465 1367 1527 1406 ac
1577 1352 1694 1420 opis
1759 1350 1969 1418 indiga;
2009 1364 2105 1419 pro

549 1447 706 1514 hujus
753 1458 954 1502 sancite
989 1450 1178 1502 domus
1209 1467 1224 1511 ,
1262 1455 1315 1499 et
1348 1447 1398 1499 in
1425 1460 1488 1499 ea
1525 1445 1883 1498 habitantium
1925 1452 2104 1513 prote-

547 1537 758 1604 ctione;
786 1552 883 1606 pro
912 1538 1076 1590 totius
1101 1537 1249 1590 orbis
1277 1550 1410 1604 pace
1435 1550 1496 1588 ac
1527 1533 1918 1603 tranquillitate
1943 1552 1959 1600 ;
2007 1544 2105 1600 pro

547 1635 689 1680 statu
745 1641 999 1696 prospero
1055 1630 1364 1682 sanctarum
1426 1625 1516 1679 Dei
1551 1626 1950 1690 Ecclesiarum;
2009 1636 2106 1691 pro

544 1716 718 1770 salute
756 1725 812 1770 et
831 1716 1262 1786 auxiliopatrum
1303 1728 1356 1773 et
1380 1717 1604 1770 fratrum
1638 1727 2099 1778 nostrorum,cum

543 1807 721 1862 studio
736 1822 798 1863 ac
821 1809 1012 1863 timore
1037 1809 1128 1864 Dei
1151 1809 1507 1862 laborantium
1538 1816 1592 1858 et
1630 1803 2052 1859 ministrantium
2083 1820 2099 1870 ;

2208 621 2404 686 αὐτοὺς
2437 623 2493 674 ὲν
2532 621 2688 686 πᾶσι,
2713 621 2806 674 καὶ
2828 623 3092 692 ὑποτάξαι
3126 625 3229 677 ὑπὸ
3261 629 3386 691 τούς
3410 628 3573 690 πόδας
3601 627 3779 680 αὐτῶν

2209 712 2382 765 πάντα
2414 711 2605 784 ἐχθρὸν
2642 715 2736 766 καὶ
2758 713 3034 784 πολέμιον.
3069 716 3343 788 Εἴπωμεν.
3404 721 3468 772 Οί
3516 719 3574 774 δὲ
3623 718 3778 770 dos}.-

2211 803 2300 871 φοὶ
2333 806 2412 870 τὸ,
2439 803 2630 874 Κύριε,
2661 805 2901 877 ἐλέησον,
2937 806 3001 859 λ’.

2277 987 2385 1040 Καὶ
2413 987 2572 1041 πάλιν
2599 987 2627 1038 ὁ
2654 989 2833 1058 ἱερεὺς
2860 989 3114 1056 ὲκφωνεί·

2278 1079 2398 1132 Ἔτι
2449 1078 2678 1148 δεόμεθα
2733 1081 2871 1150 ὑπὲρ
2915 1077 3008 1130 τοῦ
3063 1079 3487 1148 ἀρχιεπισκόπου
3531 1080 3773 1149 ήμῶν,ἢ

2206 1170 2523 1234 ἐπισκόπου,
2549 1170 2644 1223 τοῦ
2661 1171 2850 1233 δεῖνος,
2877 1172 2970 1222 καὶ
2999 1170 3176 1240 πάσης
3197 1173 3293 1240 τῆς
3310 1177 3365 1226 ἐν
3388 1171 3601 1242 Χριστῷ
3621 1172 3777 1240 ἡμῶν

2206 1264 2583 1333 αδελφότητος,
2636 1264 2732 1316 καὶ
2779 1262 2920 1332 ὑπὲρ
2975 1262 3156 1332 πάσης
3207 1263 3381 1333 ψυχῆς
3434 1263 3776 1336 Χριστιανῶν

2207 1353 2560 1423 θλιόουμένης
2591 1371 2648 1407 τε
2669 1354 2761 1406 καὶ
2785 1355 3283 1423 καταπονουμένης,
3315 1355 3493 1420 ἐλέους
3523 1352 3658 1408 Θεοῦ
3685 1352 3778 1404 καὶ

2207 1446 2457 1518 βοηθείας
2493 1446 2868 1515 ὲπιδεομένης”
2901 1445 3110 1515 σκέπης
3144 1443 3236 1496 τοῦ
3279 1445 3434 1512 ἁγίου
3467 1448 3617 1501 οἴκου
3651 1444 3774 1499 τούς

2204 1556 2297 1592 του
2329 1537 2422 1591 καὶ
2446 1536 2556 1589 τῶν
2587 1535 2983 1589 κατοικούντων
3012 1537 3069 1588 ἐν
3109 1534 3279 1605 αὐτῷ,
3318 1537 3538 1607 εἰρήνης
3567 1539 3660 1592 καὶ
3682 1557 3778 1590 κα·-

2203 1629 2517 1690 ταστάσεως
2560 1625 2652 1678 τοῦ
2696 1625 3008 1695 σύμπαντος
3049 1625 3276 1694 κόσμου,
3321 1627 3638 1689 εὐσταθείας
3670 1630 3777 1681 τῶν

2205 1718 2375 1786 ἁγίων
2412 1715 2506 1768 τοῦ
2536 1714 2673 1768 Θεοῦ
2718 1715 3069 1786 Ἐκκλησιῶν·
3109 1715 3382 1787 σωτηρίας
3406 1718 3500 1768 καὶ
3528 1717 3778 1788 βοηθείας

2204 1807 2312 1862 τῶν
2353 1804 2490 1876 μετά
2536 1805 2780 1876 σπουδῆς
2808 1808 2903 1860 καὶ
2953 1807 3119 1877 φόϐου
3161 1805 3297 1860 Θεοῦ
3326 1806 3641 1860 κοπιώντων
3686 1812 3777 1861 καὶ

543 1913 644 1968 pro
681 1899 955 1956 derelictis
993 1909 1047 1955 et
1071 1901 1175 1952 iter
1201 1898 1562 1963 facientibus;
1593 1912 1690 1966 pro
1722 1895 2095 1966 aegrotantium

2205 1895 2590 1951 διακονούντων
2623 1900 2874 1970 πατέρων
2897 1900 2991 1951 καὶ
3013 1899 3254 1968 ἀδελφῶν
3289 1900 3464 1970 ἡμῶν
3501 1898 3640 1970 ὑπὲρ
3668 1898 3776 1948 τῶν

544 1990 788 2057 medela;
813 2005 910 2057 pro
942 1988 1281 2050 dormitione,
1310 1989 1516 2058 requie,
1544 1991 1698 2042 beata
1729 1987 2011 2053 memoria,
2047 1998 2103 2043 et

541 2080 699 2133 venia
751 2087 1094 2148 peccatorum
1129 2080 1463 2149 impetranda
1513 2078 1796 2132 animabus
1823 2077 2103 2135 defuncto-

541 2183 661 2221 rum
695 2179 906 2237 patrum
956 2185 1019 2224 ac
1064 2169 1289 2224 fratrum
1331 2178 1665 2236 nostrorum,
1700 2166 1789 2224 hic
1822 2177 1877 2224 et
1903 2171 2101 2239 ubique

542 2267 813 2315 terrarum
840 2260 924 2328 pie
960 2261 1290 2330 sepultorum
1326 2259 1598 2329 fidelium;
1630 2275 1730 2330 pro
1758 2262 2096 2330 captivorum

541 2347 809 2417 libertate,
840 2367 936 2418 pro
966 2352 1224 2407 fratribus
1261 2353 1462 2408 nostris
1491 2353 1581 2423 qui
1614 2362 1740 2407 sunt
1767 2354 1820 2406 in
1854 2353 2098 2406 ministe-

541 2439 656 2501 riis,
688 2448 741 2494 et
769 2441 1021 2495 omnibus
1056 2443 1148 2510 qui
1182 2444 1492 2497 ministrant
1550 2453 1605 2497 et
1654 2442 2100 2497 ministraverunt

539 2530 594 2584 in
625 2530 723 2585 hac
751 2530 864 2585 aede
889 2539 1098 2586 sancta.
1129 2531 1396 2586 Dicamus.
1444 2531 1660 2586 Fratres
1696 2539 1875 2586 autem
1914 2531 2098 2588 dicunt

541 2623 912 2696 quinquagies,
942 2623 1188 2693 Domine,
1213 2625 1484 2681 miserere.

611 2901 732 2958 117.
761 2903 948 2957 Adhuc
1001 2917 1219 2959 oramus
1247 2913 1305 2957 ut
1331 2914 1516 2960 sancta
1551 2909 1662 2963 haec
1708 2910 1872 2974 aedes,
1914 2912 2092 2966 omnis

536 2993 668 3048 urbs
699 3002 754 3047 et
784 2995 931 3065 regio
972 3010 1000 3047 a
1032 3004 1200 3064 peste,
1229 2993 1389 3059 fame,
1432 3004 1590 3051 terrae
1632 3009 1777 3052 motu
1801 3040 1816 3064 ,
1858 3001 2090 3054 inunda-

540 3084 702 3149 tione,
729 3084 870 3156 igne,
909 3085 1105 3157 gladio,
1145 3087 1564 3157 alienigenarum
1600 3090 1843 3155 incursu,
1885 3092 2094 3146 intesti-

2201 1985 2638 2054 ἀπολειφθέντων
2677 1989 2773 2043 καὶ
2800 1989 2910 2042 τῶν
2926 1992 2986 2042 ὲν
3011 1991 3344 2061 ἀποδημίαις
3365 1991 3533 2046 ὄντων
3585 1989 3776 2051 ἰάσεως

2200 2080 2307 2134 τῶν
2337 2080 2394 2131 ὲν
2426 2079 2733 2145 ἀσθενείαις
2771 2083 3204 2152 κατακειμένων
3256 2084 3395 2153 ὑπὲρ
3443 2087 3776 2153 κοιμήσεως,

2201 2169 2455 2232 ἀνέσεως,
2492 2171 2768 2242 μακαρίας
2799 2173 3040 2242 μνήμης,
3073 2172 3166 2223 καὶ
3196 2172 3440 2240 ἀφέσεως
3465 2173 3570 2225 τῶν
3601 2175 3777 2244 ἁμαρ·

2200 2257 2329 2312 τιῶν
2350 2259 2459 2312 τῶν
2477 2261 2929 2333 προαπελθόντων
2949 2260 3199 2333 πατέρων
3225 2264 3319 2315 καὶ
3335 2262 3579 2330 ἀδελφῶν
3596 2264 3775 2333 ήμῶν,

2197 2349 2307 2402 τῶν
2334 2350 2520 2405 ἐνθάδε
2548 2351 2784 2413 εὐσεϐῶς
2811 2351 3079 2421 κειμένων
3102 2352 3195 2404 καὶ
3225 2351 3536 2421 ἁπανταχοῦ
3564 2351 3780 2422 ὀρθοδό-

2201 2436 2323 2503 ξων·
2360 2441 2500 2513 ὑπὲρ
2533 2439 2886 2512 ἀναρῤύσεως
2925 2440 3034 2494 τῶν
3073 2441 3458 2512 αἰχμαλώτων,
3495 2442 3590 2494 καὶ
3637 2444 3776 2514 ὑπὲρ

2197 2530 2307 2584 τῶν
2351 2531 2595 2600 ἀδελφῶν
2639 2531 2821 2602 ήμῶν,
2869 2531 2976 2584 τῶν
3007 2534 3064 2587 ὲν
3096 2536 3214 2595 ταῖς
3242 2532 3539 2596 διακονίαις
3583 2533 3775 2593 ὄντων,

2197 2620 2293 2674 κιιί⁵
2322 2621 2538 2676 πάντων
2567 2621 2674 2677 τῶν
2702 2622 3090 2676 διακονούντων
3113 2625 3208 2676 καὶ
3237 2623 3672 2696 διακονησάντων
3718 2627 3777 2678 ὲν

2197 2715 2264 2784 τῇ
2289 2711 2421 2785 ἁγίᾳ
2463 2716 2596 2785 μονῇ
2634 2711 2826 2787 ταύτῃ.
2877 2714 3153 2787 Εῐπωμεν.
3216 2717 3277 2769 Οἱ
3318 2716 3375 2770 δὲ
3422 2716 3642 2786 ἀδελφοὶ
3695 2715 3775 2780 τὸ,

2201 2805 2393 2878 Κύριε,
2425 2806 2663 2878 ἐλέησον,
2688 2814 2751 2862 ν’.

2268 2895 2400 2954 Εἶτα
2453 2900 2682 2970 δεόμεθα
2728 2900 2868 2971 ὑπὲρ
2906 2899 3001 2952 τοῦ
3035 2899 3458 2970 διαφυλαχθῆναι
3485 2899 3582 2970 τὴν
3615 2900 3777 2967 ἁγίαν

2202 2990 2368 3059 μονὴν
2387 2991 2615 3062 ταύτην,
2641 2993 2732 3047 καὶ
2763 2993 2942 3045 πᾶσαν
2974 2992 3146 3054 πόλιν,
3184 2990 3495 3063 καὶ-χώραν
3533 2991 3642 3044 ἀπὸ
3663 2991 3775 3043 λοιο

2201 3077 2323 3148 μοῦ,
2350 3078 2528 3148 λιμοῦ,
2567 3080 2812 3149 σεισμοῦ,
2848 3079 3310 3150 καταποντισμοῦ,
3345 3081 3537 3152 πυρὸς,
3575 3082 3776 3151 μαχαί-

537 3190 609 3230 no
652 3176 826 3243 bello,
863 3187 916 3232 et
960 3181 1236 3248 repentina
1278 3188 1449 3234 morte
1477 3180 1811 3247 liberentur;
1842 3189 1895 3234 ut
1922 3181 2093 3238 bonus

2199 3185 2316 3240 ρας,
2359 3169 2660 3240 ἐπιδρομῆς
2695 3170 3028 3239 ἀλλοφύλων,
3065 3171 3160 3224 καὶ
3205 3172 3467 3241 ἐμφυλίου
3511 3172 3774 3241 πολέμου,

536 3276 592 3320 et
617 3268 892 3322 hominum
917 3285 1103 3324 amans
1133 3270 1272 3326 Deus
1308 3280 1512 3337 noster,
1559 3275 1651 3327 llat
1701 3276 1855 3329 nobis
1911 3275 2094 3345 propi-

533 3355 682 3419 tius,
719 3356 956 3411 clemens
1004 3367 1059 3409 et
1109 3362 1456 3416 reconciliatu
1515 3364 1693 3420 facilis
1723 3406 1738 3430 ,
1779 3375 1836 3420 ut
1890 3377 2099 3422 avertat

534 3461 748 3501 omnem
810 3446 943 3501 iram
980 3458 1166 3503 contra
1221 3466 1320 3507 nos
1351 3462 1549 3507 motam
1581 3493 1600 3520 ,
1647 3457 1922 3524 inustisque
1979 3459 2094 3514 suis

533 3537 1040 3592 comminationibus
1082 3554 1180 3595 nos
1225 3541 1456 3611 eripiat,
1510 3553 1566 3598 et
1625 3545 1951 3600 misereatur
1997 3561 2096 3602 no-

534 3631 653 3684 stri.
709 3629 777 3684 Et
828 3630 1042 3696 dicitur,
1080 3630 1323 3698 Domine,
1382 3637 1659 3701 miserere,
1717 3637 2051 3706 quadragies.

606 3810 726 3866 118.
761 3809 947 3865 Adhuc
999 3823 1254 3875 oramus,
1291 3820 1349 3865 ut
1405 3811 1663 3869 Dominus
1711 3815 1850 3872 Deus
1904 3833 2093 3875 nosrer

533 3903 788 3956 exaudiat
845 3915 1032 3955 vocem
1100 3901 1493 3971 deprecationis
1543 3913 1784 3960 nostrum
1838 3919 2088 3975 peccato—

534 4009 692 4060 rum,
751 4002 807 4048 et
855 3994 1174 4049 misereatur
1249 3995 1436 4050 nostri.
1502 3994 1748 4065 Domine,
1794 4000 2089 4068 miserere,

531 4085 615 4139 his
658 4095 712 4138 et
747 4085 989 4139 vicesies.
1033 4083 1278 4139 Posthaec
1313 4100 1539 4154 quorum
1581 4087 1691 4140 vult
1735 4088 1975 4144 vivorum
2028 4105 2094 4147 ac

536 4185 868 4228 mortuorum
895 4177 1213 4229 memoriam
1246 4177 1392 4248 agit,
1419 4187 1472 4233 et
1503 4181 1678 4234 denuo
1709 4180 1984 4238 exclamat
2005 4197 2094 4238 sa-

532 4267 759 4320 cerdos:

602 4356 802 4411 Exaudi
853 4369 973 4424 nos,
1014 4355 1156 4412 Deus
1191 4368 1432 4414 servator
1473 4368 1674 4427 noster,
1707 4377 1832 4433 spes
1853 4367 2091 4423 omnium

530 4447 713 4501 ﬁnium
739 4456 897 4502 terra:
933 4455 990 4502 et
1012 4447 1065 4501 in
1093 4448 1226 4502 mari
1252 4448 1406 4519 longe
1441 4467 1456 4504 :
1499 4466 1560 4506 ac
1593 4455 1878 4523 propitius,
1907 4459 2092 4528 propi-

2204 3259 2297 3313 καὶ
2332 3258 2594 3329 αἰφνιδίου
2622 3259 2875 3314 θανάτου.
2915 3262 3085 3331 ’Υπὲρ
3112 3261 3207 3313 τοῦ
3239 3262 3415 3326 ἵλεων,
3450 3264 3652 3333 εὐμενῆ
3685 3265 3777 3317 καὶ

2201 3348 2575 3403 εὐδιάλλακτον
2617 3347 2867 3417 γενέσθαι
2926 3347 3016 3402 τὸν
3042 3348 3246 3416 ἀγαθὸν
3276 3352 3367 3404 καὶ
3398 3349 3778 3422 φιλάνθρωπον

2203 3440 2336 3494 Θεὸν
2377 3441 2553 3512 ήμῶν,
2591 3438 2684 3494 τοῦ
2731 3439 3068 3512 ἀποστρέψαι
3100 3443 3277 3494 πᾶσαν
3320 3441 3489 3513 ὀργὴν
3517 3442 3617 3513 τὴν
3648 3443 3773 3496 καθ’

2203 3532 2358 3604 ήμῶν
2379 3534 2722 3604 κινουμένην,
2757 3534 2853 3586 καὶ
2893 3533 3158 3602 ῥύσασθαι
3183 3536 3329 3604 ἡμᾶς
3361 3535 3460 3604 τῆς
3489 3536 3774 3605 ἐπικειμέ-

2199 3640 2298 3693 νης
2338 3624 2552 3687 δικαίας
2591 3624 2756 3678 αὐτοῦ
2793 3625 3043 3695 ἀπειλῆς,
3085 3626 3178 3677 καὶ
3212 3626 3429 3696 ἐλεῆσαι
3452 3629 3621 3701 ήμᾶς.
3679 3627 3775 3693 Τὸ,

2197 3713 2394 3784 Κύριε,
2414 3713 2654 3783 ἐλέησον,
2694 3721 2764 3784 μ’.

2266 3799 2401 3857 Εἶτα
2443 3802 2677 3874 δεόμεθα
2733 3806 2826 3858 καὶ
2870 3805 3012 3877 ὑπὲρ
3058 3806 3152 3860 τοῦ
3198 3806 3514 3859 εἰσακοῦσαι
3566 3807 3776 3879 Κύριον

2194 3895 2284 3949 τὸν
2311 3896 2445 3949 Θεὸν
2471 3897 2571 3968 τῆς
2598 3897 2778 3968 φωνῆς
2797 3897 2896 3967 τῆς
2924 3898 3159 3970 δεήσεως
3185 3901 3218 3970 ἡ
3229 3899 3343 3969 μῶν
3373 3899 3482 3952 τῶν
3513 3901 3775 3971 ἁμαρτω-

2194 3984 2325 4052 λῶν,
2377 3987 2472 4040 καὶ
2517 3987 2734 4058 ἐλεῆσαι
2776 3991 2945 4059 ἡμᾶς.
3003 3990 3094 4055 Τὸ,
3149 3991 3341 4062 Κύριε,
3394 3991 3636 4061 ἐλέησον,
3684 3993 3772 4063 ιβ’.

2193 4073 2328 4130 Εῐτα
2369 4079 2695 4150 μνημονεύει
2744 4080 2836 4144 οὓς
2883 4080 3027 4135 θέλει
3077 4083 3285 4149 ζῶντας
3317 4085 3412 4139 καὶ
3443 4085 3769 4153 τεθνεῶτας

2194 4169 2292 4225 καὶ
2316 4170 2476 4226 πάλιν
2496 4173 2732 4243 ἐκφωνεί
2753 4175 2780 4227 ὁ
2810 4173 3012 4246 ἱερεύς·

2277 4356 2607 4410 Ἐπάκουσον
2625 4358 2800 4428 ἡμῶν,
2827 4359 2856 4410 ό
2878 4357 3011 4422 Θεὸς
3043 4360 3073 4413 ό
3101 4359 3284 4433 σωτὴρ
3309 4362 3486 4433 ήμῶν,
3535 4364 3571 4434 ή
3618 4365 3772 4428 ἐλπὶς

2198 4445 2417 4499 πάντων
2465 4446 2572 4500 τῶν
2627 4449 2880 4519 περάτων
2940 4450 3041 4519 τῆς
3104 4454 3208 4521 γῆς
3269 4453 3362 4505 καὶ
3406 4453 3515 4507 τῶν
3569 4456 3628 4508 ὲν
3678 4455 3772 4508 Θα-

531 4540 636 4595 tius
674 4551 793 4596 esto
845 4540 1076 4610 peccatis
1113 4540 1333 4603 nostris,
1358 4552 1412 4595 et
1459 4543 1714 4598 miserere
1747 4548 1945 4602 nostri.
1981 4549 2089 4604 Mi-

2198 4533 2368 4608 λὰσσῃ
2437 4537 2671 4606 μακράν·
2731 4539 2824 4592 καὶ
2870 4539 3048 4603 ἵλεως,
3092 4542 3248 4603 ἵλεως
3293 4544 3449 4611 γενοῦ
3502 4546 3595 4597 sui.
3649 4549 3770 4609 ταῖς

530 4633 758 4687 sericors
785 4633 927 4688 enim
953 4631 1110 4698 Deus,
1139 4640 1192 4686 et
1214 4631 1480 4687 humanus
1516 4649 1575 4689 es
1605 4653 1621 4690 :
1646 4645 1702 4690 et
1740 4636 1834 4691 tibi
1859 4639 2087 4707 gloriam

519 4723 832 4790 referimus,
875 4724 1042 4788 Patri,
1070 4732 1122 4778 et
1149 4722 1309 4788 Filio,
1340 4732 1392 4778 et
1431 4725 1655 4793 Spiritui
1684 4738 1902 4791 sancto,
1939 4746 2084 4787 nunc

527 4822 579 4867 et
599 4827 831 4881 semper,
871 4813 1005 4868 etin
1036 4812 1232 4868 saecula
1261 4814 1596 4868 saeculorum.
1620 4817 1813 4872 Amen.
1873 4819 1940 4873 Et
1987 4829 2092 4876 sta-

531 4904 622 4957 tim
676 4903 856 4957 subdit
914 4919 929 4957 :
983 4901 1094 4957 Pax
1146 4905 1414 4959 omnibus.
1463 4904 1684 4961 Fratres
1746 4918 1973 4965 autem:
2023 4912 2090 4968 Et

525 4993 738 5059 spiritui
787 5000 899 5046 tuo.
947 4990 1217 5047 Sacerdos
1260 4992 1385 5061 (vel,
1415 5005 1473 5050 ut
1519 4997 1575 5049 S.
1609 4995 1932 5063 Germanus,
1969 5002 2087 5055 dia-

523 5082 738 5154 conus),
782 5082 969 5152 Capita
1021 5091 1200 5136 vestra
1245 5084 1471 5139 Domino
1521 5089 1792 5144 inclinate.
1840 5090 1907 5144 Et
1949 5107 2086 5144 cun-

522 5173 625 5228 ctis
648 5175 1030 5230 inclinantibus
1056 5175 1232 5244 capita
1256 5191 1421 5245 seque
1462 5180 1868 5238 incurvantibus
1888 5199 2085 5238 versus

527 5277 747 5332 terram,
781 5268 915 5322 bene
947 5277 1199 5334 precatur
1238 5272 1492 5326 sacerdos
1533 5284 1783 5329 contenta
1818 5291 1952 5331 voce
2004 5277 2088 5331 di-

524 5371 654 5410 cens
683 5357 820 5411 hanc
846 5358 1146 5412 orationem
1196 5377 1210 5411 :

595 5515 716 5570 119.
787 5517 1096 5574 Dominator
1164 5532 1393 5577 inuitum
1459 5525 1815 5593 misericors,
1864 5529 2089 5586 Domine

522 5606 646 5662 Iesu
697 5607 933 5674 Christe,
986 5612 1123 5666 Deus
1172 5624 1376 5679 noster,
1435 5617 1687 5685 precibus
1745 5620 2087 5677 intemeratae

527 5701 760 5756 Dominae
812 5712 1011 5758 nostrze
1060 5706 1299 5777 Deiparaa
1339 5723 1656 5778 semperque
1693 5712 1916 5779 virginis
1972 5713 2084 5767 Ma-

519 5791 655 5855 riis;
697 5797 1123 5851 venerandarum
1159 5807 1215 5853 et
1261 5797 1558 5855 cmlestium
1598 5802 1852 5856 virtutum
1905 5802 2085 5858 incor-

2198 4622 2493 4693 ἁμαρτίαις
2532 4624 2708 4696 ήμῶν,
2761 4627 2854 4678 καί¹
2886 4626 3107 4697 ἐλέησον
3140 4631 3305 4699 ἡμᾶς.
3343 4632 3618 4703 Ἐλεήμων
3665 4637 3769 4704 γὰρ

2193 4713 2286 4765 καὶ
2315 4714 2692 4786 φιλάνθρωπος
2724 4715 2855 4780 Θεὸς
2887 4718 3175 4791 ὑπάρχεις.
3208 4721 3303 4774 καὶ
3344 4724 3428 4776 σοὶ
3469 4724 3570 4795 τὴν
3611 4725 3768 4791 δόξαν

2192 4804 2603 4877 ἁναπέμπομεν,
2625 4807 2703 4877 τῷ
2727 4808 2922 4879 Πατρὶ,
2950 4811 3044 4863 καὶ
3062 4811 3198 4883 Υἰῷ,
3221 4812 3314 4865 καὶ
3337 4813 3416 4883 τῷ
3440 4814 3581 4886 ἁγίῳ
3609 4817 3772 4871 Πνεύ-

2194 4911 2344 4964 ματι,
2374 4895 2468 4948 νῦν
2500 4897 2593 4949 καὶ
2625 4897 2729 4961 ἀεὶ,
2764 4898 2856 4951 καὶ
2883 4900 2963 4962 εἰς
2999 4901 3125 4964 τοὺς
3155 4901 3356 4965 αἰῶνας
3385 4902 3497 4956 τῶν
3535 4905 3766 4962 αἰώνων.

2203 4985 2392 5056 Ἀμήν.
2455 4987 2562 5040 Καὶ
2629 4989 2790 5053 εὐθὺς
2849 4990 2944 5054 τὸ,
3015 4993 3219 5066 Εἰρήνη
3296 4995 3448 5049 πᾶσι.
3541 4999 3654 5053 Καὶ
3720 5003 3767 5053 οἱ

2188 5076 2428 5146 ἀδελφοί·
2486 5079 2598 5131 Καὶ
2661 5081 2739 5152 τῷ
2789 5083 3059 5154 πνεύματί
3114 5103 3228 5141 σου.
3302 5087 3362 5140 '0
3410 5089 3606 5159 ἱερεύς
3656 5093 3768 5157 Τὰς

2190 5167 2429 5237 κεφαλὰς
2462 5170 2613 5240 ὐμῶν
2633 5172 2710 5242 τῷ
2738 5175 2924 5244 Κυρίῳ
2955 5175 3192 5230 κλίνατε.
3248 5179 3357 5232 Καὶ
3400 5181 3618 5234 πάντων
3648 5185 3765 5236 κλιο

2189 5259 2390 5313 νόντων
2428 5262 2525 5325 τὰς
2553 5265 2811 5334 κεφαλὰς,
2841 5268 2933 5319 καὶ¹
2957 5269 3050 5321 ἐπὶ
3084 5270 3190 5338 γῆς
3223 5273 3564 5340 κεκυφότων,
3602 5277 3739 5328 ὲπεύ

2187 5365 2339 5418 χεται
2380 5353 2409 5403 ὁ
2459 5353 2636 5423 ἱερεὺς
2669 5356 3066 5427 μεγαλοφώνως
3106 5359 3280 5430 λέγων
3313 5363 3411 5436 τὴν
3439 5366 3607 5435 εὐχὴν
3636 5370 3770 5420 ταύ-

2189 5456 2309 5509 την·

2258 5530 2497 5582 Δέσποτα
2556 5532 2830 5599 πολυέλεε,
2869 5537 3039 5608 Κύριε
3080 5539 3251 5609 Ἰησοῦ
3305 5541 3510 5612 Χριστὲ
3558 5545 3588 5597 ὁ
3631 5545 3765 5609 Θεὸς

2190 5621 2363 5692 ήμῶν,
2394 5624 2712 5689 πρεσϐείαις
2737 5627 2835 5697 τῆς
2867 5631 3242 5700 παναχράνχτου
3281 5631 3569 5704 δεσποίνης
3609 5637 3767 5706 ήμῶν

2189 5711 2447 5764 Θεοτόκου
2494 5717 2587 5767 καὶ
2622 5718 2980 5788 ἀειπαρθένου
3013 5722 3246 5790 Μαρίας·
3285 5724 3393 5776 τῶν
3435 5726 3635 5796 τιμίων
3674 5730 3769 5781 καὶ

2189 5805 2520 5875 ἐπουρανίων
2547 5807 2828 5879 δυνάμεων
2863 5813 3187 5884 ἀσωμάτων·
3226 5816 3319 5870 τοῦ
3338 5817 3520 5888 τιμίου
3549 5821 3763 5888 ἐνδόξου
