4046 6444
1348 403 1741 457 ALULUTHIA
1785 403 2123 460 TRlPLlCIS
2164 406 2383 464 FESTI.

3262 429 3493 468 CCCILIII

255 517 560 591 προφήτου,
604 515 910 589 προδρόμου
950 516 1043 570 καὶ
1078 516 1385 571 Βαπτιστοῦ
1424 520 1690 575 Ἰωαννου·
1718 522 1815 575 τῶι

1934 538 2218 593 porearum
2250 564 2265 587 ,
2323 525 2616 581 venerandi
2653 539 2714 578 ac
2751 526 2968 593 gloriosi
2999 527 3303 595 pr0phetaa;
3362 543 3499 595 pra»

253 610 425 682 ἁγίων
456 611 680 673 ἐνδόξων
704 612 798 663 καὶ
820 611 1187 682 πανευφήμων
1210 610 1542 675 ἀποστόλων,
1560 614 1654 666 τοῦ
1672 614 1815 683 ἀγίοι

1931 615 2173 670 cursoris
2198 626 2251 669 et
2280 615 2531 681 Baptista:
2579 615 2832 676 Joannis;
2884 626 3196 673 sanctorum
3230 617 3500 685 glorioso-

251 704 427 765 τοῦδε,
455 702 549 754 καὶ
571 699 785 754 πάντων
800 717 891 752 σου
920 700 1035 756 τῶν,
1051 702 1243 769 ἁγίων,
1266 700 1655 770 εύπρόσδεκτον
1674 704 1829 772 ποίη·-

255 811 348 847 σον
385 791 483 859 τὴν
510 789 693 860 δέησιν
739 787 915 859 ἡμῶν·
951 790 1193 863 διῦρησαι
1223 792 1353 859 ἡμῖν
1383 790 1482 860 τὴν
1507 790 1696 858 ἄφεσιν
1719 792 1828 843 τῶν

252 884 717 955 παραπτωμάτων
750 882 927 952 ἡμῶν*
960 884 1230 937 σκέπασον
1263 884 1408 953 ἡμᾶς
1438 884 1496 935 ἐν
1532 886 1599 953 τῇ
1652 886 1827 955 σκέπῃ

250 975 362 1028 τῶν
394 974 682 1045 πτερύγων
741 991 856 1028 σουο
900 975 1200 1039 ἀποδίὶυξον
1234 977 1327 1045 ἀφ’
1355 975 1510 1046 ἡμῶν
1534 975 1711 1030 πάντα
1740 980 1829 1049 ἐχ-

254 1066 385 1137 θρὸν
420 1067 513 1119 καὶ
543 1067 818 1140 πολέμιον·
853 1068 1162 1137 εἰρήνευσον
1191 1067 1288 1138 τὴν
1322 1068 1465 1137 ζωὴν
1499 1068 1672 1139 ἡμῶν⁸
1710 1070 1827 1122 Κύ-

257 1174 364 1229 ριε,
411 1160 629 1232 ἐλέησον
659 1165 806 1231 ἡμᾶς
856 1160 951 1212 καὶ
996 1160 1086 1213 τὸν
1129 1160 1330 1229 κόσμον
1378 1176 1494 1227 σου,
1526 1162 1621 1214 καὶ
1654 1160 1829 1214 σῶσον

253 1250 356 1316 τὰς
375 1251 551 1325 ψυχὰς
580 1252 755 1322 ἡμῶν,
786 1250 860 1315 ὠς
890 1250 1091 1319 ἀγαθὸς
1124 1251 1215 1303 καὶ
1240 1251 1638 1325 φιλάνθρωπος.

326 1427 456 1484 Εἶτα
506 1430 784 1501 ἀρχόμεθα
828 1431 896 1484 τά
933 1434 1162 1504 στιχηρά
1197 1433 1287 1486 τοῦ
1321 1435 1525 1503 στίχου,
1552 1435 1667 1493 ἷκαὶ
1690 1432 1825 1503 ψάλ-

254 1540 437 1585 Αοντες
480 1523 833 1595 εἰσερχόμεθα
859 1526 915 1577 ἐν
947 1523 1024 1595 τῷ
1052 1524 1185 1594 ναῷ,
1230 1525 1520 1593 ἐπᾴδοντες
1558 1528 1652 1579 καὶ
1700 1528 1827 1588 τοὺς

250 1615 511 1685 τυχόντας
542 1616 753 1687 στίχους
784 1617 981 1670 αὐτῶν.

1934 722 2051 761 rutn
2102 715 2159 760 et
2217 706 2605 774 percelebrium
2652 707 3062 777 apostolorum;
3102 708 3277 761 sancti
3326 707 3389 761 Ν.
3450 719 3505 762 et

1932 799 2174 853 omnium
2216 806 2523 850 sanctorum
2576 808 2807 864 tuorum,
2834 811 3111 866 acceptam
3168 799 3333 854 redde
3372 814 3501 851 ora-

1938 890 2137 946 tionem
2175 898 2410 942 nostram
2441 928 2455 950 ,
2490 888 2643 941 nobis
2702 892 2874 945 tribue
2918 899 3223 945 nostrorum
3278 890 3503 946 delicto-

1939 989 2057 1028 rum
2088 974 2338 1038 veniam;
2383 974 2482 1027 sub
2519 975 2752 1043 tegmine
2777 978 2982 1031 alarum
3035 988 3246 1032 tuarum
3280 990 3501 1049 protege

1937 1081 2053 1130 nos.
2085 1082 2299 1122 onmem
2337 1065 2613 1120 inimicum
2643 1075 2698 1120 et
2726 1066 2933 1121 hostem
2971 1087 2997 1122 a
3035 1068 3194 1123 nobis
3219 1072 3494 1137 pronulsa,

1935 1157 2101 1211 vitam
2128 1169 2366 1213 nostram
2401 1158 2619 1212 contine
2654 1158 2704 1210 in
2746 1174 2919 1226 pace;
2963 1163 3209 1228 Domine,
3246 1163 3499 1218 miserere

1936 1251 2106 1303 nostri
2136 1259 2297 1317 atque
2331 1252 2480 1305 orbis
2508 1252 2607 1315 tui,
2644 1263 2696 1306 et
2722 1265 2875 1305 serva
2899 1253 3109 1309 animas
3134 1266 3371 1317 nostras.
3419 1264 3499 1305 Ill-

1931 1352 2057 1413 pote
2086 1342 2177 1410 qui
2207 1356 2266 1397 es
2293 1341 2467 1396 bonus
2495 1352 2547 1396 et
2576 1343 2851 1397 hominum
2878 1354 3107 1400 amator.

2002 1433 2126 1488 120.
2184 1432 2342 1489 Hisce
2391 1435 2651 1493 absolutis
2697 1437 2981 1507 incipimus
3030 1440 3262 1494 sticltera
3323 1444 3496 1496 versi-

1932 1526 2059 1590 culi,
2086 1535 2142 1579 et
2164 1526 2455 1592 psallentes
2511 1528 2769 1597 templum
2822 1530 3159 1598 ingredimur
3183 1531 3496 1586 accinentcs

1931 1616 2095 1668 etiam
2127 1615 2422 1669 versiculos
2450 1617 2541 1669 tali
2581 1618 2666 1670 die
2699 1628 3076 1673 occurrentes.

327 1708 506 1763 Const.
546 1708 652 1779 Sed
690 1718 984 1779 antequam
1025 1704 1089 1757 ad
1120 1702 1209 1756 illa
1239 1704 1742 1779 sticheraanimnm
1794 1701 2152 1779 applicemns,
2189 1716 2368 1756 meum
2409 1717 2536 1779 esse
2560 1703 2836 1779 intelligo,
2872 1717 2927 1760 nt
2954 1709 3125 1763 dicam
3179 1725 3241 1764 ea
3273 1725 3393 1779 quae
3430 1715 3497 1766 de

262 1780 557 1850 propositis
583 1778 693 1850 jam
735 1775 1073 1850 n_rationibns
1103 1788 1165 1827 ac
1197 1774 1444 1841 precibus
1473 1774 1694 1850 dicentia
1731 1785 1971 1850 restant.
2014 1775 2191 1842 Atque
2223 1783 2353 1826 ante
2392 1773 2570 1850 omnia
2600 1813 2625 1850 ,_
2648 1776 2698 1827 in
2726 1778 2899 1850 prima
2925 1788 2978 1830 et
3013 1779 3197 1831 ultima
3228 1773 3492 1843 oratione,

254 1843 417 1919 prout
458 1852 595 1919 amnt
622 1847 687 1919 ξ.
747 1843 1075 1919 germanum
1114 1855 1360 1919 essmnt,
1400 1845 1570 1919 inulto
1600 1845 1897 1919 plurimum
1928 1843 2572 1919 sanc_torum__patroeipia
2613 1844 2983 1919 implorantur,
3016 1862 3174 1917 quant
3213 1863 3369 1917 prout
3396 1868 3495 1905 ex-

253 1911 400 1971 stant
423 1921 472 1968 in
495 1911 721 1984 'Typico.
753 1914 957 1981 Quippe
1006 1916 1263 1979 posthaec
1302 1918 1481 1976 verba,
1512 1914 1622 1969 Καὶ
1662 1931 1815 1968 starve:

1920 1932 2030 1983 μων
2045 1914 2379 1985 ἀποστόλων,
2414 1930 2434 1962 t
2466 1911 2531 1985 Et
2552 1911 3019 1985 celeberrimorum
3034 1911 3429 1985 apostolorum.
3463 1940 3481 1971 ι

254 1987 507 2054 sequitur
542 1988 594 2037 in
629 1996 854 2052 utraque
876 1988 1119 2039 oratione
1156 1986 1325 2040 series
1366 1986 1593 2039 aliorum
1647 1997 1957 2040 sanctorum
1993 1986 2130 2038 bene
2155 1984 2332 2053 longa,
2384 1992 2437 2037 et
2485 1984 2537 2036 in
2579 1984 2750 2050 prima
2784 1987 2996 2053 quidem
3044 1984 3310 2051 oratione,
3339 2005 3490 2042 num.

254 2056 380 2118 115,
420 2058 476 2108 [it
504 2056 791 2121 singularis
820 2056 1039 2108 tncntio.
3215 2120 3222 2127 .

324 2152 445 2205 Τῶν
491 2153 549 2205 ἐν
591 2152 768 2220 ἁγίοις
819 2150 1078 2221 Πατέρων
1110 2150 1266 2219 ἡμῶν
1302 2152 1395 2201 καὶ
1432 2150 1815 2220 οἰκουμενικῶν

1993 2146 2315 2201 Sanctorum
2354 2147 2574 2203 Patrum
2614 2158 2941 2211 nostrorum,
2992 2158 3048 2202 et
3101 2150 3487 2204 universalium

254 2243 507 2314 μεγάλων
558 2241 888 2294 διδασκάλων
930 2240 1024 2291 καὶ
1076 2237 1365 2309 ίεραρχῶν,
1408 2238 1687 2291 Βασιλείου
1724 2238 1815 2291 τοῦ

1924 2256 2241 2312 magnorum
2299 2243 2579 2295 doctorum
2608 2260 2669 2297 ac
2705 2243 3019 2313 pontiﬁcum
3067 2241 3253 2297 Basilii
3288 2242 3483 2311 Magni,

250 2334 528 2403 Μεγάλου,
562 2331 861 2403 Γρηγορίου
898 2328 994 2382 τοῦ
1010 2329 1292 2397 Θεολόγου,
1327 2330 1420 2381 καὶ
1461 2330 1702 2382 Ἰωάννου
1726 2329 1815 2383 τοῦ

1924 2329 2163 2398 Gregorii
2192 2328 2450 2400 Theologi
2478 2339 2533 2383 et
2563 2330 2785 2386 Joannis
2839 2333 3254 2404 Chrysostomi;
3310 2333 3483 2387 sancti

249 2423 660 2495 Χρυσοστόμου·
692 2423 787 2477 τοῦ
818 2425 874 2476 ἐν
909 2420 1082 2491 ἁγίοις
1112 2422 1324 2494 Πατρὸς
1354 2421 1641 2484 Νικολάου,
1665 2422 1821 2492 ἀρχι-

248 2517 551 2573 επισκόπου
574 2516 777 2588 Μύρων
796 2516 894 2585 τῆς
917 2515 1122 2578 Λυκίας
1146 2514 1240 2568 τοῦ
1259 2512 1689 2587 θαυμτουργοῦ,
1715 2512 1824 2566 τῶν

248 2608 457 2677 ἁγίων,
516 2606 742 2671 ἐνδόξων
809 2606 905 2659 καὶ
966 2604 1290 2658 καλλινίκων
1347 2602 1658 2674 μαρτύρων,
1713 2602 1822 2658 τῶν

246 2700 414 2755 ὁσίων
460 2701 552 2751 καὶ
584 2698 858 2766 θεοφόρων
886 2697 1144 2765 Πατὲρων
1189 2696 1367 2764 ἡμῶν,
1392 2695 1496 2747 τῶν
1520 2696 1689 2761 ἁγίων
1728 2697 1821 2747 καὶ

246 2789 475 2845 δικαίων
503 2785 859 2856 Θεοπατόρων
909 2785 1162 2855 Ἰωακεὶμ
1190 2786 1281 2838 καὶ
1313 2785 1529 2853 Ἀννης,
1546 2783 1640 2837 τοῦ
1664 2784 1820 2852 άγίου

245 2883 349 2955 τῆς
383 2883 569 2953 μονῆς.

1925 2420 2155 2482 Nicolai,
2186 2419 2346 2491 Myrze
2393 2422 2446 2476 in
2484 2420 2646 2494 Lycia
2677 2423 3067 2492 archiepiscopi
3110 2435 3165 2479 et
3193 2425 3484 2479 miraculo-

1929 2532 2047 2571 rum
2080 2516 2407 2585 patratoris;
2446 2528 2781 2584 sanctorum,
2819 2518 3182 2588 gloriosorum
3228 2530 3284 2573 et
3315 2520 3490 2573 victo-

1928 2608 2025 2663 ris
2074 2606 2398 2677 inclytorum
2452 2616 2798 2677 martyrum;
2850 2610 3095 2665 divorum
3151 2620 3208 2666 et
3259 2610 3491 2665 deifcro-

1930 2714 2047 2751 rum
2103 2698 2320 2753 Patrum
2381 2707 2734 2761 nostrorum;
2781 2711 3090 2753 sanctorum
3138 2710 3193 2754 ct
3225 2702 3489 2766 iustorum

1929 2785 2022 2840 Dei
2078 2795 2362 2855 parentum
2415 2783 2660 2842 Joachim
2709 2798 2762 2840 et
2818 2791 3036 2854 Anna;
3092 2790 3265 2843 sancti
3329 2790 3489 2859 hujus

1930 2877 2078 2930 ardis.

333 2998 516 3052 Series
574 3002 754 3051 autem
817 3007 937 3061 qua
995 3009 1051 3048 .n
1103 2990 1287 3045 ultima
1348 2988 1593 3043 oratione
1652 3003 1805 3042 num.
1860 2986 1964 3042 119
1997 3028 2014 3055 ,
2071 2985 2429 3057 adiungitur,
2496 3001 2614 3057 post
2676 3005 2837 3058 supra
2896 2991 3039 3044 dicta
3111 2994 3313 3057 verba,
3372 2995 3486 3049 haec

310 3074 379 3122 ιι

310 3081 332 3119 ι
362 3082 379 3122 ἒ

245 3081 441 3211 ⁸⁸Τῶν
491 3156 681 3226 ἁγίων,
721 3154 944 3218 ἐνδόξων
990 3154 1083 3205 καὶ
1136 3152 1458 3205 καλλινίκων
1504 3153 1814 3222 μαρτύρωνο

1999 3149 2359 3214 Sanctorum,
2432 3150 2786 3221 gloriosorum
2846 3162 2902 3205 et
2964 3152 3205 3209 victoriis
3259 3152 3488 3223 inclyto—

242 3251 355 3307 τῶν
378 3250 540 3304 ὁσίων
555 3249 648 3303 καὶ
663 3246 937 3318 θεοφὸρων
963 3244 1220 3313 Πατέρων
1246 3243 1420 3313 ἡμῶν·
1451 3241 1544 3295 τοῦ
1572 3245 1629 3294 ἐν
1648 3243 1815 3310 ἁγίοις

1927 3256 2048 3296 rum
2105 3253 2442 3311 martyrum;
2497 3242 2747 3295 divorum
2782 3251 2833 3295 et
2882 3242 3210 3298 deiferorum
3262 3244 3485 3297 Patrum

243 3343 461 3415 Πατρὸς
492 3340 649 3412 ἡμῶν
672 3338 961 3401 Νικολάου,
995 3334 1424 3408 ἀρχιεπισκόπου
1476 3333 1679 3404 Μύρων
1719 3333 1815 3403 τῆς

1925 3344 2273 3400 nostrorum;
2305 3335 2477 3390 sancti
2527 3333 2705 3388 Patris
2752 3335 2920 3388 nostri
2955 3333 3179 3400 Nicolai,
3215 3336 3486 3404 archiepi-

241 3433 451 3495 Δυκίας
474 3431 568 3485 τοῦ
591 3426 1025 3499 θαυμτουργοῦ·
1052 3426 1146 3480 τοῦ
1168 3425 1322 3493 ἁγίου
1345 3426 1439 3478 καὶ
1470 3424 1679 3490 ἐνδόξου
1716 3441 1813 3493 με-

240 3525 657 3597 γαλομάρτυρος
674 3519 940 3591 Γεωργίου
965 3518 1057 3572 τοῦ
1089 3516 1504 3588 τροπαιοφόρον·
1538 3515 1632 3568 τοῦ
1660 3515 1813 3583 άγίου

241 3617 337 3674 τοῦ
386 3617 577 3679 δεῖνος,
622 3607 685 3668 οὗ
727 3612 821 3666 καὶ
866 3611 963 3683 τὴν
1018 3612 1239 3682 μνήμην
1294 3607 1665 3678 ἐπιτελοῦμεν⁸
1706 3608 1814 3660 τῶν

242 3711 417 3781 ἁγίων
464 3708 561 3764 καὶ
595 3706 821 3761 δικαίων
862 3703 1220 3775 Θεοπατόρων
1260 3701 1517 3772 ’Ῑωακεὶμ
1549 3700 1644 3754 καὶ
1684 3700 1813 3753 Ἀν-

239 3818 362 3873 “tc-

316 3914 441 3968 121.
459 3913 646 3982 Neque
688 3913 786 3965 hoc
812 3908 1326 3982 praeteruiiittenilum
1349 3919 1452 3971 est,
1476 3909 1802 3982 inuti-aque
1823 3908 2301 3982 oratione._stati_m
2325 3909 2581 3978 posthaec
2603 3907 2765 3982 verba
2806 3923 2823 3982 ξ

1917 3428 2062 3496 scopi
2120 3426 2281 3497 Myra:
2344 3428 2399 3482 in
2452 3428 2658 3499 Lycia,
2716 3427 3098 3483 miraculorum
3155 3430 3479 3497 patratoris;

1916 3521 2113 3587 sancti,
2178 3520 2394 3591 gloriosi
2450 3529 2506 3575 et
2566 3520 2742 3589 magni
2797 3520 3049 3588 martyris
3102 3518 3314 3590 Georgii
3374 3531 3485 3574 tro-

1916 3626 2029 3679 pea
2052 3611 2377 3676 referentis;
2409 3612 2581 3667 sancti
2614 3611 2681 3664 Ν.
2713 3609 2867 3676 cujus
2889 3610 3098 3678 agimus
3133 3613 3480 3674 memoriam;

1916 3713 2226 3757 sanctorum
2261 3712 2317 3757 et
2352 3702 2620 3772 iustorum
2670 3699 2765 3754 Dei
2823 3709 3104 3769 parentum
3140 3699 3383 3756 Joachim
3428 3712 3483 3755 et

1914 3792 2103 3846 Annae.

2874 3906 3175 3978 [πρεσϐείας
3204 3907 3301 3978 τῆς
3338 3925 3476 3961 παν-

236 3985 511 4059 ᾳχράντου
559 3976 848 4059 δεσποίνης
877 3978 1054 4059 Δἡμῶν
1088 3978 1369 4059 Θεοτόκου-
1404 3980 1500 4033 καὶ
1540 3976 1815 4059 sumpse

1920 4022 1929 4059 ._
1970 3977 2105 4049 apud
2139 3976 2565 4059 S._Gern_t‘ar_t.um.
2610 3976 2758 4045 poni,
2800 3976 3026 4049 δυνάμει
3047 3976 3141 4030 τοῦ
3167 3976 3348 4059 τιμίου
3381 3980 3478 4058 καὶ

239 4047 504 4121 (cibumcf:
554 4047 814 4121 σταυροῦ,
840 4052 889 4103 id
920 4047 1039 4112 'est,
1082 4068 1107 4121 ι
1136 4051 1330 4104 virtute
1357 4047 1767 4121 honorandter'et
1790 4064 1815 4099 v

1920 4047 2016 4121 Ictu
2064 4050 2259 4121 crucis.
2302 4068 2321 4100 ι
2359 4047 2567 4121 Reliqui
2600 4062 2728 4100 vero
2759 4047 3239 4121 supra'ntemorati
3279 4049 3478 4121 geniti-

237 4115 319 4189 ὗε,
357 4139 481 4175 cum
515 4122 613 4173 hac
661 4115 787 4174 voce
826 4119 1182 4190 προστασίαις
1223 4122 1335 4173 sive
1364 4138 1382 4169 ι
1423 4120 1757 4187 patrociniis,
1790 4138 1808 4171 ι
1842 4119 2424 4190 ἰϋίιίεηινγοορυιοηιυτ.
2459 4116 2819 4190 Primoreas.
2873 4116 3127 4190 Germani
3179 4115 3475 4190 Acolutbia:

238 4183 363 4248 cuin
397 4190 602 4262 Typico
628 4206 730 4262 non
755 4183 887 4262 satis
911 4191 1163 4262 convenit
1194 4191 1262 4243 de
1297 4183 1528 4262 vicibus,
1548 4190 1744 4262 quibus
1774 4206 1800 4241 a
1837 4192 2005 4242 choro
2032 4183 2316 4262 dicendum
2346 4196 2431 4241 est
2459 4185 2654 4262 Κύριε,
2707 4183 2952 4262 ἐλέησονο
2979 4186 3096 4262 thi
3120 4186 3263 4240 enim
3295 4187 3346 4239 in
3370 4186 3474 4255 'l‘y-

233 4263 364 4330 pico
415 4257 672 4315 scribitur
708 4258 777 4321 λ’,
808 4259 923 4312 sive
986 4261 1254 4330 trigesies,
1306 4260 1381 4330 ibi
1422 4260 1587 4330 apud_
1602 4260 1660 4310 S.
1688 4258 2031 4330 Germanum
2059 4257 2330 4330 _scribitur_
2347 4267 2554 4308 tantum
2586 4261 2632 4323 γ’

2639 4295 2655 4318 ,
2687 4255 2800 4309 sive
2823 4252 2941 4308 ’ter.
2979 4252 3235 4310 Testatur
3290 4252 3468 4309 tamen

234 4324 472 4393 Coarus,
507 4331 669 4382 etiam
694 4330 947 4396 antiquos
976 4324 1191 4381 codices
1231 4328 1430 4381 habere
1457 4324 1523 4380 λ’.
1560 4327 1799 4395 Denique
1822 4327 2095 4387 monachi,
2144 4326 2211 4379 ab
2248 4325 2621 4393 episcoporum
2652 4324 3028 4396 iurisdictione
3070 4326 3330 4394 exempti,
3362 4342 3467 4396 tum

239 4403 525 4455 nominant
554 4394 865 4465 episcopum
896 4398 946 4449 in
973 4412 1131 4459 prece
1164 4414 1312 4449 num.
1349 4397 1468 4458 116,
1524 4394 1731 4465 posita,
1767 4398 1857 4449 sed
1914 4410 2068 4465 suum
2114 4396 2363 4448 abbatem
2412 4398 2526 4448 sive
2554 4394 2919 4463 praepositum.
2961 4398 3060 4450 hoc
3116 4396 3273 4449 modo
3306 4412 3320 4449 :
3350 4395 3471 4447 Ἔτι

233 4471 466 4541 δεόμεθα
491 4464 643 4541 ὑπὲρ
654 4466 906 4541 ἀφέσεως
922 4466 1218 4541 -ἀμαρτιῷν
1239 4464 1336 4519 τοῦ
1366 4464 1664 4541 δούλουτού
1689 4465 1815 4541 Θεοῦ

1930 4464 2115 4528 δεῖνος.
2155 4482 2175 4515 ι
2203 4465 2638 4541 Adhtteoramus
2662 4465 2929 4541 pro_venia
2950 4473 3302 4541 peccatorum
3328 4468 3470 4541 servi

239 4539 338 4594 Dei
376 4539 467 4600 N.,
501 4558 520 4591 ι
555 4539 749 4606 quibus
787 4539 963 4589 verbis
982 4539 1252 4589 ostettdnn?

234 4610 423 4677 paucis
446 4608 747 4663 adnotanda
777 4620 899 4659 esse
926 4607 1252 4677 existimavi.

320 4678 444 4732 122.
503 4677 655 4731 Nunc
722 4690 1021 4727 rmneenttts
1084 4676 1148 4726 all
1218 4674 1519 4743 templum,

1604 4674 1839 4745 audituri
1923 4675 2159 4730 stichera
2232 4672 2389 4745 hujus
2452 4672 2579 4729 diei.

501 4558 520 4591 ι
555 4533 749 4606 quibus
787 4537 963 4589 verbis
980 4533 1270 4589 ostendunt
1294 4551 1452 4605 quam
1482 4537 1748 4591 submisse
1774 4540 1841 4591 de
1867 4549 1967 4590 suo
1996 4548 2192 4605 genere
2222 4533 2433 4588 vivendi
2457 4533 2711 4589 sentiant.
2744 4536 2919 4603 Atque
2949 4537 3063 4588 haec
3087 4544 3214 4588 sunt
3240 4548 3359 4603 quae
3383 4535 3469 4587 hic

2679 4672 2820 4728 Sunt
2888 4678 3071 4727 autem
3137 4672 3227 4727 illa
3298 4689 3465 4725 ποοσ-

228 4748 396 4820 όμοια
418 4757 472 4801 et
509 4763 539 4800 a
571 4746 689 4801 Nilo
722 4743 1065 4813 Xantlmpulo
1094 4744 1318 4811 scripta,
1351 4756 1410 4798 ut
1434 4746 1676 4800 indicant
1699 4743 1921 4798 Menam.

299 4836 473 4913 Ἦχος
502 4839 593 4893 πλ.
621 4846 688 4903 α’,
720 4839 853 4911 πρὸς
882 4838 1106 4910 Χαίροις
1132 4838 1463 4907 ἀσκητικῶν.

300 4935 550 5005 Χαίροις,
591 4931 857 5003 ίεραρχῶν
885 4933 918 5001 ή
943 4932 1118 5002 τριάς,
1145 4932 1243 5000 τῆς
1280 4931 1678 5001 Ἐκκλησίαςτὰ
1708 4950 1804 5003 με-

226 5031 372 5099 γάλα
408 5023 742 5098 προπύργια,
769 5024 821 5075 οἱ
848 5023 1026 5075 στύλοι
1048 5025 1147 5094 τῆς
1178 5023 1479 5087 εὐσεϐείας,
1509 5028 1538 5077 ό
1560 5024 1671 5077 τῶν
1712 5042 1802 5077 πι-

227 5120 371 5175 στῶν
391 5116 677 5189 ἐδρασμὸς,
702 5112 809 5167 τῶν
829 5115 1252 5185 αἱρετιζόντωνή
1282 5117 1649 5182 κατάπτωσις,
1669 5119 1712 5169 Χ
1720 5135 1802 5186 ρι-

227 5212 356 5267 στοῦ
408 5212 458 5264 οἱ
500 5210 863 5280 ποιμάναντες
897 5206 987 5258 τὸν
1033 5206 1160 5259 λαὸν
1188 5210 1296 5269 τοῖς
1329 5206 1493 5271 θείοις
1541 5208 1793 5277 δόγμασι,

1832 4846 1877 4902 υ
1979 4838 2160 4895 Tontts
2186 4840 2294 4897 obl.
2331 4839 2386 4906 1,
2427 4839 2569 4893 sicut
2596 4837 2823 4909 Χαίροις
2848 4837 3179 4906 ἀσκητικιῖΝ.

1971 4929 2221 4995 Salvete,
2279 4931 2687 4985 hierarcharum
2735 4928 2905 4990 trias.
2953 4943 3145 4995 magna
3209 4925 3466 4981 Ecclesia:

1898 5021 2300 5093 propugnacula
2325 5059 2340 5085 ,
2382 5018 2647 5075 columna:
2703 5018 2919 5087 pietatis
2946 5058 2962 5081 ,
2991 5017 3228 5070 ﬁdelium
3279 5014 3465 5069 [irinu-

1898 5126 2161 5176 mentum,
2202 5112 2581 5167 haereticorum
2610 5110 2807 5175 ruina;
2855 5109 3057 5163 divinis
3107 5108 3460 5161 institutioni-

1897 5208 1997 5263 bus
2030 5214 2318 5277 pascentes
2338 5205 2705 5260 Christianum
2738 5203 3017 5272 populum,
3043 5216 3272 5270 eumque
3294 5203 3459 5254 variis

222 5306 320 5358 καὶ
361 5304 479 5363 ταῖς
522 5299 793 5360 ποικίλαις
832 5300 1051 5369 ἀρεταῖς
1089 5299 1139 5350 οί
1174 5297 1555 5368 ἐκθρέψαντες,
1605 5300 1655 5352 οἱ
1697 5302 1796 5369 τῆς

1920 5299 2199 5353 ιυιτὶεηιεε
2261 5294 2598 5361 virtutibus;
2651 5294 2850 5349 excelsi
2903 5293 3091 5363 gratite
3138 5307 3457 5360 praecones,

222 5396 446 5465 χάριτος
499 5390 807 5461 διαπρύσιοι
854 5392 1115 5462 κήρυκες,
1174 5389 1371 5461 νόμους
1418 5392 1467 5443 οἱ
1529 5392 1793 5460 προεκθέ-

220 5499 379 5555 μενοι
424 5478 659 5551 Χριστοῦ
712 5477 790 5548 τῷ
848 5477 1195 5549 πληρώματι,
1248 5479 1295 5530 oi
1345 5478 1528 5547 ὁδηγοὶ
1563 5479 1697 5548 πρὸς
1730 5480 1796 5533 τὰ

218 5576 357 5635 ἄνω,
390 5572 484 5623 τοῦ
516 5570 839 5641 παραδείσου
868 5572 923 5623 αἱ
950 5569 1164 5623 εἴσοδον
1189 5571 1419 5641 Χριστὸν
1442 5572 1795 5641 καταπέμψαι

214 5668 340 5727 ταῖς
358 5663 554 5732 ψυχαῖς
587 5661 741 5731 ἡμῶν
763 5664 959 5715 αἰτεῖτε
994 5662 1055 5713 τὸ
1079 5662 1222 5732 μέγα
1252 5662 1417 5725 ἔλεος.

283 5755 495 5823 Στίχος.
515 5754 691 5804 Ὅσιοι
720 5754 1083 5823 καυχήσονται
1113 5755 1169 5805 ἐν
1195 5753 1342 5824 δόξῃ.

284 5847 531 5908 Χαίροις,
568 5844 834 5916 ἱεραρχῶν
870 5846 901 5915 ἡ
943 5845 1117 5914 τριὰς,
1170 5846 1618 5918 ούρανοϐάμονες,
1665 5848 1782 5899 ἐπί-

1893 5389 2218 5455 interpretes
2254 5386 2430 5454 legum
2463 5385 2517 5438 ln
2559 5383 2890 5453 plenitudine
2921 5380 3144 5444 Christi,
3172 5381 3238 5433 ad
3270 5394 3461 5448 super-

1896 5494 1962 5531 na
2005 5480 2259 5532 ductores
2292 5517 2306 5541 ,
2364 5477 2596 5546 paradisi
2655 5476 3118 5529 introituszorate
3156 5471 3454 5535 Christum,

1897 5581 1958 5624 ut
2006 5584 2257 5639 magnam
2285 5570 2564 5624 animabus
2612 5568 2809 5623 nostris
2844 5566 3103 5634 largiatur
3152 5561 3456 5617 misericor-

1897 5664 2062 5717 diam.

1972 5754 2301 5807 Versicnlus.
2340 5752 2695 5806 Exsultabunt
2718 5749 2892 5802 sancti
2924 5748 2976 5799 in
3003 5744 3199 5812 gloria.

1966 5845 2086 5899 125.
2147 5845 2396 5909 Salvete,
2464 5842 2871 5899 hicrarcharum
2946 5838 3094 5893 trias.
3148 5833 3455 5905 gradiente!
