  <div class='ocr_page' id='page_1' title='image "/cluster/home/n/w/nwhite01/storage/ocr_20150623/29/ien.35556001660547/356.png"; bbox 0 0 4046 6508; ppageno 0'>
   <div class='ocr_carea' id='block_1_1' title="bbox 555 455 780 496">
    <p class='ocr_par' dir='ltr' id='par_1_1' title="bbox 555 455 780 496">
     <span class='ocr_line' id='line_1_1' title="bbox 555 455 780 496; baseline -0.009 -2"><span class='ocrx_word' id='word_1_1' title='bbox 555 455 780 496; x_wconf 31' lang='grc' dir='ltr'><strong>ειῖιῖνκιιν</strong></span> 
     </span>
    </p>
   </div>
   <div class='ocr_carea' id='block_1_2' title="bbox 1946 433 2487 494">
    <p class='ocr_par' dir='ltr' id='par_1_2' title="bbox 1946 433 2487 494">
     <span class='ocr_line' id='line_1_2' title="bbox 1946 433 2487 494; baseline -0.006 -3"><span class='ocrx_word' id='word_1_2' title='bbox 1946 433 2487 494; x_wconf 75' lang='lat' dir='ltr'><strong>PROLEGOMENA.</strong></span> 
     </span>
    </p>
   </div>
   <div class='ocr_carea' id='block_1_3' title="bbox 565 553 2123 635">
    <p class='ocr_par' dir='ltr' id='par_1_3' title="bbox 565 553 2123 626">
     <span class='ocr_line' id='line_1_3' title="bbox 565 553 2123 626; baseline -0.004 -9"><span class='ocrx_word' id='word_1_3' title='bbox 565 565 618 617; x_wconf 91' lang='lat' dir='ltr'><strong>in</strong></span> <span class='ocrx_word' id='word_1_4' title='bbox 654 562 812 623; x_wconf 77' lang='lat' dir='ltr'><strong>cmlu,</strong></span> <span class='ocrx_word' id='word_1_5' title='bbox 842 556 1043 613; x_wconf 81' lang='lat' dir='ltr'><strong>terreni</strong></span> <span class='ocrx_word' id='word_1_6' title='bbox 1073 554 1268 626; x_wconf 99' lang='lat' dir='ltr'><strong>angeli,</strong></span> <span class='ocrx_word' id='word_1_7' title='bbox 1306 553 1455 611; x_wconf 84' lang='lat' dir='ltr'><strong>salus</strong></span> <span class='ocrx_word' id='word_1_8' title='bbox 1483 555 1689 620; x_wconf 86' lang='lat' dir='ltr'><strong>mundi,</strong></span> <span class='ocrx_word' id='word_1_9' title='bbox 1727 555 2003 610; x_wconf 88' lang='lat' dir='ltr'><strong>hominum</strong></span> <span class='ocrx_word' id='word_1_10' title='bbox 2039 557 2123 611; x_wconf 86' lang='lat' dir='ltr'><strong>lae-</strong></span> 
     </span>
    </p>
   </div>
   <div class='ocr_carea' id='block_1_4' title="bbox 2210 553 3807 635">
    <p class='ocr_par' dir='ltr' id='par_1_4' title="bbox 2229 555 3807 635">
     <span class='ocr_line' id='line_1_4' title="bbox 2229 555 3807 635; baseline 0.006 -27"><span class='ocrx_word' id='word_1_11' title='bbox 2229 574 2366 625; x_wconf 89' lang='grc' dir='ltr'><strong>γειοι</strong></span> <span class='ocrx_word' id='word_1_12' title='bbox 2395 555 2633 625; x_wconf 77' lang='grc' dir='ltr'><strong>ἄγγελοι,</strong></span> <span class='ocrx_word' id='word_1_13' title='bbox 2668 557 2759 610; x_wconf 70' lang='grc' dir='ltr'><strong>τοῦ</strong></span> <span class='ocrx_word' id='word_1_14' title='bbox 2796 555 3001 627; x_wconf 85' lang='grc' dir='ltr'><strong>κόσμου</strong></span> <span class='ocrx_word' id='word_1_15' title='bbox 3030 562 3062 630; x_wconf 72' lang='grc' dir='ltr'><strong>η</strong></span> <span class='ocrx_word' id='word_1_16' title='bbox 3109 562 3375 631; x_wconf 82' lang='grc' dir='ltr'><strong>σωτηρία,</strong></span> <span class='ocrx_word' id='word_1_17' title='bbox 3402 565 3433 633; x_wconf 82' lang='grc' dir='ltr'><strong>ἡ</strong></span> <span class='ocrx_word' id='word_1_18' title='bbox 3466 563 3573 616; x_wconf 81' lang='grc' dir='ltr'><strong>τῶν</strong></span> <span class='ocrx_word' id='word_1_19' title='bbox 3598 562 3807 635; x_wconf 75' lang='grc' dir='ltr'><strong>ἀνθρώ.</strong></span> 
     </span>
    </p>
   </div>
   <div class='ocr_carea' id='block_1_5' title="bbox 559 647 2128 720">
    <p class='ocr_par' dir='ltr' id='par_1_5' title="bbox 559 647 2128 720">
     <span class='ocr_line' id='line_1_5' title="bbox 559 647 2128 720; baseline -0.006 -10"><span class='ocrx_word' id='word_1_20' title='bbox 559 655 696 720; x_wconf 83' lang='lat' dir='ltr'><strong>titia,</strong></span> <span class='ocrx_word' id='word_1_21' title='bbox 728 653 974 707; x_wconf 88' lang='lat' dir='ltr'><strong>doctores</strong></span> <span class='ocrx_word' id='word_1_22' title='bbox 996 649 1164 715; x_wconf 81' lang='lat' dir='ltr'><strong>orbis,</strong></span> <span class='ocrx_word' id='word_1_23' title='bbox 1186 658 1614 718; x_wconf 71' lang='lat' dir='ltr'><strong>propugnatores</strong></span> <span class='ocrx_word' id='word_1_24' title='bbox 1643 648 1813 709; x_wconf 88' lang='lat' dir='ltr'><strong>verbi,</strong></span> <span class='ocrx_word' id='word_1_25' title='bbox 1836 647 1991 715; x_wconf 88' lang='lat' dir='ltr'><strong>periti</strong></span> <span class='ocrx_word' id='word_1_26' title='bbox 2021 663 2128 701; x_wconf 88' lang='lat' dir='ltr'><strong>me-</strong></span> 
     </span>
    </p>
   </div>
   <div class='ocr_carea' id='block_1_6' title="bbox 557 736 2119 807">
    <p class='ocr_par' dir='ltr' id='par_1_6' title="bbox 557 736 2119 807">
     <span class='ocr_line' id='line_1_6' title="bbox 557 736 2119 807; baseline -0.006 -6"><span class='ocrx_word' id='word_1_27' title='bbox 557 746 663 801; x_wconf 91' lang='lat' dir='ltr'><strong>dici</strong></span> <span class='ocrx_word' id='word_1_28' title='bbox 725 747 1033 799; x_wconf 87' lang='lat' dir='ltr'><strong>morborum</strong></span> <span class='ocrx_word' id='word_1_29' title='bbox 1079 751 1189 795; x_wconf 91' lang='lat' dir='ltr'><strong>tum</strong></span> <span class='ocrx_word' id='word_1_30' title='bbox 1242 741 1403 794; x_wconf 90' lang='lat' dir='ltr'><strong>animi</strong></span> <span class='ocrx_word' id='word_1_31' title='bbox 1436 750 1546 793; x_wconf 91' lang='lat' dir='ltr'><strong>tum</strong></span> <span class='ocrx_word' id='word_1_32' title='bbox 1582 739 1846 807; x_wconf 88' lang='lat' dir='ltr'><strong>corporis,</strong></span> <span class='ocrx_word' id='word_1_33' title='bbox 1881 736 2119 805; x_wconf 84' lang='lat' dir='ltr'><strong>Spiritus</strong></span> 
     </span>
    </p>
   </div>
   <div class='ocr_carea' id='block_1_7' title="bbox 558 830 2126 908">
    <p class='ocr_par' dir='ltr' id='par_1_7' title="bbox 558 830 2126 908">
     <span class='ocr_line' id='line_1_7' title="bbox 558 830 2126 908; baseline -0.006 -14"><span class='ocrx_word' id='word_1_34' title='bbox 558 839 812 908; x_wconf 75' lang='lat' dir='ltr'><strong>perennia</strong></span> <span class='ocrx_word' id='word_1_35' title='bbox 852 835 1070 889; x_wconf 82' lang='lat' dir='ltr'><strong>ﬂumina</strong></span> <span class='ocrx_word' id='word_1_36' title='bbox 1095 876 1108 897; x_wconf 90' lang='lat'><strong>,</strong></span> <span class='ocrx_word' id='word_1_37' title='bbox 1137 832 1439 887; x_wconf 73' lang='lat' dir='ltr'><strong>eruditione</strong></span> <span class='ocrx_word' id='word_1_38' title='bbox 1483 831 1790 887; x_wconf 80' lang='lat' dir='ltr'><strong>universam</strong></span> <span class='ocrx_word' id='word_1_39' title='bbox 1844 839 2004 883; x_wconf 63' lang='lat' dir='ltr'><strong>terra:</strong></span> <span class='ocrx_word' id='word_1_40' title='bbox 2047 830 2126 885; x_wconf 79' lang='lat' dir='ltr'><strong>fa-</strong></span> 
     </span>
    </p>
   </div>
   <div class='ocr_carea' id='block_1_8' title="bbox 558 920 2125 992">
    <p class='ocr_par' dir='ltr' id='par_1_8' title="bbox 558 920 2125 992">
     <span class='ocr_line' id='line_1_8' title="bbox 558 920 2125 992; baseline -0.004 -9"><span class='ocrx_word' id='word_1_41' title='bbox 558 931 695 984; x_wconf 84' lang='lat' dir='ltr'><strong>ciem</strong></span> <span class='ocrx_word' id='word_1_42' title='bbox 745 928 1056 982; x_wconf 91' lang='lat' dir='ltr'><strong>inundantia</strong></span> <span class='ocrx_word' id='word_1_43' title='bbox 1085 963 1100 987; x_wconf 95' lang='lat'><strong>,</strong></span> <span class='ocrx_word' id='word_1_44' title='bbox 1130 923 1361 992; x_wconf 84' lang='lat' dir='ltr'><strong>theologi</strong></span> <span class='ocrx_word' id='word_1_45' title='bbox 1397 960 1413 983; x_wconf 87' lang='lat'><strong>.</strong></span> <span class='ocrx_word' id='word_1_46' title='bbox 1448 924 1606 978; x_wconf 84' lang='lat' dir='ltr'><strong>bases</strong></span> <span class='ocrx_word' id='word_1_47' title='bbox 1629 963 1644 987; x_wconf 95' lang='lat'><strong>,</strong></span> <span class='ocrx_word' id='word_1_48' title='bbox 1679 936 1843 976; x_wconf 87' lang='lat' dir='ltr'><strong>aureo</strong></span> <span class='ocrx_word' id='word_1_49' title='bbox 1879 920 2125 991; x_wconf 83' lang='lat' dir='ltr'><strong>insignes</strong></span> 
     </span>
    </p>
   </div>
   <div class='ocr_carea' id='block_1_9' title="bbox 557 1011 2121 1087">
    <p class='ocr_par' dir='ltr' id='par_1_9' title="bbox 557 1011 2121 1087">
     <span class='ocr_line' id='line_1_9' title="bbox 557 1011 2121 1087; baseline -0.009 -9"><span class='ocrx_word' id='word_1_50' title='bbox 557 1025 811 1078; x_wconf 88' lang='lat' dir='ltr'><strong>idiomate</strong></span> <span class='ocrx_word' id='word_1_51' title='bbox 838 1065 851 1087; x_wconf 90' lang='lat'><strong>,</strong></span> <span class='ocrx_word' id='word_1_52' title='bbox 884 1018 1065 1074; x_wconf 90' lang='lat' dir='ltr'><strong>divino</strong></span> <span class='ocrx_word' id='word_1_53' title='bbox 1112 1016 1313 1087; x_wconf 90' lang='lat' dir='ltr'><strong>Spiritu</strong></span> <span class='ocrx_word' id='word_1_54' title='bbox 1340 1012 1501 1068; x_wconf 77' lang='lat' dir='ltr'><strong>aﬂlati</strong></span> <span class='ocrx_word' id='word_1_55' title='bbox 1530 1031 1545 1077; x_wconf 88' lang='lat'><strong>;</strong></span> <span class='ocrx_word' id='word_1_56' title='bbox 1591 1024 1744 1068; x_wconf 90' lang='lat' dir='ltr'><strong>orate</strong></span> <span class='ocrx_word' id='word_1_57' title='bbox 1796 1011 2073 1068; x_wconf 89' lang='lat' dir='ltr'><strong>Christum</strong></span> <span class='ocrx_word' id='word_1_58' title='bbox 2106 1050 2121 1076; x_wconf 91' lang='lat'><strong>,</strong></span> 
     </span>
    </p>
   </div>
   <div class='ocr_carea' id='block_1_10' title="bbox 556 1104 2117 1183">
    <p class='ocr_par' dir='ltr' id='par_1_10' title="bbox 556 1104 2117 1183">
     <span class='ocr_line' id='line_1_10' title="bbox 556 1104 2117 1183; baseline -0.011 -11"><span class='ocrx_word' id='word_1_59' title='bbox 556 1128 611 1171; x_wconf 89' lang='lat' dir='ltr'><strong>ut</strong></span> <span class='ocrx_word' id='word_1_60' title='bbox 641 1127 886 1183; x_wconf 90' lang='lat' dir='ltr'><strong>magnam</strong></span> <span class='ocrx_word' id='word_1_61' title='bbox 915 1110 1195 1164; x_wconf 78' lang='lat' dir='ltr'><strong>animabus</strong></span> <span class='ocrx_word' id='word_1_62' title='bbox 1234 1109 1432 1162; x_wconf 66' lang='lat' dir='ltr'><strong>nosu&#39;is</strong></span> <span class='ocrx_word' id='word_1_63' title='bbox 1489 1106 1748 1176; x_wconf 84' lang='lat' dir='ltr'><strong>largiatur</strong></span> <span class='ocrx_word' id='word_1_64' title='bbox 1802 1104 2117 1159; x_wconf 82' lang='lat' dir='ltr'><strong>misericor—</strong></span> 
     </span>
    </p>
   </div>
   <div class='ocr_carea' id='block_1_11' title="bbox 552 1210 719 1263">
    <p class='ocr_par' dir='ltr' id='par_1_11' title="bbox 552 1210 719 1263">
     <span class='ocr_line' id='line_1_11' title="bbox 552 1210 719 1263; baseline -0.03 0"><span class='ocrx_word' id='word_1_65' title='bbox 552 1210 719 1263; x_wconf 79' lang='lat' dir='ltr'><strong>diam.</strong></span> 
     </span>
    </p>
   </div>
   <div class='ocr_carea' id='block_1_12' title="bbox 622 1287 2124 1356">
    <p class='ocr_par' dir='ltr' id='par_1_12' title="bbox 622 1287 2124 1356">
     <span class='ocr_line' id='line_1_12' title="bbox 622 1287 2124 1356; baseline -0.01 -2"><span class='ocrx_word' id='word_1_66' title='bbox 622 1297 951 1354; x_wconf 74' lang='lat' dir='ltr'><strong>Versiculus.</strong></span> <span class='ocrx_word' id='word_1_67' title='bbox 1004 1294 1324 1350; x_wconf 83' lang='lat' dir='ltr'><strong>Sacerdotes</strong></span> <span class='ocrx_word' id='word_1_68' title='bbox 1384 1292 1499 1356; x_wconf 86' lang='lat' dir='ltr'><strong>tui,</strong></span> <span class='ocrx_word' id='word_1_69' title='bbox 1566 1288 1834 1355; x_wconf 87' lang='lat' dir='ltr'><strong>Domine,</strong></span> <span class='ocrx_word' id='word_1_70' title='bbox 1901 1287 2124 1342; x_wconf 89' lang='lat' dir='ltr'><strong>induent</strong></span> 
     </span>
    </p>
   </div>
   <div class='ocr_carea' id='block_1_13' title="bbox 544 1391 831 1458">
    <p class='ocr_par' dir='ltr' id='par_1_13' title="bbox 544 1391 831 1458">
     <span class='ocr_line' id='line_1_13' title="bbox 544 1391 831 1458; baseline 0 -17"><span class='ocrx_word' id='word_1_71' title='bbox 544 1391 831 1458; x_wconf 82' lang='lat' dir='ltr'><strong>justitiam.</strong></span> 
     </span>
    </p>
   </div>
   <div class='ocr_carea' id='block_1_14' title="bbox 620 1470 2119 1541">
    <p class='ocr_par' dir='ltr' id='par_1_14' title="bbox 620 1470 2119 1541">
     <span class='ocr_line' id='line_1_14' title="bbox 620 1470 2119 1541; baseline -0.011 -4"><span class='ocrx_word' id='word_1_72' title='bbox 620 1482 742 1537; x_wconf 68' lang='grc'><strong>124.</strong></span> <span class='ocrx_word' id='word_1_73' title='bbox 781 1479 1013 1541; x_wconf 82' lang='lat' dir='ltr'><strong>Salvete,</strong></span> <span class='ocrx_word' id='word_1_74' title='bbox 1038 1475 1451 1532; x_wconf 84' lang='lat' dir='ltr'><strong>hierarcltarum</strong></span> <span class='ocrx_word' id='word_1_75' title='bbox 1512 1476 1664 1538; x_wconf 90' lang='lat' dir='ltr'><strong>trias,</strong></span> <span class='ocrx_word' id='word_1_76' title='bbox 1708 1470 1984 1527; x_wconf 78' lang='lat' dir='ltr'><strong>terrestris</strong></span> <span class='ocrx_word' id='word_1_77' title='bbox 2024 1472 2119 1524; x_wconf 79' lang='lat' dir='ltr'><strong>llr-</strong></span> 
     </span>
    </p>
   </div>
   <div class='ocr_carea' id='block_1_15' title="bbox 550 1565 2119 1638">
    <p class='ocr_par' dir='ltr' id='par_1_15' title="bbox 550 1565 2119 1638">
     <span class='ocr_line' id='line_1_15' title="bbox 550 1565 2119 1638; baseline -0.008 -8"><span class='ocrx_word' id='word_1_78' title='bbox 550 1576 807 1631; x_wconf 85' lang='lat' dir='ltr'><strong>mamenti</strong></span> <span class='ocrx_word' id='word_1_79' title='bbox 830 1572 927 1633; x_wconf 86' lang='lat' dir='ltr'><strong>sul,</strong></span> <span class='ocrx_word' id='word_1_80' title='bbox 954 1570 1091 1624; x_wconf 81' lang='lat' dir='ltr'><strong>radii</strong></span> <span class='ocrx_word' id='word_1_81' title='bbox 1119 1612 1134 1635; x_wconf 95' lang='lat'><strong>,</strong></span> <span class='ocrx_word' id='word_1_82' title='bbox 1164 1581 1219 1625; x_wconf 91' lang='lat' dir='ltr'><strong>et</strong></span> <span class='ocrx_word' id='word_1_83' title='bbox 1246 1571 1312 1625; x_wconf 88' lang='lat' dir='ltr'><strong>de</strong></span> <span class='ocrx_word' id='word_1_84' title='bbox 1342 1569 1569 1638; x_wconf 88' lang='lat' dir='ltr'><strong>triplicis</strong></span> <span class='ocrx_word' id='word_1_85' title='bbox 1611 1565 1740 1620; x_wconf 90' lang='lat' dir='ltr'><strong>solis</strong></span> <span class='ocrx_word' id='word_1_86' title='bbox 1770 1565 1977 1619; x_wconf 87' lang='lat' dir='ltr'><strong>lumine</strong></span> <span class='ocrx_word' id='word_1_87' title='bbox 2030 1579 2119 1618; x_wconf 90' lang='lat' dir='ltr'><strong>ac-</strong></span> 
     </span>
    </p>
   </div>
   <div class='ocr_carea' id='block_1_16' title="bbox 549 1657 2115 1730">
    <p class='ocr_par' dir='ltr' id='par_1_16' title="bbox 549 1657 2115 1730">
     <span class='ocr_line' id='line_1_16' title="bbox 549 1657 2115 1730; baseline -0.009 -9"><span class='ocrx_word' id='word_1_88' title='bbox 549 1683 723 1723; x_wconf 72' lang='lat' dir='ltr'><strong>censa:</strong></span> <span class='ocrx_word' id='word_1_89' title='bbox 763 1666 909 1721; x_wconf 79' lang='lat' dir='ltr'><strong>faces</strong></span> <span class='ocrx_word' id='word_1_90' title='bbox 936 1706 951 1730; x_wconf 94' lang='lat'><strong>,</strong></span> <span class='ocrx_word' id='word_1_91' title='bbox 986 1663 1041 1718; x_wconf 87' lang='lat' dir='ltr'><strong>in</strong></span> <span class='ocrx_word' id='word_1_92' title='bbox 1092 1662 1336 1717; x_wconf 89' lang='lat' dir='ltr'><strong>obscuris</strong></span> <span class='ocrx_word' id='word_1_93' title='bbox 1396 1660 1727 1712; x_wconf 82' lang='lat' dir='ltr'><strong>versantium</strong></span> <span class='ocrx_word' id='word_1_94' title='bbox 1768 1657 2115 1718; x_wconf 80' lang='lat' dir='ltr'><strong>illuminatio,</strong></span> 
     </span>
    </p>
   </div>
   <div class='ocr_carea' id='block_1_17' title="bbox 543 1749 2120 1821">
    <p class='ocr_par' dir='ltr' id='par_1_17' title="bbox 543 1749 2120 1821">
     <span class='ocr_line' id='line_1_17' title="bbox 543 1749 2120 1821; baseline -0.008 -8"><span class='ocrx_word' id='word_1_95' title='bbox 543 1759 704 1814; x_wconf 76' lang='lat' dir='ltr'><strong>ﬂores</strong></span> <span class='ocrx_word' id='word_1_96' title='bbox 739 1774 904 1814; x_wconf 81' lang='lat' dir='ltr'><strong>suave</strong></span> <span class='ocrx_word' id='word_1_97' title='bbox 939 1758 1143 1811; x_wconf 88' lang='lat' dir='ltr'><strong>olentes</strong></span> <span class='ocrx_word' id='word_1_98' title='bbox 1167 1796 1181 1818; x_wconf 92' lang='lat'><strong>,</strong></span> <span class='ocrx_word' id='word_1_99' title='bbox 1211 1750 1573 1821; x_wconf 88' lang='lat' dir='ltr'><strong>pulcherrima</strong></span> <span class='ocrx_word' id='word_1_100' title='bbox 1610 1750 1849 1818; x_wconf 86' lang='lat' dir='ltr'><strong>paradisi</strong></span> <span class='ocrx_word' id='word_1_101' title='bbox 1884 1749 2120 1803; x_wconf 71' lang='lat' dir='ltr'><strong>ammni-</strong></span> 
     </span>
    </p>
   </div>
   <div class='ocr_carea' id='block_1_18' title="bbox 549 1838 2119 1917">
    <p class='ocr_par' dir='ltr' id='par_1_18' title="bbox 549 1838 2119 1917">
     <span class='ocr_line' id='line_1_18' title="bbox 549 1838 2119 1917; baseline -0.008 -13"><span class='ocrx_word' id='word_1_102' title='bbox 549 1862 648 1912; x_wconf 82' lang='lat' dir='ltr'><strong>Ias,</strong></span> <span class='ocrx_word' id='word_1_103' title='bbox 675 1861 730 1905; x_wconf 89' lang='lat' dir='ltr'><strong>tu</strong></span> <span class='ocrx_word' id='word_1_104' title='bbox 762 1851 1031 1917; x_wconf 82' lang='lat' dir='ltr'><strong>Theologe</strong></span> <span class='ocrx_word' id='word_1_105' title='bbox 1057 1844 1305 1913; x_wconf 86' lang='lat' dir='ltr'><strong>Gregori,</strong></span> <span class='ocrx_word' id='word_1_106' title='bbox 1333 1852 1385 1896; x_wconf 91' lang='lat' dir='ltr'><strong>tu</strong></span> <span class='ocrx_word' id='word_1_107' title='bbox 1419 1840 1627 1895; x_wconf 89' lang='lat' dir='ltr'><strong>erudite</strong></span> <span class='ocrx_word' id='word_1_108' title='bbox 1653 1840 1836 1903; x_wconf 83' lang='lat' dir='ltr'><strong>Basili,</strong></span> <span class='ocrx_word' id='word_1_109' title='bbox 1870 1850 1922 1893; x_wconf 94' lang='lat' dir='ltr'><strong>tu</strong></span> <span class='ocrx_word' id='word_1_110' title='bbox 1947 1838 2119 1910; x_wconf 82' lang='lat' dir='ltr'><strong>Chry-</strong></span> 
     </span>
    </p>
   </div>
   <div class='ocr_carea' id='block_1_19' title="bbox 2231 648 3809 722">
    <p class='ocr_par' dir='ltr' id='par_1_19' title="bbox 2231 648 3809 722">
     <span class='ocr_line' id='line_1_19' title="bbox 2231 648 3809 722; baseline 0.006 -21"><span class='ocrx_word' id='word_1_111' title='bbox 2231 666 2345 701; x_wconf 81' lang='grc' dir='ltr'><strong>πων</strong></span> <span class='ocrx_word' id='word_1_112' title='bbox 2363 667 2427 718; x_wconf 87' lang='grc' dir='ltr'><strong>χα</strong></span> <span class='ocrx_word' id='word_1_113' title='bbox 2439 648 2524 720; x_wconf 73' lang='grc' dir='ltr'><strong>ρὰ,</strong></span> <span class='ocrx_word' id='word_1_114' title='bbox 2553 649 2645 700; x_wconf 70' lang='grc' dir='ltr'><strong>καὶ</strong></span> <span class='ocrx_word' id='word_1_115' title='bbox 2676 651 2774 719; x_wconf 84' lang='grc' dir='ltr'><strong>τῆς</strong></span> <span class='ocrx_word' id='word_1_116' title='bbox 2793 649 3118 722; x_wconf 80' lang='grc' dir='ltr'><strong>οἰκουμένης</strong></span> <span class='ocrx_word' id='word_1_117' title='bbox 3158 653 3206 704; x_wconf 85' lang='grc' dir='ltr'><strong>οἱ</strong></span> <span class='ocrx_word' id='word_1_118' title='bbox 3232 651 3580 720; x_wconf 84' lang='grc' dir='ltr'><strong>διδάσκαλοι,</strong></span> <span class='ocrx_word' id='word_1_119' title='bbox 3605 655 3701 708; x_wconf 81' lang='grc' dir='ltr'><strong>τοῦ</strong></span> <span class='ocrx_word' id='word_1_120' title='bbox 3730 656 3809 711; x_wconf 90' lang='grc' dir='ltr'><strong>λό-</strong></span> 
     </span>
    </p>
   </div>
   <div class='ocr_carea' id='block_1_20' title="bbox 2229 740 3809 819">
    <p class='ocr_par' dir='ltr' id='par_1_20' title="bbox 2229 740 3809 819">
     <span class='ocr_line' id='line_1_20' title="bbox 2229 740 3809 819; baseline 0.007 -27"><span class='ocrx_word' id='word_1_121' title='bbox 2229 756 2326 807; x_wconf 88' lang='grc' dir='ltr'><strong>γου</strong></span> <span class='ocrx_word' id='word_1_122' title='bbox 2358 744 2405 793; x_wconf 89' lang='grc' dir='ltr'><strong>οἱ</strong></span> <span class='ocrx_word' id='word_1_123' title='bbox 2438 740 2730 812; x_wconf 79' lang='grc' dir='ltr'><strong>πρόμαχοι,</strong></span> <span class='ocrx_word' id='word_1_124' title='bbox 2768 742 2942 813; x_wconf 70' lang='grc' dir='ltr'><strong>ἰατροὶ</strong></span> <span class='ocrx_word' id='word_1_125' title='bbox 2958 743 3317 815; x_wconf 78' lang='grc' dir='ltr'><strong>ἐπιστήμονες</strong></span> <span class='ocrx_word' id='word_1_126' title='bbox 3346 746 3455 799; x_wconf 86' lang='grc' dir='ltr'><strong>τῶν</strong></span> <span class='ocrx_word' id='word_1_127' title='bbox 3482 748 3809 819; x_wconf 82' lang='grc' dir='ltr'><strong>νοσημάτων</strong></span> 
     </span>
    </p>
   </div>
   <div class='ocr_carea' id='block_1_21' title="bbox 2227 829 3806 911">
    <p class='ocr_par' dir='ltr' id='par_1_21' title="bbox 2227 829 3806 911">
     <span class='ocr_line' id='line_1_21' title="bbox 2227 829 3806 911; baseline 0.006 -30"><span class='ocrx_word' id='word_1_128' title='bbox 2227 829 2324 898; x_wconf 83' lang='grc' dir='ltr'><strong>τῆς</strong></span> <span class='ocrx_word' id='word_1_129' title='bbox 2349 830 2528 902; x_wconf 73' lang='grc' dir='ltr'><strong>ψυχῆς</strong></span> <span class='ocrx_word' id='word_1_130' title='bbox 2555 830 2648 884; x_wconf 74' lang='grc' dir='ltr'><strong>καὶ</strong></span> <span class='ocrx_word' id='word_1_131' title='bbox 2686 830 2780 884; x_wconf 73' lang='grc' dir='ltr'><strong>τοῦ</strong></span> <span class='ocrx_word' id='word_1_132' title='bbox 2827 832 3095 904; x_wconf 84' lang='grc' dir='ltr'><strong>σώματος,</strong></span> <span class='ocrx_word' id='word_1_133' title='bbox 3116 837 3166 887; x_wconf 76' lang='lat' dir='ltr'><strong>oi</strong></span> <span class='ocrx_word' id='word_1_134' title='bbox 3208 836 3451 906; x_wconf 79' lang='grc' dir='ltr'><strong>άείρροοι</strong></span> <span class='ocrx_word' id='word_1_135' title='bbox 3479 838 3717 911; x_wconf 79' lang='grc' dir='ltr'><strong>ποταμοὶ</strong></span> <span class='ocrx_word' id='word_1_136' title='bbox 3758 839 3806 891; x_wconf 78' lang='grc' dir='ltr'><strong>οἱ</strong></span> 
     </span>
    </p>
   </div>
   <div class='ocr_carea' id='block_1_22' title="bbox 2226 921 3808 1009">
    <p class='ocr_par' dir='ltr' id='par_1_22' title="bbox 2226 921 3808 1009">
     <span class='ocr_line' id='line_1_22' title="bbox 2226 921 3808 1009; baseline 0.009 -34"><span class='ocrx_word' id='word_1_137' title='bbox 2226 921 2319 975; x_wconf 73' lang='grc' dir='ltr'><strong>τοῦ</strong></span> <span class='ocrx_word' id='word_1_138' title='bbox 2361 924 2697 995; x_wconf 73' lang='grc' dir='ltr'><strong>Πνεῦματος,</strong></span> <span class='ocrx_word' id='word_1_139' title='bbox 2726 923 2907 993; x_wconf 76' lang='grc' dir='ltr'><strong>λόγοις</strong></span> <span class='ocrx_word' id='word_1_140' title='bbox 2956 928 3006 980; x_wconf 80' lang='grc' dir='ltr'>οἱ</span> <span class='ocrx_word' id='word_1_141' title='bbox 3056 928 3522 1000; x_wconf 81' lang='grc' dir='ltr'><strong>καταρδεύσαντες</strong></span> <span class='ocrx_word' id='word_1_142' title='bbox 3553 935 3654 1009; x_wconf 77' lang='grc' dir='ltr'><strong>τῆς</strong></span> <span class='ocrx_word' id='word_1_143' title='bbox 3705 932 3808 1002; x_wconf 83' lang='grc' dir='ltr'><strong>γῆς</strong></span> 
     </span>
    </p>
   </div>
   <div class='ocr_carea' id='block_1_23' title="bbox 2227 1015 3806 1096">
    <p class='ocr_par' dir='ltr' id='par_1_23' title="bbox 2227 1015 3806 1096">
     <span class='ocr_line' id='line_1_23' title="bbox 2227 1015 3806 1096; baseline 0.006 -28"><span class='ocrx_word' id='word_1_144' title='bbox 2227 1015 2370 1068; x_wconf 76' lang='grc' dir='ltr'><strong>ἅπαν</strong></span> <span class='ocrx_word' id='word_1_145' title='bbox 2397 1016 2710 1085; x_wconf 88' lang='grc' dir='ltr'><strong>πρόσωπον,</strong></span> <span class='ocrx_word' id='word_1_146' title='bbox 2742 1018 2791 1069; x_wconf 81' lang='grc' dir='ltr'><strong>οἱ</strong></span> <span class='ocrx_word' id='word_1_147' title='bbox 2822 1018 3083 1088; x_wconf 86' lang='grc' dir='ltr'><strong>θεολόγοι,</strong></span> <span class='ocrx_word' id='word_1_148' title='bbox 3118 1021 3174 1072; x_wconf 87' lang='grc' dir='ltr'><strong>αἱ</strong></span> <span class='ocrx_word' id='word_1_149' title='bbox 3212 1020 3417 1089; x_wconf 86' lang='grc' dir='ltr'><strong>βάσεις,</strong></span> <span class='ocrx_word' id='word_1_150' title='bbox 3440 1023 3489 1075; x_wconf 80' lang='lat' dir='ltr'><strong>oi</strong></span> <span class='ocrx_word' id='word_1_151' title='bbox 3540 1024 3806 1096; x_wconf 86' lang='grc' dir='ltr'><strong>χρυσολό-</strong></span> 
     </span>
    </p>
   </div>
   <div class='ocr_carea' id='block_1_24' title="bbox 2225 1105 3805 1189">
    <p class='ocr_par' dir='ltr' id='par_1_24' title="bbox 2225 1105 3805 1189">
     <span class='ocr_line' id='line_1_24' title="bbox 2225 1105 3805 1189; baseline 0.01 -33"><span class='ocrx_word' id='word_1_152' title='bbox 2225 1122 2331 1174; x_wconf 86' lang='grc' dir='ltr'><strong>γοι.</strong></span> <span class='ocrx_word' id='word_1_153' title='bbox 2353 1106 2401 1157; x_wconf 88' lang='grc' dir='ltr'><strong>οἱ</strong></span> <span class='ocrx_word' id='word_1_154' title='bbox 2419 1105 2609 1160; x_wconf 78' lang='grc' dir='ltr'><strong>ἔνθεοι·</strong></span> <span class='ocrx_word' id='word_1_155' title='bbox 2650 1108 2883 1179; x_wconf 84' lang='grc' dir='ltr'><strong>Χριστὸν</strong></span> <span class='ocrx_word' id='word_1_156' title='bbox 2910 1111 3259 1182; x_wconf 68' lang='grc' dir='ltr'><strong>καταπέμψαι</strong></span> <span class='ocrx_word' id='word_1_157' title='bbox 3285 1117 3405 1178; x_wconf 85' lang='grc' dir='ltr'><strong>ταῖς</strong></span> <span class='ocrx_word' id='word_1_158' title='bbox 3429 1115 3628 1185; x_wconf 77' lang='grc' dir='ltr'><strong>ψυχαῖς</strong></span> <span class='ocrx_word' id='word_1_159' title='bbox 3648 1118 3805 1189; x_wconf 74' lang='grc' dir='ltr'><strong>ἡμῶν</strong></span> 
     </span>
    </p>
   </div>
   <div class='ocr_carea' id='block_1_25' title="bbox 2224 1195 2861 1267">
    <p class='ocr_par' dir='ltr' id='par_1_25' title="bbox 2224 1195 2861 1267">
     <span class='ocr_line' id='line_1_25' title="bbox 2224 1195 2861 1267; baseline 0.008 -21"><span class='ocrx_word' id='word_1_160' title='bbox 2224 1196 2423 1247; x_wconf 77' lang='grc' dir='ltr'><strong>αἰτεῖτε</strong></span> <span class='ocrx_word' id='word_1_161' title='bbox 2448 1195 2505 1247; x_wconf 84' lang='grc' dir='ltr'><strong>τὸ</strong></span> <span class='ocrx_word' id='word_1_162' title='bbox 2536 1197 2678 1267; x_wconf 83' lang='grc' dir='ltr'><strong>μέγα</strong></span> <span class='ocrx_word' id='word_1_163' title='bbox 2698 1198 2861 1261; x_wconf 77' lang='grc' dir='ltr'><strong>ἔλεος.</strong></span> 
     </span>
    </p>
   </div>
   <div class='ocr_carea' id='block_1_26' title="bbox 2296 1286 3805 1367">
    <p class='ocr_par' dir='ltr' id='par_1_26' title="bbox 2296 1286 3805 1367">
     <span class='ocr_line' id='line_1_26' title="bbox 2296 1286 3805 1367; baseline 0.01 -29"><span class='ocrx_word' id='word_1_164' title='bbox 2296 1286 2499 1357; x_wconf 85' lang='grc' dir='ltr'><strong>Στίχος.</strong></span> <span class='ocrx_word' id='word_1_165' title='bbox 2556 1290 2619 1341; x_wconf 83' lang='grc' dir='ltr'><strong>Οἱ</strong></span> <span class='ocrx_word' id='word_1_166' title='bbox 2668 1292 2828 1361; x_wconf 83' lang='grc' dir='ltr'>ἱερεῖς</span> <span class='ocrx_word' id='word_1_167' title='bbox 2876 1308 2992 1357; x_wconf 87' lang='grc' dir='ltr'><strong>σου,</strong></span> <span class='ocrx_word' id='word_1_168' title='bbox 3028 1296 3220 1367; x_wconf 75' lang='grc' dir='ltr'><strong>Κύριε,</strong></span> <span class='ocrx_word' id='word_1_169' title='bbox 3262 1296 3567 1351; x_wconf 79' lang='grc' dir='ltr'><strong>ὲνδύσονται</strong></span> <span class='ocrx_word' id='word_1_170' title='bbox 3598 1301 3805 1355; x_wconf 77' lang='grc' dir='ltr'><strong>δικαιο-</strong></span> 
     </span>
    </p>
   </div>
   <div class='ocr_carea' id='block_1_27' title="bbox 2225 1378 2408 1451">
    <p class='ocr_par' dir='ltr' id='par_1_27' title="bbox 2225 1378 2408 1451">
     <span class='ocr_line' id='line_1_27' title="bbox 2225 1378 2408 1451; baseline 0.005 -19"><span class='ocrx_word' id='word_1_171' title='bbox 2225 1378 2408 1451; x_wconf 81' lang='grc' dir='ltr'><strong>σύνην.</strong></span> 
     </span>
    </p>
   </div>
   <div class='ocr_carea' id='block_1_28' title="bbox 2290 1472 3799 1558">
    <p class='ocr_par' dir='ltr' id='par_1_28' title="bbox 2290 1472 3799 1558">
     <span class='ocr_line' id='line_1_28' title="bbox 2290 1472 3799 1558; baseline 0.011 -34"><span class='ocrx_word' id='word_1_172' title='bbox 2290 1472 2534 1545; x_wconf 72' lang='grc' dir='ltr'><strong>Χαίροις,</strong></span> <span class='ocrx_word' id='word_1_173' title='bbox 2585 1475 2855 1547; x_wconf 78' lang='grc' dir='ltr'><strong>ἱεραρχῶν</strong></span> <span class='ocrx_word' id='word_1_174' title='bbox 2893 1479 2924 1548; x_wconf 79' lang='grc' dir='ltr'>ἡ</span> <span class='ocrx_word' id='word_1_175' title='bbox 2970 1476 3147 1549; x_wconf 77' lang='grc' dir='ltr'><strong>τριὰς,</strong></span> <span class='ocrx_word' id='word_1_176' title='bbox 3174 1478 3268 1532; x_wconf 78' lang='grc' dir='ltr'><strong>τοῦ</strong></span> <span class='ocrx_word' id='word_1_177' title='bbox 3290 1480 3532 1549; x_wconf 72' lang='grc' dir='ltr'><strong>ἐπιγείου</strong></span> <span class='ocrx_word' id='word_1_178' title='bbox 3564 1488 3799 1558; x_wconf 79' lang='grc' dir='ltr'><strong>στερεώ-</strong></span> 
     </span>
    </p>
   </div>
   <div class='ocr_carea' id='block_1_29' title="bbox 2227 1566 3801 1644">
    <p class='ocr_par' dir='ltr' id='par_1_29' title="bbox 2227 1566 3801 1644">
     <span class='ocr_line' id='line_1_29' title="bbox 2227 1566 3801 1644; baseline 0.011 -29"><span class='ocrx_word' id='word_1_179' title='bbox 2227 1581 2392 1634; x_wconf 89' lang='grc' dir='ltr'><strong>ματος</strong></span> <span class='ocrx_word' id='word_1_180' title='bbox 2413 1566 2584 1634; x_wconf 78' lang='grc' dir='ltr'><strong>ἥλιος,</strong></span> <span class='ocrx_word' id='word_1_181' title='bbox 2619 1567 2861 1632; x_wconf 80' lang='grc' dir='ltr'><strong>ἀκτῖνες,</strong></span> <span class='ocrx_word' id='word_1_182' title='bbox 2902 1569 2996 1623; x_wconf 78' lang='grc' dir='ltr'><strong>καὶ</strong></span> <span class='ocrx_word' id='word_1_183' title='bbox 3022 1569 3296 1640; x_wconf 75' lang='grc' dir='ltr'><strong>δᾳδουχίαι</strong></span> <span class='ocrx_word' id='word_1_184' title='bbox 3324 1574 3387 1624; x_wconf 86' lang='grc' dir='ltr'><strong>ἐκ</strong></span> <span class='ocrx_word' id='word_1_185' title='bbox 3407 1573 3684 1644; x_wconf 72' lang='grc' dir='ltr'><strong>τρισηλίου</strong></span> <span class='ocrx_word' id='word_1_186' title='bbox 3707 1580 3801 1632; x_wconf 71' lang='grc' dir='ltr'><strong>αὖ-</strong></span> 
     </span>
    </p>
   </div>
   <div class='ocr_carea' id='block_1_30' title="bbox 2221 1654 3800 1735">
    <p class='ocr_par' dir='ltr' id='par_1_30' title="bbox 2221 1654 3800 1735">
     <span class='ocr_line' id='line_1_30' title="bbox 2221 1654 3800 1735; baseline 0.01 -30"><span class='ocrx_word' id='word_1_187' title='bbox 2221 1654 2347 1723; x_wconf 83' lang='grc' dir='ltr'><strong>γῆς,</strong></span> <span class='ocrx_word' id='word_1_188' title='bbox 2397 1655 2505 1708; x_wconf 84' lang='grc' dir='ltr'><strong>τῶν</strong></span> <span class='ocrx_word' id='word_1_189' title='bbox 2544 1657 2944 1726; x_wconf 82' lang='grc' dir='ltr'><strong>ὲσκοτισμένων</strong></span> <span class='ocrx_word' id='word_1_190' title='bbox 2997 1660 3029 1729; x_wconf 82' lang='grc' dir='ltr'>ἡ</span> <span class='ocrx_word' id='word_1_191' title='bbox 3073 1658 3385 1728; x_wconf 65' lang='grc' dir='ltr'><strong>ἀνάϐλεψις,</strong></span> <span class='ocrx_word' id='word_1_192' title='bbox 3436 1661 3505 1714; x_wconf 76' lang='grc' dir='ltr'><strong>τά</strong></span> <span class='ocrx_word' id='word_1_193' title='bbox 3542 1660 3678 1735; x_wconf 80' lang='grc' dir='ltr'><strong>ἄνθη</strong></span> <span class='ocrx_word' id='word_1_194' title='bbox 3732 1668 3800 1721; x_wconf 74' lang='grc' dir='ltr'><strong>τὰ</strong></span> 
     </span>
    </p>
   </div>
   <div class='ocr_carea' id='block_1_31' title="bbox 2221 1744 3799 1825">
    <p class='ocr_par' dir='ltr' id='par_1_31' title="bbox 2221 1744 3799 1825">
     <span class='ocr_line' id='line_1_31' title="bbox 2221 1744 3799 1825; baseline 0.008 -27"><span class='ocrx_word' id='word_1_195' title='bbox 2221 1744 2451 1814; x_wconf 74' lang='grc' dir='ltr'><strong>εὔοσμα,</strong></span> <span class='ocrx_word' id='word_1_196' title='bbox 2501 1748 2595 1802; x_wconf 81' lang='grc' dir='ltr'><strong>τοῦ</strong></span> <span class='ocrx_word' id='word_1_197' title='bbox 2640 1750 2971 1819; x_wconf 63' lang='grc' dir='ltr'><strong>,παραδείσου</strong></span> <span class='ocrx_word' id='word_1_198' title='bbox 3013 1751 3084 1805; x_wconf 80' lang='grc' dir='ltr'><strong>τά</strong></span> <span class='ocrx_word' id='word_1_199' title='bbox 3140 1751 3420 1816; x_wconf 87' lang='grc' dir='ltr'><strong>κάλλιστα,</strong></span> <span class='ocrx_word' id='word_1_200' title='bbox 3481 1757 3509 1807; x_wconf 99' lang='lat'><strong>6</strong></span> <span class='ocrx_word' id='word_1_201' title='bbox 3555 1754 3799 1825; x_wconf 83' lang='grc' dir='ltr'><strong>θεολόγος</strong></span> 
     </span>
    </p>
   </div>
   <div class='ocr_carea' id='block_1_32' title="bbox 2222 1838 3799 1920">
    <p class='ocr_par' dir='ltr' id='par_1_32' title="bbox 2222 1838 3799 1920">
     <span class='ocr_line' id='line_1_32' title="bbox 2222 1838 3799 1920; baseline 0.008 -29"><span class='ocrx_word' id='word_1_202' title='bbox 2222 1838 2543 1912; x_wconf 87' lang='grc' dir='ltr'><strong>Γρηγόριος,</strong></span> <span class='ocrx_word' id='word_1_203' title='bbox 2582 1843 2610 1895; x_wconf 91' lang='lat'><strong>6</strong></span> <span class='ocrx_word' id='word_1_204' title='bbox 2644 1841 2805 1909; x_wconf 84' lang='grc' dir='ltr'><strong>σοφός</strong></span> <span class='ocrx_word' id='word_1_205' title='bbox 2850 1860 2910 1896; x_wconf 87' lang='grc' dir='ltr'><strong>τε</strong></span> <span class='ocrx_word' id='word_1_206' title='bbox 2967 1844 3265 1911; x_wconf 87' lang='grc' dir='ltr'><strong>Βασίλειος,</strong></span> <span class='ocrx_word' id='word_1_207' title='bbox 3316 1846 3345 1899; x_wconf 92' lang='lat'><strong>6</strong></span> <span class='ocrx_word' id='word_1_208' title='bbox 3393 1847 3799 1920; x_wconf 86' lang='grc' dir='ltr'><strong>Χρυσόστομος,</strong></span> 
     </span>
    </p>
   </div>
   <div class='ocr_carea' id='block_1_33' title="bbox 544 1915 2123 2015">
    <p class='ocr_par' dir='ltr' id='par_1_33' title="bbox 544 1915 2114 2008">
     <span class='ocr_line' id='line_1_33' title="bbox 544 1915 2114 2008; baseline -0.008 -11"><span class='ocrx_word' id='word_1_209' title='bbox 544 1955 803 2005; x_wconf 74' lang='lat' dir='ltr'><strong>sus-tome,</strong></span> <span class='ocrx_word' id='word_1_210' title='bbox 836 1915 1071 2008; x_wconf 82' lang='lat' dir='ltr'><strong>Spiritus</strong></span> <span class='ocrx_word' id='word_1_211' title='bbox 1102 1934 1294 1990; x_wconf 73' lang='lat' dir='ltr'><strong>tabula:</strong></span> <span class='ocrx_word' id='word_1_212' title='bbox 1322 1950 1351 1989; x_wconf 89' lang='lat' dir='ltr'><strong>a</strong></span> <span class='ocrx_word' id='word_1_213' title='bbox 1406 1935 1513 1989; x_wconf 88' lang='lat' dir='ltr'><strong>Deo</strong></span> <span class='ocrx_word' id='word_1_214' title='bbox 1568 1942 1804 1989; x_wconf 67' lang='lat' dir='ltr'><strong>exaratae</strong></span> <span class='ocrx_word' id='word_1_215' title='bbox 1831 1972 1847 1997; x_wconf 90' lang='lat'><strong>,</strong></span> <span class='ocrx_word' id='word_1_216' title='bbox 1881 1931 2114 1986; x_wconf 85' lang='lat' dir='ltr'><strong>distenta</strong></span> 
     </span>
    </p>
   </div>
   <div class='ocr_carea' id='block_1_34' title="bbox 2210 1915 3798 2015">
    <p class='ocr_par' dir='ltr' id='par_1_34' title="bbox 2220 1915 3798 2015">
     <span class='ocr_line' id='line_1_34' title="bbox 2220 1915 3798 2015; baseline 0.008 -33"><span class='ocrx_word' id='word_1_217' title='bbox 2220 1928 2285 1983; x_wconf 78' lang='grc' dir='ltr'><strong>τά</strong></span> <span class='ocrx_word' id='word_1_218' title='bbox 2323 1930 2488 1996; x_wconf 80' lang='grc' dir='ltr'><strong>πυξία</strong></span> <span class='ocrx_word' id='word_1_219' title='bbox 2537 1932 2628 1986; x_wconf 77' lang='grc' dir='ltr'><strong>τοῦ</strong></span> <span class='ocrx_word' id='word_1_220' title='bbox 2677 1932 3011 2015; x_wconf 73' lang='grc' dir='ltr'><strong>Πνεῦματος,</strong></span> <span class='ocrx_word' id='word_1_221' title='bbox 3066 1936 3271 2001; x_wconf 83' lang='grc' dir='ltr'><strong>πλάκες</strong></span> <span class='ocrx_word' id='word_1_222' title='bbox 3323 1939 3376 1991; x_wconf 90' lang='grc' dir='ltr'><strong>αἱ</strong></span> <span class='ocrx_word' id='word_1_223' title='bbox 3420 1915 3798 2011; x_wconf 77' lang='grc' dir='ltr'><strong>θεοχάρακτοι,</strong></span> 
     </span>
    </p>
   </div>
   <div class='ocr_carea' id='block_1_35' title="bbox 544 2025 2115 2095">
    <p class='ocr_par' dir='ltr' id='par_1_35' title="bbox 544 2025 2115 2095">
     <span class='ocr_line' id='line_1_35' title="bbox 544 2025 2115 2095; baseline -0.004 -7"><span class='ocrx_word' id='word_1_224' title='bbox 544 2035 731 2089; x_wconf 85' lang='lat' dir='ltr'><strong>salutis</strong></span> <span class='ocrx_word' id='word_1_225' title='bbox 776 2034 914 2087; x_wconf 87' lang='lat' dir='ltr'><strong>lacte</strong></span> <span class='ocrx_word' id='word_1_226' title='bbox 947 2031 1133 2094; x_wconf 89' lang='lat' dir='ltr'><strong>ubera,</strong></span> <span class='ocrx_word' id='word_1_227' title='bbox 1174 2038 1491 2081; x_wconf 85' lang='lat' dir='ltr'><strong>ornamenta</strong></span> <span class='ocrx_word' id='word_1_228' title='bbox 1524 2026 1848 2095; x_wconf 60' lang='lat' dir='ltr'><strong>sapientia;</strong></span> <span class='ocrx_word' id='word_1_229' title='bbox 1894 2025 2115 2082; x_wconf 83' lang='lat' dir='ltr'><strong>Christo</strong></span> 
     </span>
    </p>
   </div>
   <div class='ocr_carea' id='block_1_36' title="bbox 544 2113 2116 2197">
    <p class='ocr_par' dir='ltr' id='par_1_36' title="bbox 544 2113 2116 2197">
     <span class='ocr_line' id='line_1_36' title="bbox 544 2113 2116 2197; baseline -0.006 -16"><span class='ocrx_word' id='word_1_230' title='bbox 544 2126 872 2197; x_wconf 80' lang='lat' dir='ltr'><strong>supplicate,</strong></span> <span class='ocrx_word' id='word_1_231' title='bbox 927 2131 985 2175; x_wconf 95' lang='lat' dir='ltr'><strong>ut</strong></span> <span class='ocrx_word' id='word_1_232' title='bbox 1036 2113 1285 2191; x_wconf 72' lang='lat' dir='ltr'><strong>magnam</strong></span> <span class='ocrx_word' id='word_1_233' title='bbox 1324 2119 1482 2173; x_wconf 88' lang='lat' dir='ltr'><strong>nobis</strong></span> <span class='ocrx_word' id='word_1_234' title='bbox 1541 2118 1745 2172; x_wconf 79' lang='lat' dir='ltr'><strong>tribuat</strong></span> <span class='ocrx_word' id='word_1_235' title='bbox 1805 2119 2116 2173; x_wconf 87' lang='lat' dir='ltr'><strong>misericor-</strong></span> 
     </span>
    </p>
   </div>
   <div class='ocr_carea' id='block_1_37' title="bbox 541 2204 1597 2272">
    <p class='ocr_par' dir='ltr' id='par_1_37' title="bbox 541 2204 1597 2272">
     <span class='ocr_line' id='line_1_37' title="bbox 541 2204 1597 2272; baseline -0.001 0"><span class='ocrx_word' id='word_1_236' title='bbox 541 2220 706 2272; x_wconf 88' lang='lat' dir='ltr'><strong>diam.</strong></span> <span class='ocrx_word' id='word_1_237' title='bbox 1594 2204 1597 2207; x_wconf 17' lang='lat' dir='ltr'><strong><em>v</em></strong></span> 
     </span>
    </p>
   </div>
   <div class='ocr_carea' id='block_1_38' title="bbox 706 2302 1970 2363">
    <p class='ocr_par' dir='ltr' id='par_1_38' title="bbox 706 2302 1970 2363">
     <span class='ocr_line' id='line_1_38' title="bbox 706 2302 1970 2363; baseline -0.006 0"><span class='ocrx_word' id='word_1_238' title='bbox 706 2308 904 2363; x_wconf 87' lang='lat' dir='ltr'><strong>Gloria.</strong></span> <span class='ocrx_word' id='word_1_239' title='bbox 1603 2302 1783 2357; x_wconf 81' lang='lat' dir='ltr'><strong>Tonus</strong></span> <span class='ocrx_word' id='word_1_240' title='bbox 1809 2302 1970 2356; x_wconf 87' lang='lat' dir='ltr'><strong>idem.</strong></span> 
     </span>
    </p>
   </div>
   <div class='ocr_carea' id='block_1_39' title="bbox 614 2393 2117 2465">
    <p class='ocr_par' dir='ltr' id='par_1_39' title="bbox 614 2393 2117 2465">
     <span class='ocr_line' id='line_1_39' title="bbox 614 2393 2117 2465; baseline -0.006 -9"><span class='ocrx_word' id='word_1_241' title='bbox 614 2401 738 2458; x_wconf 72' lang='grc'><strong>125.</strong></span> <span class='ocrx_word' id='word_1_242' title='bbox 771 2401 1039 2455; x_wconf 88' lang='lat' dir='ltr'><strong>Canamus</strong></span> <span class='ocrx_word' id='word_1_243' title='bbox 1077 2398 1257 2463; x_wconf 86' lang='lat' dir='ltr'><strong>tubis,</strong></span> <span class='ocrx_word' id='word_1_244' title='bbox 1306 2397 1658 2465; x_wconf 86' lang='lat' dir='ltr'><strong>tripudiemus</strong></span> <span class='ocrx_word' id='word_1_245' title='bbox 1704 2405 1763 2450; x_wconf 88' lang='lat' dir='ltr'><strong>ut</strong></span> <span class='ocrx_word' id='word_1_246' title='bbox 1813 2394 1990 2450; x_wconf 77' lang='lat' dir='ltr'><strong>facere</strong></span> <span class='ocrx_word' id='word_1_247' title='bbox 2043 2393 2117 2448; x_wconf 80' lang='lat' dir='ltr'><strong>fe-</strong></span> 
     </span>
    </p>
   </div>
   <div class='ocr_carea' id='block_1_40' title="bbox 540 2487 2111 2559">
    <p class='ocr_par' dir='ltr' id='par_1_40' title="bbox 540 2487 2111 2559">
     <span class='ocr_line' id='line_1_40' title="bbox 540 2487 2111 2559; baseline -0.004 -10"><span class='ocrx_word' id='word_1_248' title='bbox 540 2505 625 2550; x_wconf 87' lang='lat' dir='ltr'><strong>sto</strong></span> <span class='ocrx_word' id='word_1_249' title='bbox 656 2495 742 2550; x_wconf 89' lang='lat' dir='ltr'><strong>die</strong></span> <span class='ocrx_word' id='word_1_250' title='bbox 774 2492 1047 2555; x_wconf 79' lang='lat' dir='ltr'><strong>convenit,</strong></span> <span class='ocrx_word' id='word_1_251' title='bbox 1075 2499 1129 2543; x_wconf 91' lang='lat' dir='ltr'><strong>et</strong></span> <span class='ocrx_word' id='word_1_252' title='bbox 1158 2490 1454 2559; x_wconf 81' lang='lat' dir='ltr'><strong>gestiamus</strong></span> <span class='ocrx_word' id='word_1_253' title='bbox 1479 2487 1688 2551; x_wconf 63' lang='lat' dir='ltr'><strong>latitia,</strong></span> <span class='ocrx_word' id='word_1_254' title='bbox 1722 2499 1867 2542; x_wconf 74' lang='lat' dir='ltr'><strong>coetu</strong></span> <span class='ocrx_word' id='word_1_255' title='bbox 1898 2488 2111 2558; x_wconf 90' lang='lat' dir='ltr'><strong>publico</strong></span> 
     </span>
    </p>
   </div>
   <div class='ocr_carea' id='block_1_41' title="bbox 541 2578 2111 2657">
    <p class='ocr_par' dir='ltr' id='par_1_41' title="bbox 541 2578 2111 2657">
     <span class='ocr_line' id='line_1_41' title="bbox 541 2578 2111 2657; baseline -0.008 -17"><span class='ocrx_word' id='word_1_256' title='bbox 541 2588 594 2640; x_wconf 92' lang='lat' dir='ltr'><strong>in</strong></span> <span class='ocrx_word' id='word_1_257' title='bbox 646 2594 956 2640; x_wconf 89' lang='lat' dir='ltr'><strong>nostrorum</strong></span> <span class='ocrx_word' id='word_1_258' title='bbox 986 2580 1215 2652; x_wconf 86' lang='lat' dir='ltr'><strong>gratiam</strong></span> <span class='ocrx_word' id='word_1_259' title='bbox 1250 2578 1533 2657; x_wconf 78' lang='lat' dir='ltr'><strong>doctorum</strong></span> <span class='ocrx_word' id='word_1_260' title='bbox 1570 2587 1781 2633; x_wconf 90' lang='lat' dir='ltr'><strong>coacto.</strong></span> <span class='ocrx_word' id='word_1_261' title='bbox 1817 2579 1990 2650; x_wconf 76' lang='lat' dir='ltr'><strong>Reges</strong></span> <span class='ocrx_word' id='word_1_262' title='bbox 2048 2595 2111 2633; x_wconf 84' lang='lat' dir='ltr'><strong>ac</strong></span> 
     </span>
    </p>
   </div>
   <div class='ocr_carea' id='block_1_42' title="bbox 541 2669 2111 2747">
    <p class='ocr_par' dir='ltr' id='par_1_42' title="bbox 541 2669 2111 2747">
     <span class='ocr_line' id='line_1_42' title="bbox 541 2669 2111 2747; baseline -0.004 -16"><span class='ocrx_word' id='word_1_263' title='bbox 541 2677 817 2747; x_wconf 86' lang='lat' dir='ltr'><strong>principes</strong></span> <span class='ocrx_word' id='word_1_264' title='bbox 864 2680 1238 2736; x_wconf 88' lang='lat' dir='ltr'><strong>concurrant,</strong></span> <span class='ocrx_word' id='word_1_265' title='bbox 1275 2680 1332 2725; x_wconf 88' lang='lat' dir='ltr'><strong>et</strong></span> <span class='ocrx_word' id='word_1_266' title='bbox 1388 2669 1707 2726; x_wconf 85' lang='lat' dir='ltr'><strong>hierarchas</strong></span> <span class='ocrx_word' id='word_1_267' title='bbox 1758 2686 1877 2726; x_wconf 79' lang='lat' dir='ltr'><strong>cum</strong></span> <span class='ocrx_word' id='word_1_268' title='bbox 1922 2673 2111 2740; x_wconf 86' lang='lat' dir='ltr'><strong>plausu</strong></span> 
     </span>
    </p>
   </div>
   <div class='ocr_carea' id='block_1_43' title="bbox 544 2761 2114 2838">
    <p class='ocr_par' dir='ltr' id='par_1_43' title="bbox 544 2761 2114 2838">
     <span class='ocr_line' id='line_1_43' title="bbox 544 2761 2114 2838; baseline -0.005 -15"><span class='ocrx_word' id='word_1_269' title='bbox 544 2769 844 2838; x_wconf 82' lang='lat' dir='ltr'><strong>excipiant,</strong></span> <span class='ocrx_word' id='word_1_270' title='bbox 873 2781 978 2823; x_wconf 90' lang='lat' dir='ltr'><strong>non</strong></span> <span class='ocrx_word' id='word_1_271' title='bbox 1008 2780 1163 2821; x_wconf 89' lang='lat' dir='ltr'><strong>secus</strong></span> <span class='ocrx_word' id='word_1_272' title='bbox 1191 2780 1254 2819; x_wconf 85' lang='lat' dir='ltr'><strong>ac</strong></span> <span class='ocrx_word' id='word_1_273' title='bbox 1310 2775 1417 2819; x_wconf 88' lang='lat' dir='ltr'><strong>tres</strong></span> <span class='ocrx_word' id='word_1_274' title='bbox 1455 2764 1747 2818; x_wconf 87' lang='lat' dir='ltr'><strong>immensos</strong></span> <span class='ocrx_word' id='word_1_275' title='bbox 1776 2761 1965 2816; x_wconf 83' lang='lat' dir='ltr'><strong>ﬂuvios</strong></span> <span class='ocrx_word' id='word_1_276' title='bbox 2016 2763 2114 2815; x_wconf 91' lang='lat' dir='ltr'><strong>do-</strong></span> 
     </span>
    </p>
   </div>
   <div class='ocr_carea' id='block_1_44' title="bbox 537 2852 2112 2931">
    <p class='ocr_par' dir='ltr' id='par_1_44' title="bbox 537 2852 2112 2931">
     <span class='ocr_line' id='line_1_44' title="bbox 537 2852 2112 2931; baseline -0.003 -18"><span class='ocrx_word' id='word_1_277' title='bbox 537 2870 820 2931; x_wconf 90' lang='lat' dir='ltr'><strong>gmatum;</strong></span> <span class='ocrx_word' id='word_1_278' title='bbox 881 2868 992 2913; x_wconf 84' lang='lat' dir='ltr'><strong>tres</strong></span> <span class='ocrx_word' id='word_1_279' title='bbox 1053 2858 1353 2913; x_wconf 71' lang='lat' dir='ltr'><strong>Calirrhoa:</strong></span> <span class='ocrx_word' id='word_1_280' title='bbox 1412 2856 1548 2911; x_wconf 78' lang='lat' dir='ltr'><strong>fonti</strong></span> <span class='ocrx_word' id='word_1_281' title='bbox 1582 2855 1783 2911; x_wconf 86' lang='lat' dir='ltr'><strong>similes</strong></span> <span class='ocrx_word' id='word_1_282' title='bbox 1820 2894 1837 2920; x_wconf 94' lang='lat'><strong>,</strong></span> <span class='ocrx_word' id='word_1_283' title='bbox 1874 2852 2112 2923; x_wconf 87' lang='lat' dir='ltr'><strong>Spiritus</strong></span> 
     </span>
    </p>
   </div>
   <div class='ocr_carea' id='block_1_45' title="bbox 535 2947 2111 3022">
    <p class='ocr_par' dir='ltr' id='par_1_45' title="bbox 535 2947 2111 3022">
     <span class='ocr_line' id='line_1_45' title="bbox 535 2947 2111 3022; baseline -0.003 -18"><span class='ocrx_word' id='word_1_284' title='bbox 535 2966 733 3022; x_wconf 88' lang='lat' dir='ltr'><strong>aquam</strong></span> <span class='ocrx_word' id='word_1_285' title='bbox 758 2949 936 3004; x_wconf 88' lang='lat' dir='ltr'><strong>vivam</strong></span> <span class='ocrx_word' id='word_1_286' title='bbox 975 2950 1026 3001; x_wconf 92' lang='lat' dir='ltr'><strong>in</strong></span> <span class='ocrx_word' id='word_1_287' title='bbox 1057 2959 1377 3017; x_wconf 90' lang='lat' dir='ltr'><strong>perpetuum</strong></span> <span class='ocrx_word' id='word_1_288' title='bbox 1438 2948 1749 3002; x_wconf 79' lang='lat' dir='ltr'><strong>fundentes.</strong></span> <span class='ocrx_word' id='word_1_289' title='bbox 1786 2947 1830 3002; x_wconf 91' lang='grc' dir='ltr'><strong>Ο</strong></span> <span class='ocrx_word' id='word_1_290' title='bbox 1867 2956 2111 3016; x_wconf 82' lang='lat' dir='ltr'><strong>pastores</strong></span> 
     </span>
    </p>
   </div>
   <div class='ocr_carea' id='block_1_46' title="bbox 535 3037 2102 3111">
    <p class='ocr_par' dir='ltr' id='par_1_46' title="bbox 535 3037 2102 3111">
     <span class='ocr_line' id='line_1_46' title="bbox 535 3037 2102 3111; baseline -0.003 -14"><span class='ocrx_word' id='word_1_291' title='bbox 535 3058 600 3097; x_wconf 85' lang='lat' dir='ltr'><strong>ac</strong></span> <span class='ocrx_word' id='word_1_292' title='bbox 628 3041 894 3111; x_wconf 83' lang='lat' dir='ltr'><strong>magistri,</strong></span> <span class='ocrx_word' id='word_1_293' title='bbox 938 3055 1040 3093; x_wconf 87' lang='lat' dir='ltr'><strong>una</strong></span> <span class='ocrx_word' id='word_1_294' title='bbox 1074 3040 1415 3093; x_wconf 85' lang='lat' dir='ltr'><strong>celebremus</strong></span> <span class='ocrx_word' id='word_1_295' title='bbox 1454 3048 1563 3092; x_wconf 88' lang='lat' dir='ltr'><strong>tres</strong></span> <span class='ocrx_word' id='word_1_296' title='bbox 1604 3041 1893 3093; x_wconf 69' lang='lat' dir='ltr'><strong>adoranda:</strong></span> <span class='ocrx_word' id='word_1_297' title='bbox 1921 3037 2102 3093; x_wconf 75' lang='lat' dir='ltr'><strong>Trini-</strong></span> 
     </span>
    </p>
   </div>
   <div class='ocr_carea' id='block_1_47' title="bbox 538 3130 2111 3203">
    <p class='ocr_par' dir='ltr' id='par_1_47' title="bbox 538 3130 2111 3203">
     <span class='ocr_line' id='line_1_47' title="bbox 538 3130 2111 3203; baseline 0 -18"><span class='ocrx_word' id='word_1_298' title='bbox 538 3135 665 3188; x_wconf 87' lang='lat' dir='ltr'><strong>tatis</strong></span> <span class='ocrx_word' id='word_1_299' title='bbox 694 3134 1056 3203; x_wconf 81' lang='lat' dir='ltr'><strong>interpretes:</strong></span> <span class='ocrx_word' id='word_1_300' title='bbox 1090 3130 1409 3201; x_wconf 84' lang='lat' dir='ltr'><strong>philosophi,</strong></span> <span class='ocrx_word' id='word_1_301' title='bbox 1430 3132 1799 3197; x_wconf 87' lang='lat' dir='ltr'><strong>utsapientes;</strong></span> <span class='ocrx_word' id='word_1_302' title='bbox 1834 3133 2111 3201; x_wconf 81' lang='lat' dir='ltr'><strong>presbyte-</strong></span> 
     </span>
    </p>
   </div>
   <div class='ocr_carea' id='block_1_48' title="bbox 2226 2020 3797 2102">
    <p class='ocr_par' dir='ltr' id='par_1_48' title="bbox 2226 2020 3797 2102">
     <span class='ocr_line' id='line_1_48' title="bbox 2226 2020 3797 2102; baseline 0.01 -31"><span class='ocrx_word' id='word_1_303' title='bbox 2226 2020 2384 2091; x_wconf 74' lang='grc' dir='ltr'><strong>μαζοὶ</strong></span> <span class='ocrx_word' id='word_1_304' title='bbox 2425 2023 2473 2074; x_wconf 84' lang='lat' dir='ltr'><strong>oi</strong></span> <span class='ocrx_word' id='word_1_305' title='bbox 2508 2022 2866 2086; x_wconf 74' lang='grc' dir='ltr'><strong>ὲκόλύζοντες</strong></span> <span class='ocrx_word' id='word_1_306' title='bbox 2897 2024 2997 2093; x_wconf 80' lang='grc' dir='ltr'><strong>τῆς</strong></span> <span class='ocrx_word' id='word_1_307' title='bbox 3025 2028 3295 2096; x_wconf 78' lang='grc' dir='ltr'><strong>σωτηρίας</strong></span> <span class='ocrx_word' id='word_1_308' title='bbox 3322 2028 3382 2081; x_wconf 81' lang='grc' dir='ltr'><strong>τὸ</strong></span> <span class='ocrx_word' id='word_1_309' title='bbox 3412 2029 3572 2097; x_wconf 84' lang='grc' dir='ltr'><strong>γάλα,</strong></span> <span class='ocrx_word' id='word_1_310' title='bbox 3616 2031 3677 2085; x_wconf 83' lang='grc' dir='ltr'><strong>τὸ</strong></span> <span class='ocrx_word' id='word_1_311' title='bbox 3702 2032 3797 2102; x_wconf 79' lang='grc' dir='ltr'><strong>τῆς</strong></span> 
     </span>
    </p>
   </div>
   <div class='ocr_carea' id='block_1_49' title="bbox 2224 2112 3795 2192">
    <p class='ocr_par' dir='ltr' id='par_1_49' title="bbox 2224 2112 3795 2192">
     <span class='ocr_line' id='line_1_49' title="bbox 2224 2112 3795 2192; baseline 0.009 -29"><span class='ocrx_word' id='word_1_312' title='bbox 2224 2112 2415 2181; x_wconf 82' lang='grc' dir='ltr'><strong>σοφίας</strong></span> <span class='ocrx_word' id='word_1_313' title='bbox 2450 2115 2512 2167; x_wconf 83' lang='grc' dir='ltr'><strong>τὸ</strong></span> <span class='ocrx_word' id='word_1_314' title='bbox 2532 2114 2823 2186; x_wconf 73' lang='grc' dir='ltr'><strong>ἀγλάϊσμα·</strong></span> <span class='ocrx_word' id='word_1_315' title='bbox 2863 2116 3095 2187; x_wconf 84' lang='grc' dir='ltr'><strong>Χριστὸν</strong></span> <span class='ocrx_word' id='word_1_316' title='bbox 3125 2116 3424 2171; x_wconf 68' lang='grc' dir='ltr'><strong>δυσωπεῖτε</strong></span> <span class='ocrx_word' id='word_1_317' title='bbox 3454 2125 3574 2183; x_wconf 82' lang='grc' dir='ltr'><strong>ταῖς</strong></span> <span class='ocrx_word' id='word_1_318' title='bbox 3599 2123 3795 2192; x_wconf 70' lang='grc' dir='ltr'><strong>ψυχαῖς</strong></span> 
     </span>
    </p>
   </div>
   <div class='ocr_carea' id='block_1_50' title="bbox 2221 2203 3062 2278">
    <p class='ocr_par' dir='ltr' id='par_1_50' title="bbox 2221 2203 3062 2278">
     <span class='ocr_line' id='line_1_50' title="bbox 2221 2203 3062 2278; baseline 0.007 -23"><span class='ocrx_word' id='word_1_319' title='bbox 2221 2203 2376 2275; x_wconf 72' lang='grc' dir='ltr'><strong>ἡμῶν</strong></span> <span class='ocrx_word' id='word_1_320' title='bbox 2392 2205 2610 2278; x_wconf 80' lang='grc' dir='ltr'><strong>δοθῆναι</strong></span> <span class='ocrx_word' id='word_1_321' title='bbox 2639 2208 2699 2261; x_wconf 71' lang='grc' dir='ltr'><strong>τὲ,</strong></span> <span class='ocrx_word' id='word_1_322' title='bbox 2727 2209 2867 2278; x_wconf 90' lang='grc' dir='ltr'><strong>μέγα</strong></span> <span class='ocrx_word' id='word_1_323' title='bbox 2897 2207 3062 2273; x_wconf 77' lang='grc' dir='ltr'><strong>ἔλεος.</strong></span> 
     </span>
    </p>
   </div>
   <div class='ocr_carea' id='block_1_51' title="bbox 2381 2294 3655 2371">
    <p class='ocr_par' dir='ltr' id='par_1_51' title="bbox 2381 2294 3655 2371">
     <span class='ocr_line' id='line_1_51' title="bbox 2381 2294 3655 2371; baseline 0.006 -23"><span class='ocrx_word' id='word_1_324' title='bbox 2381 2295 2537 2361; x_wconf 80' lang='grc' dir='ltr'><strong>Δόξα.</strong></span> <span class='ocrx_word' id='word_1_325' title='bbox 3216 2294 3391 2371; x_wconf 86' lang='grc' dir='ltr'><strong>Ἥχος</strong></span> <span class='ocrx_word' id='word_1_326' title='bbox 3410 2302 3438 2355; x_wconf 92' lang='lat'><strong>6</strong></span> <span class='ocrx_word' id='word_1_327' title='bbox 3469 2302 3655 2367; x_wconf 84' lang='grc' dir='ltr'><strong>αὐτός.</strong></span> 
     </span>
    </p>
   </div>
   <div class='ocr_carea' id='block_1_52' title="bbox 2286 2382 3795 2467">
    <p class='ocr_par' dir='ltr' id='par_1_52' title="bbox 2286 2382 3795 2467">
     <span class='ocr_line' id='line_1_52' title="bbox 2286 2382 3795 2467; baseline 0.009 -30"><span class='ocrx_word' id='word_1_328' title='bbox 2286 2382 2645 2459; x_wconf 85' lang='grc' dir='ltr'><strong>Σαλπίσωμεν</strong></span> <span class='ocrx_word' id='word_1_329' title='bbox 2699 2392 2756 2443; x_wconf 81' lang='grc' dir='ltr'><strong>ἐν</strong></span> <span class='ocrx_word' id='word_1_330' title='bbox 2811 2393 3068 2462; x_wconf 74' lang='grc' dir='ltr'><strong>σάλπιγγι</strong></span> <span class='ocrx_word' id='word_1_331' title='bbox 3121 2395 3403 2465; x_wconf 75' lang='grc' dir='ltr'><strong>ᾀσμάτων,</strong></span> <span class='ocrx_word' id='word_1_332' title='bbox 3446 2396 3795 2467; x_wconf 77' lang='grc' dir='ltr'><strong>χορεύσωμεν</strong></span> 
     </span>
    </p>
   </div>
   <div class='ocr_carea' id='block_1_53' title="bbox 2219 2480 3793 2561">
    <p class='ocr_par' dir='ltr' id='par_1_53' title="bbox 2219 2480 3793 2561">
     <span class='ocr_line' id='line_1_53' title="bbox 2219 2480 3793 2561; baseline 0.007 -30"><span class='ocrx_word' id='word_1_333' title='bbox 2219 2480 2424 2551; x_wconf 82' lang='grc' dir='ltr'><strong>ὲόρτια,</strong></span> <span class='ocrx_word' id='word_1_334' title='bbox 2466 2480 2560 2533; x_wconf 73' lang='grc' dir='ltr'><strong>καὶ</strong></span> <span class='ocrx_word' id='word_1_335' title='bbox 2591 2482 2976 2553; x_wconf 85' lang='grc' dir='ltr'><strong>σκιρτήσωμεν</strong></span> <span class='ocrx_word' id='word_1_336' title='bbox 3003 2486 3363 2556; x_wconf 79' lang='grc' dir='ltr'><strong>ἀγαλλόμενοι</strong></span> <span class='ocrx_word' id='word_1_337' title='bbox 3408 2489 3465 2539; x_wconf 85' lang='grc' dir='ltr'><strong>έν</strong></span> <span class='ocrx_word' id='word_1_338' title='bbox 3492 2490 3557 2558; x_wconf 80' lang='grc' dir='ltr'><strong>τῇ</strong></span> <span class='ocrx_word' id='word_1_339' title='bbox 3592 2488 3793 2561; x_wconf 78' lang='grc' dir='ltr'><strong>πανδή-</strong></span> 
     </span>
    </p>
   </div>
   <div class='ocr_carea' id='block_1_54' title="bbox 2221 2570 3793 2647">
    <p class='ocr_par' dir='ltr' id='par_1_54' title="bbox 2221 2570 3793 2647">
     <span class='ocr_line' id='line_1_54' title="bbox 2221 2570 3793 2647; baseline 0.005 -24"><span class='ocrx_word' id='word_1_340' title='bbox 2221 2588 2307 2641; x_wconf 86' lang='grc' dir='ltr'><strong>μῳ</strong></span> <span class='ocrx_word' id='word_1_341' title='bbox 2336 2570 2641 2644; x_wconf 83' lang='grc' dir='ltr'><strong>πανηγύρει</strong></span> <span class='ocrx_word' id='word_1_342' title='bbox 2680 2573 2787 2626; x_wconf 82' lang='grc' dir='ltr'><strong>τῶν</strong></span> <span class='ocrx_word' id='word_1_343' title='bbox 2820 2573 3154 2629; x_wconf 70' lang='grc' dir='ltr'><strong>διδασκάλων</strong></span> <span class='ocrx_word' id='word_1_344' title='bbox 3194 2578 3367 2647; x_wconf 79' lang='grc' dir='ltr'><strong>ἡμῶν.</strong></span> <span class='ocrx_word' id='word_1_345' title='bbox 3417 2578 3667 2643; x_wconf 85' lang='grc' dir='ltr'><strong>Βασιλεῖς</strong></span> <span class='ocrx_word' id='word_1_346' title='bbox 3705 2584 3793 2636; x_wconf 70' lang='grc' dir='ltr'><strong>καὶ</strong></span> 
     </span>
    </p>
   </div>
   <div class='ocr_carea' id='block_1_55' title="bbox 2216 2663 3787 2746">
    <p class='ocr_par' dir='ltr' id='par_1_55' title="bbox 2216 2663 3787 2746">
     <span class='ocr_line' id='line_1_55' title="bbox 2216 2663 3787 2746; baseline 0.008 -31"><span class='ocrx_word' id='word_1_347' title='bbox 2216 2663 2475 2733; x_wconf 77' lang='grc' dir='ltr'><strong>ἄρχοντες</strong></span> <span class='ocrx_word' id='word_1_348' title='bbox 2508 2665 2963 2736; x_wconf 89' lang='grc' dir='ltr'><strong>συντρεχέτωσαν,</strong></span> <span class='ocrx_word' id='word_1_349' title='bbox 2996 2669 3087 2721; x_wconf 74' lang='grc' dir='ltr'><strong>καὶ</strong></span> <span class='ocrx_word' id='word_1_350' title='bbox 3116 2670 3243 2733; x_wconf 83' lang='grc' dir='ltr'><strong>τοὺς</strong></span> <span class='ocrx_word' id='word_1_351' title='bbox 3295 2670 3552 2742; x_wconf 83' lang='grc' dir='ltr'><strong>ίεράρχας</strong></span> <span class='ocrx_word' id='word_1_352' title='bbox 3603 2676 3787 2746; x_wconf 73' lang='grc' dir='ltr'><strong>κροτήι</strong></span> 
     </span>
    </p>
   </div>
   <div class='ocr_carea' id='block_1_56' title="bbox 2214 2754 3791 2838">
    <p class='ocr_par' dir='ltr' id='par_1_56' title="bbox 2214 2754 3791 2838">
     <span class='ocr_line' id='line_1_56' title="bbox 2214 2754 3791 2838; baseline 0.013 -35"><span class='ocrx_word' id='word_1_353' title='bbox 2214 2768 2399 2806; x_wconf 87' lang='grc' dir='ltr'><strong>τωσαν</strong></span> <span class='ocrx_word' id='word_1_354' title='bbox 2439 2755 2496 2807; x_wconf 80' lang='grc' dir='ltr'><strong>ὲν</strong></span> <span class='ocrx_word' id='word_1_355' title='bbox 2524 2754 2730 2824; x_wconf 79' lang='grc' dir='ltr'><strong>ὕμνοις,</strong></span> <span class='ocrx_word' id='word_1_356' title='bbox 2759 2756 2832 2820; x_wconf 85' lang='grc' dir='ltr'><strong>ὡς</strong></span> <span class='ocrx_word' id='word_1_357' title='bbox 2865 2757 3147 2829; x_wconf 81' lang='grc' dir='ltr'><strong>δογμάτων</strong></span> <span class='ocrx_word' id='word_1_358' title='bbox 3182 2760 3481 2831; x_wconf 80' lang='grc' dir='ltr'><strong>βλύσαντας</strong></span> <span class='ocrx_word' id='word_1_359' title='bbox 3517 2770 3791 2838; x_wconf 71' lang='grc' dir='ltr'><strong>ποταμοὺς</strong></span> 
     </span>
    </p>
   </div>
   <div class='ocr_carea' id='block_1_57' title="bbox 2207 2844 3765 2925">
    <p class='ocr_par' dir='ltr' id='par_1_57' title="bbox 2207 2844 3765 2925">
     <span class='ocr_line' id='line_1_57' title="bbox 2207 2844 3765 2925; baseline 0.011 -29"><span class='ocrx_word' id='word_1_360' title='bbox 2207 2844 2631 2925; x_wconf 11' lang='grc' dir='ltr'><strong>ὑὺπερμεγέθεις,</strong></span> <span class='ocrx_word' id='word_1_361' title='bbox 2666 2852 2815 2921; x_wconf 84' lang='grc' dir='ltr'><strong>τρεῖς</strong></span> <span class='ocrx_word' id='word_1_362' title='bbox 2852 2851 3175 2925; x_wconf 69' lang='grc' dir='ltr'><strong>καλλιρρόας</strong></span> <span class='ocrx_word' id='word_1_363' title='bbox 3200 2856 3463 2922; x_wconf 76' lang='grc' dir='ltr'><strong>ἀειζὼοὺς</strong></span> <span class='ocrx_word' id='word_1_364' title='bbox 3496 2860 3592 2913; x_wconf 82' lang='grc' dir='ltr'><strong>τοῦ</strong></span> <span class='ocrx_word' id='word_1_365' title='bbox 3624 2861 3765 2916; x_wconf 82' lang='grc' dir='ltr'><strong>Πνεύ</strong></span> 
     </span>
    </p>
   </div>
   <div class='ocr_carea' id='block_1_58' title="bbox 2218 2940 3789 3023">
    <p class='ocr_par' dir='ltr' id='par_1_58' title="bbox 2218 2940 3789 3023">
     <span class='ocr_line' id='line_1_58' title="bbox 2218 2940 3789 3023; baseline 0.01 -33"><span class='ocrx_word' id='word_1_366' title='bbox 2218 2954 2406 3007; x_wconf 89' lang='grc' dir='ltr'><strong>ματος.</strong></span> <span class='ocrx_word' id='word_1_367' title='bbox 2460 2940 2724 3011; x_wconf 84' lang='grc' dir='ltr'><strong>Ποιμένες</strong></span> <span class='ocrx_word' id='word_1_368' title='bbox 2772 2943 2867 2996; x_wconf 76' lang='grc' dir='ltr'><strong>καὶ</strong></span> <span class='ocrx_word' id='word_1_369' title='bbox 2907 2944 3234 3010; x_wconf 83' lang='grc' dir='ltr'><strong>διδάσκαλοι,</strong></span> <span class='ocrx_word' id='word_1_370' title='bbox 3279 2949 3407 3014; x_wconf 78' lang='grc' dir='ltr'><strong>τοὺς</strong></span> <span class='ocrx_word' id='word_1_371' title='bbox 3451 2954 3550 3023; x_wconf 76' lang='grc' dir='ltr'><strong>τῆς</strong></span> <span class='ocrx_word' id='word_1_372' title='bbox 3594 2952 3789 3021; x_wconf 78' lang='grc' dir='ltr'><strong>σεπτῆς</strong></span> 
     </span>
    </p>
   </div>
   <div class='ocr_carea' id='block_1_59' title="bbox 2213 3029 3764 3113">
    <p class='ocr_par' dir='ltr' id='par_1_59' title="bbox 2213 3029 3764 3113">
     <span class='ocr_line' id='line_1_59' title="bbox 2213 3029 3764 3113; baseline 0.012 -32"><span class='ocrx_word' id='word_1_373' title='bbox 2213 3029 2441 3101; x_wconf 85' lang='grc' dir='ltr'><strong>Τριάδος</strong></span> <span class='ocrx_word' id='word_1_374' title='bbox 2489 3035 2744 3103; x_wconf 86' lang='grc' dir='ltr'><strong>τρισσοὺς</strong></span> <span class='ocrx_word' id='word_1_375' title='bbox 2779 3034 3110 3105; x_wconf 82' lang='grc' dir='ltr'><strong>ἱερομύστας</strong></span> <span class='ocrx_word' id='word_1_376' title='bbox 3160 3039 3503 3104; x_wconf 86' lang='grc' dir='ltr'><strong>συνελθόντες</strong></span> <span class='ocrx_word' id='word_1_377' title='bbox 3543 3031 3764 3113; x_wconf 80' lang='grc' dir='ltr'><strong>εὐφημή</strong></span> 
     </span>
    </p>
   </div>
   <div class='ocr_carea' id='block_1_60' title="bbox 2216 3126 3787 3202">
    <p class='ocr_par' dir='ltr' id='par_1_60' title="bbox 2216 3126 3787 3202">
     <span class='ocr_line' id='line_1_60' title="bbox 2216 3126 3787 3202; baseline 0.008 -28"><span class='ocrx_word' id='word_1_378' title='bbox 2216 3138 2413 3192; x_wconf 88' lang='grc' dir='ltr'><strong>σωμεν.</strong></span> <span class='ocrx_word' id='word_1_379' title='bbox 2460 3127 2522 3177; x_wconf 86' lang='grc' dir='ltr'><strong>Οί</strong></span> <span class='ocrx_word' id='word_1_380' title='bbox 2559 3126 2835 3196; x_wconf 78' lang='grc' dir='ltr'><strong>φιλόσοφοι</strong></span> <span class='ocrx_word' id='word_1_381' title='bbox 2865 3131 2990 3192; x_wconf 81' lang='grc' dir='ltr'><strong>τοὺς</strong></span> <span class='ocrx_word' id='word_1_382' title='bbox 3011 3130 3230 3198; x_wconf 77' lang='grc' dir='ltr'><strong>σοφοὺς,</strong></span> <span class='ocrx_word' id='word_1_383' title='bbox 3254 3133 3302 3184; x_wconf 84' lang='lat' dir='ltr'><strong>ol</strong></span> <span class='ocrx_word' id='word_1_384' title='bbox 3334 3133 3495 3202; x_wconf 75' lang='grc' dir='ltr'><strong>ἱερεῖς</strong></span> <span class='ocrx_word' id='word_1_385' title='bbox 3519 3133 3645 3195; x_wconf 78' lang='grc' dir='ltr'><strong>τοὺς</strong></span> <span class='ocrx_word' id='word_1_386' title='bbox 3678 3150 3787 3186; x_wconf 77' lang='grc' dir='ltr'><strong>ποιο</strong></span> 
     </span>
    </p>
   </div>
   <div class='ocr_carea' id='block_1_61' title="bbox 535 3211 2123 3307">
    <p class='ocr_par' dir='ltr' id='par_1_61' title="bbox 535 3228 2099 3304">
     <span class='ocr_line' id='line_1_61' title="bbox 535 3228 2099 3304; baseline -0.001 -25"><span class='ocrx_word' id='word_1_387' title='bbox 535 3228 604 3291; x_wconf 86' lang='lat' dir='ltr'><strong>ri,</strong></span> <span class='ocrx_word' id='word_1_388' title='bbox 632 3236 689 3279; x_wconf 90' lang='lat' dir='ltr'><strong>ut</strong></span> <span class='ocrx_word' id='word_1_389' title='bbox 723 3235 1006 3304; x_wconf 84' lang='lat' dir='ltr'><strong>pastores;</strong></span> <span class='ocrx_word' id='word_1_390' title='bbox 1040 3233 1376 3294; x_wconf 88' lang='lat' dir='ltr'><strong>peccatores,</strong></span> <span class='ocrx_word' id='word_1_391' title='bbox 1413 3234 1469 3277; x_wconf 84' lang='lat' dir='ltr'><strong>ut</strong></span> <span class='ocrx_word' id='word_1_392' title='bbox 1494 3234 1786 3292; x_wconf 87' lang='lat' dir='ltr'><strong>patronos;</strong></span> <span class='ocrx_word' id='word_1_393' title='bbox 1812 3238 2099 3293; x_wconf 86' lang='lat' dir='ltr'><strong>pauperes,</strong></span> 
     </span>
    </p>
   </div>
   <div class='ocr_carea' id='block_1_62' title="bbox 2210 3211 3787 3307">
    <p class='ocr_par' dir='ltr' id='par_1_62' title="bbox 2215 3211 3787 3291">
     <span class='ocr_line' id='line_1_62' title="bbox 2215 3211 3787 3291; baseline 0.008 -29"><span class='ocrx_word' id='word_1_394' title='bbox 2215 3211 2405 3279; x_wconf 83' lang='grc' dir='ltr'><strong>μένας,</strong></span> <span class='ocrx_word' id='word_1_395' title='bbox 2435 3216 2481 3265; x_wconf 84' lang='grc' dir='ltr'><strong>οἱ</strong></span> <span class='ocrx_word' id='word_1_396' title='bbox 2507 3216 2819 3285; x_wconf 69' lang='grc' dir='ltr'><strong>ἁμαρτωλοὶ</strong></span> <span class='ocrx_word' id='word_1_397' title='bbox 2839 3218 2964 3280; x_wconf 81' lang='grc' dir='ltr'><strong>τοὺς</strong></span> <span class='ocrx_word' id='word_1_398' title='bbox 2990 3220 3321 3289; x_wconf 81' lang='grc' dir='ltr'><strong>προστάτας,</strong></span> <span class='ocrx_word' id='word_1_399' title='bbox 3345 3222 3394 3272; x_wconf 85' lang='grc' dir='ltr'><strong>οἰ</strong></span> <span class='ocrx_word' id='word_1_400' title='bbox 3416 3222 3646 3291; x_wconf 86' lang='grc' dir='ltr'><strong>πένητες</strong></span> <span class='ocrx_word' id='word_1_401' title='bbox 3667 3223 3787 3275; x_wconf 67' lang='grc' dir='ltr'><strong>τοὺς</strong></span> 
     </span>
    </p>
   </div>
   <div class='ocr_carea' id='block_1_63' title="bbox 531 3301 2103 3384">
    <p class='ocr_par' dir='ltr' id='par_1_63' title="bbox 531 3301 2103 3384">
     <span class='ocr_line' id='line_1_63' title="bbox 531 3301 2103 3384; baseline -0.001 -15"><span class='ocrx_word' id='word_1_402' title='bbox 531 3325 590 3369; x_wconf 94' lang='lat' dir='ltr'><strong>ut</strong></span> <span class='ocrx_word' id='word_1_403' title='bbox 621 3301 1071 3384; x_wconf 84' lang='lat' dir='ltr'><strong>locupletatores;</strong></span> <span class='ocrx_word' id='word_1_404' title='bbox 1100 3314 1304 3381; x_wconf 79' lang='lat' dir='ltr'><strong>amicti,</strong></span> <span class='ocrx_word' id='word_1_405' title='bbox 1332 3324 1388 3368; x_wconf 92' lang='lat' dir='ltr'><strong>ut</strong></span> <span class='ocrx_word' id='word_1_406' title='bbox 1412 3314 1813 3380; x_wconf 85' lang='lat' dir='ltr'><strong>consolatores;</strong></span> <span class='ocrx_word' id='word_1_407' title='bbox 1841 3314 2103 3379; x_wconf 82' lang='lat' dir='ltr'><strong>viatores,</strong></span> 
     </span>
    </p>
   </div>
   <div class='ocr_carea' id='block_1_64' title="bbox 533 3406 2102 3477">
    <p class='ocr_par' dir='ltr' id='par_1_64' title="bbox 533 3406 2102 3477">
     <span class='ocr_line' id='line_1_64' title="bbox 533 3406 2102 3477; baseline 0.002 -20"><span class='ocrx_word' id='word_1_408' title='bbox 533 3416 590 3460; x_wconf 92' lang='lat' dir='ltr'><strong>ut</strong></span> <span class='ocrx_word' id='word_1_409' title='bbox 622 3406 887 3471; x_wconf 85' lang='lat' dir='ltr'><strong>comites;</strong></span> <span class='ocrx_word' id='word_1_410' title='bbox 946 3406 1264 3473; x_wconf 83' lang='lat' dir='ltr'><strong>navigantes</strong></span> <span class='ocrx_word' id='word_1_411' title='bbox 1290 3448 1304 3471; x_wconf 90' lang='lat'><strong>,</strong></span> <span class='ocrx_word' id='word_1_412' title='bbox 1340 3417 1393 3458; x_wconf 91' lang='lat' dir='ltr'><strong>ut</strong></span> <span class='ocrx_word' id='word_1_413' title='bbox 1446 3408 1871 3476; x_wconf 84' lang='lat' dir='ltr'><strong>gubernatores;</strong></span> <span class='ocrx_word' id='word_1_414' title='bbox 1913 3406 2102 3477; x_wconf 79' lang='lat' dir='ltr'><strong>reliqui</strong></span> 
     </span>
    </p>
   </div>
   <div class='ocr_carea' id='block_1_65' title="bbox 529 3496 2101 3567">
    <p class='ocr_par' dir='ltr' id='par_1_65' title="bbox 529 3496 2101 3567">
     <span class='ocr_line' id='line_1_65' title="bbox 529 3496 2101 3567; baseline 0.001 -16"><span class='ocrx_word' id='word_1_415' title='bbox 529 3514 739 3558; x_wconf 90' lang='lat' dir='ltr'><strong>omnes.</strong></span> <span class='ocrx_word' id='word_1_416' title='bbox 776 3507 834 3552; x_wconf 93' lang='lat' dir='ltr'><strong>ut</strong></span> <span class='ocrx_word' id='word_1_417' title='bbox 859 3496 1055 3567; x_wconf 87' lang='lat' dir='ltr'><strong>ubique</strong></span> <span class='ocrx_word' id='word_1_418' title='bbox 1085 3508 1139 3551; x_wconf 89' lang='lat' dir='ltr'><strong>et</strong></span> <span class='ocrx_word' id='word_1_419' title='bbox 1176 3500 1225 3551; x_wconf 91' lang='lat' dir='ltr'><strong>in</strong></span> <span class='ocrx_word' id='word_1_420' title='bbox 1260 3497 1453 3567; x_wconf 84' lang='lat' dir='ltr'><strong>quavis</strong></span> <span class='ocrx_word' id='word_1_421' title='bbox 1484 3501 1811 3552; x_wconf 81' lang='lat' dir='ltr'><strong>necessitate</strong></span> <span class='ocrx_word' id='word_1_422' title='bbox 1844 3503 2101 3554; x_wconf 72' lang='lat' dir='ltr'><strong>ardenter</strong></span> 
     </span>
    </p>
   </div>
   <div class='ocr_carea' id='block_1_66' title="bbox 526 3588 2107 3659">
    <p class='ocr_par' dir='ltr' id='par_1_66' title="bbox 526 3588 2107 3659">
     <span class='ocr_line' id='line_1_66' title="bbox 526 3588 2107 3659; baseline 0.002 -16"><span class='ocrx_word' id='word_1_423' title='bbox 526 3599 990 3659; x_wconf 63' lang='lat' dir='ltr'><strong>preoccupantes.</strong></span> <span class='ocrx_word' id='word_1_424' title='bbox 1032 3589 1096 3643; x_wconf 80' lang='lat' dir='ltr'><strong>Et</strong></span> <span class='ocrx_word' id='word_1_425' title='bbox 1124 3590 1249 3644; x_wconf 89' lang='lat' dir='ltr'><strong>dum</strong></span> <span class='ocrx_word' id='word_1_426' title='bbox 1296 3588 1538 3643; x_wconf 90' lang='lat' dir='ltr'><strong>laudibus</strong></span> <span class='ocrx_word' id='word_1_427' title='bbox 1581 3590 1795 3644; x_wconf 87' lang='lat' dir='ltr'><strong>divinos</strong></span> <span class='ocrx_word' id='word_1_428' title='bbox 1824 3593 1942 3646; x_wconf 88' lang='lat' dir='ltr'><strong>illos</strong></span> <span class='ocrx_word' id='word_1_429' title='bbox 1975 3592 2107 3646; x_wconf 74' lang='lat' dir='ltr'><strong>elle-</strong></span> 
     </span>
    </p>
   </div>
   <div class='ocr_carea' id='block_1_67' title="bbox 528 3676 2101 3745">
    <p class='ocr_par' dir='ltr' id='par_1_67' title="bbox 528 3676 2101 3745">
     <span class='ocr_line' id='line_1_67' title="bbox 528 3676 2101 3745; baseline -0.001 -13"><span class='ocrx_word' id='word_1_430' title='bbox 528 3680 701 3734; x_wconf 87' lang='lat' dir='ltr'><strong>rimus</strong></span> <span class='ocrx_word' id='word_1_431' title='bbox 758 3681 1068 3743; x_wconf 88' lang='lat' dir='ltr'><strong>antistites,</strong></span> <span class='ocrx_word' id='word_1_432' title='bbox 1120 3676 1696 3733; x_wconf 86' lang='lat' dir='ltr'><strong>dicamus:Doctores</strong></span> <span class='ocrx_word' id='word_1_433' title='bbox 1751 3678 2101 3745; x_wconf 84' lang='lat' dir='ltr'><strong>sanctissimi,</strong></span> 
     </span>
    </p>
   </div>
   <div class='ocr_carea' id='block_1_68' title="bbox 528 3768 2097 3839">
    <p class='ocr_par' dir='ltr' id='par_1_68' title="bbox 528 3768 2097 3839">
     <span class='ocr_line' id='line_1_68' title="bbox 528 3768 2097 3839; baseline -0.002 -14"><span class='ocrx_word' id='word_1_434' title='bbox 528 3780 800 3825; x_wconf 83' lang='lat' dir='ltr'><strong>maturate</strong></span> <span class='ocrx_word' id='word_1_435' title='bbox 827 3771 1039 3839; x_wconf 86' lang='lat' dir='ltr'><strong>eripere</strong></span> <span class='ocrx_word' id='word_1_436' title='bbox 1068 3770 1251 3823; x_wconf 88' lang='lat' dir='ltr'><strong>lideles</strong></span> <span class='ocrx_word' id='word_1_437' title='bbox 1295 3786 1361 3823; x_wconf 78' lang='lat' dir='ltr'><strong>ex</strong></span> <span class='ocrx_word' id='word_1_438' title='bbox 1385 3768 1605 3836; x_wconf 87' lang='lat' dir='ltr'><strong>hujusce</strong></span> <span class='ocrx_word' id='word_1_439' title='bbox 1630 3770 1753 3824; x_wconf 76' lang='lat' dir='ltr'><strong>vita:</strong></span> <span class='ocrx_word' id='word_1_440' title='bbox 1792 3768 2097 3824; x_wconf 80' lang='lat' dir='ltr'><strong>oﬂ&#39;endicu-</strong></span> 
     </span>
    </p>
   </div>
   <div class='ocr_carea' id='block_1_69' title="bbox 529 3862 1646 3927">
    <p class='ocr_par' dir='ltr' id='par_1_69' title="bbox 529 3862 1646 3927">
     <span class='ocr_line' id='line_1_69' title="bbox 529 3862 1646 3927; baseline -0.005 -10"><span class='ocrx_word' id='word_1_441' title='bbox 529 3864 617 3927; x_wconf 89' lang='lat' dir='ltr'><strong>lis,</strong></span> <span class='ocrx_word' id='word_1_442' title='bbox 657 3873 711 3918; x_wconf 89' lang='lat' dir='ltr'><strong>et</strong></span> <span class='ocrx_word' id='word_1_443' title='bbox 736 3878 832 3917; x_wconf 90' lang='lat' dir='ltr'><strong>nos</strong></span> <span class='ocrx_word' id='word_1_444' title='bbox 870 3863 1085 3918; x_wconf 67' lang='lat' dir='ltr'><strong>mternis</strong></span> <span class='ocrx_word' id='word_1_445' title='bbox 1118 3862 1346 3917; x_wconf 87' lang='lat' dir='ltr'><strong>liberare</strong></span> <span class='ocrx_word' id='word_1_446' title='bbox 1369 3862 1646 3914; x_wconf 69' lang='lat' dir='ltr'><strong>aerumnis.</strong></span> 
     </span>
    </p>
   </div>
   <div class='ocr_carea' id='block_1_70' title="bbox 599 3948 2102 4021">
    <p class='ocr_par' dir='ltr' id='par_1_70' title="bbox 599 3948 2102 4021">
     <span class='ocr_line' id='line_1_70' title="bbox 599 3948 2102 4021; baseline -0.003 -11"><span class='ocrx_word' id='word_1_447' title='bbox 599 3956 663 4010; x_wconf 79' lang='lat' dir='ltr'><strong>Et</strong></span> <span class='ocrx_word' id='word_1_448' title='bbox 723 3971 885 4010; x_wconf 90' lang='lat' dir='ltr'><strong>nunc.</strong></span> <span class='ocrx_word' id='word_1_449' title='bbox 944 3954 1200 4009; x_wconf 78' lang='lat' dir='ltr'><strong>Germani</strong></span> <span class='ocrx_word' id='word_1_450' title='bbox 1270 3952 1587 4021; x_wconf 69' lang='lat' dir='ltr'><strong>patriarcha:</strong></span> <span class='ocrx_word' id='word_1_451' title='bbox 1643 3948 1975 4007; x_wconf 89' lang='lat' dir='ltr'><strong>Theotocion</strong></span> <span class='ocrx_word' id='word_1_452' title='bbox 2028 3952 2102 4006; x_wconf 88' lang='lat' dir='ltr'><strong>si-</strong></span> 
     </span>
    </p>
   </div>
   <div class='ocr_carea' id='block_1_71' title="bbox 526 4047 674 4101">
    <p class='ocr_par' dir='ltr' id='par_1_71' title="bbox 526 4047 674 4101">
     <span class='ocr_line' id='line_1_71' title="bbox 526 4047 674 4101; baseline -0.02 0"><span class='ocrx_word' id='word_1_453' title='bbox 526 4047 674 4101; x_wconf 88' lang='lat' dir='ltr'><strong>mile.</strong></span> 
     </span>
    </p>
   </div>
   <div class='ocr_carea' id='block_1_72' title="bbox 597 4136 2098 4207">
    <p class='ocr_par' dir='ltr' id='par_1_72' title="bbox 597 4136 2098 4207">
     <span class='ocr_line' id='line_1_72' title="bbox 597 4136 2098 4207; baseline -0.001 -16"><span class='ocrx_word' id='word_1_454' title='bbox 597 4136 715 4191; x_wconf 72' lang='lat'><strong>126.</strong></span> <span class='ocrx_word' id='word_1_455' title='bbox 776 4138 1046 4191; x_wconf 84' lang='lat' dir='ltr'><strong>Canamus</strong></span> <span class='ocrx_word' id='word_1_456' title='bbox 1106 4138 1296 4199; x_wconf 87' lang='lat' dir='ltr'><strong>tubis,</strong></span> <span class='ocrx_word' id='word_1_457' title='bbox 1348 4138 1472 4207; x_wconf 85' lang='lat' dir='ltr'><strong>quia</strong></span> <span class='ocrx_word' id='word_1_458' title='bbox 1546 4136 1748 4206; x_wconf 81' lang='lat' dir='ltr'><strong>Regina</strong></span> <span class='ocrx_word' id='word_1_459' title='bbox 1821 4140 2098 4199; x_wconf 87' lang='lat' dir='ltr'><strong>omnium,</strong></span> 
     </span>
    </p>
   </div>
   <div class='ocr_carea' id='block_1_73' title="bbox 522 4226 2096 4295">
    <p class='ocr_par' dir='ltr' id='par_1_73' title="bbox 522 4226 2096 4295">
     <span class='ocr_line' id='line_1_73' title="bbox 522 4226 2096 4295; baseline -0.002 -12"><span class='ocrx_word' id='word_1_460' title='bbox 522 4240 698 4283; x_wconf 88' lang='lat' dir='ltr'><strong>mater</strong></span> <span class='ocrx_word' id='word_1_461' title='bbox 726 4226 911 4295; x_wconf 76' lang='lat' dir='ltr'><strong>Virgo,</strong></span> <span class='ocrx_word' id='word_1_462' title='bbox 942 4228 1198 4283; x_wconf 87' lang='lat' dir='ltr'><strong>benevola</strong></span> <span class='ocrx_word' id='word_1_463' title='bbox 1231 4238 1345 4292; x_wconf 89' lang='lat' dir='ltr'><strong>est,</strong></span> <span class='ocrx_word' id='word_1_464' title='bbox 1382 4238 1435 4281; x_wconf 91' lang='lat' dir='ltr'><strong>et</strong></span> <span class='ocrx_word' id='word_1_465' title='bbox 1482 4228 1947 4282; x_wconf 84' lang='lat' dir='ltr'><strong>benedictionibus</strong></span> <span class='ocrx_word' id='word_1_466' title='bbox 2001 4243 2096 4282; x_wconf 87' lang='lat' dir='ltr'><strong>co-</strong></span> 
     </span>
    </p>
   </div>
   <div class='ocr_carea' id='block_1_74' title="bbox 521 4316 2100 4387">
    <p class='ocr_par' dir='ltr' id='par_1_74' title="bbox 521 4316 2100 4387">
     <span class='ocr_line' id='line_1_74' title="bbox 521 4316 2100 4387; baseline -0.003 -12"><span class='ocrx_word' id='word_1_467' title='bbox 521 4330 681 4375; x_wconf 78' lang='lat' dir='ltr'><strong>ronat</strong></span> <span class='ocrx_word' id='word_1_468' title='bbox 705 4320 1011 4374; x_wconf 84' lang='lat' dir='ltr'><strong>laudatores</strong></span> <span class='ocrx_word' id='word_1_469' title='bbox 1035 4334 1184 4375; x_wconf 85' lang='lat' dir='ltr'><strong>suos.</strong></span> <span class='ocrx_word' id='word_1_470' title='bbox 1232 4316 1410 4387; x_wconf 86' lang='lat' dir='ltr'><strong>Reges</strong></span> <span class='ocrx_word' id='word_1_471' title='bbox 1457 4332 1522 4373; x_wconf 90' lang='lat' dir='ltr'><strong>ac</strong></span> <span class='ocrx_word' id='word_1_472' title='bbox 1568 4316 1843 4387; x_wconf 89' lang='lat' dir='ltr'><strong>principes</strong></span> <span class='ocrx_word' id='word_1_473' title='bbox 1871 4333 2100 4373; x_wconf 79' lang='lat' dir='ltr'><strong>concur-</strong></span> 
     </span>
    </p>
   </div>
   <div class='ocr_carea' id='block_1_75' title="bbox 519 4410 2083 4482">
    <p class='ocr_par' dir='ltr' id='par_1_75' title="bbox 519 4410 2083 4482">
     <span class='ocr_line' id='line_1_75' title="bbox 519 4410 2083 4482; baseline -0.005 -13"><span class='ocrx_word' id='word_1_474' title='bbox 519 4424 667 4478; x_wconf 88' lang='lat' dir='ltr'><strong>rant,</strong></span> <span class='ocrx_word' id='word_1_475' title='bbox 712 4421 875 4482; x_wconf 86' lang='lat' dir='ltr'><strong>atque</strong></span> <span class='ocrx_word' id='word_1_476' title='bbox 907 4411 1143 4467; x_wconf 77' lang='lat' dir='ltr'><strong>excitato</strong></span> <span class='ocrx_word' id='word_1_477' title='bbox 1196 4410 1389 4479; x_wconf 91' lang='lat' dir='ltr'><strong>plausu</strong></span> <span class='ocrx_word' id='word_1_478' title='bbox 1441 4416 1768 4479; x_wconf 85' lang='lat' dir='ltr'><strong>venerentur</strong></span> <span class='ocrx_word' id='word_1_479' title='bbox 1819 4410 2083 4477; x_wconf 82' lang='lat' dir='ltr'><strong>reginam,</strong></span> 
     </span>
    </p>
   </div>
   <div class='ocr_carea' id='block_1_76' title="bbox 520 4497 2093 4575">
    <p class='ocr_par' dir='ltr' id='par_1_76' title="bbox 520 4497 2093 4575">
     <span class='ocr_line' id='line_1_76' title="bbox 520 4497 2093 4575; baseline -0.007 -16"><span class='ocrx_word' id='word_1_480' title='bbox 520 4520 641 4575; x_wconf 73' lang='lat' dir='ltr'><strong>quae</strong></span> <span class='ocrx_word' id='word_1_481' title='bbox 666 4502 877 4573; x_wconf 86' lang='lat' dir='ltr'><strong>peperit</strong></span> <span class='ocrx_word' id='word_1_482' title='bbox 900 4516 1103 4571; x_wconf 88' lang='lat' dir='ltr'><strong>regem,</strong></span> <span class='ocrx_word' id='word_1_483' title='bbox 1136 4498 1472 4569; x_wconf 81' lang='lat' dir='ltr'><strong>gaudentem</strong></span> <span class='ocrx_word' id='word_1_484' title='bbox 1510 4511 1540 4550; x_wconf 90' lang='lat' dir='ltr'><strong>a</strong></span> <span class='ocrx_word' id='word_1_485' title='bbox 1576 4506 1755 4552; x_wconf 87' lang='lat' dir='ltr'><strong>morte</strong></span> <span class='ocrx_word' id='word_1_486' title='bbox 1791 4498 1960 4549; x_wconf 84' lang='lat' dir='ltr'><strong>victos</strong></span> <span class='ocrx_word' id='word_1_487' title='bbox 2001 4497 2093 4549; x_wconf 83' lang='lat' dir='ltr'><strong>be-</strong></span> 
     </span>
    </p>
   </div>
   <div class='ocr_carea' id='block_1_77' title="bbox 2210 3301 3767 3380">
    <p class='ocr_par' dir='ltr' id='par_1_77' title="bbox 2210 3301 3767 3380">
     <span class='ocr_line' id='line_1_77' title="bbox 2210 3301 3767 3380; baseline 0.01 -28"><span class='ocrx_word' id='word_1_488' title='bbox 2210 3301 2552 3368; x_wconf 77' lang='grc' dir='ltr'><strong>πλουτιστάς,</strong></span> <span class='ocrx_word' id='word_1_489' title='bbox 2571 3306 2619 3357; x_wconf 78' lang='grc' dir='ltr'><strong>οἱ</strong></span> <span class='ocrx_word' id='word_1_490' title='bbox 2637 3309 2694 3358; x_wconf 82' lang='grc' dir='ltr'><strong>ὲν</strong></span> <span class='ocrx_word' id='word_1_491' title='bbox 2724 3306 2931 3376; x_wconf 75' lang='grc' dir='ltr'><strong>θλίψεσι</strong></span> <span class='ocrx_word' id='word_1_492' title='bbox 2947 3309 3070 3371; x_wconf 84' lang='grc' dir='ltr'><strong>τοὺς</strong></span> <span class='ocrx_word' id='word_1_493' title='bbox 3087 3309 3564 3380; x_wconf 82' lang='grc' dir='ltr'><strong>παραμυθοῦντας,</strong></span> <span class='ocrx_word' id='word_1_494' title='bbox 3591 3315 3639 3367; x_wconf 82' lang='lat' dir='ltr'><strong>oi</strong></span> <span class='ocrx_word' id='word_1_495' title='bbox 3656 3314 3767 3368; x_wconf 86' lang='grc' dir='ltr'><strong>ὁδοι</strong></span> 
     </span>
    </p>
   </div>
   <div class='ocr_carea' id='block_1_78' title="bbox 2209 3390 3795 3474">
    <p class='ocr_par' dir='ltr' id='par_1_78' title="bbox 2209 3390 3795 3474">
     <span class='ocr_line' id='line_1_78' title="bbox 2209 3390 3795 3474; baseline 0.009 -31"><span class='ocrx_word' id='word_1_496' title='bbox 2209 3390 2366 3462; x_wconf 87' lang='grc' dir='ltr'><strong>πόροι</strong></span> <span class='ocrx_word' id='word_1_497' title='bbox 2406 3393 2531 3456; x_wconf 76' lang='grc' dir='ltr'><strong>τοὺς</strong></span> <span class='ocrx_word' id='word_1_498' title='bbox 2566 3394 2840 3457; x_wconf 88' lang='grc' dir='ltr'><strong>συνοδίτας</strong></span> <span class='ocrx_word' id='word_1_499' title='bbox 2862 3435 2877 3458; x_wconf 95' lang='grc'><strong>,</strong></span> <span class='ocrx_word' id='word_1_500' title='bbox 2912 3396 2961 3449; x_wconf 84' lang='lat' dir='ltr'><strong>ol</strong></span> <span class='ocrx_word' id='word_1_501' title='bbox 3002 3399 3059 3449; x_wconf 79' lang='grc' dir='ltr'><strong>ὲν</strong></span> <span class='ocrx_word' id='word_1_502' title='bbox 3093 3396 3338 3473; x_wconf 77' lang='grc' dir='ltr'><strong>Θαλάσσῃ</strong></span> <span class='ocrx_word' id='word_1_503' title='bbox 3368 3401 3493 3465; x_wconf 82' lang='grc' dir='ltr'><strong>τοὺς</strong></span> <span class='ocrx_word' id='word_1_504' title='bbox 3524 3402 3795 3474; x_wconf 77' lang='grc' dir='ltr'><strong>κυϐερνή-</strong></span> 
     </span>
    </p>
   </div>
   <div class='ocr_carea' id='block_1_79' title="bbox 2208 3485 3788 3565">
    <p class='ocr_par' dir='ltr' id='par_1_79' title="bbox 2208 3485 3788 3565">
     <span class='ocr_line' id='line_1_79' title="bbox 2208 3485 3788 3565; baseline 0.008 -30"><span class='ocrx_word' id='word_1_505' title='bbox 2208 3498 2327 3546; x_wconf 88' lang='grc' dir='ltr'><strong>τας,</strong></span> <span class='ocrx_word' id='word_1_506' title='bbox 2363 3485 2412 3536; x_wconf 77' lang='lat' dir='ltr'><strong>ot</strong></span> <span class='ocrx_word' id='word_1_507' title='bbox 2439 3485 2640 3549; x_wconf 85' lang='grc' dir='ltr'><strong>πάντες</strong></span> <span class='ocrx_word' id='word_1_508' title='bbox 2670 3486 2795 3550; x_wconf 80' lang='grc' dir='ltr'><strong>τοὺς</strong></span> <span class='ocrx_word' id='word_1_509' title='bbox 2815 3489 3087 3559; x_wconf 83' lang='grc' dir='ltr'><strong>πανταχοῦ</strong></span> <span class='ocrx_word' id='word_1_510' title='bbox 3109 3489 3328 3562; x_wconf 85' lang='grc' dir='ltr'><strong>θερμῶς</strong></span> <span class='ocrx_word' id='word_1_511' title='bbox 3358 3492 3788 3565; x_wconf 74' lang='grc' dir='ltr'><strong>προφθάνονταςο</strong></span> 
     </span>
    </p>
   </div>
   <div class='ocr_carea' id='block_1_80' title="bbox 2209 3576 3786 3658">
    <p class='ocr_par' dir='ltr' id='par_1_80' title="bbox 2209 3576 3786 3658">
     <span class='ocr_line' id='line_1_80' title="bbox 2209 3576 3786 3658; baseline 0.006 -28"><span class='ocrx_word' id='word_1_512' title='bbox 2209 3576 2387 3641; x_wconf 85' lang='grc' dir='ltr'><strong>θείους</strong></span> <span class='ocrx_word' id='word_1_513' title='bbox 2415 3579 2784 3652; x_wconf 86' lang='grc' dir='ltr'><strong>άρχιεράρχας</strong></span> <span class='ocrx_word' id='word_1_514' title='bbox 2832 3583 3273 3653; x_wconf 74' lang='grc' dir='ltr'><strong>ἐγκωμιάζοντες</strong></span> <span class='ocrx_word' id='word_1_515' title='bbox 3320 3583 3491 3648; x_wconf 77' lang='grc' dir='ltr'><strong>οὕτως</strong></span> <span class='ocrx_word' id='word_1_516' title='bbox 3521 3587 3786 3658; x_wconf 79' lang='grc' dir='ltr'><strong>εἴπωμεν·</strong></span> 
     </span>
    </p>
   </div>
   <div class='ocr_carea' id='block_1_81' title="bbox 2208 3671 3791 3742">
    <p class='ocr_par' dir='ltr' id='par_1_81' title="bbox 2208 3671 3791 3742">
     <span class='ocr_line' id='line_1_81' title="bbox 2208 3671 3791 3742; baseline 0.006 -20"><span class='ocrx_word' id='word_1_517' title='bbox 2208 3671 2469 3739; x_wconf 88' lang='grc' dir='ltr'><strong>Πανάγιοι</strong></span> <span class='ocrx_word' id='word_1_518' title='bbox 2518 3673 2846 3738; x_wconf 78' lang='grc' dir='ltr'><strong>διδάσκαλοι,</strong></span> <span class='ocrx_word' id='word_1_519' title='bbox 2879 3675 3147 3729; x_wconf 81' lang='grc' dir='ltr'><strong>σπεύσατε</strong></span> <span class='ocrx_word' id='word_1_520' title='bbox 3176 3676 3379 3740; x_wconf 78' lang='grc' dir='ltr'><strong>ἐξελεῖν</strong></span> <span class='ocrx_word' id='word_1_521' title='bbox 3412 3678 3535 3741; x_wconf 77' lang='grc' dir='ltr'><strong>τοὺς</strong></span> <span class='ocrx_word' id='word_1_522' title='bbox 3559 3680 3791 3742; x_wconf 78' lang='grc' dir='ltr'><strong>πιστοὺς</strong></span> 
     </span>
    </p>
   </div>
   <div class='ocr_carea' id='block_1_82' title="bbox 2206 3761 3789 3838">
    <p class='ocr_par' dir='ltr' id='par_1_82' title="bbox 2206 3761 3789 3838">
     <span class='ocr_line' id='line_1_82' title="bbox 2206 3761 3789 3838; baseline 0.007 -27"><span class='ocrx_word' id='word_1_523' title='bbox 2206 3761 2269 3811; x_wconf 77' lang='grc' dir='ltr'><strong>ἐκ</strong></span> <span class='ocrx_word' id='word_1_524' title='bbox 2304 3761 2411 3813; x_wconf 86' lang='grc' dir='ltr'><strong>τῶν</strong></span> <span class='ocrx_word' id='word_1_525' title='bbox 2433 3762 2524 3814; x_wconf 81' lang='grc' dir='ltr'><strong>τοῦ</strong></span> <span class='ocrx_word' id='word_1_526' title='bbox 2562 3763 2676 3831; x_wconf 88' lang='grc' dir='ltr'><strong>βίου</strong></span> <span class='ocrx_word' id='word_1_527' title='bbox 2714 3765 3046 3829; x_wconf 81' lang='grc' dir='ltr'><strong>σκανδάλων,</strong></span> <span class='ocrx_word' id='word_1_528' title='bbox 3071 3766 3165 3819; x_wconf 81' lang='grc' dir='ltr'><strong>καὶ</strong></span> <span class='ocrx_word' id='word_1_529' title='bbox 3190 3766 3353 3838; x_wconf 76' lang='grc' dir='ltr'><strong>ῥῦσαι</strong></span> <span class='ocrx_word' id='word_1_530' title='bbox 3388 3768 3663 3824; x_wconf 82' lang='grc' dir='ltr'><strong>κολάσεων</strong></span> <span class='ocrx_word' id='word_1_531' title='bbox 3678 3770 3789 3824; x_wconf 85' lang='grc' dir='ltr'><strong>τῶν</strong></span> 
     </span>
    </p>
   </div>
   <div class='ocr_carea' id='block_1_83' title="bbox 2204 3851 2633 3924">
    <p class='ocr_par' dir='ltr' id='par_1_83' title="bbox 2204 3851 2633 3924">
     <span class='ocr_line' id='line_1_83' title="bbox 2204 3851 2633 3924; baseline 0.002 -20"><span class='ocrx_word' id='word_1_532' title='bbox 2204 3851 2436 3905; x_wconf 66' lang='grc' dir='ltr'><strong>αἰωνίων</strong></span> <span class='ocrx_word' id='word_1_533' title='bbox 2467 3854 2633 3924; x_wconf 76' lang='grc' dir='ltr'><strong>ἡμᾶς.</strong></span> 
     </span>
    </p>
   </div>
   <div class='ocr_carea' id='block_1_84' title="bbox 2276 3944 3783 4027">
    <p class='ocr_par' dir='ltr' id='par_1_84' title="bbox 2276 3944 3783 4027">
     <span class='ocr_line' id='line_1_84' title="bbox 2276 3944 3783 4027; baseline 0.01 -31"><span class='ocrx_word' id='word_1_534' title='bbox 2276 3945 2384 3998; x_wconf 76' lang='grc' dir='ltr'><strong>Καὶ</strong></span> <span class='ocrx_word' id='word_1_535' title='bbox 2425 3944 2541 3999; x_wconf 81' lang='grc' dir='ltr'><strong>νῦν.</strong></span> <span class='ocrx_word' id='word_1_536' title='bbox 2588 3948 2871 4019; x_wconf 85' lang='grc' dir='ltr'><strong>Γερμανοῦ</strong></span> <span class='ocrx_word' id='word_1_537' title='bbox 2900 3951 3237 4023; x_wconf 66' lang='grc' dir='ltr'><strong>πατριάρχου</strong></span> <span class='ocrx_word' id='word_1_538' title='bbox 3271 3952 3557 4008; x_wconf 86' lang='grc' dir='ltr'><strong>Θεοτόκιον</strong></span> <span class='ocrx_word' id='word_1_539' title='bbox 3577 3949 3783 4027; x_wconf 79' lang='grc' dir='ltr'><strong>ὅμοιον.</strong></span> 
     </span>
    </p>
   </div>
   <div class='ocr_carea' id='block_1_85' title="bbox 2274 4149 3784 4225">
    <p class='ocr_par' dir='ltr' id='par_1_85' title="bbox 2274 4149 3784 4225">
     <span class='ocr_line' id='line_1_85' title="bbox 2274 4149 3784 4225; baseline 0.005 -24"><span class='ocrx_word' id='word_1_540' title='bbox 2274 4149 2632 4223; x_wconf 83' lang='grc' dir='ltr'><strong>Σαλπίσωμεν</strong></span> <span class='ocrx_word' id='word_1_541' title='bbox 2684 4150 2744 4206; x_wconf 70' lang='grc' dir='ltr'><strong>ιν</strong></span> <span class='ocrx_word' id='word_1_542' title='bbox 2798 4150 3059 4221; x_wconf 86' lang='grc' dir='ltr'><strong>σάλπιγγι</strong></span> <span class='ocrx_word' id='word_1_543' title='bbox 3122 4153 3403 4224; x_wconf 68' lang='grc' dir='ltr'><strong>ᾀσμάτων·</strong></span> <span class='ocrx_word' id='word_1_544' title='bbox 3452 4153 3784 4225; x_wconf 74' lang='grc' dir='ltr'><strong>προκύψασα</strong></span> 
     </span>
    </p>
   </div>
   <div class='ocr_carea' id='block_1_86' title="bbox 2201 4238 3783 4314">
    <p class='ocr_par' dir='ltr' id='par_1_86' title="bbox 2201 4238 3783 4314">
     <span class='ocr_line' id='line_1_86' title="bbox 2201 4238 3783 4314; baseline 0.003 -23"><span class='ocrx_word' id='word_1_545' title='bbox 2201 4238 2309 4309; x_wconf 85' lang='grc' dir='ltr'><strong>γὰρ</strong></span> <span class='ocrx_word' id='word_1_546' title='bbox 2355 4242 2389 4309; x_wconf 86' lang='grc' dir='ltr'>ή</span> <span class='ocrx_word' id='word_1_547' title='bbox 2427 4239 2779 4294; x_wconf 85' lang='grc' dir='ltr'><strong>παντάνασσα</strong></span> <span class='ocrx_word' id='word_1_548' title='bbox 2826 4241 3290 4314; x_wconf 85' lang='grc' dir='ltr'><strong>Μητροπάρθενος</strong></span> <span class='ocrx_word' id='word_1_549' title='bbox 3328 4246 3446 4306; x_wconf 81' lang='grc' dir='ltr'><strong>ταῖς</strong></span> <span class='ocrx_word' id='word_1_550' title='bbox 3506 4243 3783 4311; x_wconf 79' lang='grc' dir='ltr'><strong>εὐλογίαις</strong></span> 
     </span>
    </p>
   </div>
   <div class='ocr_carea' id='block_1_87' title="bbox 2202 4330 3783 4405">
    <p class='ocr_par' dir='ltr' id='par_1_87' title="bbox 2202 4330 3783 4405">
     <span class='ocr_line' id='line_1_87' title="bbox 2202 4330 3783 4405; baseline 0.004 -24"><span class='ocrx_word' id='word_1_551' title='bbox 2202 4330 2530 4399; x_wconf 84' lang='grc' dir='ltr'><strong>καταστέφει</strong></span> <span class='ocrx_word' id='word_1_552' title='bbox 2575 4332 2703 4394; x_wconf 78' lang='grc' dir='ltr'><strong>τοὺς</strong></span> <span class='ocrx_word' id='word_1_553' title='bbox 2735 4330 3114 4401; x_wconf 81' lang='grc' dir='ltr'><strong>εὐφημοῦντας</strong></span> <span class='ocrx_word' id='word_1_554' title='bbox 3160 4333 3353 4405; x_wconf 83' lang='grc' dir='ltr'><strong>αὑτήν.</strong></span> <span class='ocrx_word' id='word_1_555' title='bbox 3390 4333 3640 4397; x_wconf 86' lang='grc' dir='ltr'><strong>Βασιλεῖς</strong></span> <span class='ocrx_word' id='word_1_556' title='bbox 3689 4337 3783 4387; x_wconf 78' lang='grc' dir='ltr'><strong>καὶ</strong></span> 
     </span>
    </p>
   </div>
   <div class='ocr_carea' id='block_1_88' title="bbox 2200 4419 3783 4496">
    <p class='ocr_par' dir='ltr' id='par_1_88' title="bbox 2200 4419 3783 4496">
     <span class='ocr_line' id='line_1_88' title="bbox 2200 4419 3783 4496; baseline 0.003 -24"><span class='ocrx_word' id='word_1_557' title='bbox 2200 4420 2457 4490; x_wconf 76' lang='grc' dir='ltr'><strong>ἄρχοντες</strong></span> <span class='ocrx_word' id='word_1_558' title='bbox 2505 4419 2971 4491; x_wconf 84' lang='grc' dir='ltr'><strong>συντρεχέτωσαν,</strong></span> <span class='ocrx_word' id='word_1_559' title='bbox 3018 4425 3113 4475; x_wconf 81' lang='grc' dir='ltr'><strong>καὶ</strong></span> <span class='ocrx_word' id='word_1_560' title='bbox 3151 4424 3248 4494; x_wconf 80' lang='grc' dir='ltr'><strong>τὴν</strong></span> <span class='ocrx_word' id='word_1_561' title='bbox 3289 4424 3536 4493; x_wconf 81' lang='grc' dir='ltr'><strong>βασιλίδα</strong></span> <span class='ocrx_word' id='word_1_562' title='bbox 3582 4426 3783 4496; x_wconf 65' lang='grc' dir='ltr'><strong>κροτήσ-</strong></span> 
     </span>
    </p>
   </div>
   <div class='ocr_carea' id='block_1_89' title="bbox 2197 4507 3781 4584">
    <p class='ocr_par' dir='ltr' id='par_1_89' title="bbox 2197 4507 3781 4584">
     <span class='ocr_line' id='line_1_89' title="bbox 2197 4507 3781 4584; baseline 0.005 -25"><span class='ocrx_word' id='word_1_563' title='bbox 2197 4523 2378 4561; x_wconf 87' lang='grc' dir='ltr'><strong>τωσαν</strong></span> <span class='ocrx_word' id='word_1_564' title='bbox 2410 4509 2466 4560; x_wconf 82' lang='grc' dir='ltr'><strong>ὲν</strong></span> <span class='ocrx_word' id='word_1_565' title='bbox 2498 4507 2705 4577; x_wconf 81' lang='grc' dir='ltr'><strong>ὕμνοις,</strong></span> <span class='ocrx_word' id='word_1_566' title='bbox 2739 4508 2967 4577; x_wconf 85' lang='grc' dir='ltr'><strong>βασιλέα</strong></span> <span class='ocrx_word' id='word_1_567' title='bbox 2994 4509 3229 4574; x_wconf 82' lang='grc' dir='ltr'><strong>τέξασαν</strong></span> <span class='ocrx_word' id='word_1_568' title='bbox 3251 4514 3377 4575; x_wconf 85' lang='grc' dir='ltr'><strong>τοὺς</strong></span> <span class='ocrx_word' id='word_1_569' title='bbox 3408 4512 3622 4582; x_wconf 84' lang='grc' dir='ltr'><strong>θανάτῳ</strong></span> <span class='ocrx_word' id='word_1_570' title='bbox 3650 4531 3781 4584; x_wconf 85' lang='grc' dir='ltr'><strong>κρα-</strong></span> 
     </span>
    </p>
   </div>
   <div class='ocr_carea' id='block_1_90' title="bbox 518 4582 2123 4674">
    <p class='ocr_par' dir='ltr' id='par_1_90' title="bbox 518 4588 2087 4666">
     <span class='ocr_line' id='line_1_90' title="bbox 518 4588 2087 4666; baseline -0.004 -17"><span class='ocrx_word' id='word_1_571' title='bbox 518 4598 679 4666; x_wconf 85' lang='lat' dir='ltr'><strong>nigne</strong></span> <span class='ocrx_word' id='word_1_572' title='bbox 702 4593 932 4649; x_wconf 83' lang='lat' dir='ltr'><strong>solvere.</strong></span> <span class='ocrx_word' id='word_1_573' title='bbox 969 4591 1225 4647; x_wconf 87' lang='lat' dir='ltr'><strong>Pastores</strong></span> <span class='ocrx_word' id='word_1_574' title='bbox 1256 4605 1321 4645; x_wconf 84' lang='lat' dir='ltr'><strong>ac</strong></span> <span class='ocrx_word' id='word_1_575' title='bbox 1361 4589 1603 4659; x_wconf 88' lang='lat' dir='ltr'><strong>magistri</strong></span> <span class='ocrx_word' id='word_1_576' title='bbox 1631 4629 1646 4653; x_wconf 93' lang='lat'><strong>,</strong></span> <span class='ocrx_word' id='word_1_577' title='bbox 1683 4588 1927 4643; x_wconf 82' lang='lat' dir='ltr'><strong>Pastoris</strong></span> <span class='ocrx_word' id='word_1_578' title='bbox 1960 4590 2087 4643; x_wconf 89' lang='lat' dir='ltr'><strong>boni</strong></span> 
     </span>
    </p>
   </div>
   <div class='ocr_carea' id='block_1_91' title="bbox 2210 4582 3774 4674">
    <p class='ocr_par' dir='ltr' id='par_1_91' title="bbox 2210 4582 3774 4674">
     <span class='ocr_line' id='line_1_91' title="bbox 2210 4582 3774 4674; baseline 0.004 -24"><span class='ocrx_word' id='word_1_579' title='bbox 2210 4598 2489 4668; x_wconf 74' lang='grc' dir='ltr'><strong>τουμένους</strong></span> <span class='ocrx_word' id='word_1_580' title='bbox 2521 4598 2650 4669; x_wconf 79' lang='grc' dir='ltr'><strong>πρὶν</strong></span> <span class='ocrx_word' id='word_1_581' title='bbox 2672 4598 2941 4653; x_wconf 80' lang='grc' dir='ltr'><strong>ἀπολῦσαι</strong></span> <span class='ocrx_word' id='word_1_582' title='bbox 2968 4599 3159 4670; x_wconf 85' lang='grc' dir='ltr'><strong>φιλανθ</strong></span> <span class='ocrx_word' id='word_1_583' title='bbox 3170 4600 3365 4672; x_wconf 83' lang='grc' dir='ltr'><strong>ρώπως</strong></span> <span class='ocrx_word' id='word_1_584' title='bbox 3380 4604 3572 4674; x_wconf 79' lang='grc' dir='ltr'><strong>εὐδοκή</strong></span> <span class='ocrx_word' id='word_1_585' title='bbox 3582 4582 3774 4658; x_wconf 78' lang='grc' dir='ltr'><strong>σαντα.</strong></span> 
     </span>
    </p>
   </div>
   <div class='ocr_carea' id='block_1_92' title="bbox 516 4680 2079 4755">
    <p class='ocr_par' dir='ltr' id='par_1_92' title="bbox 516 4680 2079 4755">
     <span class='ocr_line' id='line_1_92' title="bbox 516 4680 2079 4755; baseline -0.003 -14"><span class='ocrx_word' id='word_1_586' title='bbox 516 4686 917 4742; x_wconf 80' lang='lat' dir='ltr'><strong>sanctissimam</strong></span> <span class='ocrx_word' id='word_1_587' title='bbox 944 4684 1290 4755; x_wconf 61' lang='lat' dir='ltr'><strong>,genitricem</strong></span> <span class='ocrx_word' id='word_1_588' title='bbox 1320 4698 1431 4737; x_wconf 89' lang='lat' dir='ltr'><strong>una</strong></span> <span class='ocrx_word' id='word_1_589' title='bbox 1478 4680 1774 4735; x_wconf 73' lang='lat' dir='ltr'><strong>efferamus</strong></span> <span class='ocrx_word' id='word_1_590' title='bbox 1808 4681 2079 4737; x_wconf 80' lang='lat' dir='ltr'><strong>laudibus.</strong></span> 
     </span>
    </p>
   </div>
   <div class='ocr_carea' id='block_1_93' title="bbox 513 4771 2085 4838">
    <p class='ocr_par' dir='ltr' id='par_1_93' title="bbox 513 4771 2085 4838">
     <span class='ocr_line' id='line_1_93' title="bbox 513 4771 2085 4838; baseline -0.005 -5"><span class='ocrx_word' id='word_1_591' title='bbox 513 4776 909 4834; x_wconf 81' lang='lat' dir='ltr'><strong>Candelabrum</strong></span> <span class='ocrx_word' id='word_1_592' title='bbox 937 4790 1187 4838; x_wconf 89' lang='lat' dir='ltr'><strong>aureum,</strong></span> <span class='ocrx_word' id='word_1_593' title='bbox 1232 4774 1621 4829; x_wconf 90' lang='lat' dir='ltr'><strong>illuminantem</strong></span> <span class='ocrx_word' id='word_1_594' title='bbox 1650 4771 1870 4835; x_wconf 87' lang='lat' dir='ltr'><strong>nubem,</strong></span> <span class='ocrx_word' id='word_1_595' title='bbox 1904 4772 2085 4827; x_wconf 77' lang='lat' dir='ltr'><strong>excel-</strong></span> 
     </span>
    </p>
   </div>
   <div class='ocr_carea' id='block_1_94' title="bbox 514 4862 2083 4934">
    <p class='ocr_par' dir='ltr' id='par_1_94' title="bbox 514 4862 2083 4934">
     <span class='ocr_line' id='line_1_94' title="bbox 514 4862 2083 4934; baseline -0.006 -10"><span class='ocrx_word' id='word_1_596' title='bbox 514 4872 718 4925; x_wconf 87' lang='lat' dir='ltr'><strong>siorem</strong></span> <span class='ocrx_word' id='word_1_597' title='bbox 768 4866 1095 4934; x_wconf 88' lang='lat' dir='ltr'><strong>cherubim,</strong></span> <span class='ocrx_word' id='word_1_598' title='bbox 1142 4866 1441 4920; x_wconf 88' lang='lat' dir='ltr'><strong>animatam</strong></span> <span class='ocrx_word' id='word_1_599' title='bbox 1508 4878 1715 4927; x_wconf 82' lang='lat' dir='ltr'><strong>arcam,</strong></span> <span class='ocrx_word' id='word_1_600' title='bbox 1772 4862 2083 4931; x_wconf 87' lang='lat' dir='ltr'><strong>speciosum</strong></span> 
     </span>
    </p>
   </div>
   <div class='ocr_carea' id='block_1_95' title="bbox 512 4952 2082 5023">
    <p class='ocr_par' dir='ltr' id='par_1_95' title="bbox 512 4952 2082 5023">
     <span class='ocr_line' id='line_1_95' title="bbox 512 4952 2082 5023; baseline -0.006 -9"><span class='ocrx_word' id='word_1_601' title='bbox 512 4960 780 5014; x_wconf 79' lang='lat' dir='ltr'><strong>Altissimi</strong></span> <span class='ocrx_word' id='word_1_602' title='bbox 811 4956 1034 5021; x_wconf 83' lang='lat' dir='ltr'><strong>solium,</strong></span> <span class='ocrx_word' id='word_1_603' title='bbox 1060 4970 1256 5010; x_wconf 88' lang='lat' dir='ltr'><strong>urnam</strong></span> <span class='ocrx_word' id='word_1_604' title='bbox 1289 4970 1509 5009; x_wconf 84' lang='lat' dir='ltr'><strong>auream</strong></span> <span class='ocrx_word' id='word_1_605' title='bbox 1540 4952 1887 5023; x_wconf 87' lang='lat' dir='ltr'><strong>receptricem</strong></span> <span class='ocrx_word' id='word_1_606' title='bbox 1926 4967 2082 5006; x_wconf 83' lang='lat' dir='ltr'><strong>man-</strong></span> 
     </span>
    </p>
   </div>
   <div class='ocr_carea' id='block_1_96' title="bbox 512 5046 2080 5115">
    <p class='ocr_par' dir='ltr' id='par_1_96' title="bbox 512 5046 2080 5115">
     <span class='ocr_line' id='line_1_96' title="bbox 512 5046 2080 5115; baseline -0.004 -9"><span class='ocrx_word' id='word_1_607' title='bbox 512 5068 617 5115; x_wconf 65' lang='grc' dir='ltr'><strong>ηαξ,</strong></span> <span class='ocrx_word' id='word_1_608' title='bbox 646 5051 865 5106; x_wconf 91' lang='lat' dir='ltr'><strong>vitalem</strong></span> <span class='ocrx_word' id='word_1_609' title='bbox 896 5049 1057 5105; x_wconf 80' lang='lat' dir='ltr'><strong>Verbi</strong></span> <span class='ocrx_word' id='word_1_610' title='bbox 1085 5048 1344 5113; x_wconf 88' lang='lat' dir='ltr'><strong>tabulam,</strong></span> <span class='ocrx_word' id='word_1_611' title='bbox 1374 5048 1617 5103; x_wconf 88' lang='lat' dir='ltr'><strong>omnium</strong></span> <span class='ocrx_word' id='word_1_612' title='bbox 1643 5046 2080 5101; x_wconf 88' lang='lat' dir='ltr'><strong>Christianorum</strong></span> 
     </span>
    </p>
   </div>
   <div class='ocr_carea' id='block_1_97' title="bbox 506 5127 2075 5210">
    <p class='ocr_par' dir='ltr' id='par_1_97' title="bbox 506 5127 2075 5210">
     <span class='ocr_line' id='line_1_97' title="bbox 506 5127 2075 5210; baseline -0.003 -15"><span class='ocrx_word' id='word_1_613' title='bbox 506 5142 816 5210; x_wconf 80' lang='lat' dir='ltr'><strong>perfugium</strong></span> <span class='ocrx_word' id='word_1_614' title='bbox 873 5158 1031 5199; x_wconf 88' lang='lat' dir='ltr'><strong>sacro</strong></span> <span class='ocrx_word' id='word_1_615' title='bbox 1088 5127 1428 5199; x_wconf 78' lang='lat' dir='ltr'><strong>celebrantes</strong></span> <span class='ocrx_word' id='word_1_616' title='bbox 1464 5140 1749 5204; x_wconf 85' lang='lat' dir='ltr'><strong>carmine,</strong></span> <span class='ocrx_word' id='word_1_617' title='bbox 1791 5140 1868 5194; x_wconf 87' lang='lat' dir='ltr'><strong>sic</strong></span> <span class='ocrx_word' id='word_1_618' title='bbox 1922 5138 2075 5192; x_wconf 86' lang='lat' dir='ltr'><strong>dica-</strong></span> 
     </span>
    </p>
   </div>
   <div class='ocr_carea' id='block_1_98' title="bbox 511 5232 2076 5298">
    <p class='ocr_par' dir='ltr' id='par_1_98' title="bbox 511 5232 2076 5298">
     <span class='ocr_line' id='line_1_98' title="bbox 511 5232 2076 5298; baseline -0.004 -10"><span class='ocrx_word' id='word_1_619' title='bbox 511 5248 633 5288; x_wconf 83' lang='lat' dir='ltr'><strong>mus</strong></span> <span class='ocrx_word' id='word_1_620' title='bbox 658 5250 672 5287; x_wconf 90' lang='lat'>:</span> <span class='ocrx_word' id='word_1_621' title='bbox 706 5233 971 5288; x_wconf 86' lang='lat' dir='ltr'><strong>Palatium</strong></span> <span class='ocrx_word' id='word_1_622' title='bbox 1004 5234 1188 5298; x_wconf 80' lang='lat' dir='ltr'><strong>Verbi,</strong></span> <span class='ocrx_word' id='word_1_623' title='bbox 1219 5249 1319 5290; x_wconf 83' lang='lat' dir='ltr'><strong>nos</strong></span> <span class='ocrx_word' id='word_1_624' title='bbox 1344 5232 1579 5287; x_wconf 88' lang='lat' dir='ltr'><strong>humiles</strong></span> <span class='ocrx_word' id='word_1_625' title='bbox 1608 5232 1882 5285; x_wconf 70' lang='lat' dir='ltr'><strong>caelorum</strong></span> <span class='ocrx_word' id='word_1_626' title='bbox 1912 5243 2076 5298; x_wconf 82' lang='lat' dir='ltr'><strong>regno</strong></span> 
     </span>
    </p>
   </div>
   <div class='ocr_carea' id='block_1_99' title="bbox 511 5322 2084 5395">
    <p class='ocr_par' dir='ltr' id='par_1_99' title="bbox 511 5322 2084 5395">
     <span class='ocr_line' id='line_1_99' title="bbox 511 5322 2084 5395; baseline -0.002 -16"><span class='ocrx_word' id='word_1_627' title='bbox 511 5327 757 5392; x_wconf 74' lang='lat' dir='ltr'><strong>dignare,</strong></span> <span class='ocrx_word' id='word_1_628' title='bbox 795 5341 898 5379; x_wconf 84' lang='grc' dir='ltr'><strong>ιιοη</strong></span> <span class='ocrx_word' id='word_1_629' title='bbox 917 5338 1014 5389; x_wconf 87' lang='lat' dir='ltr'><strong>_est</strong></span> <span class='ocrx_word' id='word_1_630' title='bbox 1037 5329 1179 5380; x_wconf 87' lang='lat' dir='ltr'><strong>enim</strong></span> <span class='ocrx_word' id='word_1_631' title='bbox 1209 5326 1527 5395; x_wconf 82' lang='lat' dir='ltr'><strong>quidquam,</strong></span> <span class='ocrx_word' id='word_1_632' title='bbox 1578 5324 1722 5391; x_wconf 88' lang='lat' dir='ltr'><strong>quod</strong></span> <span class='ocrx_word' id='word_1_633' title='bbox 1760 5333 1811 5377; x_wconf 91' lang='lat' dir='ltr'><strong>te</strong></span> <span class='ocrx_word' id='word_1_634' title='bbox 1842 5322 2084 5377; x_wconf 73' lang='lat' dir='ltr'><strong>interce-</strong></span> 
     </span>
    </p>
   </div>
   <div class='ocr_carea' id='block_1_100' title="bbox 508 5419 1189 5487">
    <p class='ocr_par' dir='ltr' id='par_1_100' title="bbox 508 5419 1189 5487">
     <span class='ocr_line' id='line_1_100' title="bbox 508 5419 1189 5487; baseline 0.003 -16"><span class='ocrx_word' id='word_1_635' title='bbox 508 5420 670 5473; x_wconf 76' lang='lat' dir='ltr'><strong>dente</strong></span> <span class='ocrx_word' id='word_1_636' title='bbox 702 5420 814 5474; x_wconf 85' lang='lat' dir='ltr'><strong>lieri</strong></span> <span class='ocrx_word' id='word_1_637' title='bbox 843 5436 946 5473; x_wconf 93' lang='lat' dir='ltr'><strong>non</strong></span> <span class='ocrx_word' id='word_1_638' title='bbox 972 5419 1189 5487; x_wconf 73' lang='lat' dir='ltr'><strong>possit.’</strong></span> 
     </span>
    </p>
   </div>
   <div class='ocr_carea' id='block_1_101' title="bbox 2195 4686 3778 4763">
    <p class='ocr_par' dir='ltr' id='par_1_101' title="bbox 2195 4686 3778 4763">
     <span class='ocr_line' id='line_1_101' title="bbox 2195 4686 3778 4763; baseline 0.005 -26"><span class='ocrx_word' id='word_1_639' title='bbox 2195 4686 2460 4756; x_wconf 85' lang='grc' dir='ltr'><strong>Ποιμένες</strong></span> <span class='ocrx_word' id='word_1_640' title='bbox 2518 4688 2611 4739; x_wconf 80' lang='grc' dir='ltr'><strong>καὶ</strong></span> <span class='ocrx_word' id='word_1_641' title='bbox 2660 4687 2991 4755; x_wconf 86' lang='grc' dir='ltr'><strong>διδάσκαλοι,</strong></span> <span class='ocrx_word' id='word_1_642' title='bbox 3051 4690 3148 4761; x_wconf 80' lang='grc' dir='ltr'><strong>τὴν</strong></span> <span class='ocrx_word' id='word_1_643' title='bbox 3182 4690 3271 4743; x_wconf 81' lang='grc' dir='ltr'><strong>τοῦ</strong></span> <span class='ocrx_word' id='word_1_644' title='bbox 3311 4690 3475 4743; x_wconf 80' lang='grc' dir='ltr'><strong>καλοῦ</strong></span> <span class='ocrx_word' id='word_1_645' title='bbox 3517 4693 3778 4763; x_wconf 63' lang='grc' dir='ltr'><strong>ποιμέως</strong></span> 
     </span>
    </p>
   </div>
   <div class='ocr_carea' id='block_1_102' title="bbox 2196 4777 3776 4857">
    <p class='ocr_par' dir='ltr' id='par_1_102' title="bbox 2196 4777 3776 4857">
     <span class='ocr_line' id='line_1_102' title="bbox 2196 4777 3776 4857; baseline 0.004 -27"><span class='ocrx_word' id='word_1_646' title='bbox 2196 4777 2494 4849; x_wconf 85' lang='grc' dir='ltr'><strong>ὐπεράγιον</strong></span> <span class='ocrx_word' id='word_1_647' title='bbox 2541 4779 2769 4849; x_wconf 86' lang='grc' dir='ltr'><strong>Μητέρα</strong></span> <span class='ocrx_word' id='word_1_648' title='bbox 2817 4781 3161 4846; x_wconf 88' lang='grc' dir='ltr'><strong>συνελθόντες</strong></span> <span class='ocrx_word' id='word_1_649' title='bbox 3190 4782 3618 4853; x_wconf 80' lang='grc' dir='ltr'><strong>εὐφημήσωμεν’</strong></span> <span class='ocrx_word' id='word_1_650' title='bbox 3673 4785 3776 4857; x_wconf 77' lang='grc' dir='ltr'><strong>τὴν</strong></span> 
     </span>
    </p>
   </div>
   <div class='ocr_carea' id='block_1_103' title="bbox 2194 4869 3776 4945">
    <p class='ocr_par' dir='ltr' id='par_1_103' title="bbox 2194 4869 3776 4945">
     <span class='ocr_line' id='line_1_103' title="bbox 2194 4869 3776 4945; baseline 0.004 -23"><span class='ocrx_word' id='word_1_651' title='bbox 2194 4870 2414 4941; x_wconf 84' lang='grc' dir='ltr'><strong>λυχνίαν</strong></span> <span class='ocrx_word' id='word_1_652' title='bbox 2444 4869 2543 4940; x_wconf 83' lang='grc' dir='ltr'><strong>τὴν</strong></span> <span class='ocrx_word' id='word_1_653' title='bbox 2583 4875 2887 4942; x_wconf 83' lang='grc' dir='ltr'><strong>χρυσαυγῆ,</strong></span> <span class='ocrx_word' id='word_1_654' title='bbox 2924 4873 3022 4944; x_wconf 80' lang='grc' dir='ltr'><strong>τὴν</strong></span> <span class='ocrx_word' id='word_1_655' title='bbox 3049 4872 3363 4943; x_wconf 81' lang='grc' dir='ltr'><strong>φωτοφόρον</strong></span> <span class='ocrx_word' id='word_1_656' title='bbox 3397 4872 3646 4944; x_wconf 78' lang='grc' dir='ltr'><strong>νεφέλην,</strong></span> <span class='ocrx_word' id='word_1_657' title='bbox 3673 4876 3776 4945; x_wconf 81' lang='grc' dir='ltr'><strong>τὴν</strong></span> 
     </span>
    </p>
   </div>
   <div class='ocr_carea' id='block_1_104' title="bbox 2192 4963 3776 5036">
    <p class='ocr_par' dir='ltr' id='par_1_104' title="bbox 2192 4963 3776 5036">
     <span class='ocr_line' id='line_1_104' title="bbox 2192 4963 3776 5036; baseline 0.002 -20"><span class='ocrx_word' id='word_1_658' title='bbox 2192 4963 2300 5016; x_wconf 82' lang='grc' dir='ltr'><strong>τῶν</strong></span> <span class='ocrx_word' id='word_1_659' title='bbox 2334 4964 2595 5035; x_wconf 77' lang='grc' dir='ltr'><strong>χερουὸὶμ</strong></span> <span class='ocrx_word' id='word_1_660' title='bbox 2639 4964 2969 5036; x_wconf 82' lang='grc' dir='ltr'><strong>ὑπερτέραν,</strong></span> <span class='ocrx_word' id='word_1_661' title='bbox 3003 4964 3101 5033; x_wconf 85' lang='grc' dir='ltr'><strong>τὴν</strong></span> <span class='ocrx_word' id='word_1_662' title='bbox 3137 4963 3376 5034; x_wconf 74' lang='grc' dir='ltr'><strong>ἔμψυχον</strong></span> <span class='ocrx_word' id='word_1_663' title='bbox 3401 4964 3651 5029; x_wconf 77' lang='grc' dir='ltr'><strong>κιϐωτὸν,</strong></span> <span class='ocrx_word' id='word_1_664' title='bbox 3681 4966 3776 5019; x_wconf 81' lang='grc' dir='ltr'><strong>τὸν</strong></span> 
     </span>
    </p>
   </div>
   <div class='ocr_carea' id='block_1_105' title="bbox 2196 5056 3771 5128">
    <p class='ocr_par' dir='ltr' id='par_1_105' title="bbox 2196 5056 3771 5128">
     <span class='ocr_line' id='line_1_105' title="bbox 2196 5056 3771 5128; baseline -0.001 -19"><span class='ocrx_word' id='word_1_665' title='bbox 2196 5056 2532 5127; x_wconf 84' lang='grc' dir='ltr'><strong>περίμορφον</strong></span> <span class='ocrx_word' id='word_1_666' title='bbox 2574 5056 2668 5109; x_wconf 78' lang='grc' dir='ltr'><strong>τοῦ</strong></span> <span class='ocrx_word' id='word_1_667' title='bbox 2711 5057 2983 5109; x_wconf 85' lang='grc' dir='ltr'><strong>Δεσπότου</strong></span> <span class='ocrx_word' id='word_1_668' title='bbox 3035 5056 3242 5128; x_wconf 90' lang='grc' dir='ltr'><strong>θρόνον,</strong></span> <span class='ocrx_word' id='word_1_669' title='bbox 3281 5056 3381 5125; x_wconf 85' lang='grc' dir='ltr'><strong>τὴν</strong></span> <span class='ocrx_word' id='word_1_670' title='bbox 3437 5056 3771 5126; x_wconf 86' lang='grc' dir='ltr'><strong>μανναδόχον</strong></span> 
     </span>
    </p>
   </div>
   <div class='ocr_carea' id='block_1_106' title="bbox 2195 5146 3767 5219">
    <p class='ocr_par' dir='ltr' id='par_1_106' title="bbox 2195 5146 3767 5219">
     <span class='ocr_line' id='line_1_106' title="bbox 2195 5146 3767 5219; baseline -0.001 -19"><span class='ocrx_word' id='word_1_671' title='bbox 2195 5148 2427 5219; x_wconf 84' lang='grc' dir='ltr'><strong>χρυσέαν</strong></span> <span class='ocrx_word' id='word_1_672' title='bbox 2465 5148 2720 5218; x_wconf 89' lang='grc' dir='ltr'><strong>στάμνον,</strong></span> <span class='ocrx_word' id='word_1_673' title='bbox 2757 5148 2853 5219; x_wconf 84' lang='grc' dir='ltr'><strong>τὴν</strong></span> <span class='ocrx_word' id='word_1_674' title='bbox 2884 5147 3163 5219; x_wconf 78' lang='grc' dir='ltr'><strong>ζωηφόρον</strong></span> <span class='ocrx_word' id='word_1_675' title='bbox 3198 5146 3292 5200; x_wconf 80' lang='grc' dir='ltr'><strong>τοῦ</strong></span> <span class='ocrx_word' id='word_1_676' title='bbox 3331 5147 3504 5215; x_wconf 83' lang='grc' dir='ltr'><strong>Λόγου</strong></span> <span class='ocrx_word' id='word_1_677' title='bbox 3560 5146 3767 5210; x_wconf 85' lang='grc' dir='ltr'><strong>πλάκα,</strong></span> 
     </span>
    </p>
   </div>
   <div class='ocr_carea' id='block_1_107' title="bbox 2196 5236 3769 5310">
    <p class='ocr_par' dir='ltr' id='par_1_107' title="bbox 2196 5236 3769 5310">
     <span class='ocr_line' id='line_1_107' title="bbox 2196 5236 3769 5310; baseline -0.003 -17"><span class='ocrx_word' id='word_1_678' title='bbox 2196 5240 2449 5293; x_wconf 86' lang='grc' dir='ltr'><strong>ἁπάντων</strong></span> <span class='ocrx_word' id='word_1_679' title='bbox 2490 5240 2595 5292; x_wconf 82' lang='grc' dir='ltr'><strong>τῶν</strong></span> <span class='ocrx_word' id='word_1_680' title='bbox 2640 5238 2983 5310; x_wconf 81' lang='grc' dir='ltr'><strong>Χριστιανῶν</strong></span> <span class='ocrx_word' id='word_1_681' title='bbox 3031 5239 3091 5291; x_wconf 85' lang='grc' dir='ltr'><strong>τὸ</strong></span> <span class='ocrx_word' id='word_1_682' title='bbox 3149 5238 3507 5308; x_wconf 76' lang='grc' dir='ltr'><strong>καταφύγιον,</strong></span> <span class='ocrx_word' id='word_1_683' title='bbox 3559 5236 3769 5307; x_wconf 74' lang='grc' dir='ltr'><strong>ᾄσματι</strong></span> 
     </span>
    </p>
   </div>
   <div class='ocr_carea' id='block_1_108' title="bbox 2196 5326 3768 5402">
    <p class='ocr_par' dir='ltr' id='par_1_108' title="bbox 2196 5326 3768 5402">
     <span class='ocr_line' id='line_1_108' title="bbox 2196 5326 3768 5402; baseline -0.003 -17"><span class='ocrx_word' id='word_1_684' title='bbox 2196 5332 2481 5402; x_wconf 86' lang='grc' dir='ltr'><strong>θεηγόροις</strong></span> <span class='ocrx_word' id='word_1_685' title='bbox 2504 5329 2957 5401; x_wconf 77' lang='grc' dir='ltr'><strong>ἐγκωμιάζοντες,</strong></span> <span class='ocrx_word' id='word_1_686' title='bbox 2992 5328 3164 5393; x_wconf 78' lang='grc' dir='ltr'><strong>οὕτως</strong></span> <span class='ocrx_word' id='word_1_687' title='bbox 3207 5331 3468 5398; x_wconf 77' lang='grc' dir='ltr'><strong>εἴπωμεν·</strong></span> <span class='ocrx_word' id='word_1_688' title='bbox 3500 5326 3768 5380; x_wconf 66' lang='grc' dir='ltr'><strong>Παλάτιον</strong></span> 
     </span>
    </p>
   </div>
   <div class='ocr_carea' id='block_1_109' title="bbox 2192 5418 3768 5491">
    <p class='ocr_par' dir='ltr' id='par_1_109' title="bbox 2192 5418 3768 5491">
     <span class='ocr_line' id='line_1_109' title="bbox 2192 5418 3768 5491; baseline -0.005 -13"><span class='ocrx_word' id='word_1_689' title='bbox 2192 5424 2286 5477; x_wconf 81' lang='grc' dir='ltr'><strong>τοῦ</strong></span> <span class='ocrx_word' id='word_1_690' title='bbox 2319 5424 2513 5491; x_wconf 87' lang='grc' dir='ltr'><strong>Λόγου,</strong></span> <span class='ocrx_word' id='word_1_691' title='bbox 2543 5422 2769 5487; x_wconf 80' lang='grc' dir='ltr'><strong>ἀξίωσον</strong></span> <span class='ocrx_word' id='word_1_692' title='bbox 2813 5421 2940 5485; x_wconf 79' lang='grc' dir='ltr'><strong>τοὺς</strong></span> <span class='ocrx_word' id='word_1_693' title='bbox 2972 5420 3260 5483; x_wconf 77' lang='grc' dir='ltr'><strong>ταπεινοὺς</strong></span> <span class='ocrx_word' id='word_1_694' title='bbox 3302 5421 3445 5490; x_wconf 74' lang='grc' dir='ltr'><strong>ἡμᾶς</strong></span> <span class='ocrx_word' id='word_1_695' title='bbox 3477 5421 3572 5488; x_wconf 78' lang='grc' dir='ltr'><strong>τῆς</strong></span> <span class='ocrx_word' id='word_1_696' title='bbox 3601 5418 3768 5490; x_wconf 67' lang='grc' dir='ltr'><strong>οὐράν</strong></span> 
     </span>
    </p>
   </div>
   <div class='ocr_carea' id='block_1_110' title="bbox 2194 5509 3768 5583">
    <p class='ocr_par' dir='ltr' id='par_1_110' title="bbox 2194 5509 3768 5583">
     <span class='ocr_line' id='line_1_110' title="bbox 2194 5509 3768 5583; baseline -0.006 -14"><span class='ocrx_word' id='word_1_697' title='bbox 2194 5516 2300 5569; x_wconf 86' lang='grc' dir='ltr'><strong>νῶν</strong></span> <span class='ocrx_word' id='word_1_698' title='bbox 2357 5514 2649 5583; x_wconf 66' lang='grc' dir='ltr'><strong>βασιλείας</strong></span> <span class='ocrx_word' id='word_1_699' title='bbox 2712 5513 2865 5567; x_wconf 80' lang='grc' dir='ltr'><strong>οὐδὲν</strong></span> <span class='ocrx_word' id='word_1_700' title='bbox 2914 5513 3022 5580; x_wconf 80' lang='grc' dir='ltr'><strong>γὰο</strong></span> <span class='ocrx_word' id='word_1_701' title='bbox 3073 5513 3333 5565; x_wconf 80' lang='grc' dir='ltr'><strong>ἀδύνατον</strong></span> <span class='ocrx_word' id='word_1_702' title='bbox 3396 5512 3460 5579; x_wconf 78' lang='grc' dir='ltr'><strong>τῇ</strong></span> <span class='ocrx_word' id='word_1_703' title='bbox 3518 5509 3768 5581; x_wconf 71' lang='grc' dir='ltr'><strong>μεσιτείᾳ</strong></span> 
     </span>
    </p>
   </div>
   <div class='ocr_carea' id='block_1_111' title="bbox 2193 5624 3516 5659">
    <p class='ocr_par' dir='ltr' id='par_1_111' title="bbox 2193 5624 3516 5659">
     <span class='ocr_line' id='line_1_111' title="bbox 2193 5624 3516 5659; baseline 0 0"><span class='ocrx_word' id='word_1_704' title='bbox 2193 5624 2309 5659; x_wconf 87' lang='grc' dir='ltr'><strong>σου.</strong></span> <span class='ocrx_word' id='word_1_705' title='bbox 3514 5627 3516 5629; x_wconf 73' lang='grc'><em>’</em></span> 
     </span>
    </p>
   </div>
   <div class='ocr_carea' id='block_1_112' title="bbox 1370 5691 2908 5765">
    <p class='ocr_par' dir='ltr' id='par_1_112' title="bbox 1370 5691 2908 5765">
     <span class='ocr_line' id='line_1_112' title="bbox 1370 5691 2908 5765; baseline 0.003 -20"><span class='ocrx_word' id='word_1_706' title='bbox 1370 5692 1487 5745; x_wconf 74' lang='grc'>127.</span> <span class='ocrx_word' id='word_1_707' title='bbox 1518 5691 1713 5747; x_wconf 91' lang='lat' dir='ltr'><strong>lterum</strong></span> <span class='ocrx_word' id='word_1_708' title='bbox 1749 5695 2108 5764; x_wconf 88' lang='lat' dir='ltr'><strong>repetendum</strong></span> <span class='ocrx_word' id='word_1_709' title='bbox 2144 5706 2227 5751; x_wconf 87' lang='lat' dir='ltr'><strong>est</strong></span> <span class='ocrx_word' id='word_1_710' title='bbox 2257 5697 2323 5749; x_wconf 89' lang='lat' dir='ltr'><strong>ad</strong></span> <span class='ocrx_word' id='word_1_711' title='bbox 2358 5704 2665 5750; x_wconf 77' lang='lat' dir='ltr'><strong>contextum</strong></span> <span class='ocrx_word' id='word_1_712' title='bbox 2696 5694 2908 5765; x_wconf 84' lang='lat' dir='ltr'><strong>Typtci.</strong></span> 
     </span>
    </p>
   </div>
   <div class='ocr_carea' id='block_1_113' title="bbox 580 5784 2076 5859">
    <p class='ocr_par' dir='ltr' id='par_1_113' title="bbox 580 5784 2076 5859">
     <span class='ocr_line' id='line_1_113' title="bbox 580 5784 2076 5859; baseline 0.003 -20"><span class='ocrx_word' id='word_1_713' title='bbox 580 5784 800 5848; x_wconf 87' lang='lat' dir='ltr'><strong>Deinde,</strong></span> <span class='ocrx_word' id='word_1_714' title='bbox 843 5786 992 5839; x_wconf 72' lang='lat' dir='ltr'><strong>Nunc</strong></span> <span class='ocrx_word' id='word_1_715' title='bbox 1035 5786 1260 5841; x_wconf 84' lang='lat' dir='ltr'><strong>dimittis</strong></span> <span class='ocrx_word' id='word_1_716' title='bbox 1286 5827 1300 5852; x_wconf 94' lang='lat'><strong>,</strong></span> <span class='ocrx_word' id='word_1_717' title='bbox 1346 5786 1666 5859; x_wconf 83' lang='lat' dir='ltr'><strong>Trisagion,</strong></span> <span class='ocrx_word' id='word_1_718' title='bbox 1730 5790 2076 5845; x_wconf 89' lang='lat' dir='ltr'><strong>sanctissima</strong></span> 
     </span>
    </p>
   </div>
   <div class='ocr_carea' id='block_1_114' title="bbox 504 5867 2070 5945">
    <p class='ocr_par' dir='ltr' id='par_1_114' title="bbox 504 5867 2070 5945">
     <span class='ocr_line' id='line_1_114' title="bbox 504 5867 2070 5945; baseline 0.004 -13"><span class='ocrx_word' id='word_1_719' title='bbox 504 5867 779 5945; x_wconf 74' lang='lat' dir='ltr'><strong>Trinitas,</strong></span> <span class='ocrx_word' id='word_1_720' title='bbox 859 5876 1017 5933; x_wconf 80' lang='lat' dir='ltr'><strong>Pater</strong></span> <span class='ocrx_word' id='word_1_721' title='bbox 1096 5890 1296 5935; x_wconf 89' lang='lat' dir='ltr'><strong>noster.</strong></span> <span class='ocrx_word' id='word_1_722' title='bbox 1369 5879 1650 5936; x_wconf 77' lang='lat' dir='ltr'><strong>Exclamat</strong></span> <span class='ocrx_word' id='word_1_723' title='bbox 1718 5891 1896 5937; x_wconf 79' lang='lat' dir='ltr'><strong>autem</strong></span> <span class='ocrx_word' id='word_1_724' title='bbox 1981 5898 2070 5938; x_wconf 87' lang='lat' dir='ltr'><strong>sa-</strong></span> 
     </span>
    </p>
   </div>
   <div class='ocr_carea' id='block_1_115' title="bbox 2256 5786 3763 5862">
    <p class='ocr_par' dir='ltr' id='par_1_115' title="bbox 2256 5786 3763 5862">
     <span class='ocr_line' id='line_1_115' title="bbox 2256 5786 3763 5862; baseline 0.001 -20"><span class='ocrx_word' id='word_1_725' title='bbox 2256 5786 2386 5844; x_wconf 76' lang='grc' dir='ltr'><strong>Εἶτα</strong></span> <span class='ocrx_word' id='word_1_726' title='bbox 2406 5792 2487 5855; x_wconf 87' lang='grc' dir='ltr'><strong>τὸ,</strong></span> <span class='ocrx_word' id='word_1_727' title='bbox 2546 5792 2659 5845; x_wconf 73' lang='grc' dir='ltr'><strong>Νῦν</strong></span> <span class='ocrx_word' id='word_1_728' title='bbox 2689 5791 2965 5854; x_wconf 80' lang='grc' dir='ltr'><strong>ἀπολύεις,</strong></span> <span class='ocrx_word' id='word_1_729' title='bbox 3006 5792 3065 5843; x_wconf 84' lang='grc' dir='ltr'><strong>τὸ</strong></span> <span class='ocrx_word' id='word_1_730' title='bbox 3113 5791 3392 5862; x_wconf 85' lang='grc' dir='ltr'><strong>τρισάγιον</strong></span> <span class='ocrx_word' id='word_1_731' title='bbox 3449 5790 3531 5853; x_wconf 81' lang='grc' dir='ltr'><strong>τὸ,</strong></span> <span class='ocrx_word' id='word_1_732' title='bbox 3588 5805 3763 5845; x_wconf 48' lang='grc' dir='ltr'><strong>πανα-</strong></span> 
     </span>
    </p>
   </div>
   <div class='ocr_carea' id='block_1_116' title="bbox 2186 5880 3760 5953">
    <p class='ocr_par' dir='ltr' id='par_1_116' title="bbox 2186 5880 3760 5953">
     <span class='ocr_line' id='line_1_116' title="bbox 2186 5880 3760 5953; baseline 0.002 -19"><span class='ocrx_word' id='word_1_733' title='bbox 2186 5882 2277 5951; x_wconf 90' lang='grc' dir='ltr'><strong>γία</strong></span> <span class='ocrx_word' id='word_1_734' title='bbox 2343 5882 2548 5948; x_wconf 78' lang='grc' dir='ltr'><strong>Τριὰς,</strong></span> <span class='ocrx_word' id='word_1_735' title='bbox 2616 5886 2711 5937; x_wconf 70' lang='grc' dir='ltr'><strong>σὺν</strong></span> <span class='ocrx_word' id='word_1_736' title='bbox 2772 5882 2848 5953; x_wconf 81' lang='grc' dir='ltr'><strong>τῷ</strong></span> <span class='ocrx_word' id='word_1_737' title='bbox 2910 5883 3088 5953; x_wconf 72' lang='grc' dir='ltr'><strong>Πάτερ</strong></span> <span class='ocrx_word' id='word_1_738' title='bbox 3147 5882 3325 5953; x_wconf 76' lang='grc' dir='ltr'><strong>ἡμῶν.</strong></span> <span class='ocrx_word' id='word_1_739' title='bbox 3395 5880 3662 5949; x_wconf 66' lang='grc' dir='ltr'><strong>Ἐκφωνεῖ</strong></span> <span class='ocrx_word' id='word_1_740' title='bbox 3728 5882 3760 5937; x_wconf 68' lang='grc' dir='ltr'><strong><em>ὁ</em></strong></span> 
     </span>
    </p>
   </div>
  </div>
