4046 6448
548 394 807 435 CCCXL?!“

1867 379 2401 437 PROLEGOMENA.

551 505 673 542 mur
705 500 778 554 te,
805 488 958 543 mitte
984 496 1035 542 et
1064 504 1206 544 nunc
1229 489 1488 545 auxilium
1514 498 1664 545 tuum
1693 506 1853 561 super
1870 502 2103 547 astantes

2216 511 2313 565 ραν
2347 493 2509 565 ζωὴν,
2534 492 2627 546 καὶ
2648 490 2742 544 νῦν
2767 489 3145 555 ἐξαπόστειλον
3166 490 3265 563 τὴν
3288 491 3538 563 βοήθειάν
3568 510 3663 547 σου
3684 494 3771 548 ἐπὶ

551 594 732 634 coram
768 580 903 634 facie
924 579 1106 650 gloriae
1141 591 1245 635 tua:
1276 621 1291 647 ,
1330 591 1387 635 ut
1416 582 1689 651 copiosam
1720 593 1837 636 a'te
1882 585 2109 638 misera-

553 670 752 723 tionem
805 680 1183 740 exspectemus
1229 693 1241 726 :
1286 672 1458 742 iisque
1500 674 1591 727 tibi
1652 688 1775 727 cum
1811 674 2002 729 timore
2054 684 2110 729 et

553 758 817 815 charitate
854 760 1233 825 servientibus,
1272 762 1684 817 inenarrabilem
1723 772 1863 817 tuam
1899 763 2109 817 bonita-

552 861 660 905 tem
689 851 914 907 laudare
936 854 1190 909 concede.
1226 852 1361 919 Quia
1400 855 1652 909 convenit
1682 854 1777 910 tibi
1801 856 1976 910 omnis
2002 851 2110 924 glo-

551 940 655 1003 ria,
687 939 860 994 honor
882 951 935 996 et
974 941 1221 997 adoratio
1251 983 1264 1006 .
1290 942 1437 997 Patri
1463 985 1479 1011 ,
1506 953 1561 998 et
1592 943 1729 1000 Filio
1752 986 1769 1013 ,
1797 954 1853 999 et
1884 944 2104 1012 Spiritui

550 1041 761 1098 sanCto,
792 1048 931 1087 nunc
984 1043 1036 1087 et
1080 1047 1312 1103 semper,
1344 1044 1400 1089 et
1436 1036 1489 1089 in
1529 1036 1725 1092 sarcula
1761 1035 2098 1091 saeculorum.

545 1121 738 1177 Amen.

1139 1215 1395 1271 ORATIO
1447 1216 1507 1270 Il.

623 1303 746 1357 I45.
804 1304 879 1357 De
934 1315 1090 1359 nocte
1139 1317 1323 1361 noster
1368 1309 1585 1377 spiritus
1654 1309 1719 1362 ad
1783 1316 1833 1363 te
1880 1309 2108 1379 vigilat,

552 1392 691 1448 Dens
723 1408 922 1458 noster,
971 1397 1095 1465 quia
1125 1409 1391 1467 pracepta
1441 1409 1529 1453 tua
1562 1399 1740 1454 lumen
1782 1409 1913 1455 sunt
1949 1416 2108 1469 super

550 1498 767 1543 terram.
793 1486 935 1543 Doce
961 1503 1059 1543 nos
1088 1489 1356 1559 justitiam
1390 1500 1445 1543 et
1482 1494 1829 1545 sanctitatem
1864 1492 1918 1545 in
1951 1492 2106 1544 timo-

547 1590 607 1631 re
640 1577 918 1647 perlicere.
941 1576 1016 1632 Te.
1039 1579 1182 1633 enim
1210 1588 1268 1631 ut
1300 1589 1545 1634 nostrum
1570 1594 1757 1634 verum
1785 1578 1952 1633 Deum
1975 1580 2109 1633 coli-

548 1682 685 1721 mus.
705 1665 905 1723 lnclina
939 1683 1125 1723 aurem
1153 1680 1321 1734 tuam,
1339 1680 1395 1724 et
1422 1670 1544 1723 audi
1570 1684 1701 1731 nos;
1732 1679 1784 1724 et
1808 1678 2105 1732 memento,

546 1756 791 1821 Domine,
814 1759 1186 1827 prasentium,
1214 1774 1509 1829 eorumque
1530 1761 1975 1831 nominatim,qni
1999 1777 2103 1815 nna

544 1826 829 1902 nobiscum
851 1860 1287 1920 comprecantur,
1321 1860 1376 1905 et
1403 1852 1601 1904 virtute
1652 1860 1741 1904 tua
1790 1868 1886 1906 eos
1928 1852 2104 1906 salvos
2137 1826 2179 1885 Β

542 1934 653 1992 fac.
701 1936 934 1993 Benedic
966 1940 1217 2009 populum
1254 1951 1434 2006 tuum,
1469 1949 1523 1995 et
1550 1942 1923 1997 barreditatem
1959 1951 2104 1997 tuam

544 2027 860 2091 sanctiﬁca;
898 2028 1013 2083 orbi
1063 2038 1185 2093 tuo,
1215 2029 1477 2086 Ecclesiis
1509 2033 1616 2087 tuis
1642 2072 1657 2095 ,
1702 2033 2101 2099 sacerd0tibus,

550 2116 965 2186 imperatoribus
988 2122 1208 2185 nostris,
1239 2132 1293 2175 et
1318 2132 1513 2176 cuncto
1542 2122 1739 2193 populo
1768 2138 1953 2193 pacem
1971 2140 2101 2180 con-

542 2210 694 2264 cede.
723 2209 860 2277 Quia
892 2212 1261 2277 benedictum,
1302 2213 1621 2283 gloriosum,
1655 2217 2023 2271 venerandum
2047 2228 2103 2273 et

542 2302 888 2372 magniﬁcum
938 2315 1019 2359 est
1048 2320 1241 2359 nomen
1272 2318 1443 2368 tuum,
1475 2307 1654 2363 Patris
1681 2349 1695 2373 ,
1744 2318 1792 2363 et
1827 2309 1952 2364 Filii
1982 2352 1996 2375 ,
2047 2322 2101 2367 et

542 2392 777 2463 Spiritus
804 2399 1000 2465 sancti,
1029 2415 1172 2455 nunc
1194 2409 1248 2454 et
1288 2415 1520 2469 semper,
1554 2412 1607 2453 et
1638 2401 1690 2454 iu
1717 2405 1911 2459 sacula
1937 2421 2104 2460 saecu-

537 2484 731 2542 lorum.
766 2488 940 2545 Amen

1118 2674 1377 2733 ORATIO
1425 2677 1515 2733 lll.

616 2761 735 2816 M6.
795 2764 871 2818 De
922 2774 1081 2819 nocte
1143 2767 1369 2833 Spiritus
1418 2780 1601 2825 noster
1657 2786 1723 2825 ao
1778 2782 1827 2825 te
1872 2773 2097 2842 vigilat,

539 2854 703 2921 Deus,
734 2856 859 2926 quia
896 2869 1163 2928 praecepta
1214 2870 1302 2913 tua
1358 2860 1537 2916 lumen
1596 2876 1741 2918 sunt.
1774 2865 1915 2919 Doce
1949 2882 2047 2920 nos
2079 2908 2095 2933 ,

543 2946 699 3007 Deus,
724 2944 990 3014 justitiam
1020 2956 1166 3000 tuam
1201 2987 1216 3011 ,
1255 2952 1508 3004 mandata
1546 2963 1658 3015 tua,
1687 2953 2098 3021 iustiﬁcationes

542 3047 681 3089 tuas.
708 3036 950 3091 lllumina
975 3039 1235 3092 mentium
1270 3050 1576 3094 nostrarum
1612 3043 1818 3105 oculos,
1852 3057 1918 3096 ne
1957 3043 2099 3098 forte

536 3128 591 3182 in
639 3127 875 3197 peccatis
931 3127 998 3181 ad
1050 3141 1277 3184 mortem
1334 3131 1753 3188 obdormiamus.
1802 3134 2095 3206 Caliginem

536 3232 753 3272 omnem
778 3233 807 3271 a
829 3219 1084 3274 cordibus
1115 3222 1316 3276 nostris
1344 3223 1589 3293 dispelle.
1620 3224 1803 3281 Praabe
1829 3230 1982 3283 nobis
2007 3228 2097 3297 ju-

538 3308 703 3362 stitiae
731 3307 926 3371 solem,
958 3320 1307 3379 nostramque
1328 3312 1495 3367 vitam
1528 3315 1596 3367 ab
1624 3316 1769 3368 omni
1803 3318 2103 3373 tentatione

539 3398 767 3452 liberam
808 3398 909 3453 sub
933 3399 1109 3467 sigillo
1146 3402 1381 3468 Spiritus
1412 3405 1585 3456 sancti
1624 3406 1697 3456 tui
1754 3409 1982 3459 custodi.
2023 3408 2105 3460 Di-

540 3491 653 3559 rige
675 3503 894 3559 gressus
924 3502 1141 3547 nostros
1188 3493 1240 3546 in
1281 3493 1429 3549 viam
1456 3494 1626 3564 pacis.
1672 3492 1747 3548 Da
1773 3497 1929 3551 nobis
1955 3498 2104 3553 vide-

539 3596 599 3634 re
625 3581 916 3634 diluculum
958 3595 1014 3636 et
1043 3583 1185 3637 diem
1216 3586 1269 3639 in
1313 3586 1693 3651 exsultatione,
1753 3596 1810 3640 ut
1843 3596 1895 3642 te
1927 3598 2102 3642 matu-

539 3672 669 3726 tinis
696 3673 1134 3729 concelebremus
1164 3674 1429 3732 laudibus.
1447 3677 1582 3744 Quia
1612 3691 1701 3732 tua
1725 3689 1809 3733 est
1836 3682 2093 3749 potentia,

542 3774 599 3816 et
632 3773 779 3816 tuum
805 3775 888 3818 est
922 3780 1170 3835 regnum,
1196 3776 1250 3820 et
1276 3769 1450 3822 virtus
1486 3782 1538 3822 et
1577 3768 1771 3839 gloria,
1801 3768 2000 3834 Patris,
2049 3781 2102 3824 et

539 3854 687 3916 Filii,
716 3863 772 3908 et
795 3853 1029 3923 Spiritus
1054 3857 1250 3920 sancti,
1291 3873 1433 3913 nunc
1452 3869 1506 3914 et
1541 3875 1774 3931 semper,
1804 3874 1862 3917 et
1898 3862 1953 3917 in
2008 3879 2104 3918 sa:-

540 3948 661 4001 cula
691 3945 1033 4003 seculorum.
1058 3949 1249 4006 Amen.

1124 4129 1379 4185 ORATIO
1429 4130 1516 4185 IV.

610 4221 735 4280 I47.
776 4221 1003 4280 Domine
1050 4224 1212 4286 Deus.
1268 4233 1454 4279 sancte
1497 4233 1553 4277 et
1581 4223 2099 4291 incomprehensib.—

540 4311 629 4377 lis,
656 4314 747 4382 qui
782 4314 965 4370 dixisti
1010 4326 1069 4369 ut
1094 4330 1124 4370 e
1159 4314 1398 4369 tenebris
1442 4315 1533 4368 lux
1566 4314 1984 4384 splendescerct,
2008 4312 2101 4383 qui

538 4420 637 4461 nos
667 4405 901 4463 refecisti
954 4422 1146 4462 somno
1186 4414 1476 4473 nocturno,
1507 4417 1562 4462 et
1601 4409 1793 4463 iterum
1824 4412 1890 4465 ad
1916 4411 2103 4466 lauda-

2209 585 2335 647 τοὺς
2365 584 2602 647 ἑστῶτας
2628 584 2733 655 πρὸ
2748 580 3037 653 προσώπου
3056 581 3156 652 τῆς
3185 583 3341 651 ἀγίας
3365 583 3522 654 δόξης
3549 601 3665 649 σου,
3682 586 3773 638 καὶ

2210 676 2674 746 ἀπεκδεχομένους
2699 675 2760 729 τδ
2791 675 2942 746 παρά
2969 673 3062 728 σοῦ
3092 673 3338 727 πλούσιον
3368 673 3533 738 ἔλεος·
3564 678 3658 728 καὶ
3688 676 3776 741 δὺς

2210 771 2414 833 αὐτοῖς,
2440 771 2575 840 μετά
2594 772 2756 840 φόδου
2774 771 2866 825 καὶ
2891 770 3111 841 ἀγάπης
3127 768 3355 821 πάντοτέ
3383 785 3464 821 σοι
3490 766 3777 839 λατρεύον-

2209 878 2329 925 τας,
2366 864 2534 914 αῑνείν
2583 864 2681 935 τὴν
2708 862 3093 933 ἀνεκδιήγητόν
3138 878 3232 914 σου
3280 858 3612 929 ἀγαθότητα.
3655 861 3775 912 Ὅτι

2211 952 2407 1023 πρέπει
2431 968 2513 1004 σοι
2544 954 2685 1005 πᾶσα
2712 952 2856 1020 δόξα,
2884 952 3014 1023 τιμὴ
3038 952 3130 1005 καὶ
3152 947 3537 1022 προσκύνησις,
3561 948 3638 1017 τῷ
3659 949 3773 1001 Πασ-

2208 1044 2320 1116 τρὶ,
2357 1044 2453 1098 καὶ
2479 1043 2557 1114 τῷ
2591 1043 2723 1115 Υίῷ,
2757 1046 2851 1097 καὶ
2887 1044 2965 1115 τῷ
3016 1044 3156 1113 ἁγίῳ
3213 1039 3511 1109 Πνεύματι,
3548 1038 3643 1091 νῦν
3682 1040 3778 1093 καὶ

2208 1134 2314 1201 ἀεὶ,
2344 1135 2438 1187 καὶ
2461 1137 2540 1197 είς
2571 1136 2694 1197 τοὺς
2716 1133 2914 1197 αἰῶνας
2946 1135 3054 1187 τῶν
3078 1132 3305 1187 αἰώνων.
3349 1128 3537 1199 ¹Δμήν.

2836 1226 3025 1279 ΕΥΧΗ
3060 1226 3138 1279 B'.

2290 1316 2386 1369 Ἐκ
2412 1315 2606 1378 νυκτὸς
2645 1314 2889 1387 ὀρθρίζει
2930 1314 2991 1368 τὸ
3021 1316 3236 1386 πνεῦμα
3274 1315 3432 1386 ἡμῶν
3477 1314 3612 1384 πρὸς
3639 1312 3719 1375 σὲ,
3746 1311 3779 1363 ὁ

2210 1404 2341 1469 Θεὸς
2368 1405 2543 1477 ἡμῶν,
2578 1406 2712 1459 διότι
2754 1405 2870 1477 φῶς
2896 1406 2965 1458 τά
3010 1406 3407 1477 προστάγματά
3436 1423 3528 1459 σου
3560 1404 3654 1457 ἐπὶ
3679 1404 3780 1472 τῆς

2209 1496 2330 1565 γῆς.
2362 1496 2713 1568 Δικαιοσύνην
2747 1497 2839 1551 καλ⁵
2861 1496 3130 1567 ἀγιασμδν
3162 1496 3427 1550 ἐπιτελεῖν
3454 1498 3508 1549 ὲν
3530 1495 3608 1566 τῷ
3629 1495 3779 1563 φόϐῳ

2213 1604 2303 1639 σου
2330 1587 2602 1641 συνέτισον
2628 1590 2795 1660 ἡμᾶς.
2822 1589 2888 1643 Σὲ
2925 1590 3033 1658 γὰρ
3056 1587 3348 1658 δοξάζομεν
3371 1588 3460 1641 τδν
3485 1588 3653 1650 ὅντως
3686 1584 3779 1638 δν·-

2209 1697 2275 1733 τα
2320 1679 2451 1732 Θεὸν
2498 1681 2671 1750 ἡμῶν.
2722 1681 2910 1735 Κλῑνον
2949 1681 3009 1733 τὸ
3042 1675 3135 1743 οὖς
3185 1696 3298 1743 σου,
3328 1682 3421 1733 καὶ
3473 1680 3781 1734 ἐπάκουσον

2210 1770 2386 1841 ἡμῶν·
2422 1771 2514 1824 καὶ
2546 1772 2830 1841 μνήσθητι,
2867 1770 3061 1842 Κύριε,
3091 1768 3198 1823 τῶν
3236 1768 3631 1839 συμπαρόντων
3684 1782 3779 1819 κα·.

2216 1862 2624 1931 συνευχομένων
2652 1863 2784 1930 ἡμῖν
2816 1862 3029 1915 πάντων
3058 1860 3177 1913 κατ’
3228 1859 3419 1928 ὄνομα,
3463 1858 3555 1910 καὶ
3606 1856 3770 1909 σῶσο-

2212 1952 2413 2016 αὐτοὺς
2445 1953 2511 2021 τῇ
2546 1950 2771 2020 δυνάμει
2800 1967 2912 2004 σου.
2941 1949 3243 2020 Εύλόγησον
3264 1947 3356 2003 τὸν
3378 1946 3503 1999 λαόν
3534 1962 3650 2008 σου,
3685 1944 3781 1996 καὶ

2212 2043 2438 2111 ἁγίασον
2482 2040 2580 2111 τὴν
2624 2030 2985 2109 κληρονομίαν
3041 2056 3157 2093 σουσ
3209 2038 3429 2110 εἰρήνην
3471 2034 3549 2105 τῷ
3586 2034 3781 2103 κόσμῳ

2213 2149 2307 2185 σου
2337 2131 2601 2202 δώρησαι,
2656 2131 2778 2192 ταῖς
2841 2128 3184 2198 Ἐκκλησίαις
3231 2144 3346 2189 σου,
3397 2126 3510 2188 τοῖς
3550 2120 3778 2191 ἱερεῦσι,

2208 2224 2319 2285 τοῖς
2347 2220 2657 2291 βασιλεῦσιν
2694 2218 2873 2289 ἡμῶν,
2913 2220 3005 2271 καὶ
3052 2219 3214 2271 παντὶ⁸
3239 2216 3315 2289 τῷ
3348 2216 3461 2286 λαῷ
3502 2231 3617 2268 σου.
3657 2214 3782 2264 Ὀτι

2209 2311 2506 2382 ηὐλόγηται
2546 2313 2640 2364 καὶ
2683 2308 2996 2370 δεδόξασται
3024 2309 3085 2361 τὸ
3119 2308 3385 2377 πάντιμον
3411 2304 3503 2358 κα)⁵
3548 2303 3782 2375 μεγαλο-

2211 2404 2419 2474 πρεπὲς
2471 2402 2642 2474 δνομά
2676 2420 2791 2464 σου,
2831 2400 2925 2454 τοῦ
2974 2399 3321 2471 Πατρδς,καὶ
3351 2396 3443 2450 τοῦ
3471 2396 3622 2460 Υἱού,
3682 2395 3783 2448 καὶ

2207 2493 2298 2547 τοῦ
2321 2494 2475 2563 ἁγίου
2507 2493 2841 2564 Πνεύματος,
2869 2491 2964 2545 νῦν
2997 2488 3092 2544 καὶ
3118 2489 3226 2554 ἀεὶ,
3259 2488 3353 2540 καὶ
3383 2488 3461 2550 είς
3489 2486 3614 2549 τοὺς
3646 2484 3781 2539 αίῶ-

2208 2602 2302 2648 νας
2323 2585 2431 2641 τῶν
2461 2584 2692 2638 αἰώνων.
2737 2585 2929 2656 Ἀμήν.

2865 2675 3052 2729 ΕΥΧΗ
3075 2674 3150 2728 1".

2288 2769 2381 2821 Ἐκ
2425 2771 2616 2833 νυκτὸς
2664 2767 2907 2840 ὀρθρίζει
2946 2768 3006 2819 τὸ
3032 2765 3247 2835 πνεῦμα
3277 2761 3434 2835 ἡμῶν
3468 2760 3604 2832 πρὸς
3638 2758 3719 2823 σὲ,
3748 2758 3782 2810 ὁ

2204 2860 2355 2921 θεὸς,
2376 2859 2509 2911 διότι
2539 2858 2653 2926 φῶς
2692 2858 2763 2910 τά
2789 2855 3186 2929 προστάγματά
3208 2871 3323 2906 σου.
3357 2852 3576 2917 Δίδαξον
3604 2852 3775 2920 ἡμᾶς,

2205 2950 2233 2999 ό
2265 2948 2417 3011 Θεὸς,
2444 2948 2542 3019 τὴν
2571 2948 2914 3018 δικαιοσύνην
2952 2963 3069 3010 σου,
3100 2945 3194 2999 καὶ
3243 2943 3339 3007 τάς
3391 2942 3608 3004 ἐντολάς
3658 2957 3776 3004 σου,

2206 3040 2300 3092 καὶ
2331 3038 2401 3092 τά
2438 3039 2781 3110 δικαιώματά
2802 3056 2914 3092 σου.
2944 3038 3179 3090 Φὼτισον
3198 3037 3323 3098 τοὺς
3338 3033 3646 3103 ὀφθαλμοὺς
3668 3032 3778 3085 τῶν

2203 3129 2450 3183 διανοιῶν
2476 3130 2652 3201 ἡμῶν,
2692 3130 2901 3201 μήποτε
2928 3129 3260 3199 ύπνώσωμεν
3288 3128 3346 3180 ὲν
3376 3124 3668 3197 ἁμαρτίαις
3696 3126 3778 3187 εἰς

2204 3220 2449 3274 Θάνατον.
2494 3221 2790 3275 Ἀπέλασον
2832 3221 3008 3274 πάντα
3054 3220 3215 3289 ζόφον
3260 3217 3367 3272 ἀπὸ
3401 3216 3509 3270 τῶν
3534 3215 3777 3288 καρδιῶν

2204 3312 2380 3383 ἡμῶν.
2416 3313 2654 3382 Χάρισαι
2703 3314 2836 3381 ἡμῖν
2869 3312 2960 3364 τὸν
2994 3311 3089 3381 τῆς
3115 3307 3459 3377 δικαιοσύνης
3479 3306 3649 3376 ἥλιον,
3680 3304 3779 3360 καὶ

2210 3402 2614 3470 ἀνεπηρέαστον
2642 3400 2741 3469 τὴν
2757 3402 2898 3469 ζωὴν
2920 3402 2953 3468 ἡ
2962 3399 3076 3468 μῶν
3090 3396 3413 3464 διαφύλαξον
3431 3397 3487 3447 ὲν
3513 3398 3578 3465 τῇ
3603 3412 3778 3465 σφρα-

2203 3492 2311 3558 γῖδι
2341 3490 2434 3543 τοῦ
2475 3492 2631 3559 ἀγίου
2665 3508 2755 3543 σου
2802 3492 3137 3559 Πνεύματος.
3172 3486 3512 3541 Κατεύθυνον
3554 3487 3621 3539 τὰ
3656 3487 3774 3538 δια-

2204 3580 2425 3651 δήματα
2455 3581 2614 3652 ἡμῶν
2652 3582 2733 3644 είς
2782 3580 2898 3635 ὁδὸν
2929 3581 3170 3652 εἰρήνης.
3223 3578 3322 3642 Δὸς
3354 3579 3486 3649 ἡμῖν
3529 3577 3655 3630 ἰδεῖν
3682 3575 3777 3631 τὸν

2200 3672 2395 3745 ὄρθρον
2438 3674 2531 3727 καὶ
2577 3673 2677 3745 τὴν
2703 3672 2914 3744 ἡμέραν
2967 3674 3024 3726 ὲν
3073 3670 3406 3741 ἀγαλλιάσει,
3439 3669 3523 3722 ἵνα
3559 3686 3638 3722 σοι
3676 3669 3778 3731 τάς

2203 3765 2430 3827 ἑωθινὰς
2454 3766 2869 3837 ἀναπέμπωμεν
2886 3767 3067 3836 εὐχάς.
3096 3767 3219 3818 Ὀτι
3245 3766 3335 3817 σὺν
3362 3762 3423 3816 τὸ
3443 3764 3660 3833 κράτος,
3681 3765 3777 3816 καὶ

2205 3854 2299 3905 σοῦ
2340 3856 2483 3907 ἐστιν
2525 3857 2558 3927 ἡ
2592 3858 2860 3926 βασιλεία,
2887 3858 2978 3908 καὶ
3010 3856 3234 3926 δύναμις
3270 3857 3363 3911 καὶ
3408 3858 3442 3925 ἡ
3474 3854 3623 3918 δόξα,
3676 3853 3773 3906 τοῦ

2202 3947 2436 4018 Πατρὸς,
2472 3948 2565 3999 κα)⁵
2591 3947 2683 3998 τοῦ
2712 3946 2862 4005 Υίοῦ,
2890 3948 2978 3997 καὶ
3012 3946 3100 3999 τοῦ
3120 3948 3273 4015 ἁγίου
3310 3944 3646 4015 Πνεύματος.
3681 3943 3777 3995 νῦν

2201 4040 2297 4093 καὶ
2328 4040 2433 4101 ἀεὶ,
2468 4038 2559 4090 καὶ
2583 4038 2662 4100 εἰς
2683 4036 2805 4099 τοὺς
2839 4035 3038 4098 αἰῶνας
3061 4038 3167 4090 τῶν
3200 4035 3634 4105 αἱώνων.’Δμήν.

2838 4128 3025 4179 ΕΥΧΙΙ
3069 4131 3120 4178 Δ⁹

2272 4224 2520 4277 Δέσποτα
2545 4225 2573 4275 ὁ
2604 4222 2757 4286 Θεὸς,
2792 4237 2819 4273 ο
2846 4219 2999 4294 ἅγιος
3052 4216 3147 4269 καὶ
3199 4215 3599 4283 ἀκατάληπτος,
3637 4214 3663 4264 ὁ
3702 4213 3779 4262 εἰ-

2202 4316 2320 4370 πὼν
2351 4319 2415 4369 ὲκ
2459 4316 2678 4379 σκότους
2709 4312 2824 4384 φῶς
2852 4308 3081 4380 λάμψαι,
3112 4311 3139 4362 ό
3168 4306 3485 4369 ἀναπαύσας
3520 4305 3667 4376 ἡμᾶς
3717 4306 3778 4357 ὲν

2200 4408 2278 4479 τῷ
2302 4408 2402 4477 τῆς
2431 4407 2623 4469 νυκτὸς
2638 4405 2810 4477 ὕπνῳ,
2832 4404 2924 4457 καὶ
2936 4401 3293 4473 διαναστήσας
3311 4400 3447 4472 πρὸς
3471 4398 3777 4464 δοξολογίαν

536 4499 738 4553 tionem
767 4498 1324 4570 supplicationemque
1355 4500 1613 4555 bonitatis
1673 4510 1773 4555 tua:
1807 4504 2055 4559 excitasti
2084 4545 2099 4569 ,

2208 4501 2301 4553 καὶ
2343 4499 2554 4551 ἱκεσίαν
2590 4497 2687 4567 τῆς
2726 4498 2824 4566 σῆς
2843 4492 3195 4565 ἀγαθότητος,
3225 4493 3639 4562 δυσωπούμενος
3669 4491 3779 4543 ὑπὸ

536 4604 626 4642 tua
682 4590 852 4657 ipsius
884 4600 1161 4660 permotus
1224 4591 1630 4656 misericordia,
1660 4606 1785 4656 nos,
1814 4593 2100 4649 adorantes

540 4690 613 4746 te,
645 4691 700 4735 et
738 4690 974 4749 quantas
1005 4697 1292 4750 possumus
1354 4682 1448 4735 tibi
1500 4693 1709 4752 gratias
1772 4684 2094 4751 referentes,

538 4773 698 4827 etiam
726 4788 867 4827 nunc
897 4768 1146 4841 suscipe;
1194 4774 1485 4843 omniaque
1530 4789 1649 4843 qua
1680 4778 1745 4830 ad
1774 4776 1998 4831 salutem
2021 4776 2101 4831 Ia-

536 4864 705 4925 ciunt,
734 4863 1001 4931 postulata
1047 4864 1304 4919 concede.
1340 4864 1508 4919 Filios
1560 4866 1695 4918 lucis
1741 4877 1793 4921 et
1824 4868 1953 4933 diei,
1982 4877 2101 4922 tuo-

538 4967 766 5022 rumque
793 4968 1117 5007 aeternorum
1162 4954 1425 5008 bonorum
1473 4955 1729 5016 baeredes,
1772 4972 1870 5010 nos
1900 4958 2103 5011 consti-

543 5054 656 5099 tue.
693 5044 749 5099 In
780 5044 1124 5099 multitudine
1160 5047 1565 5101 miserationum
1593 5056 1828 5111 tuarum,
1853 5047 2099 5115 Domine,

545 5136 835 5190 recordare
862 5136 1042 5189 cuncti
1079 5138 1253 5205 populi
1294 5138 1393 5200 tui,
1418 5139 1763 5206 praesentium
1790 5147 1844 5191 et
1872 5152 1975 5191 una
2004 5155 2101 5193 no-

540 5226 752 5281 biscum
782 5230 1265 5294 comprecantium,
1310 5230 1658 5299 omniumque
1708 5229 1938 5283 fratrum
1993 5248 2089 5285 no-

539 5328 775 5374 atrorum
800 5358 817 5384 ,
836 5319 919 5372 vel
951 5330 1093 5373 terra
1126 5320 1207 5373 vel
1236 5322 1369 5374 mari
1394 5320 1474 5374 vel
1504 5336 1827 5391 quocunque
1849 5323 1953 5375 alio
2007 5323 2103 5376 do-

540 5409 853 5465 minationis
899 5420 1001 5465 tua:
1040 5413 1161 5467 loco
1205 5422 1295 5465 tua
1337 5412 1623 5467 clementia
1648 5424 1701 5468 et
1723 5414 1923 5469 auxilio
1959 5415 2100 5466 indi-

540 5504 815 5572 gentium;
844 5502 1201 5573 omnibusque
1231 5506 1476 5570 impende
1507 5520 1752 5571 magnam
1781 5507 2089 5560 misericor-

546 5595 682 5647 diam
732 5604 895 5658 tuam,
942 5603 999 5647 ut
1055 5606 1160 5648 tam
1197 5598 1372 5663 quoad
1414 5599 1647 5651 animam
1700 5614 1858 5667 quam
1926 5600 2100 5667 quoad

542 5700 738 5755 corpus
769 5688 941 5753 salvi,
970 5688 1334 5759 gloriﬁcemus
1367 5704 1487 5743 cum
1527 5690 1721 5743 ﬁducia
1777 5690 2095 5743 admirabile

540 5792 605 5833 ac
636 5778 976 5837 benedictum
1008 5796 1202 5837 nomen
1264 5792 1409 5838 tuum
1438 5824 1452 5850 ,
1488 5781 1663 5839 Patris
1694 5823 1707 5850 ,
1744 5796 1799 5839 et
1848 5783 2013 5848 Filii,
2050 5792 2103 5839 et

2206 4591 2305 4660 τῆς
2342 4592 2476 4653 ἰδίας
2503 4606 2595 4642 σου
2616 4587 3037 4657 εὐσπλαγχνίας,
3065 4586 3355 4658 πρόσδεξαι
3392 4587 3425 4654 ή
3436 4587 3539 4653 μᾶς
3562 4585 3656 4637 καὶ¹
3680 4583 3777 4635 νῦν

2207 4679 2642 4751 προσκυνοῦντάς
2668 4697 2747 4745 σε,
2790 4678 2883 4731 καὶ
2905 4677 3043 4731 κατά
3071 4678 3297 4746 δύναμιν
3327 4672 3778 4744 εὐχαριστοῦντας

2210 4788 2309 4824 σοι·
2341 4772 2583 4841 δώρησαι
2619 4774 2751 4842 ἡμῖν
2772 4770 2946 4822 πάντα
2978 4769 3046 4821 τὰ
3080 4770 3214 4839 πρὸς
3241 4766 3511 4836 σωτηρίαν
3543 4764 3780 4833 αἰτήμα-

2209 4881 2294 4917 τα.
2332 4860 2631 4926 Ἀνάδειξον
2682 4863 2827 4932 ἡμᾶς
2852 4861 2996 4922 υἱοὺς
3046 4859 3223 4929 φωτὸς
3273 4858 3368 4910 καὶ
3400 4854 3628 4927 ἡμέρας,
3680 4852 3777 4905 καὶ

2210 4956 2574 5027 κληρονόμους
2622 4954 2730 5007 τῶν
2785 4954 3016 5005 αἰωνίων
3046 4968 3140 5003 σου
3175 4948 3414 5017 ἀγαθῶν.
3464 4944 3774 5017 Μνήσϐητι,

2208 5048 2403 5119 Κύριε,
2434 5048 2490 5098 ὲν
2513 5046 2589 5116 τῷ
2618 5046 2811 5113 πλήθει
2834 5046 2941 5097 τῶν
2970 5041 3268 5113 οἰκτιρμῶν
3303 5058 3418 5101 σου,
3448 5039 3539 5091 καὶ
3574 5037 3777 5099 παντὸς

2208 5139 2303 5192 τοῦ
2326 5136 2456 5191 λαοῦ
2490 5155 2604 5203 σου,
2654 5138 2763 5191 τῶν
2799 5138 3193 5208 συμπαρόντων
3234 5133 3328 5187 καὶ
3371 5129 3775 5201 συνευχομένων

2209 5233 2364 5302 ἡμῖν,
2411 5231 2505 5282 καὶ
2553 5231 2769 5285 πάντων
2817 5228 2925 5282 τῶν
2957 5227 3200 5297 ἀδελφῶν
3228 5223 3406 5295 ἡμῶν,
3449 5224 3555 5276 τῶν
3595 5223 3651 5273 ὲν
3680 5223 3774 5291 γῇ,

2208 5324 2317 5376 τῶν
2345 5325 2401 5374 ἐν
2432 5322 2694 5393 Θαλάσσῃ,
2730 5322 2838 5377 τῶν
2877 5326 2934 5375 ὲν
2974 5323 3134 5374 παντὶ
3165 5318 3313 5386 τόπῳ
3335 5316 3433 5385 τῆς
3465 5312 3777 5373 Ξτσποτείας

2212 5431 2324 5476 σου,
2351 5414 2616 5485 δεομένων
2652 5416 2751 5485 τῆς
2781 5412 3184 5483 φιλανθρωπίας
3234 5410 3327 5460 καὶ
3360 5404 3630 5477 βοηθείας·
3682 5404 3779 5456 καὶ⁵

2211 5512 2345 5561 πᾶσι
2394 5511 2695 5579 χορήγησον
2726 5507 2786 5558 τὸ
2812 5506 2952 5576 μέγα
2985 5523 3076 5557 σου
3108 5503 3272 5564 ἕλεος,
3312 5502 3397 5551 ἵνα
3444 5497 3778 5564 σεσωσμένοι

2209 5602 2354 5671 ψυχῇ
2378 5617 2433 5652 τε
2458 5602 2552 5651 καὶ
2582 5598 2793 5669 σώματι
2818 5599 3045 5651 πάντοτε
3071 5594 3431 5664 διαμένοντες,
3473 5590 3608 5660 μετά
3635 5590 3779 5656 παῤ·

2214 5690 2404 5762 ρησίας
2450 5689 2755 5759 δοξάζωμεν
2811 5690 2871 5740 τὸ
2922 5687 3232 5755 θαυμαστὸν
3271 5684 3365 5735 καὶ
3415 5680 3777 5750 εύλογημένον

2211 5784 2378 5854 ὄνομά
2406 5788 2517 5848 σου,
2554 5783 2641 5836 τοῦ
2674 5780 2902 5852 Πατρὸς,
2943 5781 3031 5833 καὶ
3058 5779 3149 5833 τοῦ
3184 5778 3335 5842 Tini,
3372 5775 3466 5829 καὶ
3495 5774 3586 5827 τιιῦ
3619 5772 3775 5845 ἁγίου
