4046 6460
1420 392 1818 461 ACOLUTIIIA
1853 397 2185 456 TRII‘LICIS
2214 401 2427 460 FESTI.

3338 424 3562 469 ςοσιιιι

326 484 662 558 Πνεύματος,
694 491 791 547 νῦν
824 495 918 548 καὶ
960 497 1065 563 ἀεὶ,
1125 499 1218 553 καὶ
1253 501 1333 565 είς
1376 505 1501 568 τοὺς
1543 505 1743 571 αίῶνας
1790 508 1861 563 τῶ

1970 560 1973 569 .
2004 509 2237 580 Spiritus
2263 516 2455 582 sancti,
2484 532 2628 574 nunc
2663 527 2717 574 et
2738 534 2975 590 semper,
3007 530 3060 577 et
3090 521 3143 575 in
3172 520 3367 576 emt-uia
3391 539 3561 579 secu-

323 573 555 632 αίὼνων.
595 581 786 654 Ἀμήν.

735 726 739 730 ,
953 678 1140 732 ΕΥΧΗ
1178 682 1252 736 E'.

407 757 650 826 Ἀγαθῶν
698 763 956 838 Θησαυρὲ,
1009 773 1160 844 πηγὴ
1220 774 1459 840 ἀένναος,
1516 778 1696 850 Πάτερ
1730 780 1881 849 ἅγιε,

323 844 750 918 θαυμαστοποιὲ,
788 858 1158 932 παντοδύναμε
1198 864 1288 916 καὶ
1321 844 1718 940 παντόκρατορ,
1753 844 1890 925 πάνλ-

320 956 413 1001 τες
459 957 519 995 σε
564 947 994 1017 προσκυνοῦμενο
1040 953 1133 1004 καὶ
1175 951 1267 1005 σοῦ
1300 953 1549 1026 δεύμεθα,
1580 958 1649 1011 τὰ
1671 957 1739 1011 σὰ
1763 959 1886 1031 ἑλέη

320 1030 414 1083 καὶ
443 1032 568 1096 τοὺς
596 1035 722 1098 σοὺς
743 1038 1055 1109 οίκτιρμοὺς
1080 1042 1494 1115 ἐπικαλούμενοι
1518 1048 1598 1110 είς
1636 1030 1887 1119 βοήθειαν

320 1124 413 1174 καὶ
441 1123 722 1197 ἀντίληψιν
749 1129 848 1199 τῆς
867 1134 1137 1203 ἡμετέρας
1160 1136 1558 1202 ταπεινώσεως.
1580 1140 1882 1211 Μνήσθητι,

316 1211 509 1283 Κύριε,
535 1214 643 1269 τῶν
670 1218 777 1271 σῶν
812 1218 1020 1273 ἱκετῶν.
1046 1222 1339 1293 Πρόσδεξαι
1357 1226 1766 1298 ,πάντωνήμῶν
1784 1229 1883 1294 τὰς

314 1301 543 1369 ἑωθινὰς
574 1305 786 1379 δεήσεις
801 1308 873 1371 ὡς
890 1309 1137 1381 θυμίαμα
1168 1312 1395 1368 ἐνώπιόν
1417 1332 1531 1380 σου,
1557 1317 1651 1369 καὶ
1681 1318 1883 1390 μηδένα

278 1392 472 1463 ,ήμῶν
502 1396 757 1469 ἀδόκιμον
802 1402 1052 1473 ποιήσῃς,
1112 1404 1249 1457 ἀλλὰ
1306 1406 1511 1471 πάντας
1538 1411 1683 1480 ἡμᾶς
1721 1429 1879 1485 περι-

312 1484 535 1555 ποίησαι
566 1486 652 1540 διὰ
688 1486 794 1538 τῶν
824 1489 1122 1560 οἰκτιρμῶν
1163 1510 1277 1547 σου.
1322 1496 1627 1568 Μνήσθητι,
1686 1484 1878 1574 Κύριε,

448 1576 864 1646 άγρυπνούντων
891 1581 983 1632 καὶ
1006 1581 1315 1650 ψαλλόντων
1347 1588 1426 1652 εἰς
1456 1589 1613 1652 δόξαν
1647 1593 1762 1664 σὴν,
1779 1573 1881 1649 καὶ

307 1662 402 1715 τοῦ
451 1667 770 1734 μονογενοῦς
805 1686 900 1723 σου
956 1672 1085 1727 Υίοῦ
1135 1677 1226 1729 καὶ
1274 1678 1407 1732 Θεοῦ
1438 1683 1617 1751 ἡμῶν,
1664 1662 1877 1740 καὶτοῦ

306 1753 465 1818 ἁγίου
481 1755 814 1847 Πνεύματος.
829 1761 987 1815 Γενοῦ
1004 1765 1180 1819 αὐτῶν
1196 1766 1386 1839 βοηθὸς
1404 1771 1499 1823 καὶ
1510 1773 1693 1845 ἀντιλή
1702 1792 1874 1847 πτωρ.

2002 600 2196 658 lorum.
2232 606 2421 661 Amen.

2613 702 2869 759 ORATIO
2898 702 2963 761 Ὗ.

2070 786 2193 842 “8.
2254 785 2517 843 Bonorum
2578 792 2848 854 thesaure,
2902 794 3019 846 fons
3077 794 3345 863 perennis,
3395 794 3559 849 Pater

1995 887 2202 943 sancte,
2244 880 2610 935 mirandorum
2639 883 2863 948 artifex,
2890 884 2981 954 qui
3011 886 3193 938 omnia
3243 896 3410 953 potes,
3435 903 3555 940 om—

1994 966 2149 1021 nibus
2172 969 2428 1038 imperas,
2454 980 2508 1026 te
2553 985 2746 1028 omnes
2779 973 3086 1039 adoramus,
3112 985 3167 1029 et
3203 976 3557 1045 deprecamur

1994 1064 2065 1121 te,
2100 1059 2527 1115 titisericordiam
2550 1071 2697 1118 tuam
2723 1072 2778 1119 et
2806 1064 3180 1120 miserationes
3217 1074 3339 1121 tuas
3382 1082 3549 1137 expo—

1990 1158 2206 1204 scentes
2230 1192 2243 1213 ,
2282 1153 2333 1206 in
2368 1154 2668 1209 subsidium
2718 1168 2784 1209 ac
2814 1154 3183 1210 defensionem
3231 1155 3553 1215 humilitatis

1991 1250 2212 1295 nostras.
2272 1242 2586 1312 Supplicum
2643 1254 2857 1300 tuorum
2920 1256 3232 1311 memento,
3285 1246 3550 1315 Domine;

1988 1331 2281 1386 matutinas
2336 1343 2582 1389 nostrum
2616 1336 2857 1391 omnium
2906 1350 3095 1405 preces
3126 1338 3340 1407 suscipe
3365 1377 3380 1401 ,
3408 1337 3551 1393 sicut

1990 1420 2268 1476 incensum
2321 1422 2376 1477 in
2429 1433 2719 1493 conspectu
2763 1434 2891 1490 tuo;
2942 1439 3116 1494 neque
3152 1440 3471 1497 quemquam
3518 1442 3552 1482 ο

1990 1513 2145 1569 nobis
2171 1516 2424 1585 reproba,
2471 1516 2568 1571 sed
2618 1529 2718 1585 per
2767 1515 3199 1572 misericordiam
3254 1527 3399 1573 tuam
3450 1534 3549 1575 nos

1986 1620 2177 1661 omnes
2202 1622 2488 1663 conserva.
2518 1606 2810 1672 Memento,
2835 1607 3059 1663 Domine
3078 1648 3095 1674 ,
3118 1608 3452 1680 vigilantium
3490 1621 3547 1665 et

1984 1695 2332 1763 psallentium
2360 1698 2429 1750 ad
2461 1696 2689 1768 gloriam
2720 1706 2888 1761 tuam,
2918 1709 2973 1752 et
3009 1700 3265 1768 unigeniti
3293 1697 3412 1754 Filii
3466 1700 3544 1754 tui

1986 1797 2050 1838 ac
2088 1784 2179 1839 Dei
2216 1785 2434 1862 nostri,
2467 1786 2543 1855 etf
2571 1787 2746 1840 sancti
2791 1786 3048 1854 Spiritus.
3088 1786 3282 1842 Eorum
3329 1785 3545 1853 adiutor

304 1844 603 1913 Πρόσδεξαι
629 1850 807 1904 αὐτῶν
826 1853 923 1917 τὰς
954 1857 1160 1920 ἱκεσίας
1185 1860 1263 1921 είς
1290 1858 1349 1912 τὸ
1375 1844 1762 1937 ύπερουράνιον
1783 1844 1861 1922 καί

1981 1886 2098 1930 esto
2126 1884 2290 1945 atque
2320 1854 2689 1947 propugnator
2723 1893 2737 1929 :
2769 1890 2956 1931 eorum
3000 1893 3189 1947 preces
3218 1879 3273 1931 iu
3323 1878 3543 1933 ctelcste

302 1939 490 2007 νοερόν
520 1956 612 1994 σου
647 1942 1047 2018 θυσιαστήριον.
1087 1950 1207 2003 Ὅτι
1258 1952 1324 2004 σὺ
1367 1948 1419 2006 si
1459 1957 1487 2009 6
1536 1956 1664 2022 Θεὸς
1693 1960 1871 2031 ἡμῶν,

440 2030 521 2083 σοὶ
550 2034 647 2103 τὴν
675 2035 829 2099 δόξαν
853 2038 1271 2113 άναπέμπομεν,
1298 2045 1374 2117 τῷ
1410 2048 1603 2117 Πατρὶ,
1657 2028 1752 2106 καί
1795 2054 1874 2126 τῷ

302 2116 438 2187 mp,
469 2121 559 2173 καὶ
589 2121 666 2192 τῷ
695 2124 841 2194 ἁγίῳ,
889 2125 1196 2200 Πνεύματι,
1229 2116 1464 2192 νῠνίκαι
1512 2140 1618 2205 ἀει,
1672 2116 1872 2207 utet;

299 2210 427 2269 τοὺς
454 2210 655 2275 αἰῶνας
679 2215 785 2268 τῶν
816 2216 1045 2275 αἰώνων.
1094 2223 1286 2295 Ἀμήν.

921 2334 1110 2391 ΕΥΧΗ
1145 2338 1237 2406 ς’.

370 2429 807 2508 Εὑχαριστοῦμέν
842 2457 946 2505 σοι,
970 2442 1163 2513 Κύριε,
1197 2447 1226 2498 6
1261 2445 1391 2511 Θεὸς
1436 2448 1545 2501 τῶν
1586 2453 1871 2522 σωτηρίων

294 2522 476 2617 ἡμῶν,
524 2526 605 2581 ὅτι
661 2530 838 2585 πάντα
875 2537 1050 2598 ποιεῖς
1101 2537 1181 2600 είς
1228 2538 1549 2610 εὐεργεσίαν
1593 2544 1692 2614 τῆς
1725 2545 1868 2617 ζωῆς

292 2613 475 2683 ἡμῶν,
509 2616 591 2670 ἵνα
621 2618 909 2686 διαπαντὸς
948 2626 1084 2696 πρὸς
1117 2628 1174 2681 σὲ
1207 2630 1605 2705 ἀποϐλέπωμεν
1643 2613 1735 2689 τὸν

291 2707 441 2778 τῆρα
471 2710 563 2763 καὶ
593 2712 890 2787 εὐεργέτην
905 2716 1011 2771 τῶν
1040 2720 1323 2793 ἡμετέρων
1337 2724 1541 2794 ψυχῶν-
1574 2726 1864 2783 διανέπαυ-

295 2816 398 2893 ea;
426 2803 569 2873 ἡμᾶς
602 2805 661 2858 ὲν
683 2807 762 2878 τῷ
797 2811 1117 2881 παρελθόντι
1156 2814 1257 2884 τῆς
1286 2816 1478 2880 νυκτὸς
1523 2819 1724 2893 μέτρῳ,
1772 2824 1865 2876 καὶ

292 2892 581 2967 ὲξήγειρας
622 2900 767 2969 ἡμᾶς
799 2903 862 2954 ὲκ
890 2902 998 2955 τῶν
1042 2905 1238 2958 κοιτῶν
1277 2908 1454 2978 ἡμῶν,
1492 2911 1585 2965 καὶ
1631 2892 1864 2985 γεστησας

291 2985 375 3047 είς
395 2988 761 3059 προσκύνησιν
788 2991 881 3044 τοῦ
911 2993 1095 3063 τιμίου
1127 2995 1387 3067 ὀνόματός
1418 3016 1533 3058 σου.
1558 3002 1650 3056 Διὸ
1679 3004 1864 3076 δεόμε-

291 3072 365 3126 θά
399 3092 513 3138 σου,
542 3080 732 3151 Κύριε,
759 3082 847 3146 δὸς
882 3084 1012 3159 ἡμῖν
1039 3086 1196 3159 χάριν
1220 3090 1315 3144 καὶ
1344 3089 1595 3164 δύναμιν,
1621 3095 1705 3150 ἵνα
1734 3072 1864 3149 κατ-

1982 1975 2131 2020 tuum
2157 1976 2212 2023 et
2238 1967 2602 2022 intellectuale
2638 1966 2808 2020 altare
2847 1968 3046 2037 recipe.
3076 1968 3212 2026 Quia
3250 1981 3301 2021 tu
3327 1968 3543 2023 eslleus

1984 2066 2188 2121 noster,
2216 2070 2270 2112 et
2302 2058 2395 2114 tibi
2432 2057 2657 2128 gloriam
2688 2060 2995 2122 referimus,
3019 2058 3185 2119 I'atri,
3208 2070 3257 2111 et
3299 2056 3456 2118 Filio,
3484 2068 3537 2110 e:

1980 2148 2213 2217 Spiritui
2270 2161 2481 2214 sancto,
2515 2166 2658 2205 nunc
2683 2162 2737 2207 et
2779 2164 3018 2220 semper,
3039 2160 3093 2204 et
3128 2149 3182 2203 in
3207 2145 3400 2202 saecula
3434 2162 3541 2202 sa-

1978 2240 2246 2296 euiorum.
2277 2241 2470 2295 Amen.

2565 2352 2819 2410 ORATIO
2852 2352 2936 2407 VI.

2047 2462 2168 2518 H9.
2214 2465 2435 2535 Agimus
2481 2466 2575 2521 tibi
2621 2467 2841 2536 gratias,
2874 2466 3186 2521 salutarium
3221 2474 3532 2518 nostrorum

1973 2549 2135 2615 Deus,
2162 2558 2311 2622 quia,
2350 2566 2406 2609 ut
2431 2566 2483 2611 te
2528 2569 2833 2613 nostrarum
2867 2558 3170 2612 animarum
3199 2565 3531 2613 servatorem

1971 2642 2271 2700 beneficum
2304 2636 2601 2701 identidem
2635 2651 2989 2718 respiciamus
3010 2691 3025 2715 ,
3049 2649 3235 2704 condis
3259 2647 3440 2703 omnia
3467 2647 3534 2701 ad

1971 2736 2097 2791 vita
2126 2720 2324 2792 nosti-ie
2358 2738 2705 2793 beneﬁcium.
2738 2740 2804 2794 Et
2842 2741 2967 2810 quia
3000 2756 3117 2807 nos,
3145 2739 3415 2807 prmterita
3446 2751 3535 2793 no-

1971 2827 2075 2883 ctis
2112 2838 2266 2899 parte
2293 2830 2647 2896 reiocillatos,
2696 2833 3069 2905 excitatosque
3099 2834 3293 2888 iterum
3316 2848 3347 2886 e
3376 2831 3532 2885 cubi-

1970 2919 2133 2986 libus,
2163 2923 2229 2975 ad
2262 2923 2563 2980 honorandi
2597 2928 2832 2982 nominis
2873 2929 2948 2980 tui
2989 2928 3356 2981 adorationum
3408 2937 3533 2978 ere-

1969 3010 2133 3078 sisti;
2184 3024 2465 3083 propterea
2524 3032 2831 3086 quaesumus
2882 3029 2968 3082 te,
3011 3009 3272 3077 Domine.
3334 3014 3532 3083 largire

1968 3103 2127 3158 nobis
2163 3105 2391 3175 gratiam
2419 3121 2483 3160 ac
2518 3108 2720 3175 robur;
2778 3118 2837 3162 ut
2882 3107 3083 3163 Christi
3116 3108 3189 3161 ttti
3228 3123 3351 3176 ope,
3402 3120 3527 3159 cum

287 3165 613 3275 αξιωθῶμω
642 3170 862 3240 ψάλλειν
895 3192 977 3230 σοι
1023 3181 1280 3247 συνετῶς,
1326 3187 1419 3237 καὶ⁷
1462 3186 1857 3259 προσεύχεσθαι

1971 3202 2117 3247 metu
2151 3205 2203 3249 et
2236 3204 2472 3251 tremore
2503 3208 2748 3252 nostram
2787 3199 3014 3253 salutem
3069 3205 3386 3266 operantcs;
3433 3194 3527 3248 tibi

288 3257 669 3328 ἀδιαλείπτως,
703 3265 759 3317 ὲν
786 3266 933 3339 φόῦῳ
977 3270 1070 3323 καὶ
1098 3272 1284 3344 τρόμῳ
1317 3274 1415 3346 τὴν
1444 3277 1651 3331 ἑαυτῶν
1684 3257 1859 3353 σωτη-

292 3350 418 3445 ρίαν
467 3356 923 3428 κατεργαζόμενοι
972 3361 1058 3415 διὰ
1099 3363 1196 3433 τῆς
1229 3365 1563 3439 ἀντιλήψεως
1592 3371 1686 3425 τοῦ
1724 3350 1859 3445 Χρι-

288 3442 420 3533 στοῦ
457 3461 569 3499 σου.
616 3448 920 3519 Μνήσθητι,
956 3452 1151 3525 Κύριε,
1197 3456 1293 3508 καὶ
1331 3460 1387 3510 ὲν
1417 3462 1573 3513 νυκτὶ
1612 3462 1747 3533 πρὸς
1777 3442 1858 3517 ’σὲ

286 3532 558 3601 βοώντων.
606 3536 937 3591 Ἐπάκουσον
969 3541 1168 3607 αὐτῶν,
1219 3547 1311 3599 καὶ
1349 3548 1587 3617 ἐλέησον,
1613 3532 1708 3605 καὶ
1732 3552 1859 3607 σύν-

283 3622 477 3692 τριψον
506 3624 609 3677 ὑπὸ
629 3628 755 3691 τοὺς
787 3629 951 3694 πόδας
982 3633 1161 3687 αὐτῶν
1179 3634 1308 3700 τοὺς
1330 3638 1590 3709 ἀοράτους
1638 3643 1732 3695 καὶ
1768 3661 1859 3696 πο-

279 3711 506 3779 λῖμίους
545 3714 792 3788 ἐχθρούς.
824 3719 895 3774 Σὺ
920 3720 1027 3793 γὰρ
1062 3716 1115 3776 εἴ
1143 3724 1172 3777 6
1207 3722 1457 3795 βασιλεὺς
1482 3727 1582 3798 τῆς
1613 3731 1854 3802 εἰρήνης»

282 3804 380 3857 καὶ
406 3805 589 3877 σωτὴρ
618 3807 727 3861 τῶν
749 3810 937 3881 ψυχῶν
968 3812 1146 3884 ἡμῶν*
1179 3816 1272 3869 καὶ
1303 3817 1386 3870 σοὶ
1417 3818 1516 3889 τὴν
1547 3819 1701 3884 δόξαν
1728 3822 1857 3875 άνα-

280 3896 599 3966 πέμπομεν,
617 3900 694 3970 τῷ
720 3902 911 3973 Πατρὶ,
938 3906 1032 3957 καὶ
1050 3905 1129 3975 τῷ
1153 3906 1284 3977 Υίῷ,
1315 3911 1407 3961 καὶ
1437 3911 1513 3980 τῷ
1531 3912 1668 3981 ἁγίῳ
1688 3912 1857 3966 Πνεύ-

286 4002 439 4056 ματι,
488 3986 583 4039 νῦν
613 3991 707 4042 καὶ
724 3992 834 4059 ἀεὶ,
868 3993 961 4045 καὶ
990 3995 1070 4056 εἰς
1099 3996 1226 4058 τοὺς
1258 3998 1455 4064 αἰῶνας
1480 4001 1588 4057 τῶν
1621 4001 1851 4059 αἰώνων.

293 4077 356 4128 Ἀ
364 4078 469 4149 μήν

881 4174 1073 4231 ΕΥΧΗ
1111 4179 1184 4233 Ζ’.

365 4288 421 4341 ’0
459 4289 591 4353 Θεὸς
638 4295 733 4345 καὶ
785 4294 974 4366 Πατὴρ
1036 4298 1131 4351 τοῦ
1191 4299 1396 4372 Κυρίου
1451 4301 1605 4371 ἡμῶν
1676 4302 1849 4373 Ἰησοῦ

279 4380 541 4447 Χριστοῦ,
572 4383 599 4433 6
634 4383 999 4455 ἐξαναστήσας
1036 4391 1184 4460 ἡμᾶς
1228 4393 1291 4444 ὲκ
1313 4391 1422 4446 τῶν
1448 4392 1639 4446 κοιτῶν
1669 4394 1845 4465 ἡμῶν,

276 4471 376 4523 καὶ
410 4471 826 4542 ὲπισυναγαγὼν
852 4477 944 4531 ἐπὶ
976 4479 1071 4551 τὴν
1100 4464 1249 4550 ῶρτν
1278 4481 1376 4553 τῆς
1405 4464 1727 4556 ίιτροσενχῆςζ
1760 4485 1848 4550 δὸς

1970 3285 2103 3341 scite
2129 3287 2358 3355 psallere
2377 3299 2431 3343 et
2462 3289 2832 3345 indesinenter
2874 3289 3180 3360 supplicare
3233 3286 3529 3343 valeamus.

1970 3378 2236 3435 Memento
2268 3381 2431 3437 etiam
2459 3422 2475 3447 ,
2507 3380 2753 3449 Domine,
2784 3396 2972 3436 eorum
3023 3380 3115 3452 qui
3171 3391 3223 3435 te
3252 3379 3320 3435 de
3372 3388 3531 3433 nocte

1967 3472 2259 3526 invocant:
2287 3474 2480 3528 exaudi
2537 3489 2632 3529 I'OS
2661 3482 2713 3527 et
2753 3475 3015 3526 miserere
3040 3511 3056 3536 ,
3090 3474 3190 3525 sub
3231 3484 3529 3538 eorumque

1966 3560 2193 3629 pedibus
2225 3564 2406 3618 hostes
2453 3564 2752 3619 invisibiles
2806 3574 2975 3634 atque
3012 3564 3240 3618 iniustos
3280 3571 3523 3618 contere.

1964 3652 2041 3709 Tu
2072 3653 2216 3708 enim
2250 3670 2309 3709 es
2349 3671 2441 3710 res
2475 3657 2659 3727 pi-cis,
2707 3668 2762 3713 et
2796 3669 3046 3713 servator
3078 3665 3380 3710 nostrarum
3415 3653 3530 3706 ani-

1965 3760 2205 3813 marum;
2241 3748 2443 3816 tibique
2476 3750 2701 3817 gloriam
2746 3751 3114 3817 rependimus,
3160 3746 3326 3809 Patri,
3356 3755 3409 3799 et
3432 3742 3524 3798 Fi-

1963 3836 2053 3899 lio,
2072 3846 2124 3892 et
2151 3837 2375 3907 Spiritui
2405 3851 2615 3903 sancto,
2642 3854 2783 3894 nunc
2806 3849 2860 3893 et
2890 3852 3130 3907 semper,
3156 3847 3209 3891 et
3241 3838 3291 3891 in
3324 3836 3521 3892 szecula

1961 3930 2297 3988 saeculorum.
2332 3933 2523 3985 Amen.

2535 4204 2790 4264 ORATIO
2820 4204 2929 4261 VII.

2030 4315 2153 4372 150.
2190 4317 2326 4371 Deus
2352 4325 2409 4372 et
2460 4314 2619 4372 Pater
2676 4317 2883 4371 Domini
2940 4315 3108 4371 nostri
3136 4312 3261 4371 Jcsu
3294 4313 3521 4376 Christi,

1957 4410 2046 4479 qui
2072 4425 2169 4462 nos
2199 4425 2229 4463 e
2255 4409 2457 4465 nostris
2480 4408 2732 4462 thalamis
2757 4409 3048 4463 suscitatus
3075 4407 3141 4462 ad
3182 4407 3369 4461 horam
3392 4421 3519 4460 ora-

1960 4499 2122 4552 tionis
2157 4497 2517 4567 congregasti,
2561 4498 2628 4551 da
2662 4497 2817 4551 nobis
2847 4498 3072 4567 gratiam
3108 4498 3159 4551 iu
3191 4496 3514 4567 patefactio-

276 4562 409 4632 ἡμῖν
438 4562 597 4633 χάριν
620 4564 677 4615 ὲν
704 4565 905 4629 ἀνοίξει
941 4568 1036 4622 τοῦ
1068 4571 1330 4640 στόματος
1356 4574 1534 4645 ἡμῶν,
1565 4575 1657 4629 καὶ
1683 4579 1849 4646 πρόσ-

1970 4600 2024 4639 te
2065 4586 2199 4651 oris,
2232 4594 2286 4637 et
2316 4586 2533 4653 suscipe
2555 4602 2690 4654 quas
2717 4588 2809 4641 tibi
2842 4601 2937 4656 pro
2960 4586 3165 4641 viribus
3212 4595 3394 4655 grates
3427 4601 3515 4639 re-

274 4654 427 4720 δεξαι
450 4654 608 4726 ἡμῶν
627 4655 725 4719 τὰς
748 4657 889 4710 κατὰ
922 4658 1147 4731 δύναμιν
1177 4664 1549 4735 εὐχαριστίας,
1583 4665 1676 4721 καὶ
1704 4666 1848 4723 δίδα-

276 4748 368 4813 ξον
401 4749 547 4817 ἡμᾶς
582 4746 650 4801 τά
675 4747 1016 4819 δικαιώματά
1038 4768 1151 4804 σουο
1178 4754 1259 4806 ὅτι
1293 4756 1697 4825 προσεύξασθαι
1721 4760 1845 4812 καθ’

272 4839 305 4892 6
353 4838 436 4891 δεῖ
477 4841 578 4892 οὐκ
608 4840 849 4910 οτδαμεν,
889 4840 984 4895 ἐὰν
1022 4844 1096 4914 μὴ
1132 4844 1217 4908 σὺ,
1254 4846 1444 4917 Κύριε,
1468 4848 1545 4920 τῷ
1569 4850 1845 4921 Πνεύματί

276 4947 375 4985 σου
409 4930 487 5001 τῷ
512 4933 652 5002 ἁγίῳ
685 4934 954 5007 ὁδηγήσῃς
978 4936 1140 5006 ἡμᾶς.
1183 4937 1272 4990 Διὸ
1298 4937 1528 5009 δεόμεθά
1567 4962 1680 5009 σου,
1713 4948 1767 4999 el’
1791 4962 1845 4999 τι

274 5024 595 5095 ἡμάρτομεν
616 5024 776 5096 μέχρι
798 5027 894 5095 τῆς
912 5031 1191 5100 παρούσης
1210 5029 1355 5102 ὧρας
1376 5034 1432 5085 ὲν
1454 5033 1660 5107 λόγιρςῆ
1681 5037 1842 5109 ἔργῳ»

274 5113 310 5183 ἦ
342 5116 483 5168 κατά
520 5114 789 5182 διάνοιαν,
821 5117 1081 5182 ἑκουσίως
1112 5120 1144 5191 ἢ
1173 5120 1460 5185 ἀκουσίως,
1499 5125 1643 5189 άνες,
1686 5127 1842 5197 ἄφες,

274 5204 531 5275 συγχώρη
541 5221 648 5258 σονο
669 5206 777 5260 ἐὰν
798 5206 901 5277 γάρ
917 5207 1165 5277 ἀνομίας
1180 5213 1629 5284 παριιτηρήσῃς,
1650 5221 1842 5287 Κύριε,

270 5297 473 5364 Κύριε,
493 5298 585 5363 τίς
611 5297 1048 5365 bacas-ticum;
1072 5302 1190 5355 Ὅτι
1205 5304 1354 5373 παρὰ
1370 5306 1451 5357 σοὶ
1474 5309 1505 5377 ἡ
1530 5307 1843 5382 ἀπολύτρω-

274 5406 382 5454 σις,
419 5389 485 5442 σὺ
511 5384 563 5441 εἴ
609 5389 769 5460 μόνος
818 5390 970 5460 ἅγιος
1002 5390 1215 5463 βοηθὸς,
1259 5398 1513 5466 κραταιὸς
1546 5400 1847 5470 ὑπερασπι-

271 5480 407 5551 ari};
451 5480 551 5551 τῆς
602 5480 748 5552 ζωῆς
796 5482 972 5553 ἡμῶν,
1013 5487 1107 5537 καὶ
1134 5488 1191 5538 ὲν
1224 5486 1364 5559 σοὶή
1399 5488 1630 5563 ὔμνησις
1685 5495 1842 5566 ἡμῶν

265 5574 582 5639 διαπαντός.
623 5576 721 5630 Ei'n
748 5576 809 5629 τὸ
838 5578 1035 5648 κράτος
1071 5579 1170 5650 τῆς
1204 5580 1474 5652 βασιλείας
1499 5603 1589 5641 σου
1615 5584 1839 5659 εὐλογη-

349 5792 428 5865 (α)
462 5792 600 5849 I‘sal.
632 5810 816 5864 curs,
839 5798 890 5865 3,
924 5800 978 5854 7.

1952 4672 2200 4737 ferimus,
2224 4682 2277 4728 et
2295 4689 2392 4728 nos
2420 4677 2585 4731 edoce
2611 4674 3023 4745 justilicationes
3053 4687 3208 4739 tuas;
3246 4676 3370 4745 quia
3404 4675 3513 4730 nisi

1954 4777 2033 4833 tu,
2074 4766 2320 4831 Domine,
2354 4784 2452 4823 nos
2495 4778 2587 4822 tuo
2641 4768 2844 4836 Spiritu
2874 4779 3062 4823 sancto
3084 4767 3377 4832 direxeris,
3408 4782 3516 4820 non

1953 4873 2242 4931 possumus
2275 4875 2433 4915 orare
2476 4870 2636 4930 prout
2658 4867 2891 4930 oportet.
2919 4857 3040 4912 Ideo
3066 4873 3317 4930 rogamus
3354 4868 3425 4922 te,
3456 4868 3517 4913 ut

1951 4952 1996 5007 si
2040 4952 2169 5021 quid
2204 4953 2548 5023 peccavimus
2586 4966 2758 5023 usque
2803 4950 2871 5005 ad
2920 4960 3240 5018 prasentcm
3281 4949 3516 5011 horam,

1958 5042 2146 5108 verbo,
2189 5046 2272 5099 vel
2323 5059 2507 5112 opere,
2551 5045 2635 5099 vel
2672 5042 3023 5115 cogitatione,
3059 5052 3252 5110 sponte
3300 5043 3379 5092 vel
3416 5056 3514 5094 co-

1956 5145 2096 5199 acte,
2132 5134 2395 5201 remitias,
2412 5137 2705 5201 condones,
2732 5132 3030 5202 indulgeas,
3054 5132 3175 5203 quia
3193 5132 3240 5183 si
3266 5130 3513 5197 iniquita-

1953 5239 2027 5281 tes
2056 5229 2429 5291 observaveris,
2472 5227 2712 5292 Domine,
2754 5225 2994 5288 Domine,
3035 5224 3149 5294 quis
3198 5220 3520 5275 sustinebit?

1959 5318 2221 5384 Quoniam
2246 5322 2386 5387 apud
2407 5331 2455 5372 te
2480 5318 2760 5386 redemptio
2782 5329 2854 5371 est
2880 5316 2989 5389 (a);
3024 5324 3077 5368 tu
3107 5314 3254 5369 solus
3281 5329 3339 5368 es
3362 5312 3514 5366 ausi-

1949 5411 2108 5465 liator
2148 5420 2388 5473 sanctus,
2425 5412 2545 5465 vitte
2575 5421 2771 5465 nostra:
2801 5408 3050 5464 defensor
3095 5402 3430 5475 praepotens;
3456 5412 3514 5459 et

1949 5500 2017 5555 ad
2067 5512 2118 5557 te
2162 5511 2271 5556 tota
2320 5514 2502 5557 nostra
2537 5503 2773 5557 laudatio
2806 5497 3059 5554 refertur.
3114 5497 3401 5553 Benedicta
3438 5500 3510 5551 sit

1952 5603 2008 5647 ct
2036 5592 2330 5662 gloriﬁcata
2360 5594 2507 5664 regni
2561 5592 2636 5648 tui
2674 5600 2933 5663 potestas,
2968 5588 3169 5655 Patris,
3201 5599 3253 5644 et
3288 5586 3431 5652 Filii,
3456 5597 3511 5643 et
