4046 6480
529 429 658 467 ατει

1878 415 2244 474 PROLEGOM
2252 416 2408 470 ENA.

534 532 764 598 Spiritus
786 529 983 599 sancti,
1017 544 1161 587 nunc
1195 539 1250 586 et
1279 545 1515 601 semper,
1545 539 1600 586 et
1627 533 1680 586 in
1712 534 1906 588 saecula
1935 550 2089 590 saecu‘

2203 534 2365 604 μένον
2397 530 2490 587 καί
2521 529 2923 602 δεδοξασμένον,
2971 529 3063 584 τοῦ
3093 529 3324 601 Πατρὸς,
3353 529 3445 584 καὶ
3468 527 3572 584 ’τοῦ
3607 527 3753 592 Υἰοῦ,

531 622 720 676 lorum.
754 624 948 678 Amen.

1109 799 1364 856 ORATIO
1391 800 1521 856 VIII.

599 893 722 948 15f.
780 891 1005 947 Domine
1063 893 1205 947 Deus
1267 903 1494 958 noster,
1542 893 1632 963 qui
1686 907 1817 960 nos,
1875 905 2092 965 torpore

529 983 705 1035 somni
741 983 1018 1051 dissipato,
1049 983 1336 1038 vocatione
1357 993 1546 1038 sancta
1580 984 1915 1050 convocasti,
1948 994 2006 1039 ut
2036 993 2092 1040 et

531 1084 718 1123 manus
749 1070 1137 1125 cxtolleremus
1161 1081 1348 1136 noctu,
1373 1079 1426 1125 et
1461 1073 1555 1128 tibi
1589 1074 1973 1130 conﬁteremur
1995 1091 2089 1130 su-

536 1177 632 1230 per
656 1162 858 1232 judicia
878 1162 1106 1230 justitite
1135 1174 1272 1231 tuae;
1297 1167 1510 1237 suscipe
1534 1170 1808 1222 orationes
1851 1181 2087 1234 nostras,

529 1254 942 1324 postulationes,
989 1256 1404 1324 confessiones,
1436 1268 1730 1314 nocturnos
1778 1261 1988 1325 cultus;
2035 1269 2090 1315 et

531 1347 709 1401 tribue
734 1348 889 1402 nobis
918 1388 932 1414 ,
962 1363 996 1401 o
1029 1348 1193 1416 Deus,
1225 1351 1563 1404 inconfusam
1598 1350 1776 1420 fidem,
1807 1367 1958 1424 spem
1992 1356 2090 1408 lir-

529 1453 694 1501 mam,
724 1439 1043 1494 cbaritatem
1067 1440 1182 1494 sine
1216 1441 1453 1495 ﬂctione.
1489 1441 1722 1498 Benedic
1754 1454 1967 1499 nostros
2007 1445 2090 1499 iu-

531 1529 722 1584 troitus
751 1538 806 1584 et
834 1531 1035 1598 exitus,
1071 1533 1340 1598 actiones,
1368 1547 1530 1602 opera
1558 1573 1574 1599 ,
1601 1548 1882 1590 sermones
1926 1547 2086 1605 atque

528 1621 918 1691 cogitationes;
982 1630 1036 1676 et
1082 1638 1182 1678 nos
1223 1623 1544 1678 ineffabilem
1588 1625 1883 1681 bonitatem
1941 1636 2087 1679 tuam

531 1710 835 1776 laudantes,
867 1713 1649 1781 celebrantes,benedicentes,
1669 1718 1735 1770 ad
1764 1717 2087 1787 principium

526 1801 631 1853 dici
668 1802 951 1868 pervenire
979 1803 1228 1859 concede.
1263 1803 1395 1871 Quia
1431 1807 1764 1861 benedictum
1799 1817 2085 1864 estsacro-

2199 626 2293 679 καί
2325 624 2422 678 τοῦ
2470 624 2624 693 ἁγίου
2653 623 2988 694 Πνεύματος,
3016 623 3110 677 νῦν
3137 624 3231 677 καὶ
3272 623 3375 686 ἀεὶ,
3411 623 3501 675 καὶ
3530 623 3606 686 εἰς
3633 623 3755 684 τοὺς

2199 716 2396 780 αἰῶνας
2428 714 2536 768 τῶν
2562 713 2789 769 αἰώνων.
2839 714 3028 784 Ἀμήν.

2826 807 3016 860 ΕΥΧΗ
3045 807 3124 860 Η⁹.

2293 901 2462 970 Κύριε
2495 901 2674 964 ὁΘεδς
2697 898 2874 970 ἡμῶν,
2917 901 2945 952 6
2985 896 3085 966 τὴν
3130 897 3224 951 τοῦ
3270 897 3438 950 ῦπνου
3487 895 3755 970 ῥᾳθυμίαν

2193 991 2570 1055 ἀποσκεδάσας
2597 991 2688 1060 ἀφ’
2721 990 2901 1061 ἡμῶν,
2950 991 3042 1044 καὶ
3084 989 3417 1058 συγκαλέσας
3448 991 3594 1060 ἡμᾶς
3626 988 3754 1056 κλή-

2194 1097 2276 1133 σει
2305 1080 2456 1150 ἁγία,
2489 1081 2582 1132 καὶ
2607 1081 2664 1133 ἐν
2688 1080 2844 1132 νυκτί
2871 1080 3071 1150 ἐπᾶραι
3099 1079 3196 1140 τὰς
3230 1081 3416 1149 χεῖρας
3450 1078 3626 1148 ἡμῶν.
3661 1077 3753 1130 καὶ

2192 1171 2629 1241 ἐξομολογεῖσθαι
2658 1189 2739 1225 σοι
2769 1171 2862 1224 ἐπὶ
2900 1171 2966 1223 τά
3003 1170 3243 1241 κρίματα
3290 1171 3387 1238 τῆς
3413 1166 3754 1237 δικαιοσύνης

2192 1278 2308 1314 σουο
2334 1259 2620 1331 πρόσδεξαι
2641 1261 2742 1324 τὰς
2774 1262 2985 1331 δεήσεις
3005 1261 3184 1331 ἡμῶν,
3214 1259 3311 1322 τὰς
3340 1258 3624 1324 ἐντεύξεις,
3654 1257 3753 1319 τας

2190 1347 2628 1418 ἐξομολογήσεις,
2644 1347 2741 1409 τὰς
2765 1348 3084 1420 νυκτερινὰς
3103 1348 3370 1417 λατρείας
3407 1347 3500 1399 καὶ
3532 1347 3751 1416 χάρισαι

2190 1442 2344 1509 ἡμῖν,
2379 1444 2407 1493 6
2427 1439 2580 1502 Θεὸς,
2607 1441 2786 1492 πίστιν
2817 1441 3259 1508 ἀκαταίσχυντον,
3294 1439 3480 1493 ἐλπίδα
3508 1438 3748 1507 βεϐαίαν,

2189 1530 2410 1602 ἀγάπην
2447 1532 2828 1601 ἀνυπόκριτον.
2871 1532 3177 1602 Εύλόγησον
3205 1530 3359 1601 ἡμῶν
3399 1529 3631 1590 εἰσόδους
3657 1528 3754 1580 καὶ

2191 1620 2422 1685 ἐξόδους,
2455 1621 2704 1693 πράξεις,
2738 1620 2894 1690 ἔργα,
2926 1620 3140 1688 λόγους,
3179 1621 3522 1691 ἐνθυμήσεις·
3548 1616 3644 1670 καὶ
3666 1617 3754 1680 δὸς

2191 1711 2322 1781 ἡμῖν
2348 1712 2684 1782 καταντῆσαι
2718 1714 2794 1774 εἰς
2828 1711 2924 1774 τὰς
2965 1711 3139 1778 ἁρχὰς
3168 1711 3266 1780 τῆς
3299 1710 3509 1781 ἡμέρας
3542 1707 3754 1762 αἰνοῦν-

2190 1820 2307 1865 τας,
2334 1805 2655 1873 ὑμνοῦντας,
2691 1801 3044 1871 εύλογοῦντας
3077 1801 3177 1869 τῆς
3200 1801 3295 1870 σῆς
3316 1801 3592 1870 ἀφράστου
3618 1817 3755 1870 χρη·

527 1903 772 1947 sanctum
814 1909 1005 1948 nomen
1036 1905 1208 1961 tuum,
1240 1906 1295 1951 et
1327 1898 1685 1967 gloriﬁcatum
1734 1916 1958 1969 regnum
1985 1901 2086 1955 Pa-

2195 1894 2449 1962 στότητος
2471 1895 2567 1965 τὴν
2598 1894 2930 1964 ἁγαθότητα.
2948 1894 3069 1945 Ὅτι
3091 1891 3383 1962 ηὐλόγηται
3405 1890 3466 1941 τὸ
3491 1890 3753 1958 πάναγιόν

525 1989 644 2053 tris,
671 1999 724 2042 et
756 1988 898 2055 Filii,
929 2000 982 2042 ct
1003 1988 1237 2057 Spiritus
1269 1993 1468 2055 sancti,
1496 2009 1637 2046 nunc
1668 2002 1716 2046 et
1775 2008 2010 2064 semper,
2038 2004 2091 2049 et

526 2083 578 2136 Iu
605 2081 797 2134 saecula
830 2082 1175 2136 saeculorum.
1203 2083 1396 2136 Amen.

1118 2256 1368 2314 ORATIO
1406 2256 1496 2312 IX.

609 2351 719 2406 1’52.
773 2349 833 2406 In
883 2351 1136 2405 cordibus
1185 2353 1409 2415 nostris,
1445 2352 1688 2416 Domine,
1718 2362 2087 2423 incorruptum

526 2441 722 2496 divinae
757 2453 862 2496 tua:
905 2443 1230 2511 cognitionis
1275 2441 1454 2495 lumen
1491 2443 1754 2511 benignus
1798 2445 2035 2498 accende
2069 2485 2085 2509 ,

524 2547 578 2587 et
603 2536 750 2603 aperi
800 2534 997 2588 mentis
1051 2545 1252 2587 nostra:
1277 2534 1462 2587 oculos
1495 2534 1559 2586 ad
1599 2534 2086 2589 considerationem

525 2624 926 2691 praedicationis
961 2624 1308 2686 evangelicae.
1344 2623 1619 2679 Timorem
1656 2627 1934 2679 beatorum
1970 2635 2089 2679 tuo-

526 2731 642 2768 rum
691 2714 1064 2769 mandatorum
1095 2716 1253 2769 nobis
1283 2716 1534 2780 immitte,
1568 2725 1646 2780 ut,
1670 2716 1920 2771 omnibus
1963 2731 2087 2770 car-

525 2805 741 2859 nalibus
768 2806 1221 2876 concupiscentiis
1243 2807 1598 2871 conculcatis,
1635 2808 1933 2875 spiritalem
1965 2823 2090 2862 con-

524 2900 890 2952 versationem
923 2907 1217 2962 sectemur,
1250 2901 1508 2962 sapiendo
1537 2909 1591 2950 et
1623 2898 1872 2952 faciendo
1910 2900 2088 2952 omnia

521 3004 641 3060 quae
668 3000 773 3045 tuae
803 2989 1000 3059 placita
1033 3000 1160 3045 sunt
1183 2990 1468 3046 voluntati.
1499 2991 1636 3058 Quia
1673 3000 1728 3044 tu
1757 3005 1814 3046 es
1839 2992 2090 3045 sanctill-

525 3085 670 3136 ratio
703 3095 756 3136 et
794 3085 1118 3138 illuminatio
1148 3096 1371 3150 nostra;
1409 3094 1464 3140 et
1503 3086 1602 3140 tibi
1637 3084 1864 3155 gloriam
1888 3100 2084 3155 repen-

523 3177 724 3241 «limus,
748 3175 919 3239 Patri,
950 3186 1005 3230 et
1036 3176 1194 3244 Filio,
1238 3185 1291 3230 et
1336 3177 1559 3245 Spiritui
1585 3188 1797 3242 sancto,
1851 3193 1994 3233 nunc
2035 3186 2086 3233 et

524 3281 762 3331 semper,
797 3267 924 3321 etin
962 3267 1156 3320 saecula
1191 3267 1535 3323 saeculorum.
1566 3270 1758 3324 Amen.

1125 3440 1381 3498 ORATIO
1424 3442 1487 3499 Χ..

599 3532 718 3586 155.
757 3530 984 3587 Domine
1011 3532 1155 3588 Deus
1201 3542 1406 3598 noster,
1438 3531 1530 3603 qui
1582 3545 1681 3601 per
1721 3533 2088 3602 penitentiam

527 3623 840 3676 hominibus
895 3623 1267 3677 remissionem
1303 3624 1580 3692 tribuisti,
1616 3635 1673 3681 et
1719 3625 1875 3680 nobis
1915 3625 2089 3679 locum

528 3713 822 3784 agnitionis
848 3725 1192 3784 peccatorum
1218 3725 1382 3784 atque
1404 3715 1763 3772 confessionis
1790 3720 1840 3772 in
1869 3717 2092 3786 prophe-

528 3819 594 3859 t:e
625 3805 839 3860 Davidis
881 3806 1198 3876 pmnitentia
1245 3807 1312 3860 ad
1344 3805 1556 3859 veniam
1607 3810 2039 3864 commonstrasti
2070 3825 2087 3876 ;

527 3898 666 3966 ipse,
701 3895 950 3959 Domine,
981 3895 1137 3950 nobis
1170 3896 1222 3949 in
1256 3895 1421 3950 multa
1463 3911 1526 3950 ac
1551 3897 1734 3966 gravia
1775 3897 1962 3950 delicta
1988 3900 2090 3953 mi-

529 4001 712 4042 serere
739 4027 756 4055 ,
792 3987 1088 4040 secundum
1147 4002 1397 4053 magnam
1445 3989 1875 4044 misericordiam
1909 3998 2089 4056 tuam;

525 4092 579 4133 rt
611 4079 909 4133 secundum
943 4078 1338 4132 multitudinem
1380 4079 1788 4134 miserationum
1833 4090 2046 4136 tttarum
2071 4123 2087 4147 ,

525 4174 647 4227 dele
673 4172 996 4239 iniquitates
1033 4183 1268 4235 nostras,
1302 4173 1426 4239 quia
1468 4173 1563 4226 tibi
1601 4175 2094 4242 peceavimus,Do-

527 4265 694 4326 mine,
718 4263 807 4331 qui
859 4262 1063 4315 incerta
1107 4272 1159 4315 et
1207 4263 1418 4316 occulta
1451 4265 1633 4317 cordis
1664 4266 1940 4319 hominum
1966 4281 2091 4334 per-

532 4355 748 4415 novisti,
779 4364 833 4407 et
886 4353 977 4424 qui
1032 4353 1179 4408 solus
1213 4355 1376 4410 babes
1428 4363 1749 4426 potestatem
1785 4359 2090 4412 remittendi

530 4453 772 4513 peccata.
810 4442 919 4496 Cor
968 4445 1226 4498 mundum
1284 4459 1408 4498 crea
1458 4447 1510 4499 in
1568 4447 1766 4508 nobis,
1801 4459 1855 4500 et
1901 4450 2090 4517 spiritu

2194 2000 2286 2036 σου
2340 1985 2528 2054 ὄνομα,
2587 1987 2681 2038 καὶ
2741 1983 3049 2049 δεδόξασταί
3091 2000 3184 2036 σου
3234 1983 3267 2051 ή
3333 1980 3593 2048 βασιλεία,
3659 1979 3754 2032 τοῦ

2193 2074 2426 2145 Πατρὸς,
2461 2075 2556 2129 καὶ
2585 2076 2676 2128 τοῦ
2697 2076 2848 2140 Υἰοῦ,
2872 2077 2964 2130 καὶ
2997 2075 3090 2128 τοῦ
3119 2073 3272 2142 ἁγίου
3299 2071 3632 2141 Πνεύματος,
3659 2069 3755 2124 νῦν

2191 2165 2288 2218 καὶ
2320 2166 2424 2228 ἀεὶ,
2453 2165 2545 2218 καὶ
2573 2165 2650 2227 είς
2691 2167 2814 2227 τοὺς
2847 2167 3044 2227 αἰιῖινας
3075 2162 3181 2216 τῶν
3218 2158 3446 2214 αίώνων.
3490 2158 3681 2227 Ἀμήν.

2826 2256 3013 2310 ΕΥΧΗ
3042 2257 3118 2309 0’.

2259 2348 2506 2419 Λάμψον,
2563 2348 2807 2400 Δέσποτα
2840 2347 3209 2418 φιλάνθρωπε,
3241 2347 3299 2398 ἐν
3358 2346 3481 2406 ταῖς
3511 2341 3755 2412 καρδίαις

2190 2440 2345 2510 ἡμῶν
2376 2441 2434 2492 τὸ
2458 2441 2556 2511 τῆς
2588 2441 2684 2510 σῆς
2713 2439 3038 2507 Θεογνωσίας
3069 2438 3183 2507 φῶς
3213 2439 3504 2508 ἀκήρατον,
3524 2433 3756 2495 καὶτοὺς

2188 2529 2286 2599 τῆς
2316 2529 2552 2592 διανοίας
2600 2530 2753 2600 ἡμῶν
2783 2529 3090 2600 ὀφθαλμοὺς
3115 2527 3373 2591 διάνοιξον
3397 2528 3476 2588 εἰς
3501 2525 3596 2594 τὴν
3645 2522 3756 2574 τῶν

2191 2619 2561 2688 εύαγγελικῶν
2617 2637 2710 2672 σου
2761 2623 3128 2690 κηρυγμάτων
3186 2619 3545 2688 κατανόησιν·
3604 2613 3757 2676 ἔνθες

2190 2712 2320 2782 ἡμῖν
2348 2709 2567 2762 καὶτῶν
2609 2708 2889 2780 μακαρίων
2923 2726 3012 2761 σου
3035 2710 3257 2762 ἐντολῶν
3290 2709 3472 2778 φόϐον,
3507 2707 3616 2768 ἵνα,
3651 2704 3758 2758 πά-

2191 2819 2289 2866 σας
2339 2801 2434 2866 τὰς
2463 2800 2728 2872 σαρκικὰς
2756 2799 3048 2867 ἐπιθυμίας
3076 2801 3757 2866 καταπατήσαντες,πνευ-

2193 2893 2425 2964 ματικὴν
2470 2893 2746 2945 πολιτείαν
2793 2888 3154 2961 μετέλϐωμεν,
3193 2888 3370 2940 πάντα
3397 2886 3463 2937 τὰ
3494 2883 3626 2954 πρὸς
3663 2885 3754 2936 εὑ·-

2189 2985 2482 3055 αρέστησιν
2534 2985 2632 3055 τὴν
2663 2983 2760 3053 σὴν
2807 2981 2899 3034 καὶ
2933 2979 3249 3050 φρονοῦντες
3287 2977 3378 3031 καὶ
3404 2976 3752 3046 πράττοντες.

2193 3075 2314 3128 Ὅτι
2352 3077 2415 3128 σὺ
2443 3071 2494 3127 εἷ
2514 3077 2542 3126 6
2585 3073 2851 3144 ἁγιασμὸς
2879 3073 2971 3126 καὶ
2996 3074 3024 3126 6
3046 3069 3318 3141 φωτισμὸς
3345 3067 3522 3139 ἡμῶν,
3552 3067 3644 3118 καί
3673 3065 3756 3119 σοὶ

2190 3168 2288 3240 τὴν
2303 3166 2460 3231 δόξαν
2492 3167 2907 3237 ἀναπέμπομεν,
2948 3164 3026 3237 τῷ
3050 3163 3245 3235 Πατρὶ,
3273 3161 3364 3214 καί
3389 3158 3467 3229 τῷ
3494 3155 3627 3226 Υἱῷ,
3663 3157 3758 3208 καί⁵

2191 3259 2267 3330 τῷ
2300 3259 2438 3330 ἁγίῳ
2462 3258 2760 3330 Πνεύματι,
2784 3257 2880 3312 νῦν
2913 3258 3006 3311 καὶ
3032 3257 3138 3320 ἀεὶ,
3176 3254 3268 3310 καί
3295 3255 3374 3317 εἰς
3398 3251 3522 3314 τοὺς
3555 3246 3757 3311 αἰῶνας

2195 3349 2296 3402 τῶν
2329 3349 2556 3404 αἰώνων.
2605 3351 2663 3403 Ἀ
2671 3350 2795 3421 μήν.

2843 3440 3032 3492 ΕΥΧΗ
3060 3441 3117 3493 I'.

2260 3533 2431 3603 Κύριε
2464 3536 2492 3586 6
2527 3532 2660 3595 Θεὸς
2698 3531 2873 3602 ἡμῶν,
2906 3533 2933 3583 6
2965 3531 3062 3600 τὴν
3113 3528 3199 3582 διὰ
3240 3527 3526 3598 μετανοίας
3563 3526 3758 3593 ἄφεσιν

2189 3624 2302 3684 τοῖς
2336 3622 2640 3692 ἀνθρώποις
2681 3622 3083 3692 δωρησάμενος,
3115 3620 3210 3672 κατ⁹
3246 3620 3408 3672 τόπον
3452 3620 3583 3689 ἡμῖν
3632 3619 3753 3668 ἐπι-

2191 3711 2446 3781 γνώσεως
2486 3711 2895 3781 ἁμαρτημάτων
2924 3710 3018 3761 καὶ
3056 3707 3486 3777 ἐξομολογήσεως
3516 3706 3613 3775 τὴν
3660 3703 3757 3756 τοῦ

2192 3809 2471 3880 προφήτου
2499 3804 2662 3857 Δαὸἰδ
2694 3802 2979 3875 μετάνοιαν
3005 3802 3138 3872 πρὸς
3174 3797 3516 3870 συγχώρησιν
3543 3797 3758 3848 ὑποδείο

2191 3901 2308 3968 ξας·
2346 3899 2526 3963 αὐτὸς,
2559 3898 2824 3964 Δέσποτα,
2851 3896 3064 3960 πολλοῖς
3102 3895 3246 3966 ἡμᾶς
3267 3894 3358 3948 καί
3389 3890 3643 3964 μεγάλοις
3662 3905 3762 3940 πε-

2194 3992 2603 4064 ριπεπτωκότας
2620 3990 2911 4061 πλημμελή
2921 4005 3082 4060 μασιν
3110 3987 3350 4056 ἐλέησον,
3385 3983 3524 4038 κατὰ
3541 3982 3600 4035 τὸ
3616 3981 3759 4052 μέγα

2195 4100 2288 4134 σου
2333 4083 2474 4143 ἔλεος
2507 4083 2600 4132 καὶ
2633 4080 2774 4132 κατὰ
2818 4081 2878 4132 τὸ
2919 4080 3120 4149 πλῆθος
3155 4077 3261 4129 τῶν
3306 4074 3603 4144 οἰκτιρμῶν
3639 4089 3757 4125 σου.

2207 4169 2516 4238 Ἐξάλειψον
2549 4169 2616 4222 τά
2656 4170 2977 4237 ἀνομήματα
3004 4167 3179 4236 ἡμῶν,
3206 4168 3286 4218 ὃτι
3314 4167 3394 4217 σοὶ
3417 4165 3759 4234 ἡμάρτομεν,

2193 4262 2387 4332 Κύριε,
2413 4259 2490 4332 τῷ
2510 4261 2602 4314 καὶ
2633 4259 2700 4311 τά
2733 4259 2902 4328 ἄδηλα
2923 4258 3017 4311 καὶ
3039 4257 3246 4328 κρύφια
3278 4258 3372 4327 τῆς
3407 4255 3630 4327 καρδίας
3651 4252 3762 4306 τῶν

2193 4350 2494 4423 ἀνθρώπων
2551 4349 2890 4419 γινώσκοντι,
2949 4351 3043 4403 καὶ
3092 4350 3234 4421 μόνῳ
3284 4349 3457 4419 ἔχοντι
3512 4346 3761 4411 ἐξουσίαν

2194 4446 2409 4514 ἀφιέναι
2457 4442 2751 4513 ἁμαρτίας.
2785 4442 3023 4514 Καρδίαν
3051 4443 3109 4495 δὲ
3167 4441 3410 4514 καθαρὰν
3456 4439 3646 4502 κτίσας
3703 4440 3762 4490 ἐν

534 4533 1098 4604 principaliconﬁrma
1134 4550 1248 4600 nos,
1279 4545 1336 4590 et
1370 4536 1648 4591 manifesta
1674 4537 1828 4592 nobis
1853 4538 2088 4593 laetitiam

2197 4537 2349 4607 ἡμῖν,
2378 4537 2471 4588 καὶ
2518 4534 2784 4607 πνεύματι
2813 4535 3122 4606 ἡγεμονικῷ
3169 4534 3423 4606 στηρίξας
3453 4534 3622 4604 ἡμᾶς.
3669 4529 3762 4583 καὶ

531 4626 787 4680 salutaris
814 4625 888 4679 tui
923 4644 937 4680 :
971 4639 1038 4679 ne
1067 4626 1320 4694 projicias
1352 4642 1450 4682 nos
1474 4641 1504 4680 a
1546 4628 1679 4683 facie
1711 4638 1796 4683 tua
1836 4628 1945 4700 (a);
1998 4633 2089 4684 sed

532 4721 738 4788 placeat
771 4716 889 4778 tibi,
923 4718 1066 4771 bono
1106 4725 1157 4769 et
1190 4716 1440 4786 benigno,
1473 4727 1527 4772 nt
1558 4733 1723 4787 usque
1758 4721 1823 4774 ad
1849 4732 2090 4775 nostrum

528 4821 829 4864 extremum
872 4807 1098 4863 halitum
1131 4805 1423 4863 oﬂ‘eramus
1451 4810 1545 4864 tibi
1576 4813 1903 4865 sacriﬁcium
1931 4810 2093 4878 justi-

532 4902 642 4965 ti:e,
671 4909 722 4953 et
745 4897 1072 4952 oblationem
1098 4912 1261 4967 super
1285 4907 1471 4952 sancta
1505 4907 1596 4952 tua
1625 4898 1850 4967 altaria;
1884 4900 2094 4953 miscri-

529 4989 739 5058 cordia,
773 4988 1211 5043 miserationibus
1234 5028 1248 5053 ,
1281 4997 1334 5042 et
1364 4987 1698 5058 benignitate
1732 4991 1990 5062 unigeniti
2015 4993 2091 5046 tui

529 5084 673 5149 Filii,
717 5094 949 5152 quocum
984 5079 1299 5134 benedictus
1329 5095 1390 5134 es
1414 5119 1430 5145 ,
1483 5096 1605 5134 cum
1655 5084 2000 5140 sanctissimo
2039 5095 2096 5141 et

530 5179 671 5232 bono
700 5185 755 5229 et
788 5174 1003 5228 viviﬂco
1037 5180 1129 5227 tuo
1153 5174 1360 5242 Spiritu
1417 5191 1556 5231 nunc
1592 5185 1646 5232 et
1681 5191 1918 5247 semper,
1953 5190 2008 5236 et
2037 5181 2088 5236 iu

530 5267 727 5324 smcula
757 5265 1098 5321 saculorum.
1137 5265 1328 5320 Amen.

1121 5439 1376 5497 ORATIO
1416 5441 1507 5494 XI.

605 5534 727 5590 154.
779 5535 945 5598 Deus,
998 5535 1138 5589 Deus
1192 5543 1394 5598 noster,
1429 5537 1521 5603 qui
1557 5534 1860 5590 intellectus
1907 5545 1962 5589 et
2003 5553 2081 5591 ra-

535 5628 698 5682 tionis
729 5627 1020 5695 participes
1044 5627 1286 5681 Virtutes
1332 5636 1418 5679 tua
1464 5627 1736 5684 voluntate
1770 5630 2049 5685 candidisti
2076 5673 2091 5696 ,

538 5733 850 5788 quaesumus
909 5729 961 5772 te
1013 5729 1175 5787 atque
1205 5719 1565 5787 obtestamur,
1598 5722 1809 5791 suscipe
1859 5733 2093 5777 nostram

604 5831 678 5897 (α)
715 5828 855 5883 Psal.
891 5845 940 5892 ι,
983 5831 1065 5894 12,
1102 5831 1186 5884 I3.

2196 4627 2294 4697 τὴν
2329 4625 2648 4695 ἀγαλλίασιν
2669 4627 2761 4681 τοῦ
2791 4626 3056 4697 σωτηρίου
3077 4642 3165 4677 σου
3192 4624 3462 4693 γνωρίσας
3498 4624 3654 4692 ἡμῖν,
3685 4619 3761 4690 μὴ

2193 4713 2506 4786 ἀπορρίψῃς
2533 4717 2684 4786 ἡμᾶς
2728 4713 2834 4766 ἀπὸ
2858 4715 2950 4767 τοῦ
2984 4712 3274 4784 προσώπου
3313 4727 3425 4764 σουο
3474 4710 3588 4764 ἁλλ’
3611 4708 3764 4760 $666-

2195 4824 2383 4878 κησον,
2410 4806 2484 4869 ώς
2509 4805 2712 4874 άγαοὸς
2740 4805 2833 4858 καὶ
2866 4806 3260 4875 φιλάνθρωπος,
3293 4803 3453 4874 μέχρι
3471 4802 3568 4870 τῆς
3597 4799 3763 4870 ἐσχά-

2193 4916 2297 4967 της
2320 4897 2474 4969 ἡμῶν
2499 4897 2794 4967 ἀναπνοῆς,
2816 4897 3141 4969 προσφέρειν
3174 4913 3253 4948 σοι
3271 4895 3459 4947 Ουσίαν
3483 4890 3760 4946 δικαιοσύ-

2195 5008 2316 5063 νης,
2355 4991 2450 5046 καί
2484 4992 2761 5062 ἀναφορὰν
2790 4991 2846 5043 ἐν
2873 4993 2983 5051 τοῖς
3008 4989 3181 5056 ἁγίοις
3215 5006 3303 5041 σου
3334 4983 3760 5056 θυσιαστηρίοις,

2196 5084 2359 5147 ἐλέει,
2391 5086 2696 5152 οίκτιρμοῖς
2746 5081 2841 5135 καὶ
2896 5079 3271 5152 φιλανθρωπίᾳ
3303 5076 3397 5129 τοῦ
3442 5075 3762 5146 μονογενοῦς

2196 5195 2292 5230 σου
2326 5174 2481 5238 Υἰοῦ,
2525 5175 2641 5245 μεθ’
2669 5192 2728 5229 ου
2759 5174 3044 5243 εὐλογητὸς
3075 5169 3142 5237 εἴ,
3173 5171 3266 5223 σὺν
3297 5168 3373 5238 τῷ
3397 5168 3648 5238 παναγίῳ
3667 5167 3761 5219 καὶ

2195 5268 2386 5339 ἁγαθῴ
2411 5267 2506 5320 καὶ
2536 5266 2779 5338 ζωοποιῷ
2805 5283 2897 5319 σου
2935 5265 3230 5335 Πνεύματι,
3257 5260 3351 5314 νῦν
3389 5261 3480 5314 καὶ
3509 5257 3617 5326 ἀεὶ,
3666 5257 3762 5311 καί

2196 5362 2275 5424 είς
2292 5363 2418 5423 τοὺς
2440 5358 2638 5423 αίῶνας
2658 5358 2765 5411 τῶν
2799 5356 3026 5410 αἰώνων.
3072 5356 3262 5427 Ἀμήν.

2805 5446 2995 5500 ΕΥΧΗ
3029 5449 3130 5500 IA'.

2277 5541 2338 5594 Ὀ
2387 5540 2536 5604 Θεὸς,
2576 5542 2604 5593 6
2630 5539 2763 5602 Θεὸς
2802 5538 2980 5608 ἡμῶν,
3010 5541 3038 5591 6
3086 5537 3180 5602 τὰς
3214 5541 3403 5609 νοερὰς
3423 5537 3517 5593 καὶ
3538 5535 3763 5607 λογικάς

2199 5631 2642 5702 ὑποστησάμενος
2668 5630 2931 5702 Δυνάμεις
2952 5630 3029 5701 τῷ
3054 5631 3130 5701 σῷ
3146 5632 3429 5703 Θελήματι·
3457 5632 3550 5684 σοῦ
3575 5631 3766 5699 δεόμε-

2199 5725 2287 5790 Θα,
2321 5726 2412 5777 καὶ
2452 5727 2510 5777 σὲ
2572 5725 2903 5793 ἱκετεύομεν,
2958 5723 3242 5793 πρόσδεξαι
3301 5723 3458 5793 ἡμῶν
3514 5723 3609 5776 καὶ
3659 5721 3769 5776 τῶν
