4046 6470
1424 419 1821 477 ACOLUTIIIA
1860 422 2198 482 TRIPLICIS
2234 426 2447 484 FESTI.

3414 447 3564 490 CCCLI

333 531 644 603 κτισμάτων
672 552 767 589 σου
800 534 1017 587 πάντων
1039 546 1135 606 την
1156 536 1295 590 κατὰ
1323 537 1549 609 δύναμιν
1571 538 1873 609 δοξολογίαν

2018 545 2365 613 omniumque
2409 557 2619 601 tuarum
2676 550 3044 602 creaturarum
3079 546 3519 616 giorificationcut
3545 586 3562 610 ,

333 624 427 677 καὶ
457 629 576 692 ταῖς
618 626 882 689 πλουσίας
925 626 1024 696 τῆς
1067 627 1165 697 σῆς
1206 628 1540 700 ἀγαθότητος
1574 630 1901 703 ἀντάμειψαι

329 711 578 786 δωρεαῖς·
613 716 692 767 ὅτι
729 714 812 766 σοὶ
840 716 1077 785 κάμπτει
1113 720 1219 772 πᾶν
1243 721 1391 788 γόνυ,
1420 720 1775 790 ἐπουρανίων,
1809 727 1901 779 καί¹

332 804 609 873 ἐπιγείων,
630 804 723 856 καὶ
740 804 1126 875 καταχθονίων·
1156 811 1249 864 καὶ
1269 812 1420 863 πᾶσα
1441 808 1576 879 πνοὴ
1604 809 1698 863 καὶ
1727 813 1901 881 κτίσις

331 894 493 965 ὑμνεῖ
522 895 619 965 τὴν
655 895 1038 967 ἀκατάληπτον
1066 918 1158 954 σου
1184 901 1362 966 δόξαν·
1384 901 1542 971 μόνος
1562 900 1671 973 γὰρ
1690 898 1740 955 εἷ
1768 904 1900 971 Θεὸς

329 982 581 1053 ἀληθινὸς
623 984 719 1036 καὶ
774 985 1076 1053 πολυέλεος.
1114 990 1236 1042 Ὀτι
1280 990 1339 1041 σὲ
1394 989 1603 1042 αἰνοῦσι
1646 992 1813 1048 πᾶσαι
1841 997 1897 1049 αί

329 1073 598 1142 Δυνάμεις
622 1074 729 1129 τῶν
760 1078 1024 1149 οὐρανῶν,
1050 1082 1148 1132 καὶ
1190 1080 1273 1130 σοὶ
1301 1078 1456 1145 δόξαν
1483 1082 1895 1155 ἀναπέμπομεν,

329 1163 407 1231 τῷ
432 1164 622 1236 Πατρὶ,
658 1170 752 1221 καὶ
773 1169 853 1237 τῷ
878 1169 1010 1239 Υίῷ,
1041 1170 1135 1222 καὶ
1162 1169 1239 1239 τῷ
1278 1170 1417 1243 ἁγίῳ
1456 1173 1754 1243 Πνεύματι,
1804 1176 1897 1231 νῦν

329 1252 423 1305 καὶ
454 1251 559 1319 ἀεὶ,
588 1258 681 1308 καὶ
711 1258 791 1318 εἰς
834 1258 959 1319 τοὺς
997 1258 1195 1320 αἰῶνας
1242 1258 1349 1314 τῶν
1374 1262 1615 1316 αἰώνωνί
1650 1264 1839 1333 Ἀμήν.

960 1347 1145 1401 ΕΥΧΙΙ
1164 1351 1260 1405 lB'.

400 1438 663 1509 Λίνοῦμεν
682 1478 697 1503 ,
744 1440 1038 1513 ὐμνοῦμεν,
1067 1443 1390 1517 εὐλογοῦμεν
1419 1449 1512 1500 καὶ
1549 1450 1896 1525 εὐχαριστοῦ-

331 1526 433 1596 μέν
482 1545 584 1593 σοι,
612 1530 641 1583 ὁ
673 1531 805 1597 Θεὸς
828 1534 937 1588 τῶν
979 1535 1229 1606 πατέρων
1262 1538 1440 1607 ἡμῶν,
1477 1540 1555 1593 ὅτι
1577 1550 1896 1616 παρήγαγες

324 1618 425 1689 τὴν
462 1622 617 1675 σκιὰν
642 1623 741 1695 τῆς
775 1625 985 1689 νυκτὸς,
1015 1627 1110 1679 καὶ
1133 1626 1482 1699 ἐδειξαςὴμῖν
1514 1634 1673 1688 πάλιν
1695 1639 1755 1691 τὸ
1780 1639 1895 1709 φῶς

322 1711 423 1781 τῆς
470 1714 702 1786 ⁴ἡμέρας.
766 1717 903 1769 Ἀλλ’
957 1717 1269 1788 ἱκετεύομεν
1294 1720 1392 1792 τὴν
1424 1723 1521 1795 σὴν
1560 1726 1888 1801 ἀγαθότητα,

2003 636 2419 703 uniuscujusque
2466 636 2673 691 viribus
2721 643 3111 704 congruentem
3142 674 3157 696 ,
3188 649 3241 690 et
3287 634 3560 690 afﬂuentia

2001 726 2260 782 bonitatis
2311 738 2413 781 ture
2447 730 2582 781 dona
2635 730 2900 798 repende;
2938 728 3063 794 quia
3096 728 3187 781 tibi
3210 744 3374 785 omne
3420 744 3561 800 genu

2000 815 2255 883 flectitur,
2311 818 2612 873 caelestium
2649 859 2664 886 ,
2720 829 3057 875 terrestrtum
3094 828 3145 872 et
3178 819 3511 874 iufernorum
3541 837 3556 886 ;

1996 908 2280 978 omnisque
2315 912 2540 979 spiritus
2570 926 2636 965 ac
2677 924 2924 967 creatura
2959 909 3200 965 celebrat
3252 910 3557 980 incompre-

1996 1001 2313 1057 hensibilem
2349 1003 2576 1073 gloriam
2614 1012 2784 1057 tuam.
2837 1005 2970 1070 Quia
3006 1016 3057 1058 te
3106 1001 3326 1055 laudant
3364 1016 3553 1056 omnes

1997 1093 2237 1147 Virtutes
2278 1096 2533 1148 caelorum
2560 1135 2575 1157 ,
2607 1104 2662 1149 et
2706 1109 2804 1148 nos
2838 1096 2931 1148 tibi
2982 1096 3206 1166 gloriam
3263 1092 3559 1155 reddimus,

1993 1183 2184 1246 Patri,
2214 1192 2269 1235 et
2297 1184 2453 1247 Filio,
2478 1194 2531 1236 et
2571 1185 2795 1255 Spiritui
2831 1197 3040 1253 sancto,
3072 1200 3211 1240 nunc
3246 1193 3301 1237 et
3323 1195 3558 1252 semper,

1994 1288 2047 1332 et
2076 1277 2128 1331 in
2147 1275 2338 1332 smcula
2364 1276 2701 1331 saeculorum.
2732 1278 2902 1330 Amen

2575 1363 2831 1421 ORATIO
2872 1366 2985 1420 XII.

2064 1458 2185 1512 l55.
2242 1458 2593 1525 Laudamus,
2645 1457 3019 1523 celebramus,
3079 1456 3443 1511 benedicimns
3500 1461 3558 1508 et

2002 1549 2207 1613 gratias
2242 1549 2450 1613 agimus
2478 1550 2593 1610 tibi,
2631 1547 2773 1603 Deus
2812 1556 3022 1616 patrum
3055 1557 3386 1605 nostrorum,
3414 1544 3555 1610 quod

1994 1631 2342 1702 dissipaveris
2395 1638 2637 1690 umbram
2686 1638 2899 1697 noctis.
2929 1646 2982 1689 et
3019 1635 3174 1689 nobis
3213 1634 3317 1689 diei
3369 1632 3550 1685 lumen

1994 1725 2186 1779 iterum
2224 1726 2551 1780 ostenderis.
2591 1729 2787 1784 Verum
2841 1728 3137 1783 bonitatem
3194 1735 3338 1779 tuam
3394 1724 3555 1779 obse-

327 1801 572 1895 ίλάσθητι
627 1809 748 1895 ταῖς
789 1808 1086 1877 ἁμαρτίαις
1111 1810 1288 1881 ἡμῶν,
1344 1814 1436 1867 καί¹
1479 1818 1765 1889 πρόσδεξαι
1792 1825 1882 1895 τὴν

1991 1832 2228 1882 eramus,
2276 1816 2546 1888 propitius
2573 1828 2689 1873 esto
2716 1821 2956 1888 peccatis
2984 1819 3208 1881 nostris,
3238 1826 3291 1872 et
3318 1830 3413 1885 pro
3437 1829 3553 1869 ma-

322 1891 505 1962 δέησιν
532 1894 686 1963 ἡμῶν
709 1896 766 1947 ἐν
807 1899 873 1968 τῇ
907 1901 1114 1972 μεγάλῃ
1132 1919 1223 1955 σου
1252 1904 1637 1979 εὐσπλαγχνίᾳο
1659 1891 1882 1984 ὃτιπρὸς

1992 1922 2093 1973 gna
2125 1908 2496 1963 misericordia
2527 1918 2612 1961 tua
2648 1920 2866 1966 nostras
2897 1927 3086 1980 preces
3133 1910 3396 1965 admitte:
3427 1907 3551 1975 quia

324 1985 384 2035 σὲ
411 1985 849 2057 καταφεύγομεν,
895 1990 986 2042 τὸν
1045 1993 1313 2063 ἐλεήμονα
1345 1997 1438 2047 καὶ
1485 2000 1882 2073 παντοδύναμον

1992 2001 2058 2052 ad
2093 2010 2145 2054 te
2171 2003 2513 2071 confugimus
2538 2043 2554 2068 ,
2584 2004 2993 2059 misericordem
3034 2015 3089 2059 et
3126 2002 3551 2070 omnipotentem

320 2073 475 2127 Θεὸν.
503 2078 730 2148 Λάμψον
757 2081 814 2132 ἐν
861 2084 981 2145 ταῖς
1027 2083 1272 2154 καρδίαις
1306 2086 1460 2155 ήμῶν
1505 2087 1596 2140 τὸν
1641 2090 1885 2162 ἀληθινὸν

318 2166 470 2236 ἥλιον
516 2169 617 2240 τῆς
644 2170 987 2245 δικαιοσύνης
1032 2191 1148 2239 σου,
1186 2174 1419 2243 φώτισον
1446 2177 1536 2232 τὸν
1561 2179 1685 2233 νοῦν
1710 2182 1885 2253 ἡμῶν,

320 2262 415 2312 καὶ
448 2260 547 2326 τὰς
581 2262 859 2335 αἰσθήσεις
886 2267 1012 2330 ὅλας
1035 2268 1379 2339 διατήρησον,
1406 2270 1512 2337 ἵνα,
1537 2272 1611 2336 ὡς
1627 2275 1684 2327 ὲν
1707 2276 1886 2347 ἡμέρᾳ

318 2351 668 2420 εὐσχημόνως
694 2356 1115 2426 περιπατοῦντες
1128 2359 1225 2429 τὴν
1254 2360 1372 2414 ὁδὸν
1391 2362 1499 2416 τῶν
1528 2364 1754 2419 ἐντολῶν
1770 2384 1883 2435 σου,

319 2443 743 2513 καταντήσωμεν
774 2448 855 2508 εἰς
884 2448 981 2517 τὴν
1008 2448 1152 2519 ζωὴν
1182 2452 1280 2519 τὴν
1321 2452 1556 2515 αἰώνιον,
1606 2456 1687 2507 ὅτι
1738 2459 1887 2527 παρὰ

318 2534 400 2588 σοί
423 2537 567 2589 ἐστιν
589 2538 788 2608 ﬁnivit
815 2541 911 2611 τῆς
939 2539 1101 2611 ζωῆς
1128 2543 1219 2595 καὶ
1239 2545 1295 2595 ὲν
1317 2543 1612 2598 ἀπολαύσει
1635 2545 1885 2614 γενέσθαι

315 2627 741 2700 καταξιωθῶμεν
760 2629 854 2683 τοῦ
880 2632 1173 2702 ἀπροσίτου
1206 2635 1401 2704 φωτὸς,
1436 2637 1519 2689 ὅτι
1550 2638 1613 2690 σὺ
1637 2634 1690 2689 εἴ
1710 2640 1737 2690 ὁ
1757 2638 1886 2704 Θεὸς

314 2717 493 2786 ήμῶν,
526 2721 618 2772 καὶ
653 2721 735 2773 σοὶ
763 2722 862 2791 τὴν
915 2722 1070 2787 δόξαν
1103 2725 1518 2798 ἀναπέμπομεν,
1572 2727 1650 2801 τῷ
1688 2730 1879 2801 Πατρί,

314 2808 410 2860 καὶ
461 2810 539 2878 τῷ
597 2813 731 2882 Υἰῷ,
791 2815 886 2867 καὶ
950 2816 1027 2885 τῷ
1086 2818 1225 2888 ἁγίῳ
1286 2820 1583 2890 Πνεύματι,
1640 2820 1735 2875 νῦν
1792 2822 1883 2875 καὶ

312 2899 423 2965 ἀεὶ,
455 2902 547 2953 καὶ
578 2904 659 2965 εἰς
705 2904 832 2965 τούς
859 2905 1056 2967 αἰῶνας
1075 2906 1183 2958 τῶν
1218 2908 1446 2962 αἰώνων.
1485 2911 1677 2980 Ἀμήν.

384 2990 519 3047 Εἶτα
566 2994 715 3063 λέγει
757 2996 855 3047 τ’ὶιν
908 3000 1147 3069 μεγάλην
1195 3002 1492 3070 συναπτήν.
1527 3002 1683 3056 Μετὰ
1710 3000 1883 3075 δὲτὴν

311 3087 642 3161 ἐκφὼνησιν,
689 3087 973 3158 ψάλλεταιν
1048 3090 1133 3144 "0
1164 3091 1295 3155 Θεὸς
1353 3092 1577 3165 Κύριος.

1992 2086 2181 2141 Deum.
2214 2089 2269 2141 In
2300 2093 2551 2147 cordibus
2600 2092 2802 2148 nostris
2853 2090 3022 2147 solem
3072 2092 3296 2159 iustitia:
3327 2103 3430 2143 tuae
3458 2101 3553 2140 ae-

1989 2178 2178 2242 ccnde,
2208 2189 2440 2233 mentem
2480 2195 2720 2237 nostram
2753 2184 3016 2238 illumina.
3042 2195 3334 2250 omnesque
3361 2194 3550 2234 sensus

1983 2284 2265 2332 conserva,
2290 2280 2346 2323 ut
2375 2280 2630 2339 tanquam
2669 2275 2719 2325 in
2750 2275 2836 2326 die
2878 2289 2972 2343 per
3005 2274 3144 2327 viam
3174 2271 3550 2325 mandatorum

1986 2371 2195 2417 tuorum
2224 2364 2446 2432 pulchre
2473 2361 2838 2426 ambulantes,
2874 2366 2939 2417 ad
2963 2364 3123 2417 vitam
3171 2362 3549 2431 perveniamus

1983 2465 2237 2508 mternam
2272 2496 2287 2520 ,
2327 2457 2453 2525 quia
2505 2456 2627 2511 fons
2668 2455 2794 2508 vitae
2819 2458 2961 2525 apud
3012 2464 3061 2508 te
3110 2462 3224 2518 est;
3260 2464 3315 2507 et
3346 2453 3547 2505 lumine

1986 2543 2267 2599 inaccesso
2323 2547 2524 2614 perfrui
2581 2562 2910 2608 mercamur,
2940 2548 3062 2615 quia
3098 2558 3150 2598 tu
3193 2546 3332 2599 Deus
3360 2551 3548 2597 uoster

1982 2651 2062 2702 es,
2094 2647 2146 2689 et
2170 2636 2263 2689 tibi
2298 2637 2570 2690 reddimus
2590 2640 2835 2706 gloriam,
2887 2638 3054 2701 Patri,
3088 2646 3140 2691 et
3165 2636 3320 2702 Filio,
3347 2644 3399 2688 et
3423 2650 3547 2688 san-

1983 2736 2073 2782 cto
2096 2726 2344 2797 Spiritui,
2370 2742 2512 2781 nunc
2543 2737 2596 2781 et
2627 2744 2858 2797 semper,
2891 2740 2942 2783 ct
2976 2731 3027 2783 in
3083 2728 3275 2784 saecula
3323 2727 3547 2782 saculo-

1982 2835 2125 2876 rum.
2156 2821 2347 2874 Amen.

2050 2991 2173 3047 156.
2203 3011 2222 3042 ι
2260 2994 2460 3048 Deinde
2488 2995 2682 3049 recitat
2706 3010 2955 3065 magnam
2990 2995 3288 3051 collectam.
3332 2993 3396 3049 Et
3422 3006 3544 3065 post

1907 3107 1949 3163 ρ
1980 3085 2419 3140 exclamationem
2448 3088 2590 3140 canit
2616 3106 2629 3141 :
2662 3085 2801 3141 Deus
2835 3077 3125 3142 Dominus.

383 3204 558 3258 Count.
585 3204 773 3273 Magna
809 3205 894 3257 illa
926 3206 1147 3260 collecta
1185 3218 1238 3263 et
1266 3208 1596 3265 exclamatio
1620 3210 1808 3265 eadem
1842 3217 1952 3271 est,
1972 3217 2131 3275 quam
2157 3201 2404 3275 όεάῖιηιιβ
2442 3215 2602 3275 supra
2644 3216 2793 3275 “j'm-
2824 3201 2993 3275 7:315"
3028 3201 3321 3269 ωθὶοτίινηε
3344 3204 3541 3272 V9509-

311 3273 435 3343 ris,
492 3270 730 3340 adeoque
788 3292 1237 3343 supervacaneum
1291 3290 1433 3333 esset
1480 3295 1599 3333 eam
1653 3282 1742 3336 hic
1789 3292 1882 3335 tot:

1990 3270 2270 3340 —repetere.
2305 3272 2383 3343 At!
2422 3270 2503 3343 τὸ,
2553 3272 2609 3325 Ὀ
2662 3271 2795 3333 Θεὸς
2840 3272 3083 3342 Κύριος,
3133 3277 3273 3339 quod
3314 3270 3537 3341 attinet,

314 3340 455 3418 forte
504 3340 1145 3418 illi_subnectendum_cst
1191 3363 1253 3401 ex
1291 3347 1577 3418 Horologio
1639 3368 1653 3403 :

1720 3351 1815 3424 καὶ
1856 3344 2282 3424 ὲπέιρανενῆήμζν
2304 3341 2667 3424 ⁸εὐλοχήμενος
2695 3343 2723 3394 ὁ
2755 3341 3061 3424 ἐρχόμενος.
3082 3344 3138 3424 ἐν
3182 3342 3541 3424 ὀνοματιίςυτ

311 3411 431 3485 ρίου
461 3428 474 3463 :
512 3431 530 3462 ι
568 3414 629 3464 Et
661 3417 907 3480 apparuit
937 3416 1108 3478 nobis,
1137 3417 1446 3471 benedictus
1475 3411 1563 3485 q'ui
1597 3422 1741 3472 venit
1776 3423 1825 3473 in
1858 3411 2076 3485 nomine
2112 3411 2336 3464 Domini.
2371 3432 2388 3463 ι
2436 3411 2692 3479 'l‘yuicum
2717 3411 2897 3465 autem
2932 3415 2991 3466 ὃ.
3032 3415 3187 3464 Saba:
3218 3414 3346 3465 dtett
3405 3414 3536 3469 illud

309 3484 456 3542 caui,
480 3497 583 3533 non
609 3498 636 3533 a
662 3486 960 3545 sacerdote.
1001 3488 1091 3538 sed
1134 3502 1162 3537 a
1200 3483 1813 3550 designatomouacho:
1864 3486 2024 3542 verba
2060 3483 2172 3533 lure
2212 3492 2370 3533 sunt:

380 3568 495 3625 Εἶθ’
544 3570 715 3635 οὕτως
751 3575 779 3625 ὁ
832 3574 1045 3645 ταχθεὶς
1087 3576 1316 3648 μοναχὸς
1363 3579 1455 3647 ἀφ’
1507 3580 1742 3653 ἑσπέρας
1794 3582 1875 3645 εἰς

305 3664 368 3717 τὸ
412 3665 768 3736 προκείμενον
813 3667 909 3736 τῆς
951 3668 1197 3739 ἡμέρας,
1248 3671 1479 3739 ποιήσας
1519 3671 1617 3742 τὴν
1667 3670 1867 3744 συνήθη

309 3756 597 3825 μετάνοιαν
651 3756 728 3827 τῷ
778 3759 1063 3831 ἡγουμένῳ
1090 3800 1105 3825 ,
1154 3761 1348 3828 ψάλλει
1396 3761 1496 3822 τὸ,
1558 3761 1701 3829 Θεὸς
1750 3762 1868 3818 Κύ-

299 3866 450 3917 ριος.

2049 3574 2172 3628 157.
2261 3572 2545 3638 Absoluta}
2596 3572 3024 3638 exclamatione,
3104 3581 3337 3629 statutus
3426 3574 3536 3643 jam

1981 3667 2107 3722 inde
2156 3680 2185 3717 a
2240 3664 2492 3733 Vesperis
2544 3665 2884 3727 monachus,
2928 3666 2992 3718 ad
3028 3665 3128 3718 diei
3178 3665 3535 3735 propositum,

1975 3757 2114 3813 facta
2168 3756 2345 3811 abbati
2420 3757 2719 3811 reverentia
2752 3796 2770 3822 ,
2840 3757 2987 3811 canit
3056 3775 3069 3811 :
3129 3756 3269 3811 Deus
3348 3755 3537 3811 Domi-

391 3943 568 3997 Cosu.
630 3942 759 4021 Dost
831 3947 1164 4021 στιχολογιαν
1215 3956 1517 4021 sequuntur
1576 3948 1820 4021 stichera
1882 3953 2245 4021 sanctorum,
2297 3956 2524 4021 quorum
2592 3941 2728 3994 festa
2787 3941 2876 3994 lux
2940 3942 3140 4009 agitur.
3194 3942 3534 4021 Esthautem

308 4014 399 4068 hic
456 4014 749 4067 notandum
776 4011 986 4085 ,_quod
1046 4011 1108 4067 ea
1182 4011 1413 4085 troparia
1469 4034 1587 4085 qua:
1643 4019 1693 4071 in
1775 4014 1990 4085 Menaeis
2044 4020 2333 4085 Vocantur“
2371 4012 2735 4085 χαρίσματα,
2790 4026 2894 4063 nou
2955 4027 3021 4064 eo
3076 4027 3234 4085 sensu
3296 4011 3381 4062 hic
3436 4026 3532 4085 vu-

305 4093 539 4150 rentur,
597 4098 727 4159 qtto_
775 4078 877 4159 illa
924 4088 1231 4159 accepimus
1268 4078 1449 4155 'supra
1486 4078 1499 4085 ’
1530 4104 1675 4140 num.
1716 4088 1808 4159 785
1838 4124 1855 4149 ,
1899 4081 1991 4159 sed
2043 4082 2206 4159 longe
2266 4080 2399 4159 alio.
2444 4078 2556 4133 lloc
2609 4082 2860 4159 nimirum
2894 4116 2934 4159 ,5
2984 4083 3146 4159 quod_
3192 4084 3297 4133 sint
3356 4082 3533 4159 cauti-

304 4169 366 4205 ca
398 4192 416 4218 ,
465 4148 582 4219 qua:
614 4148 870 4205 sedendo
924 4148 1369 4221 persolvuntur;
1399 4165 1455 4208 ut
1518 4148 1847 4210 cantoribus
1894 4152 2091 4218 aliquid
2152 4149 2433 4203 levaminis
2488 4150 2833 4204 concedatur.
2896 4148 3084 4205 Potest
3134 4151 3325 4218 itaque
3376 4148 3532 4204 κάθι-

306 4240 421 4292 σμα
450 4221 640 4275 Latiue
669 4222 816 4275 reddi
846 4224 1028 4275 sessio.
1072 4222 1221 4275 Habe
1249 4226 1410 4294 igitur
1432 4226 1591 4296 hujus
1622 4227 1782 4281 ofﬁcii
1805 4224 2146 4280 cathismata.

375 4313 531 4367 Μετὰ
558 4314 659 4385 τὴν
684 4320 731 4366 α’
757 4313 1092 4383 στιχολογίαν
1118 4315 1383 4386 κάθισμα.

371 4402 545 4476 Ἦχος
574 4407 637 4472 δ’,
666 4406 801 4477 πρὸς
833 4405 981 4477 Ταχύ
1012 4410 1412 4478 προκατάλαὸε.

370 4497 656 4566 Φωστῆρες
698 4496 1078 4569 ὐπέρλαμπροι
1119 4498 1220 4568 τῆς
1263 4500 1583 4571 Ἐκκλησίας
1612 4502 1865 4572 Χριστοῦ,

2052 4311 2182 4365 Post
2212 4311 2441 4381 primam
2480 4308 2851 4380 stichologiam
2881 4313 3071 4365 sessio.

2044 4400 2225 4456 Tonus
2255 4401 2308 4464 4,
2335 4402 2475 4455 sicut
2515 4401 2663 4471 Ταχύ
2696 4401 3093 4473 προκαταλαϐε.

2044 4494 2165 4548 158.
2196 4494 2449 4548 Εωίθείαι
2472 4509 2693 4547 corusca
2725 4494 3030 4561 luminaria,
3052 4493 3311 4549 doctrinis
3338 4496 3533 4550 vestris

299 4586 394 4637 τὸν
414 4585 617 4653 κόσμον
656 4584 956 4650 ὲφωτίσατε
996 4589 1116 4651 ταῖς
1147 4588 1388 4660 διδαχαῖς
1416 4590 1587 4660 ὑμῶν’
1623 4591 1865 4663 Πατέρες

1985 4583 2320 4637 :ollustrastis
2342 4585 2557 4649 orbein;
2591 4586 2820 4638 conﬁxis
2843 4584 3095 4638 omnibus
3111 4600 3275 4653 prave
3294 4585 3533 4641 sentien-

301 4674 570 4743 θεόσοφοι,
600 4674 869 4743 πήξαντες
914 4676 1013 4739 τὰς
1058 4679 1297 4749 αἱρέσεις
1322 4682 1537 4734 πάντων
1570 4680 1677 4735 τῶν
1698 4700 1862 4737 κακο-

298 4764 486 4827 δόξων,
511 4763 796 4828 σϐέσαντες
822 4766 920 4828 τὰς
936 4767 1226 4836 φλογώδεις
1247 4770 1356 4823 τῶν
1392 4771 1598 4841 βλασφή
1608 4791 1722 4843 μων
1740 4793 1867 4843 συγ-

299 4854 505 4926 χύσεις.
537 4857 645 4922 Διὸ,
680 4857 754 4921 ῶς
785 4857 1032 4929 ίεράρχαι
1062 4861 1317 4927 Χοιστοῦ,
1363 4863 1732 4934 πρεσϐεύσατε
1758 4884 1863 4920 σωο

296 4944 460 5015 θῆναι
477 4946 641 5013 ἡμᾶς.

361 5033 521 5098 Δόξα.
550 5034 621 5087 Τὸ
648 5036 797 5089 αὐτό.
830 5038 937 5091 Καὶ
962 5038 1073 5092 νῦν.

365 5126 645 5180 Θεοτόκιον
675 5127 874 5182 ὃιιοιον.

369 5301 610 5372 Παρθένε
654 5303 998 5375 πανύμνητε,
1038 5307 1230 5381 Μῆτερ
1284 5311 1519 5381 Χριστοῦ
1579 5332 1669 5367 του
1706 5316 1859 5381 Θεοῦ,

296 5390 569 5462 θεόνυμφε
594 5395 687 5447 καί
732 5396 1091 5469 ἁπειρόγαμε,
1126 5400 1329 5454 πιστῶν
1378 5405 1410 5473 ἡ
1443 5405 1739 5474 ἀντίληψις,
1770 5409 1861 5478 ρὖ

299 5501 391 5536 σαι
415 5485 611 5549 παντὸς
641 5487 885 5541 κινδύνου
918 5493 1011 5544 καὶ
1038 5495 1295 5556 παντοίας
1324 5496 1585 5568 ἀνάγκης,
1612 5498 1859 5553 δέσποινα

294 5574 545 5639 Θεοτόκε,
567 5577 693 5641 τοὺς
716 5579 772 5630 ὲν
793 5580 970 5632 πίστει
1002 5581 1150 5651 πόθῳ
1177 5586 1242 5653 τῇ
1271 5585 1445 5659 σκέπῃ
1470 5604 1563 5640 σου
1598 5589 1860 5658 προσφεύῑ

295 5678 512 5731 γοντας,
532 5665 665 5736 μόνη
687 5666 973 5739 θεὸνυμφε.

366 5835 519 5890 Μετὰ
551 5839 647 5897 τὴν
682 5840 722 5901 β’
758 5844 1084 5907 στιγολογίαν
1121 5847 1375 5903 κάθισιια.

1972 4675 2100 4728 tium
2130 4673 2449 4736 liﬂ’l‘ESiDUS,
2486 4674 2761 4731 flammeae
2806 4676 3251 4731 conturbationes
3282 4677 3533 4745 impieta-

1971 4765 2039 4819 tis
2064 4766 2429 4829 exstinxistis,
2454 4767 2640 4820 Patres
2664 4767 2967 4820 divinorum
2989 4768 3170 4835 periti.
3193 4767 3307 4833 Qua
3326 4769 3390 4821 de
3410 4784 3534 4823 eau-

1969 4869 2050 4920 sa,
2077 4857 2235 4911 veluti
2264 4858 2463 4913 Christi
2493 4859 2814 4936 hierarcba,
2842 4870 3082 4913 nostram
3108 4860 3529 4916 incolumitatem

1968 4950 2266 5016 exposcite.

2037 5042 2234 5096 Gloria.
2299 5042 2445 5096 Idem
2509 5042 2787 5098 stichcrun
2854 5046 3131 5113 repetitur.
3182 5046 3248 5101 Et
3293 5062 3455 5102 nunc.

2042 5130 2264 5186 Mariale
2322 5132 2536 5199 simile,
2586 5134 2701 5189 sive
2754 5134 2926 5189 eidem
2977 5146 3104 5190 tono
3148 5146 3530 5207 attemperan-

1969 5222 2114 5277 dum.

2047 5314 2213 5384 Virgo
2272 5328 2479 5368 summe
2531 5315 2854 5383 laudabilis,
2922 5317 3093 5373 Mater
3143 5318 3347 5374 Christi
3410 5321 3526 5387 Dei,

1968 5403 2150 5457 divina
2180 5419 2376 5473 sponsa
2419 5414 2474 5459 et
2504 5407 2804 5477 conjugalis
2837 5409 3020 5477 ignara
3054 5412 3530 5475 commerciiJldeo

1976 5493 2109 5548 lium
2139 5495 2401 5561 defensio,
2443 5497 2511 5551 ab
2534 5499 2680 5552 omni
2726 5499 3039 5555 discrimine
3073 5509 3127 5553 et
3155 5501 3301 5555 omni
3332 5516 3528 5570 genere

1968 5588 2306 5641 necessitatis
2336 5589 2555 5657 expedi,
2586 5591 2805 5645 domina
2834 5591 3083 5661 Deipara,
3112 5593 3293 5647 tldeles
3315 5595 3403 5663 qui
3438 5609 3526 5646 ar-

1968 5676 2162 5730 denter
2218 5677 2270 5731 iu
2313 5678 2618 5735 clientelam
2674 5695 2733 5736 se
2770 5692 2914 5737 tuam
2963 5680 3265 5755 conferunt,
3305 5694 3377 5741 ιιι·
3408 5701 3525 5757 qua!

1969 5765 2080 5819 sola
2114 5766 2204 5820 Dei
2232 5781 2426 5835 sponsa
2462 5784 2543 5824 es.

2044 5855 2171 5912 Post
2202 5856 2236 5911 2
2256 5858 2626 5929 stichologiam
2663 5862 2851 5917 sessio.
