4058 6466
523 437 669 479 CCC.“
679 439 706 475 v

1861 417 2390 475 PROLEGOMENA.

596 535 717 590 166.
773 536 905 589 Post
970 534 1215 589 osculum
1253 534 1515 605 evangelii
1570 532 1701 588 dicit
1780 536 2080 592 sacerdos:

2257 535 2410 589 Μετὰ
2433 532 2523 587 τὸν
2548 533 2836 602 ἀσπασμὸν
2864 530 2958 586 τοῦ
2975 533 3313 601 εὐαγγελίου,
3330 532 3475 601 λέγει
3497 536 3527 589 ό
3562 532 3738 607 ἱερεύς

524 627 708 689 Salva,
759 626 920 689 Deus,
970 627 1219 695 populum
1251 636 1397 680 tuum
1431 638 1484 681 et
1515 626 1742 681 benedic
1785 627 2084 683 hzeredilati

523 729 648 774 tuac.
688 718 936 779 Domine,
1006 719 1286 781 miserere,
1344 720 1650 773 duodecies.
1695 717 1765 771 Et
1821 718 2088 774 exclama-

526 811 602 865 tio
652 826 666 862 :
716 809 1084 863 Misericordia
1113 819 1167 861 et
1211 809 1648 862 miserationibus
1681 817 1735 862 et
1763 809 2089 874 benignitate

529 900 795 969 unigeniti
830 900 903 953 tui
940 899 1078 962 Filii,
1106 915 1336 969 quocum
1365 899 1677 955 benedictus
1702 914 1782 963 es,
1814 916 1930 955 cum
1957 914 2088 952 san-

516 994 774 1050 ctissimo
829 1006 884 1047 et
940 994 1080 1047 bono
1147 991 1361 1048 vivifico
1413 1003 1503 1047 tuo
1555 990 1806 1059 Spiritu,
1842 1005 1979 1046 nunc
2036 999 2093 1044 et

526 1100 763 1153 semper,
810 1096 862 1138 et
901 1085 955 1137 in
1012 1084 1206 1138 szecula
1259 1086 1600 1140 szeculorum.
1651 1083 1842 1140 Amen.
1884 1084 1950 1139 Et
2001 1083 2085 1136 in-

527 1180 786 1234 choamus
810 1192 1065 1230 canones.

2195 626 2403 690 Σῶσον,
2449 627 2477 678 ὁ
2530 625 2682 690 Θεὸς,
2736 628 2827 679 τὸν
2871 626 2998 681 λαόν
3041 643 3155 688 σου,
3201 626 3293 679 καὶ
3341 624 3632 695 εὐλόγησον
3666 626 3762 696 τὴν

2194 717 2553 789 κληρονομίαν
2592 735 2706 771 σου.
2743 716 2935 787 Κύριε,
2976 718 3215 788 ἐλέησον,
3258 716 3343 786 ιβ’.
3372 716 3482 769 Καὶ
3513 717 3761 786 ἐκφώνη-

2196 827 2298 873 σις’
2366 811 2536 864 Ἐλέει
2601 810 2694 863 καὶ
2752 811 3054 879 οἰκτιρμοῖς
3104 809 3197 865 καὶ
3240 808 3620 879 φιλανθρωπίᾳ
3670 808 3763 862 τοῦ

2201 904 2519 973 μονογενοῦς
2576 920 2666 956 σου
2696 901 2851 966 Υἱοῦ,
2874 902 2991 971 μεθ’
3047 899 3106 958 οῦ
3158 901 3442 971 εὐλογητὸς
3488 896 3539 952 εἴ
3568 903 3665 955 σὺν
3688 902 3764 975 τῷ

2196 994 2466 1064 παναγίῳ,
2491 996 2584 1048 καὶ
2606 991 2813 1063 ἀγαθῷ,
2844 992 2936 1046 καὶ
2964 992 3209 1066 ζωοποιῷ
3234 1012 3324 1049 σου
3346 993 3642 1064 Πνεῦματι,
3671 996 3764 1049 νῦν

2195 1085 2287 1137 καὶ
2311 1084 2417 1148 ἀεὶ,
2449 1086 2543 1137 καὶ
2572 1088 2651 1149 εἰς
2693 1084 2819 1148 τοὺς
2854 1084 3053 1147 αἰῶνας
3076 1085 3187 1138 τῶν
3229 1087 3459 1141 αἰώνων.
3508 1086 3701 1156 Ἀμήν.

2193 1176 2305 1228 Καὶ
2338 1174 2616 1246 ἁοχόμεοα
2632 1176 2739 1229 τῶν
2769 1176 3025 1230 κανόνων.

599 1288 722 1341 167.
747 1286 924 1341 0011.
959 1284 1157 1340 Verum
1185 1297 1469 1354 antequam
1523 1288 1686 1340 trium
1732 1290 2017 1343 doctorum
2067 1300 2311 1341 canones
2336 1330 2349 1350 ,
2380 1303 2407 1341 a
2434 1293 2642 1342 Joanne
2677 1288 2938 1340 Enrbaita
2978 1285 3329 1357 concinnatos
3359 1328 3374 1348 ,
3409 1287 3759 1357 sulnjiciamus

534 1359 633 1414 sub
659 1367 956 1425 aspectum,
996 1357 1391 1409 observamlmn
1454 1368 1574 1419 est,
1633 1362 1691 1412 δ.
1746 1360 2071 1411 Germanum
2126 1372 2230 1409 non
2282 1358 2586 1422 significare
2634 1358 2920 1409 dicendum
2967 1355 3289 1418 duodecies,
3344 1355 3603 1423 Domine,
3658 1358 3763 1407 Ini-

525 1443 740 1491 serere;
804 1427 896 1482 sed
944 1428 1124 1480 verbis
1165 1425 1469 1497 Εὐλόγησον
1528 1428 1627 1497 τὴν
1672 1426 2036 1499 κληρονομίαν
2090 1448 2095 1474 ε

2205 1463 2221 1489 ,
2284 1428 2566 1482 confestim
2618 1427 2888 1482 subnectit
2941 1426 3218 1497 sequentia
3263 1426 3488 1483 dicenda
3551 1445 3582 1482 a
3644 1426 3761 1480 dia-

525 1514 687 1553 COIIO.

596 1590 823 1660 Respice
870 1589 1054 1642 orbem
1112 1598 1263 1643 tuum
1320 1591 1372 1643 in
1418 1589 1785 1644 misericordia
1838 1599 1893 1643 et
1922 1589 2086 1644 mise-
2118 1598 2165 1659 Β

524 1681 849 1735 rationibus.
884 1679 1073 1733 Exalta
1120 1696 1289 1733 cornu
1347 1680 1778 1733 Christianorum
1838 1679 2094 1735 orthodo-

523 1786 715 1825 xorum
747 1811 763 1834 ,
796 1780 850 1826 et
897 1772 1114 1825 demitte
1146 1785 1307 1837 super
1336 1786 1431 1824 nos
1462 1779 1579 1823 tuas
1615 1771 1893 1825 affluentes
1929 1772 2090 1826 mise-

526 1860 814 1916 ricordias.
849 1860 1100 1913 Precibus
1143 1859 1358 1912 illibata:
1410 1860 1646 1913 Domina:
1676 1871 1899 1921 nostrm.
1928 1860 2094 1915 Geni-

528 1954 683 2007 tricis
716 1952 804 2005 Dei
846 1964 1160 2016 semperque
1207 1950 1431 2017 virginis
1465 1950 1680 2016 Marize;
1710 1953 1903 2005 virtute
1931 1966 2094 2006 vene—

527 2043 707 2096 randa:
728 2053 783 2095 et
811 2040 1034 2093 viviﬂcze
1065 2040 1241 2094 crucis
1266 2082 1281 2106 ,
1314 2045 1631 2111 patrociniis
1653 2042 1957 2097 cmlestiunt
2001 2043 2092 2097 in-

2270 1591 2592 1661 Ἐπὶσκεψαι
2638 1590 2727 1645 τὸν
2763 1590 2964 1660 κόσμον
3020 1606 3113 1641 σου
3153 1590 3210 1640 ὲν
3250 1587 3386 1641 ὲλέει
3438 1592 3532 1644 καὶ
3557 1594 3765 1663 οἰκτιρ-

2197 1684 2335 1753 psic.
2399 1682 2651 1750 ’Ύψωσον
2707 1681 2876 1752 κέρας
2926 1679 3265 1747 Χριστιανῶν
3298 1678 3615 1748 ὀροοδόξων,
3670 1682 3764 1735 καὶ

2194 1772 2549 1842 κατάπεμψον
2577 1770 2659 1838 ἐφ’
2687 1773 2835 1840 ἡμᾶς
2882 1769 2951 1823 τὰ
2977 1768 3101 1838 ὲλέη
3130 1785 3221 1821 σου
3251 1767 3319 1821 τὰ
3344 1769 3593 1821 πλούσιον
3627 1788 3763 1843 πρε-

2196 1863 2401 1924 σϐείαις
2438 1862 2537 1929 τῆς
2586 1861 2966 1929 παναχράντου
2996 1858 3281 1930 δεσποίνης
3306 1858 3461 1929 ἡμῶν
3500 1858 3763 1913 Θεοτόκου

2195 1956 2288 2008 καὶ
2333 1954 2691 2020 ἀειπαρθένου
2746 1953 2984 2025 Μαρίας
3035 1951 3262 2023 δυνάμει
3318 1950 3411 2005 τοῦ
3456 1952 3639 2023 τιμίου
3670 1952 3765 2005 καὶ

2195 2046 2458 2113 ζωοποιοῦ
2495 2044 2747 2117 σταυροῦ·
2773 2047 3126 2117 προστασίαις
3162 2047 3270 2099 τῶν
3298 2047 3636 2116 ἐπουρανίων
3666 2048 3766 2098 Δυ-

526 2146 1020 2201 corporearumque
1066 2129 1433 2199 Potestatutn;
1483 2134 1798 2199 venerandi,
1832 2134 2095 2203 gloriosi-

2193 2140 2405 2207 νάμεων
2456 2140 2784 2209 ἀσωμάτων,
2845 2138 2940 2190 τοῦ
2985 2140 3165 2208 τιμίου
3200 2139 3407 2202 ἐνδόξου
3460 2140 3762 2208 προφήτου,

524 2239 629 2294 que
667 2224 977 2292 prophetae,
1008 2226 1357 2291 praecursoria
1410 2234 1464 2277 et
1516 2224 1771 2293 Baptistze
1820 2224 2085 2290 Joannis;

527 2327 837 2373 sanctorum
872 2316 1228 2383 gloriosorum
1267 2325 1321 2369 et
1356 2316 1838 2372 celeberrimorum
1871 2328 2093 2387 aposto-

526 2408 699 2461 lorum
723 2423 738 2472 ;
770 2414 1102 2469 sanctorum,
1132 2404 1491 2472 gloriosorum
1517 2417 1572 2460 et
1600 2407 1841 2463 victoriis
1870 2407 2096 2475 inclyto—

525 2513 645 2553 rum
672 2508 992 2563 martyrum,
1019 2508 1075 2551 et
1115 2496 1318 2566 reliqua
1352 2499 1493 2553 sicut
1528 2500 1731 2554 litanias
1778 2499 2089 2553 inscribun-

528 2597 584 2642 tu
592 2604 639 2641 r.

2193 2232 2497 2302 προδρόμου
2526 2232 2618 2284 καὶ
2652 2228 2955 2282 Βαπτιστοῦ
2999 2229 3267 2289 Ἰωάννου,
3289 2228 3399 2279 τῶν
3421 2228 3591 2294 ἁγίων
3618 2227 3764 2279 ἐνδό-

2193 2324 2298 2390 ξων
2331 2327 2425 2378 καὶ
2448 2322 2767 2377 καλλινίκων
2800 2320 3111 2391 μαρτύρων·
3130 2320 3223 2372 καὶ
3256 2320 3325 2373 τὰ
3352 2318 3517 2373 λοιπὰ
3538 2318 3764 2380 τούτων,

2190 2418 2266 2481 ὡς
2295 2420 2353 2472 ιν
2384 2421 2451 2488 τῇ
2473 2416 2593 2487 λιτῇ
2618 2414 2947 2483 γέγραπται.

597 2676 720 2730 168.
780 2677 958 2732 Con.
1015 2678 1139 2731 Πίος
1196 2678 1375 2729 omnia
1427 2678 1503 2729 ait
1558 2676 1617 2730 S.
1665 2676 1973 2730 Germanus
2026 2674 2135 2730 dici
2191 2690 2221 2729 a
2272 2674 2542 2732 diacono,
2598 2671 2683 2725 cui
2740 2667 2952 2722 tandem
3012 2666 3255 2721 succinat
3318 2664 3617 2728 sacerdos,
3668 2680 3767 2719 ex-

524 2746 807 2802 clamando
856 2758 914 2800 ut
958 2762 1139 2813 supra.
1186 2746 1300 2798 Non
1348 2746 1531 2809 fuerit,
1563 2761 1724 2814 porro
1771 2746 2122 2812 iniucundum
2174 2745 2264 2798 hic
2320 2752 2580 2814 annotare
2619 2740 2977 2814 et_ritut_n__et_
3029 2747 3291 2814 tempus,
3320 2751 3434 2814 quo
3479 2751 3506 2787 a
3572 2734 3764 2814 fratri-

525 2818 629 2871 bus
680 2816 926 2871 osculum
973 2804 1162 2870 sancto
1190 2816 1467 2886 evangelio
1518 2804 1873 2884 imprimitur.
1925 2814 2016 2869 Sic
2049 2828 2179 2882 ergo
2212 2812 2403 2866 scribit
2443 2808 2755 2879 patriarcha
2786 2807 3098 2862 Philotheus
3131 2809 3182 2861 in
3217 2804 3420 2860 Ordine
3464 2806 3608 2860 sacri
3653 2807 3757 2859 nti-

524 2887 725 2941 m'sterii
748 2902 769 2938 :

595 2975 893 3042 Sacerdos,
948 2977 1177 3033 demissa
1206 2977 1410 3045 casula,
1465 2987 1712 3034 sanctum
1760 2975 2095 3047 evangelium
2124 2980 2169 3042 α

522 3076 650 3120 ante
676 3076 863 3136 pectus
885 3067 1157 3131 deferens,
1189 3070 1492 3137 egreditur,
1523 3081 1577 3123 et
1601 3071 1651 3121 in
1679 3070 1857 3123 medio
1886 3066 2089 3136 templo

520 3166 650 3213 stat.
685 3158 877 3212 Lector
916 3168 1118 3223 autent,
1153 3159 1238 3212 vel
1263 3158 1357 3223 qui
1408 3173 1438 3211 a
1469 3158 1810 3213 casremoniis
1843 3170 1948 3223 est,
1976 3168 2088 3213 stat

523 3249 628 3319 ipsi
674 3265 704 3303 a
733 3250 961 3312 dextris,
994 3258 1184 3304 tenens
1216 3250 1603 3304 candelabrum
1633 3265 1755 3303 cum
1790 3265 1951 3303 cereo
2000 3264 2093 3302 ac-

523 3357 726 3409 censo;
752 3352 809 3398 et
844 3342 1083 3398 osc‘lum
1114 3352 1300 3397 sancto
1319 3341 1598 3412 evangelio
1627 3342 1694 3396 de
1728 3355 1876 3395 more
1910 3340 2093 3409 flgitur

525 3447 558 3487 ει
579 3435 856 3491 fratribus.

2284 2971 2343 3026 ⁶0
2396 2970 2593 3045 ἱερεὺς,
2659 2970 2899 3041 χαλάσας
2922 2969 2983 3023 τὸ
3025 2969 3316 3038 φαιλόνιον,
3349 2968 3446 3023 καὶ
3487 2966 3770 3038 βαστάζων

2190 3064 2251 3119 τὸ
2276 3064 2430 3133 ἆγιον
2474 3062 2792 3131 εὐαγγέλιον
2814 3060 3119 3132 ἔμπροσθεν
3145 3060 3237 3112 τοῦ
3265 3058 3518 3130 στήθους,
3545 3057 3767 3127 ἐξέρχε-

2193 3176 2282 3211 ται
2313 3157 2408 3210 καὶ
2435 3156 2649 3208 ἵσταται
2678 3155 2756 3216 είς
2784 3152 2882 3224 τὴν
2918 3152 3089 3223 μέσην
3107 3150 3199 3204 τοῦ
3240 3150 3386 3204 ναοῦ·
3417 3150 3511 3202 καὶ
3533 3146 3773 3215 ἀναγνώ-

2195 3247 2385 3317 στηςῆ
2424 3247 2454 3297 ό
2486 3245 2738 3308 εὐταξίας
2770 3244 2981 3295 ἵσταται
3019 3241 3251 3305 δεξιόθεν
3293 3238 3479 3301 αὐτοῦ,
3523 3238 3771 3308 κατέχων

2196 3337 2516 3407 μανουάλιον
2564 3336 2701 3405 μετὰ
2725 3333 3007 3404 λαμπάδος
3047 3333 3319 3403 ἡμμένης·
3356 3330 3454 3385 καὶ
3492 3329 3700 3399 γίνεται
3738 3330 3771 3381 δ

2195 3429 2485 3500 ἀσπασμὸς
2520 3426 2615 3481 τοῦ
2661 3426 2816 3495 ἁγίου
2857 3424 3177 3495 εὐαγγελίου
3210 3423 3363 3495 παρὰ
3387 3422 3496 3478 τῶν
3523 3422 3773 3492 ἀδελφῶν

2198 3522 2461 3595 συνήθως.

595 3599 717 3682 Ιβθ.
745 3601 925 3682 (Ζ-ςιηι.
956 3602 1279 3682 lllis_autem
1312 3605 1702 3682 osculan_tibus.
1729 3606 1941 3682 canitur
1988 3604 2095 3659 Trn

2193 3594 2325 3665 'inm
2360 3614 2504 3682 quod
2537 3611 2765 3682 incipitt
2793 3610 3118 3682 Ἀνάστασιν
3148 3606 3393 3682 Χριστοῦ.
3416 3594 3771 3682 θεασάμενοι,

522 3687 575 3745 et
622 3671 740 3745 ἐστι
777 3674 1030 3744 Κυριακὴ
1072 3673 1339 3745 δηλονότι,
1378 3675 1470 3725 καὶ
1515 3676 1937 3745 όγπεντηκοστὺς
1991 3671 2127 3745 μετὰ

522 3743 654 3814 plati
673 3782 691 3808 ,
746 3746 991 3797 videlicet
1015 3784 1031 3808 ,

2177 3677 2410 3751 μέλους]
2470 3683 2521 3735 id
2576 3677 2661 3735 est
2688 3720 2704 3744 ,
2742 3677 3213 3751 Resurrectionem
3244 3677 3469 3751 _Christi
3512 3686 3765 3751 contem-

1111 3744 1154 3799 si
1225 3744 1340 3797 dies
1419 3744 1689 3796 Dmninica
1732 3744 1943 3806 fuerit;
1995 3744 2223 3813 quando

2296 3755 2457 3805 etiam
2542 3761 2749 3805 canunt
2826 3750 3092 3817 psalmum
3164 3746 3678 3817 quinquagesimum
3739 3760 3755 3795 :

526 3812 658 3886 nam
677 3852 695 3877 ,
765 3820 836 3886 ut
878 3815 1027 3886 idem
1066 3813 1564 3886 Pbilotheus__dicit
1618 3823 1802 3886 postea
1828 3850 1845 3876 ,
1896 3816 2227 3886 exosculatio
2269 3818 2532 3886 evangelii
2588 3818 2738 3886 festis
2804 3812 2924 3870 a'liis
2964 3812 3433 3886 pratertnittitur,
3462 3814 3562 3886 nisi
3623 3812 3766 3886 forte

525 3882 580 3956 in
629 3882 961 3956 Dominicam
997 3883 1319 3956 inciderint.
1364 3881 1711 3956 ‘Verbaejus
1761 3881 1947 3956 Graeca
2002 3884 2095 3956 btet

2193 3898 2303 3943 mm
2340 3902 2356 3941 ε
2404 3881 2491 3940 Ἓν
2556 3885 2691 3956 ἄλλῃ
2718 3886 2777 3938 δὲ
2830 3881 2991 3956 ἑορτῇ
3024 3886 3085 3937 οὐ
3138 3885 3347 3952 γίνεται
3372 3885 3415 3956 ό
3454 3882 3765 3956 demoti-55.

525 3953 577 4006 εί
612 3951 687 4023 μὴ
718 3949 873 4023 μόνον
906 3953 964 4004 ἰν
996 3953 1271 4023 κυριακῇ.
1303 3953 1493 4022 Igitur,
1526 3949 1637 4023 nisi
1659 3952 1954 4023 boctrinm
1994 3953 2094 4007 doc

2193 3973 2276 4011 um
2314 3957 2505 4011 festum
2542 3949 2744 4011 incidat
2786 3956 2837 4008 in
2872 3949 3225 4019 Dominicain,
3253 3955 3438 4007 statim
3477 3964 3619 4022 post,
3647 3949 3773 4005 ’Σῶ-

531 4038 647 4089 σον,

720 4022 873 4085 Θεός.
910 4022 1165 4077 Dicuntur
1199 4022 1436 4077 canones
1463 4036 1586 4090 cum
1630 4022 1843 4084 birmis,
1866 4037 2101 4078 canones
2130 4037 2311 4081 autem
2341 4028 2393 4080 in
2434 4028 2534 4081 hoc
2581 4025 2761 4081 oﬂicio
2796 4034 2905 4079 tres
2932 4034 3079 4087 sunt,
3126 4039 3265 4079 unus
3292 4025 3362 4079 de
3399 4023 3648 4090 Deipara,
3680 4023 3773 4076 alii

525 4092 633 4148 duo
660 4093 727 4146 de
752 4094 953 4146 δυηοιίε
976 4131 993 4155 .
1026 4107 1215 4146 omnes
1241 4091 1480 4160 ejttsdem
1516 4089 1739 4145 Joannis
1774 4094 2128 4158 metropolita:
2162 4096 2549 4151 Eucbaitornm
2580 4109 2717 4151 onus
2742 4110 2757 4147 :
2787 4095 2881 4149 sed
2915 4095 3121 4148 medius
3152 4094 3300 4147 solus
3322 4089 3717 4147 acrosticbicus
3753 4114 3767 4147 :

525 4162 669 4217 unde
704 4161 860 4216 facile
879 4172 963 4217 est
988 4162 1325 4231 singulorum
1351 4172 1537 4230 partes
1573 4176 1603 4214 a
1634 4162 1881 4231 partibus
1913 4164 2154 4231 ,aliorum
2185 4168 2516 4222 discernere.

997 4252 1223 4307 CANON
1265 4252 1460 4306 DEIPA
1471 4251 1608 4305 RE.

923 4342 1070 4410 Opus
1120 4340 1344 4397 Joannis
1396 4343 1699 4397 Eucltaitte.

910 4431 1046 4486 ODE
1079 4432 1132 4486 l.
1162 4431 1345 4486 Tonus
1366 4432 1425 4485 Ω.
1462 4431 1699 4486 Hirmus.

594 4524 719 4580 170.
773 4523 888 4579 lluc
917 4523 1042 4587 huc,
1080 4523 1284 4591 populi,
1320 4537 1580 4577 canamus
1624 4537 1842 4579 carmen
1872 4524 2091 4582 Christo

524 4616 658 4680 Deo,
693 4615 947 4670 dividenti
978 4627 1149 4677 mare,
1180 4622 1237 4668 et
1268 4612 1485 4668 ducenti
1522 4614 1773 4682 populum
1808 4630 1968 4683 quem
2010 4617 2076 4670 li-

524 4709 739 4763 beravit
783 4722 814 4760 a
859 4705 1121 4761 servitute
1150 4703 1555 4777 Egyptiorum,
1580 4705 1836 4776 quoniam
1876 4705 2090 4777 glorifi-

520 4808 675 4854 catus
695 4806 800 4852 est.

592 4890 635 4943 Δ
688 4889 947 4959 gravibus
976 4898 1087 4945 tam
1116 4888 1361 4959 corporis
1380 4903 1539 4957 quam
1571 4889 1764 4944 anima)
1818 4888 2080 4959 periculis

522 4989 580 5035 et
609 4981 802 5034 mortis
829 4988 886 5035 et
912 4978 1151 5049 lapsibus
1179 5019 1194 5043 ,
1227 4995 1261 5033 ο
1287 4980 1711 5034 incontaminata
1736 5022 1752 5046 ,
1795 4981 1948 5050 eripe
1982 4997 2086 5044 me,

524 5073 617 5143 qui
652 5073 738 5141 pie
771 5071 1035 5129 conﬁteor
1077 5086 1199 5125 esse
1229 5080 1279 5125 te
1322 5072 1539 5140 proprie
1572 5086 1762 5140 puram
1794 5072 1888 5127 Dei
1917 5071 2088 5127 Geni-

527 5164 743 5219 tricem.

596 5253 867 5324 lntegram
928 5265 1220 5323 gratiarum
1261 5252 1516 5322 abyssum
1554 5253 1606 5307 in
1646 5263 1698 5308 te
1758 5254 2089 5309 reconditam

524 5361 649 5401 esse
676 5348 1035 5413 agnoscimus.
1065 5344 1383 5413 Propterea,
1423 5360 1457 5398 o
1488 5345 1737 5415 Deipara,
1770 5347 1860 5417 qui
1914 5347 1979 5402 ad
2042 5357 2093 5402 to

525 5451 774 5507 prompto
808 5448 862 5491 et
905 5448 1089 5493 erecto
1113 5436 1294 5491 animo
1341 5436 1723 5508 confugimus,
1748 5439 1934 5495 divino
1986 5449 2079 5495 tuo

525 5529 828 5599 patrocinio
857 5543 1163 5583 servamnr.

598 5618 702 5673 Pro
756 5621 908 5674 nobis
970 5620 1371 5675 celebrantibus
1429 5629 1515 5685 te,
1588 5621 1927 5687 castissima,
1984 5636 2081 5676 ora

526 5707 864 5763 lncarnatmn
894 5724 955 5761 ex
988 5708 1269 5776 impolluto
1307 5717 1399 5761 tuo
1433 5717 1486 5761 et
1512 5706 1751 5774 pretioso
1790 5708 2080 5775 sanguine,

527 5809 589 5855 ut
615 5800 785 5856 simus
806 5816 835 5853 a
862 5798 1069 5855 delictis
1098 5808 1153 5853 et
1186 5799 1389 5855 amaris
1414 5796 1858 5868 aegrotationibus
1886 5799 2086 5854 immu-

526 5906 646 5949 nes.

2122 4259 2169 4315 D

2528 4258 2571 4310 ο
2605 4254 2845 4309 ΚΔΝΩΝ
2873 4252 3011 4307 ΤΗΣ
3039 4252 3428 4319 esoroxor,

2575 4345 2794 4415 Ποίημα
2810 4345 3057 4400 Ἰωάννου
3081 4344 3382 4415 Εὐχαίτων.

2549 4438 2683 4509 ῼΔΗ
2712 4444 2782 4491 α’.
2813 4433 2986 4508 Ἧχος
3017 4436 3081 4505 β’.
3118 4437 3176 4488 ’0
3210 4436 3419 4505 εἱρμός.

2260 4530 2444 4593 Δεῦτε,
2488 4530 2629 4593 λαοὶ,
2656 4530 2879 4602 ᾷσωμεν
2922 4529 3070 4598 ᾆσμα
3094 4527 3315 4598 Χριστῷ
3359 4524 3439 4595 τῷ
3496 4522 3637 4594 Θεῷ,
3693 4520 3776 4594 τῷ

2188 4620 2413 4673 διελόντι
2443 4620 2737 4681 θάλασσαν,
2765 4619 2859 4671 καὶ
2884 4617 3212 4686 ὁδηγήσαντι
3256 4616 3348 4669 τὸν
3391 4614 3537 4682 λαὸν,
3574 4614 3635 4668 ὃν
3679 4614 3777 4667 άν-

2189 4710 2293 4781 ῆκε
2318 4710 2563 4775 δουλείας
2595 4706 2925 4777 Αἰγυπτίων,
2956 4706 3037 4759 ὅτι
3063 4706 3391 4771 δεδόξασται.

2264 4886 2368 4939 Τὸν
2421 4883 2660 4948 εὐσεϐῶς
2693 4900 2755 4939 σε
2800 4880 3063 4939 Θεοτόκον
3123 4883 3328 4953 κυρίως
3368 4882 3539 4954 ἁγνὴν
3580 4882 3776 4955 ὁμολο-

2190 4975 2412 5045 γοῦντα,
2442 4977 2734 5045 Ἀχραντε,
2790 4974 2970 5046 ψυχῆς
3000 4975 3095 5028 καὶ¹
3123 4974 3379 5045 σώματος
3422 4974 3675 5045 χαλεπῶν
3707 4978 3777 5031 ὲκ

2191 5070 2452 5123 κινδύνων
2511 5070 2606 5123 καὶ
2666 5069 2859 5133 νόσων,
2911 5068 3009 5121 καὶ
3051 5068 3413 5139 πταισμάτων
3465 5068 3529 5121 σύ
3569 5085 3637 5139 με
3667 5069 3772 5122 διά-

2195 5178 2387 5215 σωσον.
2425 5180 2444 5213 ι

2267 5252 2436 5321 Ὅλην
2480 5252 2538 5303 ὲν
2584 5252 2666 5303 σοὶ
2703 5249 2809 5303 τῶν
2824 5248 3183 5320 χαρισμάτων
3204 5246 3441 5302 ἄϐυσσον
3476 5250 3776 5317 ἀποκειμέ-

2192 5362 2290 5412 νην
2314 5342 2575 5413 ἔγνωμεν.
2602 5344 2691 5395 Διὸ
2707 5341 3164 5413 προσφεύγοντες,
3194 5339 3445 5404 Θεοτόκε,
3478 5339 3777 5410 προθύμως

2193 5438 2261 5507 τῇ
2294 5435 2474 5507 σκέπῃ
2502 5451 2593 5486 σου
2619 5436 2685 5505 τῇ
2713 5432 2836 5503 Θεία
2865 5430 3266 5503 διασωξόμεοα.

2272 5614 2440 5682 ’Υπὲρ
2498 5614 2652 5681 ἡμῶν
2706 5613 2814 5664 τῶν
2864 5629 2925 5665 σε
2959 5616 3273 5682 ὑμνούντων
3310 5611 3630 5682 δυσώπησον
3683 5612 3776 5665 τὸν

2193 5704 2561 5778 σαρκωθέντα,
2599 5704 2863 5772 πάναγνε,
2904 5706 2968 5758 ὲκ
3004 5705 3113 5758 τῶν
3148 5704 3430 5774 ἀχράντων
3454 5722 3546 5757 σου
3578 5706 3671 5757 καὶ
3696 5724 3750 5759 τι

2195 5797 2329 5867 μίων
2362 5796 2630 5865 αἱμάτων,
2671 5796 2937 5869 ρυσθῆναι
2968 5800 3031 5852 ὲκ
3065 5796 3427 5866 πταισμάτων
3476 5798 3571 5850 καὶ
3617 5814 3771 5869 νυκτη-

2200 5888 2385 5942 μάτων
2418 5886 2653 5958 πικρῶν.
