4058 6450
1372 384 1764 439 ACOLUTIIIA
1803 384 2143 442 TRIPLICIS
2180 387 2404 442 FEST’I.

1880 513 1930 570 Δ

613 504 871 559 ΕΤΕΡΟΣ
902 504 1138 560 ΚΑΝΩΝ
1166 504 1301 558 ΤΩΝ
1334 502 1557 570 ΑΓΙΩΝ,

854 591 926 651 Οὗ
943 600 974 657 ἡ
998 598 1309 670 ἀκροστιχίς

488 690 803 755 Τρισήλιον
837 692 980 760 φῶς,
1016 692 1171 760 τρεῖς
1206 688 1443 757 ἀνῆψεν
1474 692 1673 760 ἠλίον.

637 783 851 854 Ποίημα
890 784 982 838 τοῦ
1033 781 1195 838 αὐτοῦ
1250 783 1513 837 Ἰωάννου.

569 872 697 941 [Mil
728 884 793 929 α’.
812 872 981 945 Ἶῐχος
1005 875 1096 925 καὶ
1123 872 1307 942 εἱρμδς
1332 876 1359 926 6
1390 875 1569 938 αὑτός.

376 960 487 1022 ...δίς
519 962 737 1033 ἀμοιϐὴ,
766 970 845 1026 τξς
890 963 1242 1023 ἀνταπόδοσις
1270 964 1551 1033 πρέπουσα
1575 964 1688 1023 τοῖς
1716 963 1850 1032 ἠμε-

284 1050 486 1121 τέροις,
518 1052 807 1124 ἄνθρωποι,
844 1054 1328 1123 προσενεχθήσεται
1358 1053 1663 1126 παρ’ἡμῶν
1694 1054 1847 1123 εὐερ-

287 1142 493 1209 γέταις,
520 1145 585 1197 δι’
618 1140 692 1198 ὧν
738 1145 874 1214 πρὸς
904 1144 963 1196 τὸ
995 1140 1054 1197 εὖ
1083 1141 1219 1198 εἶναι
1267 1144 1793 1218 χειραγωγούμενοι;

376 1421 689 1474 ’τητορικαι
744 1404 1014 1471 γλῶσσαι,
1064 1407 1155 1459 καὶ
1196 1408 1418 1477 τέχναι,
1464 1407 1557 1460 καὶ
1618 1403 1850 1477 μέθοδοι,

290 1498 383 1551 καὶ
433 1498 581 1549 πᾶσα
626 1496 797 1563 λόγων
832 1494 1057 1567 δύναμις
1110 1497 1203 1549 νῦν
1237 1500 1316 1560 είς
1353 1498 1606 1551 ὑπόθεσιν
1641 1514 1851 1567 συμπο-

289 1588 586 1641 νείσθωσαν
635 1589 780 1659 μίαν,
824 1590 916 1643 καὶ
964 1590 1087 1650 τοὺς
1148 1589 1507 1657 τετιμηκότας
1572 1586 1853 1659 ἀντιτιμᾶ-

292 1680 527 1735 σθωσαν.

383 1771 548 1822 -διον
584 1772 677 1838 μὲν
712 1770 863 1822 οὐδὲν
906 1768 1192 1836 ἠνέσχοντο
1226 1767 1529 1839 κτήσασθαι
1587 1767 1645 1820 ὲν
1696 1770 1766 1839 γῇ
1800 1768 1847 1820 οἱ

3353 409 3514 449 (CCLV

2232 504 2459 561 Αιτειι
2519 504 2744 561 CANON
2793 508 3208 567 SA‘NCTORUM

2400 595 2564 665 Cujus
2599 598 2921 652 acrostichis
2959 610 3042 653 est
3073 619 3087 654 :

2206 685 2251 740 0
2281 686 2526 750 Trinitas,
2568 687 2739 743 lucere
2788 697 2892 742 tres
2935 689 3067 742 soles
3102 690 3250 756 faris.

2397 778 2542 846 Opus
2563 776 2802 845 ejusdem
2824 778 3070 833 Joannis.

2172 869 2291 921 l7l.
2316 869 2450 924 ODE
2484 873 2534 925 l.
2570 868 2751 925 Touus
2787 886 2841 927 et
2884 874 3088 927 hirmus
3118 872 3274 926 idem.

2035 974 2091 1019 ο
2148 961 2444 1026 mortales,
2487 978 2646 1031 quant
2710 964 3200 1018 remunerationem
3255 961 3511 1030 aﬂ’eretis,

1951 1067 2110 1121 quam
2156 1054 2460 1106 studiorum
2503 1054 2908 1123 olliciorumque
2952 1054 3381 1110 vicissitudinem
3433 1058 3516 1108 di-

1951 1161 2110 1216 gnam
2172 1145 2396 1213 iis,qui
2455 1154 2579 1199 sunt
2639 1156 2747 1199 tam
2802 1147 2937 1200 bene
2976 1149 3041 1203 de
3086 1148 3238 1202 vobis
3285 1147 3513 1213 meriti,

1953 1250 2005 1296 et
2055 1255 2152 1309 per
2182 1255 2315 1309 quos
2349 1239 2592 1309 perducti
2634 1241 2764 1295 estis
2805 1240 2870 1295 ad
2901 1240 2986 1309 pie
3009 1252 3305 1311 sancteque
3328 1240 3515 1296 viven-

1953 1333 2075 1387 duut
2107 1331 2132 1385 ἵ

2036 1434 2237 1477 ι-ιρτςω
2272 1424 2541 1479 rhetorum
2595 1423 2808 1493 linguae,
2849 1433 3100 1492 artesque
3152 1425 3514 1495 methodique,

1952 1523 2004 1566 et
2033 1515 2208 1568 OllllllS
2237 1517 2444 1569 dicendi
2482 1517 2560 1569 vis
2585 1526 2746 1584 atque
2778 1516 2928 1582 copia
2962 1532 3103 1569 nunc
3136 1515 3188 1568 in
3216 1530 3507 1585 argumen—

1953 1612 2062 1657 tum
2100 1604 2408 1657 incumbant
2447 1623 2610 1659 uiimn
2641 1624 2654 1659 :
2686 1615 2739 1658 et
2764 1620 2793 1658 a
2822 1606 3016 1675 quibus
3046 1610 3309 1661 honorata
3340 1618 3463 1661 sunt
3492 1647 3509 1675 ,

1954 1710 2046 1749 eos
2071 1694 2305 1748 vicissim
2332 1696 2609 1751 honorent.

2037 1785 2403 1841 =evolventes
2442 1786 2620 1840 animo
2659 1788 2794 1842 bona
2849 1788 3119 1854 caalesda,
3157 1789 3286 1843 nihil
3344 1800 3512 1846 terre-

288 1837 700 1930 οὖρανόφρονες,
758 1858 994 1925 φύλακες
1029 1858 1075 1909 δ’
1107 1837 1363 1929 ὤφθησαν
1394 1856 1487 1910 τοῦ
1538 1858 1716 1909 κοινοῦ
1744 1837 1849 1909 οιαὶ

1952 1883 2063 1928 atre
2081 1878 2457 1931 sustinuerunt
2481 1878 2680 1933 habere
2723 1884 3029 1948 proprium;
3053 1883 3146 1936 sed
3177 1881 3395 1937 fuerunt
3419 1900 3514 1937 eu-

289 1949 611 2019 ·ξροστὰται·
649 1948 839 2001 κοινῶν
864 1944 957 2002 οὖν
1004 1949 1098 2003 καὶ
1121 1948 1226 2003 τῶν
1247 1947 1429 2019 ὕμνων
1461 1946 1855 2012 καταξιούσθω-

290 2055 412 2091 σαν.
450 2039 747 2092 Θεοτόκιον.

380 2128 465 2183 Me
494 2129 591 2199 τὴν
624 2130 805 2201 κοινὴν
831 2130 1157 2199 φιλοτιμίαν,
1184 2127 1517 2199 Πανάμωμε,
1535 2127 1632 2199 τῆς
1656 2127 1853 2199 ἡμετέ-

290 2238 391 2290 ρας
423 2221 630 2289 φύσεως
658 2224 853 2284 πάντες
904 2222 1213 2290 δοξάζομεν,
1247 2222 1419 2290 χεῖλος
1448 2221 1505 2273 ἓν
1549 2221 1851 2289 γεγονότες,

288 2314 385 2363 καὶ
416 2312 729 2380 συμφωνίαν
758 2313 881 2377 μίαν
912 2311 1346 2374 ὰποτελέσαντες.

602 2400 859 2453 ΕΤΕΡΟΣ
883 2401 1118 2452 ΚΛΝΩΝ
1152 2399 1283 2452 ΤΩΝ
1325 2401 1549 2455 APION.

812 2490 1023 2561 Ποίημα
1034 2489 1125 2542 τοῦ
1143 2488 1327 2544 αὑτοῦ.

386 2579 518 2647 ῼΔΗ
540 2586 609 2633 α’.
640 2577 812 2651 *Ηχος
840 2582 930 2637 πλ.
967 2583 1029 2637 δ’.
1075 2582 1487 2654 Ἀρματηλάτην
1524 2581 1744 2656 Φαραώ.

364 2755 476 2806 Οὐκ
518 2755 860 2824 ἀνθρωπίνης
913 2772 973 2809 το
1027 2771 1199 2824 παρον
1255 2754 1560 2824 εγχείρημα
1616 2755 1851 2826 σπουδῆς

286 2846 638 2917 κατόρθιιιμα,
670 2847 781 2899 ἀλλ’
813 2848 846 2917 ἡ
874 2846 967 2900 τοῦ
1003 2846 1095 2900 σοῦ
1127 2846 1314 2917 θρόνου
1343 2847 1630 2917 πάρεδρος,
1660 2846 1851 2915 φιλάν-

288 2939 497 3008 θρωπε,
530 2938 686 3006 σοφία
720 2938 1044 3007 συνεργείτω
1088 2955 1198 3007 μοι,
1233 2938 1389 3005 λόγου
1430 2938 1586 3008 χάριν
1615 2937 1850 3003 διδοῦσα,

285 3034 356 3088 δι’
384 3030 452 3105 ἧς
488 3030 705 3095 δοξάσαι
741 3031 1057 3100 δυνήσομαι,
1108 3028 1202 3092 οὓς
1232 3029 1369 3101 αὑτὴ
1419 3029 1595 3093 καλῶς
1628 3031 1851 3102 προεδό-

286 3128 474 3192 ξασεν.

389 3216 596 3287 Ὠσπερ
650 3212 861 3286 κρατὴρ
913 3212 1265 3285 ὕπερερῤύη,
1322 3214 1584 3279 Δέσποτα,
1629 3217 1663 3287 ἡ
1716 3216 1853 3285 ἀγα-

286 3306 449 3374 θότης
475 3322 585 3358 σου·
615 3306 707 3358 καὶ
747 3306 775 3357 6
828 3304 994 3366 πολὺς
1047 3304 1272 3367 πλοῦτος
1303 3306 1402 3374 τῆς
1446 3306 1852 3376 φιλανθρωπίας

286 3415 382 3450 σου
413 3398 651 3465 ἐκχεῖται
691 3396 784 3448 καὶ
812 3394 1112 3459 διώδευσεν,
1139 3396 1214 3458 ὡς
1250 3397 1343 3450 καὶ
1366 3396 1555 3459 ἄλλους
1587 3397 1851 3464 ἀγγέλους

286 3488 430 3562 μετὰ
460 3489 657 3560 σαρκὸς
689 3487 1116 3561 ὑποστήσασθαι,
1144 3488 1269 3553 τοὺς
1315 3488 1411 3542 νῦν
1458 3488 1852 3561 προκειμένους

283 3584 366 3646 είς
398 3580 635 3635 ἔπαινον.

370 3673 460 3738 Ἐξ
485 3672 713 3743 οὐρανοῦ
754 3677 865 3737 τοῖς
891 3673 1165 3745 οὐρανίοις
1193 3672 1398 3746 ἔπρεπε
1440 3675 1535 3729 καὶ
1574 3674 1642 3729 τὰ
1682 3673 1851 3744 ἐγκώ-

286 3780 408 3833 μια,
437 3763 722 3830 ἀγγελικὸς
753 3762 919 3833 ὕμνος
945 3767 1056 3827 τοῖς
1083 3764 1246 3829 θείοις
1274 3765 1546 3837 ἁρμόδιος.
1578 3766 1703 3819 Θεοὶ
1742 3766 1851 3837 γὰρ

281 3854 430 3909 κατὰ
467 3854 679 3924 μέθεξιν
720 3857 769 3907 οἱ
805 3856 896 3907 τὸν
928 3855 1084 3922 φύσει
1117 3859 1207 3910 καὶ
1238 3858 1397 3926 μόνον
1443 3858 1694 3928 ἀληθινὸν
1716 3858 1850 3912 Θεὸν

284 3946 543 4018 ἔχοντες,⁸
564 3945 741 4010 ζῶντα
768 3946 824 3998 ὲν
850 3946 1029 4010 αὐτοῖς
1058 3947 1150 3999 καὶ
1179 3947 1565 4018 φθεγγόμενον.
1598 3966 1619 4000 ι
1662 3947 1852 4002 Θεοτὸ-

282 4056 425 4093 κιον.

355 4132 591 4202 Μνήμην
624 4131 846 4185 δικαίων
889 4133 918 4185 6
960 4130 1201 4203 θεόφρων
1227 4131 1482 4201 σύλλογος
1526 4133 1642 4205 μετ’
1674 4134 1850 4203 ἐγκω-

287 4223 427 4294 μίων
453 4223 616 4284 τελεῖ,
648 4218 774 4292 οἷςή
808 4221 940 4276 Θεοῦ
957 4223 1172 4293 Μήτηρ,
1204 4222 1281 4287 ὡς
1317 4223 1497 4277 αὐτῶν
1527 4224 1844 4292 κεφάλαιον,

284 4311 511 4374 εἰκότως
549 4309 943 4374 συνδοξαζεται,
986 4311 1295 4365 τελευταίαν
1339 4312 1433 4364 καὶ
1475 4310 1696 4383 πρώτην
1750 4312 1849 4367 κα)⁸

288 4402 463 4472 μέσην
517 4399 669 4465 τάξιν
722 4400 1019 4470 ἐπέχουσα,
1081 4401 1176 4454 καὶ
1225 4401 1326 4472 τῆς
1374 4402 1649 4473 εὐφημίας
1716 4418 1848 4473 μετ-

283 4496 503 4565 έχουσα.
1500 4494 1841 4552 Καταδασία.

354 4588 599 4659 Χέρσον,
654 4586 1042 4651 ἁόυσσοτόκον,
1101 4586 1261 4641 πέδον
1314 4584 1465 4656 ἥλιος
1512 4584 1843 4639 ἑπεπόλευσέ

282 4695 435 4732 ποτε⁵
467 4677 597 4731 ὡσεὶ
626 4680 803 4748 τεῖχος
825 4676 934 4749 γὰρ
975 4676 1152 4747 ἐπάγη
1176 4676 1510 4746 ἑκατέρωθεν
1546 4674 1689 4746 ὕδωρ
1733 4675 1848 4747 λαῷ

281 4769 671 4841 πεζοποροῦντι
722 4768 815 4823 καὶ⁸
868 4766 1175 4839 θεαρέστως
1228 4766 1503 4838 μέλποντι·
1544 4785 1563 4819 ι
1591 4767 1847 4838 ’ᾼσωμεν

279 4861 363 4933 τῷ
393 4861 580 4932 Κυρίῳ
601 4861 823 4929 ἐνδόξως
849 4860 955 4931 γὰρ
980 4858 1311 4926 δεδόξασται.
1342 4878 1364 4915 ι

1953 1966 2133 2019 stodes
2182 1980 2590 2036 assertoresque
2624 1972 3063 2040 communitatis;
3102 1974 3222 2028 ideo
3255 1983 3309 2029 et
3363 1989 3514 2028 com-

1954 2057 2098 2109 muni
2129 2058 2281 2111 laudc
2301 2070 2580 2114 ornentur.
2630 2060 2867 2116 Mariale.

2037 2154 2341 2205 —unuunis
2396 2156 2464 2207 ab
2508 2157 2653 2208 omni
2691 2156 2831 2220 labe,
2867 2164 2937 2219 te,
2973 2169 3256 2209 commune
3310 2167 3513 2213 natura:

1954 2247 2152 2292 nostra:
2182 2239 2366 2303 decus,
2436 2244 2770 2299 celebramus
2821 2259 3030 2308 omnes,
3079 2245 3279 2299 labium
3337 2247 3511 2302 επιβοιὶ

1957 2340 2149 2394 unum,
2177 2344 2449 2399 unumque
2479 2345 2799 2388 concentum
2834 2336 3193 2403 perlicientes.

2245 2421 2448 2476 ALIUS
2487 2424 2715 2478 (IANON
2766 2425 3203 2482 SANCTOIRUM.

2509 2510 2654 2580 Opus
2698 2511 2958 2578 ejusdem.

1954 2594 2077 2651 172.
2128 2595 2263 2652 0οΕ
2297 2598 2346 2651 Ι.
2387 2598 2569 2653 Tonus
2621 2602 2868 2669 obliquus
2937 2604 3009 2669 4,
3067 2605 3205 2660 sicut
3248 2608 3513 2680 Ἀρματη·

2540 2691 2706 2761 λάτην
2736 2692 2950 2764 Φαραώ.

2026 2779 2262 2836 Conatus
2321 2797 2561 2851 prmsens
2606 2800 2709 2838 non
2763 2794 2846 2838 est
2908 2788 3156 2843 humana:
3220 2790 3509 2859 diligentia:

1951 2883 2107 2931 opus.
2138 2870 2337 2935 Quare,
2369 2889 2402 2926 o
2445 2874 2695 2945 benigne,
2726 2876 2839 2931 sedi
2890 2887 2997 2933 tua:
3028 2879 3274 2935 assidens
3299 2882 3514 2951 sapien-

1955 2959 2024 3012 tia
2056 2959 2131 3029 (a)
2166 2962 2293 3014 mihi
2327 2976 2523 3029 praesto
2552 2966 2645 3027 sit,
2677 2974 2731 3019 et
2780 2970 3083 3036 suppeditet
3111 2972 3341 3041 gratiam
3392 2989 3511 3028 ser-

1956 3052 2153 3112 monis,
2175 3062 2253 3117 ut,
2282 3068 2418 3123 quos
2444 3056 2558 3122 ipsa
2593 3057 2846 3125 pra-clare
2872 3070 2998 3113 ante
3025 3060 3365 3130 gloriﬁcavit,
3398 3081 3515 3121 eos-

1874 3178 1919 3238 c
1955 3140 2074 3194 dem
2114 3141 2419 3211 gloriﬁcare
2455 3145 2680 3198 valeam.

2027 3231 2248 3287 Bonitas
2312 3244 2400 3288 tua
2432 3275 2447 3298 ,
2508 3236 2770 3301 Domine,
2823 3254 2927 3293 non
2981 3240 3139 3296 aliter
3195 3245 3515 3302 redundavit

1954 3338 2018 3379 ae
2038 3335 2217 3381 crater
2251 3345 2265 3381 :
2298 3337 2352 3383 et
2378 3329 2581 3383 divitia:
2616 3331 2795 3385 multa:
2827 3332 3170 3403 benignitatis
3198 3346 3301 3391 tua:
3328 3337 3512 3393 eﬂ‘usa

1955 3423 2123 3477 sunt,
2154 3429 2326 3485 eoque
2383 3431 2789 3487 pervenerunt,
2823 3430 2881 3475 ut
2934 3432 2988 3477 et
3035 3425 3169 3480 alios
3204 3429 3512 3484 condideris

1954 3504 2008 3557 in
2047 3518 2212 3561 carne
2268 3507 2485 3578 angelos
2512 3548 2527 3574 ,
2566 3511 2658 3579 qui
2694 3526 2835 3567 nunc
2886 3511 3138 3571 laudandi
3196 3533 3513 3589 proponun-

1957 3603 2063 3649 tur.

2033 3685 2291 3744 leestes
2353 3691 2592 3746 coalestia
2670 3695 2862 3749 decent
2925 3700 3229 3765 praeconia;
3282 3701 3515 3771 hymnus

1954 3778 2227 3848 angelicus
2281 3780 2478 3836 divinis
2535 3783 2840 3840 hominibus
2890 3789 3156 3855 congruit.
3236 3791 3371 3849 Nam
3419 3798 3511 3866 qui

1954 3878 2148 3922 natura
2184 3884 2348 3923 unum
2379 3886 2566 3927 verum
2598 3873 2762 3929 Deum
2820 3876 3017 3934 habent
3060 3892 3117 3937 et
3147 3883 3417 3941 viventem
3452 3890 3504 3943 in

1951 3972 2012 4012 se
2052 3967 2108 4013 et
2160 3958 2508 4031 loquentem,
2562 3964 2638 4020 illi
2694 3982 2790 4038 per
2836 3973 3381 4030 communicationem
3435 3979 3512 4033 dii

1950 4058 2097 4106 sunt.
2149 4049 2387 4109 Mariale.

2018 4139 2152 4196 Pius
2172 4154 2344 4198 costus
2398 4158 2522 4199 cum
2552 4148 2820 4214 praeconio
2865 4150 2975 4216 agit
3010 4156 3318 4211 memoriam
3343 4157 3514 4229 justo-

1948 4247 2092 4297 rum,
2116 4235 2434 4302 quibuscum
2469 4237 2561 4293 Dei
2592 4237 2783 4303 Mater,
2840 4250 3090 4313 tanquam
3123 4246 3358 4316 ipsorum
3420 4268 3513 4307 ca-

1950 4334 2068 4409 put,
2102 4326 2298 4381 merito
2330 4326 2687 4398 gloriﬁcatur,
2723 4331 2950 4400 primum
2980 4336 3321 4409 mediumque
3352 4345 3502 4396 ordi-

1952 4408 2073 4471 nem
2100 4431 2373 4488 occupans
2400 4426 2455 4475 et
2488 4418 2671 4491 gloria:
2701 4422 2992 4494 particeps.
3198 4408 3506 4487 Catabasia.

2027 4594 2209 4651 Solum
2254 4597 2436 4654 sterile
2475 4608 2530 4655 et
2578 4601 2879 4670 incultum,
2936 4603 3115 4660 locum
3170 4608 3369 4679 abyssi.
3429 4614 3511 4669 sol

1955 4686 2244 4757 aliquando
2292 4697 2354 4743 ut
2405 4704 2653 4759 campum
2707 4693 2960 4748 lustravit
3015 4713 3029 4749 :
3076 4700 3275 4754 etenim
3340 4702 3512 4760 instar

1956 4779 2094 4834 muri
2136 4780 2286 4835 stetit
2313 4796 2451 4850 aqua
2482 4784 2754 4852 utrinque,
2797 4786 2966 4840 donec
3004 4790 3232 4858 populus
3276 4794 3504 4862 pedibus

1952 4874 2310 4941 pertransiret
2361 4889 2550 4943 mare,
2582 4884 2638 4929 et
2684 4890 2751 4931 ex
2803 4877 2984 4933 divino
3029 4893 3295 4953 praecepto
3342 4900 3509 4942 cane-

1949 4971 2033 5017 ret
2062 4981 2076 5017 :
2116 4982 2134 5015 ι
2166 4965 2460 5021 Cantemus
2496 4966 2761 5023 Domino:
2790 4969 3022 5039 gloriose
3054 4974 3196 5030 enim
3241 4974 3512 5046 gloriﬁca-

1951 5059 2037 5108 tus
2065 5064 2148 5108 est
2178 5055 2271 5126 (ὁ).
2309 5073 2329 5107 ι

356 5171 476 5227 Πὸ.
512 5170 687 5225 Count.
717 5165 845 5221 Post
872 5163 1200 5247 elatabasiam
1230 5164 1455 5233 primam
1494 5179 1789 5246 secu'noum
1822 5179 2170 5247 numerorum
2197 5167 2478 5247 ordinem,
2519 5170 2670 5247 sequi
2720 5171 2938 5247 deberet
2975 5174 3076 5228 ode
3113 5175 3149 5229 2
3180 5191 3195 5239 ;
3223 5177 3337 5241 sed,
3373 5181 3500 5247 quin

280 5245 398 5299 haec
424 5242 651 5294 sumitur
674 5254 767 5303 per
796 5238 1039 5289 ordinem
1065 5232 1321 5287 feriarum
1347 5249 1413 5287 ex
1437 5236 1662 5287 canticis
1695 5250 1864 5289 sacrae
1898 5235 2213 5304 Scripturze,
2247 5246 2306 5290 ut
2327 5238 2435 5290 dixi
2466 5238 2517 5291 in
2554 5232 2935 5296 dissertatione
2960 5232 3301 5300 ouomas'tica
3325 5232 3493 5301 'num.

286 5313 370 5376 l7,
412 5325 475 5365 ea
512 5308 774 5378 praeterita
791 5318 1066 5384 canonum
1104 5314 1353 5384 auctores
1392 5318 1607 5384 δωρει-
1648 5312 1925 5384 transeant
1963 5306 2030 5384 ad
2072 5303 2222 5384 oden_
2249 5305 2304 5369 5,
2343 5321 2462 5374 qua!
2503 5312 2865 5384 pratermisso
2917 5313 3200 5384 manifeste
3232 5328 3381 5384 patet
3434 5334 3502 5372 ex

279 5371 580 5434 raitonibus
603 5372 1214 5455 acrosticliicis,_qualis
1238 5374 1290 5426 in
1318 5374 1417 5429 hoc
1454 5371 1629 5427 ollicio
1658 5383 1741 5429 est
1785 5374 2051 5430 secundus
2082 5391 2097 5427 :
2134 5374 2225 5445 qui
2258 5371 2894 5434 (ultiones—continuantur
2930 5382 3117 5438 eodem
3168 5371 3389 5455 seluper
3414 5371 3505 5443 or;

278 5453 428 5517 dine,
452 5463 559 5519 quo
586 5461 745 5516 supra
779 5444 879 5499 hoc
909 5443 1087 5496 modo.

944 5533 1074 5608 om
1109 5532 1187 5588 rv.

348 5627 655 5699 Στερὲωσον
695 5627 839 5690 υμᾶς
866 5626 923 5679 ὲν
950 5624 1053 5691 σοὶ,
1092 5621 1283 5697 Κύριε,
1324 5623 1353 5677 6
1387 5621 1527 5694 ξύλῳ
1559 5623 1839 5695 νεκρώσας

353 5805 431 5875 (ιι)
463 5803 590 5873 Sap.
626 5819 700 5869 Ix,
730 5827 762 5854 ιι

2023 5624 2287 5681 Coulirma
2342 5642 2442 5683 nos
2484 5628 2539 5684 in
2585 5537 2937 5703 ιὲῡξοιέίιιε,
2965 5635 3057 5706 ιιιιί
3098 5634 3245 5707 ligno
3273 5635 3507 5694 interfo-

2015 5795 2089 5868 (b)
2112 5797 2279 5856 Exod.
2313 5814 2403 5859 xv.
2437 5800 2488 5855 ι.
