4058 6474
535 422 715 464 εεεινι

1877 410 2405 469 PROLEGOMENA.

535 518 657 576 cisti
684 527 979 591 peccatum.
1006 528 1061 572 ct
1104 520 1181 573 tui
1211 521 1457 574 timorem
1489 521 1713 574 immitte
1744 524 1795 574 in
1827 534 2012 578 nostra
2045 533 2089 578 te

2198 524 2292 593 τὴν
2323 521 2615 595 ἁμαρτίαν·
2642 525 2733 573 καὶ
2774 520 2862 574 τὸν
2893 521 3054 588 φόϐον
3086 540 3178 577 σου
3203 520 3542 594 ὲμφύτευσον
3576 527 3656 589 εἰς
3680 528 3779 593 ti;

534 610 864 667 laudantium
895 613 1216 679 pnecordia.

604 704 774 768 Qttem
835 702 1088 773 peperisti
1138 702 1352 769 Deum‘,
1404 705 1755 768 intemerata,
1818 714 1961 759 nunc
2007 716 2095 759 tua

530 809 692 865 prece
721 804 775 848 et
796 793 1171 850 obsecratione
1196 795 1355 848 redde
1393 795 1681 866 propitium
1726 795 2090 863 supplicibus,

520 900 591 939 se
618 884 957 940 tradentibus
986 888 1037 939 in
1071 895 1214 939 tuam
1249 886 1492 954 tutelam,
1522 896 1579 942 et
1616 886 1849 943 tideliter
1877 902 2092 959 partum

530 983 681 1028 tuum
710 975 1082 1032 adorantibus.
1668 974 1669 977 “

600 1064 778 1122 Vitam
835 1082 1005 1121 meam
1058 1076 1226 1122 totam
1280 1070 1495 1137 dirige,
1537 1067 1743 1139 Virgo,
1794 1082 1919 1139 spes
1978 1079 2092 1119 mea

529 1170 691 1230 atque
708 1160 986 1227 defensio;
1025 1164 1413 1219 tentationibus
1442 1174 1496 1219 et
1532 1162 1947 1220 necessitatibus
1964 1175 2095 1215 erue

527 1267 614 1307 me
648 1252 923 1322 gravibus,
960 1269 1175 1326 semper
1206 1254 1387 1325 Virgo.

600 1342 691 1398 Dei
730 1342 995 1411 Genitrix,
1050 1363 1169 1416 quae
1201 1350 1305 1402 tuis
1351 1347 1494 1403 ulnis
1518 1364 1645 1405 vere
1696 1346 1923 1419 portasti
1957 1344 2089 1398 sub.

543 1436 826 1491 sistentem
860 1436 952 1491 Dei
989 1437 1331 1506 sapientiam,
1355 1450 1477 1510 pete
1516 1441 1741 1496 famulos
1776 1451 1894 1495 tuos
1941 1437 2093 1507 igno-

526 1526 703 1581 rantia
734 1538 791 1583 et
810 1545 997 1584 errore
1032 1530 1283 1585 liberari.-

597 1617 720 1673 m.
774 1618 945 1674 Alius.
1001 1618 1155 1675 Sicut
1213 1619 1303 1675 Ἐν
1336 1622 1532 1689 ’πέτρᾳ
1582 1632 1647 1685 με
1690 1613 1790 1683 τῆς
1854 1612 2093 1676 πίστεως

523 1710 887 1782 ἐστερέωσας.
1672 1778 1673 1781 η

607 1813 745 1855 ’2οη
784 1815 946 1872 parva
981 1800 1233 1857 Ecclesia:
1261 1796 1505 1861 buccina,
1538 1795 1751 1849 lucerna
1786 1794 2090 1848 illutninans

2206 612 2431 678 καρδίας
2469 609 2623 680 ἡμῶν
2645 610 2750 662 τῶν
2780 609 3086 682 ὑμνούντων
3114 630 3191 665 σε.

2278 699 2600 771 Πρεσϐείαις
2666 714 2780 761 σου,
2823 700 3010 770 Ἀγνὴ,
3048 699 3200 764 Θεὸν,
3256 703 3315 757 δν
3365 704 3569 766 ἔτεκες,
3603 706 3780 776 παρά-

2207 802 2331 857 σχου
2366 789 2607 841 εὺῖλατον
2634 789 2745 851 τοῖς
2772 790 2995 853 ἱκέταις,
3017 790 3127 851 τοῖς
3153 792 3544 864 προστρέχουσι
3572 797 3639 863 τῇ
3658 795 3781 847 σκέ-

2205 895 2282 953 πῃ
2305 897 2419 945 σου,
2448 880 2542 933 καὶ
2582 879 2785 943 πιστῶς
2835 880 3197 953 προσκυνοῦσί
3238 900 3330 937 σου
3369 887 3466 956 τὴν
3495 884 3687 955 κύησιν

2274 1057 2441 1131 Ὅλην
2497 1076 2597 1131 μου
2638 1058 2738 1129 τὴν
2796 1058 2940 1131 ζωὴν
2989 1059 3458 1131 διακυῧέρνησον,
3503 1060 3769 1132 Παρθένε,

2200 1146 2355 1213 ἐλπίς
2398 1168 2497 1221 μου
2537 1148 2633 1203 καὶ
2670 1152 2994 1221 προστασία·
3041 1150 3364 1220 πειρασμῶν
3402 1155 3495 1207 καὶ
3518 1152 3773 1226 περιστά·

2202 1256 2339 1293 σεων
2369 1242 2705 1313 λυτρουμένη
2726 1241 2916 1296 δεινῶν
2942 1261 3030 1314 με,
3059 1240 3404 1313 άειπάροενε.

2272 1332 2470 1403 Σοφίαν
2501 1332 2595 1389 τοῦ
2641 1332 2776 1385 Θεοῦ
2814 1334 2913 1404 τὴν
2950 1336 3309 1389 ὲνυπόστατον
3368 1338 3639 1403 ἀγκάλαις
3694 1336 3770 1399 ὡς

2201 1423 2722 1494 φέρουσα,Θεοτόκε,
2767 1426 2827 1489 ἐξ
2859 1426 3082 1493 ἀγνοίας
3111 1427 3204 1479 καὶ
3231 1424 3544 1497 πλανήσεως
3561 1430 3770 1500 λυτρω-

2200 1515 2358 1586 Θῆναι
2384 1520 2511 1582 τοὺς
2539 1516 2840 1588 ὖμνοῦντάς
2879 1533 2938 1570 σε
2972 1519 3194 1575 ἱκέτευε.

2271 1606 2481 1671 Ἄλλος.
2562 1610 2649 1662 Ἐν
2707 1609 2883 1681 πέτρᾳ
2936 1626 3003 1680 με
3060 1611 3158 1679 τῆς
3222 1610 3455 1672 πίστεως
3504 1614 3768 1683 ἐστερέω-

2200 1714 2315 1759 σας.

2283 1799 2336 1843 ,τε
2390 1788 2673 1859 σάλπιγξὴ
2722 1792 2934 1863 μεγάλη
2970 1793 3068 1861 τῆς
3116 1791 3460 1863 Ἑκκλησίας,
3501 1794 3531 1844 6
3579 1792 3770 1863 λύχνος

521 1891 728 1955 orbem,
753 1906 927 1960 preco
967 1906 1154 1944 omnes
1185 1888 1366 1940 mundi
1414 1886 1547 1939 lines
1571 1903 1703 1939 vocc
1730 1884 2085 1949 comprehen-

2189 1879 2216 1931 ὁ
2247 1877 2498 1947 φωτίζων
2514 1878 2611 1950 τὴν
2634 1882 2978 1952 οἰκουμένην,
3002 1884 3031 1936 6
3055 1881 3227 1954 κῆρυξ
3247 1883 3276 1935 6
3307 1880 3384 1951 τῷ
3414 1881 3639 1951 φθόγγῳ
3670 1900 3770 1935 πε-

522 1978 677 2043 dens,
711 1977 882 2046 Magni
912 1975 1126 2030 nomine
1159 1974 1448 2046 insignitus
1469 1976 1693 2029 Basilius
1723 1975 1866 2026 hunc
1888 1981 2085 2025 ωιιυιιι

519 2077 798 2122 οοηνοοιι

603 2160 882 2215 —llustris
910 2159 1018 2215 vita
1049 2170 1103 2215 et
1133 2160 1293 2215 rebus
1330 2158 1517 2229 gestis,
1554 2154 1779 2210 illustris
1836 2153 2084 2227 facundia
2174 2197 2178 2200 ‹

519 2261 576 2307 et
602 2252 964 2317 documentis,
994 2267 1183 2305 omnes
1205 2249 1353 2302 omni
1382 2261 1446 2300 ex
1492 2253 1644 2317 patte
1668 2245 1808 2300 sicut
1845 2246 1924 2299 sol
1954 2246 2085 2298 alias

519 2345 702 2400 stellas
723 2357 1083 2413 exsuperans,
1109 2341 1279 2394 multa
1321 2339 1479 2393 laude
1525 2338 1831 2393 cumulatus
1883 2336 2086 2390 theolo-

518 2450 642 2501 gus,
669 2434 929 2488 hodierna
965 2432 1051 2487 die
1084 2432 1274 2487 beatus
1297 2430 1640 2501 praedicatur.

600 2524 811 2580 actius
862 2524 1041 2577 mundi
1073 2524 1253 2577 lumen
1292 2537 1420 2577 ecce
1463 2524 1661 2576 mundo
1711 2521 1805 2575 toti
1840 2528 2082 2576 ostendi-

521 2624 641 2677 tur;
677 2628 805 2670 ecce
832 2614 913 2669 sal
946 2624 1103 2669 teme
1129 2624 1328 2669 terram
1354 2612 1539 2669 condit
1567 2632 1581 2667 :
1610 2628 1741 2668 ecce
1770 2612 1969 2683 lignum
2003 2611 2085 2666 vi-

520 2717 610 2770 tae,
636 2721 764 2759 ecce
794 2704 1219 2759 immortalitatis
1249 2704 1457 2758 fructus
1480 2703 1707 2758 effundit
1747 2712 1966 2758 sanctus
1992 2718 2088 2755 au-

520 2810 665 2849 reus.
694 2795 796 2862 Qui
833 2795 969 2861 mori
1022 2810 1128 2849 ιιοιι
1183 2796 1342 2849 vultis
1361 2835 1377 2859 ,
1406 2797 1511 2849 huc
1536 2797 1740 2855 adeste,
1770 2803 1825 2845 et
1860 2793 2087 2847 delicias

514 2885 717 2951 Capite.
1836 2880 2082 2934 Mariale,

603 2986 655 3027 >
684 2971 949 3041 principio
991 2985 1083 3041 qut
1133 2979 1342 3025 creant
1371 2971 1550 3025 omnia
1581 2966 1699 3040 quae
1739 2981 1885 3034 sunt,
1919 2986 1988 3025 es
2021 2971 2086 3023 iis

514 3081 634 3133 quae
681 3080 785 3119 non
829 3073 982 3120 erant
1007 3102 1023 3127 ,
1072 3071 1127 3117 et
1151 3064 1241 3133 qui
1272 3077 1427 3117 suam
1467 3064 1662 3133 cuique
1699 3063 1775 3118 rei
1832 3072 2082 3115 naturam

513 3157 699 3218 dedit,
736 3156 891 3212 datas
944 3164 1171 3210 naturas
1220 3155 1371 3210 novit
1424 3164 1634 3209 mutare
1676 3164 1735 3208 ut
1770 3152 1932 3217 vult;
1983 3168 2083 3206 un-

2191 1970 2535 2042 ριλαμσάνων
2567 1972 2746 2024 πάντα
2787 1973 2855 2027 τὰ
2898 1975 3125 2045 πέρατα,
3160 1977 3190 2028 6
3218 1974 3603 2046 μεγαλώνυμος
3633 1991 3768 2044 συγ-

2186 2065 2373 2134 κροτεῖ
2397 2062 2494 2134 τὴν
2523 2062 2741 2127 σύναξιν
2774 2066 2977 2136 ταύτην
3010 2065 3311 2129 Βασίλειος.

2273 2164 2323 2205 >
2343 2151 2562 2224 αμπρδς
2589 2152 2697 2207 ἀπὸ
2732 2154 2825 2209 τοῦ
2849 2156 2964 2225 βίου
2987 2157 3080 2209 καὶ
3104 2158 3210 2209 τῶν
3236 2160 3595 2229 πραγμάτων,
3623 2160 3768 2229 λαμ-

2187 2243 2325 2312 πρὸς
2360 2246 2469 2298 ἀπὸ
2516 2245 2609 2300 τοῦ
2658 2247 2814 2315 λόγου
2849 2247 2942 2299 καὶ
2985 2246 3093 2300 τῶν
3141 2249 3447 2318 δογμάτων,
3484 2251 3542 2302 ὲν
3598 2253 3765 2304 πᾶσιν

2186 2331 2562 2406 ὑπερλάμπων
2596 2338 2800 2399 πάντας
2827 2335 2902 2399 ὡς
2927 2337 3120 2401 ἄλλους
3157 2339 3390 2410 ἀστέρας
3418 2340 3590 2411 ἥλιος,
3620 2342 3650 2394 6
3672 2359 3761 2394 πο-

2185 2422 2489 2494 λυύμνητος
2522 2426 2780 2493 Θεολόγος
2813 2427 3049 2498 σήμερον
3085 2427 3466 2499 μακαρίζεται.

2272 2514 2433 2568 -δοὺ
2468 2514 2528 2567 τὸ
2553 2514 2666 2582 φῶς
2698 2514 2792 2568 τοῦ
2819 2515 3023 2587 κόσμου
3056 2516 3134 2587 τῷ
3186 2518 3376 2588 κόσμῳ
3422 2518 3619 2587 φαίνει·
3656 2517 3765 2570 ίδοὺ

2188 2606 2289 2679 τῆς
2321 2608 2425 2678 γῆς
2450 2607 2510 2660 τὸ
2533 2607 2665 2671 ἅλας
2687 2608 2786 2679 τὴν
2818 2608 2921 2678 γῆν
2948 2608 3147 2679 ἡδύνει·
3177 2610 3287 2663 ίδοὺ
3313 2611 3375 2664 τὸ
3403 2610 3547 2683 ζωῆς
3586 2610 3761 2677 ξύλον·

2187 2700 2486 2763 ἀθανασίας
2512 2700 2755 2772 καρποὺς
2790 2699 3149 2771 προϐάλλεται
3171 2702 3200 2754 6
3225 2700 3456 2774 χρυσοῦς
3490 2703 3664 2771 ἅγιος.
3696 2704 3765 2758 Ol

2189 2791 2371 2844 Θανεῖν
2398 2790 2472 2862 μὴ
2493 2791 2756 2856 θέλοντες,
2778 2790 2954 2857 δεῦτε,
2978 2792 3315 2865 τρυφήσατε.
3460 2794 3763 2848 Θεοτόκιον.

2280 2977 2329 3018 c
2354 2965 2550 3017 -πάντα
2596 2967 2661 3018 ἑκ
2708 2966 2781 3036 μὴ
2820 2967 2987 3021 ὄντων
3019 2970 3146 3022 ὄντα
3178 2971 3428 3039 ποιήσας,
3483 2970 3577 3023 καὶ
3605 2966 3767 3036 φύσιν

2186 3054 2309 3118 δοὺς
2337 3054 2554 3125 ἑκάστῳ
2574 3056 2681 3108 τῶν
2720 3060 3045 3127 γενομένων,
3077 3060 3235 3123 αὐτὸς
3268 3062 3362 3113 καὶ
3392 3060 3490 3123 τὰς
3519 3060 3766 3123 δοθείσας

2174 3142 2381 3214 φύσεις
2424 3143 2672 3215 ἀμείϐειν
2717 3141 2877 3227 οἶδεν,
2904 3147 2977 3208 ὡς
3030 3148 3299 3218 βούλεται·
3338 3149 3461 3202 ὅθεν
3510 3150 3769 3204 ἁκουεται

512 3253 581 3303 de
642 3249 858 3303 auditur
916 3259 975 3304 et
1036 3248 1200 3320 Virgo
1258 3263 1476 3320 parens.
1538 3247 1671 3316 Quis
1742 3262 1864 3303 non-
1920 3248 2086 3301 mire-

2191 3238 2288 3291 καὶ
2303 3238 2574 3311 Παρθένος
2603 3224 2878 3295 τίκτουσα.
2902 3239 2999 3305 Τίς
3024 3241 3084 3293 οὐ
3114 3238 3480 3311 θαυμάζεταις

516 3350 601 3395 ωι·
622 3340 646 3394 τ

590 3434 772 3490 (ὶοιηι.
799 3431 971 3490 'l‘ertii
995 3434 1223 3488 canonis
1252 3448 1358 3488 non
1400 3433 1744 3487 acrostichici
1771 3447 1895 3502 pars
1935 3432 2103 3486 altera
2126 3432 2206 3487 sic
2238 3443 2591 3503 prmnotatur.

584 3526 756 3579 Alius.
811 3524 1019 3579 Sicut6
1056 3522 1362 3594 στερεώσας
1414 3525 1538 3577 κατ’
1592 3525 1769 3597 ἀρχάς
1814 3522 1943 3588 τοὺς
1998 3523 2087 3577 96-

517 3614 734 3687 ρανούς.

586 3708 711 3764 ηδ.
758 3706 1149 3763 Emendatores
1195 3721 1428 3776 morum,
1477 3707 1887 3779 animorumque
1938 3721 2089 3765 (eco-

521 3801 666 3856 nomi
701 3817 717 3863 ;
750 3814 1067 3855 communes
1119 3799 1361 3854 omnium
1415 3807 1759 3867 servatores;
1816 3800 2085 3855 factorum

516 3894 893 3961 dictorumque
937 3893 1174 3962 speciem
1207 3892 1363 3948 nobis
1396 3903 1452 3947 et
1477 3894 1753 3965 exemplar
1774 3908 2080 3963 proponen-

516 3993 637 4050 tes;
667 3983 790 4037 vita
820 3985 1193 4041 moderatores
1222 3986 1483 4051 illustres,
1510 3986 1704 4041 illustri
1738 3987 2085 4043 celebrentur

513 4073 784 4131 encomio.

589 4159 827 4227 Spiritus
876 4159 970 4215 Dei
1006 4159 1231 4229 replevit
1284 4158 1541 4217 Basilinm
1576 4165 1802 4221 scientia
1832 4184 1847 4221 :
1876 4183 1940 4221 ex
1983 4166 2083 4221 lin-

514 4250 638 4319 guis
664 4248 930 4304 ﬂammeis
958 4250 1145 4305 habuit
1176 4264 1338 4305 unam
1369 4250 1691 4323 Gregorius,
1721 4264 1778 4310 et
1802 4256 1981 4327 ignem
2006 4273 2091 4311 su-

518 4340 698 4396 blimis
722 4340 924 4409 eloquii
959 4342 1187 4409 spiravit
1222 4363 1235 4398 :
1268 4342 1323 4398 in
1360 4342 1571 4401 Joanne
1596 4358 1778 4401 autem
1805 4363 1868 4403 os
1888 4348 2087 4403 Christi

518 4431 756 4487 locutum
779 4440 880 4485 est.

594 4520 764 4591 Hujus
811 4520 993 4575 saeculi
1049 4519 1334 4576 manifeste
1391 4523 1727 4590 antiquatam
1763 4520 2087 4589 sapientiam

516 4612 621 4666 sibi
652 4613 923 4667 subditam
950 4612 1107 4667 habet
1130 4612 1362 4667 stultitia
1397 4612 1820 4682 pradicationis,
1858 4622 1913 4666 et
1965 4628 2090 4680 per.

517 4706 644 4757 inde
672 4719 738 4758 ac
765 4702 1026 4757 famulam
1057 4704 1382 4759 servientem
1422 4723 1437 4759 :
1470 4718 1595 4759 nam
1629 4704 1804 4774 gratia
1834 4713 2084 4757 oratores

518 4794 778 4849 facundos
806 4794 956 4847 facit.

590 4888 692 4955 Qui
757 4888 998 4955 Virginis
1056 4900 1206 4959 purae
1270 4887 1591 4941 inhabitant
1648 4894 1858 4940 uterum
1895 4923 1913 4949 ,
1960 4886 2090 4941 facit

520 4980 729 5033 animas
760 4978 1087 5032 deiferorum
1118 4986 1433 5034 sanctorum
1458 4976 1789 5033 domicilium
1813 4992 1969 5032 suum
1993 4987 2089 5043 ;‘et

518 5071 733 5124 illorum
762 5084 858 5123 ore
883 5070 1071 5139 pandit
1094 5084 1215 5139 qua:
1243 5079 1468 5123 matrem
1500 5084 1653 5123 suam
1675 5079 1928 5139 spectant
1964 5084 2084 5139 my-

515 5163 707 5217 steria.
1775 5161 2083 5216 Catabasia.

594 5253 1016 5309 Firmamentum
1065 5252 1453 5307 contidentium
1510 5254 1562 5307 in
1612 5266 1684 5316 te,
1723 5252 1967 5316 Domine,
2000 5253 2084 5306 tir-

521 5359 607 5397 ma
654 5343 952 5401 Ecclesiatn
988 5358 1151 5415 quam
1188 5342 1527 5413 acquisiviin
1564 5342 1803 5413 pretioso
1831 5352 1923 5397 tuo
1961 5358 2087 5397 san-

517 5450 699 5502 autne.

593 5526 795 5581 Sessio.
834 5524 1015 5579 Touus
1045 5526 1293 5594 obliquus
1330 5525 1384 5579 ι.
1413 5524 1565 5580 Sicut
1606 5525 1719 5595 Τὴν
1773 5524 1964 5595 σοφίαν
1991 5524 2084 5577 καὶ

514 5617 696 5685 λόγον.

595 5707 713 5761 HG.
748 5706 940 5775 Magna
994 5707 1325 5772 luminaria,
1382 5708 1720 5777 splendorem
1776 5704 2079 5771 all'erentia,

520 5797 812 5867 (irtnasque
849 5796 1101 5851 Ecclesia:
1152 5807 1371 5855 turres.
1409 5795 1753 5852 concorditer
1774 5794 2080 5859 laudemus,

517 5892 613 5955 qui
660 5888 898 5956 pulchris
928 5903 1116 5947 eorum
1147 5898 1510 5947 monumentis
1566 5889 1769 5959 pariter
1792 5902 1855 5943 ac
1909 5897 2081 5958 gratia

1841 4793 2080 4848 Mariale.
2116 4785 2165 4845 Ι)
2192 4797 2387 4863 σοφοὺς
2406 4795 2769 4867 προϐάλλεται
2804 4798 3063 4868 ῥήτορας.

2289 3526 2499 3590 Ἄλλος.
2574 3529 2633 3581 '0
2687 3530 2995 3601 περεώσας
3053 3533 3174 3587 κατ’
3221 3532 3396 3604 ἀρχὰς
3429 3538 3554 3599 τοὺς
3603 3537 3761 3607 οὖρα·

2257 3615 2332 3669 υς.

2189 3633 2332 3680 νους.

2258 3710 2323 3761 Oi
2339 3707 2469 3781 qrth
2488 3706 2636 3779 ἠθῶν
2652 3712 2938 3784 διορθωταὶ
2954 3714 3048 3767 καὶ
3078 3714 3188 3769 τῶν
3231 3713 3419 3784 ψυχῶν
3470 3719 3766 3787 οἰκονόμοι,

2186 3799 2237 3851 οί
2273 3801 2518 3872 σωτῆρες
2548 3803 2597 3855 οί
2648 3804 2818 3857 κοινοὶ
2848 3803 2957 3856 τῶν
2990 3804 3270 3867 ἁπάντων,
3308 3805 3358 3856 οί
3392 3806 3485 3857 καὶ
3514 3806 3767 3875 πράξεων

2188 3892 2319 3962 ἡμῖν
2351 3894 2446 3946 καὶ
2486 3893 2662 3963 λόγων
2697 3895 2896 3959 τόπους
2929 3895 3224 3962 δείξαντες,
3272 3897 3323 3949 οἰ
3356 3896 3643 3950 παιδευταί.
3668 3897 3766 3951 τοῦ

2190 3982 2327 4053 βίου,
2360 3983 2627 4057 λαμπρῶς
2664 3984 3125 4058 εὖφημήσθωσαν.

2260 4157 2485 4229 Πνεῦμα
2548 4158 2683 4213 Θεοῦ
2756 4159 3017 4231 ἐνέπλησε
3085 4159 3363 4213 Βασίλειον
3431 4162 3763 4233 ἐπιστήμης·

2188 4250 2294 4303 τῶν
2320 4252 2561 4322 πυρίνων
2586 4251 2645 4305 δὲ
2677 4251 2937 4318 γλωσσῶν
2962 4251 3088 4322 ἔσχε
3115 4251 3243 4321 μίαν
3271 4254 3299 4305 6
3323 4252 3361 4304 Γ
3367 4252 3643 4324 ρηγόριος.
3672 4256 3767 4307 καὶ⁵

2188 4341 2300 4413 πῦρ
2338 4342 2638 4413 ὑψηγορίας
2658 4344 2968 4398 ἐνέπνευσε·
3002 4345 3065 4397 τὸ
3096 4341 3191 4397 τοῦ
3223 4344 3460 4415 Χριστοῦ
3490 4344 3549 4397 δὲ
3590 4346 3767 4416 στόμα

2186 4434 2244 4484 ὲν
2276 4432 2497 4503 Ἰωάννῃ
2524 4432 2685 4502 ὲλάλη
2693 4450 2804 4485 σεν.

2255 4519 2361 4574 Τοῦ
2408 4521 2502 4574 νῦν
2556 4522 2751 4585 αἰῶνος
2788 4523 2887 4593 τὴν
2943 4526 3127 4591 σαφῶς
3172 4524 3624 4595 καταργουμένην
3681 4541 3770 4577 σο-

2187 4613 2313 4682 φίαν
2342 4613 2375 4683 ή
2397 4613 2577 4683 μωρία
2605 4612 2701 4666 τοῦ
2720 4613 3073 4685 κηρύγματος
3090 4612 3203 4683 ἔχει
3225 4614 3650 4668 ὑποκύπτουσαν
3665 4616 3768 4670 αὺ-

2185 4708 2274 4777 τῇ,
2305 4706 2399 4759 καὶ
2426 4704 2685 4771 δουλικῶς
2707 4706 3099 4778 λατρεύουσαν·
3131 4709 3381 4780 κήρυκας
3414 4706 3575 4779 γὰρὴ
3606 4708 3769 4781 χάρις

3455 4798 3765 4852 Θεοτόκιον.

2274 4888 2334 4941 '0
2363 4887 2422 4940 ἂν
2466 4888 2532 4957 τῇ
2579 4888 2764 4959 μήτρᾳ
2793 4888 2889 4957 τῆς
2921 4888 3093 4959 ἁγνῆς
3135 4889 3567 4959 κατασκηνώσας
3620 4891 3771 4959 Πάρι·

2191 4978 2347 5033 θένου
2403 4978 2499 5042 τὰς
2554 4978 2732 5049 ψυχὰς
2777 4978 2887 5032 τῶν
2933 4980 3207 5051 Θεοφὸρων
3240 4981 3410 5048 ἁγίων
3454 4983 3768 5052 οἰκητήριον

2194 5071 2354 5131 ποιεῖ,
2387 5068 2482 5122 καὶ
2512 5070 2625 5131 τοῖς
2648 5068 2870 5122 ἐκείνων
2894 5070 3125 5141 στόμασι
3149 5069 3217 5123 τὰ
3243 5070 3385 5123 κατὰ
3404 5071 3505 5140 τὴν
3555 5072 3767 5139 μητέρα

2189 5159 2531 5231 δ.ερμηνεύει
2569 5163 2861 5230 μυστήρια.
3420 5162 3762 5216 Καταόασία.

2261 5252 2333 5302 Τὸ
2386 5251 2672 5321 στερέωμα
2728 5253 2832 5303 τῶν
2875 5252 2965 5303 ἐπὶ
3007 5252 3087 5305 σοὶ
3129 5249 3485 5312 πεποιθότων,
3532 5252 3768 5319 στερέω-

2195 5358 2305 5403 σον,
2348 5342 2539 5412 Κύριε,
2566 5343 3021 5415 τὴνῈκκλησίαν,
3047 5344 3112 5412 ἠν
3137 5344 3350 5412 ἐκτήσω
3381 5341 3459 5411 τῷ
3482 5341 3647 5412 τιμίῳ
3673 5357 3770 5394 σου

2193 5432 2401 5503 αἵματι.

2264 5524 2541 5596 Κάθισμα.
2582 5523 2783 5597 Ἶὶχοςὢ
2810 5528 2901 5580 πλ.
2945 5528 3010 5581 δ’.

2191 5614 2367 5681 λόγον.

3065 5528 3206 5598 Πρὸς
3254 5526 3365 5597 Τὴν
3420 5530 3612 5595 σοφίαν
3672 5530 3767 5581 καὶ

2264 5706 2401 5768 Τοὺς
2442 5708 2707 5777 μεγάλους
2750 5712 3042 5782 φωστῆρας
3084 5712 3209 5769 τοὺς
3266 5715 3583 5784 φεραυγεῖς,
3642 5713 3766 5764 Ἐκ-

2193 5794 2418 5864 κλησίας
2450 5799 2574 5860 τοὺς
2608 5797 2846 5868 πύργους
2870 5800 2992 5861 τοὺς
3037 5799 3661 5870 ἀρῤαγεῖ;,·συμ;ριὶ›νως
3682 5800 3767 5851 al-

2187 5886 2455 5957 νέσωμεν,
2494 5892 2543 5942 oi
2582 5890 2689 5943 τῶν
2737 5890 2912 5945 καλῶν
2940 5891 3299 5955 ἀπολαύοντες
3330 5894 3421 5944 καὶ
3452 5892 3559 5945 τῶν
3588 5891 3764 5957 λόγων
