4058 6480
586 393 819 433 (εοινηι

1973 378 2502 435 PROLEGOMENA.

593 510 648 554 et
679 506 855 552 vincat
892 480 1091 551 Christi
1147 496 1379 551 Ecciesia
1408 536 1422 562 ,
1461 504 1610 550 tanto
1639 501 1789 552 dives
1839 510 2130 568 propugna-

2249 498 2545 562 Βασίλειος.
2576 494 2853 569 Θαρσείτω
2879 501 2974 553 καὶ
3010 502 3214 555 νικάτω
3244 504 3276 573 ἢ
3311 504 3545 575 Χριστοῦ
3591 504 3817 573 Ἐκκληι

594 604 729 648 tore.

675 682 891 752 Lingua:
917 680 1164 735 delicium
1212 688 1265 734 et
1304 680 1540 749 cujusvis
1578 680 1792 735 auditus
1842 683 2151 751 jucunditas

591 772 692 825 fuit
731 771 905 825 oratio
966 778 1051 822 tua
1080 809 1095 835 ,
1133 768 1406 837 Gregori;
1464 782 1659 821 manna
1692 768 1825 824 .vitze
1849 808 1864 833 ,
1909 782 1999 822 ros
2036 768 2149 821 dul-

586 865 793 918 cedinis
819 902 833 925 ,
867 860 970 914 mel
1000 860 1066 914 de
1114 870 1265 928 petra
1292 897 1308 920 ,
1342 859 1498 928 panis
1533 860 1773 914 cmlestis
1809 860 2147 928 angelorum,

591 957 853 1009 lectorum
904 952 1143 1006 alliciens
1192 949 1437 1014 animos,
1472 958 1531 1002 ut
1584 958 1674 1003 tua
1727 950 1997 1005 suavitate
2031 964 2151 1005 sese

589 1045 963 1100 insatiabiliter
1013 1042 1381 1111 ingurgitent;
1427 1056 1629 1111 eosque
1669 1042 1945 1111 voluptate
1995 1057 2149 1097 com-

584 1140 754 1208 plens.

656 1228 873 1282 Fluvius
899 1227 1281 1281 charismatum
1329 1222 1584 1291 Spiritus,
1624 1221 2151 1295 Joannes,:repletiis

583 1333 661 1376 est
689 1335 858 1391 usque
884 1322 950 1374 ad
981 1318 1293 1372 elfusionem
1319 1334 1332 1382 ;
1364 1323 1420 1371 et
1456 1314 1737 1385 pulchram
1769 1326 1925 1370 terra:
1954 1316 2145 1371 faciem

580 1412 737 1482 quasi
770 1421 1009 1466 torrente
1050 1407 1341 1477 voluptatis
1379 1422 1446 1462 ex
1476 1421 1570 1461 ore
1602 1407 1793 1474 irrigat
1820 1423 2020 1470 aureo;
2053 1422 2148 1461 ex-

582 1506 819 1559 hilarans
856 1502 1060 1559 Christi
1105 1510 1269 1555 totam
1309 1499 1590 1553 civitatem
1638 1510 1694 1553 et
1737 1498 2145 1568 pinguefaciens

580 1596 778 1664 impetu
806 1593 1110 1647 divinarum
1135 1592 1423 1645 undarum.
1908 1589 2142 1646 Mariale.

646 1768 902 1823 Naturam
967 1768 1263 1836 simplicem
1294 1807 1309 1831 ,
1359 1774 1636 1835 expertem
1694 1767 2139 1836 compositionis,

2250 591 2360 654 σία,
2393 589 2708 660 τηλικοῦτον
2737 591 3087 663 πλουτήσασα
3113 595 3411 664 πρόμαχον.

2320 681 2576 752 Γλώσσης
2611 682 2808 752 τρυφὴ,
2835 686 2927 736 καὶ
2954 683 3123 754 ἀκοῆς
3158 685 3340 756 πάσης
3386 687 3601 758 ἥδυσμα
3651 691 3682 743 ὁ
3733 692 3837 755 σὸς-

2248 772 2405 840 λόγος
2451 774 2684 840 πέφυκε,
2735 774 3019 845 Γρηγόριε’
3057 776 3232 845 μάννα
3281 775 3443 847 ζωῆς,
3473 778 3662 848 δρόσος
3690 784 3821 850 γλυ-

2248 866 2484 936 κασμοῦ,
2514 866 2633 937 μέλι
2658 865 2718 918 τό
2748 867 2811 918 ἐκ
2828 867 3049 938 πέτρας,
3084 868 3331 937 ἀγγέλων
3359 869 3518 939 ἄρτος
3550 873 3819 943 οὐράνιος,

2246 956 2537 1028 ἀπλήστως
2586 957 2942 1028 ἐμφορεῖσθαι
2983 961 3081 1030 τῆς
3139 960 3399 1031 ὴδύτητος
3448 961 3671 1026 πείθων,
3726 965 3821 1017 καὶ

2249 1051 2471 1121 πληρῶν
2505 1049 2701 1121 ἡδονῆς
2720 1051 2847 1113 τοὺς
2880 1051 3225 1121 μετέχοντας.

2327 1223 2387 1275 '0
2438 1224 2681 1293 ποταμὸς
2758 1224 2866 1277 τῶν
2934 1225 3283 1296 χαρισμάτων
3348 1226 3440 1280 τοῦ
3504 1228 3820 1299 Πνεύματος

2246 1313 2558 1386 ἐπληρώθη,
2614 1318 2640 1369 ὁ
2696 1316 2967 1387 Ἰωάννης,
3005 1317 3165 1388 μέχρι
3218 1318 3310 1371 καὶ
3354 1322 3693 1390 προχύσεως·
3726 1322 3820 1375 καὶ

2246 1403 2305 1457 τὸ
2338 1403 2500 1457 καλὸν
2535 1403 2818 1473 πρόσωπον
2842 1406 2939 1475 τῆς
2967 1405 3090 1474 γῆς,
3122 1405 3197 1468 ὡς
3222 1405 3429 1476 τρυφῆς
3463 1406 3813 1477 χειμάρρους,

2245 1495 2353 1550 ἀπὸ
2383 1494 2586 1567 χρυσοῦ
2619 1495 2767 1565 ἄρδει
2797 1496 3079 1565 στόματος,
3108 1495 3414 1567 εὐφραίνων
3452 1497 3546 1551 καὶ
3589 1496 3817 1548 πιαίνων

2243 1583 2339 1640 τοῦ
2383 1584 2621 1657 Χριστοῦ
2656 1585 2833 1637 πᾶσαν
2885 1584 3034 1638 πόλιν
3060 1588 3172 1650 τοῖς
3202 1586 3311 1640 τῶν
3360 1586 3517 1640 θείων
3555 1586 3816 1656 κυμάτων

2244 1678 2387 1749 ὁρμή
2395 1695 2548 1748 μασι.
3509 1678 3813 1732 Θεοτόκιον.

2312 1771 2474 1825 Φύσιν
2539 1770 2736 1841 ἁπλῆν,
2771 1770 3146 1842 ἀνασχομένην
3206 1772 3504 1837 συνθέσεως
3564 1771 3660 1824 καὶ
3710 1788 3813 1839 φα-

577 1871 631 1915 et
666 1859 1039 1930 perfectiorem
1075 1874 1237 1927 quam
1275 1866 1335 1912 ut
1360 1854 1745 1922 confundatur,
1780 1856 1831 1909 in
1860 1867 1953 1911 tuo
1976 1896 1993 1921 ,
2039 1858 2130 1911 Do-

2238 1864 2419 1915 νεῖσαν
2454 1862 2737 1933 κρείττονα
2768 1861 3101 1932 συγχύσεως,
3130 1862 3221 1914 ἐπὶ
3258 1862 3349 1915 τοῦ
3378 1863 3494 1925 σοῦ,
3523 1863 3811 1925 Δέσποινα,

574 1954 720 2007 mina
746 1993 761 2017 ,
784 1952 921 2007 Filio
951 1963 1063 2007 tres
1096 1952 1173 2005 illi
1213 1949 1382 2003 divini
1420 1949 1670 2004 doctores
1698 1948 1929 2004 confessi
1963 1960 2089 2003 sunt
2120 1967 2135 2016 ;

572 2043 625 2095 in
652 2042 861 2095 duabus
893 2040 1269 2094 voluntatibus
1292 2047 1346 2093 et
1377 2037 1570 2105 duplici
1600 2041 1941 2109 Operatione,
1963 2037 2138 2106 dupli-

570 2147 687 2185 cem
725 2131 874 2185 illum
919 2131 1214 2185 secundum
1268 2141 1514 2185 naturam
1556 2140 1929 2199 agnoscentes.
1982 2130 2140 2185 Cata-

570 2224 740 2278 basia.

642 2317 825 2370 Virtus
880 2328 989 2379 tua.
1023 2315 1269 2378 Christe,
1302 2313 1523 2367 obduxit
1546 2312 1714 2369 omlos
1772 2331 1789 2370 :
1840 2314 2137 2383 procedens

566 2408 713 2461 enim
742 2422 809 2459 ex
838 2420 963 2459 arca
1000 2404 1455 2458 sanctiﬁcationis
1510 2415 1610 2458 tua:
1646 2405 1978 2474 incorrupta:
2018 2404 2135 2457 Ma-

569 2499 686 2561 tris,
719 2497 769 2550 in
790 2495 985 2564 templo
1020 2495 1205 2566 gloria:
1227 2505 1330 2549 tua:
1355 2494 1500 2548 visus
1531 2510 1590 2548 es
1612 2506 1669 2548 ut
1692 2494 1869 2551 infans
1925 2505 2135 2553 estatus

566 2590 727 2655 ulnis,
755 2598 809 2644 et
837 2587 1016 2642 omnia
1052 2588 1266 2659 impleta
1296 2597 1421 2643 sunt
1453 2586 1610 2641 laude
1642 2595 1751 2641 tua.

1087 2762 1219 2818 ODE
1250 2764 1301 2818 5.
1347 2762 1581 2817 Hirmus.

639 2856 759 2912 181.
848 2854 1091 2911 Luminis
1147 2856 1359 2926 largiIOt
1440 2864 1496 2907 et
1563 2864 1859 2923 temporum
1912 2856 2132 2934 opifex,

567 2948 835 3014 Domine,
886 2948 936 3001 in
992 2948 1193 3001 lumine
1248 2946 1627 3001 mandatorum
1681 2951 1899 3000 tuorum
1957 2947 2132 3017 dirige

567 3053 666 3093 nos
697 3056 710 3091 :
743 3047 895 3091 extra
951 3046 1002 3091 te
1056 3038 1200 3091 enim
1257 3037 1421 3091 alium
1476 3037 1643 3091 Deum
1690 3052 1799 3092 non
1850 3038 2133 3106 cognosci-

564 3140 704 3181 τηυσ.

636 3217 907 3274 Habentes
973 3227 1299 3273 armaturam
1387 3220 1852 3291 inexpugnabilem
1935 3227 2125 3290 contra

567 3307 885 3363 tcntationes
941 3310 1138 3364 diversi
1184 3310 1438 3379 generis,
1481 3312 1627 3364 omni
1688 3310 2125 3364 adversariorum

566 3400 913 3470 improbitate
937 3416 1151 3472 semper
1181 3402 1520 3473 expellimur,
1551 3401 1641 3472 qui
1669 3408 1721 3456 te
1760 3400 1854 3456 Dei
1886 3399 2128 3457 Genitri-

562 3505 679 3545 cem
707 3489 1188 3547 incontaminatam
1229 3492 1523 3547 credimus.

638 3582 1115 3652 Appropinquante
1187 3584 1320 3655 legis
1392 3584 1769 3653 plenitudine,
1846 3583 2127 3639 sublimior

547 3673 897 3739 echerubinis,
931 3675 1216 3745 peperisti'
1239 3675 1577 3731 incarnatum
1607 3690 1674 3730 ex
1703 3685 1754 3730 te
1776 3674 1974 3730 Filium
2035 3675 2126 3730 Dei

565 3766 919 3836 unigenitum,
948 3782 1106 3837 quem
1132 3768 1303 3822 servis
1328 3766 1433 3822 tuis
1454 3767 1762 3823 reconcilia.

630 3856 882 3912 Omnium
925 3857 1258 3913 conditorem
1290 3872 1449 3927 quem
1500 3860 1607 3913 tuis
1645 3858 1805 3923 ulnis,
1832 3857 2125 3917 lntemera—

561 3960 638 4020 ta,
669 3951 917 4024 portasti,
964 3951 1124 4010 redde
1160 3951 1414 4025 precibus
1464 3952 1571 4013 tuis
1604 3952 1758 4012 nubis
1788 3951 2078 4027 propitium
2106 3995 2121 4028 ,

560 4048 686 4116 quia
718 4048 785 4101 ad
816 4057 868 4101 te
888 4061 953 4099 ex
985 4049 1165 4101 animo
1197 4047 1561 4116 confugimus.

629 4224 747 4279 182.
778 4224 948 4287 Alius,
974 4223 1119 4277 sicut
1150 4224 1205 4277 Ὀ
1228 4224 1523 4295 φωτισμός.

643 4314 1048 4369 charismatum
1084 4321 1295 4368 tuorum
1332 4317 1529 4370 fontem
1578 4315 1894 4385 propiuasti,
1949 4332 1983 4372 o
2028 4317 2123 4373 bo-

560 4406 763 4461 miuum
786 4420 971 4459 amans
994 4405 1157 4467 Deus,
1195 4406 1397 4478 sanctis
1431 4406 1729 4461 bibendum
1761 4425 1774 4462 :
1803 4407 1895 4477 qui
1947 4422 2123 4476 quan-

2240 1954 2368 2007 Υἱοῦ
2398 1957 2447 2007 οἱ
2484 1958 2632 2027 τρεῖς
2659 1955 2905 2027 θεοφόροι
2935 1954 3293 2026 δογματισταὶ
3330 1953 3711 2024 ὡμολόγησαν,
3750 1955 3813 2007 ἐκ

2237 2044 2331 2099 δύο
2354 2045 2480 2117 θελη
2489 2046 2673 2117 μάτων
2696 2048 2791 2101 καὶ
2819 2047 3014 2118 διπλῆς
3048 2045 3331 2118 ἐνεργείας
3355 2044 3447 2097 τὶν
3484 2043 3706 2097 διπλοῦν
3724 2062 3812 2098 κα-

2233 2137 2304 2192 τὰ
2344 2139 2505 2207 φύσιν
2534 2139 2917 2201 ννωοίσαντες.
3464 2136 3806 2191 Καταὸασία.

2318 2318 2616 2389 Ἐκάλυψεν
2666 2319 2926 2390 οὐρανοὺς
2974 2320 3006 2390 ἠ
3058 2320 3223 2391 ἀρετή
3274 2336 3389 2381 σου,
3432 2316 3654 2390 Χριστέ’
3713 2316 3809 2387 τῆς

2236 2409 2467 2463 κιϐωτοῦ
2513 2409 2622 2481 γὰρ
2674 2407 2985 2481 προσελθὼν
3015 2406 3108 2461 τοῦ
3164 2406 3499 2477 ἁγιάσματός
3558 2422 3653 2459 σου
3711 2404 3809 2473 τῆς

2234 2503 2471 2573 ἀφθόρου
2498 2503 2740 2573 Μητρὸς,
2775 2503 2834 2555 ἐν
2858 2501 2936 2573 τῷ
2962 2499 3075 2573 ναῷ
3094 2501 3193 2571 τῆς
3214 2500 3374 2571 δόξης
3408 2516 3499 2552 σου
3526 2500 3714 2571 ὤφθης
3734 2499 3806 2561 ὡς

2238 2593 2437 2666 βρέφος
2467 2594 3031 2666 ἀγκαλοφορούμενος,
3069 2592 3164 2646 καὶ
3209 2590 3504 2664 ἐπληρώθη
3534 2590 3602 2644 τά
3632 2591 3808 2645 πάντα

2235 2687 2335 2757 τῆς
2364 2686 2462 2754 σῆς
2506 2684 2783 2747 αίνὲσεως.

2738 2774 2871 2845 ῼΔΗ
2894 2781 2953 2826 ε’.
2989 2774 3046 2828 '0
3065 2773 3254 2845 είρμός

2314 2871 2375 2923 '0
2417 2869 2512 2924 τοῦ
2554 2866 2730 2937 φωτὸς
2780 2864 3011 2937 χορηγὸς
3042 2904 3056 2930 ,
3117 2864 3213 2917 καὶ
3261 2865 3369 2918 τῶν
3414 2864 3626 2919 αἰώνων
3681 2880 3806 2917 ποι-

2235 2961 2390 3033 ητὴς,
2426 2959 2619 3029 Κύριε,
2655 2959 2712 3010 ἐν
2751 2956 2829 3026 τῷ
2869 2955 3007 3025 φωτὶ
3057 2948 3186 3007 τῶν’
3208 2953 3316 3007 σῶν
3368 2954 3806 3025 προσταγμάτων

2232 3052 2499 3123 ὀδήγησον
2527 3050 2692 3122 ἡμᾶς·
2724 3049 2879 3111 ἐκτὸς
2912 3044 3007 3101 σοῦ
3036 3045 3146 3118 γὰρ
3179 3045 3336 3101 ἄλλον
3370 3043 3502 3098 Θεὸν
3526 3045 3590 3097 ού
3637 3043 3805 3113 γινώ·

2154 3182 2203 3246 c
2234 3158 2457 3214 σκομεν.

2304 3233 2507 3287 Ὀπλον
2555 3232 2821 3302 ἀήττητον
2863 3229 3003 3283 κατά
3032 3229 3292 3283 ποικίλων
3318 3222 3643 3299 πειρασμῶν
3660 3226 3806 3296 ἔχον-

2231 3340 2322 3387 τες
2354 3322 2461 3375 τῶν
2489 3319 2768 3391 δυσμενῶν
2802 3320 2980 3389 πάσης
3022 3319 3282 3387 ἐπηρείας
3313 3317 3656 3390 λυτρούμεθα
3692 3316 3801 3381 ἀεὶ,

2229 3415 2361 3470 οἶσε
2386 3411 2665 3477 Θεοτόκον,
2686 3409 2857 3483 ῥγνὴ,
2879 3410 3249 3481 ἐπιστάμενοι.

2294 3595 2480 3666 Νόμου
2518 3603 2580 3646 το
2614 3592 2909 3663 πλήρωμα,
2938 3591 2973 3659 ἡ
3019 3592 3268 3659 ἀνωτερα
3313 3584 3600 3658 χερουσὶμ,
3644 3586 3798 3638 τέτο-

2226 3706 2330 3752 sta;
2351 3686 2441 3740 τὸν
2468 3684 2562 3738 τοῦ
2588 3682 2722 3736 Θειοῦ
2758 3684 2822 3735 ἐκ
2848 3681 2940 3733 σοῦ
2974 3679 3321 3752 σαρκωθέντα
3354 3678 3481 3731 Υίὸν
3509 3675 3797 3748 μονογενῆ,

2226 3777 2285 3829 ὃν
2310 3775 2449 3846 ὑπὲρ
2475 3773 2583 3828 τῶν
2615 3771 2814 3825 δούλων
2844 3767 2951 3820 τῶν
2985 3767 3090 3824 σῶν
3124 3766 3425 3830 ἐξιλέωσαι.

2299 3866 2402 3919 Τὸν
2440 3864 2534 3918 τοῦ
2590 3862 2789 3925 παντὸς
2845 3859 3072 3930 ποιητὴν
3119 3858 3175 3908 ἐν
3212 3858 3333 3918 ταῖς
3366 3853 3633 3922 ἀγκάλαις
3678 3870 3796 3917 σου,

2240 3959 2422 4030 Ἀγνὴ,
2438 3960 2697 4029 φέρουσα,
2718 3952 2905 4007 τοῦτον
2926 3953 3057 4023 ἡμῖν
3084 3952 3205 4014 ταῖς
3237 3950 3357 4011 σαῖς
3375 3946 3605 4008 ἱκεσίαις
3618 3946 3799 4000 εὺῖλα-

2224 4073 2315 4108 τον
2360 4054 2522 4118 δίδου,
2574 4048 2686 4115 τοῖς
2718 4043 2812 4098 νῦν
2863 4046 2929 4102 ἐκ
2957 4041 3183 4119 καρδίας
3221 4037 3359 4116 πρὸς
3404 4037 3463 4095 σέ
3516 4049 3796 4111 καταφευ-

2226 4161 2400 4215 γουσι.

2304 4235 2514 4298 Ἀλλος.
2551 4236 2608 4287 Ὀ
2638 4230 2934 4303 φωτισμός.

2312 4328 2395 4382 Mi:
2423 4328 2522 4398 τὴν
2550 4327 2732 4397 πηγὴν
2779 4332 2885 4376 τῶν
2914 4337 3138 4375 σεαυτου
3183 4317 3532 4389 χαρισμάτων
3559 4317 3794 4381 ἐκπιεῖν,

2224 4422 2360 4484 ὅλως
2388 4417 2759 4489 φιλάνθρωπε,
2804 4415 3043 4475 δέδωκας
3085 4414 3196 4474 τοῖς
3229 4410 3423 4478 ἁγίοις,
3469 4407 3793 4462 ἐλαττωθεῖ-

560 4510 889 4564 tumcunque
912 4494 1139 4562 bibitur,
1174 4495 1512 4551 imminuitur
1541 4513 1851 4568 nunquam;
1902 4500 1995 4553 sed
2036 4499 2119 4553 di-

2233 4527 2321 4564 σαν
2361 4507 2608 4579 οὐδαμῶς
2648 4510 2715 4579 τῇ
2743 4504 2990 4567 κενώσει,
3021 4501 3111 4555 τὸν
3142 4501 3199 4555 δὲ
3237 4501 3441 4570 κόσμον
3485 4499 3663 4552 πάντα
3693 4517 3795 4569 με-

559 4587 694 4642 vinis
746 4585 933 4641 rivulis
956 4628 971 4654 ,
1001 4600 1065 4641 ex
1086 4589 1206 4642 sinu
1246 4586 1484 4656 ipsorum
1514 4588 1927 4658 proﬂuentibus,
1960 4606 2118 4646 mun-

556 4680 681 4729 dum
716 4676 949 4731 inebriat
972 4679 1305 4732 universum.

634 4767 853 4839 nequid
894 4768 1022 4825 mihi
1065 4771 1304 4823 aurum?
1332 4770 1459 4841 quid
1484 4768 1615 4824 mihi
1661 4784 1792 4839 opes
1839 4770 2119 4841 gloriaque

552 4870 607 4913 et
683 4861 972 4928 potentia?
1030 4860 1161 4916 fumi
1227 4860 1487 4935 abeuntes
1543 4862 1596 4915 in
1663 4876 1862 4916 aerem.
1925 4861 2118 4938 Omnia

553 4952 865 5017 lacessant,
918 4960 1112 5007 ventus
1180 4952 1320 5006 ferat
1369 4953 1574 5008 omnia.
1631 4951 1761 5007 Mihi
1823 4967 1951 5023 opes
2000 4967 2118 5007 unae

553 5042 779 5097 multum
851 5042 1145 5108 amabiles,
1210 5043 1520 5114 eloquens,
1589 5044 1867 5099 doctorum
1942 5044 2116 5099 trini—

557 5144 661 5188 tas.

636 5222 811 5281 :ﬂivns
866 5224 1148 5280 ambrosiae
1207 5224 1324 5279 ﬂuit
1384 5233 1439 5279 et
1485 5226 1747 5289 nectaris;
1802 5222 1916 5278 ﬂuit
1962 5224 2111 5279 cibus

552 5316 873 5391 immortalis
925 5318 1329 5383 esurientibus,
1382 5327 1436 5372 et
1492 5316 1796 5371 sitientibus
1859 5316 2108 5371 incorru-

550 5418 673 5477 ptus
700 5417 859 5479 potus
884 5448 899 5474 ,
943 5424 1080 5479 aqua
1115 5410 1301 5463 vivens
1336 5408 1388 5463 in
1420 5407 1639 5471 smcula,
1671 5417 1726 5462 et
1775 5407 2025 5462 bibentes
2055 5407 2108 5461 in

549 5501 685 5557 vivis
737 5514 1084 5556 conservans.
1130 5501 1329 5557 Omnes
1386 5504 1495 5557 vita
1551 5500 1854 5554 exundante
1918 5498 2107 5567 imple-

551 5593 702 5646 mini.
1864 5590 2104 5645 Mariale.

630 5787 981 5833 nxsuuerans
1030 5773 1233 5831 malitia
1281 5773 1334 5827 in
1370 5785 1465 5829 nos
1506 5770 1687 5827 habuit
1737 5781 2054 5829 ootcstatem
2090 5795 2101 5829 :

2224 4602 2461 4656 θύσασαν
2489 4601 2599 4663 τοῖς
2630 4602 2693 4653 ἐκ
2719 4598 2822 4665 τῆς
2849 4595 3054 4658 κοιλίας
3076 4592 3255 4648 αὐτῶν
3286 4593 3448 4655 θείοις
3470 4589 3758 4661 ῥεύμασιν.

2307 4772 2378 4832 ei
2429 4787 2520 4842 μοι
2549 4768 2779 4841 χρυσός;
2808 4766 2859 4819 τί
2901 4783 2989 4836 μοι
3025 4763 3250 4829 πλοῦτος
3284 4765 3376 4818 acati.
3402 4762 3525 4830 δόξα
3574 4765 3669 4817 καὶ
3704 4764 3795 4817 δυ-

2218 4864 2469 4927 ναστεία;
2506 4861 2701 4914 καπνοὶ
2741 4858 3078 4930 διαρρέοντες
3112 4858 3191 4919 εἰς
3231 4854 3389 4928 ἀέρα.
3434 4856 3623 4909 Πάντα
3649 4855 3792 4925 οἰχέ-

2221 4954 2349 5017 σθω,
2374 4953 2514 5025 αὖρα
2546 4952 2720 5003 πάντα
2746 4949 2975 5020 φερέτωο
3005 4947 3127 5017 ἐμοὶ
3152 4944 3380 5009 πλοῦτος
3410 4942 3491 5009 εἷς
3519 4945 3791 5016 πολυέρα-

2220 5063 2339 5108 στος
2372 5048 2403 5115 ἡ
2438 5043 2545 5098 τῶν
2570 5041 2897 5095 διδασκάλων
2946 5036 3101 5109 τριάς
3132 5037 3521 5107 ῥητορεύουσα.

2301 5222 2403 5274 τιεῖ
2440 5217 2680 5287 ποταμὸς
2733 5215 3031 5286 ἀμϐροσίαν
3075 5215 3167 5268 καὶ
3217 5214 3505 5283 νεκταῤῥεῖ
3535 5216 3646 5275 τοῖς
3667 5230 3787 5266 πει-

2214 5310 2374 5363 νῶσιν
2401 5310 2665 5370 ἀθάνατος
2709 5306 2931 5379 βρῶσις,
2969 5306 3061 5358 καὶ
3092 5308 3203 5367 τοῖς
3242 5304 3470 5372 διψῶσιν
3506 5303 3783 5373 ἄφθαρτος

2213 5402 2388 5465 πόσις,
2425 5400 2566 5470 ὓδωρ
2582 5397 2689 5461 ζῶν
2719 5402 2799 5462 είς
2833 5398 3033 5459 αίῶνας
3066 5397 3156 5449 καὶ
3180 5395 3399 5464 συνέχον
3424 5395 3632 5459 ζῶντας
3656 5397 3781 5457 τοὺς

2214 5494 2480 5553 πίνοντας⁹
2520 5492 2715 5556 πάντες
2742 5488 3170 5562 πλημμυρούσης
3209 5486 3351 5556 ζωῆς
3408 5487 3777 5558 ἐμφορήθητε.

3468 5578 3778 5633 Θεοτόκιον.

2296 5793 2475 5847 malev
2536 5776 2685 5847 ίσχὺν
2738 5774 2855 5827 καθ’
2897 5774 3052 5845 ἡμῶν
3095 5776 3129 5845 ή
3166 5773 3355 5829 κακίαι⁴ι
3389 5775 3504 5829 αλλ’
3552 5775 3653 5830 οὐκ
3693 5777 3777 5843 εις
