4058 6446
1380 374 1768 431 ACOLUTIIIA
1806 377 2146 431 Tltll‘lJClS
2186 375 2410 430 FI‘ZSTI.

281 510 456 578 τέλος·
476 513 738 585 ἠσθένησε
770 511 877 582 γὰρ
903 507 1043 563 κατὰ
1065 506 1163 576 τὴν
1196 502 1468 575 Παρθένον
1490 506 1581 557 τὸν
1612 507 1669 555 ἐν
1707 506 1846 576 ἰσχύϊ

1954 513 2005 556 at
2047 517 2149 555 non
2190 503 2240 553 in
2281 501 2441 553 tinem
2476 511 2664 563 usque.
2705 497 2798 550 Est
2832 496 2973 549 enim
3025 495 3321 556 debilitata,
3363 504 3512 561 post-

282 584 508 660 ὃυνατὸν
531 605 807 658 τετοκυῖαν
842 600 1140 656 ὑπελθόντα
1185 596 1385 665 σαρκὸς
1415 596 1718 658 ἀσθένειαν,
1759 598 1850 650 καὶ

1964 608 2123 659 quam
2167 588 2325 661 Virgo
2374 589 2580 659 peperit
2613 594 2883 655 potentem
2908 586 3148 645 virtute.
3195 585 3287 652 qui
3334 584 3518 637 carnis

280 691 377 751 τὸν
404 692 628 747 δυνατὸν
660 693 717 745 ὲν
740 692 907 761 κακίᾳ
930 687 1297 761 νεκρώσαντα.

1956 680 2324 736 inlirmitalem
2361 679 2563 743 subiit,
2608 687 2661 732 et
2696 686 2966 747 potentem
3026 675 3225 730 malitia
3278 683 3509 744 prostra~

1955 774 2051 827 vit.

3325 392 3509 431 ειῖιιιιι

1166 954 1373 1011 Exhinc
1402 954 1751 1008 coutinuatur
1786 951 2054 1011 secundus
2084 952 2149 1005 dc
2189 952 2394 1006 sanctis
2432 968 2631 1009 canon.

2019 1090 2138 1144 185.
2166 1089 2338 1153 Alius,
2387 1092 2528 1145 sicut
2563 1090 2723 1144 Ἰνατί
2747 1105 2816 1162 με
2844 1089 3046 1144 ἀπώσω

2027 1181 2337 1235 Divinarum
2424 1183 2885 1252 humanarumque
2909 1195 3087 1234 rerum
3151 1184 3371 1237 scicntia
3423 1183 3523 1237 im-

1950 1272 2110 1327 butos
2139 1314 2153 1337 ,
2197 1270 2287 1339 qui
2347 1271 2526 1324 studio
2567 1275 2808 1328 veritatis
2862 1283 3082 1329 naturas
3130 1288 3306 1326 rerum
3366 1275 3524 1329 nobis

1953 1359 2255 1411 enodarunt
2288 1396 2301 1421 ,
2334 1360 2653 1426 cunctisque
2694 1364 3047 1417 ostenderunt
3102 1359 3311 1414 illarum
3363 1365 3519 1430 Opili-

1954 1464 2090 1512 cem,
2130 1461 2537 1503 remuneremur
2568 1450 2649 1519 (ut
2690 1466 2899 1519 atquum
2952 1453 3055 1524 est)
3085 1452 3383 1525 gratiarum
3432 1471 3526 1506 ac-

1956 1540 2207 1593 tionibus.

2029 1627 2332 1685 Salubrium
2370 1632 2781 1701 pharmacorum
2808 1632 3108 1685 amaritiem
3146 1638 3352 1692 dulcem
3387 1640 3523 1693 red-

360 1092 568 1156 Ἀλλος.
610 1092 768 1145 ἰνατί
804 1110 869 1164 με
891 1089 1112 1145 ἀπώσω.

357 1185 496 1248 Τοὺς
544 1183 652 1237 τῶν
693 1184 851 1239 θείων
877 1181 1211 1252 πραγμάτων
1242 1180 1336 1233 καὶ
1362 1181 1469 1235 τῶν
1499 1178 1851 1251 ἀνθρωπίνων

284 1277 467 1345 σοφῶς
520 1277 906 1348 ἐπιστήμονας,
943 1274 1041 1339 τὰς
1078 1272 1186 1326 τῶν
1210 1272 1377 1327 ὄντων
1413 1272 1601 1342 φύσεις
1627 1270 1850 1343 φιλαλή-

284 1370 395 1434 θως
421 1371 550 1441 ἡμῖν
587 1368 1006 1438 σαφηνίσαντας,
1034 1366 1129 1419 καὶ
1152 1367 1240 1420 τὸν
1271 1366 1473 1420 τούτων
1501 1363 1721 1436 κτίστην
1749 1369 1853 1419 πᾶ-

283 1478 341 1515 σι
355 1463 749 1533 γνωρίσαντας,
778 1459 853 1523 ὡς
886 1458 1061 1530 θέμις,
1098 1459 1434 1529 εὐχαρίστως
1468 1460 1671 1523 φωναῖς
1697 1459 1856 1529 ἀμει-

282 1550 539 1620 ψώμεθα.

355 1640 431 1691 Τὸ
497 1640 781 1709 πικραϊνον
844 1638 937 1691 καὶ
986 1636 1184 1701 στῦφον
1231 1633 1338 1684 τῶν
1393 1633 1527 1703 πρὸς
1590 1634 1858 1704 σωτηρίαν

283 1730 593 1801 φαρμάκων
640 1727 942 1797 ὲγλύκαναν
990 1726 1108 1785 ταῖς
1150 1726 1339 1792 σοφαῖς
1391 1722 1496 1776 τῶν
1537 1724 1708 1793 λόγων
1764 1724 1856 1774 ἐπ-

1958 1720 2206 1776 diderunt
2266 1723 2437 1777 doctis
2489 1736 2795 1776 sermonum
2862 1720 3148 1787 illecebris,
3211 1729 3522 1797 artibusqu.-.

281 1822 451 1894 φδαίς
482 1839 539 1874 τε
568 1822 662 1874 καὶ
686 1820 899 1888 τέχναις
951 1813 1041 1867 καὶ
1082 1814 1261 1883 χάρισι
1297 1815 1406 1867 τῶν
1439 1814 1620 1885 ψυχῶν
1651 1818 1699 1869 οἱ
1733 1816 1856 1867 θεῖοι

1958 1824 2013 1868 et
2060 1811 2332 1881 leporibus
2368 1814 2530 1867 divini
2600 1813 2791 1867 medici
2848 1814 3170 1869 animarum.
3215 1815 3520 1883 Lzetamini,

281 1890 633 1983 θεραπευταίο
684 1905 965 1975 θέλγεσθε,
996 1904 1194 1970 πάντες
1233 1906 1492 1969 εὐσεϐεῖς,
1528 1909 1621 1961 καὶ
1655 1907 1856 1977 τερπό-

1957 1903 2029 1970 pii
2061 1916 2272 1966 omnes,
2305 1910 2360 1955 et
2397 1916 2520 1955 cum
2565 1903 2905 1969 iucunditate
2944 1904 3010 1958 ad
3044 1905 3274 1960 salutem
3308 1908 3520 1963 incum-

289 2018 443 2071 μενοι
467 1996 730 2062 σώζεσθε.

357 2091 543 2161 Σιωπᾷ
577 2091 732 2159 λόγος
763 2091 927 2156 ἆπας,
962 2092 1070 2146 τῶν
1105 2088 1450 2159 θεοκηρύκων
1472 2089 1771 2142 λαλούντων
1792 2085 1860 2138 τὰ

1956 1992 2086 2045 bile.

2027 2078 2369 2135 Praeconibus
2437 2080 2634 2149 divinis
2685 2082 2865 2137 divina
2931 2087 3297 2154 tractantibus,
3344 2087 3522 2146 omnis

282 2182 463 2249 ἔνθεα,
513 2186 607 2238 καὶ
645 2186 835 2255 κρατεῖ
889 2186 987 2253 τῆς
1024 2184 1189 2236 πάλαι
1223 2180 1495 2252 Διαθήκης
1528 2184 1559 2251 ἡ
1588 2180 1703 2232 Νέα
1728 2196 1856 2249 προ·-

1956 2182 2135 2223 sermo
2165 2180 2334 2237 tacet;
2363 2182 2418 2226 et
2442 2170 2791 2228 Testamento
2816 2173 3017 2229 Vetere
3046 2187 3263 2243 praestat
3290 2178 3519 2245 Novum,

281 2275 553 2328 ϐάλλουσα
573 2275 640 2328 τὰ
666 2275 839 2327 σεπτά
856 2274 1017 2339 πυξία
1044 2272 1150 2326 τῶν
1166 2274 1222 2325 ὲν
1244 2273 1381 2342 αὐτῇ
1406 2270 1853 2343 νομοθετούντων,

279 2359 365 2428 οἷς
395 2363 715 2435 ῥυθμίζεται
740 2364 847 2431 πᾶς
871 2361 1076 2415 πιστῶν
1109 2360 1397 2432 σύλλογος.
1556 2360 1855 2416 Θεοτὸκιον.

348 2618 459 2689 Τὴν
494 2619 755 2673 ἀθάνατον
798 2619 959 2687 φύσιν
986 2622 1018 2687 ἠ
1058 2619 1223 2689 θνητὴ
1248 2622 1592 2691 παρέδραμεν
1614 2623 1691 2683 είς
1710 2620 1857 2688 ἁγιό-

279 2723 443 2777 τητα,
474 2709 567 2761 καὶ
619 2708 892 2780 Παρθένος
936 2709 1074 2779 κόρη
1129 2710 1256 2771 τοὺς
1291 2710 1564 2779 ἁσάρκους
1598 2708 1857 2777 ἀγγέλους

280 2796 619 2869 παρήλασεν.
644 2798 719 2861 ὼς
747 2796 880 2852 Θεὸν
912 2797 1145 2851 τεκοῦσα
1176 2800 1267 2851 τὸν
1304 2798 1528 2867 βασιλέα
1557 2798 1663 2850 τῶν
1687 2798 1856 2867 ἀγγέ-

278 2887 412 2955 λων,
443 2880 488 2957 ᾧ
510 2888 871 2960 προσϐλέπειν
893 2890 1120 2955 ἐκείνοις
1150 2888 1428 2944 ἀδύνατον.
1515 2888 1852 2943 Καταϐασία.

365 2981 451 3044 Ὦς
492 2978 631 3035 εἶδεν
688 2983 910 3047 Ἡσαΐας
932 2983 1273 3053 συμϐολικῶς
1316 2985 1374 3036 ὲν
1408 2983 1579 3055 θρόνῳ
1610 2982 1855 3052 ἐπηρμέ-

278 3088 359 3142 νῳ
388 3072 520 3126 Θεὸν
560 3074 664 3125 ὑπὸ
696 3074 939 3142 ἀγγέλων
967 3074 1123 3143 δόξης
1156 3076 1640 3145 δορυφορούμενον,
1670 3075 1734 3125 Ὢ
1762 3073 1856 3126 τά-

279 3162 403 3230 λας,
436 3163 586 3231 ἐϐόα,
626 3162 771 3231 ὲγώὲ
808 3164 912 3234 πρὸ
941 3165 1047 3236 γὰρ
1070 3160 1206 3217 εἶδον
1245 3166 1658 3235 σωματούμενον
1701 3163 1855 3230 Θεὸν,

279 3256 461 3325 φωτὸς
491 3256 791 3329 άνεσπέρου
825 3256 918 3310 καὶ
945 3258 1167 3332 εἰρήνης
1192 3256 1539 3321 δεσπόζοντα.

781 3432 913 3501 ῼΔΗ
932 3430 1005 3495 ς’.
1061 3431 1118 3483 Ὀ
1150 3431 1357 3503 είρμός.

363 3517 448 3571 Ἐν
476 3519 695 3589 ἀϐύσσῳ
720 3523 1077 3591 πταισμάτων
1130 3521 1494 3590 κυκλούμενος
1536 3519 1637 3592 τὴν
1676 3521 1850 3587 ἀνεξι-

278 3609 534 3681 χνίαστον
546 3610 643 3681 τῆς
663 3611 1063 3682 εὐσπλαγχνίας
1088 3630 1181 3665 σου
1206 3611 1573 3682 ἐπικαλοῦμαι
1591 3611 1847 3667 ἄϐυσσον·

277 3702 347 3755 ἑκ
370 3701 592 3773 φθορᾶς,
630 3702 658 3755 ὁ
679 3701 833 3767 Θεὸς,
861 3703 927 3773 μὲ
946 3703 1207 3771 ἀνάγαγε.

304 3823 313 3832 -
351 3792 632 3864 Σωτηρίας
652 3792 847 3864 λιμένα
877 3792 1160 3862 γινώσκων
1203 3809 1285 3855 σε,
1330 3793 1505 3847 πλέων
1559 3795 1853 3865 πολυφρόν-

276 3881 423 3944 τιδος
454 3881 569 3951 βίου
588 3883 652 3936 τὸ
684 3883 917 3953 πέλαγος
936 3881 1322 3953 ἐπικαλοῦμαι,
1345 3883 1629 3949 Δέσποινα,
1659 3885 1853 3957 κυϐερ-

276 3972 449 4043 νήτην
471 3972 650 4044 ψυχῆς
676 3990 777 4044 μου
810 3974 1064 4043 γενέσθαι
1098 3991 1179 4029 σε.

362 4063 535 4133 Ἱερᾶς
570 4064 844 4130 πολιτείας
887 4066 1221 4121 ὲκπέπτωκα
1265 4066 1525 4138 ῥᾳθυμῶν
1550 4072 1578 4121 ό
1600 4067 1848 4131 δείλαιος·

275 4152 396 4208 m'
434 4156 770 4223 ιπανάγαγε,
810 4156 1149 4229 εὐλογημένη
1213 4159 1478 4228 πάναγνε,
1518 4165 1853 4232 προσταγαῖς

276 4244 375 4299 τοῦ
405 4246 534 4299 Υίοῦ
566 4263 657 4300 σου
692 4248 1044 4319 ρυθμίζουσα.

353 4426 565 4491 Ἄλλος.
590 4428 855 4494 Ι’Δϐυσσος
893 4432 1323 4505 ἁμαρτημάτων.

363 4606 506 4660 -οδια
548 4608 606 4660 ὲν
657 4611 720 4679 τῇ
778 4609 967 4681 Τριάδι
1021 4613 1209 4684 τριττὰ
1268 4615 1659 4685 συνθεολογεῐτε
1755 4617 1852 4689 τὴν
1885 4587 1928 4642 D

278 4700 603 4769 ἁγεννησίαν
616 4702 711 4755 τοῦ
745 4704 969 4775 πατρὸς,
998 4704 1092 4758 τοῦ
1126 4707 1299 4775 Λόγου
1321 4709 1421 4761 τὴν
1444 4708 1720 4780 γέννησιν,
1755 4711 1849 4765 καὶ

278 4788 596 4859 Πνεύματος
622 4792 722 4861 τὴν
746 4793 1070 4866 ὲκπόρευσιν
1104 4796 1285 4867 μόνου.

365 4966 623 5037 Μήμερον
649 4967 729 5041 τῷ
745 4968 879 5041 οἴκῳ
916 4972 1088 5044 τοῦτῳ
1112 4975 1413 5047 περιφανὴς
1465 4978 1724 5050 σωτηρίαο
1756 4980 1850 5036 δύο

278 5054 390 5127 γάρ
415 5056 509 5109 καὶ
526 5060 673 5129 τρεῖς
705 5064 1071 5134 συνηγμένους
1099 5066 1329 5137 Χριστὸς
1358 5070 1436 5132 είς
1465 5068 1524 5123 τὸ
1563 5070 1730 5141 ὕνομα
1751 5074 1849 5125 αὺ-

276 5146 376 5201 τοῦ
408 5148 607 5219 τιμῶν,
631 5151 796 5222 μέσος
810 5154 1039 5224 πάρεστι
1066 5156 1289 5211 τούτων.

361 5366 603 5424 νπειρον
676 5355 775 5427 τῆς
830 5358 934 5428 τῆς
980 5359 1040 5412 τὸ
1088 5358 1248 5428 βάθος
1313 5360 1448 5432 πρὸς
1496 5379 1555 5415 το
1602 5360 1852 5432 οὐράνιον

272 5441 428 5512 ῦψος,
454 5443 569 5497 ἀλλ’
601 5445 710 5499 ἀπὸ
740 5446 840 5516 τῆς
865 5448 969 5517 γῆς
1003 5451 1129 5513 τοὺς
1156 5450 1346 5519 ἁγίους
1374 5449 1566 5524 ἐξῆρεν
1592 5451 1849 5505 ἐπέκεινα

268 5533 387 5590 τῶν
432 5535 674 5607 οὐρανῶν
697 5538 726 5590 ὀ
746 5538 993 5608 οὐράνιος
1021 5539 1180 5611 ἔρως.
1547 5541 1848 5596 Θεοτόκιον.

362 5625 514 5686 Ζέαν
542 5644 603 5680 σε
661 5629 863 5701 πηγὴν,
908 5631 1168 5702 Παρθένε,
1198 5634 1292 5689 καὶ
1349 5635 1606 5708 ἀφορμὴν
1642 5652 1849 5709 μυστη-

347 5803 425 5875 (α)
449 5802 550 5859 lsa.
581 5822 653 5873 vi,
686 5808 732 5861 1.

1956 2272 2263 2331 proponens
2311 2263 2580 2329 pretiosas
2628 2265 2841 2320 tabulas
2890 2280 3110 2321 suarum
3153 2267 3326 2339 legum
3353 2308 3370 2337 ,
3404 2272 3525 2342 qui-

1960 2351 2064 2404 bus
2118 2361 2226 2405 tota
2260 2350 2497 2408 ﬁdelium
2556 2354 2863 2423 respublica
2896 2359 3101 2429 regitur
3142 2375 3206 2416 ac
3266 2372 3526 2432 tempera-

1958 2451 2062 2498 tur.
3284 2454 3520 2512 Mariale.

2026 2624 2278 2681 Naturam
2326 2631 2682 2687 .mmorlalem
2717 2633 2960 2689 mortalis
3022 2636 3372 2704 praecucurrit
3402 2652 3527 2693 san-

1956 2714 2159 2780 ctitate,
2214 2728 2268 2772 et
2320 2721 2493 2788 puella
2554 2722 2713 2791 Virgo
2764 2728 3037 2796 superavit
3098 2730 3278 2784 carnis
3333 2744 3525 2801 exper-

1963 2812 2046 2859 tes
2073 2808 2313 2875 angelos.
2338 2812 2552 2877 quando
2581 2816 2764 2882 genuit
2796 2830 2975 2885 regem
3000 2819 3309 2888 angelorum
3332 2820 3520 2879 Deum.

1961 2908 2123 2950 ouem
2159 2896 2231 2951 illi
2255 2899 2468 2954 obtueri
2498 2900 2638 2955 haud
2667 2915 2910 2972 possunt.
3212 2907 3518 2965 Catabasia.

2032 2983 2102 3041 Ut
2136 2985 2268 3043 vidit
2300 2987 2467 3046 Isaias
2494 2992 2788 3063 symbolice
2828 2995 2879 3049 in
2920 2998 3131 3055 excelso
3160 3000 3296 3055 solio
3330 3000 3520 3063 Deum.

1954 3076 2127 3145 gloria
2165 3082 2481 3150 angelorum
2526 3095 2783 3153 tanquam
2812 3089 3065 3143 satellitio
3095 3080 3394 3159 stipatum:
3426 3094 3525 3147 Mi-

1961 3182 2049 3220 ser
2074 3182 2171 3237 ego
2199 3171 2211 3222 l
2248 3173 2585 3229 exclamabat
2616 3192 2629 3229 :
2666 3192 2847 3232 coram
2878 3182 3022 3234 enim
3063 3182 3168 3235 vidi
3199 3198 3426 3255 corpore
3450 3187 3525 3241 in-

1882 3230 1926 3290 c
1959 3230 2145 3350 (tutum
2199 3262 2384 3350 I_)eum,
2424 3264 2528 3321 luci
2560 3230 2846 3339 vesperum

1960 3346 2324 3407 dominantem
2361 3353 2457 3427 (α).

2437 3449 2557 3504 184.
2596 3453 2730 3508 ODE
2758 3455 2812 3510 6.
2840 3454 3077 3512 Hirmus.

2032 3530 2145 3602 Ego
2177 3535 2269 3604 qui
2313 3536 2365 3591 in
2424 3538 2617 3611 abysso
2650 3555 2990 3611 peccatorum
3030 3548 3266 3615 volutor,
3296 3552 3519 3607 investi-

1960 3624 2189 3694 gabilem
2227 3627 2614 3689 misericordia
2648 3645 2751 3691 tua:
2781 3637 3011 3708 imploro
3036 3640 3314 3713 abyssum.
3348 3644 3422 3698 Ex
3449 3646 3527 3700 in-

1960 3718 2119 3773 teritu
2141 3720 2277 3777 educ
2316 3736 2421 3791 me,
2456 3722 2619 3782 Deus.

2027 3807 2229 3865 Salutis
2254 3822 2465 3880 portum
2493 3832 2725 3887 agnosco
2755 3828 2824 3883 te,
2866 3820 3115 3885 Domina,
3166 3834 3221 3879 et
3257 3826 3519 3893 navigans

1960 3900 2203 3957 sollicita:
2232 3904 2353 3959 vitae
2382 3906 2627 3978 pelagus,
2657 3910 2904 3979 obsecro,
2936 3928 2994 3969 ut
3019 3916 3367 3985 gubernatrix
3399 3920 3517 3973 aui-

1960 4005 2061 4045 ma:
2093 4007 2168 4046 SIS
2195 4009 2347 4048 mea.

2029 4081 2313 4175 Sanctiore
2376 4098 2520 4145 statu
2581 4094 2793 4163 excidi,
2850 4101 2975 4168 quia
3030 4101 3193 4156 miser
3246 4104 3522 4175 torpebam

1961 4170 2096 4224 otio.
2154 4169 2269 4228 Sed
2305 4191 2391 4233 me
2419 4181 2603 4248 reduc,
2640 4184 2924 4242 benedicta
2976 4200 3032 4245 et
3077 4194 3224 4248 omni
3262 4169 3520 4267 ex-parte

1960 4262 2261 4408 eaztiissima
2369 4286 2561 4344 meque
2631 4280 2705 4333 tui
2767 4278 2886 4335 Filii
2970 4285 3238 4343 mandatis
3299 4262 3519 4345 accom-

1962 4368 2011 4404 ιιι
2088 4371 2142 4408 ει.

1962 4368 2142 4409 moaa.

2041 4446 2161 4502 185.
2188 4449 2336 4507 Alius
2365 4491 2381 4508 .
2417 4451 2560 4508 sicut
2586 4454 2853 4520 ’Δϐυσσος
2873 4459 3301 4531 ἁμαρτημάτων.

2050 4627 2345 4698 -ςτῑριίοεηι
2405 4635 2784 4701 proprietatem
2829 4636 2882 4689 in
2944 4636 3138 4695 Triade
3192 4643 3516 4713 explicatis:

1962 4716 2159 4787 quippe
2204 4716 2502 4789 theologica
2564 4725 3021 4781 commentatione
3066 4728 3335 4787 disserilis
3383 4749 3519 4805 quo-

1958 4810 2113 4885 modo
2167 4824 2274 4864 nou
2344 4820 2402 4864 ut
2461 4812 2673 4881 genitus
2729 4813 2919 4879 Pater,
2962 4822 3231 4888 quomodo
3279 4826 3519 4894 genitum

1959 4898 2218 4964 Verbum,
2258 4910 2312 4955 et
2360 4900 2593 4971 Spiritus
2644 4909 2913 4973 quomodo
2969 4910 3116 4966 solus
3158 4918 3437 4983 procedat.

2042 5000 2287 5069 :epente
2326 4992 2452 5046 huic
2492 4994 2673 5049 domui
2705 4997 2913 5054 refulsit
2956 5002 3116 5058 hodie
3168 5006 3315 5061 salus
3351 5012 3517 5065 mani-

1956 5081 2089 5135 festa
2149 5099 2163 5135 :
2220 5098 2341 5137 nam
2394 5083 2677 5149 Christus,
2725 5090 2995 5148 lionorans
3051 5095 3185 5151 duos
3238 5098 3321 5152 vel
3398 5108 3509 5156 tres

1957 5186 2309 5245 congregatos
2365 5176 2418 5231 in
2478 5180 2694 5235 nomine
2743 5199 2883 5246 suo,
2936 5196 3019 5239 est
3052 5188 3128 5253 _in
3182 5192 3357 5246 medio
3414 5207 3508 5248 eu-

1957 5280 2076 5319 rum
2096 5264 2170 5335 (b)

2038 5357 2161 5414 tutsi
2192 5356 2524 5427 profunditas
2567 5369 2723 5415 terrae
2783 5362 3048 5421 immenso
3094 5366 3378 5424 intervallo
3436 5385 3521 5424 re-

1960 5456 2105 5502 mota
2152 5456 2235 5502 est
2268 5463 2298 5501 a
2330 5449 2452 5504 (ξαεΙὶ
2500 5450 2785 5507 altitudine
2811 5493 2827 5519 ,
2860 5466 3079 5514 sanctos
3134 5468 3317 5514 tamen
3370 5459 3510 5516 ultra

1954 5538 2123 5596 eteius
2141 5539 2380 5596 caelestis
2406 5556 2561 5598 amor
2579 5544 2796 5602 extulit.
3272 5548 3514 5608 Mariale.

2037 5640 2247 5685 mancta
2282 5631 2463 5703 Virgo,
2508 5650 2632 5690 cum
2678 5645 2730 5694 te
2775 5619 3037 5699 haberent
3083 5657 3278 5699 novum
3312 5645 3515 5699 fontem

2033 5808 2101 5882 ib)
2134 5808 2319 5864 Matth.
2349 5826 2499 5879 xvm,
2529 5810 2618 5868 20.
