  <div class='ocr_page' id='page_1' title='image "/cluster/home/n/w/nwhite01/storage/ocr_20150623/29/ien.35556001660547/374.png"; bbox 0 0 4058 6488; ppageno 0'>
   <div class='ocr_carea' id='block_1_1' title="bbox 584 438 789 481">
    <p class='ocr_par' dir='ltr' id='par_1_1' title="bbox 584 438 789 481">
     <span class='ocr_line' id='line_1_1' title="bbox 584 438 789 481; baseline -0.005 -1"><span class='ocrx_word' id='word_1_1' title='bbox 584 438 789 481; x_wconf 71' lang='lat' dir='ltr'><strong>CCCLX“</strong></span> 
     </span>
    </p>
   </div>
   <div class='ocr_carea' id='block_1_2' title="bbox 1989 420 2521 481">
    <p class='ocr_par' dir='ltr' id='par_1_2' title="bbox 1989 420 2521 481">
     <span class='ocr_line' id='line_1_2' title="bbox 1989 420 2521 481; baseline 0.008 -6"><span class='ocrx_word' id='word_1_2' title='bbox 1989 420 2521 481; x_wconf 77' lang='lat' dir='ltr'><strong>PROLEGOMENA.</strong></span> 
     </span>
    </p>
   </div>
   <div class='ocr_carea' id='block_1_3' title="bbox 588 536 3822 619">
    <p class='ocr_par' dir='ltr' id='par_1_3' title="bbox 588 536 3822 619">
     <span class='ocr_line' id='line_1_3' title="bbox 588 536 3822 619; baseline 0.003 -26"><span class='ocrx_word' id='word_1_3' title='bbox 588 558 751 608; x_wconf 85' lang='lat' dir='ltr'><strong>mam,</strong></span> <span class='ocrx_word' id='word_1_4' title='bbox 786 541 891 598; x_wconf 92' lang='lat' dir='ltr'><strong>hoc</strong></span> <span class='ocrx_word' id='word_1_5' title='bbox 917 541 986 597; x_wconf 83' lang='lat' dir='ltr'><strong>ab</strong></span> <span class='ocrx_word' id='word_1_6' title='bbox 1016 555 1082 596; x_wconf 93' lang='lat' dir='ltr'><strong>eo</strong></span> <span class='ocrx_word' id='word_1_7' title='bbox 1105 537 1340 619; x_wconf 75' lang='lat' dir='ltr'><strong>diﬂ&#39;erat,</strong></span> <span class='ocrx_word' id='word_1_8' title='bbox 1366 536 1509 619; x_wconf 82' lang='lat' dir='ltr'><strong>quod</strong></span> <span class='ocrx_word' id='word_1_9' title='bbox 1533 536 1855 619; x_wconf 88' lang='lat' dir='ltr'><strong>plerumque</strong></span> <span class='ocrx_word' id='word_1_10' title='bbox 1882 538 1952 592; x_wconf 94' lang='lat' dir='ltr'><strong>sit</strong></span> <span class='ocrx_word' id='word_1_11' title='bbox 1980 552 2526 619; x_wconf 72' lang='lat' dir='ltr'><strong>commemoraturum</strong></span> <span class='ocrx_word' id='word_1_12' title='bbox 2570 551 2881 619; x_wconf 71' lang='lat' dir='ltr'><strong>sanctorum</strong></span> <span class='ocrx_word' id='word_1_13' title='bbox 2912 541 3373 619; x_wconf 72' lang='lat' dir='ltr'><strong>longioraelogia,</strong></span> <span class='ocrx_word' id='word_1_14' title='bbox 3400 557 3495 600; x_wconf 85' lang='lat' dir='ltr'><strong>seu</strong></span> <span class='ocrx_word' id='word_1_15' title='bbox 3526 544 3654 619; x_wconf 69' lang='lat' dir='ltr'><strong>vita:</strong></span> <span class='ocrx_word' id='word_1_16' title='bbox 3672 555 3822 602; x_wconf 76' lang='lat' dir='ltr'><strong>acto-</strong></span> 
     </span>
    </p>
   </div>
   <div class='ocr_carea' id='block_1_4' title="bbox 590 609 2947 683">
    <p class='ocr_par' dir='ltr' id='par_1_4' title="bbox 590 609 2947 683">
     <span class='ocr_line' id='line_1_4' title="bbox 590 609 2947 683; baseline 0.003 -21"><span class='ocrx_word' id='word_1_17' title='bbox 590 626 817 682; x_wconf 81' lang='lat' dir='ltr'><strong>rumque</strong></span> <span class='ocrx_word' id='word_1_18' title='bbox 870 610 1196 683; x_wconf 78' lang='lat' dir='ltr'><strong>compendia</strong></span> <span class='ocrx_word' id='word_1_19' title='bbox 1239 609 1459 683; x_wconf 78' lang='lat' dir='ltr'><strong>legenda</strong></span> <span class='ocrx_word' id='word_1_20' title='bbox 1492 618 1792 683; x_wconf 85' lang='lat' dir='ltr'><strong>_propona_t_</strong></span> <span class='ocrx_word' id='word_1_21' title='bbox 1815 650 1830 674; x_wconf 93' lang='lat'><strong>,</strong></span> <span class='ocrx_word' id='word_1_22' title='bbox 1866 621 2140 683; x_wconf 61' lang='lat' dir='ltr'><strong>praeunte</strong></span> <span class='ocrx_word' id='word_1_23' title='bbox 2172 612 2242 665; x_wconf 88' lang='lat' dir='ltr'><strong>ad</strong></span> <span class='ocrx_word' id='word_1_24' title='bbox 2276 612 2481 683; x_wconf 87' lang='lat' dir='ltr'><strong>singula</strong></span> <span class='ocrx_word' id='word_1_25' title='bbox 2517 614 2678 683; x_wconf 84' lang='lat' dir='ltr'><strong>quale</strong></span> <span class='ocrx_word' id='word_1_26' title='bbox 2707 614 2947 669; x_wconf 79' lang='lat' dir='ltr'><strong>diximus</strong></span> 
     </span>
    </p>
   </div>
   <div class='ocr_carea' id='block_1_5' title="bbox 3030 615 3817 681">
    <p class='ocr_par' dir='ltr' id='par_1_5' title="bbox 3030 615 3817 681">
     <span class='ocr_line' id='line_1_5' title="bbox 3030 615 3817 681; baseline 0.005 -14"><span class='ocrx_word' id='word_1_27' title='bbox 3030 616 3223 670; x_wconf 81' lang='lat' dir='ltr'><strong>isticho</strong></span> <span class='ocrx_word' id='word_1_28' title='bbox 3246 615 3609 681; x_wconf 59' lang='lat' dir='ltr'><strong>{consentiat</strong></span> <span class='ocrx_word' id='word_1_29' title='bbox 3639 628 3817 673; x_wconf 84' lang='lat' dir='ltr'><strong>autem</strong></span> 
     </span>
    </p>
   </div>
   <div class='ocr_carea' id='block_1_6' title="bbox 583 676 3824 753">
    <p class='ocr_par' dir='ltr' id='par_1_6' title="bbox 583 676 3824 753">
     <span class='ocr_line' id='line_1_6' title="bbox 583 676 3824 753; baseline 0.002 -19"><span class='ocrx_word' id='word_1_30' title='bbox 583 697 707 735; x_wconf 71' lang='lat' dir='ltr'><strong>rum</strong></span> <span class='ocrx_word' id='word_1_31' title='bbox 728 676 957 746; x_wconf 67' lang='lat' dir='ltr'><strong>eodem,</strong></span> <span class='ocrx_word' id='word_1_32' title='bbox 982 676 1127 750; x_wconf 81' lang='lat' dir='ltr'><strong>quod</strong></span> <span class='ocrx_word' id='word_1_33' title='bbox 1153 676 1457 753; x_wconf 59' lang='lat' dir='ltr'><strong>sicut&#39;apud</strong></span> <span class='ocrx_word' id='word_1_34' title='bbox 1489 676 1715 733; x_wconf 81' lang='lat' dir='ltr'><strong>Latinos</strong></span> <span class='ocrx_word' id='word_1_35' title='bbox 1744 676 2183 753; x_wconf 77' lang='lat' dir='ltr'><strong>Martyrologium</strong></span> <span class='ocrx_word' id='word_1_36' title='bbox 2210 676 2481 737; x_wconf 73' lang='lat' dir='ltr'><strong>concludit</strong></span> <span class='ocrx_word' id='word_1_37' title='bbox 2512 676 2702 748; x_wconf 82' lang='lat' dir='ltr'><strong>ieclor,</strong></span> <span class='ocrx_word' id='word_1_38' title='bbox 2757 685 2974 747; x_wconf 84' lang='lat' dir='ltr'><strong>dicens,</strong></span> <span class='ocrx_word' id='word_1_39' title='bbox 3007 704 3025 736; x_wconf 83' lang='grc' dir='ltr'>ι</span> <span class='ocrx_word' id='word_1_40' title='bbox 3063 694 3118 740; x_wconf 91' lang='lat' dir='ltr'><strong>et</strong></span> <span class='ocrx_word' id='word_1_41' title='bbox 3151 676 3279 740; x_wconf 81' lang='lat' dir='ltr'><strong>alibi</strong></span> <span class='ocrx_word' id='word_1_42' title='bbox 3308 684 3665 753; x_wconf 88' lang='lat' dir='ltr'><strong>plurimorum</strong></span> <span class='ocrx_word' id='word_1_43' title='bbox 3700 703 3824 742; x_wconf 88' lang='lat' dir='ltr'><strong>san-</strong></span> 
     </span>
    </p>
   </div>
   <div class='ocr_carea' id='block_1_7' title="bbox 584 748 3820 829">
    <p class='ocr_par' dir='ltr' id='par_1_7' title="bbox 584 748 3820 829">
     <span class='ocr_line' id='line_1_7' title="bbox 584 748 3820 829; baseline 0.002 -26"><span class='ocrx_word' id='word_1_44' title='bbox 584 760 800 829; x_wconf 72' lang='lat' dir='ltr'><strong>ctorum</strong></span> <span class='ocrx_word' id='word_1_45' title='bbox 834 748 1142 822; x_wconf 67' lang='lat' dir='ltr'><strong>martjrum</strong></span> <span class='ocrx_word' id='word_1_46' title='bbox 1175 758 1231 805; x_wconf 85' lang='lat' dir='ltr'><strong>et</strong></span> <span class='ocrx_word' id='word_1_47' title='bbox 1260 748 1633 829; x_wconf 77' lang='lat' dir='ltr'><strong>confessorurn</strong></span> <span class='ocrx_word' id='word_1_48' title='bbox 1674 757 1839 816; x_wconf 85' lang='lat' dir='ltr'><strong>atque</strong></span> <span class='ocrx_word' id='word_1_49' title='bbox 1882 748 2155 829; x_wconf 48' lang='lat' dir='ltr'><strong>virginum</strong></span> <span class='ocrx_word' id='word_1_50' title='bbox 2189 760 2264 829; x_wconf 85' lang='lat' dir='ltr'><strong>et_</strong></span> <span class='ocrx_word' id='word_1_51' title='bbox 2285 753 2640 829; x_wconf 73' lang='lat' dir='ltr'><strong>respondetur</strong></span> <span class='ocrx_word' id='word_1_52' title='bbox 2673 768 2702 806; x_wconf 90' lang='lat' dir='ltr'><strong>a</strong></span> <span class='ocrx_word' id='word_1_53' title='bbox 2745 755 2949 829; x_wconf 79' lang='lat' dir='ltr'><strong>choro,</strong></span> <span class='ocrx_word' id='word_1_54' title='bbox 2976 754 3085 829; x_wconf 76' lang='lat' dir='ltr'><strong>Deo</strong></span> <span class='ocrx_word' id='word_1_55' title='bbox 3111 748 3351 823; x_wconf 52' lang='lat' dir='ltr'><strong>gratias&#39;:</strong></span> <span class='ocrx_word' id='word_1_56' title='bbox 3394 773 3413 807; x_wconf 76' lang='grc' dir='ltr'>ι</span> <span class='ocrx_word' id='word_1_57' title='bbox 3439 755 3517 808; x_wconf 89' lang='lat' dir='ltr'><strong>sic</strong></span> <span class='ocrx_word' id='word_1_58' title='bbox 3546 765 3600 808; x_wconf 93' lang='lat' dir='ltr'><strong>et</strong></span> <span class='ocrx_word' id='word_1_59' title='bbox 3623 756 3820 820; x_wconf 65' lang='lat' dir='ltr'><strong>Graeci,</strong></span> 
     </span>
    </p>
   </div>
   <div class='ocr_carea' id='block_1_8' title="bbox 585 817 3823 891">
    <p class='ocr_par' dir='ltr' id='par_1_8' title="bbox 585 817 3823 891">
     <span class='ocr_line' id='line_1_8' title="bbox 585 817 3823 891; baseline 0.002 -19"><span class='ocrx_word' id='word_1_60' title='bbox 585 821 830 875; x_wconf 83' lang='lat' dir='ltr'><strong>absoluta</strong></span> <span class='ocrx_word' id='word_1_61' title='bbox 873 817 1183 891; x_wconf 75' lang='lat' dir='ltr'><strong>sanctorum</strong></span> <span class='ocrx_word' id='word_1_62' title='bbox 1215 819 1730 891; x_wconf 74' lang='lat' dir='ltr'><strong>commemoratione</strong></span> <span class='ocrx_word' id='word_1_63' title='bbox 1754 817 2031 891; x_wconf 67' lang='lat' dir='ltr'><strong>praedicta,</strong></span> <span class='ocrx_word' id='word_1_64' title='bbox 2056 817 2678 891; x_wconf 62' lang='lat' dir='ltr'><strong>clausulam&#39;adhibcnt,</strong></span> <span class='ocrx_word' id='word_1_65' title='bbox 2721 817 2940 891; x_wconf 85' lang='lat' dir='ltr'><strong>quovis</strong></span> <span class='ocrx_word' id='word_1_66' title='bbox 2970 825 3058 878; x_wconf 91' lang='lat' dir='ltr'><strong>die</strong></span> <span class='ocrx_word' id='word_1_67' title='bbox 3090 817 3409 885; x_wconf 59' lang='lat' dir='ltr'><strong>it&#39;erandam,</strong></span> <span class='ocrx_word' id='word_1_68' title='bbox 3459 825 3593 888; x_wconf 85' lang='grc' dir='ltr'><strong>Ταῖς</strong></span> <span class='ocrx_word' id='word_1_69' title='bbox 3647 817 3823 881; x_wconf 68' lang='grc' dir='ltr'>αὐτῶν</span> 
     </span>
    </p>
   </div>
   <div class='ocr_carea' id='block_1_9' title="bbox 582 887 2138 960">
    <p class='ocr_par' dir='ltr' id='par_1_9' title="bbox 582 887 2118 960">
     <span class='ocr_line' id='line_1_9' title="bbox 582 887 2118 960; baseline 0 -18"><span class='ocrx_word' id='word_1_70' title='bbox 582 890 768 957; x_wconf 78' lang='grc' dir='ltr'><strong>ἁγίαις</strong></span> <span class='ocrx_word' id='word_1_71' title='bbox 795 889 1135 960; x_wconf 73' lang='grc' dir='ltr'>πρεσϐείαις,</span> <span class='ocrx_word' id='word_1_72' title='bbox 1162 889 1192 941; x_wconf 87' lang='lat'><strong>6</strong></span> <span class='ocrx_word' id='word_1_73' title='bbox 1218 888 1369 953; x_wconf 91' lang='grc' dir='ltr'>Θεὸς,</span> <span class='ocrx_word' id='word_1_74' title='bbox 1389 887 1725 959; x_wconf 47' lang='grc' dir='ltr'>έλέησονικαὶ</span> <span class='ocrx_word' id='word_1_75' title='bbox 1754 887 1927 952; x_wconf 79' lang='grc' dir='ltr'>ζῶσον</span> <span class='ocrx_word' id='word_1_76' title='bbox 1952 891 2118 959; x_wconf 78' lang='grc' dir='ltr'>ἡμᾶς.</span> 
     </span>
    </p>
   </div>
   <div class='ocr_carea' id='block_1_10' title="bbox 2242 887 3822 960">
    <p class='ocr_par' dir='ltr' id='par_1_10' title="bbox 2242 887 3822 960">
     <span class='ocr_line' id='line_1_10' title="bbox 2242 887 3822 960; baseline 0.005 -17"><span class='ocrx_word' id='word_1_77' title='bbox 2242 906 2385 944; x_wconf 82' lang='lat' dir='ltr'><strong>orum</strong></span> <span class='ocrx_word' id='word_1_78' title='bbox 2404 892 2603 945; x_wconf 91' lang='lat' dir='ltr'><strong>sanctis</strong></span> <span class='ocrx_word' id='word_1_79' title='bbox 2623 887 2876 960; x_wconf 75' lang='lat' dir='ltr'><strong>precibus</strong></span> <span class='ocrx_word' id='word_1_80' title='bbox 2905 895 3163 949; x_wconf 83' lang='lat' dir='ltr'><strong>miserere</strong></span> <span class='ocrx_word' id='word_1_81' title='bbox 3191 896 3369 957; x_wconf 88' lang='lat' dir='ltr'><strong>nobis,</strong></span> <span class='ocrx_word' id='word_1_82' title='bbox 3394 896 3558 959; x_wconf 88' lang='lat' dir='ltr'><strong>Deus,</strong></span> <span class='ocrx_word' id='word_1_83' title='bbox 3577 887 3638 950; x_wconf 84' lang='lat' dir='ltr'><strong>et</strong></span> <span class='ocrx_word' id='word_1_84' title='bbox 3675 899 3822 951; x_wconf 84' lang='lat' dir='ltr'><strong>salva</strong></span> 
     </span>
    </p>
   </div>
   <div class='ocr_carea' id='block_1_11' title="bbox 584 974 779 1015">
    <p class='ocr_par' dir='ltr' id='par_1_11' title="bbox 584 974 779 1015">
     <span class='ocr_line' id='line_1_11' title="bbox 584 974 779 1015; baseline 0.005 -4"><span class='ocrx_word' id='word_1_85' title='bbox 584 974 703 1015; x_wconf 75' lang='lat' dir='ltr'><strong>nos.</strong></span> <span class='ocrx_word' id='word_1_86' title='bbox 758 978 779 1012; x_wconf 74' lang='grc' dir='ltr'>ι</span> 
     </span>
    </p>
   </div>
   <div class='ocr_carea' id='block_1_12' title="bbox 874 960 3823 1035">
    <p class='ocr_par' dir='ltr' id='par_1_12' title="bbox 874 960 3823 1035">
     <span class='ocr_line' id='line_1_12' title="bbox 874 960 3823 1035; baseline 0.002 -20"><span class='ocrx_word' id='word_1_87' title='bbox 874 978 904 1015; x_wconf 83' lang='lat' dir='ltr'><strong>x</strong></span> <span class='ocrx_word' id='word_1_88' title='bbox 944 962 1071 1016; x_wconf 88' lang='lat' dir='ltr'><strong>hinc</strong></span> <span class='ocrx_word' id='word_1_89' title='bbox 1116 961 1406 1035; x_wconf 76' lang='lat' dir='ltr'><strong>resumitur</strong></span> <span class='ocrx_word' id='word_1_90' title='bbox 1432 969 1625 1035; x_wconf 78' lang='lat' dir='ltr'><strong>cantus</strong></span> <span class='ocrx_word' id='word_1_91' title='bbox 1661 960 1820 1012; x_wconf 89' lang='lat' dir='ltr'><strong>trium</strong></span> <span class='ocrx_word' id='word_1_92' title='bbox 1846 962 2323 1035; x_wconf 84' lang='lat' dir='ltr'><strong>canonum_eodem</strong></span> <span class='ocrx_word' id='word_1_93' title='bbox 2365 977 2474 1030; x_wconf 93' lang='lat' dir='ltr'><strong>quo</strong></span> <span class='ocrx_word' id='word_1_94' title='bbox 2505 977 2671 1035; x_wconf 78' lang='lat' dir='ltr'><strong>supra</strong></span> <span class='ocrx_word' id='word_1_95' title='bbox 2697 965 2907 1017; x_wconf 86' lang='lat' dir='ltr'><strong>ordine.</strong></span> <span class='ocrx_word' id='word_1_96' title='bbox 2951 963 3251 1035; x_wconf 78' lang='lat' dir='ltr'><strong>Estautem</strong></span> <span class='ocrx_word' id='word_1_97' title='bbox 3280 964 3331 1017; x_wconf 92' lang='lat' dir='ltr'><strong>in</strong></span> <span class='ocrx_word' id='word_1_98' title='bbox 3357 964 3663 1030; x_wconf 78' lang='lat' dir='ltr'><strong>liujusmodi</strong></span> <span class='ocrx_word' id='word_1_99' title='bbox 3693 982 3823 1035; x_wconf 88' lang='lat' dir='ltr'><strong>poe-</strong></span> 
     </span>
    </p>
   </div>
   <div class='ocr_carea' id='block_1_13' title="bbox 594 1027 3823 1111">
    <p class='ocr_par' dir='ltr' id='par_1_13' title="bbox 594 1027 3823 1111">
     <span class='ocr_line' id='line_1_13' title="bbox 594 1027 3823 1111; baseline 0.003 -31"><span class='ocrx_word' id='word_1_100' title='bbox 594 1031 752 1111; x_wconf 84' lang='lat' dir='ltr'><strong>matis</strong></span> <span class='ocrx_word' id='word_1_101' title='bbox 797 1044 1080 1111; x_wconf 82' lang='lat' dir='ltr'><strong>perquam</strong></span> <span class='ocrx_word' id='word_1_102' title='bbox 1112 1029 1393 1111; x_wconf 72' lang='lat' dir='ltr'><strong>usitatum,</strong></span> <span class='ocrx_word' id='word_1_103' title='bbox 1416 1039 1494 1111; x_wconf 47' lang='lat' dir='ltr'><strong>.u_t</strong></span> <span class='ocrx_word' id='word_1_104' title='bbox 1528 1027 1838 1111; x_wconf 69' lang='lat' dir='ltr'><strong>ultimarum</strong></span> <span class='ocrx_word' id='word_1_105' title='bbox 1875 1037 2046 1111; x_wconf 70' lang='lat' dir='ltr'><strong>trium_</strong></span> <span class='ocrx_word' id='word_1_106' title='bbox 2068 1027 2591 1111; x_wconf 53' lang='lat' dir='ltr'><strong>odarum__stroph§e</strong></span> <span class='ocrx_word' id='word_1_107' title='bbox 2625 1048 2717 1111; x_wconf 65' lang='lat' dir='ltr'><strong>seu</strong></span> <span class='ocrx_word' id='word_1_108' title='bbox 2747 1036 2999 1111; x_wconf 30' lang='lat' dir='ltr'><strong>‘tropnria</strong></span> <span class='ocrx_word' id='word_1_109' title='bbox 3030 1034 3236 1103; x_wconf 73' lang='lat' dir='ltr'><strong>singula</strong></span> <span class='ocrx_word' id='word_1_110' title='bbox 3284 1027 3471 1087; x_wconf 83' lang='lat' dir='ltr'><strong>eodem</strong></span> <span class='ocrx_word' id='word_1_111' title='bbox 3498 1036 3611 1089; x_wconf 88' lang='lat' dir='ltr'><strong>l&#39;ere</strong></span> <span class='ocrx_word' id='word_1_112' title='bbox 3665 1027 3823 1091; x_wconf 77' lang='lat' dir='ltr'><strong>modo</strong></span> 
     </span>
    </p>
   </div>
   <div class='ocr_carea' id='block_1_14' title="bbox 584 1098 2138 1226">
    <p class='ocr_par' dir='ltr' id='par_1_14' title="bbox 584 1098 2138 1226">
     <span class='ocr_line' id='line_1_14' title="bbox 584 1098 2138 1168; baseline 0.001 -17"><span class='ocrx_word' id='word_1_113' title='bbox 584 1098 982 1168; x_wconf 79' lang='lat' dir='ltr'><strong>terminentur;</strong></span> <span class='ocrx_word' id='word_1_114' title='bbox 1031 1109 1086 1153; x_wconf 95' lang='lat' dir='ltr'><strong>ut</strong></span> <span class='ocrx_word' id='word_1_115' title='bbox 1116 1100 1168 1153; x_wconf 93' lang='lat' dir='ltr'><strong>in</strong></span> <span class='ocrx_word' id='word_1_116' title='bbox 1203 1102 1305 1152; x_wconf 91' lang='lat' dir='ltr'><strong>ode</strong></span> <span class='ocrx_word' id='word_1_117' title='bbox 1341 1098 1554 1166; x_wconf 80' lang='lat' dir='ltr'><strong>quidem</strong></span> <span class='ocrx_word' id='word_1_118' title='bbox 1585 1100 1812 1166; x_wconf 86' lang='lat' dir='ltr'><strong>septima</strong></span> <span class='ocrx_word' id='word_1_119' title='bbox 1844 1098 2081 1152; x_wconf 86' lang='lat' dir='ltr'><strong>clausula</strong></span> <span class='ocrx_word' id='word_1_120' title='bbox 2118 1116 2138 1153; x_wconf 89' lang='lat' dir='ltr'><strong>s</strong></span> 
     </span>
     <span class='ocr_line' id='line_1_15' title="bbox 584 1167 2107 1226; baseline -0.001 -4"><span class='ocrx_word' id='word_1_121' title='bbox 584 1170 721 1224; x_wconf 77' lang='lat' dir='ltr'><strong>lleus</strong></span> <span class='ocrx_word' id='word_1_122' title='bbox 746 1179 954 1226; x_wconf 89' lang='lat' dir='ltr'><strong>natrum</strong></span> <span class='ocrx_word' id='word_1_123' title='bbox 982 1178 1288 1223; x_wconf 88' lang='lat' dir='ltr'><strong>nostrorum</strong></span> <span class='ocrx_word' id='word_1_124' title='bbox 1309 1185 1323 1226; x_wconf 89' lang='lat'><strong>:</strong></span> <span class='ocrx_word' id='word_1_125' title='bbox 1349 1186 1370 1219; x_wconf 72' lang='grc' dir='ltr'><strong>ι</strong></span> <span class='ocrx_word' id='word_1_126' title='bbox 1394 1171 1447 1221; x_wconf 88' lang='lat' dir='ltr'><strong>in</strong></span> <span class='ocrx_word' id='word_1_127' title='bbox 1464 1180 1679 1226; x_wconf 79' lang='lat' dir='ltr'><strong>octava.</strong></span> <span class='ocrx_word' id='word_1_128' title='bbox 1704 1167 1988 1226; x_wconf 81' lang='grc' dir='ltr'>Εὑλογείτε</span> <span class='ocrx_word' id='word_1_129' title='bbox 2012 1169 2107 1221; x_wconf 78' lang='grc' dir='ltr'><strong>καὶ</strong></span> 
     </span>
    </p>
   </div>
   <div class='ocr_carea' id='block_1_15' title="bbox 2242 1098 3823 1226">
    <p class='ocr_par' dir='ltr' id='par_1_15' title="bbox 2250 1098 3823 1226">
     <span class='ocr_line' id='line_1_16' title="bbox 2286 1098 3823 1180; baseline 0.005 -28"><span class='ocrx_word' id='word_1_130' title='bbox 2286 1100 2601 1180; x_wconf 53' lang='grc' dir='ltr'>Ἐυξογητὸς</span> <span class='ocrx_word' id='word_1_131' title='bbox 2621 1104 2650 1153; x_wconf 89' lang='grc' dir='ltr'><strong>ό</strong></span> <span class='ocrx_word' id='word_1_132' title='bbox 2672 1103 2803 1166; x_wconf 86' lang='grc' dir='ltr'>Θεὸς</span> <span class='ocrx_word' id='word_1_133' title='bbox 2838 1098 2945 1157; x_wconf 80' lang='grc' dir='ltr'><strong>τῶν</strong></span> <span class='ocrx_word' id='word_1_134' title='bbox 2974 1098 3225 1174; x_wconf 76' lang='grc' dir='ltr'>πατέρων</span> <span class='ocrx_word' id='word_1_135' title='bbox 3258 1106 3289 1175; x_wconf 82' lang='grc' dir='ltr'><strong>ή</strong></span> <span class='ocrx_word' id='word_1_136' title='bbox 3348 1102 3465 1156; x_wconf 60' lang='lat' dir='ltr'><strong>&quot;VA</strong></span> <span class='ocrx_word' id='word_1_137' title='bbox 3504 1103 3823 1160; x_wconf 78' lang='lat' dir='ltr'><strong>Benedictus</strong></span> 
     </span>
     <span class='ocr_line' id='line_1_17' title="bbox 2250 1121 3823 1226; baseline 0 0"><span class='ocrx_word' id='word_1_138' title='bbox 2250 1170 2482 1226; x_wconf 78' lang='grc' dir='ltr'>ρυψουτε</span> <span class='ocrx_word' id='word_1_139' title='bbox 2516 1174 2595 1226; x_wconf 83' lang='grc' dir='ltr'><strong>είς</strong></span> <span class='ocrx_word' id='word_1_140' title='bbox 2622 1174 2830 1226; x_wconf 76' lang='grc' dir='ltr'>πάντας</span> <span class='ocrx_word' id='word_1_141' title='bbox 2860 1176 2988 1226; x_wconf 77' lang='grc' dir='ltr'>τοὺς</span> <span class='ocrx_word' id='word_1_142' title='bbox 3013 1174 3217 1226; x_wconf 73' lang='grc' dir='ltr'>αἰῶνας</span> <span class='ocrx_word' id='word_1_143' title='bbox 3244 1192 3263 1224; x_wconf 82' lang='grc' dir='ltr'>ι</span> <span class='ocrx_word' id='word_1_144' title='bbox 3297 1121 3602 1226; x_wconf 50' lang='lat' dir='ltr'><strong>ﬁgitedicite</strong></span> <span class='ocrx_word' id='word_1_145' title='bbox 3649 1186 3705 1226; x_wconf 84' lang='lat' dir='ltr'><strong>et</strong></span> <span class='ocrx_word' id='word_1_146' title='bbox 3735 1190 3823 1226; x_wconf 83' lang='lat' dir='ltr'><strong>su-</strong></span> 
     </span>
    </p>
   </div>
   <div class='ocr_carea' id='block_1_16' title="bbox 3337 1188 3367 1227">
    <p class='ocr_par' dir='ltr' id='par_1_16' title="bbox 3337 1188 3367 1227">
     <span class='ocr_line' id='line_1_18' title="bbox 3337 1188 3367 1227; baseline 0 -3"><span class='ocrx_word' id='word_1_147' title='bbox 3337 1188 3367 1227; x_wconf 72' lang='grc' dir='ltr'><strong>Θ</strong></span> 
     </span>
    </p>
   </div>
   <div class='ocr_carea' id='block_1_17' title="bbox 581 1167 2387 1241">
    <p class='ocr_par' dir='ltr' id='par_1_17' title="bbox 581 1167 2387 1241">
     <span class='ocr_line' id='line_1_19' title="bbox 581 1167 2387 1241; baseline 0 -19"><span class='ocrx_word' id='word_1_148' title='bbox 581 1170 721 1224; x_wconf 84' lang='lat' dir='ltr'><strong>Deus</strong></span> <span class='ocrx_word' id='word_1_149' title='bbox 746 1179 954 1241; x_wconf 83' lang='lat' dir='ltr'><strong>patrum</strong></span> <span class='ocrx_word' id='word_1_150' title='bbox 971 1167 1323 1241; x_wconf 78' lang='lat' dir='ltr'><strong>nostrorum;</strong></span> <span class='ocrx_word' id='word_1_151' title='bbox 1349 1186 1375 1241; x_wconf 56' lang='grc' dir='ltr'>ι</span> <span class='ocrx_word' id='word_1_152' title='bbox 1394 1171 1447 1221; x_wconf 89' lang='lat' dir='ltr'><strong>in</strong></span> <span class='ocrx_word' id='word_1_153' title='bbox 1464 1180 1679 1241; x_wconf 79' lang='lat' dir='ltr'><strong>octava,</strong></span> <span class='ocrx_word' id='word_1_154' title='bbox 1704 1167 1988 1241; x_wconf 63' lang='grc' dir='ltr'>Εὑλογεςίτε</span> <span class='ocrx_word' id='word_1_155' title='bbox 2012 1169 2107 1221; x_wconf 78' lang='grc' dir='ltr'><strong>καὶ</strong></span> <span class='ocrx_word' id='word_1_156' title='bbox 2142 1170 2387 1241; x_wconf 78' lang='grc' dir='ltr'>ὑπερυψο</span> 
     </span>
    </p>
   </div>
   <div class='ocr_carea' id='block_1_18' title="bbox 2390 1170 3824 1238">
    <p class='ocr_par' dir='ltr' id='par_1_18' title="bbox 2390 1170 3824 1238">
     <span class='ocr_line' id='line_1_20' title="bbox 2390 1170 3824 1238; baseline 0.006 -16"><span class='ocrx_word' id='word_1_157' title='bbox 2390 1170 2482 1223; x_wconf 86' lang='grc' dir='ltr'>ὖτε</span> <span class='ocrx_word' id='word_1_158' title='bbox 2500 1170 2595 1233; x_wconf 85' lang='grc' dir='ltr'><strong>είς</strong></span> <span class='ocrx_word' id='word_1_159' title='bbox 2622 1174 2830 1237; x_wconf 80' lang='grc' dir='ltr'>πάντας</span> <span class='ocrx_word' id='word_1_160' title='bbox 2860 1176 2988 1237; x_wconf 82' lang='grc' dir='ltr'>τοὺς</span> <span class='ocrx_word' id='word_1_161' title='bbox 3013 1170 3217 1238; x_wconf 73' lang='grc' dir='ltr'>αἰῶνας</span> <span class='ocrx_word' id='word_1_162' title='bbox 3244 1170 3602 1227; x_wconf 72' lang='grc' dir='ltr'><strong>ι’ΒειιειΙίοἰιε</strong></span> <span class='ocrx_word' id='word_1_163' title='bbox 3649 1186 3705 1230; x_wconf 87' lang='lat' dir='ltr'><strong>et</strong></span> <span class='ocrx_word' id='word_1_164' title='bbox 3735 1190 3824 1229; x_wconf 83' lang='lat' dir='ltr'><strong>su-</strong></span> 
     </span>
    </p>
   </div>
   <div class='ocr_carea' id='block_1_19' title="bbox 582 1237 3822 1322">
    <p class='ocr_par' dir='ltr' id='par_1_19' title="bbox 582 1237 3822 1322">
     <span class='ocr_line' id='line_1_21' title="bbox 582 1237 3822 1322; baseline 0.003 -33"><span class='ocrx_word' id='word_1_165' title='bbox 582 1237 915 1322; x_wconf 79' lang='lat' dir='ltr'><strong>pere_xaltate</strong></span> <span class='ocrx_word' id='word_1_166' title='bbox 947 1242 1006 1321; x_wconf 83' lang='lat' dir='ltr'><strong>in_</strong></span> <span class='ocrx_word' id='word_1_167' title='bbox 1027 1238 1276 1322; x_wconf 33' lang='lat' dir='ltr'><strong>saecula,</strong></span> <span class='ocrx_word' id='word_1_168' title='bbox 1303 1260 1325 1290; x_wconf 75' lang='grc' dir='ltr'><strong>ι</strong></span> <span class='ocrx_word' id='word_1_169' title='bbox 1363 1239 1415 1322; x_wconf 78' lang='lat' dir='ltr'><strong>in</strong></span> <span class='ocrx_word' id='word_1_170' title='bbox 1448 1253 1588 1322; x_wconf 70' lang='lat' dir='ltr'><strong>nona</strong></span> <span class='ocrx_word' id='word_1_171' title='bbox 1630 1240 1861 1305; x_wconf 90' lang='lat' dir='ltr'><strong>denique</strong></span> <span class='ocrx_word' id='word_1_172' title='bbox 1893 1237 2523 1322; x_wconf 50' lang='lat' dir='ltr'><strong>frequenteturlerbum</strong></span> <span class='ocrx_word' id='word_1_173' title='bbox 2544 1242 2877 1322; x_wconf 56' lang='grc' dir='ltr'>Μεγαλύνειν</span> <span class='ocrx_word' id='word_1_174' title='bbox 2898 1285 2913 1311; x_wconf 83' lang='grc'><strong>,</strong></span> <span class='ocrx_word' id='word_1_175' title='bbox 2946 1263 2963 1295; x_wconf 80' lang='grc' dir='ltr'>ι</span> <span class='ocrx_word' id='word_1_176' title='bbox 2996 1237 3339 1313; x_wconf 86' lang='lat' dir='ltr'><strong>tnagnilicare</strong></span> <span class='ocrx_word' id='word_1_177' title='bbox 3365 1262 3379 1297; x_wconf 92' lang='lat'><strong>:</strong></span> <span class='ocrx_word' id='word_1_178' title='bbox 3410 1260 3429 1293; x_wconf 76' lang='grc' dir='ltr'>ι</span> <span class='ocrx_word' id='word_1_179' title='bbox 3456 1252 3515 1296; x_wconf 91' lang='lat' dir='ltr'><strong>ut</strong></span> <span class='ocrx_word' id='word_1_180' title='bbox 3541 1245 3822 1300; x_wconf 88' lang='lat' dir='ltr'><strong>videantur</strong></span> 
     </span>
    </p>
   </div>
   <div class='ocr_carea' id='block_1_20' title="bbox 578 1308 3823 1383">
    <p class='ocr_par' dir='ltr' id='par_1_20' title="bbox 578 1308 3823 1383">
     <span class='ocr_line' id='line_1_22' title="bbox 578 1308 3823 1383; baseline 0.003 -21"><span class='ocrx_word' id='word_1_181' title='bbox 578 1312 824 1383; x_wconf 63' lang='lat' dir='ltr'><strong>quagdam</strong></span> <span class='ocrx_word' id='word_1_182' title='bbox 855 1308 1317 1383; x_wconf 79' lang='lat' dir='ltr'><strong>quasidispositio</strong></span> <span class='ocrx_word' id='word_1_183' title='bbox 1347 1309 1416 1364; x_wconf 91' lang='lat' dir='ltr'><strong>ad</strong></span> <span class='ocrx_word' id='word_1_184' title='bbox 1455 1308 1666 1372; x_wconf 89' lang='lat' dir='ltr'><strong>laudes,</strong></span> <span class='ocrx_word' id='word_1_185' title='bbox 1692 1321 1814 1377; x_wconf 62' lang='lat' dir='ltr'><strong>qua</strong></span> <span class='ocrx_word' id='word_1_186' title='bbox 1846 1317 1972 1362; x_wconf 90' lang='lat' dir='ltr'><strong>sunt</strong></span> <span class='ocrx_word' id='word_1_187' title='bbox 2002 1316 2249 1364; x_wconf 81' lang='lat' dir='ltr'><strong>extrema</strong></span> <span class='ocrx_word' id='word_1_188' title='bbox 2278 1308 2527 1366; x_wconf 71' lang='lat' dir='ltr'><strong>Matutini</strong></span> <span class='ocrx_word' id='word_1_189' title='bbox 2572 1309 2732 1367; x_wconf 80' lang='lat' dir='ltr'><strong>oﬂlcii</strong></span> <span class='ocrx_word' id='word_1_190' title='bbox 2774 1308 2907 1383; x_wconf 82' lang='lat' dir='ltr'><strong>pars</strong></span> <span class='ocrx_word' id='word_1_191' title='bbox 2925 1328 2988 1368; x_wconf 91' lang='lat' dir='ltr'><strong>ac</strong></span> <span class='ocrx_word' id='word_1_192' title='bbox 3016 1308 3142 1369; x_wconf 70' lang='lat' dir='ltr'><strong>vere</strong></span> <span class='ocrx_word' id='word_1_193' title='bbox 3169 1313 3459 1377; x_wconf 78' lang='lat' dir='ltr'><strong>Matutina,</strong></span> <span class='ocrx_word' id='word_1_194' title='bbox 3505 1313 3587 1368; x_wconf 82' lang='lat' dir='ltr'><strong>uti</strong></span> <span class='ocrx_word' id='word_1_195' title='bbox 3613 1316 3823 1371; x_wconf 82' lang='lat' dir='ltr'><strong>dicetur</strong></span> 
     </span>
    </p>
   </div>
   <div class='ocr_carea' id='block_1_21' title="bbox 576 1380 1051 1448">
    <p class='ocr_par' dir='ltr' id='par_1_21' title="bbox 576 1380 1051 1448">
     <span class='ocr_line' id='line_1_23' title="bbox 576 1380 1051 1448; baseline 0.002 -16"><span class='ocrx_word' id='word_1_196' title='bbox 576 1380 757 1446; x_wconf 80' lang='lat' dir='ltr'><strong>capite</strong></span> <span class='ocrx_word' id='word_1_197' title='bbox 785 1380 1051 1448; x_wconf 76' lang='lat' dir='ltr'><strong>sequenti.</strong></span> 
     </span>
    </p>
   </div>
   <div class='ocr_carea' id='block_1_22' title="bbox 1093 1538 1607 1598">
    <p class='ocr_par' dir='ltr' id='par_1_22' title="bbox 1093 1538 1607 1598">
     <span class='ocr_line' id='line_1_24' title="bbox 1093 1538 1607 1598; baseline 0.008 -4"><span class='ocrx_word' id='word_1_198' title='bbox 1093 1538 1233 1595; x_wconf 86' lang='lat' dir='ltr'><strong>ODE</strong></span> <span class='ocrx_word' id='word_1_199' title='bbox 1273 1543 1330 1597; x_wconf 85' lang='grc'><strong>’7.</strong></span> <span class='ocrx_word' id='word_1_200' title='bbox 1369 1542 1607 1598; x_wconf 82' lang='lat' dir='ltr'><strong>Hirmus.</strong></span> 
     </span>
    </p>
   </div>
   <div class='ocr_carea' id='block_1_23' title="bbox 649 1630 2146 1697">
    <p class='ocr_par' dir='ltr' id='par_1_23' title="bbox 649 1630 2146 1697">
     <span class='ocr_line' id='line_1_25' title="bbox 649 1630 2146 1697; baseline -0.005 -8"><span class='ocrx_word' id='word_1_201' title='bbox 649 1632 775 1689; x_wconf 66' lang='lat'><strong>192.</strong></span> <span class='ocrx_word' id='word_1_202' title='bbox 828 1635 964 1691; x_wconf 88' lang='lat' dir='ltr'><strong>Cum</strong></span> <span class='ocrx_word' id='word_1_203' title='bbox 1014 1634 1335 1690; x_wconf 86' lang='lat' dir='ltr'><strong>adoraretur</strong></span> <span class='ocrx_word' id='word_1_204' title='bbox 1382 1644 1560 1690; x_wconf 86' lang='lat' dir='ltr'><strong>statua</strong></span> <span class='ocrx_word' id='word_1_205' title='bbox 1610 1646 1777 1689; x_wconf 87' lang='lat' dir='ltr'><strong>aurea</strong></span> <span class='ocrx_word' id='word_1_206' title='bbox 1839 1630 1893 1684; x_wconf 88' lang='lat' dir='ltr'><strong>in</strong></span> <span class='ocrx_word' id='word_1_207' title='bbox 1955 1643 2146 1697; x_wconf 86' lang='lat' dir='ltr'><strong>campo</strong></span> 
     </span>
    </p>
   </div>
   <div class='ocr_carea' id='block_1_24' title="bbox 575 1720 2145 1798">
    <p class='ocr_par' dir='ltr' id='par_1_24' title="bbox 575 1720 2145 1798">
     <span class='ocr_line' id='line_1_26' title="bbox 575 1720 2145 1798; baseline -0.004 -17"><span class='ocrx_word' id='word_1_208' title='bbox 575 1727 767 1798; x_wconf 87' lang='lat' dir='ltr'><strong>Dura,</strong></span> <span class='ocrx_word' id='word_1_209' title='bbox 820 1735 931 1782; x_wconf 89' lang='lat' dir='ltr'><strong>tres</strong></span> <span class='ocrx_word' id='word_1_210' title='bbox 984 1726 1139 1797; x_wconf 90' lang='lat' dir='ltr'><strong>pueri</strong></span> <span class='ocrx_word' id='word_1_211' title='bbox 1187 1727 1262 1781; x_wconf 79' lang='lat' dir='ltr'><strong>tui</strong></span> <span class='ocrx_word' id='word_1_212' title='bbox 1315 1727 1707 1797; x_wconf 89' lang='lat' dir='ltr'><strong>proculcarunt</strong></span> <span class='ocrx_word' id='word_1_213' title='bbox 1761 1720 2145 1793; x_wconf 79' lang='lat' dir='ltr'><strong>impiissimum</strong></span> 
     </span>
    </p>
   </div>
   <div class='ocr_carea' id='block_1_25' title="bbox 513 1812 2146 1888">
    <p class='ocr_par' dir='ltr' id='par_1_25' title="bbox 513 1812 2146 1888">
     <span class='ocr_line' id='line_1_27' title="bbox 513 1812 2146 1888; baseline -0.003 -17"><span class='ocrx_word' id='word_1_214' title='bbox 513 1866 518 1871; x_wconf 90' lang='lat'><strong>.</strong></span> <span class='ocrx_word' id='word_1_215' title='bbox 576 1817 1200 1888; x_wconf 75' lang='lat' dir='ltr'><strong>mandatumzconjecti</strong></span> <span class='ocrx_word' id='word_1_216' title='bbox 1256 1829 1439 1875; x_wconf 89' lang='lat' dir='ltr'><strong>autem</strong></span> <span class='ocrx_word' id='word_1_217' title='bbox 1496 1819 1551 1873; x_wconf 90' lang='lat' dir='ltr'><strong>in</strong></span> <span class='ocrx_word' id='word_1_218' title='bbox 1585 1813 1823 1870; x_wconf 84' lang='lat' dir='ltr'><strong>medium</strong></span> <span class='ocrx_word' id='word_1_219' title='bbox 1880 1812 2096 1885; x_wconf 89' lang='lat' dir='ltr'><strong>igneum</strong></span> <span class='ocrx_word' id='word_1_220' title='bbox 2128 1850 2146 1877; x_wconf 95' lang='lat'><strong>,</strong></span> 
     </span>
    </p>
   </div>
   <div class='ocr_carea' id='block_1_26' title="bbox 575 1902 2149 1979">
    <p class='ocr_par' dir='ltr' id='par_1_26' title="bbox 575 1902 2149 1979">
     <span class='ocr_line' id='line_1_28' title="bbox 575 1902 2149 1979; baseline -0.003 -17"><span class='ocrx_word' id='word_1_221' title='bbox 575 1908 733 1977; x_wconf 76' lang='lat' dir='ltr'><strong>quasi</strong></span> <span class='ocrx_word' id='word_1_222' title='bbox 757 1922 881 1963; x_wconf 89' lang='lat' dir='ltr'><strong>rore</strong></span> <span class='ocrx_word' id='word_1_223' title='bbox 924 1906 1133 1979; x_wconf 84' lang='lat' dir='ltr'><strong>perfusi</strong></span> <span class='ocrx_word' id='word_1_224' title='bbox 1170 1907 1471 1979; x_wconf 86' lang='lat' dir='ltr'><strong>psallebant</strong></span> <span class='ocrx_word' id='word_1_225' title='bbox 1500 1905 1864 1962; x_wconf 83' lang='lat' dir='ltr'><strong>:Benedictus</strong></span> <span class='ocrx_word' id='word_1_226' title='bbox 1886 1918 1968 1970; x_wconf 86' lang='lat' dir='ltr'><strong>es,</strong></span> <span class='ocrx_word' id='word_1_227' title='bbox 2003 1902 2149 1958; x_wconf 87' lang='lat' dir='ltr'><strong>Deus</strong></span> 
     </span>
    </p>
   </div>
   <div class='ocr_carea' id='block_1_27' title="bbox 572 2009 1144 2069">
    <p class='ocr_par' dir='ltr' id='par_1_27' title="bbox 572 2009 1144 2069">
     <span class='ocr_line' id='line_1_29' title="bbox 572 2009 1144 2069; baseline -0.002 -16"><span class='ocrx_word' id='word_1_228' title='bbox 572 2009 785 2069; x_wconf 83' lang='lat' dir='ltr'><strong>patrum</strong></span> <span class='ocrx_word' id='word_1_229' title='bbox 820 2009 1144 2055; x_wconf 86' lang='lat' dir='ltr'><strong>nostrorum.</strong></span> 
     </span>
    </p>
   </div>
   <div class='ocr_carea' id='block_1_28' title="bbox 643 2085 2144 2160">
    <p class='ocr_par' dir='ltr' id='par_1_28' title="bbox 643 2085 2144 2160">
     <span class='ocr_line' id='line_1_30' title="bbox 643 2085 2144 2160; baseline -0.007 -12"><span class='ocrx_word' id='word_1_230' title='bbox 643 2093 700 2148; x_wconf 89' lang='lat' dir='ltr'><strong>ln</strong></span> <span class='ocrx_word' id='word_1_231' title='bbox 753 2106 969 2148; x_wconf 88' lang='lat' dir='ltr'><strong>crucem</strong></span> <span class='ocrx_word' id='word_1_232' title='bbox 1029 2089 1249 2147; x_wconf 79' lang='lat' dir='ltr'><strong>sullixus</strong></span> <span class='ocrx_word' id='word_1_233' title='bbox 1304 2088 1394 2160; x_wconf 91' lang='lat' dir='ltr'><strong>qui</strong></span> <span class='ocrx_word' id='word_1_234' title='bbox 1436 2102 1504 2144; x_wconf 84' lang='lat' dir='ltr'><strong>ex</strong></span> <span class='ocrx_word' id='word_1_235' title='bbox 1571 2096 1673 2154; x_wconf 89' lang='lat' dir='ltr'><strong>te,</strong></span> <span class='ocrx_word' id='word_1_236' title='bbox 1730 2086 1826 2141; x_wconf 86' lang='lat' dir='ltr'><strong>Dei</strong></span> <span class='ocrx_word' id='word_1_237' title='bbox 1875 2085 2144 2151; x_wconf 80' lang='lat' dir='ltr'><strong>Genitrix,</strong></span> 
     </span>
    </p>
   </div>
   <div class='ocr_carea' id='block_1_29' title="bbox 573 2178 2142 2256">
    <p class='ocr_par' dir='ltr' id='par_1_29' title="bbox 573 2178 2142 2256">
     <span class='ocr_line' id='line_1_31' title="bbox 573 2178 2142 2256; baseline -0.006 -15"><span class='ocrx_word' id='word_1_238' title='bbox 573 2200 773 2256; x_wconf 90' lang='lat' dir='ltr'><strong>corpus</strong></span> <span class='ocrx_word' id='word_1_239' title='bbox 803 2185 1123 2253; x_wconf 85' lang='lat' dir='ltr'><strong>assumpsit,</strong></span> <span class='ocrx_word' id='word_1_240' title='bbox 1148 2184 1341 2239; x_wconf 82' lang='lat' dir='ltr'><strong>Adami</strong></span> <span class='ocrx_word' id='word_1_241' title='bbox 1380 2183 1673 2253; x_wconf 89' lang='lat' dir='ltr'><strong>discerpsit</strong></span> <span class='ocrx_word' id='word_1_242' title='bbox 1700 2178 2142 2251; x_wconf 72' lang='lat' dir='ltr'><strong>chirographum.</strong></span> 
     </span>
    </p>
   </div>
   <div class='ocr_carea' id='block_1_30' title="bbox 572 2270 2147 2347">
    <p class='ocr_par' dir='ltr' id='par_1_30' title="bbox 572 2270 2147 2347">
     <span class='ocr_line' id='line_1_32' title="bbox 572 2270 2147 2347; baseline -0.006 -14"><span class='ocrx_word' id='word_1_243' title='bbox 572 2279 724 2333; x_wconf 89' lang='lat' dir='ltr'><strong>Illum</strong></span> <span class='ocrx_word' id='word_1_244' title='bbox 751 2292 893 2333; x_wconf 90' lang='lat' dir='ltr'><strong>nunc</strong></span> <span class='ocrx_word' id='word_1_245' title='bbox 919 2291 1165 2347; x_wconf 90' lang='lat' dir='ltr'><strong>precare,</strong></span> <span class='ocrx_word' id='word_1_246' title='bbox 1187 2276 1365 2330; x_wconf 86' lang='lat' dir='ltr'><strong>omnis</strong></span> <span class='ocrx_word' id='word_1_247' title='bbox 1387 2275 1523 2330; x_wconf 62' lang='lat' dir='ltr'><strong>navi</strong></span> <span class='ocrx_word' id='word_1_248' title='bbox 1553 2286 1770 2345; x_wconf 82' lang='lat' dir='ltr'><strong>expers,</strong></span> <span class='ocrx_word' id='word_1_249' title='bbox 1792 2281 1851 2327; x_wconf 88' lang='lat' dir='ltr'><strong>nt</strong></span> <span class='ocrx_word' id='word_1_250' title='bbox 1874 2286 1905 2326; x_wconf 75' lang='grc' dir='ltr'>ι</span> <span class='ocrx_word' id='word_1_251' title='bbox 1932 2270 2147 2325; x_wconf 87' lang='lat' dir='ltr'><strong>cunctis</strong></span> 
     </span>
    </p>
   </div>
   <div class='ocr_carea' id='block_1_31' title="bbox 570 2361 2144 2435">
    <p class='ocr_par' dir='ltr' id='par_1_31' title="bbox 570 2361 2144 2435">
     <span class='ocr_line' id='line_1_33' title="bbox 570 2361 2144 2435; baseline -0.006 -12"><span class='ocrx_word' id='word_1_252' title='bbox 570 2366 828 2435; x_wconf 89' lang='lat' dir='ltr'><strong>periculis</strong></span> <span class='ocrx_word' id='word_1_253' title='bbox 862 2365 1059 2421; x_wconf 87' lang='lat' dir='ltr'><strong>liberet</strong></span> <span class='ocrx_word' id='word_1_254' title='bbox 1110 2363 1299 2420; x_wconf 79' lang='lat' dir='ltr'><strong>ﬁdeles</strong></span> <span class='ocrx_word' id='word_1_255' title='bbox 1327 2363 1633 2420; x_wconf 79' lang='lat' dir='ltr'><strong>clamantes</strong></span> <span class='ocrx_word' id='word_1_256' title='bbox 1662 2381 1678 2418; x_wconf 90' lang='lat'><strong>:</strong></span> <span class='ocrx_word' id='word_1_257' title='bbox 1711 2361 2032 2417; x_wconf 78' lang='lat' dir='ltr'><strong>Benedictus</strong></span> <span class='ocrx_word' id='word_1_258' title='bbox 2059 2372 2144 2425; x_wconf 86' lang='lat' dir='ltr'><strong>es,</strong></span> 
     </span>
    </p>
   </div>
   <div class='ocr_carea' id='block_1_32' title="bbox 571 2462 1313 2529">
    <p class='ocr_par' dir='ltr' id='par_1_32' title="bbox 571 2462 1313 2529">
     <span class='ocr_line' id='line_1_34' title="bbox 571 2462 1313 2529; baseline -0.005 -16"><span class='ocrx_word' id='word_1_259' title='bbox 571 2462 712 2515; x_wconf 88' lang='lat' dir='ltr'><strong>Deus</strong></span> <span class='ocrx_word' id='word_1_260' title='bbox 742 2469 954 2528; x_wconf 87' lang='lat' dir='ltr'><strong>patrum</strong></span> <span class='ocrx_word' id='word_1_261' title='bbox 982 2467 1313 2529; x_wconf 53' lang='lat' dir='ltr'><strong>nostroyum.</strong></span> 
     </span>
    </p>
   </div>
   <div class='ocr_carea' id='block_1_33' title="bbox 642 2530 2141 2623">
    <p class='ocr_par' dir='ltr' id='par_1_33' title="bbox 642 2530 2141 2623">
     <span class='ocr_line' id='line_1_35' title="bbox 642 2530 2141 2623; baseline -0.013 -15"><span class='ocrx_word' id='word_1_262' title='bbox 642 2551 777 2623; x_wconf 90' lang='lat' dir='ltr'><strong>Spes</strong></span> <span class='ocrx_word' id='word_1_263' title='bbox 824 2553 963 2607; x_wconf 83' lang='lat' dir='ltr'><strong>bona</strong></span> <span class='ocrx_word' id='word_1_264' title='bbox 1006 2548 1447 2621; x_wconf 74' lang='lat' dir='ltr'><strong>exspectatioque</strong></span> <span class='ocrx_word' id='word_1_265' title='bbox 1488 2530 1867 2605; x_wconf 77' lang='lat' dir='ltr'><strong>lideiiumes,o</strong></span> <span class='ocrx_word' id='word_1_266' title='bbox 1894 2537 2141 2604; x_wconf 82' lang='lat' dir='ltr'><strong>Domina,</strong></span> 
     </span>
    </p>
   </div>
   <div class='ocr_carea' id='block_1_34' title="bbox 567 2629 2139 2714">
    <p class='ocr_par' dir='ltr' id='par_1_34' title="bbox 567 2629 2139 2714">
     <span class='ocr_line' id='line_1_36' title="bbox 567 2629 2139 2714; baseline -0.011 -14"><span class='ocrx_word' id='word_1_267' title='bbox 567 2655 622 2700; x_wconf 88' lang='lat' dir='ltr'><strong>et</strong></span> <span class='ocrx_word' id='word_1_268' title='bbox 651 2644 761 2714; x_wconf 86' lang='lat' dir='ltr'><strong>jam</strong></span> <span class='ocrx_word' id='word_1_269' title='bbox 795 2644 1151 2714; x_wconf 87' lang='lat' dir='ltr'><strong>deprecamur</strong></span> <span class='ocrx_word' id='word_1_270' title='bbox 1179 2652 1253 2709; x_wconf 89' lang='lat' dir='ltr'><strong>te,</strong></span> <span class='ocrx_word' id='word_1_271' title='bbox 1284 2650 1344 2696; x_wconf 91' lang='lat' dir='ltr'><strong>ut</strong></span> <span class='ocrx_word' id='word_1_272' title='bbox 1372 2637 1619 2695; x_wconf 79' lang='lat' dir='ltr'><strong>eﬁ‘undas</strong></span> <span class='ocrx_word' id='word_1_273' title='bbox 1638 2629 2139 2692; x_wconf 86' lang='lat' dir='ltr'><strong>commiserationis</strong></span> 
     </span>
    </p>
   </div>
   <div class='ocr_carea' id='block_1_35' title="bbox 568 2721 2139 2807">
    <p class='ocr_par' dir='ltr' id='par_1_35' title="bbox 568 2721 2139 2807">
     <span class='ocr_line' id='line_1_37' title="bbox 568 2721 2139 2807; baseline -0.011 -16"><span class='ocrx_word' id='word_1_274' title='bbox 568 2737 794 2807; x_wconf 78' lang='lat' dir='ltr'><strong>pelagus</strong></span> <span class='ocrx_word' id='word_1_275' title='bbox 811 2749 972 2804; x_wconf 89' lang='lat' dir='ltr'><strong>super</strong></span> <span class='ocrx_word' id='word_1_276' title='bbox 994 2748 1201 2798; x_wconf 91' lang='lat' dir='ltr'><strong>omnes,</strong></span> <span class='ocrx_word' id='word_1_277' title='bbox 1232 2734 1285 2787; x_wconf 91' lang='lat' dir='ltr'><strong>in</strong></span> <span class='ocrx_word' id='word_1_278' title='bbox 1311 2744 1362 2786; x_wconf 93' lang='lat' dir='ltr'><strong>te</strong></span> <span class='ocrx_word' id='word_1_279' title='bbox 1390 2730 1748 2791; x_wconf 75' lang='lat' dir='ltr'><strong>conﬁdentes,</strong></span> <span class='ocrx_word' id='word_1_280' title='bbox 1774 2724 1912 2782; x_wconf 87' lang='lat' dir='ltr'><strong>etad</strong></span> <span class='ocrx_word' id='word_1_281' title='bbox 1939 2721 2139 2777; x_wconf 86' lang='lat' dir='ltr'><strong>Filium</strong></span> 
     </span>
    </p>
   </div>
   <div class='ocr_carea' id='block_1_36' title="bbox 569 2816 2141 2884">
    <p class='ocr_par' dir='ltr' id='par_1_36' title="bbox 569 2816 2141 2884">
     <span class='ocr_line' id='line_1_38' title="bbox 569 2816 2141 2884; baseline -0.01 -6"><span class='ocrx_word' id='word_1_282' title='bbox 569 2836 720 2879; x_wconf 88' lang='lat' dir='ltr'><strong>tuum</strong></span> <span class='ocrx_word' id='word_1_283' title='bbox 757 2823 1060 2879; x_wconf 86' lang='lat' dir='ltr'><strong>clamantes</strong></span> <span class='ocrx_word' id='word_1_284' title='bbox 1099 2840 1113 2876; x_wconf 87' lang='lat'><strong>:</strong></span> <span class='ocrx_word' id='word_1_285' title='bbox 1144 2820 1471 2876; x_wconf 84' lang='lat' dir='ltr'><strong>Benedictus</strong></span> <span class='ocrx_word' id='word_1_286' title='bbox 1497 2830 1592 2881; x_wconf 90' lang='lat' dir='ltr'><strong>es,</strong></span> <span class='ocrx_word' id='word_1_287' title='bbox 1624 2816 1766 2871; x_wconf 86' lang='lat' dir='ltr'><strong>Deus</strong></span> <span class='ocrx_word' id='word_1_288' title='bbox 1798 2822 2013 2884; x_wconf 86' lang='lat' dir='ltr'><strong>patrum</strong></span> <span class='ocrx_word' id='word_1_289' title='bbox 2053 2825 2141 2865; x_wconf 93' lang='lat' dir='ltr'><strong>no-</strong></span> 
     </span>
    </p>
   </div>
   <div class='ocr_carea' id='block_1_37' title="bbox 567 2922 829 2968">
    <p class='ocr_par' dir='ltr' id='par_1_37' title="bbox 567 2922 829 2968">
     <span class='ocr_line' id='line_1_39' title="bbox 567 2922 829 2968; baseline -0.004 0"><span class='ocrx_word' id='word_1_290' title='bbox 567 2922 829 2968; x_wconf 89' lang='lat' dir='ltr'><strong>strorum.</strong></span> 
     </span>
    </p>
   </div>
   <div class='ocr_carea' id='block_1_38' title="bbox 639 3002 2141 3079">
    <p class='ocr_par' dir='ltr' id='par_1_38' title="bbox 639 3002 2141 3079">
     <span class='ocr_line' id='line_1_40' title="bbox 639 3002 2141 3079; baseline -0.011 -16"><span class='ocrx_word' id='word_1_291' title='bbox 639 3005 947 3079; x_wconf 84' lang='lat' dir='ltr'><strong>Speciosam</strong></span> <span class='ocrx_word' id='word_1_292' title='bbox 979 3004 1277 3061; x_wconf 87' lang='lat' dir='ltr'><strong>salubrium</strong></span> <span class='ocrx_word' id='word_1_293' title='bbox 1329 3002 1703 3057; x_wconf 84' lang='lat' dir='ltr'><strong>mandatorum</strong></span> <span class='ocrx_word' id='word_1_294' title='bbox 1749 3006 1978 3059; x_wconf 78' lang='lat' dir='ltr'><strong>vestem,</strong></span> <span class='ocrx_word' id='word_1_295' title='bbox 2034 3007 2141 3063; x_wconf 86' lang='lat' dir='ltr'><strong>qua</strong></span> 
     </span>
    </p>
   </div>
   <div class='ocr_carea' id='block_1_39' title="bbox 568 3086 2141 3166">
    <p class='ocr_par' dir='ltr' id='par_1_39' title="bbox 568 3086 2141 3166">
     <span class='ocr_line' id='line_1_41' title="bbox 568 3086 2141 3166; baseline -0.011 -12"><span class='ocrx_word' id='word_1_296' title='bbox 568 3101 802 3155; x_wconf 83' lang='lat' dir='ltr'><strong>amictus</strong></span> <span class='ocrx_word' id='word_1_297' title='bbox 843 3097 919 3152; x_wconf 80' lang='lat' dir='ltr'><strong>fui</strong></span> <span class='ocrx_word' id='word_1_298' title='bbox 947 3098 999 3152; x_wconf 91' lang='lat' dir='ltr'><strong>in</strong></span> <span class='ocrx_word' id='word_1_299' title='bbox 1043 3096 1370 3166; x_wconf 88' lang='lat' dir='ltr'><strong>baptismate</strong></span> <span class='ocrx_word' id='word_1_300' title='bbox 1394 3134 1410 3161; x_wconf 91' lang='lat'><strong>,</strong></span> <span class='ocrx_word' id='word_1_301' title='bbox 1458 3091 1669 3161; x_wconf 89' lang='lat' dir='ltr'><strong>perdidi</strong></span> <span class='ocrx_word' id='word_1_302' title='bbox 1698 3105 1811 3159; x_wconf 80' lang='lat' dir='ltr'><strong>prm</strong></span> <span class='ocrx_word' id='word_1_303' title='bbox 1840 3086 2080 3148; x_wconf 91' lang='lat' dir='ltr'><strong>incuria,</strong></span> <span class='ocrx_word' id='word_1_304' title='bbox 2106 3097 2141 3137; x_wconf 90' lang='grc' dir='ltr'><strong>ο</strong></span> 
     </span>
    </p>
   </div>
   <div class='ocr_carea' id='block_1_40' title="bbox 568 3176 2139 3257">
    <p class='ocr_par' dir='ltr' id='par_1_40' title="bbox 568 3176 2139 3257">
     <span class='ocr_line' id='line_1_42' title="bbox 568 3176 2139 3257; baseline -0.012 -9"><span class='ocrx_word' id='word_1_305' title='bbox 568 3194 738 3248; x_wconf 89' lang='lat' dir='ltr'><strong>miser</strong></span> <span class='ocrx_word' id='word_1_306' title='bbox 765 3193 778 3245; x_wconf 78' lang='grc' dir='ltr'>ι</span> <span class='ocrx_word' id='word_1_307' title='bbox 820 3190 977 3245; x_wconf 82' lang='lat' dir='ltr'><strong>Nunc</strong></span> <span class='ocrx_word' id='word_1_308' title='bbox 996 3192 1063 3242; x_wconf 91' lang='lat' dir='ltr'><strong>ad</strong></span> <span class='ocrx_word' id='word_1_309' title='bbox 1100 3200 1174 3251; x_wconf 90' lang='lat' dir='ltr'><strong>te,</strong></span> <span class='ocrx_word' id='word_1_310' title='bbox 1206 3186 1396 3257; x_wconf 77' lang='lat' dir='ltr'><strong>Virgo,</strong></span> <span class='ocrx_word' id='word_1_311' title='bbox 1430 3184 1705 3253; x_wconf 82' lang='lat' dir='ltr'><strong>confugio,</strong></span> <span class='ocrx_word' id='word_1_312' title='bbox 1726 3189 1780 3236; x_wconf 92' lang='lat' dir='ltr'><strong>et</strong></span> <span class='ocrx_word' id='word_1_313' title='bbox 1805 3188 1930 3250; x_wconf 88' lang='lat' dir='ltr'><strong>peto</strong></span> <span class='ocrx_word' id='word_1_314' title='bbox 1958 3176 2139 3231; x_wconf 87' lang='lat' dir='ltr'><strong>tunica</strong></span> 
     </span>
    </p>
   </div>
   <div class='ocr_carea' id='block_1_41' title="bbox 570 3272 1574 3353">
    <p class='ocr_par' dir='ltr' id='par_1_41' title="bbox 570 3272 1574 3353">
     <span class='ocr_line' id='line_1_43' title="bbox 570 3272 1574 3353; baseline -0.009 -18"><span class='ocrx_word' id='word_1_315' title='bbox 570 3278 942 3353; x_wconf 63' lang='lat' dir='ltr'><strong>temperantiae</strong></span> <span class='ocrx_word' id='word_1_316' title='bbox 964 3292 1061 3347; x_wconf 92' lang='lat' dir='ltr'><strong>per</strong></span> <span class='ocrx_word' id='word_1_317' title='bbox 1096 3285 1148 3332; x_wconf 88' lang='lat' dir='ltr'><strong>te</strong></span> <span class='ocrx_word' id='word_1_318' title='bbox 1181 3276 1374 3331; x_wconf 90' lang='lat' dir='ltr'><strong>iterum</strong></span> <span class='ocrx_word' id='word_1_319' title='bbox 1405 3272 1574 3329; x_wconf 90' lang='lat' dir='ltr'><strong>indui.</strong></span> 
     </span>
    </p>
   </div>
   <div class='ocr_carea' id='block_1_42' title="bbox 639 3451 1821 3523">
    <p class='ocr_par' dir='ltr' id='par_1_42' title="bbox 639 3451 1821 3523">
     <span class='ocr_line' id='line_1_44' title="bbox 639 3451 1821 3523; baseline -0.012 -7"><span class='ocrx_word' id='word_1_320' title='bbox 639 3459 765 3516; x_wconf 72' lang='grc'>195.</span> <span class='ocrx_word' id='word_1_321' title='bbox 800 3458 972 3523; x_wconf 81' lang='lat' dir='ltr'><strong>Alius,</strong></span> <span class='ocrx_word' id='word_1_322' title='bbox 996 3458 1138 3512; x_wconf 84' lang='lat' dir='ltr'><strong>sicut</strong></span> <span class='ocrx_word' id='word_1_323' title='bbox 1175 3452 1444 3507; x_wconf 81' lang='grc' dir='ltr'>Ἀντίθεον</span> <span class='ocrx_word' id='word_1_324' title='bbox 1473 3451 1821 3523; x_wconf 81' lang='grc' dir='ltr'><strong>πρόσταγμα.</strong></span> 
     </span>
    </p>
   </div>
   <div class='ocr_carea' id='block_1_43' title="bbox 648 3538 2141 3622">
    <p class='ocr_par' dir='ltr' id='par_1_43' title="bbox 648 3538 2141 3622">
     <span class='ocr_line' id='line_1_45' title="bbox 648 3538 2141 3622; baseline -0.01 -15"><span class='ocrx_word' id='word_1_325' title='bbox 648 3560 982 3622; x_wconf 73' lang='grc' dir='ltr'>ωιιρθτιιιιιι,</span> <span class='ocrx_word' id='word_1_326' title='bbox 1034 3565 1068 3604; x_wconf 95' lang='lat' dir='ltr'><strong>o</strong></span> <span class='ocrx_word' id='word_1_327' title='bbox 1095 3547 1261 3609; x_wconf 84' lang='lat' dir='ltr'><strong>bcati,</strong></span> <span class='ocrx_word' id='word_1_328' title='bbox 1304 3554 1359 3601; x_wconf 89' lang='lat' dir='ltr'><strong>et</strong></span> <span class='ocrx_word' id='word_1_329' title='bbox 1382 3545 1660 3614; x_wconf 61' lang='lat' dir='ltr'><strong>fugitque!</strong></span> <span class='ocrx_word' id='word_1_330' title='bbox 1687 3550 1805 3597; x_wconf 90' lang='lat' dir='ltr'><strong>erat</strong></span> <span class='ocrx_word' id='word_1_331' title='bbox 1843 3549 1967 3595; x_wconf 85' lang='lat' dir='ltr'><strong>ante</strong></span> <span class='ocrx_word' id='word_1_332' title='bbox 2000 3538 2141 3594; x_wconf 87' lang='lat' dir='ltr'><strong>into-</strong></span> 
     </span>
    </p>
   </div>
   <div class='ocr_carea' id='block_1_44' title="bbox 568 3632 2137 3699">
    <p class='ocr_par' dir='ltr' id='par_1_44' title="bbox 568 3632 2137 3699">
     <span class='ocr_line' id='line_1_46' title="bbox 568 3632 2137 3699; baseline -0.006 -5"><span class='ocrx_word' id='word_1_333' title='bbox 568 3640 809 3696; x_wconf 86' lang='lat' dir='ltr'><strong>lerabilis</strong></span> <span class='ocrx_word' id='word_1_334' title='bbox 848 3638 1077 3693; x_wconf 85' lang='lat' dir='ltr'><strong>audacia</strong></span> <span class='ocrx_word' id='word_1_335' title='bbox 1128 3637 1414 3690; x_wconf 69' lang='lat' dir='ltr'><strong>haeresum.</strong></span> <span class='ocrx_word' id='word_1_336' title='bbox 1476 3632 1544 3685; x_wconf 86' lang='lat' dir='ltr'><strong>Et</strong></span> <span class='ocrx_word' id='word_1_337' title='bbox 1576 3646 1702 3686; x_wconf 86' lang='lat' dir='ltr'><strong>cera</strong></span> <span class='ocrx_word' id='word_1_338' title='bbox 1753 3632 2058 3699; x_wconf 88' lang='lat' dir='ltr'><strong>liquescens</strong></span> <span class='ocrx_word' id='word_1_339' title='bbox 2106 3645 2137 3684; x_wconf 84' lang='lat' dir='ltr'><strong>a</strong></span> 
     </span>
    </p>
   </div>
   <div class='ocr_carea' id='block_1_45' title="bbox 567 3719 2137 3802">
    <p class='ocr_par' dir='ltr' id='par_1_45' title="bbox 567 3719 2137 3802">
     <span class='ocr_line' id='line_1_47' title="bbox 567 3719 2137 3802; baseline -0.006 -18"><span class='ocrx_word' id='word_1_340' title='bbox 567 3732 706 3787; x_wconf 76' lang='lat' dir='ltr'><strong>facie</strong></span> <span class='ocrx_word' id='word_1_341' title='bbox 741 3729 881 3802; x_wconf 87' lang='lat' dir='ltr'><strong>ignis</strong></span> <span class='ocrx_word' id='word_1_342' title='bbox 911 3727 1220 3784; x_wconf 87' lang='lat' dir='ltr'><strong>ostenditur</strong></span> <span class='ocrx_word' id='word_1_343' title='bbox 1243 3740 1365 3780; x_wconf 88' lang='lat' dir='ltr'><strong>esse</strong></span> <span class='ocrx_word' id='word_1_344' title='bbox 1393 3723 1621 3794; x_wconf 84' lang='lat' dir='ltr'><strong>quodvis</strong></span> <span class='ocrx_word' id='word_1_345' title='bbox 1650 3721 2011 3775; x_wconf 83' lang='lat' dir='ltr'><strong>adulterinum</strong></span> <span class='ocrx_word' id='word_1_346' title='bbox 2039 3719 2137 3775; x_wconf 86' lang='lat' dir='ltr'><strong>do-</strong></span> 
     </span>
    </p>
   </div>
   <div class='ocr_carea' id='block_1_46' title="bbox 567 3812 2138 3893">
    <p class='ocr_par' dir='ltr' id='par_1_46' title="bbox 567 3812 2138 3893">
     <span class='ocr_line' id='line_1_48' title="bbox 567 3812 2138 3893; baseline -0.008 -16"><span class='ocrx_word' id='word_1_347' title='bbox 567 3838 712 3893; x_wconf 84' lang='lat' dir='ltr'><strong>gma,</strong></span> <span class='ocrx_word' id='word_1_348' title='bbox 740 3821 883 3893; x_wconf 91' lang='lat' dir='ltr'><strong>quod</strong></span> <span class='ocrx_word' id='word_1_349' title='bbox 915 3820 1205 3893; x_wconf 88' lang='lat' dir='ltr'><strong>opponitur</strong></span> <span class='ocrx_word' id='word_1_350' title='bbox 1239 3817 1437 3873; x_wconf 84' lang='lat' dir='ltr'><strong>vestris</strong></span> <span class='ocrx_word' id='word_1_351' title='bbox 1467 3814 1672 3879; x_wconf 87' lang='lat' dir='ltr'><strong>verbis,</strong></span> <span class='ocrx_word' id='word_1_352' title='bbox 1705 3814 1886 3885; x_wconf 90' lang='lat' dir='ltr'><strong>ignem</strong></span> <span class='ocrx_word' id='word_1_353' title='bbox 1920 3812 2138 3881; x_wconf 77' lang='lat' dir='ltr'><strong>spiran-</strong></span> 
     </span>
    </p>
   </div>
   <div class='ocr_carea' id='block_1_47' title="bbox 567 3919 731 3972">
    <p class='ocr_par' dir='ltr' id='par_1_47' title="bbox 567 3919 731 3972">
     <span class='ocr_line' id='line_1_49' title="bbox 567 3919 731 3972; baseline -0.006 -2"><span class='ocrx_word' id='word_1_354' title='bbox 567 3919 731 3972; x_wconf 86' lang='lat' dir='ltr'><strong>tibus.</strong></span> 
     </span>
    </p>
   </div>
   <div class='ocr_carea' id='block_1_48' title="bbox 651 3999 2140 4071">
    <p class='ocr_par' dir='ltr' id='par_1_48' title="bbox 651 3999 2140 4071">
     <span class='ocr_line' id='line_1_50' title="bbox 651 3999 2140 4071; baseline -0.004 -14"><span class='ocrx_word' id='word_1_355' title='bbox 651 4007 945 4059; x_wconf 81' lang='lat' dir='ltr'><strong>obsoletas</strong></span> <span class='ocrx_word' id='word_1_356' title='bbox 1009 4016 1182 4071; x_wconf 88' lang='lat' dir='ltr'><strong>nugas</strong></span> <span class='ocrx_word' id='word_1_357' title='bbox 1258 4000 1538 4071; x_wconf 82' lang='lat' dir='ltr'><strong>gentilium</strong></span> <span class='ocrx_word' id='word_1_358' title='bbox 1619 3999 1957 4055; x_wconf 89' lang='lat' dir='ltr'><strong>declinarunt</strong></span> <span class='ocrx_word' id='word_1_359' title='bbox 2028 4005 2140 4053; x_wconf 88' lang='lat' dir='ltr'><strong>tres</strong></span> 
     </span>
    </p>
   </div>
   <div class='ocr_carea' id='block_1_49' title="bbox 566 4090 2136 4165">
    <p class='ocr_par' dir='ltr' id='par_1_49' title="bbox 566 4090 2136 4165">
     <span class='ocr_line' id='line_1_51' title="bbox 566 4090 2136 4165; baseline -0.004 -13"><span class='ocrx_word' id='word_1_360' title='bbox 566 4095 712 4161; x_wconf 85' lang='lat' dir='ltr'><strong>illis;</strong></span> <span class='ocrx_word' id='word_1_361' title='bbox 742 4106 969 4165; x_wconf 88' lang='lat' dir='ltr'><strong>eamque</strong></span> <span class='ocrx_word' id='word_1_362' title='bbox 997 4092 1166 4148; x_wconf 88' lang='lat' dir='ltr'><strong>solam</strong></span> <span class='ocrx_word' id='word_1_363' title='bbox 1213 4091 1495 4161; x_wconf 84' lang='lat' dir='ltr'><strong>elegerunt</strong></span> <span class='ocrx_word' id='word_1_364' title='bbox 1523 4090 1797 4147; x_wconf 85' lang='lat' dir='ltr'><strong>suadelam</strong></span> <span class='ocrx_word' id='word_1_365' title='bbox 1824 4130 1839 4154; x_wconf 93' lang='lat'><strong>,</strong></span> <span class='ocrx_word' id='word_1_366' title='bbox 1866 4106 1986 4159; x_wconf 75' lang='lat' dir='ltr'><strong>qua:</strong></span> <span class='ocrx_word' id='word_1_367' title='bbox 2036 4090 2136 4145; x_wconf 85' lang='lat' dir='ltr'><strong>ho-</strong></span> 
     </span>
    </p>
   </div>
   <div class='ocr_carea' id='block_1_50' title="bbox 568 4179 2138 4250">
    <p class='ocr_par' dir='ltr' id='par_1_50' title="bbox 568 4179 2138 4250">
     <span class='ocr_line' id='line_1_52' title="bbox 568 4179 2138 4250; baseline -0.004 -8"><span class='ocrx_word' id='word_1_368' title='bbox 568 4190 772 4243; x_wconf 88' lang='lat' dir='ltr'><strong>minum</strong></span> <span class='ocrx_word' id='word_1_369' title='bbox 817 4186 1092 4241; x_wconf 90' lang='lat' dir='ltr'><strong>mentibus</strong></span> <span class='ocrx_word' id='word_1_370' title='bbox 1132 4184 1403 4240; x_wconf 87' lang='lat' dir='ltr'><strong>dominari</strong></span> <span class='ocrx_word' id='word_1_371' title='bbox 1454 4185 1646 4239; x_wconf 87' lang='lat' dir='ltr'><strong>idonea</strong></span> <span class='ocrx_word' id='word_1_372' title='bbox 1673 4224 1691 4250; x_wconf 94' lang='lat'><strong>,</strong></span> <span class='ocrx_word' id='word_1_373' title='bbox 1718 4179 2138 4239; x_wconf 85' lang='lat' dir='ltr'><strong>eorroborandae</strong></span> 
     </span>
    </p>
   </div>
   <div class='ocr_carea' id='block_1_51' title="bbox 569 4275 2135 4348">
    <p class='ocr_par' dir='ltr' id='par_1_51' title="bbox 569 4275 2135 4348">
     <span class='ocr_line' id='line_1_53' title="bbox 569 4275 2135 4348; baseline -0.006 -11"><span class='ocrx_word' id='word_1_374' title='bbox 569 4284 802 4337; x_wconf 86' lang='lat' dir='ltr'><strong>serviret</strong></span> <span class='ocrx_word' id='word_1_375' title='bbox 848 4280 1096 4347; x_wconf 78' lang='lat' dir='ltr'><strong>veritati;</strong></span> <span class='ocrx_word' id='word_1_376' title='bbox 1141 4278 1323 4348; x_wconf 81' lang='lat' dir='ltr'><strong>itaque</strong></span> <span class='ocrx_word' id='word_1_377' title='bbox 1384 4291 1601 4332; x_wconf 87' lang='lat' dir='ltr'><strong>omnem</strong></span> <span class='ocrx_word' id='word_1_378' title='bbox 1648 4275 1888 4332; x_wconf 78' lang='lat' dir='ltr'><strong>ﬁdelium</strong></span> <span class='ocrx_word' id='word_1_379' title='bbox 1936 4283 2135 4329; x_wconf 73' lang='lat' dir='ltr'><strong>emtum</strong></span> 
     </span>
    </p>
   </div>
   <div class='ocr_carea' id='block_1_52' title="bbox 568 4367 2134 4440">
    <p class='ocr_par' dir='ltr' id='par_1_52' title="bbox 568 4367 2134 4440">
     <span class='ocr_line' id='line_1_54' title="bbox 568 4367 2134 4440; baseline -0.005 -11"><span class='ocrx_word' id='word_1_380' title='bbox 568 4376 898 4430; x_wconf 69' lang='lat' dir='ltr'><strong>subevemnt</strong></span> <span class='ocrx_word' id='word_1_381' title='bbox 951 4372 1129 4427; x_wconf 86' lang='lat' dir='ltr'><strong>verbis</strong></span> <span class='ocrx_word' id='word_1_382' title='bbox 1189 4370 1259 4430; x_wconf 86' lang='lat' dir='ltr'><strong>ad</strong></span> <span class='ocrx_word' id='word_1_383' title='bbox 1320 4367 1757 4440; x_wconf 89' lang='lat' dir='ltr'><strong>persuadendum</strong></span> <span class='ocrx_word' id='word_1_384' title='bbox 1828 4381 2134 4425; x_wconf 78' lang='lat' dir='ltr'><strong>accommo-</strong></span> 
     </span>
    </p>
   </div>
   <div class='ocr_carea' id='block_1_53' title="bbox 568 4471 673 4524">
    <p class='ocr_par' dir='ltr' id='par_1_53' title="bbox 568 4471 673 4524">
     <span class='ocr_line' id='line_1_55' title="bbox 568 4471 673 4524; baseline 0.01 -1"><span class='ocrx_word' id='word_1_385' title='bbox 568 4471 673 4524; x_wconf 80' lang='lat' dir='ltr'><strong>dis.</strong></span> 
     </span>
    </p>
   </div>
   <div class='ocr_carea' id='block_1_54' title="bbox 1238 4575 1478 4631">
    <p class='ocr_par' dir='ltr' id='par_1_54' title="bbox 1238 4575 1478 4631">
     <span class='ocr_line' id='line_1_56' title="bbox 1238 4575 1478 4631; baseline -0.008 -1"><span class='ocrx_word' id='word_1_386' title='bbox 1238 4575 1478 4631; x_wconf 80' lang='lat' dir='ltr'><strong>Mariale.</strong></span> 
     </span>
    </p>
   </div>
   <div class='ocr_carea' id='block_1_55' title="bbox 654 4666 2130 4739">
    <p class='ocr_par' dir='ltr' id='par_1_55' title="bbox 654 4666 2130 4739">
     <span class='ocr_line' id='line_1_57' title="bbox 654 4666 2130 4739; baseline -0.005 -11"><span class='ocrx_word' id='word_1_387' title='bbox 654 4673 975 4728; x_wconf 72' lang='lat' dir='ltr'><strong>raudabilis</strong></span> <span class='ocrx_word' id='word_1_388' title='bbox 1017 4679 1071 4724; x_wconf 91' lang='lat' dir='ltr'><strong>et</strong></span> <span class='ocrx_word' id='word_1_389' title='bbox 1121 4684 1250 4738; x_wconf 89' lang='lat' dir='ltr'><strong>pura</strong></span> <span class='ocrx_word' id='word_1_390' title='bbox 1278 4669 1461 4739; x_wconf 84' lang='lat' dir='ltr'><strong>Virgo,</strong></span> <span class='ocrx_word' id='word_1_391' title='bbox 1515 4668 1568 4722; x_wconf 91' lang='lat' dir='ltr'><strong>in</strong></span> <span class='ocrx_word' id='word_1_392' title='bbox 1598 4678 1651 4723; x_wconf 89' lang='lat' dir='ltr'><strong>te</strong></span> <span class='ocrx_word' id='word_1_393' title='bbox 1676 4669 1856 4724; x_wconf 89' lang='lat' dir='ltr'><strong>omnis</strong></span> <span class='ocrx_word' id='word_1_394' title='bbox 1897 4666 2130 4738; x_wconf 83' lang='lat' dir='ltr'><strong>prophe-</strong></span> 
     </span>
    </p>
   </div>
   <div class='ocr_carea' id='block_1_56' title="bbox 560 4760 2134 4835">
    <p class='ocr_par' dir='ltr' id='par_1_56' title="bbox 560 4760 2134 4835">
     <span class='ocr_line' id='line_1_58' title="bbox 560 4760 2134 4835; baseline -0.005 -14"><span class='ocrx_word' id='word_1_395' title='bbox 560 4769 640 4821; x_wconf 81' lang='lat' dir='ltr'><strong>tia</strong></span> <span class='ocrx_word' id='word_1_396' title='bbox 694 4764 1005 4835; x_wconf 86' lang='lat' dir='ltr'><strong>conquievit</strong></span> <span class='ocrx_word' id='word_1_397' title='bbox 1057 4770 1113 4817; x_wconf 90' lang='lat' dir='ltr'><strong>et</strong></span> <span class='ocrx_word' id='word_1_398' title='bbox 1151 4762 1311 4815; x_wconf 88' lang='lat' dir='ltr'><strong>linem</strong></span> <span class='ocrx_word' id='word_1_399' title='bbox 1343 4760 1576 4817; x_wconf 86' lang='lat' dir='ltr'><strong>habuit:</strong></span> <span class='ocrx_word' id='word_1_400' title='bbox 1626 4760 1681 4815; x_wconf 90' lang='lat' dir='ltr'><strong>in</strong></span> <span class='ocrx_word' id='word_1_401' title='bbox 1719 4760 2134 4816; x_wconf 89' lang='lat' dir='ltr'><strong>admirationem</strong></span> 
     </span>
    </p>
   </div>
   <div class='ocr_carea' id='block_1_57' title="bbox 567 4851 2137 4927">
    <p class='ocr_par' dir='ltr' id='par_1_57' title="bbox 567 4851 2137 4927">
     <span class='ocr_line' id='line_1_59' title="bbox 567 4851 2137 4927; baseline -0.003 -16"><span class='ocrx_word' id='word_1_402' title='bbox 567 4859 781 4927; x_wconf 77' lang='lat' dir='ltr'><strong>rapiens</strong></span> <span class='ocrx_word' id='word_1_403' title='bbox 809 4872 905 4913; x_wconf 85' lang='lat' dir='ltr'><strong>eos</strong></span> <span class='ocrx_word' id='word_1_404' title='bbox 944 4858 1034 4927; x_wconf 91' lang='lat' dir='ltr'><strong>qui</strong></span> <span class='ocrx_word' id='word_1_405' title='bbox 1069 4859 1255 4913; x_wconf 91' lang='lat' dir='ltr'><strong>dicunt</strong></span> <span class='ocrx_word' id='word_1_406' title='bbox 1282 4874 1294 4909; x_wconf 93' lang='lat'>:</span> <span class='ocrx_word' id='word_1_407' title='bbox 1332 4851 1411 4909; x_wconf 81' lang='lat' dir='ltr'><strong>Ex</strong></span> <span class='ocrx_word' id='word_1_408' title='bbox 1440 4862 1511 4920; x_wconf 90' lang='lat' dir='ltr'><strong>te,</strong></span> <span class='ocrx_word' id='word_1_409' title='bbox 1539 4866 1574 4910; x_wconf 85' lang='grc' dir='ltr'><strong>ο</strong></span> <span class='ocrx_word' id='word_1_410' title='bbox 1608 4862 1757 4909; x_wconf 85' lang='lat' dir='ltr'><strong>casta</strong></span> <span class='ocrx_word' id='word_1_411' title='bbox 1787 4894 1802 4918; x_wconf 93' lang='lat'><strong>,</strong></span> <span class='ocrx_word' id='word_1_412' title='bbox 1833 4852 2137 4909; x_wconf 87' lang='lat' dir='ltr'><strong>scaturiunt</strong></span> 
     </span>
    </p>
   </div>
   <div class='ocr_carea' id='block_1_58' title="bbox 568 4944 2132 5019">
    <p class='ocr_par' dir='ltr' id='par_1_58' title="bbox 568 4944 2132 5019">
     <span class='ocr_line' id='line_1_60' title="bbox 568 4944 2132 5019; baseline -0.003 -16"><span class='ocrx_word' id='word_1_413' title='bbox 568 4949 868 5005; x_wconf 85' lang='lat' dir='ltr'><strong>illustriora</strong></span> <span class='ocrx_word' id='word_1_414' title='bbox 902 4963 1062 5017; x_wconf 84' lang='lat' dir='ltr'><strong>quam</strong></span> <span class='ocrx_word' id='word_1_415' title='bbox 1113 4963 1233 5019; x_wconf 64' lang='lat' dir='ltr'><strong>quae</strong></span> <span class='ocrx_word' id='word_1_416' title='bbox 1277 4946 1533 5018; x_wconf 66' lang='lat' dir='ltr'><strong>praedicta</strong></span> <span class='ocrx_word' id='word_1_417' title='bbox 1577 4946 1797 5001; x_wconf 79' lang='lat' dir='ltr'><strong>fuerunt</strong></span> <span class='ocrx_word' id='word_1_418' title='bbox 1852 4944 2132 5011; x_wconf 87' lang='lat' dir='ltr'><strong>miracula,</strong></span> 
     </span>
    </p>
   </div>
   <div class='ocr_carea' id='block_1_59' title="bbox 564 5039 1729 5115">
    <p class='ocr_par' dir='ltr' id='par_1_59' title="bbox 564 5039 1729 5115">
     <span class='ocr_line' id='line_1_61' title="bbox 564 5039 1729 5115; baseline 0 -20"><span class='ocrx_word' id='word_1_419' title='bbox 564 5060 686 5115; x_wconf 71' lang='lat' dir='ltr'><strong>qua:</strong></span> <span class='ocrx_word' id='word_1_420' title='bbox 702 5042 1022 5111; x_wconf 80' lang='lat' dir='ltr'><strong>sapientiam</strong></span> <span class='ocrx_word' id='word_1_421' title='bbox 1048 5042 1400 5111; x_wconf 88' lang='lat' dir='ltr'><strong>interpretum</strong></span> <span class='ocrx_word' id='word_1_422' title='bbox 1432 5039 1729 5095; x_wconf 84' lang='lat' dir='ltr'><strong>declarant.</strong></span> 
     </span>
    </p>
   </div>
   <div class='ocr_carea' id='block_1_60' title="bbox 637 5132 1783 5203">
    <p class='ocr_par' dir='ltr' id='par_1_60' title="bbox 637 5132 1783 5203">
     <span class='ocr_line' id='line_1_62' title="bbox 637 5132 1783 5203; baseline -0.004 -13"><span class='ocrx_word' id='word_1_423' title='bbox 637 5136 759 5190; x_wconf 72' lang='grc'><strong>194.</strong></span> <span class='ocrx_word' id='word_1_424' title='bbox 794 5136 964 5202; x_wconf 86' lang='lat' dir='ltr'><strong>Alius,</strong></span> <span class='ocrx_word' id='word_1_425' title='bbox 1008 5134 1148 5189; x_wconf 85' lang='lat' dir='ltr'><strong>sicut</strong></span> <span class='ocrx_word' id='word_1_426' title='bbox 1175 5133 1309 5186; x_wconf 78' lang='grc' dir='ltr'>Θεοῦ</span> <span class='ocrx_word' id='word_1_427' title='bbox 1350 5132 1783 5203; x_wconf 69' lang='grc' dir='ltr'>ωγκατάὸασιν.</span> 
     </span>
    </p>
   </div>
   <div class='ocr_carea' id='block_1_61' title="bbox 639 5222 2137 5294">
    <p class='ocr_par' dir='ltr' id='par_1_61' title="bbox 639 5222 2137 5294">
     <span class='ocr_line' id='line_1_63' title="bbox 639 5222 2137 5294; baseline -0.001 -15"><span class='ocrx_word' id='word_1_428' title='bbox 639 5226 893 5283; x_wconf 81' lang='lat' dir='ltr'><strong>Tacentia</strong></span> <span class='ocrx_word' id='word_1_429' title='bbox 922 5238 978 5282; x_wconf 91' lang='lat' dir='ltr'><strong>et</strong></span> <span class='ocrx_word' id='word_1_430' title='bbox 1016 5226 1323 5291; x_wconf 87' lang='lat' dir='ltr'><strong>clamantia,</strong></span> <span class='ocrx_word' id='word_1_431' title='bbox 1363 5226 1584 5294; x_wconf 81' lang='lat' dir='ltr'><strong>visaque</strong></span> <span class='ocrx_word' id='word_1_432' title='bbox 1610 5233 1665 5278; x_wconf 91' lang='lat' dir='ltr'><strong>et</strong></span> <span class='ocrx_word' id='word_1_433' title='bbox 1718 5226 1900 5279; x_wconf 88' lang='lat' dir='ltr'><strong>audita</strong></span> <span class='ocrx_word' id='word_1_434' title='bbox 1924 5222 2137 5277; x_wconf 84' lang='lat' dir='ltr'><strong>virtutis</strong></span> 
     </span>
    </p>
   </div>
   <div class='ocr_carea' id='block_1_62' title="bbox 571 5314 2135 5386">
    <p class='ocr_par' dir='ltr' id='par_1_62' title="bbox 571 5314 2135 5386">
     <span class='ocr_line' id='line_1_64' title="bbox 571 5314 2135 5386; baseline -0.002 -15"><span class='ocrx_word' id='word_1_435' title='bbox 571 5335 633 5373; x_wconf 77' lang='lat' dir='ltr'><strong>ac</strong></span> <span class='ocrx_word' id='word_1_436' title='bbox 660 5318 939 5386; x_wconf 73' lang='lat' dir='ltr'><strong>sapientia:</strong></span> <span class='ocrx_word' id='word_1_437' title='bbox 972 5317 1263 5371; x_wconf 86' lang='lat' dir='ltr'><strong>simulacra</strong></span> <span class='ocrx_word' id='word_1_438' title='bbox 1293 5316 1509 5371; x_wconf 82' lang='lat' dir='ltr'><strong>fuerunt</strong></span> <span class='ocrx_word' id='word_1_439' title='bbox 1541 5314 1614 5369; x_wconf 92' lang='lat' dir='ltr'><strong>illi</strong></span> <span class='ocrx_word' id='word_1_440' title='bbox 1646 5315 1904 5385; x_wconf 87' lang='lat' dir='ltr'><strong>theologi,</strong></span> <span class='ocrx_word' id='word_1_441' title='bbox 1926 5316 2135 5384; x_wconf 89' lang='lat' dir='ltr'><strong>quinos</strong></span> 
     </span>
    </p>
   </div>
   <div class='ocr_carea' id='block_1_63' title="bbox 570 5406 2131 5479">
    <p class='ocr_par' dir='ltr' id='par_1_63' title="bbox 570 5406 2131 5479">
     <span class='ocr_line' id='line_1_65' title="bbox 570 5406 2131 5479; baseline -0.001 -20"><span class='ocrx_word' id='word_1_442' title='bbox 570 5423 730 5479; x_wconf 74' lang='lat' dir='ltr'><strong>opere</strong></span> <span class='ocrx_word' id='word_1_443' title='bbox 770 5419 826 5462; x_wconf 90' lang='lat' dir='ltr'><strong>ct</strong></span> <span class='ocrx_word' id='word_1_444' title='bbox 876 5422 1129 5464; x_wconf 89' lang='lat' dir='ltr'><strong>sermone</strong></span> <span class='ocrx_word' id='word_1_445' title='bbox 1165 5406 1435 5462; x_wconf 85' lang='lat' dir='ltr'><strong>adhortati</strong></span> <span class='ocrx_word' id='word_1_446' title='bbox 1471 5415 1599 5461; x_wconf 92' lang='lat' dir='ltr'><strong>sunt</strong></span> <span class='ocrx_word' id='word_1_447' title='bbox 1636 5408 1700 5459; x_wconf 89' lang='lat' dir='ltr'><strong>ad</strong></span> <span class='ocrx_word' id='word_1_448' title='bbox 1734 5406 2078 5461; x_wconf 86' lang='lat' dir='ltr'><strong>clamandum</strong></span> <span class='ocrx_word' id='word_1_449' title='bbox 2115 5419 2131 5457; x_wconf 90' lang='lat'><strong><em>:</em></strong></span> 
     </span>
    </p>
   </div>
   <div class='ocr_carea' id='block_1_64' title="bbox 569 5500 1680 5569">
    <p class='ocr_par' dir='ltr' id='par_1_64' title="bbox 569 5500 1680 5569">
     <span class='ocr_line' id='line_1_66' title="bbox 569 5500 1680 5569; baseline -0.003 -14"><span class='ocrx_word' id='word_1_450' title='bbox 569 5500 895 5556; x_wconf 83' lang='lat' dir='ltr'><strong>Benedictus</strong></span> <span class='ocrx_word' id='word_1_451' title='bbox 928 5502 1067 5556; x_wconf 89' lang='lat' dir='ltr'><strong>Deus</strong></span> <span class='ocrx_word' id='word_1_452' title='bbox 1098 5507 1312 5569; x_wconf 90' lang='lat' dir='ltr'><strong>patrum</strong></span> <span class='ocrx_word' id='word_1_453' title='bbox 1351 5506 1680 5553; x_wconf 91' lang='lat' dir='ltr'><strong>nostrorum.</strong></span> 
     </span>
    </p>
   </div>
   <div class='ocr_carea' id='block_1_65' title="bbox 649 5593 2129 5661">
    <p class='ocr_par' dir='ltr' id='par_1_65' title="bbox 649 5593 2129 5661">
     <span class='ocr_line' id='line_1_67' title="bbox 649 5593 2129 5661; baseline -0.001 -12"><span class='ocrx_word' id='word_1_454' title='bbox 649 5595 719 5649; x_wconf 88' lang='lat' dir='ltr'><strong>Ut</strong></span> <span class='ocrx_word' id='word_1_455' title='bbox 748 5594 845 5651; x_wconf 88' lang='lat' dir='ltr'><strong>Dei</strong></span> <span class='ocrx_word' id='word_1_456' title='bbox 892 5610 1071 5661; x_wconf 89' lang='lat' dir='ltr'><strong>voces,</strong></span> <span class='ocrx_word' id='word_1_457' title='bbox 1127 5595 1454 5649; x_wconf 86' lang='lat' dir='ltr'><strong>horrendum</strong></span> <span class='ocrx_word' id='word_1_458' title='bbox 1500 5610 1566 5649; x_wconf 81' lang='lat' dir='ltr'><strong>ex</strong></span> <span class='ocrx_word' id='word_1_459' title='bbox 1619 5593 1731 5649; x_wconf 82' lang='lat' dir='ltr'><strong>alto</strong></span> <span class='ocrx_word' id='word_1_460' title='bbox 1804 5594 2129 5656; x_wconf 85' lang='lat' dir='ltr'><strong>intonantes,</strong></span> 
     </span>
    </p>
   </div>
   <div class='ocr_carea' id='block_1_66' title="bbox 571 5684 2135 5754">
    <p class='ocr_par' dir='ltr' id='par_1_66' title="bbox 571 5684 2135 5754">
     <span class='ocr_line' id='line_1_68' title="bbox 571 5684 2135 5754; baseline -0.002 -15"><span class='ocrx_word' id='word_1_461' title='bbox 571 5684 966 5754; x_wconf 86' lang='lat' dir='ltr'><strong>l&#39;ulminumque</strong></span> <span class='ocrx_word' id='word_1_462' title='bbox 1014 5684 1191 5753; x_wconf 87' lang='lat' dir='ltr'><strong>jacula</strong></span> <span class='ocrx_word' id='word_1_463' title='bbox 1257 5684 1555 5752; x_wconf 78' lang='lat' dir='ltr'><strong>excipimus</strong></span> <span class='ocrx_word' id='word_1_464' title='bbox 1610 5686 1772 5737; x_wconf 85' lang='lat' dir='ltr'><strong>verba</strong></span> <span class='ocrx_word' id='word_1_465' title='bbox 1831 5693 2053 5744; x_wconf 83' lang='lat' dir='ltr'><strong>vestra,</strong></span> <span class='ocrx_word' id='word_1_466' title='bbox 2102 5695 2135 5736; x_wconf 91' lang='grc' dir='ltr'><strong>ο</strong></span> 
     </span>
    </p>
   </div>
   <div class='ocr_carea' id='block_1_67' title="bbox 572 5772 2132 5846">
    <p class='ocr_par' dir='ltr' id='par_1_67' title="bbox 572 5772 2132 5846">
     <span class='ocr_line' id='line_1_69' title="bbox 572 5772 2132 5846; baseline -0.004 -13"><span class='ocrx_word' id='word_1_467' title='bbox 572 5776 995 5846; x_wconf 84' lang='lat' dir='ltr'><strong>sapientissimi,</strong></span> <span class='ocrx_word' id='word_1_468' title='bbox 1022 5792 1130 5830; x_wconf 88' lang='lat' dir='ltr'><strong>una</strong></span> <span class='ocrx_word' id='word_1_469' title='bbox 1161 5775 1443 5829; x_wconf 80' lang='lat' dir='ltr'><strong>vobiscum</strong></span> <span class='ocrx_word' id='word_1_470' title='bbox 1481 5778 1828 5832; x_wconf 82' lang='lat' dir='ltr'><strong>concinentes</strong></span> <span class='ocrx_word' id='word_1_471' title='bbox 1856 5812 1873 5839; x_wconf 93' lang='lat'><strong>,</strong></span> <span class='ocrx_word' id='word_1_472' title='bbox 1902 5772 2132 5830; x_wconf 83' lang='lat' dir='ltr'><strong>Benedi-</strong></span> 
     </span>
    </p>
   </div>
   <div class='ocr_carea' id='block_1_68' title="bbox 568 5868 1449 5938">
    <p class='ocr_par' dir='ltr' id='par_1_68' title="bbox 568 5868 1449 5938">
     <span class='ocr_line' id='line_1_70' title="bbox 568 5868 1449 5938; baseline -0.007 -11"><span class='ocrx_word' id='word_1_473' title='bbox 568 5882 689 5927; x_wconf 77' lang='lat' dir='ltr'><strong>Ctus</strong></span> <span class='ocrx_word' id='word_1_474' title='bbox 716 5868 855 5927; x_wconf 89' lang='lat' dir='ltr'><strong>Deus</strong></span> <span class='ocrx_word' id='word_1_475' title='bbox 876 5879 1087 5938; x_wconf 87' lang='lat' dir='ltr'><strong>patrum</strong></span> <span class='ocrx_word' id='word_1_476' title='bbox 1119 5877 1449 5925; x_wconf 86' lang='lat' dir='ltr'><strong>nostrorum.</strong></span> 
     </span>
    </p>
   </div>
   <div class='ocr_carea' id='block_1_69' title="bbox 2175 1548 2226 1604">
    <p class='ocr_par' dir='ltr' id='par_1_69' title="bbox 2175 1548 2226 1604">
     <span class='ocr_line' id='line_1_71' title="bbox 2175 1548 2226 1604; baseline 0 0"><span class='ocrx_word' id='word_1_477' title='bbox 2175 1548 2226 1604; x_wconf 84' lang='grc' dir='ltr'><strong>Δ</strong></span> 
     </span>
    </p>
   </div>
   <div class='ocr_carea' id='block_1_70' title="bbox 2736 1539 3302 1615">
    <p class='ocr_par' dir='ltr' id='par_1_70' title="bbox 2736 1539 3302 1615">
     <span class='ocr_line' id='line_1_72' title="bbox 2736 1539 3302 1615; baseline -0.002 -19"><span class='ocrx_word' id='word_1_478' title='bbox 2736 1542 2868 1612; x_wconf 77' lang='grc' dir='ltr'><strong>ῼΔΗ</strong></span> <span class='ocrx_word' id='word_1_479' title='bbox 2896 1540 2962 1606; x_wconf 78' lang='grc' dir='ltr'><strong>ζ.</strong></span> <span class='ocrx_word' id='word_1_480' title='bbox 3004 1541 3065 1595; x_wconf 85' lang='lat'><strong>&#39;0</strong></span> <span class='ocrx_word' id='word_1_481' title='bbox 3089 1539 3302 1615; x_wconf 81' lang='grc' dir='ltr'>είρμός.</span> 
     </span>
    </p>
   </div>
   <div class='ocr_carea' id='block_1_71' title="bbox 2318 1630 3820 1707">
    <p class='ocr_par' dir='ltr' id='par_1_71' title="bbox 2318 1630 3820 1707">
     <span class='ocr_line' id='line_1_73' title="bbox 2318 1630 3820 1707; baseline 0 -20"><span class='ocrx_word' id='word_1_482' title='bbox 2318 1633 2538 1697; x_wconf 81' lang='grc' dir='ltr'>Είκόνος</span> <span class='ocrx_word' id='word_1_483' title='bbox 2580 1634 2787 1704; x_wconf 80' lang='grc' dir='ltr'><strong>χρυσῆς</strong></span> <span class='ocrx_word' id='word_1_484' title='bbox 2823 1634 2881 1685; x_wconf 78' lang='grc' dir='ltr'><strong>έν</strong></span> <span class='ocrx_word' id='word_1_485' title='bbox 2927 1630 3094 1704; x_wconf 79' lang='grc' dir='ltr'>πεδίῳ</span> <span class='ocrx_word' id='word_1_486' title='bbox 3125 1634 3305 1707; x_wconf 74' lang='grc' dir='ltr'>Δεῃρᾷ</span> <span class='ocrx_word' id='word_1_487' title='bbox 3326 1632 3820 1705; x_wconf 81' lang='grc' dir='ltr'>λατρευομένης,οἱ</span> 
     </span>
    </p>
   </div>
   <div class='ocr_carea' id='block_1_72' title="bbox 2245 1724 3820 1799">
    <p class='ocr_par' dir='ltr' id='par_1_72' title="bbox 2245 1724 3820 1799">
     <span class='ocr_line' id='line_1_74' title="bbox 2245 1724 3820 1799; baseline -0.001 -18"><span class='ocrx_word' id='word_1_488' title='bbox 2245 1731 2394 1799; x_wconf 79' lang='grc' dir='ltr'>τρεῖς</span> <span class='ocrx_word' id='word_1_489' title='bbox 2424 1744 2517 1781; x_wconf 90' lang='grc' dir='ltr'><strong>σου</strong></span> <span class='ocrx_word' id='word_1_490' title='bbox 2551 1726 2739 1790; x_wconf 82' lang='grc' dir='ltr'>παῖδες</span> <span class='ocrx_word' id='word_1_491' title='bbox 2781 1724 3164 1796; x_wconf 83' lang='grc' dir='ltr'>κατεπάτησαν</span> <span class='ocrx_word' id='word_1_492' title='bbox 3220 1725 3527 1779; x_wconf 82' lang='grc' dir='ltr'>ἀθεωτάτου</span> <span class='ocrx_word' id='word_1_493' title='bbox 3583 1725 3820 1796; x_wconf 81' lang='grc' dir='ltr'>προστά-</span> 
     </span>
    </p>
   </div>
   <div class='ocr_carea' id='block_1_73' title="bbox 2246 1813 3819 1891">
    <p class='ocr_par' dir='ltr' id='par_1_73' title="bbox 2246 1813 3819 1891">
     <span class='ocr_line' id='line_1_75' title="bbox 2246 1813 3819 1891; baseline -0.003 -18"><span class='ocrx_word' id='word_1_494' title='bbox 2246 1835 2471 1889; x_wconf 87' lang='grc' dir='ltr'>γματος·</span> <span class='ocrx_word' id='word_1_495' title='bbox 2532 1818 2693 1891; x_wconf 81' lang='grc' dir='ltr'>μέσον</span> <span class='ocrx_word' id='word_1_496' title='bbox 2722 1817 2779 1871; x_wconf 83' lang='grc' dir='ltr'><strong>δὲ</strong></span> <span class='ocrx_word' id='word_1_497' title='bbox 2809 1816 2979 1888; x_wconf 89' lang='grc' dir='ltr'>πυρὸς</span> <span class='ocrx_word' id='word_1_498' title='bbox 3025 1813 3407 1886; x_wconf 73' lang='grc' dir='ltr'>ἐμϐληθέντες,</span> <span class='ocrx_word' id='word_1_499' title='bbox 3452 1815 3819 1886; x_wconf 75' lang='grc' dir='ltr'>δροσιζόμεναι</span> 
     </span>
    </p>
   </div>
   <div class='ocr_carea' id='block_1_74' title="bbox 2247 1905 3819 1980">
    <p class='ocr_par' dir='ltr' id='par_1_74' title="bbox 2247 1905 3819 1980">
     <span class='ocr_line' id='line_1_76' title="bbox 2247 1905 3819 1980; baseline -0.003 -17"><span class='ocrx_word' id='word_1_500' title='bbox 2247 1910 2493 1975; x_wconf 72' lang='grc' dir='ltr'>ἔψαλλον·</span> <span class='ocrx_word' id='word_1_501' title='bbox 2551 1909 2856 1980; x_wconf 80' lang='grc' dir='ltr'><strong>Εὐλογητὸς</strong></span> <span class='ocrx_word' id='word_1_502' title='bbox 2906 1906 2977 1975; x_wconf 78' lang='grc' dir='ltr'><strong>εἷ,</strong></span> <span class='ocrx_word' id='word_1_503' title='bbox 3028 1910 3058 1961; x_wconf 93' lang='lat'><strong>6</strong></span> <span class='ocrx_word' id='word_1_504' title='bbox 3098 1906 3254 1970; x_wconf 88' lang='grc' dir='ltr'>Θεὸς,</span> <span class='ocrx_word' id='word_1_505' title='bbox 3314 1907 3343 1959; x_wconf 94' lang='lat'><strong>6</strong></span> <span class='ocrx_word' id='word_1_506' title='bbox 3400 1905 3507 1958; x_wconf 90' lang='grc' dir='ltr'><strong>τῶν</strong></span> <span class='ocrx_word' id='word_1_507' title='bbox 3569 1908 3819 1977; x_wconf 78' lang='grc' dir='ltr'>πατέρων</span> 
     </span>
    </p>
   </div>
   <div class='ocr_carea' id='block_1_75' title="bbox 2246 2002 2425 2074">
    <p class='ocr_par' dir='ltr' id='par_1_75' title="bbox 2246 2002 2425 2074">
     <span class='ocr_line' id='line_1_77' title="bbox 2246 2002 2425 2074; baseline -0.006 0"><span class='ocrx_word' id='word_1_508' title='bbox 2246 2002 2425 2074; x_wconf 69' lang='grc' dir='ltr'>ἡμῶν.</span> 
     </span>
    </p>
   </div>
   <div class='ocr_carea' id='block_1_76' title="bbox 2318 2085 3819 2166">
    <p class='ocr_par' dir='ltr' id='par_1_76' title="bbox 2318 2085 3819 2166">
     <span class='ocr_line' id='line_1_78' title="bbox 2318 2085 3819 2166; baseline -0.003 -21"><span class='ocrx_word' id='word_1_509' title='bbox 2318 2092 2544 2166; x_wconf 88' lang='grc' dir='ltr'>Σταυρῷ</span> <span class='ocrx_word' id='word_1_510' title='bbox 2574 2095 2909 2165; x_wconf 72' lang='grc' dir='ltr'>προσπαγεὶς</span> <span class='ocrx_word' id='word_1_511' title='bbox 2955 2095 2986 2148; x_wconf 98' lang='lat'><strong>6</strong></span> <span class='ocrx_word' id='word_1_512' title='bbox 3038 2092 3102 2145; x_wconf 78' lang='grc' dir='ltr'><strong>ὲκ</strong></span> <span class='ocrx_word' id='word_1_513' title='bbox 3152 2088 3247 2144; x_wconf 80' lang='grc' dir='ltr'><strong>σοῦ</strong></span> <span class='ocrx_word' id='word_1_514' title='bbox 3293 2085 3664 2157; x_wconf 69' lang='grc' dir='ltr'>σωματωθεὶς,</span> <span class='ocrx_word' id='word_1_515' title='bbox 3701 2086 3819 2141; x_wconf 87' lang='grc' dir='ltr'>θεο-</span> 
     </span>
    </p>
   </div>
   <div class='ocr_carea' id='block_1_77' title="bbox 2244 2176 3818 2256">
    <p class='ocr_par' dir='ltr' id='par_1_77' title="bbox 2244 2176 3818 2256">
     <span class='ocr_line' id='line_1_79' title="bbox 2244 2176 3818 2256; baseline -0.004 -19"><span class='ocrx_word' id='word_1_516' title='bbox 2244 2186 2560 2256; x_wconf 84' lang='grc' dir='ltr'>γεννήτρια,</span> <span class='ocrx_word' id='word_1_517' title='bbox 2610 2182 2779 2253; x_wconf 81' lang='grc' dir='ltr'>Ἀδὰμ</span> <span class='ocrx_word' id='word_1_518' title='bbox 2805 2182 3054 2254; x_wconf 73' lang='grc' dir='ltr'>διέρρηξε</span> <span class='ocrx_word' id='word_1_519' title='bbox 3080 2181 3142 2236; x_wconf 89' lang='grc' dir='ltr'>τὸ</span> <span class='ocrx_word' id='word_1_520' title='bbox 3168 2178 3550 2252; x_wconf 86' lang='grc' dir='ltr'>χειρόγραφον.</span> <span class='ocrx_word' id='word_1_521' title='bbox 3596 2178 3693 2230; x_wconf 87' lang='grc' dir='ltr'>Ὃν</span> <span class='ocrx_word' id='word_1_522' title='bbox 3724 2176 3818 2231; x_wconf 83' lang='grc' dir='ltr'>νῦν</span> 
     </span>
    </p>
   </div>
   <div class='ocr_carea' id='block_1_78' title="bbox 2244 2270 3818 2347">
    <p class='ocr_par' dir='ltr' id='par_1_78' title="bbox 2244 2270 3818 2347">
     <span class='ocr_line' id='line_1_80' title="bbox 2244 2270 3818 2347; baseline -0.004 -18"><span class='ocrx_word' id='word_1_523' title='bbox 2244 2276 2502 2341; x_wconf 85' lang='grc' dir='ltr'>δυσὼπει,</span> <span class='ocrx_word' id='word_1_524' title='bbox 2557 2276 2889 2347; x_wconf 87' lang='grc' dir='ltr'>πανάμωμε,</span> <span class='ocrx_word' id='word_1_525' title='bbox 2948 2274 3193 2339; x_wconf 70' lang='grc' dir='ltr'>ἅπαντας</span> <span class='ocrx_word' id='word_1_526' title='bbox 3248 2271 3507 2326; x_wconf 82' lang='grc' dir='ltr'><strong>κινδύνων</strong></span> <span class='ocrx_word' id='word_1_527' title='bbox 3554 2270 3818 2342; x_wconf 79' lang='grc' dir='ltr'>ρυσθῆναι</span> 
     </span>
    </p>
   </div>
   <div class='ocr_carea' id='block_1_79' title="bbox 2246 2355 3815 2438">
    <p class='ocr_par' dir='ltr' id='par_1_79' title="bbox 2246 2355 3815 2438">
     <span class='ocr_line' id='line_1_81' title="bbox 2246 2355 3815 2438; baseline -0.004 -18"><span class='ocrx_word' id='word_1_528' title='bbox 2246 2368 2371 2429; x_wconf 82' lang='grc' dir='ltr'>τοὺς</span> <span class='ocrx_word' id='word_1_529' title='bbox 2391 2368 2448 2419; x_wconf 77' lang='grc' dir='ltr'>ἐν</span> <span class='ocrx_word' id='word_1_530' title='bbox 2483 2367 2663 2420; x_wconf 79' lang='grc' dir='ltr'><strong>πίστει</strong></span> <span class='ocrx_word' id='word_1_531' title='bbox 2698 2364 3128 2438; x_wconf 78' lang='grc' dir='ltr'>κραυγάζοντας·</span> <span class='ocrx_word' id='word_1_532' title='bbox 3160 2360 3465 2432; x_wconf 79' lang='grc' dir='ltr'><strong>Εὐλογητὸς</strong></span> <span class='ocrx_word' id='word_1_533' title='bbox 3490 2355 3561 2425; x_wconf 73' lang='lat' dir='ltr'><strong>ei,</strong></span> <span class='ocrx_word' id='word_1_534' title='bbox 3604 2362 3633 2414; x_wconf 84' lang='lat'><strong>6</strong></span> <span class='ocrx_word' id='word_1_535' title='bbox 3663 2358 3815 2425; x_wconf 85' lang='grc' dir='ltr'>Θεὸς,</span> 
     </span>
    </p>
   </div>
   <div class='ocr_carea' id='block_1_80' title="bbox 2243 2456 2893 2529">
    <p class='ocr_par' dir='ltr' id='par_1_80' title="bbox 2243 2456 2893 2529">
     <span class='ocr_line' id='line_1_82' title="bbox 2243 2456 2893 2529; baseline 0.003 -20"><span class='ocrx_word' id='word_1_536' title='bbox 2243 2457 2274 2509; x_wconf 90' lang='lat'><strong>6</strong></span> <span class='ocrx_word' id='word_1_537' title='bbox 2300 2456 2409 2509; x_wconf 89' lang='grc' dir='ltr'><strong>τῶν</strong></span> <span class='ocrx_word' id='word_1_538' title='bbox 2434 2457 2681 2529; x_wconf 84' lang='grc' dir='ltr'>πατέρων</span> <span class='ocrx_word' id='word_1_539' title='bbox 2716 2456 2893 2528; x_wconf 83' lang='grc' dir='ltr'>ήμῶν.</span> 
     </span>
    </p>
   </div>
   <div class='ocr_carea' id='block_1_81' title="bbox 2325 2544 3815 2617">
    <p class='ocr_par' dir='ltr' id='par_1_81' title="bbox 2325 2544 3815 2617">
     <span class='ocr_line' id='line_1_83' title="bbox 2325 2544 3815 2617; baseline -0.001 -19"><span class='ocrx_word' id='word_1_540' title='bbox 2325 2546 2511 2609; x_wconf 76' lang='grc' dir='ltr'>Ἐλπὶς</span> <span class='ocrx_word' id='word_1_541' title='bbox 2567 2547 2744 2616; x_wconf 80' lang='grc' dir='ltr'>ἀγαθὴ</span> <span class='ocrx_word' id='word_1_542' title='bbox 2789 2544 3085 2617; x_wconf 78' lang='grc' dir='ltr'>προσδοκία</span> <span class='ocrx_word' id='word_1_543' title='bbox 3141 2562 3202 2599; x_wconf 87' lang='grc' dir='ltr'><strong>τε</strong></span> <span class='ocrx_word' id='word_1_544' title='bbox 3256 2544 3467 2599; x_wconf 83' lang='grc' dir='ltr'>πιστῶν</span> <span class='ocrx_word' id='word_1_545' title='bbox 3522 2544 3815 2614; x_wconf 77' lang='grc' dir='ltr'><strong>ὑπάρχεις,</strong></span> 
     </span>
    </p>
   </div>
   <div class='ocr_carea' id='block_1_82' title="bbox 2244 2636 3819 2708">
    <p class='ocr_par' dir='ltr' id='par_1_82' title="bbox 2244 2636 3819 2708">
     <span class='ocr_line' id='line_1_84' title="bbox 2244 2636 3819 2708; baseline -0.003 -16"><span class='ocrx_word' id='word_1_546' title='bbox 2244 2638 2528 2693; x_wconf 82' lang='grc' dir='ltr'>Δέσποινα·</span> <span class='ocrx_word' id='word_1_547' title='bbox 2566 2639 2662 2691; x_wconf 71' lang='grc' dir='ltr'><strong>καὶ</strong></span> <span class='ocrx_word' id='word_1_548' title='bbox 2687 2637 2779 2691; x_wconf 87' lang='grc' dir='ltr'>νῦν</span> <span class='ocrx_word' id='word_1_549' title='bbox 2804 2637 3034 2707; x_wconf 86' lang='grc' dir='ltr'>δεόμεθά</span> <span class='ocrx_word' id='word_1_550' title='bbox 3056 2654 3148 2691; x_wconf 86' lang='grc' dir='ltr'><strong>σου</strong></span> <span class='ocrx_word' id='word_1_551' title='bbox 3180 2636 3528 2708; x_wconf 82' lang='grc' dir='ltr'>δωρήσασθαι</span> <span class='ocrx_word' id='word_1_552' title='bbox 3559 2636 3659 2705; x_wconf 83' lang='grc' dir='ltr'>τῆς</span> <span class='ocrx_word' id='word_1_553' title='bbox 3689 2651 3819 2705; x_wconf 68' lang='grc' dir='ltr'>συμμ-</span> 
     </span>
    </p>
   </div>
   <div class='ocr_carea' id='block_1_83' title="bbox 2244 2726 3817 2798">
    <p class='ocr_par' dir='ltr' id='par_1_83' title="bbox 2244 2726 3817 2798">
     <span class='ocr_line' id='line_1_85' title="bbox 2244 2726 3817 2798; baseline -0.006 -11"><span class='ocrx_word' id='word_1_554' title='bbox 2244 2732 2475 2797; x_wconf 82' lang='grc' dir='ltr'>παθείας</span> <span class='ocrx_word' id='word_1_555' title='bbox 2511 2731 2572 2784; x_wconf 89' lang='grc' dir='ltr'>τὸ</span> <span class='ocrx_word' id='word_1_556' title='bbox 2599 2729 2836 2798; x_wconf 87' lang='grc' dir='ltr'>πέλαγος</span> <span class='ocrx_word' id='word_1_557' title='bbox 2877 2729 3010 2780; x_wconf 84' lang='grc' dir='ltr'>πᾶσι</span> <span class='ocrx_word' id='word_1_558' title='bbox 3037 2732 3148 2791; x_wconf 83' lang='grc' dir='ltr'>τοῖς</span> <span class='ocrx_word' id='word_1_559' title='bbox 3176 2732 3253 2791; x_wconf 82' lang='grc' dir='ltr'>εἰς</span> <span class='ocrx_word' id='word_1_560' title='bbox 3283 2730 3344 2781; x_wconf 81' lang='grc' dir='ltr'>σὲ</span> <span class='ocrx_word' id='word_1_561' title='bbox 3384 2727 3690 2791; x_wconf 86' lang='grc' dir='ltr'>πεποιθόσι,</span> <span class='ocrx_word' id='word_1_562' title='bbox 3722 2726 3817 2779; x_wconf 79' lang='grc' dir='ltr'><strong>καὶ</strong></span> 
     </span>
    </p>
   </div>
   <div class='ocr_carea' id='block_1_84' title="bbox 2242 2814 3817 2895">
    <p class='ocr_par' dir='ltr' id='par_1_84' title="bbox 2242 2814 3817 2895">
     <span class='ocr_line' id='line_1_86' title="bbox 2242 2814 3817 2895; baseline -0.005 -17"><span class='ocrx_word' id='word_1_563' title='bbox 2242 2824 2320 2895; x_wconf 81' lang='grc' dir='ltr'>τῷ</span> <span class='ocrx_word' id='word_1_564' title='bbox 2358 2824 2471 2895; x_wconf 80' lang='grc' dir='ltr'><strong>Υἱῷ</strong></span> <span class='ocrx_word' id='word_1_565' title='bbox 2514 2841 2607 2878; x_wconf 82' lang='grc' dir='ltr'><strong>σου</strong></span> <span class='ocrx_word' id='word_1_566' title='bbox 2637 2818 3055 2895; x_wconf 68' lang='grc' dir='ltr'><strong>κραυγάξουσιν⁸</strong></span> <span class='ocrx_word' id='word_1_567' title='bbox 3085 2819 3387 2888; x_wconf 74' lang='grc' dir='ltr'>Εὐλογητὸς</span> <span class='ocrx_word' id='word_1_568' title='bbox 3415 2814 3483 2879; x_wconf 84' lang='grc' dir='ltr'><strong>εἷ,</strong></span> <span class='ocrx_word' id='word_1_569' title='bbox 3525 2819 3553 2869; x_wconf 91' lang='lat'><strong>6</strong></span> <span class='ocrx_word' id='word_1_570' title='bbox 3596 2816 3750 2880; x_wconf 87' lang='grc' dir='ltr'>Θεὸς,</span> <span class='ocrx_word' id='word_1_571' title='bbox 3786 2818 3817 2870; x_wconf 86' lang='lat'><strong>6</strong></span> 
     </span>
    </p>
   </div>
   <div class='ocr_carea' id='block_1_85' title="bbox 2172 2893 2837 2985">
    <p class='ocr_par' dir='ltr' id='par_1_85' title="bbox 2172 2893 2837 2985">
     <span class='ocr_line' id='line_1_87' title="bbox 2172 2893 2837 2985; baseline -0.011 -15"><span class='ocrx_word' id='word_1_572' title='bbox 2172 2893 2215 2949; x_wconf 77' lang='grc' dir='ltr'>Β</span> <span class='ocrx_word' id='word_1_573' title='bbox 2242 2893 2351 2969; x_wconf 88' lang='grc' dir='ltr'><strong>τῶν</strong></span> <span class='ocrx_word' id='word_1_574' title='bbox 2380 2893 2631 2985; x_wconf 79' lang='grc' dir='ltr'>πατέρων</span> <span class='ocrx_word' id='word_1_575' title='bbox 2657 2893 2837 2985; x_wconf 64' lang='grc' dir='ltr'>ἡμῶν.</span> 
     </span>
    </p>
   </div>
   <div class='ocr_carea' id='block_1_86' title="bbox 2325 2994 3816 3079">
    <p class='ocr_par' dir='ltr' id='par_1_86' title="bbox 2325 2994 3816 3079">
     <span class='ocr_line' id='line_1_88' title="bbox 2325 2994 3816 3079; baseline -0.009 -19"><span class='ocrx_word' id='word_1_576' title='bbox 2325 3006 2544 3079; x_wconf 82' lang='grc' dir='ltr'>Ὠραίαν</span> <span class='ocrx_word' id='word_1_577' title='bbox 2619 3005 2811 3074; x_wconf 79' lang='grc' dir='ltr'>στολὴν</span> <span class='ocrx_word' id='word_1_578' title='bbox 2866 2999 3146 3071; x_wconf 81' lang='grc' dir='ltr'>σωτηρίων</span> <span class='ocrx_word' id='word_1_579' title='bbox 3201 2996 3426 3050; x_wconf 74' lang='grc' dir='ltr'>ἐντολῶν</span> <span class='ocrx_word' id='word_1_580' title='bbox 3475 2995 3565 3049; x_wconf 73' lang='grc' dir='ltr'><strong>διὰ</strong></span> <span class='ocrx_word' id='word_1_581' title='bbox 3620 2994 3816 3064; x_wconf 80' lang='grc' dir='ltr'>βαπτί-</span> 
     </span>
    </p>
   </div>
   <div class='ocr_carea' id='block_1_87' title="bbox 2245 3089 3818 3174">
    <p class='ocr_par' dir='ltr' id='par_1_87' title="bbox 2245 3089 3818 3174">
     <span class='ocr_line' id='line_1_89' title="bbox 2245 3089 3818 3174; baseline -0.009 -17"><span class='ocrx_word' id='word_1_582' title='bbox 2245 3119 2449 3174; x_wconf 87' lang='grc' dir='ltr'>σματος</span> <span class='ocrx_word' id='word_1_583' title='bbox 2472 3100 2908 3170; x_wconf 86' lang='grc' dir='ltr'>ἀμφιασάμενος,</span> <span class='ocrx_word' id='word_1_584' title='bbox 2955 3093 3339 3165; x_wconf 81' lang='grc' dir='ltr'>ἁπημαύρωσα</span> <span class='ocrx_word' id='word_1_585' title='bbox 3378 3090 3443 3143; x_wconf 87' lang='grc' dir='ltr'><strong>δι’</strong></span> <span class='ocrx_word' id='word_1_586' title='bbox 3492 3089 3751 3159; x_wconf 82' lang='grc' dir='ltr'><strong>ἀμελείας</strong></span> <span class='ocrx_word' id='word_1_587' title='bbox 3788 3093 3818 3143; x_wconf 90' lang='lat'><strong>6</strong></span> 
     </span>
    </p>
   </div>
   <div class='ocr_carea' id='block_1_88' title="bbox 2242 3180 3818 3257">
    <p class='ocr_par' dir='ltr' id='par_1_88' title="bbox 2242 3180 3818 3257">
     <span class='ocr_line' id='line_1_90' title="bbox 2242 3180 3818 3257; baseline -0.006 -12"><span class='ocrx_word' id='word_1_588' title='bbox 2242 3189 2503 3250; x_wconf 78' lang='grc' dir='ltr'>δείλαιοςῑ</span> <span class='ocrx_word' id='word_1_589' title='bbox 2535 3188 2647 3240; x_wconf 86' lang='grc' dir='ltr'><strong>Νῦν</strong></span> <span class='ocrx_word' id='word_1_590' title='bbox 2671 3187 2727 3239; x_wconf 85' lang='grc' dir='ltr'><strong>δέ</strong></span> <span class='ocrx_word' id='word_1_591' title='bbox 2746 3202 2827 3239; x_wconf 87' lang='grc' dir='ltr'><strong>σοι</strong></span> <span class='ocrx_word' id='word_1_592' title='bbox 2848 3184 3183 3257; x_wconf 79' lang='grc' dir='ltr'>προστρέχω,</span> <span class='ocrx_word' id='word_1_593' title='bbox 3220 3182 3481 3253; x_wconf 86' lang='grc' dir='ltr'>Παρθένε,</span> <span class='ocrx_word' id='word_1_594' title='bbox 3501 3180 3590 3233; x_wconf 89' lang='grc' dir='ltr'>τὸν</span> <span class='ocrx_word' id='word_1_595' title='bbox 3613 3180 3818 3250; x_wconf 85' lang='grc' dir='ltr'>χιτῶνα</span> 
     </span>
    </p>
   </div>
   <div class='ocr_carea' id='block_1_89' title="bbox 2244 3270 3818 3350">
    <p class='ocr_par' dir='ltr' id='par_1_89' title="bbox 2244 3270 3818 3350">
     <span class='ocr_line' id='line_1_91' title="bbox 2244 3270 3818 3350; baseline -0.008 -16"><span class='ocrx_word' id='word_1_596' title='bbox 2244 3278 2558 3350; x_wconf 75' lang='grc' dir='ltr'>αἰτούμενος</span> <span class='ocrx_word' id='word_1_597' title='bbox 2594 3279 2691 3348; x_wconf 80' lang='grc' dir='ltr'>τῆς</span> <span class='ocrx_word' id='word_1_598' title='bbox 2723 3274 3074 3348; x_wconf 80' lang='grc' dir='ltr'>σωφροσύνης</span> <span class='ocrx_word' id='word_1_599' title='bbox 3114 3273 3202 3328; x_wconf 77' lang='grc' dir='ltr'><strong>διὰ</strong></span> <span class='ocrx_word' id='word_1_600' title='bbox 3248 3273 3341 3327; x_wconf 81' lang='grc' dir='ltr'>σοῦ</span> <span class='ocrx_word' id='word_1_601' title='bbox 3388 3272 3551 3327; x_wconf 80' lang='grc' dir='ltr'>πάλιν</span> <span class='ocrx_word' id='word_1_602' title='bbox 3597 3270 3818 3326; x_wconf 85' lang='grc' dir='ltr'>ὲνδύσα-</span> 
     </span>
    </p>
   </div>
   <div class='ocr_carea' id='block_1_90' title="bbox 2245 3371 2390 3426">
    <p class='ocr_par' dir='ltr' id='par_1_90' title="bbox 2245 3371 2390 3426">
     <span class='ocr_line' id='line_1_92' title="bbox 2245 3371 2390 3426; baseline -0.007 0"><span class='ocrx_word' id='word_1_603' title='bbox 2245 3371 2390 3426; x_wconf 90' lang='grc' dir='ltr'>σθαι.</span> 
     </span>
    </p>
   </div>
   <div class='ocr_carea' id='block_1_91' title="bbox 2313 3455 3198 3527">
    <p class='ocr_par' dir='ltr' id='par_1_91' title="bbox 2313 3455 3198 3527">
     <span class='ocr_line' id='line_1_93' title="bbox 2313 3455 3198 3527; baseline -0.007 -12"><span class='ocrx_word' id='word_1_604' title='bbox 2313 3461 2524 3523; x_wconf 80' lang='grc' dir='ltr'>Ἀλλος.</span> <span class='ocrx_word' id='word_1_605' title='bbox 2560 3455 2824 3511; x_wconf 79' lang='grc' dir='ltr'>Ἀντίθεον</span> <span class='ocrx_word' id='word_1_606' title='bbox 2851 3456 3198 3527; x_wconf 81' lang='grc' dir='ltr'>πρόσταγμα.</span> 
     </span>
    </p>
   </div>
   <div class='ocr_carea' id='block_1_92' title="bbox 2324 3548 3820 3623">
    <p class='ocr_par' dir='ltr' id='par_1_92' title="bbox 2324 3548 3820 3623">
     <span class='ocr_line' id='line_1_94' title="bbox 2324 3548 3820 3623; baseline -0.003 -16"><span class='ocrx_word' id='word_1_607' title='bbox 2324 3555 2600 3623; x_wconf 61' lang='grc' dir='ltr'>ωττᾶται,</span> <span class='ocrx_word' id='word_1_608' title='bbox 2663 3549 2956 3620; x_wconf 87' lang='grc' dir='ltr'>μακάριοι,</span> <span class='ocrx_word' id='word_1_609' title='bbox 3031 3548 3124 3599; x_wconf 74' lang='grc' dir='ltr'><strong>καὶ</strong></span> <span class='ocrx_word' id='word_1_610' title='bbox 3194 3548 3515 3618; x_wconf 81' lang='grc' dir='ltr'>δραπετεύει</span> <span class='ocrx_word' id='word_1_611' title='bbox 3568 3551 3601 3621; x_wconf 81' lang='grc' dir='ltr'><strong>ή</strong></span> <span class='ocrx_word' id='word_1_612' title='bbox 3687 3549 3820 3622; x_wconf 78' lang='grc' dir='ltr'>πρὶν</span> 
     </span>
    </p>
   </div>
   <div class='ocr_carea' id='block_1_93' title="bbox 2242 3636 3818 3713">
    <p class='ocr_par' dir='ltr' id='par_1_93' title="bbox 2242 3636 3818 3713">
     <span class='ocr_line' id='line_1_95' title="bbox 2242 3636 3818 3713; baseline -0.013 -11"><span class='ocrx_word' id='word_1_613' title='bbox 2242 3646 2612 3707; x_wconf 79' lang='grc' dir='ltr'>ἀνυπόστατος</span> <span class='ocrx_word' id='word_1_614' title='bbox 2654 3639 2927 3713; x_wconf 84' lang='grc' dir='ltr'>θρασύτης</span> <span class='ocrx_word' id='word_1_615' title='bbox 2960 3636 3069 3690; x_wconf 84' lang='grc' dir='ltr'><strong>τῶν</strong></span> <span class='ocrx_word' id='word_1_616' title='bbox 3101 3638 3386 3709; x_wconf 78' lang='grc' dir='ltr'>αἱρέσεων.</span> <span class='ocrx_word' id='word_1_617' title='bbox 3418 3640 3692 3710; x_wconf 78' lang='grc' dir='ltr'><strong>Κηρὸς’δὲ</strong></span> <span class='ocrx_word' id='word_1_618' title='bbox 3719 3658 3818 3713; x_wconf 78' lang='grc' dir='ltr'>τη..</span> 
     </span>
    </p>
   </div>
   <div class='ocr_carea' id='block_1_94' title="bbox 2240 3729 3817 3809">
    <p class='ocr_par' dir='ltr' id='par_1_94' title="bbox 2240 3729 3817 3809">
     <span class='ocr_line' id='line_1_96' title="bbox 2240 3729 3817 3809; baseline -0.004 -17"><span class='ocrx_word' id='word_1_619' title='bbox 2240 3739 2467 3809; x_wconf 85' lang='grc' dir='ltr'>κόμενος</span> <span class='ocrx_word' id='word_1_620' title='bbox 2507 3736 2616 3790; x_wconf 84' lang='grc' dir='ltr'>ἀπὸ</span> <span class='ocrx_word' id='word_1_621' title='bbox 2674 3732 2966 3806; x_wconf 84' lang='grc' dir='ltr'>προσώπου</span> <span class='ocrx_word' id='word_1_622' title='bbox 3011 3730 3202 3803; x_wconf 84' lang='grc' dir='ltr'>πυρὸς,</span> <span class='ocrx_word' id='word_1_623' title='bbox 3261 3729 3411 3784; x_wconf 82' lang='grc' dir='ltr'>νόθον</span> <span class='ocrx_word' id='word_1_624' title='bbox 3450 3730 3593 3786; x_wconf 78' lang='grc' dir='ltr'>ἅπαν</span> <span class='ocrx_word' id='word_1_625' title='bbox 3638 3734 3817 3806; x_wconf 82' lang='grc' dir='ltr'>δόγμα</span> 
     </span>
    </p>
   </div>
   <div class='ocr_carea' id='block_1_95' title="bbox 2239 3821 3818 3899">
    <p class='ocr_par' dir='ltr' id='par_1_95' title="bbox 2239 3821 3818 3899">
     <span class='ocr_line' id='line_1_97' title="bbox 2239 3821 3818 3899; baseline -0.002 -17"><span class='ocrx_word' id='word_1_626' title='bbox 2239 3832 2352 3892; x_wconf 85' lang='grc' dir='ltr'>τοῖς</span> <span class='ocrx_word' id='word_1_627' title='bbox 2384 3828 2538 3899; x_wconf 83' lang='grc' dir='ltr'>ὑμῶν</span> <span class='ocrx_word' id='word_1_628' title='bbox 2582 3824 2917 3897; x_wconf 80' lang='grc' dir='ltr'>προσϐάλλον</span> <span class='ocrx_word' id='word_1_629' title='bbox 2958 3822 3215 3892; x_wconf 76' lang='grc' dir='ltr'>φθόγγοις</span> <span class='ocrx_word' id='word_1_630' title='bbox 3262 3821 3559 3893; x_wconf 84' lang='grc' dir='ltr'>πυρπνόοις</span> <span class='ocrx_word' id='word_1_631' title='bbox 3607 3821 3818 3879; x_wconf 83' lang='grc' dir='ltr'>δείκνυ-</span> 
     </span>
    </p>
   </div>
   <div class='ocr_carea' id='block_1_96' title="bbox 2237 3936 2347 3974">
    <p class='ocr_par' dir='ltr' id='par_1_96' title="bbox 2237 3936 2347 3974">
     <span class='ocr_line' id='line_1_98' title="bbox 2237 3936 2347 3974; baseline 0.018 -2"><span class='ocrx_word' id='word_1_632' title='bbox 2237 3936 2347 3974; x_wconf 88' lang='grc' dir='ltr'>ται.</span> 
     </span>
    </p>
   </div>
   <div class='ocr_carea' id='block_1_97' title="bbox 2327 4005 3816 4082">
    <p class='ocr_par' dir='ltr' id='par_1_97' title="bbox 2327 4005 3816 4082">
     <span class='ocr_line' id='line_1_99' title="bbox 2327 4005 3816 4082; baseline -0.003 -19"><span class='ocrx_word' id='word_1_633' title='bbox 2327 4009 2551 4082; x_wconf 75' lang='grc' dir='ltr'>..εευδεῖς</span> <span class='ocrx_word' id='word_1_634' title='bbox 2602 4007 2699 4078; x_wconf 80' lang='grc' dir='ltr'>μὲν</span> <span class='ocrx_word' id='word_1_635' title='bbox 2743 4005 3023 4071; x_wconf 81' lang='grc' dir='ltr'>ἐξέκλιναν</span> <span class='ocrx_word' id='word_1_636' title='bbox 3062 4006 3328 4077; x_wconf 84' lang='grc' dir='ltr'>Ἐλλήνων</span> <span class='ocrx_word' id='word_1_637' title='bbox 3389 4007 3599 4070; x_wconf 72' lang='grc' dir='ltr'>ὕθλουςο</span> <span class='ocrx_word' id='word_1_638' title='bbox 3641 4005 3816 4059; x_wconf 87' lang='grc' dir='ltr'>πειθὼ</span> 
     </span>
    </p>
   </div>
   <div class='ocr_carea' id='block_1_98' title="bbox 2238 4090 3815 4175">
    <p class='ocr_par' dir='ltr' id='par_1_98' title="bbox 2238 4090 3815 4175">
     <span class='ocr_line' id='line_1_100' title="bbox 2238 4090 3815 4175; baseline -0.007 -16"><span class='ocrx_word' id='word_1_639' title='bbox 2238 4105 2297 4160; x_wconf 73' lang='grc' dir='ltr'><strong>δὲ</strong></span> <span class='ocrx_word' id='word_1_640' title='bbox 2328 4104 2428 4175; x_wconf 83' lang='grc' dir='ltr'><strong>τὴν</strong></span> <span class='ocrx_word' id='word_1_641' title='bbox 2451 4101 2713 4174; x_wconf 90' lang='grc' dir='ltr'>τύραννον</span> <span class='ocrx_word' id='word_1_642' title='bbox 2740 4095 3046 4170; x_wconf 78' lang='grc' dir='ltr'>ἀνθρώποις</span> <span class='ocrx_word' id='word_1_643' title='bbox 3071 4095 3238 4165; x_wconf 82' lang='grc' dir='ltr'>μόνην</span> <span class='ocrx_word' id='word_1_644' title='bbox 3259 4097 3479 4161; x_wconf 81' lang='grc' dir='ltr'>εἴλοντο,</span> <span class='ocrx_word' id='word_1_645' title='bbox 3509 4099 3599 4165; x_wconf 83' lang='grc' dir='ltr'><strong>ὑφ’</strong></span> <span class='ocrx_word' id='word_1_646' title='bbox 3636 4090 3815 4167; x_wconf 80' lang='grc' dir='ltr'>ἦςτὴν</span> 
     </span>
    </p>
   </div>
   <div class='ocr_carea' id='block_1_99' title="bbox 2240 4187 3816 4270">
    <p class='ocr_par' dir='ltr' id='par_1_99' title="bbox 2240 4187 3816 4270">
     <span class='ocr_line' id='line_1_101' title="bbox 2240 4187 3816 4270; baseline -0.01 -17"><span class='ocrx_word' id='word_1_647' title='bbox 2240 4197 2500 4270; x_wconf 81' lang='grc' dir='ltr'>ἀλήθειαν</span> <span class='ocrx_word' id='word_1_648' title='bbox 2526 4196 2575 4249; x_wconf 80' lang='lat' dir='ltr'><strong>oi</strong></span> <span class='ocrx_word' id='word_1_649' title='bbox 2614 4195 2762 4267; x_wconf 75' lang='grc' dir='ltr'>τρεῖς</span> <span class='ocrx_word' id='word_1_650' title='bbox 2799 4188 3152 4252; x_wconf 85' lang='grc' dir='ltr'>τονώσαντες,</span> <span class='ocrx_word' id='word_1_651' title='bbox 3183 4187 3355 4251; x_wconf 75' lang='grc' dir='ltr'>οὓτως</span> <span class='ocrx_word' id='word_1_652' title='bbox 3388 4190 3532 4241; x_wconf 79' lang='grc' dir='ltr'>άπαν</span> <span class='ocrx_word' id='word_1_653' title='bbox 3561 4188 3816 4260; x_wconf 79' lang='grc' dir='ltr'>σύστημα</span> 
     </span>
    </p>
   </div>
   <div class='ocr_carea' id='block_1_100' title="bbox 2245 4278 3552 4359">
    <p class='ocr_par' dir='ltr' id='par_1_100' title="bbox 2245 4278 3552 4359">
     <span class='ocr_line' id='line_1_102' title="bbox 2245 4278 3552 4359; baseline -0.008 -15"><span class='ocrx_word' id='word_1_654' title='bbox 2245 4288 2451 4344; x_wconf 82' lang='grc' dir='ltr'>πιστῶν</span> <span class='ocrx_word' id='word_1_655' title='bbox 2476 4286 2785 4359; x_wconf 80' lang='grc' dir='ltr'>χειροῦνται</span> <span class='ocrx_word' id='word_1_656' title='bbox 2814 4282 2995 4353; x_wconf 76' lang='grc' dir='ltr'>λόγοις</span> <span class='ocrx_word' id='word_1_657' title='bbox 3021 4279 3120 4335; x_wconf 73' lang='grc' dir='ltr'><strong>καὶ</strong></span> <span class='ocrx_word' id='word_1_658' title='bbox 3144 4278 3552 4334; x_wconf 80' lang='grc' dir='ltr'>καταπείθουσι.</span> 
     </span>
    </p>
   </div>
   <div class='ocr_carea' id='block_1_101' title="bbox 2866 4575 3168 4635">
    <p class='ocr_par' dir='ltr' id='par_1_101' title="bbox 2866 4575 3168 4635">
     <span class='ocr_line' id='line_1_103' title="bbox 2866 4575 3168 4635; baseline 0.013 -4"><span class='ocrx_word' id='word_1_659' title='bbox 2866 4575 3168 4635; x_wconf 76' lang='grc' dir='ltr'>Θεοτόκιον.</span> 
     </span>
    </p>
   </div>
   <div class='ocr_carea' id='block_1_102' title="bbox 2325 4668 3813 4745">
    <p class='ocr_par' dir='ltr' id='par_1_102' title="bbox 2325 4668 3813 4745">
     <span class='ocr_line' id='line_1_104' title="bbox 2325 4668 3813 4745; baseline 0 -19"><span class='ocrx_word' id='word_1_660' title='bbox 2325 4688 2525 4744; x_wconf 46' lang='lat' dir='ltr'><strong>meo.</strong></span> <span class='ocrx_word' id='word_1_661' title='bbox 2569 4686 2719 4724; x_wconf 87' lang='grc' dir='ltr'>πασα</span> <span class='ocrx_word' id='word_1_662' title='bbox 2765 4670 3067 4743; x_wconf 70' lang='grc' dir='ltr'>πρόρρησις</span> <span class='ocrx_word' id='word_1_663' title='bbox 3098 4668 3471 4739; x_wconf 72' lang='grc' dir='ltr'>ἔπανεπαύθη,</span> <span class='ocrx_word' id='word_1_664' title='bbox 3514 4670 3609 4727; x_wconf 77' lang='grc' dir='ltr'><strong>καὶ</strong></span> <span class='ocrx_word' id='word_1_665' title='bbox 3638 4672 3813 4745; x_wconf 74' lang='grc' dir='ltr'>πέρας</span> 
     </span>
    </p>
   </div>
   <div class='ocr_carea' id='block_1_103' title="bbox 2241 4761 3815 4837">
    <p class='ocr_par' dir='ltr' id='par_1_103' title="bbox 2241 4761 3815 4837">
     <span class='ocr_line' id='line_1_105' title="bbox 2241 4761 3815 4837; baseline -0.004 -13"><span class='ocrx_word' id='word_1_666' title='bbox 2241 4769 2475 4835; x_wconf 73' lang='grc' dir='ltr'>ἐδέξατο,</span> <span class='ocrx_word' id='word_1_667' title='bbox 2503 4762 2780 4832; x_wconf 79' lang='grc' dir='ltr'>ξενίζουσα</span> <span class='ocrx_word' id='word_1_668' title='bbox 2804 4765 2929 4828; x_wconf 77' lang='grc' dir='ltr'>τοὺς</span> <span class='ocrx_word' id='word_1_669' title='bbox 2948 4764 3222 4832; x_wconf 80' lang='grc' dir='ltr'>λέγοντας·</span> <span class='ocrx_word' id='word_1_670' title='bbox 3240 4762 3333 4815; x_wconf 83' lang='grc' dir='ltr'><strong>Ἐκ</strong></span> <span class='ocrx_word' id='word_1_671' title='bbox 3362 4761 3455 4817; x_wconf 80' lang='grc' dir='ltr'><strong>σοῦ</strong></span> <span class='ocrx_word' id='word_1_672' title='bbox 3478 4763 3535 4817; x_wconf 83' lang='grc' dir='ltr'><strong>δὲ</strong></span> <span class='ocrx_word' id='word_1_673' title='bbox 3564 4764 3815 4837; x_wconf 82' lang='grc' dir='ltr'>λαμπρό-</span> 
     </span>
    </p>
   </div>
   <div class='ocr_carea' id='block_1_104' title="bbox 2240 4854 3809 4936">
    <p class='ocr_par' dir='ltr' id='par_1_104' title="bbox 2240 4854 3809 4936">
     <span class='ocr_line' id='line_1_106' title="bbox 2240 4854 3809 4936; baseline -0.006 -16"><span class='ocrx_word' id='word_1_674' title='bbox 2240 4882 2372 4936; x_wconf 84' lang='grc' dir='ltr'>τερα</span> <span class='ocrx_word' id='word_1_675' title='bbox 2396 4862 2614 4919; x_wconf 75' lang='grc' dir='ltr'>καὶτῶν</span> <span class='ocrx_word' id='word_1_676' title='bbox 2640 4862 2989 4933; x_wconf 70' lang='grc' dir='ltr'>προρρήσεων</span> <span class='ocrx_word' id='word_1_677' title='bbox 3007 4854 3258 4928; x_wconf 87' lang='grc' dir='ltr'>θαύματα</span> <span class='ocrx_word' id='word_1_678' title='bbox 3285 4857 3610 4930; x_wconf 76' lang='grc' dir='ltr'>πηγάζουσι,</span> <span class='ocrx_word' id='word_1_679' title='bbox 3646 4859 3809 4929; x_wconf 78' lang='grc' dir='ltr'>ἁγνὴ,</span> 
     </span>
    </p>
   </div>
   <div class='ocr_carea' id='block_1_105' title="bbox 2239 4950 3097 5030">
    <p class='ocr_par' dir='ltr' id='par_1_105' title="bbox 2239 4950 3097 5030">
     <span class='ocr_line' id='line_1_107' title="bbox 2239 4950 3097 5030; baseline -0.01 -16"><span class='ocrx_word' id='word_1_680' title='bbox 2239 4957 2500 5030; x_wconf 75' lang='grc' dir='ltr'>δηλοῦντα</span> <span class='ocrx_word' id='word_1_681' title='bbox 2530 4957 2655 5019; x_wconf 82' lang='grc' dir='ltr'>τοὺς</span> <span class='ocrx_word' id='word_1_682' title='bbox 2679 4950 3097 5026; x_wconf 80' lang='grc' dir='ltr'>ἑρμηνεύοντας.</span> 
     </span>
    </p>
   </div>
   <div class='ocr_carea' id='block_1_106' title="bbox 2314 5132 3126 5201">
    <p class='ocr_par' dir='ltr' id='par_1_106' title="bbox 2314 5132 3126 5201">
     <span class='ocr_line' id='line_1_108' title="bbox 2314 5132 3126 5201; baseline -0.005 -13"><span class='ocrx_word' id='word_1_683' title='bbox 2314 5133 2522 5198; x_wconf 75' lang='grc' dir='ltr'>Ἄλλος.</span> <span class='ocrx_word' id='word_1_684' title='bbox 2540 5134 2675 5188; x_wconf 88' lang='grc' dir='ltr'>Θεοῦ</span> <span class='ocrx_word' id='word_1_685' title='bbox 2706 5132 3126 5201; x_wconf 66' lang='grc' dir='ltr'>πγκατάὸασιν.</span> 
     </span>
    </p>
   </div>
   <div class='ocr_carea' id='block_1_107' title="bbox 2313 5219 3811 5297">
    <p class='ocr_par' dir='ltr' id='par_1_107' title="bbox 2313 5219 3811 5297">
     <span class='ocr_line' id='line_1_109' title="bbox 2313 5219 3811 5297; baseline -0.003 -18"><span class='ocrx_word' id='word_1_686' title='bbox 2313 5226 2550 5296; x_wconf 85' lang='grc' dir='ltr'>Σιγῶσαι</span> <span class='ocrx_word' id='word_1_687' title='bbox 2592 5225 2686 5279; x_wconf 75' lang='grc' dir='ltr'><strong>καὶ</strong></span> <span class='ocrx_word' id='word_1_688' title='bbox 2722 5224 3041 5297; x_wconf 77' lang='grc' dir='ltr'>κράζουσαι,</span> <span class='ocrx_word' id='word_1_689' title='bbox 3071 5219 3347 5295; x_wconf 74' lang='grc' dir='ltr'>ὀρώμεναί</span> <span class='ocrx_word' id='word_1_690' title='bbox 3372 5237 3431 5273; x_wconf 86' lang='grc' dir='ltr'><strong>τε</strong></span> <span class='ocrx_word' id='word_1_691' title='bbox 3476 5221 3567 5273; x_wconf 76' lang='grc' dir='ltr'><strong>καὶ</strong></span> <span class='ocrx_word' id='word_1_692' title='bbox 3616 5220 3811 5275; x_wconf 80' lang='grc' dir='ltr'>ἀκουό-</span> 
     </span>
    </p>
   </div>
   <div class='ocr_carea' id='block_1_108' title="bbox 2245 5310 3811 5387">
    <p class='ocr_par' dir='ltr' id='par_1_108' title="bbox 2245 5310 3811 5387">
     <span class='ocr_line' id='line_1_110' title="bbox 2245 5310 3811 5387; baseline -0.003 -18"><span class='ocrx_word' id='word_1_693' title='bbox 2245 5332 2421 5387; x_wconf 84' lang='grc' dir='ltr'>μεναι,</span> <span class='ocrx_word' id='word_1_694' title='bbox 2472 5315 2671 5385; x_wconf 81' lang='grc' dir='ltr'>ἀρετῆς</span> <span class='ocrx_word' id='word_1_695' title='bbox 2710 5316 2801 5368; x_wconf 75' lang='grc' dir='ltr'><strong>καὶ</strong></span> <span class='ocrx_word' id='word_1_696' title='bbox 2835 5314 3026 5382; x_wconf 89' lang='grc' dir='ltr'>σοφίας</span> <span class='ocrx_word' id='word_1_697' title='bbox 3054 5315 3103 5368; x_wconf 83' lang='grc' dir='ltr'>οἱ</span> <span class='ocrx_word' id='word_1_698' title='bbox 3133 5310 3386 5383; x_wconf 83' lang='grc' dir='ltr'>θεηγόροι</span> <span class='ocrx_word' id='word_1_699' title='bbox 3437 5312 3630 5380; x_wconf 81' lang='grc' dir='ltr'>στῆλαι</span> <span class='ocrx_word' id='word_1_700' title='bbox 3659 5312 3811 5379; x_wconf 83' lang='grc' dir='ltr'>γεγό-</span> 
     </span>
    </p>
   </div>
   <div class='ocr_carea' id='block_1_109' title="bbox 2241 5403 3807 5479">
    <p class='ocr_par' dir='ltr' id='par_1_109' title="bbox 2241 5403 3807 5479">
     <span class='ocr_line' id='line_1_111' title="bbox 2241 5403 3807 5479; baseline -0.006 -17"><span class='ocrx_word' id='word_1_701' title='bbox 2241 5424 2414 5471; x_wconf 90' lang='grc' dir='ltr'>νασιν,</span> <span class='ocrx_word' id='word_1_702' title='bbox 2441 5408 2585 5479; x_wconf 79' lang='grc' dir='ltr'>ἔργῳ</span> <span class='ocrx_word' id='word_1_703' title='bbox 2612 5407 2705 5459; x_wconf 71' lang='grc' dir='ltr'><strong>καὶ</strong></span> <span class='ocrx_word' id='word_1_704' title='bbox 2740 5406 2884 5476; x_wconf 87' lang='grc' dir='ltr'>λόγῳ</span> <span class='ocrx_word' id='word_1_705' title='bbox 2924 5406 3052 5477; x_wconf 77' lang='grc' dir='ltr'>βοᾷν</span> <span class='ocrx_word' id='word_1_706' title='bbox 3081 5404 3529 5476; x_wconf 83' lang='grc' dir='ltr'>προτρεπόμενοι·</span> <span class='ocrx_word' id='word_1_707' title='bbox 3570 5403 3807 5473; x_wconf 74' lang='grc' dir='ltr'>Εὐλογη-</span> 
     </span>
    </p>
   </div>
   <div class='ocr_carea' id='block_1_110' title="bbox 2239 5496 3250 5571">
    <p class='ocr_par' dir='ltr' id='par_1_110' title="bbox 2239 5496 3250 5571">
     <span class='ocr_line' id='line_1_112' title="bbox 2239 5496 3250 5571; baseline -0.003 -18"><span class='ocrx_word' id='word_1_708' title='bbox 2239 5502 2330 5565; x_wconf 83' lang='grc' dir='ltr'>τὸς</span> <span class='ocrx_word' id='word_1_709' title='bbox 2361 5504 2389 5553; x_wconf 87' lang='lat'><strong>6</strong></span> <span class='ocrx_word' id='word_1_710' title='bbox 2418 5498 2571 5563; x_wconf 83' lang='grc' dir='ltr'>Θεὸς,</span> <span class='ocrx_word' id='word_1_711' title='bbox 2598 5500 2627 5552; x_wconf 92' lang='lat'><strong>6</strong></span> <span class='ocrx_word' id='word_1_712' title='bbox 2648 5499 2756 5551; x_wconf 90' lang='grc' dir='ltr'><strong>τῶν</strong></span> <span class='ocrx_word' id='word_1_713' title='bbox 2789 5498 3043 5571; x_wconf 82' lang='grc' dir='ltr'>πατέρων</span> <span class='ocrx_word' id='word_1_714' title='bbox 3073 5496 3250 5568; x_wconf 86' lang='grc' dir='ltr'>ἡμῶν.</span> 
     </span>
    </p>
   </div>
   <div class='ocr_carea' id='block_1_111' title="bbox 2306 5584 3805 5660">
    <p class='ocr_par' dir='ltr' id='par_1_111' title="bbox 2306 5584 3805 5660">
     <span class='ocr_line' id='line_1_113' title="bbox 2306 5584 3805 5660; baseline -0.003 -16"><span class='ocrx_word' id='word_1_715' title='bbox 2306 5590 2439 5644; x_wconf 87' lang='grc' dir='ltr'>Θεοῦ</span> <span class='ocrx_word' id='word_1_716' title='bbox 2485 5591 2663 5659; x_wconf 85' lang='grc' dir='ltr'>φωνὰς</span> <span class='ocrx_word' id='word_1_717' title='bbox 2699 5588 2903 5645; x_wconf 80' lang='grc' dir='ltr'>ἄνωθεν</span> <span class='ocrx_word' id='word_1_718' title='bbox 2948 5588 3349 5660; x_wconf 63' lang='grc' dir='ltr'>ἐπισφντὼσας</span> <span class='ocrx_word' id='word_1_719' title='bbox 3380 5590 3514 5660; x_wconf 83' lang='grc' dir='ltr'>ἡμῖν</span> <span class='ocrx_word' id='word_1_720' title='bbox 3549 5584 3805 5652; x_wconf 76' lang='grc' dir='ltr'>ἐξαίσιον,</span> 
     </span>
    </p>
   </div>
   <div class='ocr_carea' id='block_1_112' title="bbox 2242 5678 3805 5752">
    <p class='ocr_par' dir='ltr' id='par_1_112' title="bbox 2242 5678 3805 5752">
     <span class='ocr_line' id='line_1_114' title="bbox 2242 5678 3805 5752; baseline -0.004 -14"><span class='ocrx_word' id='word_1_721' title='bbox 2242 5682 2535 5752; x_wconf 83' lang='grc' dir='ltr'>ἀστραπῶν</span> <span class='ocrx_word' id='word_1_722' title='bbox 2564 5698 2624 5733; x_wconf 80' lang='grc' dir='ltr'><strong>τε</strong></span> <span class='ocrx_word' id='word_1_723' title='bbox 2650 5680 2858 5749; x_wconf 86' lang='grc' dir='ltr'>βολίδας</span> <span class='ocrx_word' id='word_1_724' title='bbox 2882 5681 3009 5743; x_wconf 83' lang='grc' dir='ltr'>τοὺς</span> <span class='ocrx_word' id='word_1_725' title='bbox 3021 5680 3173 5751; x_wconf 81' lang='grc' dir='ltr'>ὑμῶν</span> <span class='ocrx_word' id='word_1_726' title='bbox 3211 5680 3482 5750; x_wconf 84' lang='grc' dir='ltr'>φθόγγους</span> <span class='ocrx_word' id='word_1_727' title='bbox 3508 5678 3805 5749; x_wconf 76' lang='grc' dir='ltr'>δεχόμενοι,</span> 
     </span>
    </p>
   </div>
   <div class='ocr_carea' id='block_1_113' title="bbox 2244 5770 3808 5845">
    <p class='ocr_par' dir='ltr' id='par_1_113' title="bbox 2244 5770 3808 5845">
     <span class='ocr_line' id='line_1_115' title="bbox 2244 5770 3808 5845; baseline -0.001 -19"><span class='ocrx_word' id='word_1_728' title='bbox 2244 5773 2525 5845; x_wconf 79' lang='grc' dir='ltr'>πάνσοφοι,</span> <span class='ocrx_word' id='word_1_729' title='bbox 2552 5770 3007 5842; x_wconf 80' lang='grc' dir='ltr'>συμμελῳδοῦμεν</span> <span class='ocrx_word' id='word_1_730' title='bbox 3041 5772 3186 5842; x_wconf 79' lang='grc' dir='ltr'>ὑμῖν·</span> <span class='ocrx_word' id='word_1_731' title='bbox 3218 5772 3516 5843; x_wconf 81' lang='grc' dir='ltr'>Εὐλογητὸς</span> <span class='ocrx_word' id='word_1_732' title='bbox 3536 5773 3563 5825; x_wconf 87' lang='lat'><strong>6</strong></span> <span class='ocrx_word' id='word_1_733' title='bbox 3594 5770 3748 5836; x_wconf 86' lang='grc' dir='ltr'>Θεὸς,</span> <span class='ocrx_word' id='word_1_734' title='bbox 3778 5772 3808 5824; x_wconf 90' lang='lat'><strong>6</strong></span> 
     </span>
    </p>
   </div>
   <div class='ocr_carea' id='block_1_114' title="bbox 2246 5862 2821 5935">
    <p class='ocr_par' dir='ltr' id='par_1_114' title="bbox 2246 5862 2821 5935">
     <span class='ocr_line' id='line_1_116' title="bbox 2246 5862 2821 5935; baseline -0.003 -18"><span class='ocrx_word' id='word_1_735' title='bbox 2246 5866 2348 5918; x_wconf 87' lang='grc' dir='ltr'><strong>τῶν</strong></span> <span class='ocrx_word' id='word_1_736' title='bbox 2380 5864 2624 5935; x_wconf 82' lang='grc' dir='ltr'>πατέρων</span> <span class='ocrx_word' id='word_1_737' title='bbox 2649 5862 2821 5933; x_wconf 78' lang='grc' dir='ltr'>ἡμῶν.</span> 
     </span>
    </p>
   </div>
  </div>
