4058 6462
1370 418 1768 479 ACOLUTHIA
1806 416 2141 474 TRIPLICIS
2178 412 2392 471 FESTI.

3276 421 3502 464 eccum
3519 428 3523 433 ‘

359 542 689 608 Ῥιπίζονται
730 541 957 614 χάλαζαι
998 540 1063 594 ἐκ
1078 537 1388 611 πυροϐόλων
1425 536 1703 607 γλωσσῶν,
1722 554 1839 590 συν-

2010 534 2089 589 Ex
2134 532 2333 603 linguis
2386 526 2670 599 ignivomis
2720 525 2996 595 iactantur
3041 520 3354 592 grandines.
3382 534 3501 591 qua

275 635 560 707 τρίϐουσαι
580 632 651 686 τά
682 632 855 703 σαθρὰ
872 630 979 685 τῶν
1000 630 1303 703 δογμάτων,
1332 630 1384 683 ετ
1408 645 1491 693 τις
1518 629 1681 700 μέσον
1700 629 1840 699 παῤ-

279 725 609 799 ρησιάσηται
645 723 753 776 τῶν
805 720 1124 789 κενολόγων,
1170 719 1304 791 ὀρθά
1338 718 1413 789 μὴ
1456 718 1837 788 φθεγγόμενος⁸

274 817 583 888 Εὐλογητὸς
609 817 637 870 ὀ
664 814 816 882 Θεὸς,
842 816 871 868 ὁ
897 812 1006 868 τῶν
1038 812 1286 881 πατέρων
1314 813 1347 881 ἡ
1357 810 1493 881 μῶν.
1540 809 1838 863 Θεοτόκιον.

347 996 621 1068 Παρθένον
677 996 904 1068 οἰκήσας
961 1011 1043 1057 σε,
1076 993 1170 1045 καὶ
1205 992 1343 1063 μετά
1389 992 1549 1043 τόκον
1574 989 1843 1061 παρθένον

276 1089 479 1154 ἔλιπεν,
511 1092 540 1143 ό
565 1087 806 1159 ἀμείϐων
841 1085 1094 1156 στοιχεῖα,
1131 1082 1424 1154 θεοκυῆτορ
1469 1080 1660 1151 Μαρία
1706 1096 1841 1134 παν-

276 1179 533 1251 ἀχραντε,
564 1178 699 1249 πρὸς
718 1177 776 1231 ὃν
808 1174 1016 1247 βοῶμεν
1047 1174 1145 1229 σὺν
1182 1172 1284 1236 σοὶ,
1310 1169 1706 1241 παναμώμητε·
1739 1168 1843 1222 Εὐ-

276 1270 504 1341 λογητὸς
531 1273 559 1323 ὁ
592 1270 743 1333 Θεὸς,
780 1269 809 1321 ὁ
843 1265 951 1320 τῶν
990 1263 1240 1336 πατέρων
1271 1262 1449 1334 ἡμῶν.
1499 1259 1838 1316 Κατασασία.

356 1446 423 1499 Σὲ
447 1445 538 1499 τὸν
580 1446 638 1499 ὲν
677 1444 811 1516 πυρὶ
834 1443 1154 1514 δροσίσαντα
1181 1444 1373 1505 παῖδας
1394 1440 1839 1511 θεολογήσαντας,

277 1537 374 1590 καί⁸
440 1534 702 1609 Παρθένῳ
744 1534 1006 1607 άκηράτῳ
1063 1535 1439 1606 ὲνοικήσαντα,
1493 1531 1624 1585 Θεὸν
1673 1530 1843 1599 Λόγον

277 1626 577 1698 ύμνοῦμεν,
618 1624 856 1689 εὐσεϐῶς
891 1624 1267 1697 μελῳδοῦντες⁸
1298 1619 1600 1691 Εὐλογητὸς
1634 1620 1664 1673 ό
1689 1618 1840 1685 Θεὸς,

275 1720 311 1773 ὁ
331 1718 439 1772 τῶν
476 1716 725 1789 πατέρων
745 1719 777 1789 ὴ
785 1717 922 1789 μῶν.

780 1810 913 1881 ῼΔΗ
938 1814 1011 1881 η’.
1049 1807 1106 1861 Ὀ
1131 1806 1337 1879 εἱρμός.

1944 630 2232 680 conterunt
2284 617 2508 676 frivolas
2550 615 2877 687 opiniones;
2923 614 2970 669 si
3020 613 3144 682 quis
3168 613 3492 682 vaniloquo-

1941 731 2061 769 rum
2089 714 2284 769 audeat
2328 712 2383 767 in
2430 708 2664 766 medium
2693 707 2966 779 prosilire,
2993 720 3163 776 neque
3183 715 3240 760 ut
3267 719 3368 774 par
3394 712 3501 769 est,

1942 808 2126 871 dicat,
2162 802 2483 859 Benedictus
2540 800 2681 855 Deus
2732 805 2948 867 patrum
2995 806 3319 852 nostrorum.
3393 790 3505 847 Ma-

1947 897 2288 1059 mV‘ii-ginem
2344 993 2397 1041 te
2438 980 2785 1047 inhabitavit,
2825 986 2881 1033 et
2920 986 3043 1050 post
3082 986 3296 1048 partum
3322 978 3503 1047 Virgi-

1942 1096 2067 1137 nem
2099 1078 2338 1150 reliquit,
2371 1084 2585 1132 mutans
2633 1081 2844 1127 natura:
2873 1071 3115 1127 ordinem
3138 1111 3154 1139 ,
3180 1084 3216 1126 o
3249 1068 3359 1124 Deo
3383 1083 3505 1137 gra-

1942 1173 2065 1228 vida
2094 1170 2265 1227 Maria
2292 1177 2347 1226 et
2371 1167 2552 1224 omnis
2603 1177 2798 1236 expers
2830 1161 3071 1229 maculae,
3097 1160 3165 1216 ad
3205 1174 3366 1230 quem
3392 1159 3505 1214 cla-

1939 1276 2152 1317 mamus
2180 1270 2378 1327 tecum,
2410 1259 2750 1321 intemerata,
2778 1252 3105 1309 Benedictus
3124 1250 3266 1305 Deus
3294 1258 3508 1317 patrum

1942 1360 2269 1406 nostrorum.
3188 1336 3505 1395 Catabasia.

2010 1443 2087 1497 Te
2115 1443 2205 1513 qui
2254 1441 2308 1496 in
2350 1440 2475 1509 igne
2522 1434 2772 1494 irrorasti
2798 1448 2993 1507 pueros
3015 1434 3083 1488 de
3119 1432 3281 1489 rebus
3306 1431 3506 1487 divinis

1940 1534 2272 1590 disserentes
2296 1570 2313 1598 ,
2356 1539 2413 1586 et
2443 1530 2813 1598 incorruptam
2847 1524 3126 1596 Virginem
3164 1524 3505 1589 inbabitasti,

1942 1624 2109 1681 Deum
2128 1624 2363 1679 Verbum
2391 1621 2769 1693 praadicamus,
2796 1618 2885 1689 pie
2922 1615 3300 1673 concinentes:
3339 1614 3509 1670 Bene-

1942 1716 2117 1773 dictus
2145 1716 2285 1771 Deus
2318 1724 2529 1784 patrum
2557 1719 2886 1767 nostrorum.

2402 1803 2528 1859 195.
2555 1802 2690 1858 ODE
2718 1798 3042 1856 SJHirmus.

353 1898 455 1951 Τὸν
480 1898 539 1952 ὲν
567 1898 783 1971 καμίνῳ
813 1900 907 1954 τοῦ
948 1898 1116 1970 πυρὸς
1157 1896 1262 1950 τῶν
1294 1894 1557 1967 Ἐϐραίων
1583 1895 1695 1958 τοῖς
1716 1911 1839 1948 παι-

2012 1891 2186 1964 Opera
2227 1894 2391 1950 Deum
2422 1934 2440 1960 ,
2486 1893 2576 1963 qui
2631 1904 2753 1947 cum
2811 1888 3157 1945 Hebraeorum
3211 1886 3397 1957 pueris
3451 1885 3507 1941 in

276 1990 336 2044 σὶ
383 1990 818 2060 ωγκαταὸἀντα,
866 1992 960 2045 καὶ
984 1990 1084 2061 τὴν
1124 1989 1297 2059 φλόγα
1336 1990 1416 2053 εἰς
1440 1988 1628 2060 δρόσον
1677 2005 1841 2060 μετα·

276 2082 510 2138 ϐαλόντα
539 2083 694 2147 Θεὸν,
715 2084 951 2154 ὑμνεῖτε,
974 2082 1043 2136 τὰ
1058 2081 1196 2154 ἔργα
1210 2082 1285 2145 ὡς
1305 2079 1529 2154 Κύριον,
1561 2078 1656 2135 καὶ
1677 2080 1842 2149 ὑπερ-

275 2174 477 2245 υψοῦτε
498 2177 577 2238 εἰς
592 2176 796 2238 πάντας
824 2174 951 2237 τοὺς
980 2172 1203 2239 αἰῶνας.

348 2264 760 2336 Πύργονίσχύος
808 2263 1046 2336 ἀσφαλῆ,
1082 2266 1176 2318 καὶ
1213 2264 1483 2339 κρηπῖδα,
1536 2264 1630 2318 καὶ
1671 2277 1839 2331 φρου-

278 2359 401 2432 ράν,
434 2360 527 2413 καὶ
553 2360 885 2433 προστασίαν
910 2361 1236 2433 κεκτημένοι
1270 2377 1351 2427 σε,
1379 2360 1557 2413 πίστει
1586 2357 1844 2422 διασωζό-

278 2450 420 2521 μεθα
467 2450 583 2505 νῢνσ
630 2451 902 2524 ύμνοῢμεν
952 2452 1043 2505 τὸν
1099 2452 1257 2505 τόκον
1298 2468 1411 2517 σου,
1434 2450 1700 2519 Πάναγνε,
1747 2449 1844 2505 καὶ

276 2541 661 2616 ὑπερνικῶμεν
699 2547 777 2610 εἰς
801 2545 1004 2607 πάντας
1030 2544 1155 2607 τοὺς
1182 2542 1405 2606 αἰῶνας.

366 2720 679 2785 ’Δθανασίας
716 2722 906 2792 διαυγῆ
940 2719 1280 2792 ἐπιστάμεθα
1322 2722 1505 2791 πηγήν
1538 2738 1618 2787 σε,
1652 2722 1841 2776 Θεοτό-

273 2830 363 2879 κε,
390 2813 465 2878 ὼς
493 2814 757 2868 τεκοῦσαν
785 2814 875 2868 τὸν
905 2815 1074 2882 Λόγον
1100 2812 1193 2866 τοῦ
1218 2813 1481 2867 ἀθανάτου
1501 2814 1732 2885 Πατρὸς,
1752 2814 1842 2866 τὸν

272 2906 489 2969 πάντας
518 2905 746 2960 θανάτου
775 2906 967 2978 λυτρού
977 2922 1133 2975 μενον
1154 2905 1280 2967 τοὺς
1307 2903 1714 2974 ὑπερυψοῦντας
1743 2904 1843 2957 αύο

274 3000 372 3053 τὸν
398 3002 476 3063 εἰς
500 3002 625 3064 τοὺς
652 3000 876 3061 αἰῶνας.

356 3090 495 3144 Ῥεῖο
506 3109 594 3161 ρον
618 3092 810 3144 ἰάσεων
835 3092 969 3160 ἡμῖν
1013 3090 1252 3155 ἀεννάως
1290 3092 1403 3153 τοῖς
1425 3091 1655 3154 πιστοῖς,
1677 3088 1837 3161 ἁγνὴ,

273 3182 564 3253 πηγάζεις,
600 3175 659 3234 οὗ
698 3181 798 3252 τὴν
842 3182 1075 3255 ἄφθορον
1104 3184 1263 3255 χάριν
1294 3179 1709 3256 ἀπορῤυόμὲνοι,
1736 3184 1838 3253 ύμ-

271 3275 475 3343 νοῦμεν
524 3272 615 3326 τὸν
662 3273 818 3326 τόκον
854 3292 967 3340 σου,
1002 3276 1287 3349 Ἀχραντε,
1332 3276 1423 3329 καὶ
1454 3273 1836 3344 ύπερυψοῦμεν

269 3366 355 3427 εἰς
371 3364 575 3427 πάντας
605 3366 729 3429 τοὺς
760 3365 979 3430 αἰῶνας.

362 3456 571 3521 Ἀλλος.
609 3457 773 3511 Ἰνδάλ
781 3475 967 3529 ματος.

358 3545 606 3616 Ζοοῦμεν
638 3545 894 3609 εὐσεϐῶς,
930 3545 1024 3598 καὶ
1054 3544 1347 3616 δοξάζομεν
1398 3547 1658 3619 ὁμότιμον
1711 3548 1838 3619 μίαν

268 3635 455 3707 φύσιν,
488 3635 915 3705 ἀπειροδύναμον
974 3629 1193 3689 Μονάδα
1239 3655 1295 3690 τε
1342 3638 1434 3691 καὶ
1468 3638 1691 3709 Τριάδα,
1739 3639 1838 3709 τὴν

269 3726 453 3779 πάντα
500 3723 671 3776 ταῦτα
713 3724 890 3789 λόγοις
936 3725 1289 3797 κυϐερνῶσαν
1335 3728 1654 3793 κρείττοσιν·
1696 3727 1838 3780 οὕτω

266 3815 382 3884 γὰρ
409 3810 647 3879 δοξάζειν
671 3815 720 3866 οἱ
739 3818 885 3887 τρεῖς
900 3814 1146 3887 θεοφόροι
1174 3817 1575 3887 παρεγγυῶσιν,
1603 3810 1684 3881 οἷς
1704 3832 1838 3887 συμ-

267 3904 682 3976 προσκυνοῦμεν
708 3906 879 3980 αὐτὴν
906 3909 985 3971 εἰς
1006 3910 1131 3970 τοὺς
1154 3908 1375 3971 αἰῶνας.

352 3996 655 4067 πνώθησαν
700 4000 748 4051 οἰ
802 4002 950 4069 τρεῖς
1003 3999 1336 4071 θεοκήρυκες
1382 3999 1682 4063 ἑνώσαντες
1738 4006 1837 4071 τὴν

268 4088 499 4159 Τριάδα,
536 4090 714 4144 καὶτὸ
750 4091 1041 4162 ἀμέριστον
1094 4092 1151 4143 ὲν
1204 4094 1338 4145 πᾶσι
1372 4093 1730 4164 τετηρηκότες
1770 4096 1833 4163 τῇ

269 4181 395 4252 θείᾳ
423 4181 599 4251 φύσει,
642 4184 769 4255 μίαν
816 4185 943 4255 παρ’
994 4183 1160 4253 αὐτῆς
1210 4183 1497 4237 ἀντέλαϐον
1543 4185 1837 4255 ἀμέριστον

267 4272 448 4337 δόξαν,
505 4278 584 4338 εἰς
637 4275 858 4329 ἔπαινον
909 4276 1006 4329 ἕνα
1041 4274 1483 4344 συγκαλουμένην
1504 4277 1628 4337 τοὺς
1664 4276 1833 4345 ὑπερ-

268 4362 540 4429 υψοῦντας
564 4365 730 4435 αὐτὴν
758 4367 837 4429 εἰς
855 4367 980 4431 τοὺς
1011 4366 1231 4428 αἰῶνας.
1531 4365 1811 4419 Θεοτόκιον

357 4534 557 4589 >α6ὼν
602 4535 663 4589 τὸ
716 4537 839 4589 καθ’
878 4541 1025 4611 ἡμᾶς
1076 4541 1317 4605 ἀντιδούς
1364 4560 1424 4596 τε
1472 4544 1532 4595 τὸ
1585 4544 1833 4596 οἰκεῖονὸ
1866 4569 1910 4621 D

263 4624 580 4696 εὐεργέτης,
619 4626 808 4697 ἔδρασε
858 4628 1035 4699 μόνον,
1086 4632 1186 4684 οὐκ
1231 4632 1397 4685 ἔπαθε
1453 4634 1527 4700 δὲ,
1570 4634 1833 4705 Παρθένε’

265 4719 417 4771 ποιεῖ
448 4716 576 4789 γὰρ,
605 4717 720 4771 ἀλλ’
748 4720 851 4772 ούκ
899 4721 980 4783 εἰς
1029 4721 1233 4793 φθορὰν
1267 4723 1608 4789 καθίσταται,
1637 4726 1834 4797 μᾶλλον

263 4808 325 4862 δὲ
358 4810 451 4862 καὶ
472 4811 694 4881 πάσχων
719 4810 859 4865 ἑκὼν
897 4812 987 4866 διὰ
1018 4814 1222 4879 πάθους
1246 4815 1315 4868 τά
1336 4816 1482 4885 πάθη
1516 4816 1651 4885 λύει,
1679 4818 1753 4883 ὡς
1784 4818 1833 4871 οἰ

262 4900 415 4968 τρεῖς
436 4899 679 4970 Πατέρες
708 4904 854 4973 ἡμᾶς
884 4904 1344 4974 μυπαγωγοῦσιν.

340 5177 554 5241 Ἄλλος.
610 5176 1003 5241 Επταπλασίως
1028 5180 1272 5249 κάμινον.

339 5264 447 5330 Οὓς
474 5267 505 5321 ό
532 5266 664 5331 Θεὸς
702 5270 1005 5339 συνήνωσεν
1022 5270 1101 5331 εἰς
1127 5270 1381 5343 ὁμότιμον
1414 5272 1624 5339 ἕνωσιν,
1661 5276 1833 5341 ἐγκω-

264 5358 504 5430 μιαστὴς
551 5360 627 5430 μὴ
654 5360 930 5430 χωριζέτω
955 5361 1256 5434 ἄνθρωπος’
1289 5363 1401 5415 ἀλλ’
1432 5363 1575 5426 ἴσους
1594 5364 1828 5435 ἡγούμε-

262 5466 358 5513 νος
383 5451 441 5502 ἐν
468 5453 578 5514 τοῖς
606 5451 787 5513 αὐτοῖς
825 5451 1181 5521 χαρίσμασιν,
1217 5454 1345 5508 ἰσων
1377 5453 1597 5508 καὶτῶν
1651 5455 1831 5525 ὕμνων

264 5539 520 5614 μελῳδῶν
568 5541 814 5605 ἀξιούτω·
848 5541 899 5594 οἰ
934 5543 1139 5607 παῖδες,
1183 5544 1472 5611 εὐλογεῖτε·
1532 5548 1715 5616 ἰερεῖς,
1739 5548 1830 5600 dw-

260 5633 510 5706 υμνεῖτε⁶
543 5632 682 5699 λαοὶ,
714 5632 1051 5705 ὑπερυψοῦτε
1079 5638 1156 5698 εἰς
1182 5636 1384 5699 πάντας
1409 5639 1532 5701 τοὺς
1547 5638 1766 5702 αἰῶνας.

337 5809 403 5861 ΟΞ
423 5808 637 5863 δυνατοὶ
686 5810 779 5863 καὶ
823 5812 1025 5876 anno:
1070 5812 1167 5878 τῆς
1208 5812 1467 5881 Θεότητος
1532 5813 1821 5880 σύμμαγοι,

1942 1988 2213 2043 caminum
2243 1989 2383 2057 ignis
2418 1984 2739 2050 descendit,
2793 1989 2848 2037 et
2878 1980 3147 2036 ﬂammam
3173 1980 3401 2035 mutavit
3450 1979 3506 2033 in

1940 2094 2144 2143 rorem,
2174 2076 2410 2143 laudate,
2438 2087 2495 2132 ut
2538 2075 2823 2131 Dominum
2843 2114 2860 2141 ,
2887 2082 2943 2129 et
2971 2070 3364 2142 superexaltate
3385 2084 3507 2125 eum

1940 2173 1993 2228 in
2014 2171 2197 2228 omnia
2221 2169 2436 2226 saecula.

2009 2262 2225 2319 Turrim
2278 2260 2608 2318 fortitudinis
2647 2273 2918 2323 securam,
2971 2267 3026 2314 et
3059 2256 3418 2327 crepidinem,
3454 2264 3510 2311 et

1942 2355 2243 2413 custodiam
2276 2362 2333 2410 et
2360 2352 2732 2409 defensionem
2756 2349 3096 2422 possidentes
3123 2356 3197 2413 te,
3226 2361 3324 2418 per
3347 2345 3506 2403 [idem

1942 2462 2085 2503 nunc
2110 2460 2413 2502 servamur.
2452 2443 2762 2500 Laudamus
2787 2451 2967 2498 autem
3001 2448 3216 2512 partum
3248 2447 3421 2504 tuum,
3475 2452 3509 2491 ο

1940 2552 2139 2610 expers
2172 2534 2422 2604 macula,
2451 2543 2506 2592 et
2562 2532 3030 2606 superexaltamus
3078 2530 3132 2586 in
3167 2528 3348 2585 omnia
3403 2544 3508 2584 sae-

1944 2631 2085 2688 cula.

2011 2718 2437 2778 lmmortalitatis
2479 2717 2682 2773 fontem
2724 2714 3048 2784 pellucidum
3080 2715 3333 2769 novimus
3368 2728 3513 2770 'esse

1945 2818 2019 2877 te,
2050 2808 2144 2864 Dei
2170 2808 2446 2872 Genitrix,
2472 2816 2533 2863 ut
2555 2821 2676 2876 qua:
2702 2804 2936 2876 genuisti
2968 2802 3146 2859 Patris
3186 2803 3508 2859 immortalis

1941 2897 2201 2968 Verbum,
2237 2898 2381 2969 quod
2410 2904 2584 2953 morte
2622 2894 2820 2951 liberat
2865 2908 3055 2950 omnes
3087 2893 3181 2965 qui
3212 2894 3385 2965 ipsum
3412 2909 3507 2949 su-

1940 2991 2283 3063 perexaltant
2312 2992 2367 3047 in
2395 2988 2613 3046 saecula.

2010 3083 2176 3140 Nobis
2221 3081 2465 3139 ﬁdelibus
2491 3121 2507 3149 ,
2556 3080 2701 3137 velut
2739 3095 2806 3137 ex
2855 3088 3113 3150 perpetuo
3137 3080 3304 3147 fonte,
3330 3092 3507 3136 enun-

1943 3175 2025 3232 dis
2054 3174 2276 3231 medela
2312 3172 2543 3241 ﬂumen;
2580 3172 2735 3242 cujus
2783 3172 3058 3242 impolluta
3103 3173 3276 3241 gratia
3312 3172 3501 3235 abluti,

1942 3278 1975 3319 ο
2006 3263 2449 3328 incontaminata,
2486 3260 2767 3315 laudemus
2793 3268 3007 3331 partum
3034 3269 3205 3325 tuum,
3239 3271 3293 3316 et
3314 3273 3504 3330 super-

1938 3354 2239 3410 maltamus
2260 3354 2315 3408 in
2347 3353 2531 3407 omnia
2554 3350 2769 3407 sacula.

2010 3445 2132 3503 196.
2167 3444 2339 3511 Alius,
2369 3445 2530 3511 sicut,
2576 3445 2929 3517 Ἰνδάλματος.

2023 3546 2103 3596 [τί
2125 3537 2467 3609 agnoscimus
2519 3537 2625 3608 pie,
2666 3547 2719 3593 et
2744 3536 3113 3607 gloriﬁcamus
3159 3550 3320 3590 unam
3368 3536 3509 3606 ejus-

1938 3632 2059 3686 dem
2086 3629 2309 3686 honoris
2332 3643 2579 3685 naturam
2609 3670 2625 3696 ,
2659 3629 2882 3685 inﬁnita:
2929 3629 3185 3701 potentias
3239 3630 3500 3685 unitatem

1938 3732 1993 3780 et
2011 3721 2369 3790 Trinitatem;
2401 3737 2522 3792 quae
2548 3723 2665 3778 hac
2699 3723 2881 3778 omnia
2930 3721 3193 3791 gubernat
3222 3762 3239 3787 ,
3270 3737 3334 3777 ac
3363 3734 3502 3777 nntn

1939 3821 2152 3884 torquet
2177 3827 2297 3869 suo.
2353 3811 2444 3868 Sic
2476 3812 2621 3868 enim
2646 3812 2842 3868 docent
2878 3819 2987 3865 tres
3022 3810 3100 3864 illi
3131 3810 3349 3877 deiferi,
3378 3816 3501 3883 qui-

1935 3900 2159 3956 buscum
2182 3915 2301 3956 eam
2333 3901 2617 3955 adoramus
2649 3900 2701 3953 in
2724 3897 2938 3954 secula.

2018 4001 2174 4049 munt
2206 3991 2439 4047 maxime
2481 3991 2615 4046 uniti
2654 3992 2794 4047 inter
2846 4007 2905 4047 se
2940 4002 3049 4047 tres
3078 3993 3156 4047 illi
3180 3993 3346 4048 divini
3370 4010 3499 4064 prm-

1937 4099 2101 4142 cones
2130 4085 2221 4157 qui
2249 4085 2539 4140 univerunt
2569 4082 2910 4149 Trinitatem,
2935 4094 2989 4138 et
3011 4085 3064 4138 in
3094 4086 3347 4142 omnibus
3385 4102 3498 4142 ser-

1938 4187 2197 4233 vaverunt
2230 4178 2423 4234 divine
2448 4187 2655 4232 natura:
2685 4176 3057 4244 individuum;
3108 4180 3175 4234 ab
3204 4194 3375 4248 eaque
3409 4181 3492 4236 id-

1934 4270 2084 4325 circo
2139 4278 2461 4338 receperunt
2516 4283 2675 4323 unam
2722 4277 2777 4324 et
2812 4268 3095 4324 indivisam
3146 4270 3405 4340 gloriam,
3442 4274 3494 4326 in

1935 4378 2041 4430 qua
2076 4363 2140 4417 ad
2178 4377 2339 4416 unam
2366 4361 2581 4416 laudern
2618 4368 2981 4416 convocautur
3030 4362 3497 4431 superexaltantes

1938 4448 2254 4503 Trinitatem
2291 4449 2343 4504 in
2372 4450 2586 4504 saecula.
3251 4451 3495 4508 Mariale.

2022 4542 2204 4597 exilius
2238 4542 2329 4596 Dei
2356 4556 2482 4609 erga
2516 4556 2612 4595 nos
2646 4541 2939 4608 beneﬁcus,
2981 4555 3231 4615 operatus
3276 4556 3359 4601 est
3412 4563 3499 4602 so-

1939 4632 2068 4699 lum,
2103 4648 2207 4687 non
2253 4642 2435 4685 autem
2482 4647 2678 4701 passus
2731 4636 3045 4703 quidquam,
3078 4650 3110 4689 ο
3136 4636 3296 4706 Virgo
3319 4676 3335 4702 ,
3370 4637 3495 4691 dum

1937 4724 2227 4792 assumpsit
2276 4724 2419 4794 quod
2476 4736 2722 4779 nostrum
2768 4733 2823 4779 et
2877 4727 3113 4780 reddidit
3168 4729 3313 4798 quod
3374 4740 3495 4784 erat

1936 4830 2113 4870 suum.
2142 4814 2296 4871 Facit
2322 4816 2487 4883 enim,
2523 4817 2618 4872 sed
2648 4831 2754 4870 non
2788 4817 3019 4873 incurrit
3043 4821 3444 4890 corruptionem
3474 4842 3487 4875 :

1935 4907 2062 4976 quin
2087 4909 2263 4977 potius
2285 4910 2589 4979 passionem
2619 4907 2787 4963 libere
2808 4911 3097 4974 sustinens,
3116 4911 3216 4966 hac
3242 4913 3354 4983 ipsa
3378 4929 3494 4983 pas-

1934 5000 2115 5055 siones
2142 5010 2356 5055 nostras
2378 4999 2645 5067 dissolvit,
2671 5002 3119 5070 quemadmodum
3143 5012 3255 5060 tres
3290 5006 3364 5060 illi
3393 5006 3492 5060 Pa-

1936 5098 2044 5143 tres
2068 5106 2165 5145 nos
2195 5099 2379 5146 sancte
2397 5090 2611 5147 docent.

2005 5182 2181 5248 Alius,
2208 5183 2368 5250 sicut,
2411 5182 2829 5246 Ἑπταπλασίως
2854 5182 3107 5253 κάμινον.

2008 5274 2132 5329 197.
2194 5274 2346 5341 Quod
2396 5273 2537 5329 Deus
2574 5273 2855 5340 conjunxit
2891 5278 3171 5345 arqualiter
3215 5292 3490 5336 nonoran-

1936 5368 2052 5431 dos,
2084 5365 2246 5419 homo
2292 5362 2537 5418 laudator
2598 5377 2702 5417 non
2737 5375 2985 5432 separet;
3039 5366 3131 5419 sed
3178 5366 3332 5423 donis
3382 5388 3501 5426 cce-

1934 5457 2161 5512 lestibus
2220 5470 2379 5524 pares
2434 5470 2532 5511 eos
2592 5456 2955 5521 existimans,
3008 5459 3225 5527 paribus
3279 5478 3491 5533 quoque

1933 5549 2187 5618 dignetur
2242 5546 2547 5616 praeconiis.
2607 5544 2791 5613 Pueri,
2833 5548 3171 5615 benedicite;
3232 5557 3489 5608 sacerdo-

1934 5648 2035 5706 tes,
2068 5637 2370 5702 celebrate;
2402 5636 2602 5706 populi,
2643 5638 3060 5707 superexaltate,
3101 5642 3155 5695 in
3180 5645 3359 5698 omnia
3391 5663 3491 5700 su:-

1932 5731 2069 5782 cula.

2002 5817 2250 5872 Potentes
2302 5828 2355 5872 et
2405 5818 2584 5871 invicti
2653 5818 2959 5875 Divinitatis
3020 5822 3372 5890 defensores,
3428 5842 3487 5881 et.
