4058 6444
574 402 730 443 ϐαι-ι
741 402 794 439 IV
1928 387 2456 449 PROLEGOHENA.

580 505 828 559 veritatis
884 505 1083 559 sinceri
1117 503 1356 574 patroni,
1396 503 1661 574 profunda
1710 504 1944 575 Spiritus
1993 515 2141 560 recte

2246 501 2463 571 καὶτῆς
2497 497 2755 568 ἀληθείας
2802 496 3052 568 ἀψευδεῖς
3085 499 3394 570 συνήγοροι,
3422 497 3491 551 τά
3535 499 3672 570 βάθη
3726 498 3820 554 τοῦ

574 595 821 659 scrutati,
857 596 1160 650 sententias
1190 595 1302 650 Deo
1357 605 1752 651 consentaneas
1794 596 2061 662 astruitis,
2092 605 2141 649 et

2250 587 2565 657 Πνεύματος
2596 586 2777 652 καλῶς
2831 588 3308 659 ἀνερευνήσαντες,
3350 589 3452 652 τὰς
3497 588 3822 659 θιοπρεπείς

575 689 703 742 hinc
753 687 962 743 docetis
1008 687 1283 758 psallere:
1350 686 1577 759 Populi,
1633 690 2033 755 superexaltate
2091 690 2141 742 in

2250 676 2378 747 περὶ
2407 675 2540 729 Θεοῦ
2576 675 2869 747 ὑπολήψεις
2923 676 3132 730 ἐκεῖθεν
3183 677 3493 741 συνιστῶσι,
3543 679 3639 731 καὶ
3676 679 3823 733 διδά-

569 778 753 831 omnia
790 778 1010 833 saecula.

645 951 762 1007 Duo
801 951 1035 1007 maxima
1081 951 1390 1017 luminaria,
1426 952 1658 1023 positum
1704 953 1807 1007 sub
1838 950 1953 1008 sole
1992 968 2146 1008 mun-

572 1042 702 1096 dum
731 1042 799 1097 de
834 1044 974 1099 calo
1003 1043 1309 1100 illuminant
1332 1043 1661 1099 alternatim.
1684 1043 1759 1099 De
1781 1054 1926 1099 terra
1964 1054 2141 1098 autem

574 1143 865 1189 coruscant
893 1134 997 1189 tria
1024 1148 1185 1206 supra
1216 1135 1434 1189 modum
1475 1136 1744 1191 immensa
1776 1135 2003 1201 lumina,
2027 1138 2143 1190 eol-

574 1222 809 1279 iucentia
840 1234 896 1279 et
947 1226 1110 1280 simul
1142 1225 1462 1295 psallentia:
1494 1223 1910 1295 Superexaltate
1931 1265 1948 1290 ,
1974 1240 2008 1279 ο
2050 1242 2145 1289 po-

575 1315 707 1384 puli,
741 1317 1013 1372 Christum
1048 1318 1101 1372 in
1126 1317 1342 1373 saecula.
1898 1317 2141 1374 Mariale.

689 1506 875 1566 ropter
923 1510 1019 1551 nos
1069 1496 1368 1551 incarnatio
1407 1505 1536 1561 est,
1571 1503 1628 1550 et
1664 1509 1842 1564 passm
1888 1499 2140 1565 pretiosa.

572 1583 802 1656 Propter
830 1602 931 1642 nos
972 1602 1093 1641 cum
1145 1588 1374 1642 mortuis
1402 1587 1505 1641 fuit
1533 1588 1678 1642 Deus
1708 1626 1725 1653 ,
1757 1598 1986 1642 mortem
2017 1590 2127 1657 qui-

575 1680 696 1729 dem
726 1686 946 1745 gustare
971 1678 1208 1741 nescius,
1242 1677 1383 1732 sicut
1406 1692 1504 1732 nec
1535 1675 1776 1732 dolorem
1830 1677 2018 1741 alium,
2047 1677 2141 1733 sed

576 1771 867 1835 percarnis
902 1771 1143 1826 mortalis
1175 1771 1613 1826 communionem
1657 1769 1831 1826 factus
1871 1773 2141 1840 particeps

2250 783 2437 820 σκουσι
2465 767 2703 836 ψάλλειν·
2748 768 2901 835 Λαοὶ,
2950 768 3288 837 ὑπερυψοῦτε
3321 771 3400 833 εἰς
3449 768 3657 831 πάντας
3693 772 3820 833 τοὺς

2246 859 2471 920 αἰῶνας.

2334 945 2425 1011 Ἐξ
2469 945 2695 1016 οὐρανοῦ
2748 946 2847 1018 μὲν
2882 946 3129 1018 μέγιστοι
3160 946 3256 1001 δύο
3282 944 3465 1018 λύχνοι
3490 948 3820 1019 φωτίζουσιν

2244 1039 2309 1091 ὲκ
2332 1037 2587 1109 διαδοχῆς
2619 1038 2860 1111 ἀλλήλων
2901 1039 3001 1109 τὴν
3040 1039 3286 1111 ὐφήλιονο
3329 1040 3394 1093 ὲκ
3430 1040 3528 1110 γῆς
3558 1040 3616 1093 δὲ
3656 1042 3819 1109 φανό-

2242 1146 2401 1202 τερον
2448 1131 2550 1203 τὴν
2592 1131 2885 1202 σύμπασαν
2911 1130 3209 1200 αὑγάζουσι
3263 1133 3414 1202 τρεῖς
3455 1131 3595 1184 κατὰ
3622 1133 3818 1185 ταυτὸν

2244 1222 2643 1293 ὑπερμεγέθεις
2675 1223 2981 1295 φωστῆρες,
3014 1223 3415 1294 συλλάμποντες
3438 1221 3819 1293 ἀλλήλοις,Μὶ

2246 1315 2647 1385 συμψάλλοντες
2704 1316 2841 1387 ἆμαι
2874 1316 3027 1381 Λαοὶ,
3065 1315 3404 1387 ὑπερυψοῦτε
3460 1315 3697 1386 Χριστὸν
3736 1317 3817 1379 είς

2243 1410 2368 1471 τοὺς
2388 1409 2609 1473 αίῶνας.
3510 1405 3814 1463 Θεοτόκιον.

2327 1497 2496 1569 ’Υπὲρ
2539 1496 2694 1569 ήμῶν
2724 1498 2758 1567 ἡ
2802 1496 3074 1567 σάρκωσις
3114 1496 3209 1551 xui.
3255 1496 3326 1549 τὰ
3364 1496 3511 1566 πάθη
3540 1496 3609 1550 τὰ
3634 1498 3816 1567 τίμια’

2242 1589 2311 1643 δι’
2325 1591 2474 1659 ἡμᾶς
2497 1589 2628 1653 Θεὸς
2646 1588 2783 1660 μιτά
2799 1587 3007 1658 νεκρῶν
3021 1588 3253 1655 ἐγένετο,
3278 1588 3508 1644 θανάτου
3538 1589 3637 1660 μὲν
3659 1589 3823 1657 ἄγευ-

2245 1698 2389 1745 στος,
2412 1677 2501 1734 οἷα
2528 1681 2715 1735 παθῶν
2730 1679 3037 1750 ἐλεύθερος,
3066 1681 3131 1749 τῇ
3162 1679 3219 1732 δὲ
3242 1680 3379 1751 πρὸς
3394 1680 3493 1753 τὴν
3518 1682 3699 1752 σάρκα
3720 1682 3821 1751 τὴν

2245 1771 2446 1842 θνητὴν
2479 1772 2733 1841 κοινωνία
2789 1769 3079 1840 λεγόμενος
3125 1770 3220 1822 καὶ
3272 1770 3478 1835 πάθους
3528 1764 3823 1843 μετασχεῖν

572 1873 628 1913 et
654 1861 857 1916 doloris
876 1870 932 1915 et
964 1864 1171 1918 mortis.
1198 1862 1380 1929 Quare
1427 1878 1552 1918 eum
1594 1864 2065 1933 superexaltamus
2089 1864 2140 1917 in

2248 1864 2339 1917 καὶ
2365 1864 2615 1918 Θανάτου·
2654 1864 2771 1934 μεθ’
2800 1860 2867 1935 ἧς
2902 1861 3288 1951 ὑπερυψοῦμεν
3319 1864 3399 1926 είς
3427 1865 3633 1928 πάντας
3691 1867 3823 1931 τοὺς

571 1952 750 2006 omnia
773 1951 987 2007 secula.
1836 1952 2140 2008 Catabasia.

646 2134 701 2190 In
754 2136 933 2207 ignem
976 2137 1366 2193 intolerabilem
1407 2136 1635 2205 conjecti
1681 2137 1751 2207 pii
1806 2152 1933 2209 erga
1977 2138 2142 2194 Deum

568 2224 814 2294 juvenes,
864 2243 894 2281 a
920 2226 1131 2282 ﬂamma
1171 2243 1299 2284 vero
1331 2244 1436 2283 non
1479 2230 1613 2292 laesi,
1648 2229 1888 2283 divinum
1920 2245 2140 2285 carmen

570 2318 840 2374 canebant
876 2337 890 2374 :
937 2319 1265 2386 Benedicite,
1289 2322 1478 2377 omnia
1534 2336 1698 2390 opera
1762 2322 1999 2387 Domini,
2029 2322 2137 2376 Ds-

572 2426 741 2465 nono.

1118 2543 1253 2599 ODE
1282 2544 1333 2599 9.
1366 2544 1603 2601 lemus.

644 2634 765 2691 J98.
814 2636 891 2692 Ex
935 2634 1046 2690 Deo
1076 2636 1245 2690 Deum
1290 2635 1546 2700 Verbum,
1602 2638 1744 2705 quod
1780 2638 2143 2707 inexplicabili

572 2729 836 2797 sapientia
867 2730 1014 2783 venit
1031 2727 1097 2783 ad
1130 2730 1496 2782 innovandum
1519 2728 1804 2795 Adamum,
1836 2746 1935 2803 per
1959 2734 2138 2787 cibum

573 2820 936 2888 corruptionis
963 2820 1204 2890 graviter
1253 2821 1459 2893 lapsum
1487 2860 1501 2884 ,
1547 2824 1799 2893 quodque
1832 2839 1897 2877 ex
1953 2834 2139 2880 sancta

577 2911 796 2982 Virgine
843 2909 1189 2966 ineﬂ‘abiliter
1243 2913 1585 2967 incarnatnm
1638 2926 1720 2970 est
1752 2924 1974 2987 propter
2015 2930 2138 2980 nos,

569 3002 811 3058 unanimi
839 3013 997 3059 cantu
1022 3004 1433 3074 mugniﬁcamus
1460 3004 1665 3062 ﬁdeles.

644 3112 701 3169 In
733 3125 804 3180 te,
851 3113 1013 3187 Virgo
1052 3116 1387 3177 beatissima,
1430 3132 1577 3185 spem
1629 3133 1804 3171 meam
1839 3131 2052 3170 omnem
2078 3115 2142 3168 li-

572 3206 765 3262 benter
795 3206 1035 3272 colloco;
1062 3221 1215 3261 serva
1253 3222 1363 3271 me,
1383 3206 1554 3261 Mater
1573 3221 1713 3260 verae
1740 3206 1891 3263 vim:
1920 3215 1975 3259 et
1996 3214 2140 3273 pete,

576 3315 612 3353 ο
638 3308 810 3367 casta,
840 3302 1063 3371 perenni
1088 3302 1284 3370 gaudio
1311 3300 1519 3369 impleri
1556 3315 1653 3357 eos
1684 3300 1773 3371 qui
1807 3315 1929 3356 cuin
1951 3298 2060 3355 ﬁde
2087 3306 2143 3354 et

574 3392 843 3447 desiderio
870 3403 920 3447 te
956 3392 1186 3447 canticis
1217 3391 1588 3463 magniﬁcam.

644 3571 829 3641 νίς-ευ·
862 3574 1223 3630 illustrissima
1250 3615 1267 3639 ,
1300 3573 1465 3641 janua
1521 3573 1683 3629 divini
1731 3572 1967 3634 luminis.
2024 3573 2144 3627 illu-

574 3669 722 3732 mina
754 3669 947 3721 animm
986 3684 1121 3724 mea
1155 3669 1439 3739 caliginem
1500 3665 1837 3737 spiritalibus
1875 3653 2010 3718 luci’s
2039 3674 2143 3720 tua:

574 3758 763 3814 radiis.
800 3760 867 3814 Et
907 3770 1047 3828 pete,
1077 3775 1113 3817 ο
1149 3772 1318 3824 casta,
1350 3758 1572 3828 perenni
1605 3756 1728 3828 igne
1771 3754 1991 3811 liberari
2026 3769 2142 3819 eos,

573 3851 665 3920 qui
696 3866 815 3905 cum
854 3850 956 3906 [ide
980 3862 1034 3907 et
1066 3853 1333 3908 desiderio
1362 3862 1413 3907 te
1441 3849 1670 3906 canticis
1702 3848 2065 3921 magniﬁcam.

1898 3942 2144 4001 lariale.

647 4032 816 4097 Quem
844 4031 1006 4087 Pater
1048 4029 1242 4085 Filium
1284 4046 1350 4084 cx
1390 4040 1544 4087 utero
1572 4041 1700 4087 ante
1721 4032 1913 4088 uacula
1939 4036 2145 4104 genuit,

576 4126 626 4181 is
664 4125 717 4179 in
747 4134 838 4178 tuo
861 4124 1113 4178 habitans
1165 4131 1317 4176 utero
1344 4122 1523 4177 factus
1552 4132 1636 4177 est
1658 4125 1925 4192 perfectus
1949 4127 2143 4193 homo;

574 4228 630 4273 et
664 4229 717 4275 te
739 4257 757 4285 ,
794 4218 1024 4286 Deipara
1052 4255 1069 4282 ,
1099 4215 1308 4271 fontem
1357 4217 1653 4287 gratiarum
1687 4219 1925 4272 ostendit
1970 4219 2145 4285 nobis,

576 4312 669 4378 qui
727 4310 956 4365 ﬁdeliter
1011 4309 1301 4365 adoramus
1363 4308 1710 4364 ineﬂabilem
1764 4318 1909 4363 tuam
1958 4323 2149 4381 proge-

575 4418 739 4458 mem.

647 4512 772 4568 £99.
798 4511 970 4577 Alius,
997 4512 1159 4574 sicut,
1200 4511 1461 4583 ’Δνάρχου
1495 4515 1837 4587 γεννήτορος.

2246 1955 2466 2019 αίῶνας.
3469 1954 3817 2013 Καταδασία.

2328 2133 2598 2204 ’Δστὲκτῳ
2639 2134 2772 2204 πυρὶ
2815 2135 3099 2200 ὲνωθέντες
3123 2138 3171 2189 οἱ
3208 2134 3519 2199 θεοσεϐείας
3546 2134 3822 2205 προεστῶ-

2241 2243 2334 2289 τες
2360 2224 2588 2289 νεανίαι,
2614 2228 2680 2296 τῇ
2707 2224 2865 2295 φλογὶ
2893 2226 2951 2279 δὲ
2998 2228 3071 2298 μὴ
3098 2228 3453 2299 λωόηθέντες,
3482 2227 3625 2281 θεῖον
3653 2227 3683 2280 ὖ
3691 2245 3822 2297 μνον

2243 2317 2496 2387 ἔμελπον
2552 2318 2862 2387 Εὐλογεῖτε,
2924 2319 3100 2373 πάντα
3145 2320 3213 2372 τὰ
3260 2319 3396 2391 ἔργα
3443 2320 3671 2391 Κυρίου.
3732 2320 3824 2373 τὸν

2240 2407 2463 2461 Κύριον.

2737 2548 2868 2616 om
2906 2549 2971 2600 θ’.
3027 2548 3085 2601 ’0
3112 2547 3318 2619 εἰρμός.

2309 2634 2412 2689 Τδν
2463 2636 2527 2689 ὲκ
2559 2635 2693 2689 Θεοῦ
2719 2636 2850 2691 Θεὸν
2874 2640 3062 2706 Λόγον,
3101 2640 3193 2693 τὸν
3214 2642 3440 2711 ἀρρήτῳ
3471 2639 3632 2711 σοφίᾳ
3647 2641 3819 2711 ἡκὸτα

2242 2727 2635 2798 καινουργῆσαι
2664 2727 2756 2778 τὸν
2791 2725 2977 2797 Ἀδὰμ,
3013 2726 3211 2797 βρώσει
3246 2728 3451 2799 φθορᾶς
3490 2729 3817 2781 πεπτωκότα

2240 2819 2447 2886 δεινῶς,
2494 2820 2554 2885 ἐξ
2606 2820 2766 2889 ἁγίας
2799 2818 3073 2891 Παρθένου
3125 2819 3419 2892 ἀφράστως
3466 2822 3819 2893 σαρκωθέντα

2239 2916 2304 2969 δι’
2338 2914 2581 2985 ἡμᾶς,οί
2632 2916 2813 2967 πιστοὶ
2860 2912 3175 2983 ὁμοφρόνως
3228 2914 3287 2965 ὲν
3340 2910 3530 2983 ὖμννοες
3579 2912 3816 2983 μεγαλύ-

2241 3021 2423 3076 νομεν.

2313 3117 2721 3187 Θεομακάριστε
2800 3120 2973 3191 Κόρη,
3052 3119 3149 3189 τὴν
3221 3118 3413 3173 ἐλπίδα
3469 3136 3574 3189 μου
3639 3119 3819 3171 πᾶσαν

2170 3238 2214 3299 c
2246 3208 2541 3299 προθύμως
2587 3209 2882 3299 ἀνατίθημι
2927 3212 2984 3263 ἐν
3032 3213 3132 3265 σοί·
3168 3212 3339 3265 σῶσόν
3383 3228 3468 3282 με,
3500 3212 3688 3282 Μῆτερ
3719 3212 3819 3282 τῆς

2244 3298 2412 3362 ὅντως
2451 3298 2613 3369 ζωῆς·
2652 3298 2743 3351 καὶ
2767 3300 2979 3370 τρυφῆς
3007 3300 3232 3353 ἀεννάου
3263 3301 3567 3372 πλησθῆναι
3597 3302 3816 3355 καθικέο

2245 3406 2391 3452 τευε,
2426 3389 2588 3459 ἁγνὴ,
2631 3389 2757 3454 τοὺς
2778 3391 2836 3442 ἐν
2862 3390 3042 3442 πίστει
3086 3390 3178 3443 καὶ
3212 3390 3361 3461 πόθῳ
3400 3408 3457 3444 σε
3489 3390 3677 3461 ὕμνοις
3717 3410 3816 3463 με·

2246 3480 2595 3550 γαλύνοντας.

2327 3575 2679 3645 Ἐπιφανείσα
2730 3574 2994 3648 Παρθένε,
3050 3576 3152 3646 τῆς
3196 3574 3375 3647 ψυχῆς
3410 3593 3510 3647 μου
3532 3575 3623 3628 τὸν
3657 3574 3819 3645 ζόφον

2244 3668 2421 3737 φωτός
2454 3688 2549 3723 σου
2580 3674 2703 3734 ταῖς
2730 3671 2914 3734 ἀΰλοις
2943 3672 3249 3743 ἀστραπαῖς
3274 3671 3531 3742 αὖγασον,
3552 3671 3698 3742 πύλη
3723 3671 3817 3725 τοῦ

2246 3759 2390 3814 θείου
2424 3762 2620 3833 φωτός.
2656 3764 2768 3818 Καὶ
2807 3766 2981 3836 πυρὸς
3008 3765 3225 3819 αἰωνίου
3255 3765 3518 3837 ρυσθῆναι
3546 3766 3819 3833 καταξίω-

2250 3868 2361 3913 σον.
2406 3856 2565 3930 ἀγνὴ,
2610 3858 2735 3920 τοὺς
2760 3859 2815 3909 ὲν
2864 3856 3041 3911 πίστει
3063 3859 3155 3911 καὶ
3176 3857 3325 3929 πόθῳ
3346 3875 3405 3911 σε
3441 3858 3627 3929 ὕμνοις
3652 3875 3822 3929 μεγα-

2248 3942 2521 4008 λύνοντας.
3513 3950 3817 4003 Θεοτόκιον.

2331 4036 2419 4088 Ἐν
2472 4038 2539 4106 τῇ
2594 4040 2789 4107 γαστρί
2828 4057 2919 4092 σου
2968 4038 3275 4110 σκηνώσας,
3321 4042 3385 4093 ὲκ
3430 4040 3667 4111 γαστρὸς
3716 4039 3824 4111 πρὸ

2248 4126 2461 4181 αἰώνων
2494 4128 2685 4199 Πατὴρ
2708 4130 2877 4198 ὅνπερ
2903 4130 3190 4200 ἐγέννησεν
3204 4130 3336 4194 υἱὸν,
3368 4130 3573 4193 τέλειος
3600 4131 3823 4198 γέγονεν

2248 4222 2533 4295 ἄνθρωπος
2581 4223 2674 4277 καὶ
2730 4222 2911 4293 πηγὴν
2976 4222 3327 4292 χαρισμάτων
3372 4239 3453 4289 σε,
3518 4222 3818 4292 Θεομῆτορ,

2250 4315 2447 4381 ἔδειξεν
2479 4318 2629 4388 ἡμῖν,
2664 4318 2773 4380 τοῖς
2800 4314 3007 4379 πιστῶς
3042 4314 3405 4385 προσκυνοῦσι
3424 4314 3519 4387 τὴν
3543 4313 3822 4385 ἀφραστόν

2252 4426 2343 4462 σου
2368 4410 2638 4481 γέννησιν.

2328 4522 2539 4587 Ἀλλος.
2591 4524 2854 4595 Ἀνάρχου
2885 4526 3220 4596 γεννήτορος.

644 4606 946 4677 Magniﬁca,
986 4604 1167 4658 anima
1220 4620 1376 4671 mea,
1442 4607 1543 4660 tria
1593 4621 1782 4677 magna
1822 4610 1964 4663 inter
2016 4608 2141 4663 anti-

2318 4585 2654 4683 Μεγάλυνον,
2860 4585 2984 4688 μου,
3186 4585 3252 4669 -ἐν
3303 4616 3583 4689 ἱεράρχαις
3606 4620 3818 4690 φωστῆ-

574 4701 727 4755 stites
760 4700 1065 4753 luminaria.

659 4806 871 4859 >grum
928 4800 1169 4845 vestrum
1203 4802 1255 4846 et
1278 4792 1418 4847 ovile
1453 4795 1733 4863 respicite;
1787 4803 2007 4864 propter
2028 4807 2147 4862 qua:

576 4883 845 4937 maximos
876 4880 1092 4937 labores
1138 4885 1503 4941 sustinuistis.
1542 4886 1598 4939 In
1642 4902 1804 4940 unum
1865 4895 2143 4951 coeuntes,

574 4988 671 5026 vos
713 4980 823 5026 tres
851 4971 1231 5044 conjungimus
1260 4986 1313 5029 et
1341 4975 1726 5031 suavissimam
1758 4986 1993 5031 vestram
2019 4990 2144 5028 con-

574 5062 907 5133 iunctionem
942 5081 1039 5136 pro
1068 5068 1351 5123 communi
1373 5070 1633 5123 habemus
1673 5067 1998 5124 laudationis
2021 5084 2136 5127 rna-

576 5158 710 5209 teria

651 5268 951 5337 Magniﬁca.
1008 5273 1187 5327 anima
1238 5290 1379 5333 mea.
1432 5272 1534 5327 tria
1580 5274 1899 5329 candelabra
1960 5272 2143 5327 Eccle-

580 5362 674 5414 siae
694 5360 915 5416 Christi.

662 5472 879 5527 Christi
912 5475 1080 5544 gratia
1138 5478 1385 5534 hostibus
1454 5480 1569 5535 suis
1645 5480 1830 5546 objicit
1914 5480 2145 5535 machae-

578 5578 695 5617 ram
753 5581 858 5618 non
907 5567 989 5621 bis
1024 5608 1039 5634 ,
1080 5569 1173 5624 sed
1230 5580 1312 5625 ter
1371 5582 1631 5638 acutam,
1684 5587 1851 5625 unum
1912 5574 1962 5625 in
2023 5584 2138 5624 cm-

576 5654 631 5709 lo
690 5656 1009 5712 fabricatum
1063 5676 1245 5717 ensem
1278 5704 1291 5728 ,
1348 5666 1545 5734 triplici
1618 5663 1911 5735 iulgentem
1964 5663 2145 5731 cuspi-

576 5746 687 5813 d'3;
748 5765 843 5819 pro
890 5751 1101 5809 Deitate
1157 5770 1262 5810 una
1319 5766 1371 5813 et
1418 5760 1554 5814 trina
1615 5771 1830 5827 semper
1884 5755 2144 5813 dimican-

580 5847 709 5895 tem.

2250 4725 2347 4779 ρας
2380 4710 2527 4778 τρεῖς
2561 4708 2847 4778 μεγάλους.

2332 4800 2479 4854 -ιδοὺ
2512 4801 2573 4855 τὸ
2611 4803 2873 4875 ὑμέτερον
2902 4802 3171 4876 γεώργιον
3230 4804 3324 4855 καὶ
3379 4802 3647 4873 ποίμνιον,
3681 4803 3819 4875 ὑπὲρ

2246 4887 2307 4948 οὗ
2337 4894 2464 4957 τοὺς
2489 4895 2777 4964 μεγίστους
2802 4897 2993 4958 πόνους
3025 4896 3312 4965 ὑπέστητε·
3350 4896 3431 4958 είς
3463 4894 3817 4949 ἒνσυνελθὸν-

2245 5002 2336 5048 τες
2361 4985 2494 5055 ὁμοῦ
2530 5003 2610 5049 τε,
2643 4988 2767 5048 τοὺς
2801 4989 2948 5058 τρεῖς
2968 4987 3107 5056 ὑμᾶς
3142 4985 3659 5057 συμπαραλαωντες
3701 5002 3817 5038 x0:-

2246 5076 2340 5146 νὴν
2369 5076 2563 5147 ἔχομεν
2584 5078 2787 5130 αίνεσιν
2814 5076 2910 5147 τὴν
2937 5076 3089 5147 ὑμῶν
3116 5077 3335 5149 ἡδίστην
3356 5077 3566 5131 ἕνωσιν.

2316 5277 2651 5345 Μεγάλυνον,
2726 5277 2869 5347 ψυχή
2940 5294 3061 5348 μου,
3110 5278 3239 5340 τοὺς
3300 5273 3817 5348 τρισσολάμπτηρας

2244 5369 2476 5440 Χριστοῦ
2498 5371 2596 5441 τῆς
2642 5369 2979 5439 Ἐκκλησίας.

2332 5486 2417 5540 οὐ
2450 5485 2701 5554 δίστομον
2762 5483 3035 5552 μάχαιραν
3064 5484 3096 5551 ἡ
3131 5482 3307 5550 χάρις,
3357 5480 3491 5534 ἀλλά
3528 5480 3815 5551 τρίστομον

2248 5572 2387 5626 κατὰ
2412 5572 2521 5626 τῶν
2556 5572 2825 5642 πολεμίων
2852 5571 3022 5639 αὐτῆς
3068 5568 3477 5638 προσϐάλλεται·
3516 5567 3573 5619 ἓν
3593 5570 3813 5638 οὐρανο-

2246 5666 2541 5736 χάλκευτον
2597 5664 2746 5733 ξίφος
2792 5664 2968 5735 τρισὶν
3014 5662 3217 5733 ἀκμαῖς
3248 5659 3681 5731 κατεστρωμένον,
3728 5656 3815 5712 ἀεὶ

2248 5757 2659 5831 προμαχόμενοι)
2688 5753 3025 5825 τριλαμποῦς
3063 5754 3188 5823 μιᾶς
3212 5752 3492 5822 Θεὸτητος.
