4058 6452
1454 391 1845 447 ,ιειιιιλτιιιΑ

1972 388 2227 448 ilPLlClS
2270 391 2484 446 FESTI.
3401 408 3603 449 cccuv

441 511 777 579 Mayi).uvov,
836 510 981 580 ψυχή
1030 526 1157 579 μου.
1193 512 1316 574 τοὺς
1365 513 1777 583 κεκοσμηκότας
1802 516 1887 585 Χρ

1972 518 2004 574 Α
2107 513 2407 580 Magniﬁca.
2468 513 2646 568 anima
2697 528 2838 579 mea,
2895 527 2989 569 eos
3020 514 3113 584 qui
3165 512 3610 571 Cbristiexorna-

366 602 495 656 στοῦ
523 603 619 673 τὴν
657 600 999 673 Ἐκκλησίαν.

2047 620 2170 659 vere
2196 604 2514 661 Ecclesiam.

450 693 624 764 ι-ςμῶν
672 694 734 746 τὸ
785 693 1086 763 πολίτευμα
1113 694 1173 747 ὲν
1210 694 1459 765 οὐρανοῖς
1496 690 1821 765 ἦν,ένδοξοι,
1850 714 1889 750 an

2128 713 2219 750 -ιι
2268 696 2445 760 ctelis,
2500 710 2533 749 o
2582 693 2827 763 gloriosi,
2873 700 2991 747 erat
3018 698 3197 745 vestra
3246 690 3610 753 conversatio.

365 784 463 854 τὴν
494 785 672 853 σάρκα
702 783 1014 855 φορούντων
1035 786 1115 849 είς
1139 785 1219 838 ἔτι
1239 786 1485 840 ἄσπιλον
1514 786 1608 852 οὓς
1637 789 1889 862 είλικρινᾶ

2039 799 2163 839 cum
2192 783 2367 839 adhuc
2397 799 2616 839 carnem
2648 783 2940 853 gestaretis
2978 780 3489 843 incontaminatam;
3516 780 3609 833 ubi

364 876 462 929 νῦν
494 876 787 941 οἰκοῦντες,
811 878 934 942 τοὺς
973 878 1065 930 ἐπὶ
1103 877 1205 947 γῆς
1240 879 1387 947 ἡμᾶς
1433 879 1829 951 στρεφομένους
1870 899 1889 935 1

2041 892 2187 931 nunc
2218 891 2344 932 vere
2372 876 2649 931 habitatis.
2682 873 2825 945 Ergo
2870 883 3025 927 orate
3052 912 3068 937 ,
3102 880 3160 925 ut
3195 885 3292 926 nos
3319 881 3606 924 versantes

363 970 476 1020 ἄνω
520 967 852 1044 πρεσϐεύετε
901 969 996 1023 καὶ
1044 972 1258 1040 φρονεῖν
1295 970 1390 1024 καὶ
1434 974 1889 1045 πραγματεύεσθα

2038 968 2095 1022 in
2144 968 2325 1032 terris,
2360 967 2630 1038 possimus
2670 982 2791 1037 quae
2825 979 3046 1022 sursum
3082 971 3210 1017 sunt
3234 976 3456 1033 sapere,
3484 976 3606 1030 quae

362 1056 663 1115 θεοτόκιον.

2036 1074 2250 1114 sursum
2280 1069 2407 1113 sunt
2435 1073 2704 1128 quaerere.
3353 1052 3598 1109 Mariale.

434 1148 764 1216 Μεγάλυνον,
794 1149 935 1220 ψυχή
987 1166 1110 1219 μου,
1142 1130 1240 1221 τὴν
1266 1154 1614 1225 τιμιωτέραν.

2107 1146 2409 1217 Magnifica,
2460 1148 2640 1201 anima
2676 1161 2818 1211 mea,
2841 1143 3223 1200 venerandam.

452 1242 651 1294 [etsunt
680 1258 747 1311 με
775 1241 835 1293 τὸ
876 1240 1075 1305 πλάτος
1101 1258 1215 1306 σου,
1250 1244 1357 1296 τῶν
1392 1244 1689 1313 μεγαλείων
1713 1244 1886 1299 Δέσπο

2117 1242 2365 1310 mtringit
2432 1253 2520 1294 me
2582 1250 2669 1294 tua
2733 1236 3006 1302 latitudo,
3070 1232 3601 1305 magniﬁcentissima

364 1348 454 1395 να,
485 1332 815 1400 καταπνίγον
845 1332 935 1385 τὸν
954 1332 1110 1402 λόγον
1138 1335 1243 1388 ὑπὸ
1290 1335 1642 1405 πυκνότητος,
1690 1338 1782 1390 καί
1841 1356 1889 1408 με

2032 1328 2258 1383 Domina
2286 1369 2303 1395 ,
2353 1327 2827 1398 magnitudineque
2875 1322 3107 1380 sullocat
3140 1322 3439 1377 orationem
3474 1359 3492 1385 ,
3543 1331 3603 1376 et

365 1425 679 1496 παραδόξως
706 1423 993 1493 συμϐαίνει
1033 1426 1095 1479 τὸ
1125 1427 1350 1497 ἀπορεῖν
1393 1428 1459 1481 ἐκ
1508 1429 1608 1499 τῆς
1651 1430 1889 1501 εὐπορίαι

2032 1421 2164 1474 mihi
2220 1420 2472 1474 mirabile
2539 1420 2738 1475 accidit
2795 1418 3031 1486 inopiam
3084 1414 3231 1469 nasci
3290 1428 3355 1469 ex
3410 1414 3591 1482 copia.

362 1514 445 1567 διὸ
472 1514 564 1566 τὸν
590 1510 839 1565 τοσοῦτόν
868 1531 926 1567 σε
954 1515 1326 1584 μεγαλύναντα
1350 1516 1665 1589 δοξάζομεν.

2032 1510 2154 1564 Ideo
2186 1523 2310 1563 eum
2367 1508 2459 1576 qui
2498 1517 2553 1565 te
2600 1519 2881 1579 tantopere
2912 1506 3224 1577 magniﬁcat
3254 1544 3272 1572 ,
3336 1504 3597 1560 vloritica-

2031 1615 2170 1654 mus.

439 1684 651 1750 ’Δλλος.
697 1685 916 1757 Ἐξέστη
951 1688 1046 1742 ἐπὶ
1076 1689 1251 1761 τούτῳ
1278 1691 1306 1743 ὁ
1333 1691 1580 1761 οὐρανός.
2105 1689 2287 1755 Alius,
2321 1688 2505 1757 sicut,
2544 1688 2770 1758 Ἐξέστη
2817 1686 2909 1740 ἐπὶ
2956 1684 3128 1756 τούτῳ
3173 1685 3203 1738 ὀ
3238 1684 3480 1755 οὐρανός.

420 1858 755 1927 Μεγάλυνον,
792 1863 936 1932 ψυχή
987 1880 1110 1933 μου,
1158 1864 1279 1927 τοὺς
1316 1863 1412 1934 τῆς
1447 1881 1715 1932 παναγ.ας
1758 1866 1889 1938 Τριά

1972 1860 2001 1920 Β
2099 1866 2401 1938 Magniﬁca,
2454 1867 2632 1923 anima
2692 1880 2853 1930 mea,
2912 1867 3270 1923 sanctissime
3317 1865 3596 1921 Trinitatis

354 1952 442 2016 δος
469 1955 619 2023 τρεῖς
644 1954 929 2025 ποιμένας.

2031 1972 2139 2015 tres
2162 1970 2422 2029 pastores.

432 2046 677 2118 Ἐπήρθη
722 2048 819 2119 τῆς
862 2048 1090 2117 Τριάδος
1133 2049 1166 2117 ἡ
1195 2048 1385 2120 ἁρετὴ,
1416 2050 1512 2104 καὶ
1538 2052 1606 2105 τὰ
1635 2053 1809 2106 πάντα
1830 2057 1889 2126 τῆ

2096 2048 2221 2104 200.
2281 2049 2539 2104 Sublimis
2591 2059 2675 2105 est
2712 2047 2995 2105 Trinitatis
3048 2050 3261 2114 virtus,
3313 2060 3368 2104 et
3425 2050 3593 2121 gloria

352 2136 512 2207 δόξης
537 2138 873 2207 ἐπλήρωσεν,
897 2137 1064 2209 ἄλλην
1088 2137 1134 2190 δ’
1181 2139 1310 2209 ὑμῖν
1346 2141 1539 2213 αῖγλην
1565 2144 1889 2215 άναλάμψασ

2026 2157 2122 2195 sua
2150 2141 2437 2211 complevit
2472 2142 2675 2195 omnia.
2710 2141 2819 2197 Sed
2874 2143 2927 2197 in
2970 2141 3128 2197 vobis
3170 2141 3328 2211 longe
3376 2143 3483 2198 alio
3539 2152 3595 2196 et

350 2227 632 2299 τριλαμπῆ
663 2227 737 2290 ὡς
788 2228 984 2300 ἑαυτῆς
1037 2228 1407 2303 ἀπαύγασμα,
1427 2235 1551 2295 τοὺς
1575 2235 1889 2307 ἐπουρανίου

2028 2231 2296 2301 tripartito
2341 2231 2551 2300 fulgore
2581 2232 2827 2297 emicat,
2874 2244 3135 2303 tanquam
3187 2231 3241 2286 in
3292 2230 3593 2300 majoribus

354 2318 767 2387 μυσταγωγοὺς,
794 2318 859 2370 δι’
890 2313 965 2374 ὧν
1012 2322 1105 2375 ἐπὶ
1134 2322 1232 2395 τὴν
1258 2322 1408 2378 Θείαν
1451 2326 1665 2398 ἐκείνης
1694 2328 1889 2401 θεωρία

2028 2325 2192 2379 radiis
2247 2332 2302 2378 et
2356 2324 2669 2380 coalestibus
2726 2337 3010 2379 sacrorum
3064 2325 3435 2395 principibus,
3493 2340 3592 2397 per

351 2409 401 2462 οί
425 2407 776 2473 εὐσεῦοὖντες
804 2410 1164 2483 ὁδηγούμεθα.

2022 2430 2159 2483 quos
2186 2415 2254 2470 ad
2307 2416 2542 2470 divinam
2592 2415 2739 2472 illius
2784 2414 3293 2486 contemplationem
3317 2418 3391 2487 pii
3421 2418 3593 2473 dedu-

2052 2523 2123 2561 un
2131 2523 2213 2562 ur.

416 2582 752 2651 Μεγάλυνον,
791 2585 934 2659 ψυχή
963 2607 1088 2659 μου,
1117 2592 1246 2655 τοὺς
1288 2593 1353 2647 έκ
1395 2596 1673 2668 τριστιλίου
1707 2598 1889 2671 φωστῆ

2017 2522 2213 2562 cunur.

2092 2596 2394 2668 Magniﬁca,
2441 2597 2619 2652 anima
2666 2612 2809 2665 mea,
2842 2611 2909 2653 ex
2936 2599 3130 2670 triplici
3161 2599 3273 2655 sole
3320 2601 3421 2656 tria
3474 2616 3591 2657 ma-

350 2690 449 2744 ρας
488 2679 637 2746 τρεῖς
669 2679 955 2748 μεγάλους.

2020 2707 2122 2763 gna
2149 2692 2453 2746 luminaria.

414 2766 529 2861 063C
574 2768 688 2823 εστι
744 2770 1045 2843 δευτερεῖον
1087 2777 1145 2830 ὲν
1192 2782 1305 2843 τοῖς
1352 2784 1518 2853 τρισί’
1552 2787 1621 2840 τά
1655 2791 1889 2861 πρεσϐεῖι

2088 2781 2277 2837 Nullus
2322 2798 2390 2838 ex
2444 2783 2529 2838 bis
2576 2782 2748 2839 tribus
2780 2793 2926 2839 tenet
2950 2784 3360 2849 secundas,-sed
3388 2788 3591 2857 primas

345 2854 454 2929 γὰρ
479 2857 708 2924 ἕκαστος
741 2863 987 2934 φέρεται,
1018 2866 1229 2940 πρῶτος
1258 2872 1357 2924 οὐκ
1375 2870 1448 2925 ὢν
1464 2876 1557 2927 καὶ
1582 2854 1711 2941 τοὺς
1735 2880 1889 2951 όμοτί

2020 2881 2204 2927 tenent
2240 2886 2466 2937 omnes;
2494 2888 2616 2927 cum
2671 2876 2879 2944 primus
2932 2891 3037 2931 non
3081 2878 3152 2931 sit
3184 2878 3272 2946 qui
3305 2854 3460 2947 pares
3495 2876 3567 2933 bo

347 2964 477 3047 μους
511 2951 833 3023 ὑπερνικῶν.
880 2955 1265 3020 Ἐξυικειοῦται
1316 2962 1514 3030 μᾶλλον
1543 2966 1600 3021 δὲ
1623 2969 1721 3041 τὴν
1753 2974 1883 3047 ἄλλή

2018 2979 2149 3022 nare
2170 2974 2476 3035 exsuperet.
2502 2964 2643 3032 Quin
2675 2966 2853 3035 potius
2891 2965 3027 3021 alter
3056 2967 3278 3023 alterius
3306 2970 3584 3027 victoriam

342 3037 450 3095 λων
471 3042 627 3113 νίκην
652 3046 985 3115 περιχαριῖκο
1015 3048 1076 3099 οὐ
1107 3047 1256 3119 χώρα
1279 3051 1387 3123 γὰρ
1420 3056 1651 3113 ἐνταῦθα
1678 3037 1758 3133 τῷ
1786 3037 1889 3133 φθό

2016 3072 2139 3110 ιιι-αι
2165 3057 2359 3127 gaudio
2384 3056 2517 3111 facit
2542 3072 2694 3111 suam
2725 3077 2739 3113 :
2771 3073 2946 3127 neque
2971 3061 3114 3115 enim
3142 3061 3211 3115 ibi
3246 3062 3394 3116 locus
3424 3064 3587 3117 relin-

342 3147 416 3204 νῳ
448 3136 778 3205 παρρησίας,
805 3137 1183 3211 λυμαινομένῳ
1208 3143 1307 3214 τὴν
1335 3147 1601 3217 ὁμόνοιαν.
1755 3157 1889 3222 Δόξα

1972 3201 1983 3221 ,
2017 3147 2201 3201 (tuitur
2250 3148 2439 3202 audaci
2475 3148 2714 3215 invidie,
2745 3150 3089 3208 labefactanti
3135 3157 3499 3211 concordiam.

1940 3199 1985 3257 C
3378 3245 3578 3306 Gloria.

411 3311 749 3381 Ιίεγάλυνον,
783 3314 929 3390 ψυχή
984 3336 1108 3391 μου,
1182 3324 1283 3395 τῆς
1337 3333 1764 3397 τρισυποστάτου
1818 3340 1889 3391 κα

2082 3326 2388 3397 Magniﬁca,
2437 3329 2616 3385 anima
2670 3345 2823 3399 mea,
2875 3333 3033 3391 unius
3087 3336 3375 3393 individua:
3408 3339 3583 3395 Deita-

334 3401 645 3474 ἀδιαιρέτου
678 3405 941 3480 Θεότητος
966 3412 1029 3465 τὸ
1051 3415 1270 3484 κράτος.

2014 3418 2083 3475 tis
2114 3420 2167 3475 in
2197 3420 2371 3476 tribus
2394 3423 2644 3492 personis
2667 3426 2978 3491 potentiam.

400 3493 699 3569 Πατέραςὴ
746 3499 997 3555 εὐσέϐεια
1022 3504 1147 3567 τοὺς
1168 3505 1339 3576 αὐτῆς
1354 3516 1729 3581 πρωτοτόκους
1765 3520 1889 3574 υἱοὺε

2080 3511 2378 3583 Postquam
2431 3514 2603 3584 pietas
2656 3524 2837 3583 patres
2860 3521 3249 3590 primogenitos
3301 3540 3430 3579 suos
3480 3527 3577 3580 de-

333 3586 677 3653 άναδείξασα,
710 3591 877 3645 τέκνα
904 3593 1081 3660 φωτὸς
1106 3597 1307 3667 γνήσια
1342 3601 1434 3654 καὶ
1467 3602 1674 3677 ἄμωμα
1698 3609 1766 3661 δι’
1812 3612 1889 3664 αὖε

2011 3606 2203 3672 clarat,
2229 3621 2415 3661 eorum
2452 3622 2552 3678 ope
2586 3609 2728 3666 ﬁlios
2759 3610 2894 3667 lucis
2924 3624 3166 3683 generat,
3220 3630 3379 3671 veros
3406 3618 3577 3673 incul-

330 3683 442 3735 τῶν
473 3681 822 3754 τελειούμενα
879 3686 1175 3757 Πνεύματι,
1217 3691 1296 3761 τῷ
1334 3693 1478 3766 ζωὴν
1509 3698 1800 3771 λαλήσαντι
1852 3706 1889 3757 ἐι

2009 3706 2269 3766 patosque
2292 3711 2354 3751 ac
2381 3698 2651 3767 perfectos
2682 3701 2913 3772 Spiritu,
2933 3681 3031 3774 qui
3066 3708 3234 3763 vitam
3261 3710 3313 3763 in
3337 3712 3471 3781 ipsis
3494 3714 3575 3765 lo-

331 3771 536 3833 αὐτοῖς,
573 3773 665 3825 καὶ
694 3772 887 3838 σώζειν
914 3776 1209 3844 ὲξαιτεῖται
1240 3785 1319 3846 εἰς
1345 3784 1498 3849 τέλος
1527 3789 1627 3860 τὴν
1663 3794 1885 3865 εἰρήνην

2008 3788 2216 3859 quitur,
2233 3797 2291 3844 et
2316 3790 2451 3861 petit
2473 3790 2525 3844 in
2549 3771 2917 3864 ﬁnemiusque
2947 3771 3152 3853 servari
3183 3771 3391 3870 paceni,
3416 3819 3575 3873 quam

328 3863 397 3933 ἣν
425 3858 521 3916 ἀπ’
552 3864 734 3919 αὐτῶν
765 3868 1224 3945 ἐκληρονόμησεν.
1584 3858 1592 3860 ⁷
1717 3858 1726 3863 ’
1771 3858 1782 3863 '
1840 3858 1851 3865 ’

2007 3858 2076 3936 ab
2101 3882 2234 3951 ipsis
2256 3858 2545 3938 consecuta
2575 3893 2680 3939 est.

472 3956 584 4008 Καὶ
608 3958 722 4014 νῦν.
1480 3967 1765 4028 δεοτόκιον.

2156 3972 2223 4026 Et
2256 3988 2419 4027 nunc.
3191 3981 3424 4042 Mariale.

399 4046 734 4113 Μεγάλυνον,
761 4052 906 4122 ψυχή
940 4071 1062 4122 μου,
1099 4057 1197 4126 τὴν
1228 4061 1578 4132 τιμιωτέραν.

2078 4060 2381 4129 Magniﬁca,
2406 4062 2583 4115 anima
2606 4079 2748 4131 mea,
2775 4080 3159 4125 veneranaam.

400 4138 527 4192 Υίὺν
572 4140 708 4193 Θεοῦ
755 4142 848 4194 τοῦ
898 4143 1102 4209 ζῶντος
1139 4149 1171 4216 ἡ
1216 4149 1324 4203 τῶν
1358 4153 1536 4222 σοφῶν
1574 4155 1905 4213 διδασκάλων
2074 4152 2269 4206 Filium
2305 4152 2398 4206 Dei
2430 4154 2556 4219 vivi,
2602 4171 2636 4210 ο
2661 4156 2853 4223 Mater,
2872 4174 2990 4215 esse
3024 4162 3189 4217 ﬁlium
3236 4173 3384 4221 tuum
3439 4184 3575 4238 pra-

325 4232 567 4305 άκρότης
608 4232 839 4305 ἐκήρυξε
860 4234 953 4289 τὸν
990 4237 1081 4290 σὸν
1114 4239 1248 4302 υίδν,
1280 4241 1342 4305 ἐξ
1366 4244 1757 4318 ἀποκαλύψεως
1800 4268 1889 4304 πα-

2001 4242 2202 4299 dicavit
2228 4245 2554 4315 sapientium
2599 4247 2882 4304 doctorum
2915 4267 3074 4321 apex,
3110 4254 3212 4309 hoc
3237 4271 3267 4309 a
3297 4232 3570 4316 revelante

325 4326 539 4396 τρικῆς,
568 4327 668 4379 οὐκ
692 4328 757 4380 ὲκ
785 4330 987 4399 σαρκὸς
1013 4330 1107 4384 καὶ
1133 4332 1363 4403 αἵματος
1412 4335 1569 4389 τοῦτο
1616 4340 1889 4409 μυηθεῖσα1

2002 4334 2167 4392 Patre
2195 4336 2437 4402 edoctus,
2469 4353 2574 4393 non
2593 4353 2623 4393 a
2649 4355 2815 4395 carne
2840 4349 2894 4395 et
2944 4346 3229 4414 sanguine.
3260 4348 3439 4416 Quare
3497 4364 3569 4419 te,

323 4416 687 4513 Μῆτερθεοῦ.
709 4418 799 4471 Διό
824 4436 881 4471 σε
922 4420 1015 4473 καὶ
1048 4422 1319 4495 Παρθένον
1362 4426 1628 4493 δοξάσασα
1674 4432 1889 4503 Μητέρα

2012 4426 2285 4498 Virginem
2323 4426 2547 4482 Matrem
2581 4440 2634 4483 et
2658 4431 2965 4501 Delparam,
2995 4434 3229 4505 gloriose
3260 4416 3573 4513 magniﬁca;

323 4504 420 4553 καὶ
452 4502 710 4558 Θεδτόκον
738 4509 1093 4577 ἐμεγάλυνεν.
1551 4502 1889 4577 Καταὸασία.

1972 4582 1973 4589 η
2001 4520 2097 4578 vit.
3257 4531 3566 4589 Catabasia.

394 4593 642 4659 Θεοτόκε,
686 4598 720 4667 ή
760 4598 915 4662 ἐλπὶς
953 4604 1169 4657 πάντων
1190 4606 1297 4659 τῶν
1318 4610 1679 4679 Χριστιανῶν,
1704 4616 1889 4680 σκέπε,

2072 4614 2168 4669 Dei
2209 4612 2478 4677 Genitrix,
2508 4627 2629 4682 spes
2674 4613 3102 4674 Christianorum
3131 4626 3394 4689 omnium,
3445 4641 3570 4695 pro-

323 4684 555 4757 φύλαττε
587 4688 713 4752 τοὺς
746 4688 1061 4755 ἐλπίζοντας
1094 4698 1172 4758 εἰς
1207 4697 1285 4753 σέ.

1999 4713 2151 4773 tege,
2188 4699 2435 4765 defende,
2464 4704 2675 4758 custodi
2698 4718 2978 4775 sperantes
3008 4712 3059 4764 in
3096 4720 3167 4764 te.

404 4779 492 4832 Ἐν
539 4780 711 4852 νόμῳ,
754 4783 883 4854 σκιᾷ
929 4783 1023 4837 καὶ
1076 4784 1365 4858 γράμματι
1393 4792 1562 4849 τύπον
1586 4796 1889 4869 κατείδομεν

2094 4796 2152 4850 ln
2185 4793 2320 4863 lege,
2366 4798 2555 4850 umbra
2604 4806 2662 4851 et
2710 4797 2887 4853 littera
2927 4808 3111 4870 typum
3141 4804 3323 4859 ﬁdeles
3349 4809 3567 4877 conspi-

320 4872 373 4925 οί
403 4874 604 4929 πιστοί.
654 4876 772 4930 Πᾶν
802 4878 967 4949 ἄρσεν
996 4877 1055 4931 τὸ
1082 4878 1179 4950 τὴν
1215 4883 1428 4954 μήτραν
1450 4887 1717 4959 διανοῖγον
1743 4891 1889 4960 ἄγιον

1998 4890 2173 4943 cimus
2204 4905 2217 4938 :
2251 4884 2423 4942 Omne
2448 4888 2810 4943 masculinum
2842 4891 3161 4959 adaperiens
3189 4897 3404 4951 vulvam
3435 4915 3565 4953 san-

319 4963 462 5035 Θεῷ.
495 4965 586 5018 Διὸ
628 4969 970 5037 πρωτότοκον
1004 4970 1196 5040 Λόγον.
1242 4972 1455 5044 Πατρὸς
1479 4981 1715 5052 ἀνάρχου
1747 4984 1889 5052 Υἱδν,

1996 4990 2141 5035 ctum
2185 4977 2293 5032 Deo
2317 4990 2420 5032 est.
2456 4980 2663 5033 Idcirco
2704 4983 3124 5053 primogenitum
3160 4985 3413 5056 Verbum,
3466 4992 3567 5045 Pa-

326 5055 670 5126 πρωτοτοκού
680 5075 840 5129 μενον
882 5063 1074 5133 μητέρι
1098 5064 1473 5137 άπειράνδρως
1503 5072 1889 5145 μεγαλύνομεν.

1996 5070 2092 5124 tris
2118 5071 2302 5124 aeterni
2338 5069 2555 5133 Filium,
2581 5070 2997 5141 primogenitum
3025 5090 3053 5127 a
3086 5088 3260 5133 matre
3282 5081 3399 5135 sine
3424 5084 3563 5149 viro,

1994 5160 2418 5225 magniﬁcamus.

407 5231 926 5307 Ἐξαποστειλαριον.
985 5249 1029 5292 υ
1051 5241 1276 5312 ουρανδν
1302 5246 1413 5307 τοῖς
1434 5244 1675 5316 ἄστροις.

2061 5269 2536 5342 Exapostilariunt,
2570 5274 2731 5342 sicut,
2779 5274 2836 5329 '0
2865 5278 3091 5349 ουρανὸν
3111 5282 3222 5342 τοῖς
3244 5281 3485 5353 ἄστροις.

2059 5381 2187 5437 201.
2256 5382 2498 5438 Luminis
2536 5388 3151 5457 receptacula,.‘ulgura
3212 5390 3385 5446 lucem
3443 5395 3559 5448 evi-

1989 5473 2249 5537 brantia,
2305 5473 2562 5530 Basilium
2622 5477 2894 5545 Magnum,
2942 5473 3267 5550 Gregorium
3329 5484 3561 5541 Theolo-

1989 5575 2113 5630 gnm
2146 5599 2161 5626 ,
2196 5560 2651 5633 Cbrysostomum
2700 5563 2963 5622 Joannem
2997 5608 3013 5635 ,
3050 5584 3240 5628 omnes
3287 5574 3563 5633 collaude-

1990 5666 2129 5709 mus.

386 5400 466 5455 Τά
481 5401 574 5456 τοῦ
597 5407 774 5475 φωτὸς
801 5408 999 5479 δοχεῖα,
1041 5410 1138 5475 τὰς
1188 5415 1547 5482 φεγγοσόλους
1587 5419 1887 5490 ἀστραπάς,

318 5492 599 5586 Βασίλειον
628 5496 722 5552 νῦν
750 5500 840 5553 τὸν
870 5501 1075 5570 Μέγαν,
1103 5504 1398 5577 Γρηγόριον
1432 5508 1707 5581 Θεολόγον,
1742 5515 1889 5586 Χρυ-

318 5584 581 5661 σόστομον
631 5587 879 5663 Ἰωάννην
904 5594 1377 5668 άνευφημήσωμεν
1405 5600 1624 5666 πάντες.

883 5771 1105 5841 Ἕτερον
1134 5774 1336 5843 ὅμοιον.

2574 5768 2728 5823 Aliud
2758 5768 2954 5825 simile.

399 5853 467 5910 Ἦ
502 5857 676 5915 ἑνιαία
703 5859 924 5930 Θεὸτης,
940 5864 1145 5933 Πατὴρ,
1163 5866 1410 5935 Υἱὸς,καὶ
1424 5865 1483 5920 τὸ
1496 5867 1716 5939 Πνεῦμα
1732 5866 1883 5938 ἅγιον

2063 5874 2179 5935 Una
2241 5878 2472 5948 Deitas,
2526 5877 2702 5951 Pater,
2759 5881 2895 5951 Fili,
2938 5893 2993 5942 et
3048 5884 3282 5954 Spiritus
3315 5897 3545 5957 sancte,
