4058 6450
1375 408 1776 466 ACOLUTlllA
1815 403 2150 461 TRIPLICIS
2190 400 2408 459 FESTI.

3269 412 3431 458 σοιιι
3439 416 3513 457 VII

369 527 548 590 Ποίοις
618 527 911 598 ἐγκωμίων
981 527 1218 598 ῥήμασιν
1302 524 1676 593 ἐπαινέσωμεν
1731 520 1857 583 τοὺς

2026 516 2235 586 Quibus
2281 514 2673 586 praconiorum
2719 512 2899 571 verbis
2940 512 3277 569 laudabimus
3336 530 3518 571 sacro-

289 620 572 692 ἰεράρχας,
595 620 723 683 τοὺς
753 617 1131 680 ἰσαποστόλους
1148 620 1205 670 ὲν
1219 616 1416 687 χάριτι,
1445 616 1540 667 καὶ
1565 612 1856 685 ὁμοτίμους

291 710 614 783 χαρίσμασι,
644 711 769 773 τοὺς
807 708 906 778 τῆς
928 708 1182 770 ἀσεϐείας
1224 704 1553 769 καταλυτὰς,
1612 704 1859 774 σωτῆρας

292 801 389 856 καὶ
426 801 656 873 ὁδηγοὺς
684 801 824 870 λόγῳ
854 801 948 853 καί
978 800 1283 871 πράγματι,
1330 798 1613 867 ποιμένας,
1648 810 1861 867 χριστο-

299 894 570 964 μιμήτους
615 892 702 945 διὰ
767 892 1024 956 πίστεως,
1075 890 1200 952 τοὺς
1250 889 1522 957 ἐπιγείους
1578 887 1859 957 ἀγγέλους,

298 984 521 1055 βροτοὺς
550 984 853 1054 οὐρανίους,
887 982 981 1047 οὒς
1021 981 1275 1051 ἐτίμησεν
1307 982 1335 1033 6
1365 982 1613 1052 Χριστὸς,
1655 979 1753 1049 τῆς
1779 978 1863 1031 δό-

299 1075 396 1145 ξης
422 1076 450 1127 δ
469 1073 691 1144 Κύριος.
717 1073 746 1125 ὁ
777 1072 916 1143 ἔχων
940 1071 1001 1123 τὸ
1024 1070 1163 1140 μέγα
1185 1068 1360 1135 έλεος;

370 1166 551 1230 Ποίοις
617 1164 905 1235 εὐφημιῶν
979 1162 1255 1232 στέμμασι
1306 1159 1733 1229 καταστέψωμεν
1771 1158 1864 1212 τὸν

299 1256 647 1327 χρυσολόγον,
691 1257 805 1327 ἅμα
831 1254 1094 1324 Βασιλείῳ
1119 1253 1438 1325 Γρηγόριον,
1481 1252 1551 1305 τὰ
1585 1251 1758 1305 σεπτὰ
1782 1252 1867 1304 δο-

301 1351 424 1417 χεῖα
480 1348 575 1403 τοῦ
614 1350 943 1419 Πνεῦματος,
978 1349 1107 1411 τοὺς
1163 1347 1422 1418 στερροὺς
1477 1343 1577 1413 τῆς
1632 1346 1866 1408 πίστεως

301 1441 641 1512 προμάχους,
695 1442 822 1504 τοὺς
877 1440 1100 1504 στύλους
1143 1439 1247 1510 τῆς
1283 1438 1628 1509 Ἐκκλησίας,
1662 1434 1868 1489 πιστῶν

305 1534 585 1605 στήριγμα
613 1532 884 1597 ἁπάντων,
908 1531 1328 1605 ἁμαρτανόντων
1369 1528 1733 1601 παραμύθιον,
1765 1544 1871 1598 πη-

302 1621 410 1691 γὰς
441 1620 737 1691 βλυζούσας
760 1624 819 1673 τὸ
841 1622 1012 1691 νᾶμα,
1059 1621 1117 1687 ἐξ
1149 1617 1209 1675 οὐ
1231 1619 1523 1691 ἀρυόμενοι
1565 1616 1869 1689 ήδυνόμεθα

302 1715 424 1777 ταῖς
460 1712 678 1782 ψυχαῖς,
721 1712 1000 1777 αἰτοῦντες
1025 1712 1369 1783 συγχώρησιν
1397 1708 1725 1779 σφαλμάτων
1773 1705 1869 1759 καὶ

306 1805 451 1877 μέγα
469 1805 648 1873 ἐλεος;
1707 1798 1866 1861 Δόξα.

1963 629 2081 669 rum
2108 611 2403 684 principes,
2436 607 2610 679 gratia
2633 617 2688 662 et
2717 608 2922 663 honore
2958 606 3189 675 aequales
3221 606 3478 676 apostolis
3503 648 3521 672 ,

1961 720 2243 762 eversores
2274 701 2588 772 impietatis,
2612 709 2916 755 servatores
2946 708 2999 753 et
3026 698 3125 752 vim
3164 698 3328 752 duces
3356 698 3522 752 verbo

1962 812 2025 852 ac
2059 797 2204 851 facto
2226 836 2242 862 ,
2277 803 2521 865 pastores
2542 832 2557 856 ,
2589 791 2785 847 Christi
2840 805 2936 857 per
2992 789 3149 844 fidem
3201 789 3519 850 imitatores,

1963 896 2250 942 terrestres
2290 883 2533 952 angelos,
2563 882 2810 936 homines
2837 879 3107 946 cmlestes,
3135 893 3270 948 quos
3292 878 3496 932 honora

1962 981 2040 1034 vit
2066 979 2333 1040 Christus,
2365 976 2548 1047 gloriae
2582 973 2864 1039 Dominus,
2901 972 3106 1027 habens
3135 984 3389 1041 magnam
3419 969 3525 1022 mi-

1961 1070 2313 1127 sericordiam
2337 1068 2361 1122 ἰ

2034 1162 2242 1230 Quibus
2306 1157 2676 1214 laudationum
2723 1156 2940 1211 coronis
2993 1155 3312 1223 cingemus,
3364 1148 3525 1205 verba

1965 1269 2130 1309 aurea
2164 1252 2573 1323 proloquentem
2604 1290 2619 1314 ,
2649 1258 2705 1302 et
2745 1264 2869 1302 cum
2911 1244 3114 1300 Basilio
3159 1242 3479 1311 Gregorium
3509 1282 3524 1302 ,

1966 1354 2194 1414 augusta
2222 1339 2560 1413 receptacula
2595 1338 2832 1407 Spiritus
2857 1376 2874 1402 ,
2912 1335 3137 1391 stabiles
3180 1333 3299 1387 ﬁdei
3330 1345 3530 1401 propn-

1966 1445 2241 1506 gnatores,
2278 1432 2558 1488 columnas
2579 1428 2856 1493 Ecclesia),
2888 1427 3125 1481 fidelium
3152 1423 3392 1479 omnium
3422 1421 3528 1476 ful-

1966 1530 2282 1594 cimentum,
2309 1526 2653 1596 peccantium
2690 1519 3171 1587 solatium,fondes
3196 1518 3531 1573 eﬂ'undentes

1967 1619 2185 1675 laticem
2218 1658 2235 1684 ,
2271 1632 2431 1687 quem
2466 1616 2556 1686 qui
2616 1614 2897 1670 haurimus
2921 1652 2939 1679 ,
2976 1609 3241 1666 alﬁcimur
3299 1608 3486 1663 laetitia
3514 1649 3532 1673 ,

1966 1721 2215 1782 petentes
2257 1719 2564 1765 erratos-um
2590 1708 2804 1763 veniam
2840 1718 2895 1762 et
2942 1718 3195 1775 magnam
3226 1701 3535 1757 misericor—

1969 1803 2145 1860 diam?
3323 1791 3533 1847 Gloria.

368 1893 541 1969 Ἦχος
588 1900 617 1953 6
668 1898 862 1963 αὐτὸς,
921 1898 1057 1969 πρὸς
1102 1896 1184 1960 τὸ,
1246 1895 1493 1967 Σήμερον
1538 1895 1567 1947 6
1610 1892 1864 1965 Χριστός.

2040 1895 2225 1950 Tonus
2250 1892 2394 1948 idem
2424 1892 2564 1948 sicut
2587 1890 2834 1961 Σήμερον
2870 1888 2900 1940 6
2927 1885 3181 1958 Χριστός.

375 2013 619 2085 Σήμερον
670 2014 727 2066 αἰ
785 2012 951 2082 ψυχαί
992 2010 1098 2063 τῶν
1160 2008 1407 2080 γηγενῶν
1464 2006 1746 2078 ὑψοῦνται,
1806 2008 1871 2059 ὲκ

305 2109 509 2179 γηΐνων
548 2110 785 2178 σήμερον
821 2104 1060 2175 οὐράνιοι
1099 2102 1339 2171 γίνονται
1367 2101 1475 2157 τῶν
1498 2101 1665 2170 ἁγίων
1693 2102 1751 2154 ὲν
1803 2101 1870 2169 τῇ

311 2201 518 2273 μνήμῃ·
546 2200 602 2251 αἰ
643 2198 751 2267 γὰρ
786 2196 953 2248 πύλαι
997 2195 1105 2249 τῶν
1134 2194 1377 2266 οὐρανῶν
1412 2194 1747 2266 ἐπαίρονται,
1779 2191 1874 2245 καί

307 2293 443 2363 ήμῖν
465 2290 533 2344 τὰ
563 2289 659 2343 τοῦ
684 2288 955 2342 Δεσπότου
982 2286 1355 2359 γνωρίζονται·
1397 2288 1446 2339 οἰ
1462 2286 1609 2355 λόγοι
1628 2285 1753 2347 τοὺς
1785 2283 1874 2336 λό-

308 2399 439 2451 γους
464 2381 811 2455 κηρύττουσι,
843 2381 936 2436 καί
990 2384 1044 2435 αἰ
1084 2380 1325 2450 γλῶσσαι
1353 2378 1424 2433 τά
1462 2378 1715 2449 Θαύματα
1744 2375 1873 2449 μέλ-

309 2490 526 2528 πουσιν.
558 2473 749 2545 Ἡμεῖς
766 2474 821 2528 δὲ
847 2475 982 2547 πρὸς
1009 2474 1098 2526 τὸν
1119 2472 1347 2543 Σωτῆρα
1369 2470 1595 2542 βοῶμενο
1622 2465 1759 2534 Δόξα
1794 2485 1875 2522 σοι

309 2565 532 2638 Χριστῷ
552 2565 632 2637 τῷ
652 2565 791 2637 Θεῷ⁸
820 2568 933 2629 τοῖς
964 2565 1073 2636 γὰρ
1102 2566 1310 2627 πιστοῖς
1343 2563 1533 2635 εἰρήνη
1567 2561 1654 2614 διὰ
1673 2560 1876 2614 τούτων

307 2655 576 2726 ἐγεγόνει.

452 2776 562 2830 Καὶ
580 2773 696 2829 νῦν.
1229 2763 1506 2818 Θεοτόκιον
1531 2763 1731 2833 ὅμοιον.

382 2868 629 2941 Σήμερον
670 2868 700 2919 6
745 2861 978 2935 Χριστὸς
1022 2859 1079 2911 ὲν
1114 2856 1191 2927 τῷ
1235 2857 1349 2925 ναῷ
1382 2853 1748 2925 προσφέρεται
1801 2853 1880 2917 ὡς

314 2960 531 3033 βρέφος
565 2960 801 3030 σήμερον
846 2953 950 3006 ὑπὸ
978 2951 1140 3020 νόμον
1164 2948 1371 3017 γίνεται
1394 2948 1423 2999 6
1450 2947 1676 3000 Μωῦσεῖ
1702 2945 1879 3009 διδοὺς

311 3052 404 3107 τὸν
432 3051 615 3121 νόμον·
633 3046 740 3100 τῶν
769 3043 1013 3112 ἀγγέλων
1042 3041 1099 3094 αἰ
1130 3040 1381 3113 στρατιαὶ
1405 3038 1793 3109 τεθάμϐηνται,
1821 3037 1879 3090 ὲν

312 3142 581 3211 ἀγκάλαις
604 3139 858 3209 γηραιαίς
881 3135 1240 3205 κατεχόμενον
1262 3132 1352 3186 τὸν
1381 3130 1670 3200 συνέχοντα
1703 3128 1879 3181 πάντα

2039 2006 2163 2063 206.
2202 2005 2371 2061 Hodie
2424 2003 2619 2077 animae
2671 2000 3061 2069 terrigenarum
3107 1996 3437 2064 exaltantur,
3471 2010 3537 2050 ex

1973 2096 2321 2157 terrestribus
2345 2094 2504 2151 hodie
2530 2093 2781 2148 cmlestes
2804 2090 2967 2153 fiunt,
3004 2098 3315 2145 sanctorum
3342 2088 3395 2141 in
3421 2102 3537 2141 mc-

1979 2190 2174 2244 moria.
2197 2186 2333 2243 Nam
2362 2172 2530 2254 portae
2545 2183 2808 2238 caelorum
2846 2179 3183 2241 attolluntur,
3205 2186 3261 2232 et
3288 2192 3406 2247 qua:
3436 2176 3542 2230 Do-

1974 2282 2108 2336 mini
2140 2287 2287 2343 sunt,
2324 2292 2388 2332 ea
2418 2275 2574 2330 nobis
2610 2273 2987 2335 innotescunt;
3024 2282 3303 2324 sermones
3336 2282 3544 2327 sermo-

1977 2373 2136 2428 nibus
2169 2370 2558 2441 praedicantur,
2608 2375 2664 2422 et
2717 2363 2979 2420 miracula
3028 2362 3385 2418 decantantur
3432 2358 3544 2412 lin-

1976 2464 2113 2534 guis.
2149 2461 2258 2516 Nos
2308 2474 2436 2515 vero
2488 2459 2553 2512 ad
2583 2456 2929 2511 Servatorem
2981 2453 3282 2508 clamamus
3312 2471 3324 2506 :
3353 2447 3539 2506 Gloria

1977 2556 2101 2618 tibi,
2130 2552 2348 2607 Christo
2376 2550 2488 2606 Deo
2515 2564 2532 2604 :
2560 2564 2667 2620 pax
2692 2548 2837 2603 enim
2870 2545 3116 2601 fidelibus
3145 2556 3241 2614 per
3276 2557 3370 2598 eos
3391 2552 3547 2611 parta

1975 2654 2079 2700 est.

2116 2753 2184 2808 Et
2209 2770 2367 2810 nunc.
2970 2747 3189 2802 Mariqu
3210 2745 3405 2801 simile.

2048 2844 2220 2900 Hodie
2261 2844 2513 2899 Christus
2569 2841 2627 2897 in
2680 2838 2878 2910 templo
2934 2846 3179 2907 portatur
3225 2843 3283 2888 ut
3337 2833 3549 2897 infans;

1982 2935 2143 2991 hodie
2177 2934 2239 2987 fit
2268 2933 2367 2989 sub
2402 2932 2520 3003 lege
2544 2932 2635 3001 qui
2668 2930 2837 2999 Moysi
2892 2927 3065 2999 legem
3112 2926 3278 2981 dedit.
3314 2924 3548 2989 Angelo-

1983 3041 2103 3081 rum
2138 3025 2409 3079 exercitus
2430 3026 2849 3092 obstupuerunt,
2870 3019 3086 3089 quando
3123 3018 3271 3071 illum
3302 3016 3391 3085 qui
3423 3030 3553 3071 con-

1986 3118 2119 3173 tinet
2169 3116 2392 3181 omnia,
2423 3117 2677 3171 viderunt
2732 3114 2875 3168 inter
2925 3111 3115 3166 senilia
3159 3108 3399 3163 brachia.
3456 3106 3546 3162 Si-

312 3197 629 3304 ὐέὼμεναῖ
650 3197 894 3300 Συμεὼν,
935 3197 1221 3288 εὐλαόείας
1276 3197 1541 3293 πλησθεὶς.
1563 3221 1659 3272 καὶ
1684 3219 1879 3289 χαρᾶς,

1988 3225 2145 3265 meon
2175 3250 2191 3275 ,
2222 3210 2424 3279 pietate
2458 3208 2647 3279 plenus
2693 3216 2747 3261 et
2795 3204 3016 3275 gaudio,
3047 3200 3319 3256 clamabat
3349 3218 3362 3254 :
3395 3197 3550 3253 Nunc

311 3316 463 3378 ἰόόα·
520 3320 635 3375 Νῦν
694 3318 945 3382 ἀπολύεις
987 3334 1078 3387 με,
1130 3314 1333 3383 Σῶτερ,
1380 3313 1443 3365 ὲκ
1481 3310 1579 3381 τῆς
1616 3310 1879 3379 ἐπικήρου

312 3416 461 3488 ζωῆς
492 3414 630 3488 πρὸς
665 3414 764 3485 τήν
794 3412 987 3482 ἀγήρω
1018 3408 1191 3478 λῆξινο
1216 3402 1351 3458 εῐδον
1384 3404 1492 3473 γάρ
1536 3418 1617 3465 σε,
1646 3403 1740 3455 καὶ
1788 3401 1879 3453 εὐ-

312 3506 580 3581 φράνθηνο

380 3597 669 3666 Δοξολογία
722 3595 931 3667 μεγάλη
989 3593 1084 3647 καί⁵
1121 3588 1402 3652 ἀπόλυσις.
1438 3586 1649 3643 Δίδοται
1690 3585 1751 3639 δὲ
1789 3586 1883 3640 καὶ

313 3694 470 3763 ἅγιον
489 3689 667 3744 ἔλαιον
682 3690 794 3751 τοῖς
805 3686 1071 3756 ἀδελφοῖς.

386 3833 569 3913 Cossi.
598 3832 845 3913 Diximus
874 3827 1395 3913 quid.e.rn_num.3l_.

316 3907 659 3976 angelicum;
696 3902 786 3957 sed
816 3899 939 3976 quia
977 3899 1050 3953 illi
1103 3902 1391 3976 hytnnotp

1986 3301 2215 3357 dimittis
2245 3314 2351 3367 me,
2386 3298 2667 3366 Servator,
2694 3313 2763 3353 ex
2799 3297 2899 3351 hac
2928 3294 3107 3365 fragili
3136 3293 3267 3354 vita,
3290 3292 3357 3346 ad
3392 3293 3551 3361 quic-

1990 3405 2098 3451 tem
2155 3395 2245 3449 ubi
2275 3394 2420 3447 nulla
2461 3394 2696 3448 sentitur
2743 3399 3037 3454 senectus;
3071 3387 3177 3441 vidi
3220 3386 3365 3441 enim
3393 3395 3467 3449 te,
3499 3395 3554 3436 et

2018 3484 2268 3541 xsultavi.

2018 3501 2268 3541 xsuuavt.

1984 3501 2016 3545 e
2059 3578 2187 3633 207.
2241 3574 2499 3646 Sequitur
2548 3567 2873 3643 glorificatio
2938 3565 3111 3636 major
3179 3575 3234 3621 et
3282 3564 3547 3619 dimissio.

1994 3672 2163 3730 Datur
2197 3678 2375 3725 autem
2409 3678 2465 3722 et
2489 3673 2732 3721 sanctum
2760 3661 2937 3717 oleum
2964 3658 3226 3714 fratribus

1445 3824 1765 3894 Δοξολογίαν
1815 3838 1880 3893 με

1983 3836 2091 3894 .ην,,
2128 3816 2245 3870 sive
2286 3811 2547 3894 majorem
2594 3803 3035 3894 glgrificationen)
3059 3842 3075 3865 ,
3100 3815 3240 3894 Iesse
3288 3798 3548 3881 hymnum

1398 3869 2266 3950 roh't‘h'ie.a—Crgcisnreenatur,
2311 3869 2794 3944 ad'duntur'aliqua
2843 3890 2965 3943 qua:
3012 3872 3064 3927 in
3098 3871 3293 3927 Latino
3328 3869 3550 3950 minime

1360 3939 1928 4046 ihiﬁédiiﬁegﬁiiﬁﬁi
1946 3939 2165 4046 si‘illum
2199 3939 2366 4046 totum
2399 3951 2500 4007 sub
2528 3939 2802 4018 aspectum
2836 3939 2960 3999 cum
2999 3958 3097 3999 sua
3137 3939 3431 4013 appendice
3454 3954 3549 4007 po-

315 4024 689 4103 itiEFéZ'riin'
715 4024 895 4096 autem
914 4024 1082 4095 ἶιοὸίε
1110 4040 1165 4093 in
1198 4035 1531 4106 Hirmologio
1557 4034 1866 4093 exhibetur,
1895 4024 2074 4099 qualis
2106 4024 2373 4096 sequitur.

390 4179 527 4244 Δόξα
581 4179 639 4231 ὲν
671 4175 918 4247 ὑψίστοις
949 4174 1089 4246 Θεῷ,
1141 4174 1238 4227 xa‘t
1309 4173 1401 4226 ἐπὶ
1425 4170 1530 4241 γῆς
1565 4170 1780 4241 εἰρήνη,
1828 4167 1880 4219 ὲν

2058 4160 2242 4217 Gloria
2297 4158 2350 4212 in
2415 4152 2645 4209 excelsis
2677 4148 2810 4215 Deo,
2870 4156 2927 4203 et
2956 4147 3011 4201 in
3048 4141 3423 4247 terralpax..in
3458 4140 3559 4195 ho-

319 4271 631 4343 ἀνθρώποις
682 4268 917 4324 εὐδοκία.
970 4265 1274 4336 Ὑμνοῦμέν
1308 4281 1389 4330 σε,
1439 4260 1763 4331 εὐλογοῦμεν
1806 4275 1889 4323 σε,

319 4358 731 4432 προσκυνοῦμέν
791 4376 870 4423 σε,
902 4355 1285 4425 δοξολογοῦμεν
1330 4371 1411 4417 σε,
1465 4349 1891 4424 εὐχαριστοῦμέν

322 4467 428 4515 σοι,
451 4449 547 4501 διὰ
570 4450 669 4518 τὴν
706 4448 945 4518 μεγάλην
973 4462 1066 4499 σου
1087 4444 1263 4509 δόξαν.
1301 4443 1474 4515 Κύριε
1496 4441 1715 4514 βασιλεῦ
1730 4443 1891 4494 ἐπου-

323 4542 497 4618 ράνιε,
531 4539 633 4592 Θεὲ
661 4540 843 4610 Πάτερ
872 4538 1266 4608 παντόκρατορ·
1287 4536 1462 4609 Κύριε
1492 4534 1589 4587 Υἱὲ
1608 4532 1892 4605 μονογενὲς

333 4630 509 4705 Ἰησοῦ
533 4627 755 4701 Χριστὲ,
794 4629 889 4680 καὶ
935 4628 1087 4696 άγιον
1117 4624 1360 4695 Πνεῦμα*
1403 4623 1574 4693 Κύριε
1603 4624 1632 4676 6
1664 4621 1815 4687 Θεὸς,
1861 4621 1893 4675 6

333 4725 533 4794 Ἀμνὸς
563 4720 654 4776 τοῦ
698 4718 854 4782 Θεοῦ,
882 4721 910 4771 6
941 4720 1068 4783 Υἱὸς
1106 4717 1200 4771 τοῦ
1233 4714 1465 4785 Πατρός,
1517 4717 1546 4768 6
1578 4713 1747 4786 αἴρων
1793 4711 1891 4783 τήν

323 4817 599 4888 ἁμαρτίαν
627 4814 721 4868 τοῦ
763 4811 988 4879 κόσμου,
1024 4806 1422 4881 πρόσδεξαιτὴν
1450 4806 1635 4877 δέησιν
1865 4806 1894 4856 6

322 4906 630 4975 καθήμενος
650 4909 714 4958 ὲκ
740 4902 928 4969 δεξιῶν
947 4899 1041 4954 τοῦ
1081 4903 1314 4972 Πατρὸς,
1353 4898 1573 4970 ἐλέησον
1596 4901 1760 4971 ήμᾶς·
1810 4899 1893 4951 ὅτι

325 5000 392 5053 σὺ
414 4992 465 5050 εἷ
487 4996 645 5066 μόνος
669 4996 842 5063 ἆγιος,
868 4993 930 5046 σὺ
953 4986 1004 5044 εἷ
1036 4990 1194 5061 μόνος
1210 4992 1413 5064 Κύριος
1432 4988 1646 5061 ’Ἰησοῦς
1661 4987 1893 5060 Χριστὸς

323 5093 404 5152 εἰς
437 5088 591 5156 δόξαν
614 5086 748 5139 Θεοῦ
773 5086 1003 5157 Πατρός.
1036 5083 1226 5155 Ἀμήν.
1259 5083 1395 5138 Καθ’
1422 5080 1657 5149 ἑκάστην
1682 5078 1893 5153 ήμέραν

322 5183 605 5252 εὐλογήσω
637 5196 717 5241 σε,
746 5179 840 5231 καὶ
865 5178 1065 5232 αἰνέσω
1093 5175 1153 5227 τὸ
1181 5174 1353 5245 ὄνομά
1390 5190 1483 5227 σου
1505 5173 1584 5234 εἰς
1611 5168 1701 5222 τὸν
1723 5169 1909 5223 αἰῶνα·

324 5274 421 5327 καί
440 5275 519 5335 εἰς
541 5274 631 5326 τὸν
664 5270 939 5326 αἰῶνατοῦ
962 5268 1175 5332 αἰῶνος.
1198 5266 1545 5332 Καταξίωσον
1565 5305 1579 5331 ,
1618 5262 1811 5333 Κύριε,
1837 5265 1895 5316 ὲν

326 5367 394 5435 τῇ
436 5365 620 5437 ἡμέρᾳ
664 5362 836 5435 ταύτῃ
883 5360 1296 5434 ἀναμαρτήτους
1346 5357 1701 5429 φυλαχθῆναι,
1725 5355 1892 5425 ἡμᾶς.

327 5457 633 5527 Εὐλογητὸς
662 5453 728 5523 εἰ,
773 5454 967 5525 Κύριε,
998 5457 1028 5508 6
1054 5454 1183 5518 Θεὸς
1204 5450 1457 5521 πατέρων
1484 5450 1661 5522 ήμῶν,
1685 5446 1780 5500 καὶ
1807 5448 1896 5500 αἰ-

328 5547 483 5606 νετὸν
512 5549 605 5602 καὶ
626 5544 1005 5618 δεδοξασμένον
1024 5545 1086 5599 τὸ
1107 5542 1280 5615 δνομά
1302 5557 1395 5595 σου
1426 5542 1506 5605 εἰς
1531 5540 1655 5602 τοὺς
1669 5536 1892 5601 αἰῶνας.

341 5642 536 5713 ’Δμήν.
555 5641 791 5704 Γένοιτο,
825 5638 1018 5710 Κύριε,
1042 5637 1104 5690 τὸ
1150 5636 1298 5699 ἔλεός
1332 5650 1425 5688 σου
1451 5635 1537 5703 ἐφ’
1567 5632 1732 5704 ἡμᾶς,
1764 5628 1896 5681 καθ-

327 5735 474 5804 άπερ
492 5730 798 5802 ήλπίσαμεν
817 5731 909 5782 ἐπὶ
926 5728 1027 5782 σοί.
1053 5725 1353 5799 Εὐλογητὸς
1370 5718 1440 5790 εἴ,
1467 5722 1661 5797 Κύριε,
1685 5715 1893 5782 δίδαξόν

332 5842 401 5899 με
427 5824 493 5878 τὰ
526 5823 866 5897 δικαιώματά
885 5839 994 5877 σου.
1570 5812 1663 5866 Ἐκ
1685 5810 1889 5883 τρίτου.

1999 4253 2237 4308 minibus
2261 4250 2400 4304 bona
2434 4246 2701 4300 voluntas.
2739 4238 3045 4292 Laudamus
3076 4243 3150 4297 te,
3182 4230 3553 4285 banedicimus

1998 4353 2074 4409 te,
2105 4342 2395 4395 adoramus
2421 4342 2473 4388 te
2493 4372 2509 4398 ,
2547 4331 2911 4403 gloriﬁcamus
2960 4334 3011 4379 te
3035 4364 3051 4390 ,
3083 4322 3286 4394 gratias
3342 4320 3554 4391 agimus

1998 4408 2095 4490 tibi
2126 4439 2343 4502 pr0pter
2384 4439 2636 4495 magnam
2668 4422 2894 4493 gloriam
2947 4427 3094 4473 tuam
3121 4433 3135 4483 ;
3166 4413 3394 4469 Domine
3447 4408 3563 4464 Rex

1996 4501 2257 4585 caelestis,
2295 4519 2436 4573 Deus
2460 4527 2618 4587 pater
2646 4512 3026 4580 omnipotens;
3060 4505 3283 4560 Domine
3306 4501 3411 4556 Fili
3444 4501 3566 4554 uni-

1997 4615 2178 4686 genite
2228 4610 2357 4666 Jesu
2406 4609 2663 4667 Christe,
2700 4615 2756 4658 et
2790 4611 2980 4658 sancte
3026 4598 3286 4669 Spiritus.
3339 4592 3566 4648 Domine

1997 4709 2164 4771 Deus,
2192 4705 2377 4776 Agnus
2409 4702 2522 4763 Dei,
2553 4698 2721 4753 Filius
2750 4694 2952 4757 Patris,
2979 4691 3073 4761 qui
3105 4687 3249 4743 tollis
3276 4694 3558 4757 peccatum

1998 4798 2209 4863 mundi,
2249 4795 2463 4864 suscipe
2493 4789 2931 4856 deprecationem
2968 4790 3213 4837 nostram
3242 4798 3256 4835 :
3289 4777 3379 4847 qui
3412 4776 3568 4830 sedes

1997 4891 2065 4946 ad
2116 4891 2395 4945 dexteram
2437 4884 2617 4938 Patris
2643 4922 2659 4947 ,
2694 4882 2954 4935 miserere
2989 4876 3187 4931 nobis:
3221 4870 3475 4940 quoniam
3510 4879 3567 4921 tu

2000 4980 2149 5038 solus
2180 4986 2401 5036 sanctus
2424 5015 2439 5042 ,
2469 4983 2527 5029 tu
2559 4973 2709 5030 solus
2737 4970 2996 5026 Dominus
3025 4964 3185 5020 Jesus
3232 4960 3485 5016 Christus
3511 4959 3565 5013 in

1998 5076 2167 5148 gloria
2200 5074 2294 5129 Dei
2324 5070 2521 5127 Patris.
2552 5069 2746 5122 Amen.
2776 5062 2933 5120 Omni
2978 5058 3066 5112 die
3107 5055 3424 5148 benedicam
3453 5059 3523 5148 ἰθ
3548 5089 3565 5115 ,

1999 5138 2309 5223 ἕιἸσυᾱοὶιο
2337 5176 2537 5218 nomen
2576 5168 2726 5212 tuum
2755 5155 2808 5208 in
2850 5148 3108 5204 saeculum
3141 5155 3197 5199 et
3224 5144 3276 5197 in
3306 5138 3561 5195 saeculum

2000 5257 2204 5313 saeculi.
2237 5254 2487 5323 Dignare,
2536 5246 2761 5302 Domine
2785 5281 2801 5308 ,
2828 5241 2914 5296 die
2946 5242 3049 5293 Isto
3079 5237 3197 5291 sine
3221 5238 3443 5301 peccato
3472 5244 3569 5283 nos

2000 5348 2298 5406 custodire.
2350 5343 2675 5417 Benedictus
2712 5354 2772 5394 es
2800 5377 2816 5403 ,
2851 5334 3081 5393 Domine
3137 5328 3282 5383 Deus
3346 5335 3565 5397 patrum

2001 5451 2335 5503 nostrorum,
2364 5446 2420 5491 et
2449 5434 2719 5489 laudabile
2756 5441 2811 5487 et
2844 5426 3138 5500 gloriosum
3183 5432 3380 5475 nomen
3414 5425 3566 5468 tuum

2000 5532 2054 5586 in
2095 5532 2314 5587 sarcula.
2339 5531 2534 5584 Amen.
2565 5518 2710 5588 Fiat,
2745 5521 2997 5581 Domine,
3042 5507 3420 5572 misericordia
3476 5516 3568 5562 tua

2001 5639 2162 5696 super
2198 5639 2317 5689 nos,
2359 5618 2813 5693 quemadmodum
2842 5609 3185 5683 speravimus
3210 5604 3263 5661 in
3288 5610 3361 5655 te.
3386 5598 3575 5657 Benee

2001 5716 2175 5774 dictus
2196 5732 2279 5784 es,
2310 5715 2554 5781 Domine,
2580 5714 2713 5772 doce
2760 5724 2846 5766 tne
2892 5700 3483 5842 jtistilicationesTtuas.

3342 5792 3483 5840 οτιιιι

3342 5792 3560 5840 artium.
