4058 6444
518 393 781 433 CCCLXVIII

1865 382 2395 440 PROLEGUMENA.

590 498 715 554 208.
766 498 1009 566 Domine,
1056 501 1319 572 refugium
1369 502 1540 559 factus
1587 519 1647 559 es
1692 506 1848 562 nobis
1890 507 1948 561 in
1989 520 2080 576 ge-

2258 504 2449 577 Κύριε,
2500 505 2786 577 καταφυγὴ
2843 504 3104 578 ὲγενήθης
3157 507 3286 577 ἡμῖν
3342 507 3402 560 ὲν
3460 508 3625 578 γενεᾷ
3668 506 3765 561 καὶ

517 592 801 645 neratione
833 598 888 645 et
915 595 1283 660 generatione.
1311 594 1420 664 Ego
1475 596 1606 661 dixi,
1637 595 1883 661 Domine,
1913 598 2081 652 mise-

521 694 641 735 rere
678 681 823 749 mei,
872 696 1005 737 sana
1056 686 1293 738 animam
1335 700 1529 749 meam,
1560 689 1687 754 quia
1720 689 1935 758 peccavi
1964 691 2082 746 tibi.

515 770 762 839 Domine,
790 774 859 829 ad
901 785 953 830 te
983 778 1201 846 confugi
1227 817 1243 842 ,
1271 778 1402 834 doce
1430 794 1516 832 me
1542 780 1727 834 facere
1757 778 2084 837 voluntatem

508 874 687 932 tuam,
716 867 844 937 quia
886 876 943 922 tu
984 883 1044 923 es
1069 869 1205 924 Deus
1229 885 1409 937 meus;
1438 872 1564 941 quia
1597 872 1737 940 apud
1772 881 1825 926 te
1856 882 1939 927 est
1968 873 2087 929 fons

516 954 647 1011 vita:
678 996 695 1022 ,
734 959 786 1010 in
851 956 1052 1012 lumine
1100 968 1192 1013 tuo
1238 960 1543 1016 videbimus
1599 960 1801 1017 lumen.
1847 961 2088 1018 Extende

519 1044 950 1103 misericordiam
1003 1051 1456 1122 cognoscentibus
1506 1059 1579 1107 te.
1628 1051 1860 1107 Sanctus
1913 1054 2082 1120 Deus,

519 1152 739 1195 sanctus
796 1142 953 1198 fortis
980 1185 996 1209 ,
1020 1154 1241 1199 sanctus
1296 1144 1615 1199 immortalis
1637 1183 1653 1209 ,
1692 1144 1953 1200 miserere
1986 1160 2083 1198 no.

516 1228 621 1284 bis.
1814 1234 2082 1289 Tertium.

664 1322 845 1378 Gloria
1688 1327 1757 1382 Et
1776 1341 1939 1382 nunc.

587 1407 821 1463 Sanctus
855 1409 1171 1465 immortalis
1200 1412 1454 1471 miserere
1494 1416 1669 1472 nobis.

583 1499 789 1555 Deinde
817 1500 1031 1554 clariori
1072 1517 1199 1557 voce

583 1590 817 1646 Sanctus
876 1594 1037 1656 Deus,
1095 1606 1313 1652 sanctus
1362 1598 1538 1669 fortis,
1594 1607 1815 1655 sanctus
1864 1598 2085 1653 immor-

511 1681 658 1747 talis,
691 1684 950 1738 miserere
974 1684 1148 1741 nobis.

583 1813 763 1859 Louis.
818 1803 947 1855 Illud
995 1814 1169 1856 antem

2198 596 2372 664 γενεᾷ.
2435 593 2574 663 Ἐγὼ
2624 591 2774 648 εἶπαι
2814 594 3007 666 Κύριε,
3073 594 3293 666 ἐλέησόν
3339 612 3430 667 με,
3476 596 3628 650 ῐασαι
3667 597 3767 670 τὴν

2186 687 2365 757 ψυχήν
2388 704 2510 757 μου,
2540 688 2883 757 ὃτιῆμαρτόν
2915 704 3015 739 σοι.
3049 686 3242 759 Κύριε,
3275 687 3411 759 πρὸς
3438 688 3497 741 σὲ
3527 689 3770 759 κατέφυ-

2190 795 2305 847 γον,
2344 777 2547 842 δίδαξόν
2579 796 2644 848 με
2667 778 2726 831 τὸ
2754 780 2927 831 ποιεῖν
2954 777 3013 830 τὸ
3044 778 3259 848 θέλημά
3279 795 3393 831 σου·
3432 780 3513 832 ὅτι
3541 780 3607 833 σὺ
3648 777 3698 833 εἴ
3737 784 3769 835 ό

2186 869 2323 933 Θεός
2368 887 2491 940 μου,
2521 869 2603 922 ὅτι
2626 869 2774 940 παρὰ
2806 868 2887 921 σοὶ
2924 868 3078 940 πηγὴ
3110 868 3277 939 ζωῆς,
3297 872 3355 925 ὲν
3377 869 3456 941 τῷ
3484 871 3623 941 φωτί
3670 889 3765 925 σου

2189 959 2436 1032 ὀψόμεθα
2489 958 2623 1029 φῶς.
2656 959 2990 1030 Παράτεινον
3039 956 3103 1013 τὸ
3147 959 3295 1023 ἔλεός
3340 977 3433 1014 σου
3466 964 3579 1025 τοῖς
3602 962 3769 1031 γινώ-

2192 1048 2382 1104 σκουσί
2418 1066 2497 1101 σε.
2532 1049 2718 1116 Ἀγιος
2750 1050 2778 1101 ὁ
2807 1048 2960 1113 Θεὸς,
2991 1046 3143 1118 ἁγιος
3187 1050 3421 1121 ἰσχυρὸς,
3451 1048 3604 1119 ἅγιος
3631 1051 3767 1105 ἀθά-

2190 1158 2369 1205 νατος,
2400 1138 2620 1210 ἐλέησον
2652 1139 2815 1211 ἡμᾶς.
3585 1142 3765 1211 Ἐκγκ

2326 1316 2486 1382 Δόξα.

2254 1410 2442 1478 Ἄγιος
2471 1408 2759 1473 ἀθάνατος,
2802 1409 3021 1483 ἐλέησον
3045 1410 3213 1482 ἡμᾶς’

2254 1498 2387 1554 Εἶτα
2423 1502 2767 1573 γεγωνοτέρᾳ
2795 1506 2967 1574 φωνῇ.

2259 1593 2451 1661 ’Ἄγιος
2499 1596 2528 1647 ὀ
2580 1595 2735 1660 Θεὸς,
2776 1592 2931 1664 ἁγιος
2979 1593 3218 1668 ἰσχυρὸς,
3269 1590 3425 1664 ἅγιος
3472 1591 3762 1657 ἀθάνατος,

2190 1687 2412 1757 ἐλέησον
2444 1688 2608 1757 ἡμᾶς.

3352 1314 3465 1371 Καὶ
3501 1314 3618 1371 νῦν.

1213 1798 1659 1873 (ιιιοιιρᾱάἰιιιτε
1699 1822 1716 1855 ι
1757 1802 1927 1858 Datur
1985 1818 2092 1859 sam

2191 1819 2235 1856 m
2288 1802 2467 1856 oleum
2514 1800 2821 1856 fratribus:
2866 1817 2885 1852 I
2918 1799 3087 1873 fusius
3147 1797 3459 1873 explicatur
3520 1798 3574 1853 in
3615 1798 3766 1873 ejus-

517 1874 640 1943 dem
682 1875 868 1943 'i‘ypici
925 1876 1101 1942 capite
1142 1873 1209 1928 12
1233 1867 1320 1929 ἀι]
1349 1873 1422 1929 26
1461 1874 1819 1943 Septembris,
1843 1890 1968 1930 cum
2020 1873 2193 1929 Graeci
2245 1874 2432 1928 colunt
2483 1873 2887 1926 translationem
2947 1868 3008 1926 S.
3036 1867 3267 1938 apostoli
3318 1879 3375 1922 et
3417 1868 3764 1937 evangelista:

513 1941 760 1998 Joannis.

581 2035 705 2089 209.
752 2034 1015 2090 Sacerdos
1052 2038 1304 2105 lampade
1351 2037 1674 2106 praelucente
1717 2038 1850 2105 abit,
1896 2037 2081 2091 incen-
2116 2047 2158 2100 Β

2264 2036 2323 2087 '0
2380 2035 2579 2106 ἱερεὺς,
2659 2048 3141 2105 προπορευομενης
3207 2030 3374 2084 αὐτοῦ
3456 2028 3764 2098 λαμπάδος,

511 2135 700 2195 satque
729 2128 1011 2195 imaginem
1050 2129 1246 2180 sancti.
1290 2127 1489 2182 Deinde
1528 2144 1592 2183 ex
1627 2130 1867 2196 ejusdem
1911 2128 2085 2182 sancti

2191 2126 2486 2197 ἀπέρχεται
2520 2123 2615 2178 καὶ
2638 2124 2807 2193 θυμιᾷ
2843 2123 2941 2194 τὴν
2968 2123 3152 2177 εἰκόνα
3182 2120 3278 2175 τοῦ
3320 2119 3501 2187 ἁγίου.
3529 2112 3642 2173 Εἴθ’
3671 2115 3768 2170 οὕ-

512 2217 762 2285 lampade
802 2220 892 2268 dat
921 2217 1097 2270 oleum
1142 2228 1451 2273 sanctorum
1501 2218 1779 2273 fratribus.
1809 2218 1866 2273 Si
1903 2227 2085 2271 autem

2191 2236 2294 2281 τως
2338 2218 2643 2270 ἐπιδίδωσιν
2690 2215 2843 2284 ἁγιον
2889 2214 3069 2269 ἔλαιον
3116 2216 3181 2268 ὲκ
3217 2215 3319 2285 τῆς
3360 2211 3632 2281 κανδήλας
3666 2207 3762 2262 τοῦ

511 2322 709 2375 pmses
738 2308 1038 2362 sacerdotio
1070 2309 1308 2363 initiatus
1350 2311 1442 2372 sit,
1486 2310 1600 2377 ipse
1646 2308 1841 2361 fratres
1875 2309 2085 2376 inungit

2191 2308 2343 2376 ἁγίου
2377 2312 2493 2372 τοῖς
2532 2306 2885 2377 ἁδελφοῖς.Εί
2914 2303 3265 2375 δὲπροεστὼς
3298 2303 3524 2373 ἠξίωται
3558 2301 3656 2370 τῆς
3693 2301 3768 2351 ἱε-

512 2409 828 2453 consecrato
864 2399 951 2452 illo
978 2399 1118 2465 oleo,
1160 2400 1430 2469 intingens
1478 2401 1614 2456 duos
1642 2400 1859 2470 digitos,
1897 2409 1952 2454 et
1979 2414 2083 2454 non

512 2504 677 2543 unum
713 2491 992 2545 duntaxat.

2193 2400 2460 2472 ρωσύνης,
2504 2401 2665 2464 αὐτὸς
2722 2388 2995 2470 ἐπιχρίσει
3030 2398 3157 2460 τοὺς
3208 2394 3470 2463 ἀδελφοὺς
3508 2392 3616 2447 ἀπὸ
3666 2391 3767 2462 τῆς

2191 2492 2440 2560 τοιαύτης
2466 2492 2738 2561 εὐλογίας,
2778 2490 3072 2561 ἐμϐάπτων
3102 2489 3226 2552 τοὺς
3250 2485 3442 2541 ἑαυτοῦ
3469 2485 3766 2547 δακτύλους

2192 2581 2316 2642 τοὺς
2342 2579 2454 2645 δύο,
2488 2582 2580 2633 καὶ
2602 2581 2722 2650 οὐχὶ
2741 2581 2833 2633 τὸν
2852 2579 2969 2634 ἕνα..

584 2685 661 2737 Ac
688 2698 757 2738 ne
791 2684 913 2754 quis
941 2695 1089 2754 putet
1114 2687 1217 2743 hoc
1248 2699 1458 2745 tantum
1490 2691 1605 2746 ﬂeri
1636 2694 1795 2749 istius
1816 2694 2212 2751 Translationis
2244 2695 2405 2759 festo,
2426 2710 2549 2749 mox
2576 2695 2921 2765 subiungitur
2953 2712 2968 2748 ι

581 2773 661 2830 Ex
690 2777 789 2830 hac
826 2780 988 2848 igitur
1014 2790 1139 2834 nota
1195 2779 1455 2851 intellige,
1495 2785 1621 2852 quid
1675 2785 1789 2839 lieri
1838 2794 2089 2855 oporteat

511 2864 675 2918 etiam
706 2867 828 2921 aliis
877 2878 1189 2923 sanctorum
1239 2870 1433 2937 festis,
1473 2872 1669 2941 quibus
1713 2876 1870 2928 datur
1904 2876 2083 2930 oleum

512 2967 781 3012 sanctum.
822 2959 913 3012 Sic
943 2970 1126 3015 autem
1165 2962 1504 3019 celebramus
1547 2965 1685 3021 festa
1720 2969 1926 3035 omnia,
1950 2984 2086 3038 quo-

513 3064 634 3103 rum
674 3051 952 3123 pervigilia
980 3062 1233 3124 aguntur.

2269 2784 2364 2837 Ἐκ
2416 2784 2615 2839 τούτου
2644 2778 2763 2852 ⁹οὗν
2811 2784 3038 2854 σημείου
3093 2785 3395 2855 σημείωσαι
3434 2783 3527 2835 καὶ
3558 2783 3613 2833 ὲν
3643 2782 3768 2844 ἁαϊς

2187 2879 2375 2943 ἄλλαις
2428 2880 2639 2951 ἑορταῖς
2668 2876 2776 2931 τῶν
2810 2876 3002 2945 ἁγίων,
3037 2876 3098 2929 ὲν
3140 2871 3229 2939 αἷς
3280 2876 3481 2928 δίδοται
3510 2873 3571 2924 τὸ
3610 2873 3767 2940 ἅγιον

2193 2970 2390 3025 ἔλαιον·
2441 2972 2535 3024 καὶ
2582 2970 2755 3034 οὕτως
2805 2967 3137 3043 ἑορτάζομεν
3184 2969 3365 3032 πάσας
3420 2964 3611 3037 ἑορτάς
3655 2962 3767 3016 τῶν

2189 3063 2379 3126 ἁγίων,
2412 3064 2469 3115 ὲν
2508 3058 2595 3125 αἷς
2626 3062 2867 3131 γίνονται
2905 3060 3224 3136 ἀγρυπνίαι.

583 3167 906 3226 Philotlteus
944 3172 1217 3227 unctionis
1240 3174 1385 3228 illius
1410 3173 1575 3226 ritum
1608 3172 1682 3225 ita
1718 3174 1979 3228 oescribit
2002 3174 2054 3228 in
2080 3179 2272 3233 ordine
2304 3180 2445 3233 sacri
2489 3180 2803 3243 ministerii,
2831 3181 2942 3250 jam
2976 3196 3123 3250 saepe
3155 3180 3402 3249 allegato.

580 3264 706 3318 210.
759 3266 911 3331 Quod
958 3268 1003 3320 si
1046 3267 1248 3321 Christi
1295 3267 1509 3322 Domini
1550 3267 1743 3322 festum
1783 3268 1868 3323 vel
1906 3273 2084 3340 magni

2262 3275 2324 3329 Et
2373 3275 2472 3346 μέν
2522 3276 2639 3326 ἐστι
2666 3275 2970 3345 Δεσποτικὴ
3026 3276 3208 3346 ἑορτὴ,
3252 3276 3285 3345 ἢ
3325 3273 3563 3344 μεγάλου
3607 3268 3769 3340 ἁγίου

512 3352 735 3423 alicujus
776 3355 948 3410 sancti
1002 3357 1260 3410 memoria
1295 3357 1495 3425 agitur,
1532 3358 1692 3411 datur
1741 3368 1795 3413 et
1826 3370 2075 3415 sanctum

512 3445 686 3500 oleum
721 3447 819 3501 hoc
870 3460 1048 3516 pacto.
1081 3447 1345 3505 Omnibus
1404 3449 1473 3503 ad
1526 3450 1700 3504 sancti
1752 3449 2086 3521 imaginem,

518 3551 642 3604 quae
685 3537 1002 3591 honoranda
1039 3542 1381 3607 proponitur,
1420 3540 1823 3599 confluentibus
1868 3555 1924 3599 et
1952 3560 2085 3599 can-

519 3626 781 3691 tantibus,
800 3625 1059 3681 diaconus
1091 3628 1213 3682 thus
1240 3628 1416 3683 adolet
1446 3631 1498 3683 in
1523 3630 1778 3695 circuitu,
1804 3646 1834 3684 a
1857 3632 2088 3702 praeside

514 3716 815 3786 incipiens,
844 3732 909 3771 eo
941 3719 1143 3773 honore
1187 3720 1338 3789 prius
1388 3722 1564 3776 sancti
1618 3722 1838 3792 imagini
1882 3724 2087 3778 habito.

518 3812 787 3867 Sacerdos
836 3825 1016 3867 autem
1046 3856 1061 3880 ,
1111 3826 1261 3870 stans
1312 3816 1378 3870 ad
1427 3816 1567 3870 latus
1620 3816 1911 3886 imaginis,
1945 3827 2092 3871 tenet

517 3903 805 3957 vasculum
838 3942 854 3969 ,
910 3912 968 3958 et
1018 3908 1341 3959 accedentes
1380 3906 1591 3975 inungit
1643 3907 1698 3959 in
1751 3905 1970 3971 fronte,
2026 3922 2092 3961 ac

518 3994 814 4049 benedicit.
853 3992 986 4050 Cum
1032 4006 1213 4050 autem
1266 4010 1464 4051 omnes
1497 3996 1704 4052 inuncti
1734 4005 1879 4063 sunt,
1912 3996 2091 4053 excla-

517 4097 630 4141 mat
654 4104 669 4141 :

598 4181 801 4235 Exaudi
856 4196 978 4245 nos,
1015 4183 1180 4245 Deus,
1212 4189 1461 4235 servator
1477 4188 1682 4246 noster,
1709 4197 1831 4252 spes
1851 4182 2090 4238 omnium

518 4276 711 4331 finium
745 4289 925 4343 terrae,
960 4284 1016 4329 et
1051 4291 1237 4330 eorum
1268 4277 1361 4345 qui
1395 4284 1525 4331 sunt
1565 4275 1619 4329 in
1654 4276 1788 4329 mari
1817 4277 2007 4347 longe;
2038 4287 2093 4335 et

517 4368 811 4439 propitius,
841 4369 1110 4439 propitius
1144 4379 1262 4423 esto
1286 4371 1525 4440 peccatis
1556 4368 1783 4436 nostris,
1817 4371 2092 4440 nostrique

520 4461 801 4517 miserere.

596 4558 768 4622 Atque
802 4552 996 4605 iterum
1032 4549 1295 4602 exclamat
1317 4566 1330 4602 :

598 4643 913 4697 Misericors
974 4649 1135 4708 atque
1217 4638 1491 4693 hominum
1563 4657 1749 4696 amans
1796 4643 1939 4699 Deus
1984 4656 2045 4696 es
2076 4682 2091 4707 ,
2126 4626 2174 4684 υ

519 4748 575 4793 et
629 4735 724 4789 tibi
761 4733 1035 4789 reddimus
1070 4730 1299 4801 gloriam
1333 4768 1351 4795 ,
1383 4730 1557 4798 Patri,
1586 4743 1641 4787 et
1673 4734 1831 4803 Filio,
1854 4746 1910 4791 et
1969 4735 2094 4805 Spi-

522 4827 648 4882 ritui
679 4835 892 4889 sancto,
923 4840 1065 4878 nunc
1095 4832 1150 4879 et
1180 4836 1396 4893 semper
1436 4835 1492 4878 et
1526 4826 1577 4878 in
1613 4828 1809 4882 saecula
1862 4827 2093 4884 saeculo-

525 4934 665 4975 rum.

594 5012 716 5065 211.
759 5013 894 5065 Dato
917 5011 1029 5080 jam
1066 5020 1251 5064 sancto
1290 5008 1430 5074 oleo,
1484 5008 1544 5063 fit
1606 5010 1840 5079 perfecta
1901 5011 2089 5068 dimis-

525 5118 628 5159 SIO.

2192 3366 2405 3438 μνήμη,
2458 3364 2661 3419 δίδοται
2708 3364 2804 3419 καὶ
2826 3362 2887 3417 τὸ
2920 3364 3072 3432 ἁγιον
3115 3365 3291 3418 ἔλαιον
3315 3364 3506 3426 οὕτως·
3538 3363 3768 3416 Πάντων

2191 3457 2574 3530 συναγομένων
2606 3456 2836 3530 πλησίον
2882 3455 2983 3528 τῆς
3004 3454 3211 3515 εἰκόνος
3243 3453 3338 3506 τοῦ
3379 3457 3771 3525 προσκυνήμα-

2188 3569 2298 3615 τος,
2327 3551 2422 3605 καὶ
2448 3550 2780 3621 ψαλλόντων,
2804 3552 2832 3605 ὁ
2862 3550 2957 3622 μὲν
2972 3548 3216 3611 διάκονος
3250 3547 3416 3617 θυμιᾷ
3435 3546 3639 3617 κύκλῳ,
3660 3546 3767 3599 άπὸ

2188 3643 2282 3697 τοῦ
2330 3643 2671 3716 προεστῶτος
2722 3644 3048 3716 ἀρξάμενος,
3103 3640 3319 3713 πρῶτον
3355 3637 3626 3709 θυμιάσας
3667 3637 3768 3708 τὴν

2190 3738 2372 3792 είκόνα
2409 3738 2504 3792 τοῦ
2541 3739 2714 3807 ἁγίου·
2734 3741 2761 3792 ὁ
2781 3739 2837 3791 δὲ
2864 3741 3060 3810 ἱερεὺς,
3083 3738 3369 3809 ἱστάμενος
3399 3734 3641 3803 πλαγίως
3668 3733 3769 3802 τῆς

2192 3830 2419 3893 είκόνος,
2456 3830 2701 3901 κατέχων
2726 3830 3015 3901 ἁλειπτρον
3031 3828 3175 3900 χρίει
3195 3829 3320 3893 τοὺς
3352 3826 3675 3900 προσιόντας
3708 3826 3767 3877 ἐν

2193 3919 2272 3991 τῷ
2304 3920 2557 3992 μετώπῳ,
2587 3923 2680 3976 καὶ
2706 3920 2939 3991 εὐλογεῖ.
2964 3922 3135 3976 Ὀταν
3168 3920 3224 3975 δὲ
3257 3918 3518 3992 χρισθῶσι
3544 3918 3766 3981 πάντες,

2192 4011 2445 4079 ἐκφωνεῖο

2271 4185 2605 4239 Ἐπάκουσον
2641 4184 2817 4256 ἡμῶν,
2858 4187 2886 4237 ὁ
2930 4184 3082 4245 Θεὸς,
3103 4183 3335 4252 ὁΣωτὴρ
3360 4179 3534 4251 ἡμῶν,
3563 4179 3769 4250 ήὲλπὶς

2194 4280 2413 4334 πάντων
2460 4279 2568 4332 τῶν
2596 4276 2847 4350 περάτων
2871 4275 2968 4347 τῆς
3001 4275 3125 4345 γῆς,
3171 4272 3266 4326 καὶ
3294 4272 3401 4325 τῶν
3434 4273 3490 4324 ὲν
3521 4269 3771 4342 θαλάσσῃ

2197 4373 2432 4445 μακράν·
2468 4373 2563 4426 καὶ
2593 4369 2749 4434 ἵλεως
2781 4368 2937 4439 γενοῦ
2974 4367 3064 4421 ἐπὶ
3097 4367 3217 4430 ταῖς
3250 4364 3540 4435 ἁμαρτίαις
3580 4362 3761 4436 ἡμῶν,

2198 4465 2419 4534 ἐλέησον
2448 4465 2612 4535 ἡμᾶς.

2264 4556 2374 4608 Καὶ
2397 4558 2647 4624 ὲκφωνεῖο

2280 4647 2556 4715 Ἐλεήμων
2596 4646 2703 4718 γὰρ
2748 4644 2843 4698 καὶ
2907 4633 3283 4717 (ῥιλάνθρωπος
3321 4642 3453 4704 Θεὸς
3479 4640 3767 4711 ὑπάρχεις,

2200 4738 2292 4790 καὶ
2326 4738 2408 4790 σο)⁵
2436 4738 2533 4807 τὴν
2577 4738 2734 4803 δόξαν
2767 4734 3180 4806 ἁναπέμτωμεν,
3210 4736 3288 4806 τῷ
3318 4735 3511 4803 Πατρὶ,
3545 4735 3639 4787 καὶ
3687 4735 3766 4803 τῷ

2200 4826 2340 4898 Υίῷ,
2378 4828 2471 4881 καὶ
2494 4830 2571 4900 τῷ
2604 4830 2744 4898 ἁγίῳ
2772 4826 3069 4899 Πνεύματι,
3102 4827 3197 4883 νῦν
3251 4827 3346 4879 καὶ
3386 4825 3493 4894 ἀεὶ,
3534 4826 3628 4879 καὶ
3685 4828 3765 4887 εἰς

2199 4919 2325 4980 τοὺς
2350 4918 2548 4985 αἰῶνας
2575 4921 2685 4973 τῶν
2718 4915 2945 4975 αἰώνων.

2269 5011 2420 5066 Μετὰ
2468 5014 2531 5065 τὸ
2574 5010 2755 5065 δοῦναι
2803 5012 2863 5064 τὸ
2904 5012 3056 5081 ἅγιον
3083 5010 3277 5076 ἔλαιον,
3322 5010 3530 5081 γίνεται
3586 5006 3767 5062 τελεία

2206 5103 2483 5167 ἀπόλυσις.

604 5221 787 5299 (gelu.
819 5217 945 5273 llaec
970 5228 1096 5299 sunt
1122 5218 1285 5299 verba
1322 5218 1505 5299 Typici
1544 5218 1709 5299 sil-.29
1737 5218 2212 5299 Septembris-cap.
2251 5220 2339 5299 12,
2372 5235 2531 5289 supra
2562 5218 3007 5299 allegato.0na_re
3034 5228 3211 5299 autem
3245 5221 3332 5274 hic
3348 5219 3558 5299 dicatur
3585 5218 3763 5272 τελεια

529 5291 792 5368 ἀπόλυσις
830 5308 848 5339 ι
890 5288 1130 5368 perfecta
1158 5287 1422 5368 dimissio,
1469 5307 1489 5341 ι
1521 5289 1701 5368 colligi
1728 5297 1906 5368 potest
1946 5304 2009 5343 ex
2043 5287 3044 5368 dissertationenostra‘pnomastica,
3077 5292 3163 5343 ubi
3185 5304 3351 5368 _nnm.
3376 5288 3619 5368 56‘illius
3642 5305 3761 5368 .no:

530 5360 880 5417 menclaturm
914 5360 1054 5412 ratio
1113 5375 1216 5412 non
1267 5360 1498 5413 obscure
1544 5360 1765 5413 cuilibet
1810 5359 2127 5413 innotescel.
2164 5360 2327 5428 Igitur
2358 5360 2539 5413 τελεία
2570 5360 2829 5423 ἀπόλυσις
2860 5362 2945 5414 hic.
2973 5374 3079 5412 non
3120 5360 3293 5414 solum
3320 5368 3405 5412 est
3440 5357 3561 5413 linis
3602 5358 3761 5411 ollicii

533 5429 923 5499 ecclesiastici,
948 5444 1130 5482 verum
1158 5429 1327 5499 etiam
1362 5428 1608 5483 dimissiu
1642 5429 1843 5499 populi.
1881 5428 1941 5499 Et
1971 5426 2521 5496 qnoniarit’sacenlos
2551 5432 2741 5483 solitus
2767 5441 2851 5484 est
2880 5430 3198 5482 dimittenda
3228 5428 3426 5497 populo
3460 5430 3597 5483 bene
3631 5443 3758 5496 pre-

533 5502 671 5559 cari,
702 5501 814 5567 ipsa
858 5498 945 5569 illa
977 5498 1201 5551 formula
1238 5500 1492 5567 precandi
1535 5498 1653 5552 non
1673 5515 1794 5552 raro
1822 5498 2085 5563 ἀπόλυσις
2111 5507 2325 5569 quuqn‘e
2357 5510 2713 5568 nuncupatur.
2732 5501 2815 5554 De
2850 5499 3075 5552 formula
3114 5501 3202 5553 illa
3233 5515 3401 5568 pauca
3429 5499 3777 5560 disseremus

535 5569 786 5632 inferius,
820 5568 905 5620 hic
941 5584 1065 5619 vero
1096 5569 1160 5620 de
1189 5569 1275 5631 iis,
1307 5582 1425 5635 quae
1456 5569 1599 5621 illam
1628 5570 1801 5623 solent
1835 5570 2078 5636 proxime
2113 5568 2433 5637 praecedere.

607 5637 735 5693 212.
766 5637 1022 5693 Absoluta
1048 5638 1775 5711 superiore'exclamatione,
1812 5638 1995 5693 Statim
2028 5641 2110 5709 (ut
2140 5648 2225 5694 est
2254 5641 2393 5706 apud
2414 5637 2774 5710 Philotbeum)
2802 5642 2878 5694 ait
2910 5641 3194 5696 sacerdos:

606 5731 720 5787 Pax
766 5732 1033 5787 omnibus.
1112 5730 1377 5788 Diaconus
1430 5747 1556 5787 vero
1604 5753 1617 5788 :
1674 5734 1861 5804 Capita
1908 5744 2093 5789 nostra

2296 5739 2337 5787 Ο
2404 5735 2601 5805 ἱερεύς
2680 5737 2885 5807 Εἰρήνη
2954 5738 3107 5789 πᾶσι.
3188 5735 3247 5787 ’0
3330 5729 3601 5800 διάκονος·
3656 5733 3765 5797 Τὰς

540 5824 771 5880 Domino
842 5821 1182 5880 inclinemus.
1259 5825 1325 5880 Et
1373 5826 1622 5883 sacerdos
1690 5837 1900 5885 secreto
1978 5829 2092 5883 sub-

2201 5826 2442 5895 κεφαλὰς
2471 5829 2626 5896 ἡμῶν
2659 5828 2737 5897 τῷ
2764 5828 2949 5898 Κυρίῳ
2990 5828 3276 5897 κλίνωμεν.
3337 5830 3446 5881 Καὶ
3494 5831 3547 5880 ὁ.
3590 5827 3769 5895 ἱερεὺς
