4058 6448
1354 395 1751 447 ΛιλυιιιίἰιιΛ
1795 396 1844 444 Ἰη

1947 396 2130 446 ἰιευιδ
2167 395 2363 449 FES'l‘l
3286 412 3507 453 cccuix

274 504 422 575 λέγει
469 505 565 578 τὴν
615 505 780 578 εὐχὴν
838 520 1130 573 μυστικως·
1182 502 1349 576 λύριε
1393 504 1534 572 ἅγιε,
1569 506 1597 557 ὁ
1632 505 1687 555 ὲν
1714 504 1844 575 ὑψη-

1947 504 2124 574 jungit
2175 504 2476 561 orationem
2540 525 2553 560 :
2598 503 2823 563 Domine
2858 513 3081 569 sancte,
3140 505 3227 574 qui
3285 524 3336 561 Ill
3389 509 3513 561 altis

276 598 388 661 λοῖς
412 600 698 664 κατοικῶν,
730 595 824 651 καὶ
844 595 911 649 τὰ
932 596 1162 651 ταπεινὰ
1189 596 1420 667 ἐφορῶν,
1452 598 1545 649 καὶ
1570 594 1646 666 τῷ
1678 613 1843 653 παντ-

1949 596 2183 659 habitas,
2212 608 2265 653 et
2294 595 2518 653 humilia
2568 596 2812 666 respicis,
2848 602 2902 650 et
2956 595 3110 650 oculo
3150 597 3509 665 perspicacis-

277 691 458 761 εφόρῳ
500 710 592 745 σου
628 690 832 760 sapam
874 690 1177 742 ἐπιϐλέπων
1200 688 1289 739 ἐπὶ
1319 688 1496 740 πᾶσαν
1527 688 1625 757 τὴν
1651 687 1841 739 κτίσιν·

1952 689 2091 743 simo
2118 689 2491 757 circumspicis
2537 704 2749 745 omnem
2780 697 3108 755 creaturam,
3138 691 3231 746 tibi
3260 691 3503 745 cervices

281 781 363 833 σοί
387 782 676 853 ὲκλίναμεν
707 779 798 831 τὸν
832 780 1027 850 αὐχένα
1058 780 1155 848 τῆς
1198 778 1374 848 ψυχῆς
1418 780 1510 831 καὶ
1537 778 1630 831 τοῦ
1661 777 1844 848 σώμαι

1948 780 2113 838 animi
2144 794 2294 848 aeque
2327 794 2390 833 ac
2418 779 2661 848 corporis
2706 781 3075 841 incurvamns,
3107 789 3158 830 et
3181 794 3401 834 oramus
3433 789 3506 839 te.

277 890 390 939 τος,
442 876 536 929 καὶ
574 868 807 939 δεόμεθά
840 888 955 933 σου,
1010 869 1247 923 ἔκτεινον
1295 869 1391 941 τὴν
1436 870 1595 940 χεῖρά
1632 887 1725 922 σου
1749 872 1844 941 τὴν

1948 886 2166 928 manum
2198 881 2341 927 tuam
2383 870 2709 927 invisibilem
2751 871 2816 924 de
2843 884 3033 927 sancto
3063 870 3367 928 habitacula
3420 882 3511 926 tuo

278 966 507 1037 ἀόρατον
545 963 601 1027 ἐξ
624 962 778 1029 ἁγίου
808 961 1255 1033 κατοικητηρίου,
1278 964 1371 1016 καὶ⁵
1401 962 1692 1030 εὐλόγησον
1721 961 1848 1016 πάν-

278 1076 377 1121 τας
406 1056 571 1127 ἡμᾶς·
597 1053 690 1107 καὶ
710 1054 763 1108 εί
785 1073 839 1109 τι
869 1054 1189 1125 ἡμάρτομεν
1213 1055 1474 1116 ἑκουσίως
1499 1053 1531 1123 ἢ
1560 1052 1845 1120 ἀκουσίως,

276 1151 351 1213 ὡς
374 1147 575 1216 άγαΟὸς
618 1149 711 1203 καὶ
763 1146 1137 1218 φιλάνθρωπος
1170 1148 1300 1209 Θεὸς
1337 1145 1709 1219 συγχώρησον,
1742 1146 1845 1199 δω-

282 1241 540 1311 ρούμενος
566 1241 694 1310 ἡμῖν
719 1241 810 1294 καὶ
822 1238 890 1292 τὰ
917 1239 1187 1309 ὲγκόσμια
1210 1239 1301 1291 καὶ
1328 1239 1672 1310 ὐπερκόσμια
1706 1239 1845 1306 ἁγα-

279 1334 347 1387 θά
422 1348 536 1384 σου.
603 1331 908 1401 Ἐκφὼνωςο
962 1331 1061 1385 Σὸν
1120 1333 1227 1403 γάρ
1274 1332 1388 1385 ἐστι
1428 1332 1488 1385 τὸ
1536 1332 1703 1385 ἐλεεῖν
1755 1331 1848 1383 καὶ

277 1422 469 1486 σώζειν
493 1425 658 1493 ἡμᾶς,
689 1423 887 1492 Χριστὲ
914 1424 941 1475 ὁ
967 1422 1121 1486 Θεός.

361 1511 420 1564 '0
445 1512 707 1575 διάκονος
737 1512 925 1581 Σοφία.

364 1602 422 1655 '0
483 1601 679 1673 ἱερεύς·
742 1601 803 1657 Ὀ
856 1603 932 1658 ὢν
989 1604 1279 1674 εὐλογητὸς
1342 1600 1572 1673 Χριστὸς
1624 1602 1652 1654 ὁ
1716 1600 1847 1664 Θεὸς

279 1693 458 1764 ἡμῶν,
484 1694 731 1760 πάντοτε,
759 1695 854 1751 νῦν
878 1698 972 1749 καὶ
987 1697 1092 1753 ἀεὶ.
1123 1694 1216 1747 καὶ
1250 1695 1328 1758 είς
1350 1696 1477 1759 τοὺς
1520 1693 1719 1757 αἰῶνας
1741 1692 1847 1747 τῶν

278 1782 513 1841 αἰώνων.

1945 962 2198 1026 extende,
2234 970 2286 1016 et
2333 959 2562 1016 benedic
2607 973 2704 1013 nos
2742 971 3040 1015 omneszet
3069 962 3114 1016 si
3145 963 3273 1032 quid
3320 973 3511 1029 sponte

1947 1054 2028 1108 vel
2062 1060 2253 1108 coacte
2277 1052 2625 1122 deliquimus,
2660 1059 2720 1104 ut
2756 1050 2930 1105 bonus
2973 1067 3035 1106 ac
3065 1055 3328 1125 benignus
3370 1052 3511 1106 Deus

1948 1148 2188 1217 ignosce,
2220 1156 2274 1199 et
2308 1146 2445 1200 bona
2474 1156 2562 1199 tua
2583 1142 2895 1213 temporalia
2929 1143 3087 1197 simul
3112 1158 3271 1214 atque
3302 1154 3505 1201 aeterna

1948 1238 2148 1308 largire
2197 1255 2210 1291 :
2253 1236 2612 1291 Exclamando
2665 1234 2889 1291 :Tuum
2940 1244 3021 1289 cst
3069 1236 3210 1289 enim
3268 1236 3510 1293 misereri

1946 1340 2000 1386 et
2024 1330 2235 1384 salvare
2260 1342 2379 1392 nos,
2398 1326 2610 1382 Christe
2640 1328 2798 1383 Deus.

2018 1509 2285 1563 Diacouus
2318 1524 2332 1561 :
2360 1504 2656 1573 Sapientia.

2021 1598 2309 1653 Sacerdos.
2388 1596 2487 1663 Qui
2550 1604 2633 1649 est
2703 1592 3013 1649 benedictus
3074 1591 3320 1645 Christus
3377 1587 3516 1643 Deus

1948 1701 2152 1758 noster,
2178 1691 2395 1761 ubique,
2425 1702 2589 1755 nunc,
2616 1694 2670 1743 et
2694 1698 2932 1757 semper,
2955 1691 3010 1738 et
3037 1683 3088 1735 in
3130 1682 3319 1736 srecula
3342 1696 3515 1737 saecu-

1948 1786 2139 1840 lorum.

349 1878 459 1930 Καὶ
494 1877 751 1947 ψάλλεται
782 1875 863 1939 τὸ,
912 1874 1236 1949 Στερὲωσαι,
1286 1876 1317 1930 ὁ
1348 1876 1501 1940 Θεὸς,
1537 1877 1662 1938 τοὺς
1690 1874 1841 1944 βασι-

2012 1875 2141 1929 215.
2204 1872 2271 1925 Et
2319 1870 2574 1925 canitur:
2631 1868 2934 1931 Conﬁrma,
2995 1863 3172 1921 Deus.
3224 1861 3513 1930 imperato-

278 1966 408 2029 λεῖς.

1947 1977 2053 2015 res.

347 2054 524 2109 Con.
557 2054 705 2111 lianc
740 2055 1039 2111 orationem
1067 2068 1172 2112 non
1208 2054 1387 2111 inveni
1414 2068 1585 2127 usque
1606 2054 1805 2119 adhuc,
1840 2053 1943 2109 nisi
1979 2051 2122 2107 forte
2142 2057 2299 2118 putes
2326 2062 2446 2103 esse
2479 2047 2624 2101 illam
2704 2060 2825 2101 uuae
2850 2052 3031 2098 exstat
3080 2048 3136 2099 in
3178 2043 3513 2111 iiirmologio

276 2135 332 2183 et
354 2126 433 2179 sic
458 2136 613 2180 sonat

358 2219 674 2290 Ἐπουράνιε
705 2218 943 2291 βασιλεῦ,
992 2220 1118 2283 τοὺς
1168 2234 1390 2281 πιστους
1443 2218 1845 2289 βασιλεῖςήμων

279 2312 597 2384 στερέωσον,
628 2312 725 2381 τὴν
770 2311 953 2363 πίστιν
981 2309 1251 2382 στήριξον,
1283 2309 1352 2362 τά
1398 2308 1523 2381 ἔθνη
1578 2310 1840 2381 πράῦνον,

275 2404 366 2457 τὸν
390 2403 590 2472 κόσμον
610 2404 937 2472 είρήνευσον,
960 2403 1056 2471 τὴν
1079 2401 1236 2470 ἁγίαν
1262 2400 1426 2473 μονὴν
1453 2400 1654 2471 ταύτην
1668 2393 1847 2460 καλῶς

276 2493 619 2563 διαφύλαξόν,
661 2494 791 2555 τοὺς
829 2494 1267 2565 προαπελθόντας
1306 2494 1547 2564 πατέρας
1572 2491 1668 2545 καὶ
1696 2489 1848 2544 ἁδελ-

278 2588 411 2654 φοὺς
437 2586 593 2657 ἡμῶν
636 2586 695 2639 εν
742 2587 966 2656 σκηναῖς
1009 2584 1232 2638 δικαίων
1260 2584 1440 2649 τάξον,
1475 2583 1568 2638 καὶ
1614 2583 1760 2653 ἡμᾶς
1789 2581 1848 2635 ὲν

280 2680 537 2748 μετανοίᾳ
588 2679 682 2733 καὶ
718 2677 1100 2750 ἐξομολογήσει
1150 2675 1454 2749 παράλαϐε,
1514 2676 1590 2739 ὼς
1644 2673 1847 2744 ἀγαθὸς

278 2771 372 2822 καὶ
399 2770 587 2838 φιλάνθ
599 2788 798 2842 ρωπος.

367 2859 425 2912 Ὀ
480 2859 679 2931 ἱερεύς·
742 2861 1044 2934 ’Υπεραγία
1105 2862 1369 2925 Θεοτόκε,
1438 2862 1609 2914 σῶσον
1674 2859 1843 2929 ἡμᾶς.

276 2951 386 3006 Καὶ
436 2950 713 3020 ψάλλεται·
765 2951 875 3022 Τὴν
931 2954 1260 3024 τιμιωτέραν
1303 2952 1410 3005 τῶν
1439 2949 1719 3021 χερουσὶμ.
1754 2950 1848 3003 καὶ

274 3041 620 3114 ἐνδοξοτέραν
647 3041 990 3115 ἁσυγκρίτως
1031 3042 1138 3095 τῶν
1174 3041 1435 3114 σεραφὶμ,
1474 3040 1571 3111 τὴν
1595 3036 1849 3107 ἀδιαφθό-

278 3152 386 3206 ρως
413 3135 504 3188 τὸν
553 3135 723 3204 Λόγον
749 3134 882 3189 Θεὸν
914 3134 1198 3200 τεκοῦσαν,
1249 3134 1345 3206 τὴν
1367 3132 1533 3195 ὅντως
1564 3129 1845 3193 Θεοτόκον,

276 3225 353 3310 σὲ.
404 3222 793 3310 μεγαλύνομεν.
855 3218 988 3278 Εἶτα
1061 3224 1221 3279 πάλιν
1278 3222 1441 3291 λέγει’
1513 3219 1648 3284 Δόξα
1726 3236 1846 3287 σοι,

274 3300 478 3385 Χρισὲὲ
512 3317 540 3369 ό
586 3314 737 3380 Θεὸς,
768 3317 801 3369 ἡ
834 3316 988 3381 ἐλπὶς
1036 3316 1211 3388 ἡμῶν·
1243 3314 1368 3381 δόξα
1415 3329 1516 3367 σοι.
1586 3309 1844 3381 Ἀδελφοιο

273 3406 469 3477 Κύριε,
492 3407 780 3479 εὐλόγησον

350 3582 459 3636 Καὶ
480 3579 687 3651 γίνεται
737 3580 1017 3644 ἀπόλυσις·
1065 3578 1102 3651 ἢ
1132 3578 1229 3651 μὲν
1263 3576 1378 3632 ἔστι
1423 3576 1680 3650 κυριακήο
1716 3592 1735 3627 ι
1785 3572 1843 3628 '0

275 3673 515 3738 ἀναστὰς
541 3676 606 3728 ὲκ
642 3673 851 3745 νεκρῶν
876 3668 1130 3745 Χριστὸς,
1173 3670 1202 3722 ό
1229 3668 1479 3740 ἀληθινὸς
1503 3666 1635 3731 Θεὸς
1662 3664 1839 3737 ἡμῶν,

272 3770 393 3831 ταίς
414 3766 730 3839 πρεσϐείαις
748 3766 846 3837 τῆς
858 3762 1234 3835 παναχράντου
1267 3759 1430 3815 αὑτοῦ
1468 3759 1708 3831 Μητρὸς,
1734 3756 1843 3810 τῶν

277 3862 445 3931 ἁγίων
467 3861 690 3926 ἐνδόξων
712 3860 803 3915 καὶ
827 3857 1072 3928 πανευφή
1080 3871 1194 3928 μων
1230 3852 1560 3917 ἀποστόλων,
1593 3851 1686 3905 καὶ
1708 3849 1843 3904 πάν-

276 3970 384 4007 των
416 3952 525 4005 τῶν
558 3953 749 4021 ἁγίων,
778 3952 973 4023 ὲλεήση
1024 3950 1117 4003 καὶ
1158 3945 1309 4020 σώσῃ
1349 3944 1515 4016 ἡμᾶς,
1542 3944 1618 4008 ὡς
1642 3941 1844 4011 ἀγαθὸς

276 4045 370 4098 καί⁵
388 4042 788 4115 φιλάνθρωπος.

2015 2212 2133 2268 Rex
2170 2212 2429 2279 caelestis,
2479 2208 2737 2264 conﬁrma
2787 2205 2971 2263 ﬁdeles
3019 2207 3369 2275 imperatores
3418 2220 3515 2257 no-

1944 2316 2120 2373 stros;
2171 2306 2327 2360 Iidem
2362 2304 2586 2369 stabili;
2640 2311 2831 2373 gentes
2885 2300 3104 2370 mitiga;
3157 2299 3384 2368 paciﬁca
3426 2315 3488 2353 or

1943 2398 2101 2461 bern;
2157 2396 2545 2450 habitationem
2593 2394 2732 2447 hanc
2770 2403 3012 2448 sanctam
3067 2391 3205 2447 bene
3255 2391 3512 2457 custodi;

1946 2492 2128 2553 patres
2181 2492 2237 2537 et
2276 2482 2475 2537 fratres
2508 2489 2725 2536 nostros
2757 2480 3040 2536 defunctos
3086 2482 3289 2537 colloca
3324 2482 3374 2535 in
3422 2482 3515 2551 ju-

1944 2583 2151 2629 storum
2184 2571 2585 2641 tabernaculis;
2631 2581 2688 2628 et
2732 2586 2832 2627 nos
2862 2570 2915 2626 in
2945 2573 3265 2643 pmniteutia
3294 2589 3358 2626 ac
3381 2590 3514 2627 cou-

1944 2663 2179 2719 fessione
2200 2664 2436 2735 suscipe,
2460 2673 2519 2720 ut
2542 2669 2633 2735 qul
2683 2678 2811 2722 vere
2850 2664 3022 2720 bonus
3058 2677 3118 2719 es
3155 2674 3211 2718 et
3239 2664 3518 2719 hominum

2020 2849 2287 2905 Sacerdos
2324 2845 2709 2903 :Sanctissima
2742 2844 2836 2903 Dei
2887 2845 3127 2904 Gcnitrix
3185 2862 3341 2905 serva
3395 2864 3517 2903 nos.

1946 2941 2011 2995 Et
2068 2939 2280 2993 canitur
2315 2952 2330 2991 :
2386 2937 2792 3006 Magniﬁcamus
2829 2948 2879 2992 te
2913 2940 3353 2993 excellentiorem
3384 2940 3518 2994 cheo

1947 3028 2122 3085 rubim
2156 3066 2173 3094 ,
2225 3036 2281 3081 et
2331 3027 2448 3081 sine
2483 3027 2883 3095 comparatione
2927 3028 3193 3098 seraphin
3224 3029 3521 3100 gloriosiu-

1948 3136 2061 3176 rem
2121 3140 2135 3175 ι
2196 3127 2382 3188 utpote
2447 3132 2566 3187 quae.
2614 3117 2927 3190 inczrrupta
2985 3121 3223 3192 genuisti
3283 3122 3514 3178 Verbum

1947 3210 2138 3276 Deum,
2178 3209 2401 3279 ideoque
2447 3222 2572 3263 vere
2619 3208 2717 3263 Dei
2756 3210 2982 3279 genitrix
3008 3226 3086 3267 es.
3145 3210 3281 3267 Tum
3322 3212 3515 3268 iterum

1948 3305 2078 3361 dicit
2144 3321 2158 3359 :
2207 3301 2388 3358 Gloria
2431 3302 2548 3368 tibi,
2580 3301 2796 3358 Christe
2863 3302 3005 3358 Deus
3037 3341 3053 3368 ,
3100 3317 3221 3371 spes
3281 3314 3463 3358 nostra
3493 3342 3511 3368 ,

1947 3397 2115 3468 gloria
2157 3395 2270 3450 tibi.
2332 3394 2551 3450 Fratres
2613 3394 2940 3467 respondent
3017 3411 3034 3448 :
3099 3393 3361 3461 Domine,
3420 3393 3515 3451 be-

1866 3483 1912 3543 C
1944 3487 2124 3543 nedie.

2019 3578 2085 3634 Et
2106 3575 2419 3648 pronuntiat
2450 3572 2783 3630 dimissionis
2813 3575 3122 3641 formulam,
3176 3593 3296 3647 qua:
3325 3578 3516 3634 diebus

1949 3668 2232 3726 dominicis
2267 3670 2379 3722 haec
2426 3674 2555 3721 est:
2612 3664 2713 3733 Qui
2768 3668 3001 3723 surrexit
3045 3682 3077 3722 a
3105 3669 3329 3725 mortuis
3358 3669 3517 3725 Chri-

1947 3769 2067 3817 stus
2098 3773 2257 3815 verus
2284 3755 2428 3812 Deus
2455 3766 2657 3823 noster,
2696 3758 2945 3827 precibus
2976 3760 3305 3817 intemeratae
3330 3761 3518 3819 Matris

1949 3868 2080 3918 sum,
2110 3859 2422 3908 sanctorum
2447 3889 2462 3915 ,
2488 3850 2844 3920 gloriosorum
2877 3860 2933 3907 et
2959 3853 3349 3924 percelebrium
3381 3869 3516 3924 apo-

1951 3945 2233 4011 stolorum,
2254 3942 2603 4012 omniumque
2626 3952 2966 4009 sanctorum,
2991 3946 3314 4000 misereatur
3330 3953 3387 3999 et
3410 3961 3520 4000 scr-

1950 4043 2040 4091 vet
2073 4051 2194 4100 nos,
2217 4045 2276 4089 ut
2301 4036 2475 4090 bonus
2502 4047 2566 4090 ac
2590 4033 2877 4104 benignus.

346 4158 472 4214 214.
505 4157 680 4233 Cotus.
742 4157 1081 4233 Diinissionis
1129 4154 1357 4233 l'orm_u_|a
1378 4225 1387 4233 _
1410 4160 1656 4233 mutatus
1707 4166 1802 4233 pro
1828 4151 2043 4233 ratione
2072 4150 2191 4206 festi
2207 4150 2310 4233 “vel
2359 4149 2617 4233 mzsterii‘
2647 4152 2789 4233 quod
2815 4150 3151 4233 celebratur,
3178 4153 3344 4233 idque
3378 4156 3519 4233 satis

277 4239 425 4299 patet
454 4244 521 4299 ex
553 4230 719 4299 allato
744 4227 1015 4299 Philothei
1048 4236 1218 4281 textu.
1254 4224 1346 4299 Sic
1377 4225 1431 4276 in
1455 4222 1672 4299 Christi
1695 4221 2099 4299 nat;ili_dicitur
2139 4236 2153 4273 :

2207 4220 2269 4274 ὐ
2293 4222 2351 4275 εν
2376 4220 2456 4293 τῷ
2484 4220 2735 4299 σπηλαίῳ
2781 4222 3081 4299 γεννηθείς,
3126 4225 3221 4279 καὶ
3250 4220 3308 4280 ἑν
3336 4227 3513 4299 φάτνῃ

276 4290 587 4362 ἆνακλιθεὶς
637 4297 725 4351 διὰ
766 4298 866 4367 τὴν
900 4295 1057 4367 mtth
1090 4293 1401 4367 σωτηρίαν.
1438 4311 1458 4367 ι
1492 4292 1606 4367 Qui
1662 4293 1844 4367 in__spi

1947 4306 2027 4367 |c_a
2080 4300 2239 4367 natus
2291 4299 2391 4367 est
2426 4290 2482 4346 et
2539 4290 2592 4345 in
2634 4290 2872 4367 praesepe
2917 4290 3255 4367 reclinatus,
3293 4290 3515 4367 propth

277 4381 517 4425 nostram
557 4358 834 4442 salutem:
885 4358 1059 4442 i':_Et_
1088 4364 1142 4419 in
1182 4358 1655 4442 circumcisione":

1947 4363 2003 4431 τῇ
2074 4360 2234 4442 ρηγδότι
2286 4358 2467 4442 Wes
2533 4358 2695 4442 «es
2735 4358 3155 4442 ,πέρξτεμηθῆναι
3207 4358 3516 4442 ramea-

281 4456 461 4509 μενος,
497 4458 516 4490 ι
547 4438 646 4504 Qui
684 4436 1098 4509 octavo_die_in
1131 4448 1304 4509 carne
1332 4432 1642 4509 circumcidi
1677 4431 1913 4509 voluisti,
1944 4430 2051 4509 etc.
2082 4430 2944 4509 Eoriiiulas_a.lias,_aliis_Doniini
2982 4430 3168 4509 nostro
3200 4432 3337 4509 Iesu
3358 4430 3518 4509 Chri-

278 4499 347 4562 isti
379 4499 529 4563 ie'siis
558 4499 615 4562 Et
649 4508 853 4576 aliquot
883 4504 1175 4576 Dominicis
1203 4503 1670 4576 accommodatas,
1701 4502 2002 4576 viderequi
2029 4501 2283 4576 voluerit.
2320 4518 2339 4553 ι
2380 4500 2468 4555 ille
2499 4502 2662 4576 adeat
2693 4499 2928 4576 Gnarum
2968 4505 3035 4576 a_d
3060 4503 3265 4576 calcem
3297 4504 3518 4559 Euclio-

279 4578 429 4647 lo‘gii.
467 4577 596 4631 Mihi
621 4570 798 4630 aute-in
838 4577 974 4647 satis
1009 4575 1169 4627 fuerit
1202 4572 1289 4626 hic
1315 4574 1500 4647 paucis
1521 4586 1597 4647 ex
1632 4571 1826 4647 eodem
1848 4570 2131 4647 Plnlot‘heo
2178 4585 2284 4647 ann
2306 4572 2578 4647 otare,_in
2603 4571 2948 4647 _dimissioni_s
2982 4571 3229 4647 formula
3260 4588 3289 4628 a
3324 4590 3517 4647 sacer-

280 4639 406 4709 dn'te
439 4648 611 4701 solere
643 4645 977 4713 pronuntiari
1005 4659 1197 4697 nomen
1229 4646 1423 4713 saneti,
1453 4640 1781 4713 cujussacra
1817 4641 1905 4694 lux
1949 4642 2150 4713 agitu_r,
2184 4640 2230 4693 si
2268 4650 2448 4713 tamen
2478 4639 2641 4695 fuerit
2678 4656 2709 4695 θ
2753 4643 2957 4697 sanctis
2980 4644 3282 4711 praecipuis.
3318 4644 3519 4711 Quant-

280 4706 491 4779 ubrem,
527 4706 654 4769 cum
710 4716 942 4769 Basilius
978 4714 1218 4783 Magnus,
1246 4711 1539 4779 Gregorius
1569 4708 1940 4763 Nazianzenus
1987 4706 2042 4762 et
2082 4706 2317 4763 Joannes
2350 4707 2770 4833 Cingsostomus
2796 4713 2937 4765 inter
2964 4706 3262 4781 pracipuos
3291 4706 3513 4770 sanctus

280 4805 307 4833 ιι
335 4788 536 4833 (h'aetzis
573 4801 786 4833 Semner
816 4786 982 4833 lmniti
1014 4784 1232 4833 fuerint.
1269 4782 1622 4833 dubitandum
1655 4796 1760 4833 non
1797 4789 1903 4833 est.
1934 4781 2065 4833 auin
2113 4780 2164 4833 in
2194 4777 2423 4833 huiusce
2484 4779 2550 4833 iei
2589 4780 2907 4833 diniissione
2929 4780 3162 4833 debeant
3188 4796 3378 4833 eorum
3411 4800 3513 4833 no-

280 4805 308 4839 a
335 4777 536 4841 Graecis
573 4801 786 4852 semper
816 4786 982 4837 habiti
1014 4777 1232 4843 l'uérint.
1269 4777 1622 4836 dubitandum
1655 4796 1760 4833 non
1797 4789 1903 4842 est,
1934 4781 2065 4848 quin
2113 4780 2164 4833 in
2194 4777 2423 4844 huiusce

282 4858 429 4911 tnina
458 4855 792 4924 pronuntiari
827 4854 929 4907 huc
956 4866 1049 4907 aut
1080 4852 1239 4907 simili
1271 4852 1431 4905 modo
1466 4866 1479 4902 :

2503 4779 2550 4835 ei
2589 4780 2907 4835 diniissione
2929 4779 3162 4837 debeant
3188 4796 3378 4839 eorum
3411 4800 3513 4839 no-

359 4948 419 4999 '0
438 4947 562 5009 τοὺς
587 4945 936 5010 διδασκάλους
977 4942 1223 5011 φωτίζων
1278 4940 1530 5013 Χριστὸς,
1555 4942 1583 4994 ό
1603 4936 1844 5011 ἀληθινὸς

2038 4956 2057 4987 ι
2093 4938 2193 5005 Qui
2253 4938 2503 4994 doctores
2552 4939 2840 5007 illuminat,
2872 4939 3144 5007 Christus,
3175 4957 3335 4998 verus
3374 4943 3518 4997 Dens

279 5036 410 5098 Θεὸς
436 5034 609 5106 ἡμῶν,
637 5036 754 5097 ταῖς
794 5030 1109 5105 πρεσϐείαις
1138 5030 1236 5100 τῆς
1269 5031 1646 5101 παναχράντου
1679 5026 1843 5081 αὑτοῦ

278 5126 521 5198 Μητρὸς,
542 5125 648 5178 τῶν
676 5125 843 5192 άγίων
870 5121 1091 5187 ἐνδόξων
1120 5122 1212 5174 καὶ¹
1237 5122 1604 5191 πανευφήμων
1617 5119 1844 5174 ἀποστό-

280 5215 409 5276 λων,
434 5212 539 5265 τῶν
564 5212 619 5263 ὲν
642 5212 813 5279 ἁγίοις
842 5210 1099 5281 Πατέρων
1146 5208 1300 5279 ἡμῶν
1330 5209 1401 5261 Βσ
1412 5208 1607 5262 σιλείου
1632 5208 1723 5261 τοῦ
1756 5225 1846 5279 με-

279 5304 469 5372 γάλου,
518 5303 818 5375 Γρηγορίου
845 5302 937 5355 τοῦ
966 5301 1237 5372 θεολόγον,
1283 5301 1529 5356 Ἰωάννου
1564 5302 1657 5354 τοῦ
1698 5304 1842 5373 Χρυ-

279 5394 564 5464 σοστόμου,
613 5394 701 5445 καὶ
752 5393 964 5447 πάντων
1015 5392 1124 5446 τῶν
1167 5393 1356 5457 ἁγίων,
1424 5394 1517 5445 καὶ
1552 5391 1621 5444 τὰ
1660 5391 1840 5444 λοιπά.

1954 5038 2159 5094 noster,
2181 5030 2433 5098 precibus
2463 5031 2795 5085 intemerata:
2819 5029 3002 5086 Matris
3018 5047 3149 5096 suae,
3177 5040 3516 5098 sanctorum,

1950 5119 2305 5189 gloriosoruin
2332 5130 2386 5174 et
2418 5121 2807 5189 percelebrium
2846 5123 3235 5193 apostolorum,
3270 5138 3371 5178 nec
3405 5140 3511 5178 non

1948 5222 2261 5265 sanctorum
2288 5212 2507 5265 Patrum
2540 5223 2846 5267 nostrorum
2872 5212 3057 5267 Basilii
3079 5214 3282 5283 Magni,
3306 5213 3515 5286 Grego-

1950 5304 2017 5357 rii
2052 5302 2331 5369 Theologi,
2355 5302 2577 5357 Joannis
2600 5301 2970 5373 Cbrysostomi
3025 5306 3372 5377 omniumque
3392 5321 3515 5361 san-

1947 5404 2180 5456 ctorum,
2203 5402 2256 5447 et
2289 5395 2511 5463 reliqua,
2545 5404 2601 5449 ut
2624 5410 2808 5463 supra.

353 5508 477 5563 215.
502 5507 679 5565 Cou.
711 5507 815 5562 Sed
837 5518 891 5563 et
921 5506 1123 5561 Latinis
1159 5509 1283 5561 olim
1321 5509 1562 5563 solemne
1590 5516 1731 5568 erat,
1760 5516 1817 5561 nt
1843 5508 1962 5563 aliis
2002 5518 2055 5561 et
2084 5509 2209 5563 aliis
2237 5510 2424 5563 diebus
2456 5509 2781 5565 adhiberent
2838 5511 3002 5565 etiam
3032 5509 3167 5565 alias
3192 5517 3352 5579 atque
3368 5508 3515 5579 alias

277 5583 543 5635 toi-inulas
600 5578 970 5660 benedicendi,
1002 5589 1307 5660 constantes
1343 5578 1633 5660 interdatur
1669 5593 1733 5630 ex
1770 5578 1951 5660 multis
1966 5581 2250 5660 versibus.
2290 5579 2614 5660 Uhndeapud
2644 5579 2968 5660 Gregorium
3021 5595 3213 5660 papam
3266 5582 3318 5660 in
3355 5578 3520 5633 Libro

277 5660 729 5706 sacramentorum
778 5650 954 5720 adhuc
990 5658 1165 5700 exalat
1221 5650 1308 5701 illa
1342 5648 1649 5720 benedictio
1704 5662 1801 5714 pro
1836 5647 1925 5720 die
1964 5646 2276 5702 Nativitatis
2312 5646 2559 5703 Domini:
2594 5667 2638 5720 «ξ
2661 5646 2949 5706 Βειῐοιιίοοι
2978 5646 3134 5720 vobis
3166 5649 3516 5720 omnipotens

280 5722 444 5782 Deus,
486 5733 825 5786 vestramque
857 5718 923 5771 ad
945 5730 1171 5785 superna
1196 5720 1391 5772 excitet
1422 5717 1808 5781 intentionem,
1840 5718 1929 5786 qui
1982 5720 2122 5771 hanc
2152 5720 2573 5773 sacratissimum
2609 5718 2754 5775 diem
2789 5721 3071 5773 nativitate
3097 5718 3218 5774 Filii
3248 5717 3333 5773 sui
3372 5720 3507 5773 fecit

276 5805 404 5843 esse
438 5788 755 5843 solemnem.
779 5788 973 5843 Amen.
1008 5787 1075 5841 Et
1102 5787 1192 5856 qui
1220 5803 1340 5844 eum
1366 5788 1456 5854 qui
1495 5788 1651 5855 panis
1681 5798 1761 5843 est
1786 5786 2098 5856 angelorum
2123 5826 2138 5855 ,
2175 5789 2227 5843 in
2276 5803 2513 5859 prasepe
2551 5789 2805 5847 Ecclesia:
2841 5791 3021 5846 cibum
3052 5788 3184 5845 fecit
3213 5803 3334 5845 esse
3370 5789 3511 5845 ﬁde-
