4058 6448
490 414 748 460 εεοιςινι

559 518 689 575 360.
719 514 818 583 Qui
850 514 1052 569 emittis
1100 512 1301 577 lucem,
1350 519 1407 566 et
1435 510 1620 575 vadit;
1655 510 1745 581 qui
1778 512 1941 566 solem
1966 515 2071 568 ori-
2102 533 2145 589 Α

494 615 540 669 ri
565 612 709 667 'l'acis
759 623 923 677 super
966 608 1143 675 justos
1195 616 1250 661 et
1304 603 1569 672 iniustos,
1599 619 1765 673 super
1793 608 1961 659 bonos
2014 615 2070 661 et

494 702 668 758 malos
696 699 793 771 (a),
826 696 917 766 qui
953 695 1237 751 fabricaris
1260 708 1532 756 auroram,
1572 702 1855 761 totumque
1884 695 2069 748 orbem

493 793 792 855 illuminas,
828 787 1077 845 illumina
1130 794 1188 840 et
1241 786 1407 840 corda
1435 794 1645 839 nostra.
1680 784 2068 840 Universorum

494 887 741 949 Domine,
781 892 840 936 ut
867 882 959 936 tibi
990 881 1095 935 hoc
1124 879 1212 934 die
1245 878 1586 947 placeamus,
1631 878 1784 933 nobis
1814 879 2069 942 concede,

494 976 808 1031 custodiens
842 988 940 1027 nos
996 972 1064 1025 ab
1092 970 1243 1025 omni
1298 979 1537 1037 peccato,
1585 980 1639 1023 et
1689 970 1832 1023 omni
1887 970 2069 1038 iniqua

496 1067 736 1131 actione,
764 1066 999 1120 liberam
1052 1077 1153 1116 nos
1183 1062 1251 1115 ab
1280 1061 1425 1114 omni
1483 1060 1685 1131 sagitta
1714 1060 1933 1115 volante
1977 1075 2073 1131 per

497 1160 665 1224 diem,
693 1168 749 1214 et
770 1158 918 1212 omni
942 1154 1255 1211 adversaria
1280 1161 1567 1225 potestate.
1597 1151 1859 1207 Precibus
1888 1153 2074 1207 incon-

497 1250 774 1305 taminatze
799 1248 1038 1303 Domina:
1067 1254 1267 1300 nostra:
1290 1244 1552 1314 Deiparaz,
1592 1252 1807 1297 tuorum
1835 1258 1899 1296 ex
1931 1243 2071 1296 nulla

496 1345 863 1401 constantinm
920 1339 1150 1395 materia
1184 1338 1558 1393 ministrorum
1596 1374 1610 1397 ,
1655 1334 2075 1405 C(eleSIiumque

498 1438 787 1502 virtutum,
818 1448 880 1489 as
905 1431 1147 1488 omnium
1180 1436 1523 1490 sanctorum,
1557 1427 1647 1495 qui
1684 1425 1781 1479 tibi
1813 1442 1840 1478 a
1876 1428 2075 1480 saeculo

498 1531 770 1602 placuere.
802 1527 973 1581 Tuum
1004 1535 1086 1581 est
1106 1525 1281 1586 enim,
1320 1521 1461 1575 Deus
1498 1528 1702 1581 noster,
1738 1519 1981 1572 misereri
2013 1533 2077 1571 ac

498 1635 717 1677 servare
750 1634 848 1674 nos
877 1634 890 1670 :
920 1626 975 1671 et
1004 1615 1100 1669 tibi
1130 1614 1358 1683 gloriam
1392 1610 1601 1675 damus,
1636 1610 1807 1671 Patri,
1833 1618 1887 1661 et
1916 1607 2073 1668 Filio,

498 1724 553 1767 et
584 1711 810 1780 Spiritui
865 1716 1058 1764 sancto
1083 1747 1097 1771 ,
1132 1718 1274 1761 nunc
1303 1711 1356 1758 et
1403 1716 1643 1771 semper,
1674 1712 1729 1757 et
1773 1702 1825 1754 in
1882 1701 2077 1755 saecula

499 1806 841 1862 seculorum.
872 1802 1062 1855 Amen.

567 1987 773 2052 Gloria,
824 1983 891 2039 Et
944 1998 1105 2038 nunc.
1139 1981 1524 2038 Excelsiorem.
1567 1981 1632 2036 Et
1663 1978 1786 2035 finis
1851 1977 2077 2044 imponi-

501 2091 608 2135 llll‘.

1849 395 2386 453 PRULEGOMENA.

2258 518 2315 569 Ὀ
2338 516 2739 581 ὲξιποστέλλων
2762 518 2823 570 τὸ
2852 519 2964 587 φῶς
2987 519 3079 572 καὶ
3128 518 3441 590 πορεύεται,
3463 520 3493 573 ό
3524 521 3751 574 ἀνατέλ·

2174 608 2278 659 λων
2307 607 2394 659 τὸν
2420 607 2571 677 ἥλιον
2599 609 2689 660 ἐπὶ
2718 608 2961 670 δικαίους
2988 610 3081 661 καὶ
3115 608 3350 672 ἀδίκους,
3378 607 3649 679 πονηρούς
3694 624 3754 662 τι

2173 702 2265 753 καὶ
2303 700 2564 769 ἀγαθοὺς,
2614 701 2643 752 6
2695 699 2863 752 ποιῶν
2899 698 3093 770 δρθρον
3132 700 3226 753 καὶ
3275 698 3529 768 φωτίζων
3571 702 3755 753 πᾶσαν

2171 795 2270 864 τὴν
2296 794 2639 866 οἰκουμένην,
2679 792 2912 862 φώτισον
2942 792 3035 844 καὶ
3082 792 3239 863 ἡμῶν
3262 791 3361 855 τὰς
3383 790 3632 863 καρδίας.
3666 790 3759 844 se.

2176 904 2349 940 σποτα
2373 886 2482 939 τῶν
2524 888 2798 953 ἁπάντων,
2847 886 3072 957 χάρισαι
3112 886 3242 955 ἡμῖν
3297 888 3355 938 ὲν
3380 887 3445 955 τῇ
3502 884 3753 955 παρούσῃ

2173 978 2355 1050 ἡμέρᾳ
2401 979 2761 1049 εὐαρεστῆσαί
2793 995 2895 1042 σοι,
2922 977 3300 1046 διαφυλάττων
3332 979 3481 1049 ἡμᾶς
3519 978 3628 1031 ἀπὸ
3652 979 3759 1031 πά-

2178 1085 2274 1138 σης
2323 1068 2596 1139 ἁμαρτίας
2636 1068 2728 1121 καὶ
2758 1070 2938 1137 πάσης
2968 1068 3211 1138 πονηρᾶς
3241 1067 3515 1138 πράξεως,
3555 1068 3757 1139 ῥυόμεη

2176 1178 2263 1224 νος
2290 1162 2437 1231 ἡμᾶς
2468 1160 2576 1212 ἀπὸ
2598 1160 2797 1222 παντὸς
2830 1159 3016 1228 βέλους
3054 1159 3354 1230 πετομένου
3385 1158 3621 1230 ἡμέρας,
3661 1160 3759 1211 κα.

2175 1253 2356 1323 πάσης
2383 1251 2766 1323 ἀντικειμένης
2793 1251 3092 1322 δυνάμεως
3128 1250 3443 1323 πρεσϐείαις
3470 1250 3570 1320 τῆς
3620 1267 3761 1304 παν-

2176 1345 2447 1415 αχράντου
2479 1343 2778 1412 Δεσποίνης
2804 1345 2838 1414 ἡ
2848 1342 2963 1413 μῶν
2989 1344 3274 1403 Θεοτόκου,
3297 1340 3407 1395 τῶν
3436 1340 3616 1394 ἀῢλων
3660 1356 3757 1393 σου

2177 1437 2509 1509 λειτουργῶν
2555 1436 2649 1490 καὶ
2678 1435 3014 1507 ἐπουρανίων
3039 1436 3340 1505 δυνάμεων,
3396 1432 3506 1487 καὶ⁵
3535 1432 3757 1485 πάντων

2178 1529 2285 1582 τῶν
2318 1530 2484 1597 ἁγίων
2506 1528 2613 1583 τῶν
2638 1530 2731 1582 ἀπ’
2763 1527 2961 1590 αἰῶνός
2998 1544 3079 1579 σοι
3117 1526 3623 1597 εὐαρεσησάντων.
3653 1522 3757 1575 Σὸν

2180 1618 2288 1689 γάρ
2308 1621 2423 1671 ἐστι
2446 1619 2505 1672 τὸ
2534 1620 2725 1682 ὲλεεῖν,
2765 1618 2858 1672 καὶ
2899 1614 3091 1680 σώζειν
3117 1618 3285 1685 ἡμᾶς,
3318 1619 3347 1670 ὁ
3384 1615 3520 1679 Θεὸς
3573 1613 3755 1685 ἡμῶν,

2181 1711 2275 1763 καὶ
2306 1711 2391 1764 σοὶ
2422 1710 2518 1781 τὴν
2544 1711 2700 1778 δόξαν
2740 1708 3161 1778 ἀναπέμπομεν,
3213 1706 3291 1776 τῷ
3330 1707 3508 1779 Πατρὶ
3544 1706 3639 1760 καὶ
3675 1703 3757 1775 τῷ

2182 1803 2319 1874 Υἱῷ,
2347 1806 2441 1859 καὶ
2468 1803 2544 1874 τῷ
2565 1804 2700 1874 ἁγίῳ
2714 1803 3013 1873 Πνεύματι,
3040 1799 3135 1853 νῦν
3169 1801 3263 1854 καὶ
3284 1800 3392 1863 ἀεὶ,
3420 1800 3515 1853 καὶ
3538 1803 3615 1863 είς
3629 1800 3762 1863 τοὺς

2186 1896 2389 1961 αίῶνας
2410 1896 2517 1951 τῶν
2545 1896 2773 1951 αίώνων.
2819 1896 3010 1966 ’Δμήν.

2257 1983 2412 2049 Δόξα.
2436 1983 2546 2037 Kal
2573 1983 2687 2038 νῦν.
2726 1984 2836 2054 Τὴν
2872 1982 3216 2054 τιμιωτέραν.
3250 1982 3360 2036 Καὶ
3385 1982 3596 2049 γίνεται
3624 1983 3761 2036 από-

2185 2076 2361 2141 λυσις.

570 2174 697 2229 2M.
732 2172 912 2226 Con.
938 2167 1059 2224 lam
1096 2183 1239 2223 nunc
1278 2176 1449 2222 marte
1473 2167 1696 2238 proprio
1729 2169 2371 2228 observaveriteruditus
2403 2172 2598 2234 lector,
2631 2172 2744 2228 haec
2826 2189 2907 2228 me
2930 2174 3021 2228 hic
3051 2182 3211 2227 nanet
3240 2170 3617 2239 Horologium,
3649 2184 3759 2225 non

570 2246 635 2297 tis
682 2254 983 2297 congruere
1019 2238 1145 2297 illis.
1179 2254 1298 2297 (tua:
1330 2256 1480 2293 num.
1503 2238 1633 2297 225.
1669 2252 1769 2297 pro
1799 2239 1992 2297 Prima:
2024 2245 2260 2297 mesorio
2289 2245 2452 2297 habet
2494 2243 2553 2297 S.
2591 2243 2748 2297 Saba:
2775 2188 3062 2297 νίὶνιιὶοιιηι.
3090 2247 3301 2297 Ouione
3348 2242 3451 2295 hoc
3482 2239 3749 2297 Tvoieum

500 2246 635 2301 satis
682 2254 983 2311 congruere
1019 2238 1145 2303 illis,
1179 2254 1298 2309 qua:
1330 2256 1480 2311 rium.
1503 2238 1633 2311 225,
1669 2252 1769 2311 pro
1799 2239 1992 2311 Primae
2024 2245 2260 2298 mesorio
2289 2245 2452 2299 habet
2494 2243 2553 2298 S.
2591 2243 2748 2299 Saba:

2822 2246 3062 2313 ypicnm.
3090 2247 3301 2312 Quippe
3340 2242 3451 2313 hoc
3477 2239 3749 2313 Typicuiu

502 2308 959 2391 prteteritmulta,
994 2325 1112 2391 qua:
1135 2308 1235 2391 hic
1270 2308 1550 2391 recitantis
1586 2310 1637 2391 in
1676 2308 1963 2391 Horologio
1990 2325 2391 2391 proponuntur.
2437 2313 2630 2391 Utrum
2661 2326 2792 2391 i_nro_
2822 2308 3046 2378 melius,
3082 2308 3211 2391 quis
3234 2308 3495 2391 neci-dat}
3530 2308 3757 2391 interim

500 2378 626 2441 cum
656 2384 724 2439 de
756 2382 915 2436 Horis
950 2381 1255 2455 minoribus
1284 2378 1429 2455 aliis,
1462 2388 1623 2448 prout
1652 2381 1858 2450 passim
1879 2378 2213 2446 recitantur.
2246 2400 2416 2455 pauca
2449 2386 2629 2440 tradat
2661 2385 2925 2454 Typicum
2948 2426 2963 2450 ,
2993 2398 3059 2438 ex
3091 2378 3281 2439 eodem
3314 2380 3631 2453 Hurologio,
3664 2395 3759 2435 or-

502 2457 685 2511 dinem
715 2466 902 2509 earum
938 2466 1002 2506 ac
1031 2452 1231 2506 seriem
1278 2449 1597 2516 pandemus.

1036 2540 1223 2597 HORA
1268 2536 1545 2594 TERTlA.

572 2643 697 2698 τη.
729 2639 847 2693 Rex
896 2634 1157 2697 caelestis,
1192 2632 1496 2703 Trisagium
1526 2649 1540 2697 ;
1595 2634 1911 2689 reverentia:
1950 2642 2080 2700 tres,

508 2732 865 2790 Sanctissima
897 2725 1157 2792 Trinitas,
1182 2722 1349 2778 Pater
1385 2732 1588 2788 noster,
1638 2723 1772 2791 Quia
1800 2733 1946 2779 tuum
1976 2735 2079 2781 est.

503 2826 732 2883 Domine
758 2861 773 2887 ,
832 2820 1111 2883 miserere,
1145 2815 1452 2873 duodecies.
1485 2813 1679 2871 Venite
1700 2855 1716 2880 ,
1774 2815 2080 2884 adoremus,

506 2919 687 2976 tertio.
715 2913 920 2971 Deinde
947 2908 1162 2983 psalmi.

2740 2546 2897 2600 ὪΡΔ
2926 2544 3157 2604 ΤΡΙΤΗ.

2253 2633 2481 2689 Βασιλεῦ
2514 2636 2754 2704 οὐράνιε,
2813 2638 3127 2707 Τρισάγιον,
3186 2635 3463 2705 μετάνοιαι
3495 2644 3567 2704 γ’,
3624 2638 3761 2691 Παν-

2184 2727 2316 2794 αγία
2346 2726 2535 2798 Τριάς,
2565 2727 2747 2798 Πάτερ
2770 2728 2947 2798 ἡμῶν,
2974 2728 3095 2779 Ὀτι
3126 2742 3218 2778 σου
3266 2726 3361 2787 Τὸ,
3390 2725 3585 2797 Κύριε,
3608 2727 3760 2801 ὲλὲη-

2190 2835 2301 2882 σον,
2335 2817 2421 2888 ιβ’.
2453 2817 2639 2881 Δεῦτε,
2675 2820 3159 2889 προσκυνήσωμεν,
3206 2817 3271 2868 ὲκ
3290 2813 3495 2869 τοίτου.
3538 2812 3672 2872 Εἶτα
3712 2822 3764 2873 οἱ

2187 2908 2411 2980 ψαλμοί.

573 3009 752 3064 ϐοιιιι.
787 3003 851 3058 lli
882 2998 1073 3071 psalmi
1104 3005 1249 3061 sunt,
1296 3011 1434 3071 ιιι-ιιι
1494 2995 1724 3057 Exaudi,
1756 2994 2004 3071 Domine,
2050 2995 2319 3066 justitiam
2352 3014 2547 3053 meam.
2577 3015 2743 3054 xxiv:
2778 2998 2860 3054 Ad
2910 3007 2984 3065 te,
3030 2996 3279 3063 Domine,
3309 2995 3480 3053 levavi
3528 2998 3766 3055 animm

504 3094 705 3136 meam.
746 3076 812 3130 Et
834 3065 912 3128 L':
947 3068 1204 3123 Miserere
1232 3065 1358 3130 mei,
1383 3065 1548 3127 Deus,
1579 3067 1900 3119 secundum.

578 3169 705 3228 345.
733 3165 937 3224 Gloria.
963 3162 1031 3218 Et
1064 3174 1224 3216 nunc.
1250 3155 1503 3220 Alleluia,
1534 3155 1713 3211 tertio.
1747 3156 1831 3217 Et.
1866 3158 1909 3211 si
1941 3155 2082 3212 Deus

2256 3159 2411 3225 Δόξα.
2442 3161 2549 3213 Kal
2569 3160 2683 3213 νῦν.
2718 3162 3049 3233 ’Δὶληλούῖα,
3085 3164 3149 3217 ὲκ
3197 3162 3399 3233 τρίτου.
3430 3161 3540 3215 Kal
3565 3164 3613 3215 εί
3643 3161 3764 3231 μὲν,

511 3266 768 3322 Dominus
832 3258 1064 3322 dicitur,
1140 3253 1227 3309 dic
1274 3251 1379 3306 diei
1437 3249 1756 3321 troparium,
1798 3248 1865 3303 Et
1926 3263 2089 3315 nunc,

509 3353 732 3412 Hariale
769 3354 945 3405 hoc':
1016 3346 1284 3413 Deipara,
1359 3351 1413 3395 tu
1482 3356 1543 3395 es
1610 3341 1737 3395 vitis
1781 3355 1928 3398 vera.
1995 3340 2090 3395 Sin

509 3457 692 3505 autem
737 3440 990 3504 Alleluia,
1037 3437 1124 3492 dic
1177 3448 1412 3505 sequens
1470 3432 1766 3501 troparium
1801 3441 1927 3485 tono
1956 3430 2091 3485 obli-

511 3538 744 3612 quoi:

583 3632 827 3691 Christe,
880 3624 971 3693 qui
1043 3622 1175 3675 hora
1244 3618 1407 3673 tertia
1476 3614 1883 3671 sanctissimum
1942 3622 2090 3666 tuum

515 3726 774 3799 Spiritum
805 3716 1062 3789 apostolis
1093 3711 1310 3771 misisti,
1346 3711 1516 3774 hunc,
1547 3724 1580 3761 ο
1613 3708 1867 3778 benigne,
1894 3721 1962 3761 ne
1989 3722 2089 3761 au—

513 3796 661 3875 feras
688 3831 719 3870 a
751 3812 910 3869 nobis
954 3828 967 3863 :
1000 3806 1094 3863 sed
1124 3817 1248 3861 eum
1282 3801 1335 3855 in
1386 3798 1546 3855 nobis
1573 3807 1624 3851 te
1671 3796 2089 3868 deprecantibus

515 3914 735 3968 innova.

1023 3988 1463 4048 VEBSICULUS
1498 3989 1552 4042 1.

584 4093 692 4149 Cor
732 4087 987 4144 mundum
1019 4096 1143 4139 crea
1173 4083 1224 4135 in
1261 4096 1368 4141 me.
1405 4080 1546 4133 Deus
1580 4078 1677 4148 (ιι).

1035 4168 1464 4227 VERSICULUS
1502 4169 1560 4223 2.

586 4276 666 4333 Ne
698 4270 949 4345 projicias
986 4282 1074 4322 me
1100 4279 1133 4319 a
1162 4263 1300 4319 facie
1330 4271 1418 4316 tua
1459 4262 1554 4330 (ε),

672 4366 878 4424 Gloria.
894 4360 961 4415 Et
986 4373 1149 4414 nunc.
1670 4348 1914 4404 Mariale.

588 4461 685 4519 Dei
742 4453 1015 4517 Geuitrix,
1082 4460 1137 4505 tu
1176 4463 1235 4503 es
1287 4445 1413 4501 vitis
1450 4457 1600 4504 vera,
1664 4454 1783 4508 qua:
1822 4441 1945 4494 vita:
1978 4438 2093 4493 fru-

2190 3249 2322 3314 Θεὸς
2344 3250 2549 3320 Κύριος
2572 3288 2589 3312 ,
2616 3249 2853 3317 λέγεται,
2912 3250 3128 3318 λέγεται
3169 3252 3270 3318 τῆς
3312 3252 3523 3323 ἡμέρας
3558 3251 3767 3333 τροιπά·

2191 3358 2331 3413 ριον,
2366 3342 2477 3395 Καὶ
2496 3338 2612 3400 νῦν.
2657 3339 2940 3394 Θεοτόκιον
2971 3341 3033 3394 τό
3061 3357 3075 3373 ·
3100 3341 3349 3407 Θεοτόκε,
3418 3344 3482 3397 σὺ
3551 3338 3604 3397 εἷ
3660 3342 3771 3413 ἄμνι

2190 3433 2350 3497 πελος
2388 3435 2422 3505 ἡ
2446 3432 2698 3505 ἀληθινή.
2751 3432 2814 3485 El
2865 3430 2922 3484 δὲ
2967 3430 3300 3502 ’Δλληλούῖα,
3332 3433 3457 3503 λέγε
3480 3434 3543 3487 τὸ
3592 3432 3769 3504 παρὸν

2189 3527 2486 3596 τροπάριον
2509 3526 2647 3598 πρὸς
2667 3521 2801 3598 ἦχον
2819 3523 2911 3580 πλ.
2937 3522 3000 3595 β’.

2261 3616 2455 3687 Κύριε,
2493 3621 2522 3670 ὁ
2550 3619 2607 3671 τὸ
2656 3618 2922 3686 πανάγιόν
2982 3633 3077 3670 σου
3116 3616 3341 3685 Πνεῦμα
3408 3618 3466 3670 ὲν
3496 3619 3561 3689 τῇ
3607 3620 3766 3689 τρίτῃ

2190 3708 2310 3779 ὥρᾳ
2333 3710 2445 3771 τοῖς
2475 3708 2795 3772 ἀποστόλοις
2827 3726 2920 3762 σου
2950 3709 3338 3781 καταπέμψας,
3364 3708 3544 3773 τοῦτο,
3570 3708 3769 3776 ἀγαθὲ,

2193 3799 2268 3871 μὴ
2284 3799 2480 3873 ἀνέλῃς
2517 3800 2608 3870 ἀφ’
2637 3799 2813 3871 ἠμῶνο
2844 3798 2959 3853 ἀλλ’
2991 3802 3301 3868 ὲγκαίνισον
3335 3802 3467 3874 ἡμῖν
3494 3798 3771 3871 δεομένοις

2192 3909 2307 3948 σου.

2809 3987 3057 4040 ΣΤΙΧΟΣ
3079 4004 3114 4040 α
3134 4025 3150 4041 .

2260 4076 2502 4130 Καοδίαν
2540 4076 2786 4149 καθαρὰν
2814 4078 2998 4131 κτίσον
3027 4082 3085 4132 ὲν
3110 4078 3254 4148 ἐμοὶ,
3278 4080 3306 4132 ὁ
3332 4076 3484 4142 Θεός.

2808 4169 3057 4222 nixos
3077 4168 3145 4238 β’.

2261 4260 2351 4330 Μὴ
2385 4261 2666 4334 ἀπρρίψῃς
2701 4277 2767 4331 με
2810 4260 2919 4313 ἀπὸ
2947 4258 3041 4313 τοῦ
3071 4259 3366 4331 προσώπου
3401 4278 3495 4315 σου

2333 4352 2491 4417 Δόξα,
2514 4356 2623 4409 Kal
2638 4354 2751 4407 νῦν.
3356 4352 3663 4410 Θεοτόκιον.

2265 4441 2517 4503 Θεοτόκε,
2561 4444 2626 4497 σύ
2675 4439 2726 4497 εἴ
2760 4446 2795 4515 ἡ
2840 4443 3085 4513 ἄμπελος
3112 4442 3146 4511 ἡ
3181 4438 3430 4513 ἀληθινὴ,
3469 4443 3503 4513 ἡ
3537 4441 3773 4516 βλαστή-

518 4566 665 4612 ctum
724 4546 1008 4622 peperisti.
1060 4542 1185 4603 Te,
1242 4538 1508 4600 Domina,
1552 4534 1930 4604 deprecamur,
1983 4545 2082 4584 una

2198 4547 2340 4588 σασα
2366 4533 2457 4585 τὸν
2488 4534 2697 4605 καρπὸν
2733 4534 2833 4605 τῆς
2858 4529 3023 4603 ζωῆς·
3051 4529 3769 4604 σὲίκετεύομεν,πρέσ6ευε,

519 4662 643 4705 cum
696 4620 953 4714 apostolis
1009 4646 1134 4708 pete
1196 4628 1481 4688 animabus
1534 4624 1739 4681 nostris
1780 4620 2093 4681 misericor-

521 4742 686 4795 diam.

591 4830 855 4888 Dominus
881 4825 1021 4880 Deus
1068 4816 1409 4880 benedictus,
1460 4806 1790 4867 benedictus.
1832 4805 2093 4863 Dominus

516 4930 583 4983 de
620 4923 710 4981 die
748 4922 801 4977 in
830 4920 997 4975 diem.
1029 4915 1295 4984 Prospera
1330 4923 1451 4971 nos,
1482 4906 1623 4959 Deus
1652 4900 1973 4958 salutarium
1998 4914 2093 4955 no-

514 5030 779 5080 strorum,
816 5012 960 5067 Deus
986 5015 1189 5069 noster,
1215 5003 1355 5058 Deus
1391 4998 1604 5055 salutis.

596 5107 703 5163 245
728 5106 833 5160 ωε.
865 5098 1195 5169 Trisagium,
1246 5088 1604 5147 Sanctissima
1641 5082 1901 5147 Trinitas,
1936 5083 2097 5138 Pater

520 5210 727 5263 noster,
753 5196 888 5263 Quia
916 5201 1064 5249 tuum
1093 5196 1200 5254 est,
1233 5195 1286 5240 et
1307 5185 1422 5238 haec
1443 5179 1718 5251 troparia:

592 5288 920 5344 Benedictus
956 5297 1049 5345 es,
1099 5274 1316 5332 Christe
1359 5273 1501 5328 Dens
1536 5280 1738 5336 noster,
1816 5269 1910 5341 qui
1953 5269 2099 5325 insti-

526 5378 677 5435 tuisti
702 5372 1137 5445 sapientissimos
1160 5367 1482 5436 piscatores,
1522 5360 1588 5415 ad
1623 5373 1826 5428 eosque
1849 5370 2095 5413 sanctum

525 5472 789 5542 Spiritum
827 5464 1041 5528 misisti,
1072 5471 1126 5517 et
1150 5473 1246 5528 per
1274 5471 1369 5513 eos
1402 5452 1651 5510 irretiisti
1678 5451 1865 5511 orbem
1890 5468 1906 5520 ;
1941 5467 1974 5509 ο
2001 5452 2099 5507 ho-

526 5568 732 5621 minum
761 5572 971 5623 amans,
1003 5556 1074 5612 sit
1102 5552 1200 5609 tibi
1247 5549 1439 5622 gloria.

666 5652 851 5712 Gloria

600 5792 678 5862 (a)
710 5788 897 5844 Matth.
928 5802 981 5862 v_,
991 5784 1093 5862 Δ45.

604 5856 679 5933 (ι)
710 5864 849 5917 l‘sal.
885 5856 1041 5927 1.,l2.

2199 4625 2484 4689 Δέσποινα,
2521 4625 2658 4695 μετὰ
2685 4624 2793 4679 τῶν
2818 4622 3130 4678 ἀποστόλων
3166 4620 3452 4693 ἐλεηθῆναι
3468 4622 3565 4685 τὰς
3594 4620 3773 4694 ψυχὰς

2198 4715 2375 4786 ἡμῶν·

2266 4811 2469 4883 Κύριος
2512 4812 2542 4864 ό
2577 4810 2708 4875 Θεὸς
2730 4810 3037 4881 εὐλογητὸς,
3083 4808 3371 4879 εὐλογητὸς
3396 4807 3600 4879 Κύριος
3632 4808 3774 4880 ἡμί-

2204 4920 2303 4973 ραν
2355 4901 2476 4957 καθ’
2507 4902 2741 4975 ἡμέραν.
2782 4902 3164 4956 Κατευόδωσαι
3186 4900 3341 4970 ἡμῖν,
3368 4898 3397 4951 6
3432 4896 3565 4963 Θεὸς
3598 4915 3775 4972 σωτη-

2203 4994 2332 5065 ρίων
2360 4992 2538 5064 ἡμῶν,
2574 4995 2602 5047 6
2629 4993 2762 5057 Θεὸς
2784 4995 2817 5064 ἡ
2828 4992 2964 5063 μῶν,
2985 4994 3014 5045 6
3041 4990 3174 5053 Θεὸς
3204 4989 3298 5043 τοῦ
3325 4989 3540 5055 σώζειν.

2271 5086 2586 5157 Τρισάγιον,
2610 5084 2857 5152 Παναγία
2884 5082 3074 5153 Τριάς,
3092 5081 3275 5153 Πάτερ
3306 5080 3484 5153 ἡμῶν,
3506 5080 3629 5133 Ὅτι
3659 5096 3775 5150 σου,

2204 5177 2298 5230 καὶ
2325 5177 2393 5230 τά
2420 5175 2693 5247 τροπάρια
2722 5172 2897 5227 ταῦτα
2916 5189 2927 5200 ·

2276 5269 2577 5339 Εὐλογητὸς
2610 5263 2680 5332 εἴ,
2718 5266 2921 5337 Χριστὲ
2954 5266 2983 5319 6
3027 5264 3158 5329 Θεὸς
3198 5263 3378 5335 ἡμῶν,
3406 5264 3436 5317 6
3465 5267 3778 5333 πανσόφους

2202 5363 2326 5425 τοὺς
2356 5362 2523 5423 ἀλιεῐς
2552 5359 2854 5425 ἀναδείξας,
2898 5354 3263 5427 καταπέμψας
3296 5356 3479 5420 αὐτοῖς
3515 5356 3575 5410 τὸ
3604 5356 3779 5410 Πνεῦ-

2186 5464 2282 5523 μα
2308 5452 2368 5505 τὸ
2404 5453 2578 5519 ἆγιον,
2614 5452 2708 5505 καὶ
2735 5450 2800 5504 δι’
2832 5448 3009 5503 αὐτῶν
3029 5448 3132 5519 τὴν
3157 5448 3484 5519 οἰκουμένην
3509 5447 3777 5521 σαγηνεύ-

2206 5560 2323 5608 σας,
2350 5543 2717 5614 φιλάνθρωπε,
2742 5541 2867 5610 δόξα
2894 5554 2998 5596 cor.

2339 5635 2491 5701 Δόξα.

2273 5778 2342 5847 (ε)
2377 5775 2505 5831 ibid.
2549 5774 2633 5829 ιδ.
