4058 6476
1404 419 1623 475 Αςοιι]
1636 421 1793 475 THIA
1834 420 2167 477 TlilPLlClS
2205 425 2421 483 FESTI.

3292 444 3579 488 CCCLXXVII

380 535 612 608 Ταχεῖαν
670 536 772 592 καὶ
836 532 1111 608 παθηρὰν
1158 536 1301 589 δίδου
1368 538 1721 611 παραμυθίαν
1767 544 1869 605 τοῖς

2043 542 2294 597 Velocem
2341 554 2394 598 et
2438 546 2916 602 lirmam'famulis
2949 548 3053 600 tuis
3097 549 3544 617 consolationem,

299 626 510 694 δούλοις
544 647 661 687 σου,
710 629 905 697 Ἰησου,
957 631 1014 682 ὲν
1035 630 1113 700 τῷ
1148 629 1442 701 ὰκηδιάσαι
1476 632 1546 684 τὰ
1592 632 1877 705 πνεύματα

299 723 478 793 ἡμῶν·
516 722 589 791 μὴ
630 719 863 790 χωρίσου
906 722 1013 777 τῶν
1051 720 1415 793 ψυχῶνήμῶν
1439 729 1496 778 ὲν
1531 723 1762 793 θλίψεσι·
1801 727 1876 799 μὴ

302 815 584 885 μακρύνου
598 811 706 864 τῶν
728 813 938 885 φρενῶν
958 814 1116 887 ήμῶν
1141 816 1198 867 ἐν
1226 818 1632 889 περιστάσεσιν·
1653 817 1766 872 ἀλλ’
1788 820 1875 873 ἀεὶ

296 906 448 977 ἡμᾶς
500 904 831 975 πρόφθασον·
877 897 1096 976 ἔγγισον
1134 908 1290 978 ἡμῖν,
1328 909 1567 979 ἐγγισον,
1608 910 1636 960 6
1668 927 1874 965 παντα-

296 997 413 1067 χοῦ·
460 995 649 1069 ὥσπερ
675 1001 768 1053 καὶ
799 1004 915 1063 τοῖς
954 1000 1274 1066 ἀποστόλοις
1308 1020 1400 1056 σου
1426 1003 1657 1055 πάντοτε
1691 1009 1872 1078 συνῆς,

293 1087 441 1140 οὕτω
465 1089 557 1141 καὶ
580 1093 692 1154 τοῖς
721 1109 780 1145 σε
806 1090 1059 1144 ποθοῦσιν
1075 1092 1275 1148 ’ἐνωσον
1301 1096 1544 1159 σεαυτὸν,
1571 1097 1871 1171 οἰκτίρμον,

295 1182 383 1233 ἴνα
419 1185 752 1255 συνημμένοι
811 1199 869 1236 σε
902 1183 1179 1258 ὑμνῶμεν,
1212 1188 1582 1259 δοξολογῶμεν
1628 1190 1688 1243 τὸ
1735 1208 1873 1247 παν-

295 1274 451 1342 άγιόν
480 1294 571 1328 σου
603 1274 845 1343 Πνεῦμα.

441 1368 550 1420 Καὶ
578 1367 693 1420 νῦν.
1428 1371 1729 1433 Θεοτόκιον.

383 1459 447 1509 'H
518 1458 697 1523 ἐλπὶς,
746 1462 837 1514 καὶ
878 1463 1204 1533 προστασία,
1264 1462 1358 1515 καὶ
1414 1468 1697 1535 καταφυγὴ
1765 1466 1873 1519 τῶν

298 1550 658 1620 Χριστιανῶν,
698 1555 758 1607 τὸ
795 1555 1220 1626 άκαταμάχητον
1248 1557 1425 1625 τεῖχος
1478 1558 1587 1612 τῶν
1632 1576 1873 1614 καταπο-

296 1642 597 1713 νουμένων,
630 1647 659 1698 6
704 1646 867 1717 λιμὴν
920 1649 949 1700 6
1005 1647 1354 1717 άχείμαστος,
1408 1651 1469 1703 σὺ
1516 1648 1587 1712 εἴ,
1641 1651 1871 1705 Θεοτόκε

295 1733 555 1804 ἄχραντε·
589 1736 702 1789 ἀλλ’
740 1736 815 1799 ὡς
851 1736 943 1789 τὸν
982 1737 1186 1806 κόσμον
1222 1736 1465 1803 σώζουσα
1491 1744 1556 1812 τῇ
1606 1740 1870 1809 ἀπαύστῳ

295 1824 565 1897 πρεσϐείᾳ
603 1843 715 1889 σου,
773 1824 1042 1896 μνήσθητι
1098 1829 1190 1882 καὶ
1221 1830 1398 1900 ἡμῶν,
1444 1830 1688 1902 Παρθένε
1735 1847 1870 1883 παν-

296 1918 526 1989 ὑμνητε.

368 2010 464 2075 Τὸ,
496 2010 690 2082 Κύριε,
729 2010 974 2082 ἐλέησον,
1019 2021 1091 2085 μ’.
1144 2016 1202 2066 '0
1268 2016 1326 2064 έν
1390 2013 1551 2064 παντὶ
1580 2014 1753 2083 καιρῷ
1779 2015 1874 2068 καὶ⁸

295 2103 451 2176 πάσῃ
483 2102 623 2175 ὥρᾳ·
662 2102 781 2174 μεθ’
812 2107 909 2175 ἣν,
947 2106 1151 2175 Κύριε,
1195 2104 1433 2172 ἐλέησον,
1476 2110 1544 2170 γ’.
1578 2102 1735 2166 Δόξα.
1762 2106 1873 2156 Καὶ

294 2195 409 2252 νῦν.
457 2196 569 2269 Τὴν
587 2198 919 2269 τιμιωτέραν
953 2196 1060 2250 τῶν
1102 2195 1386 2267 χερουόίμ.
1430 2197 1518 2248 Ἐν
1550 2195 1627 2265 τῷ
1649 2195 1873 2265 ὀνόματι

295 2288 504 2359 Κυρίου
522 2287 834 2361 εὐλόγησον,
849 2287 1051 2359 Πάτερ.
1072 2286 1200 2353 Καὶ,
1221 2289 1267 2340 εί
1293 2286 1409 2339 ἐστι
1427 2284 1870 2357 Τεσσαρακοστὴ,

294 2380 559 2450 ποιοῦμεν
595 2380 691 2444 τὰς
733 2380 1035 2451 μετανοίας,
1088 2380 1163 2442 ὡς
1211 2378 1557 2450 προεγράφη.
1613 2378 1768 2432 Μετὰ
1813 2378 1867 2431 δὲ

292 2469 392 2539 τὴν
433 2470 745 2522 τελευταίαν
802 2472 1088 2540 μετάνοιαν
1132 2470 1361 2538 λέγομεν
1410 2470 1510 2537 τὴν
1550 2470 1714 2541 εὐχὴν
1772 2467 1866 2522 τοῦ

293 2560 453 2627 ἁγίου
498 2560 836 2633 Μαρδαρίου,
888 2561 1134 2614 Δέσποτα
1173 2560 1296 2623 Θεὲ,
1330 2560 1517 2629 Πάτερ
1571 2560 1868 2629 παντοκρά-

293 2669 413 2723 τορ.

1986 633 2133 697 Jesu,
2166 633 2363 688 adhibe
2421 636 2473 689 in
2517 644 2826 692 nostrorum
2859 639 3149 709 spirituum
3179 656 3439 708 tttmrore;
3478 658 3547 699 ne

1986 728 2174 784 desere
2200 728 2409 782 animas
2438 738 2657 785 nostras
2686 729 2737 781 in
2765 730 3229 797 tribulationibus;
3255 746 3320 787 ne
3345 750 3373 787 a
3400 751 3548 789 meno

1989 817 2128 873 tibus
2170 818 2370 873 nostris
2406 820 2456 872 in
2485 819 2900 875 necessitatibus
2926 824 3216 893 elongare;
3248 827 3544 894 appropin-

1984 924 2087 978 qua
2114 911 2291 977 nobis,
2325 913 2691 983 appropinqua
2719 911 2809 980 qui
2844 928 2902 967 es
2925 913 3118 981 ubique
3148 934 3159 969 :
3186 926 3240 971 et
3287 919 3548 987 quemad—

1983 1003 2198 1057 modum
2225 1018 2350 1058 eras
2387 1018 2599 1073 semper
2648 1021 2768 1059 cum
2814 1004 3071 1071 apostolis
3106 1008 3231 1071 tuis,
3265 1010 3337 1065 ita
3365 1021 3419 1065 et
3446 1024 3547 1065 no-

1984 1091 2067 1145 bis
2098 1094 2174 1146 ιιιί
2200 1092 2558 1164 ﬂagrantibus
2588 1095 2860 1149 desiderio
2889 1096 3121 1167 adjunge
3153 1104 3221 1157 te.
3253 1111 3286 1151 ο
3328 1101 3545 1155 miseri—

1985 1197 2128 1245 cors,
2163 1194 2216 1236 ut
2251 1185 2424 1252 juncti
2459 1196 2509 1238 te
2544 1185 2903 1249 celebremus,
2949 1194 3003 1239 ct
3030 1187 3291 1256 Spiritum
3317 1190 3545 1245 sanctis-

1984 1273 2177 1326 simum
2212 1285 2357 1328 tuum
2382 1276 2761 1346 gloriﬁcamus.

2123 1364 2188 1418 Et
2221 1381 2386 1419 nunc.
3164 1367 3403 1426 Mariale.

2058 1457 2135 1510 Tu
2165 1498 2180 1522 ,
2254 1458 2458 1515 illibata
2515 1461 2606 1515 Dei
2657 1460 2948 1522 chitrix.
3004 1479 3061 1519 es
3109 1462 3546 1519 Christianorum

1978 1565 2120 1617 spes,
2159 1560 2214 1605 et
2240 1554 2620 1621 patrocinium,
2658 1563 2710 1609 et
2742 1554 3081 1625 perfugium;
3114 1559 3547 1627 inexpugnabilis

1977 1656 2363 1711 oppressorum
2403 1659 2614 1706 murus,
2646 1653 2833 1713 portus
2885 1646 3099 1700 nescius
3150 1649 3486 1718 tempestatis
3525 1666 3539 1702 :

1977 1748 2169 1801 quare,
2196 1735 2334 1789 sicut
2369 1738 2628 1791 mundum
2656 1750 2843 1791 servas
2878 1735 2992 1807 jugi
3028 1745 3117 1791 tua
3142 1739 3539 1809 deprecatione,

1976 1826 2055 1881 sic
2074 1832 2131 1880 et
2164 1828 2330 1880 nostri
2360 1828 2665 1882 recordare.

2047 2004 2150 2058 245
2180 2013 2280 2059 ter.
2310 2002 2559 2066 Domine,
2593 2004 2873 2067 miserere,
2896 2002 3237 2074 quadragies.
3263 2004 3363 2073 Qui
3394 2005 3540 2061 omni

1977 2103 2214 2164 tempore
2289 2103 2342 2149 et
2409 2094 2561 2149 bora.
2625 2093 2753 2149 Post
2811 2111 2972 2165 quam
3033 2110 3273 2167 precem,
3341 2098 3542 2153 dicitur

1976 2186 2219 2245 Domine.
2272 2190 2554 2255 miserere,
2621 2198 2721 2243 ter.
2763 2189 2963 2244 Gloria.
3032 2189 3101 2245 Et
3147 2204 3308 2244 nunc.
3358 2189 3541 2245 Excel-

1975 2278 2173 2332 sioretn
2202 2278 2518 2333 Cherubim.
2555 2281 2612 2334 lu
2647 2281 2867 2336 nomine
2897 2280 3108 2337 Domini
3138 2281 3365 2336 benedic
3391 2320 3408 2345 ,
3433 2281 3539 2335 Pa-

1979 2375 2080 2422 ter.
2130 2368 2216 2433 Et,
2250 2370 2293 2423 si
2327 2370 2399 2423 sit
2426 2370 2848 2442 Quadragesima
2871 2412 2886 2437 ,
2912 2371 3140 2427 facimus
3187 2373 3539 2436 reverentias,

1974 2474 2033 2518 ut
2059 2473 2185 2519 ante
2210 2464 2473 2536 scriptum
2504 2476 2610 2521 est.
2639 2464 2767 2520 Post
2798 2465 3042 2520 ultimam
3072 2474 3252 2521 autem
3285 2482 3541 2523 reveren-

1976 2558 2124 2621 tiam,
2160 2558 2451 2613 recitamus
2503 2560 2806 2611 orationem
2862 2556 2921 2611 S.
2977 2556 3257 2625 Mardarii,
3310 2562 3540 2615 Domine

1976 2649 2139 2711 Deus,
2166 2647 2325 2700 Pater
2350 2648 2715 2715 omnipotens.

1053 2762 1199 2819 Hanc
1218 2763 1516 2818 orationem
1547 2761 1603 2816 S.
1643 2761 1798 2815 Salia:
1826 2760 2085 2829 Typicum
2112 2760 2191 2813 sic
2221 2760 2484 2831 integram
2511 2761 2754 2815 exhibet.

365 2882 611 2936 Δέσποτα
664 2882 800 2943 Θεὲ,
854 2883 1033 2952 Πάτερ
1110 2879 1510 2951 παντοκράτορ,
1556 2883 1649 2932 καὶ
1703 2879 1873 2949 Κύριε

299 2974 393 3027 Υἱὲ
447 2974 731 3044 μονογενὲς
777 2973 951 3043 Ἰησοῦ
995 2974 1216 3042 Χριστὲ,
1279 2972 1431 3038 ἅγιον
1485 2970 1726 3039 Πνεῦμα,
1777 2972 1873 3039 μία

294 3064 509 3136 θεότης,
539 3065 635 3134 μία
660 3063 907 3133 δύναμις,
944 3062 1164 3133 ἐλέησόν
1195 3080 1260 3132 με
1295 3062 1384 3114 τόν
1416 3061 1755 3131 άμαρτωλόνο
1783 3062 1874 3112 καὶ

291 3151 377 3219 οἷς
405 3156 694 3210 ἐπίστασαι
728 3154 981 3227 κρίμασι,
1019 3153 1188 3207 σῶσόν
1217 3169 1281 3225 με
1318 3151 1406 3203 τὸν
1446 3150 1663 3213 ἀνάξιον
1690 3150 1871 3201 δοῦλον

298 3263 420 3315 σου,
454 3248 535 3303 ὅτι
555 3248 843 3321 εὐλογητὸς
872 3244 922 3300 εἶ
951 3250 1030 3310 είς
1059 3247 1184 3310 τοὺς
1217 3242 1438 3307 αίῶνας.
1475 3242 1665 3313 Ἀμήν.

2048 2874 2274 2929 Domine
2323 2877 2504 2943 Deus,
2544 2876 2703 2931 Pater
2753 2881 3127 2948 omnipotens,
3188 2888 3243 2932 et
3311 2880 3536 2934 Domine

1971 2965 2071 3019 Fili
2102 2966 2377 3036 unigenite
2404 2964 2530 3020 Jesu
2583 2966 2797 3021 Christe
2822 3010 2837 3032 ,
2872 2979 3061 3023 sanete
3111 2967 3345 3030 Spiritus
3368 3009 3383 3035 ,
3434 2956 3549 3023 una

1970 3060 2163 3124 deitas,
2198 3075 2304 3114 una
2336 3061 2574 3131 potentia
2605 3100 2620 3125 ,
2653 3062 2912 3116 miserere
2944 3062 3047 3116 mei
3074 3062 3373 3130 peccatoris
3408 3079 3423 3126 ;
3482 3072 3539 3117 et

1972 3154 2166 3219 quibus
2195 3155 2301 3208 scis
2353 3154 2593 3222 iudiciis,
2620 3155 2767 3209 salva
2823 3169 2908 3209 me
2965 3155 3240 3225 indignum
3275 3154 3535 3210 famulum

1973 3250 2143 3307 tuum,
2176 3242 2300 3310 quia
2321 3243 2633 3297 benedictus
2669 3259 2727 3297 es
2760 3245 2811 3297 in
2840 3245 3051 3298 saecula.
3087 3245 3282 3298 Amen.

371 3381 552 3435 Couu.
612 3381 719 3434 Sed
749 3379 1010 3450 'l‘ypicum
1042 3378 1129 3432 hic
1162 3392 1356 3431 nomen
1407 3374 1465 3430 S.
1496 3372 1748 3455 Mardarii
1793 3387 1898 3454 non
1961 3372 2239 3497 egrum“.
2273 3371 2374 3429 Hic
2414 3383 2635 3430 sanctus
2663 3373 2821 3457 nobis
2852 3373 3026 3455 adhuc
3078 3372 3385 3442 incognitus
3431 3381 3533 3453 est.

371 3450 560 3497 wimus
589 3452 803 3497 mtidem
838 3449 1071 3497 aliauetn
1104 3458 1349 3497 sanctum
1385 3444 1732 3497 Mardanum.
1764 3458 1857 3497 out
1889 3443 1988 3497 sub
2058 3445 2349 3497 toclettano
2384 3460 2577 3497 uassus
2607 3455 2690 3497 est
2718 3462 2771 3497 in
2800 3447 3058 3497 Armenta
3094 3459 3216 3497 cum
3242 3443 3533 3497 Eustratto.

295 3450 560 3505 Ilovirnus
589 3443 811 3517 quidem
834 3443 1071 3517 aliquem
1104 3458 1349 3500 sanctum
1385 3444 1732 3517 Mardarium,
1764 3445 1857 3517 qui
1889 3443 1988 3498 sub

2075 3445 2349 3499 ocletiano
2384 3460 2577 3515 passus
2607 3455 2690 3499 est
2718 3445 2771 3498 in
2800 3446 3058 3515 Armenia
3094 3459 3216 3515 cum
3242 3443 3536 3506 Eustratio,

296 3513 865 3587 Attxentio.'Eugenio
891 3513 1207 3595 e_i_0reste.;
1246 3516 1339 3569 sed
1371 3517 1456 3595 hic
1484 3520 1578 3595 est.
1618 3514 1915 3595 antiquior,
1946 3530 2106 3583 quam
2136 3525 2195 3569 ut
2221 3513 2523 3595 orationem
2548 3516 2719 3595 istam
2766 3514 3112 3595 contexuisse
3144 3513 3387 3595 videatur
3419 3529 3434 3576 ;
3482 3523 3539 3566 et

298 3590 428 3659 quia
460 3604 560 3643 nec
586 3580 815 3659 Allatius
842 3587 1058 3659 quidem
1087 3586 1255 3659 ipsius
1288 3581 1535 3659 meminit
1567 3580 1709 3635 inter
1742 3580 2015 3647 Melodos,
2044 3600 2221 3655 neque
2252 3588 2523 3655 reperitur
2548 3586 2602 3641 in
2631 3587 2838 3641 Catena
2868 3597 2964 3639 seu
2998 3584 3231 3647 Corona,
3256 3585 3369 3653 jam
3395 3597 3538 3653 saepe

299 3656 601 3726 nominata,
630 3657 801 3712 videri
826 3656 997 3727 possit
1027 3657 1280 3711 omnibus
1301 3656 1504 3725 junior.

1574 3808 1935 3865 MESORIUM
1975 3807 2272 3870 TERTI/E.

366 3954 520 4007 Μετὰ
547 3953 607 4005 τὸ
632 3993 644 4016 ,
674 3953 998 4023 Εὐλογητὸς,
1042 3951 1359 4023 Τρισάγιον,
1398 3949 1646 4018 Παναγία
1679 3950 1866 4021 Τριὰς,

2042 3951 2167 4005 244.
2223 3951 2349 4007 Post
2390 3952 2754 4017 Benedictus,
2804 3953 3128 4021 Trisagion,
3178 3949 3535 4007 Sauctissima

298 4044 483 4114 Πάτερ
558 4042 761 4113 ἡμῶν,
832 4041 1047 4105 Δεῦτε,
1117 4041 1630 4114 προσκυνήσωμεν,,
1682 4045 1753 4106 γ’,
1819 4041 1867 4093 οἱ

299 4135 535 4205 τιαλμοὶ,
578 4135 635 4187 θ·
673 4134 902 4205 Ὑψὼσω
953 4152 1041 4197 σε,
1098 4132 1291 4205 Κύριε,
1341 4134 1421 4185 ὅτι
1459 4131 1727 4194 ὑπέλαϐές
1763 4149 1828 4201 με
1852 4151 1864 4162 ο

297 4223 420 4303 city.
442 4228 470 4279 6
497 4226 598 4290 λα’,
624 4227 899 4296 Μακάριοι
924 4219 997 4278 ὧν
1026 4222 1303 4294 ἀφέθησαν
1329 4241 1340 4252 ·
1368 4227 1397 4277 6
1426 4224 1487 4287 ξ’,
1522 4223 1866 4286 Εἰσάκουσιν,

296 4320 331 4373 6
357 4317 508 4381 Θεδς,
542 4318 642 4387 τῆς
672 4318 907 4389 δεήσεώς
941 4334 1060 4387 μου.
1680 4392 1685 4397 ’

372 4410 531 4476 Δόξα,
562 4410 671 4463 Καὶ
695 4408 811 4472 νῦν,
847 4408 1162 4479 Τρισάγιον,
1186 4408 1435 4476 Παναγία
1464 4407 1653 4480 Τριὰς,
1689 4407 1868 4475 Πάτερ

304 4501 479 4573 Τιμῶν,
513 4504 607 4556 καὶ
628 4502 899 4573 τροπάρια
923 4501 1120 4557 ταῦτα.

402 4679 448 4732 ο
504 4679 634 4742 Θεὸς
668 4679 778 4733 τῶν
833 4680 1079 4751 πατέρων
1142 4680 1319 4751 ἡμῶν,
1365 4682 1393 4732 ὁ
1421 4680 1587 4732 ποιῶν
1636 4680 1721 4731 ἀεὶ
1744 4678 1868 4749 μεθ’

295 4768 462 4842 ἡμῶν
499 4770 639 4823 κατὰ
681 4772 780 4842 τὴν
833 4773 930 4843 σὴν
972 4773 1292 4834 ἐπιείκειαν,
1341 4772 1415 4842 μὴ
1459 4772 1773 4841 ἀποστήσῃς
1810 4770 1871 4822 τὸ

298 4858 452 4924 Ελεός
489 4877 580 4914 σου
607 4862 698 4929 ἀφ’
724 4865 757 4931 ἡ
767 4862 903 4930 μῶν,
936 4861 1073 4915 ἀλλὰ
1094 4864 1215 4923 ταῖς
1236 4861 1413 4915 αὐτῶν
1452 4861 1682 4923 ἱκεσίαις
1714 4862 1772 4913 ὲν
1795 4860 1869 4910 elo

303 4955 446 5025 οήνῃ
479 4952 812 5024 κυϐέρνησον
832 4953 928 5025 τὴν
957 4954 1100 5026 ζωὴν
1124 4957 1156 5024 ἡ
1166 4954 1303 5024 μῶν.

445 5044 601 5109 Δόξα.

375 5134 441 5188 Οἱ
472 5135 744 5205 μάρτυρές
778 5153 894 5196 σου,
949 5137 1141 5209 Κύριε,
1181 5141 1238 5191 ὲν
1306 5142 1369 5209 τῇ
1413 5139 1637 5210 ἀθλήσει
1669 5139 1865 5203 αὐτῶν,

296 5226 602 5294 στεφάνους
644 5228 967 5298 ἐκομίσαντο
989 5217 1097 5301 ’τῆς
1153 5230 1480 5301 ἀφθαρσίας,
1528 5234 1592 5285 ἐκ
1642 5230 1736 5285 σοῦ
1775 5231 1866 5285 τοῦ

296 5317 439 5372 Θεοῦ
480 5317 657 5389 ἡμῶν·
702 5319 914 5389 ἔχοντες
958 5321 1066 5393 γὰρ
1106 5322 1203 5393 τὴν
1251 5321 1401 5392 ἰσχύν
1451 5339 1565 5387 σου,
1606 5323 1731 5386 τοὺς
1776 5340 1867 5375 τυ-

300 5410 533 5483 ράννους
582 5410 845 5465 καθεῖλον·
886 5411 1155 5485 ἔθραυσαν
1206 5414 1297 5467 καὶ
1348 5414 1613 5485 δαιμόνων
1658 5414 1725 5466 τά
1774 5417 1862 5468 άν-

298 5505 502 5574 ισχυρα
517 5503 712 5575 θράση·
744 5504 920 5559 αὐτῶν
941 5510 1060 5571 ταῖς
1081 5506 1562 5581 ῑκεσῐαις,Χριστὲ,
1584 5507 1751 5559 σῶσον
1767 5510 1865 5573 τὰς

292 5594 481 5668 ψυχὰς
510 5596 682 5667 ἡμῶν·

449 5689 559 5741 Καὶ
586 5689 702 5742 νῦν.
1416 5694 1716 5748 Θεοτόκιον.

373 5781 563 5851 Τεῖχος
591 5782 1009 5861 άκαταμάχητον
1030 5786 1183 5856 ἡμων
1210 5785 1314 5837 τῶν
1332 5784 1669 5856 Χριστιανῶν
1688 5785 1861 5854 ὑπάρ-

296 5889 449 5947 χεις
495 5871 721 5926 Θεοτόκε
767 5874 1007 5943 Παρθενε
1144 5875 1274 5943 πρὸς
1316 5875 1372 5928 σὲ
1440 5876 1543 5946 γὰρ
1594 5876 1863 5943 κατειᾳεύ-

1968 4041 2225 4109 Trinitas,
2252 4044 2412 4098 Pater
2430 4058 2630 4108 noster,
2650 4044 2865 4110 Venite,
2884 4045 3193 4109 adoremus,
3217 4054 3321 4110 ter,
3341 4045 3535 4100 dicun-

1971 4143 2057 4187 tur
2080 4134 2265 4203 psalmi
2288 4154 2301 4188 :
2324 4151 2475 4198 xxix,
2504 4135 2762 4190 Exaltabo
2786 4144 2858 4200 te,
2879 4136 3122 4202 Domine,
3139 4140 3393 4207 quoniam
3413 4152 3535 4192 sus-

1968 4224 2156 4294 cepisti
2209 4240 2292 4278 me
2331 4243 2347 4279 :
2400 4226 2592 4281 deinde
2620 4242 2781 4294 ιιιι,
2830 4226 3014 4295 Beati,
3038 4244 3263 4298 quorum
3293 4231 3533 4284 remissa:

1969 4325 2131 4370 sunt:
2160 4326 2213 4369 et
2244 4333 2336 4381 ω,
2377 4316 2607 4382 Exaudi,
2650 4319 2808 4384 Dens,
2856 4321 3290 4390 deprecationem
3329 4336 3525 4376 meam.

2033 4406 2130 4462 llis
2182 4408 2405 4477 psalmis
2463 4408 2627 4464 ﬁnitis
2670 4410 2920 4466 dicuntur
2964 4430 2975 4464 :
3036 4412 3240 4465 Gloria.
3274 4411 3339 4464 Et
3366 4427 3529 4467 nunc.

1969 4496 2323 4553 Sanctissima
2369 4499 2623 4555 Trinitas.
2670 4500 2834 4555 Pater
2874 4509 3079 4567 uoster,
3112 4510 3168 4557 et
3208 4501 3324 4557 hac
3354 4512 3531 4573 tropa-

1969 4590 2072 4644 ria.

2035 4683 2177 4739 Deus
2210 4692 2423 4753 patrum
2479 4693 2810 4750 nostrorum,
2867 4685 2960 4753 qui
3003 4686 3287 4742 nobiscum
3319 4700 3533 4756 semper

1968 4775 2083 4843 agis
2116 4774 2410 4830 secundum
2465 4774 2937 4829 mansuetudinem
2972 4784 3118 4829 tuam
3147 4814 3163 4839 ,
3213 4789 3281 4829 ne
3311 4784 3528 4830 avertas

1971 4866 2396 4921 misericordiam
2454 4875 2600 4918 tuam
2638 4880 2667 4917 a
2705 4866 2879 4931 nobis,
2916 4867 3009 4921 sed
3041 4867 3280 4935 ipsorum
3338 4867 3530 4934 depre-

1970 4956 2273 5010 catiouibus
2305 4955 2472 5009 vitam
2504 4963 2741 5009 nostram
2772 4955 2824 5011 in
2855 4971 2987 5026 paco
3014 4956 3272 5027 guberna.

2108 5048 2309 5103 Gloria.

2051 5139 2315 5211 .ilartyres
2364 5139 2463 5205 tui,
2498 5140 2739 5203 Domine,
2790 5140 2843 5194 in
2898 5155 2997 5195 suo
3025 5141 3321 5197 certamine
3343 5144 3442 5198 abs
3477 5154 3528 5198 te

1974 5228 2082 5285 Deo
2114 5240 2297 5285 nostro
2324 5231 2623 5285 retulerunt
2656 5232 3082 5287 immortalitatis
3106 5248 3363 5290 coronam
3392 5254 3404 5290 :
3438 5246 3526 5291 tua

1972 5322 2114 5373 enim
2144 5320 2334 5374 muniti
2374 5320 2691 5377 fortitudine
2716 5323 2967 5377 vicerunt
3012 5332 3304 5394 tyrannos,
3333 5336 3389 5379 et
3420 5328 3530 5379 dae-

1973 5427 2190 5465 monum
2224 5412 2512 5467 invalidam
2544 5412 2819 5483 fregerunt
2859 5415 3163 5470 audaciam.
3202 5416 3529 5472 Eorutndetu

1975 5512 2271 5571 martyrum
2324 5504 2795 5573 deprecationibus
2827 5520 3001 5570 serva,
3049 5506 3290 5573 Christe,
3323 5509 3531 5563 animas

1972 5610 2202 5655 nostras.

2113 5692 2177 5746 Et
2212 5708 2373 5748 nunc.
3148 5694 3386 5752 Mariale.

2027 5784 2223 5839 tMurus
2282 5786 2710 5854 inexpugnabilis
2768 5786 3198 5841 Christianorum
3247 5802 3344 5851 es,
3398 5786 3521 5842 Dei-

1976 5890 2106 5945 para
2146 5876 2353 5946 Virgo:
2390 5890 2513 5930 nam
2556 5876 2621 5930 ad
2671 5885 2722 5930 te
2774 5875 3167 5947 confugientes,
3209 5877 3524 5932 invulnerati
