4058 6446
509 385 813 427 οσοιικτιιι

1860 374 2396 435 PROLEGOHENA.

509 491 888 560 persistimus;
928 496 978 543 et
1006 496 1335 559 peccantes.
1369 499 1422 547 te
1447 492 1714 547 habemus
1747 493 2078 564 deprecatri-

2190 513 2367 564 γοντες
2388 495 2618 568 ἄτρωτοι
2643 491 2988 566 διαμένομεν·
3022 491 3116 545 καὶ
3146 477 3304 549 πάλιν
3327 489 3755 562 ἁμαρτάνοντες,

507 600 650 634 (tetu.
686 583 812 635 Ideo
870 580 1153 636 referimus
1209 584 1303 637 tibi
1355 588 1590 655 gratias,
1639 595 1692 639 et
1747 588 2075 652 clamamus;

506 679 644 728 Ave.
675 673 850 743 gratia
886 673 1064 740 plena,
1091 673 1350 730 Dominus
1383 687 1579 734 tecum.

579 769 706 824 345.
763 767 1025 832 Domine,
1098 770 1394 838 miserere,
1471 771 1817 845 quadragies.
1872 773 2077 830 Gloria.

511 859 580 915 Et
633 873 798 914 nunc.
860 858 1233 915 Excelsiorem
1263 861 1580 918 Cherubim.
1626 864 1684 919 In
1729 869 1948 922 nomine
1979 866 2084 921 Do-

509 953 663 1014 mini,
697 951 948 1019 benedic,
979 951 1159 1006 Pater.
1213 951 1318 1008 Per
1371 971 1564 1024 preces
1613 970 1926 1015 sanctorum
1979 957 2082 1013 Pa-

508 1057 677 1096 trum.
714 1041 850 1097 Tres
902 1057 1128 1112 magnas
1171 1042 1400 1099 facimus
1433 1053 1790 1115 reverentias,
1823 1050 2083 1106 dicimus-

506 1150 613 1199 quc
665 1135 1031 1203 precationem
1063 1134 1122 1190 S.
1152 1135 1408 1205 Ephrem,
1443 1155 1505 1196 ac
1553 1141 1748 1197 deinde
1796 1142 1939 1198 hanc
1980 1142 2082 1196 Ba-

582 1317 809 1372 Domiue
841 1318 982 1373 Deus
1021 1326 1230 1384 noster,
1293 1321 1388 1387 qui
1445 1336 1631 1388 pacem
1691 1330 1834 1376 tuam
1890 1322 2080 1378 dedisti

508 1408 843 1474 hominibus,
876 1419 932 1464 et
956 1412 1290 1465 sanctissimi
1320 1412 1556 1480 Spiritus
1588 1413 1790 1468 donum
1843 1415 1908 1469 ad
1963 1425 2082 1468 tuos

509 1501 807 1563 discipulos
835 1518 897 1554 ac
930 1503 1208 1570 apostolos
1264 1503 1527 1558 demisisti
1561 1545 1577 1572 ,
1610 1521 1908 1575 eorumque
1939 1505 2082 1560 labia

507 1608 610 1662 per
641 1593 852 1662 linguas
892 1595 1080 1663 igneas
1108 1602 1198 1648 tua
1239 1595 1501 1663 aperuisti
1535 1598 1812 1665 potentia.
1854 1597 1999 1666 aperi
2027 1605 2084 1651 et

507 1692 698 1739 nostra
730 1695 1082 1753 peccatorum
1114 1685 1288 1752 labia;
1324 1702 1390 1742 ac
1422 1689 1718 1757 quomodo,
1745 1699 1796 1744 et
1833 1703 1932 1756 pro
1962 1689 2085 1757 qui-

508 1777 611 1831 bus
637 1793 800 1833 orare
858 1788 1147 1847 oporteat,
1179 1780 1345 1832 edoce
1385 1795 1507 1833 nos.
1560 1780 1744 1852 Dirige
1795 1783 1960 1837 vitam
1995 1797 2087 1835 no-

2183 583 2378 654 ἕχομὲν
2412 601 2470 636 σε
2499 583 2922 656 πρεσϐεύουσαν·
2945 582 3026 636 διὸ
3054 582 3502 654 εὐχαριστοῦντες
3546 581 3762 652 βοῶμέν

2184 688 2264 723 σοι
2283 688 2296 700 ·
2337 672 2527 745 Χαῖρε,
2559 671 2992 743 κεχαριτωμένη,
3016 671 3046 722 ὀ
3075 670 3279 740 Κύριος
3309 670 3445 743 μετὰ
3477 669 3596 722 σοῦ.

2255 763 2358 826 Τὸ,
2401 765 2596 837 Κύριε,
2655 763 2898 834 ἐλέησον,
2969 770 3044 836 μ’.
3096 761 3250 826 Δόξα.
3316 765 3427 819 Καὶ
3470 762 3585 817 νῦν.
3646 761 3764 834 Τὴν

2182 855 2516 928 τιμιωτέραν
2542 857 2649 912 τῶν
2681 857 2965 929 χερουᾶίμ.
3005 857 3092 910 Ἐν
3111 854 3336 926 ὀνόματι
3361 858 3586 925 Κυρίου.
3609 852 3762 908 εὐλό-

2186 966 2373 1020 γησον,
2395 950 2596 1020 Πάτερ.
2619 951 2696 1004 Δι’
2746 949 2920 1019 εὐχῶν
2974 950 3084 1004 τῶν
3109 948 3279 1018 ἁγίων
3321 951 3593 1021 πατέρων.
3647 945 3760 1010 Τὰς

2184 1045 2329 1112 τρεῖς
2367 1042 2608 1114 μεγάλας
2652 1042 2938 1115 μετανοίας
2989 1043 3126 1114 μετὰ
3170 1024 3290 1095 και
3319 1042 3418 1112 τῆς
3459 1043 3627 1114 εὐχῆς
3664 1037 3760 1094 τοῦ

2181 1137 2326 1193 ὁσίου
2363 1137 2620 1208 Ἐφραῖμ·
2650 1133 2767 1191 εἶτα
2786 1135 2883 1206 τὴν
2907 1135 3184 1206 παροῦσαν
3215 1133 3382 1204 εὐχὴν
3407 1133 3504 1187 τοῦ
3519 1133 3761 1206 μεγάλου

2182 1231 2458 1287 Βασιλείου
2477 1245 2493 1262 ⁸

2255 1321 2428 1394 Κύριε
2486 1323 2515 1375 6
2572 1319 2706 1384 Θεὸς
2732 1318 2910 1391 ἡμῶν,
2943 1315 2971 1367 6
2991 1313 3092 1385 τὴν
3123 1318 3222 1388 σὴν
3263 1318 3483 1391 εἰρήνην
3512 1315 3761 1382 δεδωκὼς

2184 1419 2295 1481 τοῖς
2337 1413 2667 1485 ἀνθρώποις,
2713 1414 2809 1466 καὶ
2857 1413 2956 1484 τὴν
3005 1407 3098 1461 τοῦ
3137 1411 3409 1478 παναγίου
3443 1409 3763 1480 Πνεύματος

2183 1508 2391 1580 δωρεὰν
2418 1508 2532 1569 τοῖς
2557 1507 2670 1568 σοῖς
2699 1504 2970 1574 μαθηταῖς
3009 1501 3104 1555 καὶ
3133 1502 3453 1566 ἀποστόλοις
3479 1502 3766 1571 καταπέμ-

2183 1601 2312 1672 ψας,
2342 1601 2434 1654 καὶ
2456 1598 2524 1652 τὰ
2559 1596 2764 1650 τούτων
2790 1596 2942 1668 χείλη
2967 1598 3032 1650 ὲκ
3056 1593 3295 1665 πυρίνων
3325 1592 3589 1662 γλωσσῶν
3610 1592 3764 1646 διαν-

2184 1695 2330 1760 οξξας
2343 1690 2568 1760 δυνάμει
2595 1704 2708 1740 σου’
2737 1686 3000 1752 διάνυιξον
3038 1686 3136 1740 καὶ
3164 1684 3322 1756 ἡμῶν
3354 1683 3461 1736 τῶν
3503 1686 3764 1762 ἀμαρτω-

2184 1786 2292 1839 λῶν
2322 1783 2390 1837 τὰ
2410 1782 2587 1853 χείλη,
2618 1781 2712 1834 καί
2739 1778 2949 1845 δίδαξον
3001 1779 3152 1850 ἡμᾶς
3178 1777 3294 1841 πῶς
3329 1777 3428 1838 δεῖ,
3469 1775 3562 1830 καὶ
3606 1773 3766 1846 ῐὺπὲρ

510 1882 708 1934 stram,
743 1881 823 1934 tu,
855 1873 946 1938 qui
995 1872 1322 1939 tranquillus
1353 1872 1729 1929 ﬂuctuantium
1760 1885 1952 1944 portus
2003 1891 2082 1938 es,

2190 1872 2260 1930 ὧν
2299 1873 2404 1945 χρὴ
2443 1870 2862 1944 προσεύχεσθαι.
2895 1871 3246 1943 Κυῆἑρνησον
3275 1868 3431 1940 ἡμῶν
3463 1868 3562 1940 τὴν
3591 1867 3766 1938 ζωὴν,

508 1973 565 2014 et
603 1963 742 2014 viam
771 1999 787 2026 ,
844 1959 898 2014 in
955 1975 1060 2030 qua
1117 1961 1454 2016 ambulemus
1491 1964 1644 2017 nobis
1689 1974 2079 2021 commonstra.

509 2053 778 2120 Spiritum
812 2062 1020 2106 rectmu
1058 2055 1258 2106 innova
1310 2055 1367 2107 in
1417 2055 1720 2110 visceribus
1749 2057 1955 2112 nostris
1977 2067 2085 2123 ,ει

510 2147 717 2214 Spiritu
754 2146 1038 2215 principali
1070 2149 1333 2201 conﬁrma
1365 2145 1440 2218 (a)
1463 2187 1479 2210 ,
1514 2148 1776 2218 quidquid
1806 2149 1859 2204 in
1888 2136 2085 2206 menti-

507 2240 613 2293 bus
641 2239 842 2291 nostris
879 2237 1144 2291 lubricum
1175 2247 1282 2301 est,
1333 2255 1396 2292 ac
1427 2241 1782 2309 inconstans;
1813 2251 1870 2296 ut
1903 2244 2083 2315 quoti-

510 2332 602 2385 die
645 2330 847 2398 Spiritu
891 2341 983 2384 tuo
1020 2331 1160 2384 bonu
1191 2331 1256 2383 ad
1289 2330 1372 2395 id,
1425 2336 1568 2402 quod
1616 2337 1947 2391 conveniens
1977 2345 2082 2399 est,

511 2423 750 2484 deducti,
779 2425 1037 2476 mandata
1077 2433 1164 2476 tua
1197 2425 1489 2480 observare
1516 2427 1808 2495 possimus,
1842 2442 2086 2498 semper-

515 2530 622 2583 qne
658 2515 975 2569 meminisse
1021 2524 1128 2569 tuae
1167 2514 1418 2584 gloriosae
1445 2519 1764 2585 praesentiae,
1795 2519 2089 2573 scrutantis

513 2607 718 2671 omnia,
746 2622 866 2676 quae
902 2623 930 2661 a
965 2607 1121 2663 nobis
1150 2608 1458 2665 hominibus
1503 2612 1661 2675 liuut,
1689 2620 1746 2664 et
1775 2626 1881 2666 non
1914 2611 2088 2682 decipi

515 2700 680 2752 lluxis
716 2700 876 2768 hujus
926 2701 1112 2754 mundi
1144 2702 1551 2773 voluptatibus;
1605 2705 1701 2760 sed
1737 2706 2089 2775 cupiditatem

511 2790 713 2843 futuris
747 2790 958 2843 fruendi
1017 2793 1287 2847 thesauris
1313 2796 1630 2852 corrobora.
1681 2795 1816 2864 Quia
1866 2795 2090 2853 benedi—

514 2890 638 2934 ctus
663 2896 744 2946 es,
764 2891 821 2937 et
842 2881 1128 2938 laudabilis
1160 2887 1214 2937 in
1245 2886 1500 2942 omnibus
1520 2890 1728 2946 sanctis
1763 2892 1871 2945 tuls
1911 2890 1964 2944 in
1991 2902 2094 2945 se-

524 2971 646 3026 cula
677 2973 1030 3030 szcculorum.
1062 2975 1252 3054 Amen.

2184 1971 2212 2023 6
2240 1967 2411 2030 εὔδιος
2451 1967 2558 2020 τῶν
2581 1963 2990 2038 χειμαζομένων
3011 1963 3197 2032 λιμὴν,
3221 1962 3317 2014 καὶ
3331 1963 3597 2035 γνώρισον
3627 1962 3766 2033 ἡμῖν

2185 2061 2320 2116 ὁδὸν.
2340 2055 2460 2132 ὲνῇ
2491 2054 3141 2127 πορευσώμεύα.Πνεῦμα
3170 2051 3326 2116 esse;
3358 2053 3668 2121 ἐγκαίνισον
3703 2053 3766 2104 ὲν

2186 2153 2296 2214 τοῖς
2325 2151 2574 2218 ὲγκάτοις
2612 2146 2788 2216 ἡμῶν.
2815 2146 2908 2198 καὶ
2934 2143 3206 2215 πνεύματι
3231 2142 3543 2215 ἡγεμονικῷ
3569 2141 3631 2194 τὸ
3661 2140 3765 2206 τῆς

2187 2241 2419 2306 διανοίας
2448 2239 2604 2310 ἡμῶν
2657 2237 2906 2308 στήριξον
2928 2235 3227 2308 ὀλισϐερὸνο
3257 2237 3343 2288 ἴνα
3376 2235 3492 2287 καθ’
3521 2231 3763 2302 ἑκάστην

2187 2335 2422 2405 ἡμέραν,
2448 2331 2524 2401 τῷ
2544 2328 2822 2400 Πνεύματί
2857 2345 2948 2382 σου
2981 2327 3060 2395 τῷ
3087 2326 3275 2396 ἀγαθῷ
3300 2325 3436 2396 πρὸς
3469 2324 3531 2377 τὸ
3553 2321 3766 2394 συμφέ-

2193 2442 2285 2496 ρον
2319 2421 2692 2496 ὁδηγούμενον,
2723 2420 3150 2492 καταξιωοῶμεν
3192 2419 3366 2471 ποιεῖν
3398 2414 3497 2482 τὰς
3539 2415 3768 2478 ἐντολάς

2191 2535 2308 2580 σου,
2343 2517 2440 2570 καὶ
2463 2513 2563 2584 τῆς
2594 2514 2692 2584 σῆς
2723 2513 2812 2566 ἀεὶ
2847 2509 3205 2583 μνημονεύειν
3246 2507 3458 2574 ἐνδόξου
3493 2508 3589 2561 καί
3609 2509 3769 2577 ἐρευ-

2188 2609 2411 2680 νητικῆς
2434 2606 2542 2659 τῶν
2567 2606 2970 2677 πεπραγμένων
3001 2603 3130 2672 ἡμῖν
3149 2605 3262 2664 τοῖς
3286 2598 3596 2670 ἀνθρώποις
3623 2615 3770 2670 παρ-

2188 2699 2396 2762 ουσίας,
2419 2696 2515 2749 καὶ
2545 2695 2619 2766 μὴ
2645 2695 2758 2756 τοῖς
2791 2689 3167 2762 φθειρομένοις
3194 2687 3286 2742 τοῦ
3323 2687 3528 2755 κόσμου
3573 2683 3774 2739 τούτου

2192 2785 2601 2842 συναπατᾶσθαι
2640 2785 2913 2856 τερπνοῖς,
2967 2781 3104 2835 ἀλλὰ
3145 2779 3253 2833 τῶν
3311 2776 3611 2849 μελλόντων
3655 2774 3776 2848 ὀρέ·

2189 2878 2384 2950 γεσθαι
2424 2877 2521 2949 τῆς
2577 2873 2927 2937 ἀπολαύσεως
2969 2871 3251 2942 ὲνὶσχυσον
3284 2864 3595 2941 θησαυρῶν.
3645 2864 3773 2916 ’Ότι

2186 2969 2503 3041 εὐλογητὸς,
2542 2969 2637 3023 καὶ
2667 2965 2876 3030 αἰνετὸς
2912 2963 3178 3036 ὑπάρχεις
3208 2961 3266 3014 ἐν
3285 2960 3422 3012 πᾶσι
3453 2959 3564 3020 τοῖς
3595 2953 3776 3024 ἁγίοις

2195 3080 2311 3129 σου,
2342 3064 2422 3125 εἰς
2445 3062 2570 3126 τοὺς
2601 3059 2802 3122 αἰῶνας
2825 3057 2935 3110 τῶν
2969 3054 3204 3109 αἰώνων.
3245 3050 3437 3122 Ἀμήν.

2033 3281 2255 3339 SEXTA
2267 3323 2279 3339 .

590 3467 719 3525 246.
785 3464 1112 3538 Praepositus
1157 3464 1288 3520 dicit
1353 3472 1436 3518 ter
1469 3482 1487 3518 :
1529 3461 1734 3527 Venite,
1763 3468 2044 3522 adoremus
2069 3485 2089 3524 :
2117 3464 2160 3522 C

520 3562 659 3615 ﬁunt
691 3559 1013 3616 reverentiae
1038 3565 1175 3621 tres,
1207 3568 1260 3612 et
1291 3557 1583 3628 incipimus
1633 3555 1831 3609 Horam
1859 3568 2094 3622 sextam,

519 3661 779 3705 canentes
822 3649 1084 3719 psalmum
1125 3665 1251 3709 LIII,
1298 3649 1466 3712 Deus,
1500 3649 1553 3702 in
1603 3647 1818 3702 nomine
1864 3657 1952 3701 tuo
1991 3647 2098 3702 sal-

519 3759 646 3796 vum
699 3757 784 3796 me
824 3741 952 3795 fac:
991 3750 1046 3793 et
1091 3755 1258 3804 um,
1299 3740 1546 3804 Exaudi,
1594 3740 1756 3807 Deus,
1800 3742 2094 3796 orationem

523 3849 724 3902 meam,
757 3842 813 3889 et
845 3847 910 3888 ne
941 3831 1254 3901 despexeris
1281 3847 1293 3883 :
1330 3838 1383 3882 et
1414 3843 1505 3894 xc,
1534 3829 1638 3895 Qui
1671 3831 1876 3884 habitat
1913 3831 1966 3886 in
2005 3833 2100 3886 ad-

519 3923 743 3994 jutorio.

592 4015 796 4071 Gloria.
857 4014 926 4069 Et
990 4029 1156 4071 nunc.
1217 4013 1462 4078 Alleluia,
1529 4022 1629 4068 ter.
1665 4011 1751 4078 Et,
1793 4013 1837 4068 si
1886 4014 2103 4070 canitur

523 4112 667 4165 Deus
697 4109 981 4172 Dominus,
1016 4109 1250 4162 dicimus
1305 4107 1599 4176 troparium
1653 4108 1792 4174 diei;
1825 4109 1870 4163 si
1919 4120 2099 4164 autem

523 4181 783 4269 Alleluia,
815 4215 1051 4270 sequens
1080 4200 1399 4268 troparium.
1434 4199 1620 4253 Touus
1647 4198 1710 4252 2.

598 4385 701 4452 Qui
723 4393 875 4440 sexta
909 4383 996 4438 die
1041 4391 1098 4437 et
1159 4383 1316 4446 hora,
1343 4379 1563 4435 alllxisti
1598 4380 1748 4436 cruci
1803 4381 2098 4436 admissum

527 4481 583 4534 in
632 4480 885 4550 paradiso
936 4477 1004 4530 ab
1040 4475 1250 4531 Adamo
1305 4485 1610 4545 peccatum,
1653 4473 1824 4527 etiam;
1855 4474 2099 4544 lapsuum

528 4583 836 4626 nostrorum
893 4569 1319 4640 chirographum
1360 4569 1610 4639 discerpe
1639 4609 1654 4633 ,
1687 4569 1903 4624 Christe
1936 4566 2101 4629 Deus,

522 4676 580 4719 et
609 4663 760 4719 salva
793 4677 915 4718 nos.

1050 4751 1488 4810 VERSICULUS
1525 4753 1579 4807 l.

2274 3466 2334 3519 '0
2364 3461 2643 3534 προεστώς
2681 3476 2697 3492 ο
2767 3457 2946 3514 Δεῦτε
2966 3496 2981 3522 ,
3009 3449 3552 3524 προσκυνήσωμεν,
3603 3448 3669 3502 ἐκ
3701 3456 3781 3516 γυ

2203 3558 2478 3628 μετάνοιαι
2503 3557 2672 3628 τρεῖς,
2699 3554 2792 3606 καὶ
2823 3547 3103 3622 ἀρχόμεθα
3134 3545 3233 3617 τῆς
3262 3543 3429 3612 ἒιιτης
3454 3539 3787 3610 ὥραςμψάλ-

2198 3646 2379 3707 λοντες
2411 3645 2524 3706 τὸν,
2561 3649 2662 3710 νγ’,
2697 3643 2756 3694 Ὀ
2797 3641 2950 3703 Θεὸς,
2997 3641 3054 3692 ἐν
3091 3636 3169 3707 τῷ
3207 3635 3431 3706 ὀνόματί
3467 3650 3561 3686 σου
3601 3631 3783 3686 σῶσόν

2201 3753 2289 3806 με.
2335 3735 2445 3789 Καὶ
2502 3732 2602 3800 ξγ¹,
2657 3729 2973 3790 Ἐνώτισαι,
3027 3730 3055 3782 6
3097 3727 3265 3792 Θεὸς,
3320 3725 3420 3797 τὴν
3468 3725 3782 3795 προσευχήν

2203 3841 2324 3893 μου,
2364 3822 2457 3875 καὶ
2489 3820 2564 3892 μὴ
2598 3818 2857 3890 ὑπερίδης
2878 3834 2890 3846 ·
2928 3817 3022 3871 καὶ
3057 3819 3127 3883 ιζ,
3159 3815 3219 3869 '0
3257 3813 3526 3869 κανοικῶν
3559 3815 3617 3866 ὲν
3651 3812 3786 3884 βοη-

2199 3914 2343 3968 θεία.

2270 4005 2424 4072 Δόξα.
2447 4004 2559 4059 Καὶ
2585 4003 2702 4058 νῦν.
2751 3999 3097 4073 Ἀλληλούῖα,
3129 4001 3194 4053 ἐκ
3216 4005 3286 4067 γ’.
3315 3997 3425 4051 Καὶ
3447 3997 3496 4050 εἰ
3528 3996 3626 4068 μὲν
3645 3994 3787 4067 ψάλ-

2201 4103 2348 4156 λεται
2379 4101 2459 4165 τὸ,
2507 4099 2639 4163 Θεὸς
2667 4097 2894 4170 Κύριος,
2926 4095 3157 4165 λέγομεν
3186 4094 3246 4147 τὸ
3269 4092 3369 4162 τῆς
3410 4090 3630 4163 ἡμέρας
3653 4107 3785 4162 τρο-

2204 4194 2416 4265 πάριον·
2453 4194 2500 4246 εἰ
2557 4191 2612 4244 δὲ
2650 4187 2988 4261 Ἀλληλούῖα,
3023 4186 3082 4239 τὸ
3111 4185 3284 4257 παρὸν
3316 4182 3639 4256 τροπάριον.
3681 4177 3784 4234 ἾΙ·

2203 4302 2296 4355 χος
2323 4283 2388 4352 β’.
3104 4297 3109 4301 ’

2283 4375 2340 4428 ’0
2388 4374 2446 4428 ἐν
2495 4373 2628 4443 ἕκτῃ
2699 4370 2886 4441 ἡμέρᾳ
2935 4368 3033 4422 καὶ⁴
3071 4367 3192 4440 ὥρᾳ
3226 4365 3304 4436 τῷ
3351 4362 3567 4433 σταυρῷ
3616 4375 3779 4431 προσα

2201 4465 2416 4540 ηλώσας
2459 4465 2558 4536 τὴν
2617 4465 2675 4516 ὲν
2719 4461 3034 4531 παραδείσῳ
3085 4456 3445 4528 τολμηθεῖσαν
3483 4453 3562 4524 τῷ
3611 4452 3786 4521 ’Λδὰμ

2203 4559 2500 4630 ἁμαρτίαν,
2539 4556 2633 4610 καὶ
2661 4555 2766 4608 τῶν
2817 4551 3173 4623 πταισμάτων
3202 4547 3378 4619 ’ἡμῶν
3406 4544 3467 4598 τὸ
3495 4543 3786 4616 χειρόγρα-

2203 4668 2300 4721 φον
2321 4647 2633 4721 διάρρηξον,
2663 4646 2867 4717 Χριστὲ
2906 4647 2934 4698 6
2967 4643 3120 4705 Θεὸς,
3146 4640 3240 4695 καὶ
3278 4636 3450 4692 σῶσον
3479 4637 3647 4707 ἡμᾶς.

2818 4734 3066 4790 ΣΤΙΧΟΣ
3091 4739 3162 4786 α’.

603 4847 834 4913 Exaudi,
864 4845 1029 4912 Deus,
1058 4847 1359 4901 orationem
1390 4861 1587 4910 meam,
1613 4854 1668 4899 et
1703 4860 1769 4900 ne
1794 4843 2090 4915 despexeris

2289 4831 2590 4896 ’Evdmcat,
2628 4833 2657 4885 6
2705 4830 2857 4893 Θεὸς,
2901 4828 3000 4899 τὴν
3047 4822 3348 4897 προτευχήν
3391 4837 3515 4893 μου,
3563 4819 3658 4874 καὶ
3704 4817 3782 4891 μὴ

529 4941 961 5014 deprecationem
997 4952 1172 4992 meam
1209 4936 1307 5008 (b).

1047 5028 1495 5087 VERSICULUS
1531 5030 1586 5084 2.

600 5129 712 5199 Ego
764 5133 831 5182 ad
898 5125 1067 5182 Deum
1141 5121 1406 5187 clamavi,
1461 5130 1514 5174 et
1572 5121 1826 5178 Domiaus
1898 5121 2104 5178 audivit

530 5236 616 5276 me
646 5220 737 5292 (c).

670 5312 877 5368 Gloria.
914 5310 981 5365 Et
1008 5325 1172 5364 nunc.
1719 5306 1963 5363 Mariale.

602 5407 741 5474 Quia
795 5421 901 5460 non
968 5404 1231 5459 habemus
1259 5388 1532 5469 ﬁduciam,
1566 5411 1791 5472 propter
1820 5401 1982 5455 multa
2014 5401 2108 5454 de-

2203 4927 2463 4998 ὑπερίδῃς
2497 4926 2595 4996 τὴν
2619 4924 2809 4995 δέησίν
2835 4939 2957 4992 μου.

2813 5011 3059 5066 STIXOS
3093 5009 3159 5080 βο.

2285 5109 2426 5179 Ἐγὼ
2451 5109 2586 5184 πρὸς
2620 5109 2709 5162 τὸν
2746 5106 2878 5160 Θεὸν
2905 5103 3198 5175 ἐκέκραξα,
3239 5100 3334 5155 καὶ
3366 5101 3396 5154 6
3424 5099 3631 5171 Κύριος
3671 5098 3790 5151 εἷσ-

2208 5203 2406 5276 ήκουσὲ
2439 5219 2561 5273 μου.

2378 5295 2535 5360 Δόξα.
2560 5293 2671 5346 Καὶ
2693 5291 2806 5345 νῦν.
3342 5280 3643 5337 Θεοτόκιον.

2285 5390 2411 5444 Ὀτι
2442 5388 2540 5441 οὐκ
2585 5385 2782 5456 ἔχομεν
2847 5379 3159 5454 παρρησίαν
3199 5375 3286 5430 διὰ
3311 5372 3380 5428 τὰ
3416 5371 3586 5426 πολλὰ
3631 5365 3791 5440 ἡμῶν

526 5499 661 5555 licta
717 5507 946 5561 nostra;
1001 5497 1123 5550 ideo
1176 5505 1278 5559 ιιι,
1314 5496 1481 5566 Virgo
1538 5495 1792 5563 Deipara,
1830 5493 2090 5548 obtestari

2215 5483 2606 5554 ἁμαρτήματα,
2641 5479 2705 5531 σὺ
2745 5477 2834 5530 τὸν
2881 5478 2943 5529 ἐκ
2967 5472 3059 5527 σοῦ
3089 5468 3417 5540 γεννηθέντα
3446 5461 3788 5531 δυσώπησον,

527 5590 701 5656 illum,
727 5591 821 5660 qui
881 5598 967 5644 est
1009 5604 1074 5643 ex
1109 5597 1163 5644 te
1197 5587 1410 5657 genitus
1440 5605 1453 5642 :
1489 5585 1719 5642 multum
1756 5585 1900 5640 enim
1966 5581 2104 5654 apud

598 5748 680 5818 (a)
707 5749 850 5804 Psal.
883 5767 938 5813 ι,
970 5749 1059 5802 Η.

601 5814 680 5885 (ιι)
703 5821 846 5877 Psal.
871 5834 981 5887 m,
1015 5819 1069 5874 ε.

2212 5551 2443 5631 Θεοτόκε
2462 5572 2726 5645 Παρθένε·
2768 5569 2941 5625 πολλὰ
2986 5566 3096 5640 γὰρ
3127 5562 3301 5635 ἰσχύει
3350 5559 3532 5632 δέησις
3569 5551 3792 5626 Μητρὸς

2288 5738 2358 5811 (c)
2386 5736 2528 5794 Psal.
2555 5749 2663 5800 ων,
2698 5731 2786 5787 18.
