  <div class='ocr_page' id='page_1' title='image "/cluster/home/n/w/nwhite01/storage/ocr_20150623/29/ien.35556001660547/391.png"; bbox 0 0 4058 6486; ppageno 0'>
   <div class='ocr_carea' id='block_1_1' title="bbox 1413 430 2445 492">
    <p class='ocr_par' dir='ltr' id='par_1_1' title="bbox 1413 430 2445 492">
     <span class='ocr_line' id='line_1_1' title="bbox 1413 430 2445 492; baseline -0.005 -2"><span class='ocrx_word' id='word_1_1' title='bbox 1413 434 1810 492; x_wconf 79' lang='lat' dir='ltr'><strong>ACOLU&#39;H‘IIA</strong></span> <span class='ocrx_word' id='word_1_2' title='bbox 1847 432 2190 491; x_wconf 75' lang='lat' dir='ltr'><strong>TRIPLICIS</strong></span> <span class='ocrx_word' id='word_1_3' title='bbox 2228 430 2445 488; x_wconf 81' lang='lat' dir='ltr'><strong>FESTI.</strong></span> 
     </span>
    </p>
   </div>
   <div class='ocr_carea' id='block_1_2' title="bbox 3292 436 3552 484">
    <p class='ocr_par' dir='ltr' id='par_1_2' title="bbox 3292 436 3552 484">
     <span class='ocr_line' id='line_1_2' title="bbox 3292 436 3552 484; baseline -0.035 0"><span class='ocrx_word' id='word_1_4' title='bbox 3292 436 3552 484; x_wconf 73' lang='grc' dir='ltr'>εεειιιιι</span> 
     </span>
    </p>
   </div>
   <div class='ocr_carea' id='block_1_3' title="bbox 306 537 1888 625">
    <p class='ocr_par' dir='ltr' id='par_1_3' title="bbox 306 547 1880 625">
     <span class='ocr_line' id='line_1_3' title="bbox 306 547 1880 625; baseline 0.003 -24"><span class='ocrx_word' id='word_1_5' title='bbox 306 547 441 622; x_wconf 76' lang='grc' dir='ltr'>πρὸς</span> <span class='ocrx_word' id='word_1_6' title='bbox 469 548 754 620; x_wconf 76' lang='grc' dir='ltr'>εὐμένειαν</span> <span class='ocrx_word' id='word_1_7' title='bbox 787 549 1076 604; x_wconf 84' lang='grc' dir='ltr'>Δεσπὸτου.</span> <span class='ocrx_word' id='word_1_8' title='bbox 1130 549 1222 621; x_wconf 83' lang='grc' dir='ltr'><strong>Μὴ</strong></span> <span class='ocrx_word' id='word_1_9' title='bbox 1263 550 1495 623; x_wconf 75' lang='grc' dir='ltr'>παρίδῃς</span> <span class='ocrx_word' id='word_1_10' title='bbox 1541 553 1880 625; x_wconf 74' lang='grc' dir='ltr'><strong>ἁμαρτωλῶν</strong></span> 
     </span>
    </p>
   </div>
   <div class='ocr_carea' id='block_1_4' title="bbox 1990 537 3551 625">
    <p class='ocr_par' dir='ltr' id='par_1_4' title="bbox 1990 537 3551 613">
     <span class='ocr_line' id='line_1_4' title="bbox 1990 537 3551 613; baseline -0.01 -8"><span class='ocrx_word' id='word_1_11' title='bbox 1990 554 2307 606; x_wconf 85' lang='lat' dir='ltr'><strong>clementem</strong></span> <span class='ocrx_word' id='word_1_12' title='bbox 2341 545 2627 601; x_wconf 85' lang='lat' dir='ltr'><strong>Dominum</strong></span> <span class='ocrx_word' id='word_1_13' title='bbox 2657 552 2837 613; x_wconf 90' lang='lat' dir='ltr'><strong>potest</strong></span> <span class='ocrx_word' id='word_1_14' title='bbox 2875 541 3067 596; x_wconf 79' lang='lat' dir='ltr'><strong>Matris</strong></span> <span class='ocrx_word' id='word_1_15' title='bbox 3121 537 3551 611; x_wconf 75' lang='lat' dir='ltr'><strong>depreprecatio.</strong></span> 
     </span>
    </p>
   </div>
   <div class='ocr_carea' id='block_1_5' title="bbox 308 639 1876 711">
    <p class='ocr_par' dir='ltr' id='par_1_5' title="bbox 308 639 1876 711">
     <span class='ocr_line' id='line_1_5' title="bbox 308 639 1876 711; baseline 0 -17"><span class='ocrx_word' id='word_1_16' title='bbox 308 640 535 704; x_wconf 79' lang='grc' dir='ltr'><strong>ἱκεσίας,</strong></span> <span class='ocrx_word' id='word_1_17' title='bbox 571 641 604 711; x_wconf 81' lang='grc' dir='ltr'>ἡ</span> <span class='ocrx_word' id='word_1_18' title='bbox 640 641 964 711; x_wconf 66' lang='grc' dir='ltr'>πάνσεμνος·</span> <span class='ocrx_word' id='word_1_19' title='bbox 1000 641 1082 692; x_wconf 83' lang='grc' dir='ltr'>ὅτι</span> <span class='ocrx_word' id='word_1_20' title='bbox 1124 639 1372 710; x_wconf 73' lang='grc' dir='ltr'>ἐλεήμων</span> <span class='ocrx_word' id='word_1_21' title='bbox 1402 642 1519 694; x_wconf 72' lang='grc' dir='ltr'>ἐστὶ</span> <span class='ocrx_word' id='word_1_22' title='bbox 1552 644 1644 694; x_wconf 73' lang='grc' dir='ltr'>καὶ</span> <span class='ocrx_word' id='word_1_23' title='bbox 1686 640 1876 705; x_wconf 76' lang='grc' dir='ltr'>σώζειν</span> 
     </span>
    </p>
   </div>
   <div class='ocr_carea' id='block_1_6' title="bbox 309 730 1877 802">
    <p class='ocr_par' dir='ltr' id='par_1_6' title="bbox 309 730 1877 802">
     <span class='ocr_line' id='line_1_6' title="bbox 309 730 1877 802; baseline 0.001 -19"><span class='ocrx_word' id='word_1_24' title='bbox 309 731 650 802; x_wconf 80' lang='grc' dir='ltr'>βουλόμενος,</span> <span class='ocrx_word' id='word_1_25' title='bbox 684 733 714 784; x_wconf 99' lang='lat'><strong>6</strong></span> <span class='ocrx_word' id='word_1_26' title='bbox 759 733 852 785; x_wconf 81' lang='grc' dir='ltr'><strong>καὶ</strong></span> <span class='ocrx_word' id='word_1_27' title='bbox 892 730 1084 784; x_wconf 80' lang='grc' dir='ltr'><strong>παθεῖν</strong></span> <span class='ocrx_word' id='word_1_28' title='bbox 1120 731 1260 794; x_wconf 81' lang='grc' dir='ltr'>ὑπὲρ</span> <span class='ocrx_word' id='word_1_29' title='bbox 1297 733 1328 799; x_wconf 80' lang='grc' dir='ltr'><strong>ἡ</strong></span> <span class='ocrx_word' id='word_1_30' title='bbox 1340 731 1455 798; x_wconf 80' lang='grc' dir='ltr'><strong>μῶν</strong></span> <span class='ocrx_word' id='word_1_31' title='bbox 1503 732 1877 794; x_wconf 73' lang='grc' dir='ltr'>καταδεξάμε-</span> 
     </span>
    </p>
   </div>
   <div class='ocr_carea' id='block_1_7' title="bbox 304 842 414 888">
    <p class='ocr_par' dir='ltr' id='par_1_7' title="bbox 304 842 414 888">
     <span class='ocr_line' id='line_1_7' title="bbox 304 842 414 888; baseline -0.009 -10"><span class='ocrx_word' id='word_1_32' title='bbox 304 842 414 888; x_wconf 67' lang='grc' dir='ltr'>νος.</span> 
     </span>
    </p>
   </div>
   <div class='ocr_carea' id='block_1_8' title="bbox 377 911 1874 985">
    <p class='ocr_par' dir='ltr' id='par_1_8' title="bbox 377 911 1874 985">
     <span class='ocr_line' id='line_1_8' title="bbox 377 911 1874 985; baseline -0.002 -19"><span class='ocrx_word' id='word_1_33' title='bbox 377 914 527 983; x_wconf 78' lang='grc' dir='ltr'>Ταχὺ</span> <span class='ocrx_word' id='word_1_34' title='bbox 577 913 1137 985; x_wconf 77' lang='grc' dir='ltr'>προκαταλαῦἐτωσαν</span> <span class='ocrx_word' id='word_1_35' title='bbox 1184 913 1332 984; x_wconf 75' lang='grc' dir='ltr'>ἡμᾶς</span> <span class='ocrx_word' id='word_1_36' title='bbox 1363 914 1412 964; x_wconf 77' lang='grc' dir='ltr'><strong>οι</strong></span> <span class='ocrx_word' id='word_1_37' title='bbox 1447 911 1722 981; x_wconf 77' lang='grc' dir='ltr'><strong>οἰκτιρμοί</strong></span> <span class='ocrx_word' id='word_1_38' title='bbox 1760 928 1874 974; x_wconf 85' lang='grc' dir='ltr'>σου,</span> 
     </span>
    </p>
   </div>
   <div class='ocr_carea' id='block_1_9' title="bbox 304 1003 1876 1076">
    <p class='ocr_par' dir='ltr' id='par_1_9' title="bbox 304 1003 1876 1076">
     <span class='ocr_line' id='line_1_9' title="bbox 304 1003 1876 1076; baseline -0.002 -18"><span class='ocrx_word' id='word_1_39' title='bbox 304 1005 508 1076; x_wconf 82' lang='grc' dir='ltr'><strong>Κύριε⁸</strong></span> <span class='ocrx_word' id='word_1_40' title='bbox 556 1006 634 1058; x_wconf 80' lang='grc' dir='ltr'>ὅτι</span> <span class='ocrx_word' id='word_1_41' title='bbox 678 1005 1102 1076; x_wconf 80' lang='grc' dir='ltr'>ὲπτωχεύσαμεν</span> <span class='ocrx_word' id='word_1_42' title='bbox 1142 1004 1366 1075; x_wconf 84' lang='grc' dir='ltr'>σφόδρα.</span> <span class='ocrx_word' id='word_1_43' title='bbox 1420 1003 1690 1074; x_wconf 76' lang='grc' dir='ltr'>Βοήθησον</span> <span class='ocrx_word' id='word_1_44' title='bbox 1726 1005 1876 1073; x_wconf 80' lang='grc' dir='ltr'>ἡμῖν,</span> 
     </span>
    </p>
   </div>
   <div class='ocr_carea' id='block_1_10' title="bbox 304 1091 1878 1166">
    <p class='ocr_par' dir='ltr' id='par_1_10' title="bbox 304 1091 1878 1166">
     <span class='ocr_line' id='line_1_10' title="bbox 304 1091 1878 1166; baseline -0.001 -19"><span class='ocrx_word' id='word_1_45' title='bbox 304 1097 334 1146; x_wconf 86' lang='grc' dir='ltr'>ὁ</span> <span class='ocrx_word' id='word_1_46' title='bbox 365 1094 497 1158; x_wconf 85' lang='grc' dir='ltr'>Θεὸς</span> <span class='ocrx_word' id='word_1_47' title='bbox 528 1097 555 1148; x_wconf 89' lang='lat'><strong>6</strong></span> <span class='ocrx_word' id='word_1_48' title='bbox 587 1095 776 1166; x_wconf 82' lang='grc' dir='ltr'>Σωτὴρ</span> <span class='ocrx_word' id='word_1_49' title='bbox 820 1095 1006 1166; x_wconf 83' lang='grc' dir='ltr'>ἡμῶν·</span> <span class='ocrx_word' id='word_1_50' title='bbox 1058 1095 1241 1150; x_wconf 72' lang='grc' dir='ltr'>ἕνεκεν</span> <span class='ocrx_word' id='word_1_51' title='bbox 1290 1097 1388 1165; x_wconf 81' lang='grc' dir='ltr'><strong>τῆς</strong></span> <span class='ocrx_word' id='word_1_52' title='bbox 1433 1094 1588 1162; x_wconf 78' lang='grc' dir='ltr'>δόξης</span> <span class='ocrx_word' id='word_1_53' title='bbox 1625 1091 1718 1148; x_wconf 91' lang='grc' dir='ltr'><strong>τοῦ</strong></span> <span class='ocrx_word' id='word_1_54' title='bbox 1761 1094 1878 1146; x_wconf 75' lang='grc' dir='ltr'><strong>ὀνὸρ</strong></span> 
     </span>
    </p>
   </div>
   <div class='ocr_carea' id='block_1_11' title="bbox 311 1185 1880 1258">
    <p class='ocr_par' dir='ltr' id='par_1_11' title="bbox 311 1185 1880 1258">
     <span class='ocr_line' id='line_1_11' title="bbox 311 1185 1880 1258; baseline -0.001 -19"><span class='ocrx_word' id='word_1_55' title='bbox 311 1188 479 1258; x_wconf 63' lang='grc' dir='ltr'>τιατός</span> <span class='ocrx_word' id='word_1_56' title='bbox 525 1203 638 1249; x_wconf 86' lang='grc' dir='ltr'>σου,</span> <span class='ocrx_word' id='word_1_57' title='bbox 685 1185 880 1258; x_wconf 85' lang='grc' dir='ltr'>Κύριε,</span> <span class='ocrx_word' id='word_1_58' title='bbox 924 1185 1084 1257; x_wconf 76' lang='grc' dir='ltr'>ῥῦσαι</span> <span class='ocrx_word' id='word_1_59' title='bbox 1118 1189 1298 1258; x_wconf 82' lang='grc' dir='ltr'>ἡμᾶς’</span> <span class='ocrx_word' id='word_1_60' title='bbox 1345 1185 1436 1238; x_wconf 83' lang='grc' dir='ltr'><strong>καὶ</strong></span> <span class='ocrx_word' id='word_1_61' title='bbox 1468 1185 1713 1255; x_wconf 81' lang='grc' dir='ltr'>ίλάστητι</span> <span class='ocrx_word' id='word_1_62' title='bbox 1760 1188 1880 1249; x_wconf 85' lang='grc' dir='ltr'>ταῖς</span> 
     </span>
    </p>
   </div>
   <div class='ocr_carea' id='block_1_12' title="bbox 307 1277 1562 1350">
    <p class='ocr_par' dir='ltr' id='par_1_12' title="bbox 307 1277 1562 1350">
     <span class='ocr_line' id='line_1_12' title="bbox 307 1277 1562 1350; baseline 0 -19"><span class='ocrx_word' id='word_1_63' title='bbox 307 1278 603 1350; x_wconf 78' lang='grc' dir='ltr'>ήμαρτίαις</span> <span class='ocrx_word' id='word_1_64' title='bbox 637 1278 794 1349; x_wconf 78' lang='grc' dir='ltr'><strong>ἡμῶν</strong></span> <span class='ocrx_word' id='word_1_65' title='bbox 821 1279 1007 1332; x_wconf 73' lang='grc' dir='ltr'>ἕνεκεν</span> <span class='ocrx_word' id='word_1_66' title='bbox 1036 1277 1127 1332; x_wconf 91' lang='grc' dir='ltr'><strong>τοῦ</strong></span> <span class='ocrx_word' id='word_1_67' title='bbox 1154 1277 1415 1347; x_wconf 80' lang='grc' dir='ltr'>ὀνόματός</span> <span class='ocrx_word' id='word_1_68' title='bbox 1444 1294 1562 1332; x_wconf 88' lang='grc' dir='ltr'>σου.</span> 
     </span>
    </p>
   </div>
   <div class='ocr_carea' id='block_1_13' title="bbox 379 1368 1882 1441">
    <p class='ocr_par' dir='ltr' id='par_1_13' title="bbox 379 1368 1882 1441">
     <span class='ocr_line' id='line_1_13' title="bbox 379 1368 1882 1441; baseline 0.001 -19"><span class='ocrx_word' id='word_1_69' title='bbox 379 1371 690 1440; x_wconf 76' lang='grc' dir='ltr'>Τρισάγιον,</span> <span class='ocrx_word' id='word_1_70' title='bbox 739 1371 982 1438; x_wconf 88' lang='grc' dir='ltr'>Παναγία</span> <span class='ocrx_word' id='word_1_71' title='bbox 1023 1368 1209 1438; x_wconf 85' lang='grc' dir='ltr'>Τριὰς,</span> <span class='ocrx_word' id='word_1_72' title='bbox 1238 1368 1419 1439; x_wconf 81' lang='grc' dir='ltr'>Πάτερ</span> <span class='ocrx_word' id='word_1_73' title='bbox 1452 1370 1623 1441; x_wconf 75' lang='grc' dir='ltr'>ἡμῶν,</span> <span class='ocrx_word' id='word_1_74' title='bbox 1669 1371 1762 1423; x_wconf 72' lang='grc' dir='ltr'><strong>καὶ</strong></span> <span class='ocrx_word' id='word_1_75' title='bbox 1814 1369 1882 1423; x_wconf 76' lang='grc' dir='ltr'><strong>τά</strong></span> 
     </span>
    </p>
   </div>
   <div class='ocr_carea' id='block_1_14' title="bbox 305 1458 1366 1538">
    <p class='ocr_par' dir='ltr' id='par_1_14' title="bbox 305 1458 1366 1538">
     <span class='ocr_line' id='line_1_14' title="bbox 305 1458 1366 1538; baseline -0.003 -20"><span class='ocrx_word' id='word_1_76' title='bbox 305 1465 577 1538; x_wconf 85' lang='grc' dir='ltr'>τροπάρια</span> <span class='ocrx_word' id='word_1_77' title='bbox 594 1463 783 1527; x_wconf 88' lang='grc' dir='ltr'>ταῦτα,</span> <span class='ocrx_word' id='word_1_78' title='bbox 815 1465 894 1521; x_wconf 86' lang='grc' dir='ltr'>εἰς</span> <span class='ocrx_word' id='word_1_79' title='bbox 919 1458 1050 1533; x_wconf 82' lang='grc' dir='ltr'>ἦχον</span> <span class='ocrx_word' id='word_1_80' title='bbox 1083 1461 1330 1533; x_wconf 83' lang='grc' dir='ltr'>δεύτερον</span> <span class='ocrx_word' id='word_1_81' title='bbox 1353 1479 1366 1492; x_wconf 87' lang='grc'><strong>·</strong></span> 
     </span>
    </p>
   </div>
   <div class='ocr_carea' id='block_1_15' title="bbox 377 1553 1882 1626">
    <p class='ocr_par' dir='ltr' id='par_1_15' title="bbox 377 1553 1882 1626">
     <span class='ocr_line' id='line_1_15' title="bbox 377 1553 1882 1626; baseline 0.001 -18"><span class='ocrx_word' id='word_1_82' title='bbox 377 1557 628 1626; x_wconf 80' lang='grc' dir='ltr'><strong>Σωτήρια</strong></span> <span class='ocrx_word' id='word_1_83' title='bbox 670 1553 910 1625; x_wconf 78' lang='grc' dir='ltr'><strong>εἰργάσω</strong></span> <span class='ocrx_word' id='word_1_84' title='bbox 953 1555 1010 1606; x_wconf 85' lang='grc' dir='ltr'><strong>ὲν</strong></span> <span class='ocrx_word' id='word_1_85' title='bbox 1066 1553 1215 1623; x_wconf 79' lang='grc' dir='ltr'>μέσῳ</span> <span class='ocrx_word' id='word_1_86' title='bbox 1257 1553 1357 1622; x_wconf 81' lang='grc' dir='ltr'><strong>τῆς</strong></span> <span class='ocrx_word' id='word_1_87' title='bbox 1424 1554 1553 1624; x_wconf 77' lang='grc' dir='ltr'>γῆς,</span> <span class='ocrx_word' id='word_1_88' title='bbox 1605 1555 1802 1625; x_wconf 81' lang='grc' dir='ltr'>Χριστὲ</span> <span class='ocrx_word' id='word_1_89' title='bbox 1854 1557 1882 1609; x_wconf 92' lang='lat'><strong>6</strong></span> 
     </span>
    </p>
   </div>
   <div class='ocr_carea' id='block_1_16' title="bbox 306 1644 1884 1717">
    <p class='ocr_par' dir='ltr' id='par_1_16' title="bbox 306 1644 1884 1717">
     <span class='ocr_line' id='line_1_16' title="bbox 306 1644 1884 1717; baseline -0.001 -16"><span class='ocrx_word' id='word_1_90' title='bbox 306 1649 461 1712; x_wconf 79' lang='grc' dir='ltr'><strong>Θεός⁸</strong></span> <span class='ocrx_word' id='word_1_91' title='bbox 498 1647 587 1699; x_wconf 76' lang='grc' dir='ltr'>ἐπὶ</span> <span class='ocrx_word' id='word_1_92' title='bbox 621 1645 852 1716; x_wconf 83' lang='grc' dir='ltr'>σταυροῦ</span> <span class='ocrx_word' id='word_1_93' title='bbox 875 1644 974 1708; x_wconf 83' lang='grc' dir='ltr'>τὰς</span> <span class='ocrx_word' id='word_1_94' title='bbox 1005 1645 1307 1716; x_wconf 86' lang='grc' dir='ltr'>ἀχράντους</span> <span class='ocrx_word' id='word_1_95' title='bbox 1337 1662 1429 1698; x_wconf 91' lang='grc' dir='ltr'><strong>σου</strong></span> <span class='ocrx_word' id='word_1_96' title='bbox 1464 1649 1651 1717; x_wconf 89' lang='grc' dir='ltr'>χεῖρας</span> <span class='ocrx_word' id='word_1_97' title='bbox 1685 1647 1884 1713; x_wconf 76' lang='grc' dir='ltr'>ἑξέτει-</span> 
     </span>
    </p>
   </div>
   <div class='ocr_carea' id='block_1_17' title="bbox 306 1737 1884 1812">
    <p class='ocr_par' dir='ltr' id='par_1_17' title="bbox 306 1737 1884 1812">
     <span class='ocr_line' id='line_1_17' title="bbox 306 1737 1884 1812; baseline 0.001 -20"><span class='ocrx_word' id='word_1_98' title='bbox 306 1758 425 1806; x_wconf 70' lang='grc' dir='ltr'>νας,</span> <span class='ocrx_word' id='word_1_99' title='bbox 474 1738 817 1806; x_wconf 70' lang='grc' dir='ltr'>ὲπισυνάγων</span> <span class='ocrx_word' id='word_1_100' title='bbox 848 1738 1034 1793; x_wconf 83' lang='grc' dir='ltr'>πάντα</span> <span class='ocrx_word' id='word_1_101' title='bbox 1059 1737 1127 1791; x_wconf 81' lang='grc' dir='ltr'><strong>τὰ</strong></span> <span class='ocrx_word' id='word_1_102' title='bbox 1171 1737 1321 1810; x_wconf 80' lang='grc' dir='ltr'>ἔθνη,</span> <span class='ocrx_word' id='word_1_103' title='bbox 1367 1738 1657 1808; x_wconf 76' lang='grc' dir='ltr'><strong>κράζοντα,</strong></span> <span class='ocrx_word' id='word_1_104' title='bbox 1688 1740 1884 1812; x_wconf 83' lang='grc' dir='ltr'>Κύριε,</span> 
     </span>
    </p>
   </div>
   <div class='ocr_carea' id='block_1_18' title="bbox 302 1829 555 1895">
    <p class='ocr_par' dir='ltr' id='par_1_18' title="bbox 302 1829 555 1895">
     <span class='ocr_line' id='line_1_18' title="bbox 302 1829 555 1895; baseline 0.004 -11"><span class='ocrx_word' id='word_1_105' title='bbox 302 1829 431 1895; x_wconf 82' lang='grc' dir='ltr'>δόξα</span> <span class='ocrx_word' id='word_1_106' title='bbox 455 1849 555 1885; x_wconf 83' lang='grc' dir='ltr'>σοι.</span> 
     </span>
    </p>
   </div>
   <div class='ocr_carea' id='block_1_19' title="bbox 448 1925 603 1996">
    <p class='ocr_par' dir='ltr' id='par_1_19' title="bbox 448 1925 603 1996">
     <span class='ocr_line' id='line_1_19' title="bbox 448 1925 603 1996; baseline 0.013 -18"><span class='ocrx_word' id='word_1_107' title='bbox 448 1925 603 1996; x_wconf 79' lang='grc' dir='ltr'>Δόξα.</span> 
     </span>
    </p>
   </div>
   <div class='ocr_carea' id='block_1_20' title="bbox 379 2017 1882 2091">
    <p class='ocr_par' dir='ltr' id='par_1_20' title="bbox 379 2017 1882 2091">
     <span class='ocr_line' id='line_1_20' title="bbox 379 2017 1882 2091; baseline 0.003 -23"><span class='ocrx_word' id='word_1_108' title='bbox 379 2017 492 2087; x_wconf 81' lang='grc' dir='ltr'><strong>Τὴν</strong></span> <span class='ocrx_word' id='word_1_109' title='bbox 521 2019 788 2089; x_wconf 84' lang='grc' dir='ltr'>ἄχραντον</span> <span class='ocrx_word' id='word_1_110' title='bbox 821 2017 1000 2071; x_wconf 73' lang='grc' dir='ltr'>εἰκόνα</span> <span class='ocrx_word' id='word_1_111' title='bbox 1063 2034 1155 2070; x_wconf 90' lang='grc' dir='ltr'><strong>σου</strong></span> <span class='ocrx_word' id='word_1_112' title='bbox 1221 2017 1651 2091; x_wconf 75' lang='grc' dir='ltr'><strong>προσκυνοῦμεν,</strong></span> <span class='ocrx_word' id='word_1_113' title='bbox 1690 2020 1882 2090; x_wconf 81' lang='grc' dir='ltr'>ἀγαθὲ,</span> 
     </span>
    </p>
   </div>
   <div class='ocr_carea' id='block_1_21' title="bbox 305 2109 1884 2185">
    <p class='ocr_par' dir='ltr' id='par_1_21' title="bbox 305 2109 1884 2185">
     <span class='ocr_line' id='line_1_21' title="bbox 305 2109 1884 2185; baseline 0.003 -23"><span class='ocrx_word' id='word_1_114' title='bbox 305 2110 975 2182; x_wconf 81' lang='grc' dir='ltr'>αἰτούμενοισυγχὼρησιν</span> <span class='ocrx_word' id='word_1_115' title='bbox 1016 2109 1126 2162; x_wconf 81' lang='grc' dir='ltr'>τῶν</span> <span class='ocrx_word' id='word_1_116' title='bbox 1151 2113 1511 2180; x_wconf 80' lang='grc' dir='ltr'><strong>πταισμάτων</strong></span> <span class='ocrx_word' id='word_1_117' title='bbox 1538 2113 1711 2183; x_wconf 70' lang='grc' dir='ltr'>ἡμῶν,</span> <span class='ocrx_word' id='word_1_118' title='bbox 1746 2115 1884 2185; x_wconf 88' lang='grc' dir='ltr'>Χρι-</span> 
     </span>
    </p>
   </div>
   <div class='ocr_carea' id='block_1_22' title="bbox 309 2201 1884 2275">
    <p class='ocr_par' dir='ltr' id='par_1_22' title="bbox 309 2201 1884 2275">
     <span class='ocr_line' id='line_1_22' title="bbox 309 2201 1884 2275; baseline 0.004 -23"><span class='ocrx_word' id='word_1_119' title='bbox 309 2202 401 2253; x_wconf 86' lang='grc' dir='ltr'><strong>στὲ</strong></span> <span class='ocrx_word' id='word_1_120' title='bbox 435 2203 462 2254; x_wconf 88' lang='grc' dir='ltr'>ὁ</span> <span class='ocrx_word' id='word_1_121' title='bbox 489 2201 638 2264; x_wconf 87' lang='grc' dir='ltr'>Θεός·</span> <span class='ocrx_word' id='word_1_122' title='bbox 670 2201 920 2272; x_wconf 78' lang='grc' dir='ltr'><strong>βουλήσει</strong></span> <span class='ocrx_word' id='word_1_123' title='bbox 953 2201 1061 2271; x_wconf 84' lang='grc' dir='ltr'><strong>γὰρ</strong></span> <span class='ocrx_word' id='word_1_124' title='bbox 1098 2201 1394 2272; x_wconf 84' lang='grc' dir='ltr'>εὐδόκησας</span> <span class='ocrx_word' id='word_1_125' title='bbox 1424 2202 1665 2258; x_wconf 77' lang='grc' dir='ltr'>ἀνελθεῖν</span> <span class='ocrx_word' id='word_1_126' title='bbox 1699 2207 1757 2258; x_wconf 80' lang='grc' dir='ltr'>ὲν</span> <span class='ocrx_word' id='word_1_127' title='bbox 1804 2205 1884 2275; x_wconf 86' lang='grc' dir='ltr'>τῷ</span> 
     </span>
    </p>
   </div>
   <div class='ocr_carea' id='block_1_23' title="bbox 308 2291 1880 2368">
    <p class='ocr_par' dir='ltr' id='par_1_23' title="bbox 308 2291 1880 2368">
     <span class='ocr_line' id='line_1_23' title="bbox 308 2291 1880 2368; baseline 0.004 -23"><span class='ocrx_word' id='word_1_128' title='bbox 308 2291 546 2364; x_wconf 81' lang='grc' dir='ltr'>σταυρῷ,</span> <span class='ocrx_word' id='word_1_129' title='bbox 576 2294 662 2346; x_wconf 85' lang='grc' dir='ltr'><strong>ἵνα</strong></span> <span class='ocrx_word' id='word_1_130' title='bbox 699 2293 834 2364; x_wconf 77' lang='grc' dir='ltr'>ῥύσῃ</span> <span class='ocrx_word' id='word_1_131' title='bbox 861 2293 954 2357; x_wconf 82' lang='grc' dir='ltr'><strong>οὓς</strong></span> <span class='ocrx_word' id='word_1_132' title='bbox 984 2294 1225 2359; x_wconf 76' lang='grc' dir='ltr'>ἔπλασας</span> <span class='ocrx_word' id='word_1_133' title='bbox 1263 2298 1335 2350; x_wconf 80' lang='grc' dir='ltr'>ὲκ</span> <span class='ocrx_word' id='word_1_134' title='bbox 1360 2296 1460 2368; x_wconf 80' lang='grc' dir='ltr'>τῆς</span> <span class='ocrx_word' id='word_1_135' title='bbox 1486 2297 1729 2364; x_wconf 78' lang='grc' dir='ltr'>δουλείας</span> <span class='ocrx_word' id='word_1_136' title='bbox 1786 2299 1880 2353; x_wconf 86' lang='grc' dir='ltr'><strong>τοῦ</strong></span> 
     </span>
    </p>
   </div>
   <div class='ocr_carea' id='block_1_24' title="bbox 304 2383 1883 2463">
    <p class='ocr_par' dir='ltr' id='par_1_24' title="bbox 304 2383 1883 2463">
     <span class='ocr_line' id='line_1_24' title="bbox 304 2383 1883 2463; baseline 0.006 -27"><span class='ocrx_word' id='word_1_137' title='bbox 304 2383 525 2454; x_wconf 77' lang='grc' dir='ltr'>ἐχθροῦ·</span> <span class='ocrx_word' id='word_1_138' title='bbox 562 2385 683 2438; x_wconf 81' lang='grc' dir='ltr'>ὅθεν</span> <span class='ocrx_word' id='word_1_139' title='bbox 717 2386 1055 2458; x_wconf 81' lang='grc' dir='ltr'>εὐχαρίστως</span> <span class='ocrx_word' id='word_1_140' title='bbox 1112 2387 1320 2460; x_wconf 82' lang='grc' dir='ltr'>βοῶμέν</span> <span class='ocrx_word' id='word_1_141' title='bbox 1361 2406 1463 2443; x_wconf 85' lang='grc' dir='ltr'>σοι’</span> <span class='ocrx_word' id='word_1_142' title='bbox 1491 2393 1680 2463; x_wconf 85' lang='grc' dir='ltr'>Χαρᾶς</span> <span class='ocrx_word' id='word_1_143' title='bbox 1717 2392 1883 2463; x_wconf 71' lang='grc' dir='ltr'><strong>ὲπλὴο</strong></span> 
     </span>
    </p>
   </div>
   <div class='ocr_carea' id='block_1_25' title="bbox 307 2476 1884 2555">
    <p class='ocr_par' dir='ltr' id='par_1_25' title="bbox 307 2476 1884 2555">
     <span class='ocr_line' id='line_1_25' title="bbox 307 2476 1884 2555; baseline 0.006 -26"><span class='ocrx_word' id='word_1_144' title='bbox 307 2493 490 2547; x_wconf 84' lang='grc' dir='ltr'>ρωσας</span> <span class='ocrx_word' id='word_1_145' title='bbox 519 2476 590 2529; x_wconf 87' lang='grc' dir='ltr'>τὰ</span> <span class='ocrx_word' id='word_1_146' title='bbox 620 2477 814 2542; x_wconf 90' lang='grc' dir='ltr'>πάντα,</span> <span class='ocrx_word' id='word_1_147' title='bbox 851 2482 879 2532; x_wconf 90' lang='lat'><strong>6</strong></span> <span class='ocrx_word' id='word_1_148' title='bbox 902 2480 1090 2552; x_wconf 80' lang='grc' dir='ltr'>Σωτὴρ</span> <span class='ocrx_word' id='word_1_149' title='bbox 1119 2483 1150 2551; x_wconf 81' lang='grc' dir='ltr'>ἡ</span> <span class='ocrx_word' id='word_1_150' title='bbox 1160 2482 1297 2551; x_wconf 82' lang='grc' dir='ltr'>μῶν,</span> <span class='ocrx_word' id='word_1_151' title='bbox 1334 2484 1772 2555; x_wconf 83' lang='grc' dir='ltr'>παραγενόμενος</span> <span class='ocrx_word' id='word_1_152' title='bbox 1805 2487 1884 2550; x_wconf 81' lang='grc' dir='ltr'><strong>είς</strong></span> 
     </span>
    </p>
   </div>
   <div class='ocr_carea' id='block_1_26' title="bbox 301 2567 938 2642">
    <p class='ocr_par' dir='ltr' id='par_1_26' title="bbox 301 2567 938 2642">
     <span class='ocr_line' id='line_1_26' title="bbox 301 2567 938 2642; baseline 0.008 -22"><span class='ocrx_word' id='word_1_153' title='bbox 301 2568 367 2620; x_wconf 76' lang='grc' dir='ltr'><strong>τὸ</strong></span> <span class='ocrx_word' id='word_1_154' title='bbox 407 2567 582 2620; x_wconf 78' lang='grc' dir='ltr'>σῶσαι</span> <span class='ocrx_word' id='word_1_155' title='bbox 597 2570 689 2623; x_wconf 86' lang='grc' dir='ltr'><strong>τὸν</strong></span> <span class='ocrx_word' id='word_1_156' title='bbox 717 2570 938 2642; x_wconf 85' lang='grc' dir='ltr'>κόσμον.</span> 
     </span>
    </p>
   </div>
   <div class='ocr_carea' id='block_1_27' title="bbox 483 2661 1739 2723">
    <p class='ocr_par' dir='ltr' id='par_1_27' title="bbox 483 2661 1739 2723">
     <span class='ocr_line' id='line_1_27' title="bbox 483 2661 1739 2723; baseline 0.007 -10"><span class='ocrx_word' id='word_1_157' title='bbox 483 2661 593 2713; x_wconf 75' lang='grc' dir='ltr'><strong>Καὶ</strong></span> <span class='ocrx_word' id='word_1_158' title='bbox 633 2662 748 2718; x_wconf 89' lang='grc' dir='ltr'>νῦν.</span> <span class='ocrx_word' id='word_1_159' title='bbox 1439 2667 1739 2723; x_wconf 85' lang='grc' dir='ltr'>Θεοτόκιον.</span> 
     </span>
    </p>
   </div>
   <div class='ocr_carea' id='block_1_28' title="bbox 381 2750 1884 2828">
    <p class='ocr_par' dir='ltr' id='par_1_28' title="bbox 381 2750 1884 2828">
     <span class='ocr_line' id='line_1_28' title="bbox 381 2750 1884 2828; baseline 0.006 -26"><span class='ocrx_word' id='word_1_160' title='bbox 381 2750 799 2823; x_wconf 75' lang='grc' dir='ltr'>Εὑσπλαγχνίας</span> <span class='ocrx_word' id='word_1_161' title='bbox 873 2753 1190 2825; x_wconf 81' lang='grc' dir='ltr'>ὑπάρχουσα</span> <span class='ocrx_word' id='word_1_162' title='bbox 1265 2757 1413 2826; x_wconf 81' lang='grc' dir='ltr'><strong>πηγὴ</strong></span> <span class='ocrx_word' id='word_1_163' title='bbox 1451 2799 1466 2823; x_wconf 91' lang='grc'><strong>,</strong></span> <span class='ocrx_word' id='word_1_164' title='bbox 1547 2758 1884 2828; x_wconf 82' lang='grc' dir='ltr'>συμπαθείας</span> 
     </span>
    </p>
   </div>
   <div class='ocr_carea' id='block_1_29' title="bbox 304 2842 1884 2923">
    <p class='ocr_par' dir='ltr' id='par_1_29' title="bbox 304 2842 1884 2923">
     <span class='ocr_line' id='line_1_29' title="bbox 304 2842 1884 2923; baseline 0.005 -27"><span class='ocrx_word' id='word_1_165' title='bbox 304 2842 537 2907; x_wconf 75' lang='grc' dir='ltr'>ἀξίωσον</span> <span class='ocrx_word' id='word_1_166' title='bbox 570 2845 737 2914; x_wconf 78' lang='grc' dir='ltr'>ἡμᾶς,</span> <span class='ocrx_word' id='word_1_167' title='bbox 786 2845 1031 2899; x_wconf 86' lang='grc' dir='ltr'>Θεοτόκε·</span> <span class='ocrx_word' id='word_1_168' title='bbox 1084 2846 1274 2917; x_wconf 76' lang='grc' dir='ltr'>βλέψον</span> <span class='ocrx_word' id='word_1_169' title='bbox 1304 2849 1382 2912; x_wconf 80' lang='grc' dir='ltr'>εἰς</span> <span class='ocrx_word' id='word_1_170' title='bbox 1421 2847 1547 2901; x_wconf 86' lang='grc' dir='ltr'>λαὸν</span> <span class='ocrx_word' id='word_1_171' title='bbox 1583 2849 1672 2903; x_wconf 91' lang='grc' dir='ltr'><strong>τὸν</strong></span> <span class='ocrx_word' id='word_1_172' title='bbox 1705 2851 1884 2923; x_wconf 81' lang='grc' dir='ltr'>ἀμαρ-</span> 
     </span>
    </p>
   </div>
   <div class='ocr_carea' id='block_1_30' title="bbox 304 2936 1885 3011">
    <p class='ocr_par' dir='ltr' id='par_1_30' title="bbox 304 2936 1885 3011">
     <span class='ocr_line' id='line_1_30' title="bbox 304 2936 1885 3011; baseline 0.008 -24"><span class='ocrx_word' id='word_1_173' title='bbox 304 2937 566 3006; x_wconf 82' lang='grc' dir='ltr'>τήσαντα·</span> <span class='ocrx_word' id='word_1_174' title='bbox 596 2936 764 3003; x_wconf 79' lang='grc' dir='ltr'>δεῖξον</span> <span class='ocrx_word' id='word_1_175' title='bbox 809 2940 889 3001; x_wconf 82' lang='grc' dir='ltr'><strong>είς</strong></span> <span class='ocrx_word' id='word_1_176' title='bbox 932 2939 1018 2991; x_wconf 71' lang='grc' dir='ltr'>ἀεὶ</span> <span class='ocrx_word' id='word_1_177' title='bbox 1068 2941 1166 3011; x_wconf 80' lang='grc' dir='ltr'><strong>τὴν</strong></span> <span class='ocrx_word' id='word_1_178' title='bbox 1211 2941 1530 2996; x_wconf 80' lang='grc' dir='ltr'>δυναστείαν</span> <span class='ocrx_word' id='word_1_179' title='bbox 1573 2960 1684 2997; x_wconf 76' lang='grc' dir='ltr'>σου’</span> <span class='ocrx_word' id='word_1_180' title='bbox 1716 2947 1794 3009; x_wconf 84' lang='grc' dir='ltr'><strong>εἰς</strong></span> <span class='ocrx_word' id='word_1_181' title='bbox 1826 2946 1885 2999; x_wconf 78' lang='grc' dir='ltr'>σὲ</span> 
     </span>
    </p>
   </div>
   <div class='ocr_carea' id='block_1_31' title="bbox 305 3027 1886 3103">
    <p class='ocr_par' dir='ltr' id='par_1_31' title="bbox 305 3027 1886 3103">
     <span class='ocr_line' id='line_1_31' title="bbox 305 3027 1886 3103; baseline 0.009 -24"><span class='ocrx_word' id='word_1_182' title='bbox 305 3027 419 3098; x_wconf 81' lang='grc' dir='ltr'><strong>γὰρ</strong></span> <span class='ocrx_word' id='word_1_183' title='bbox 452 3028 780 3095; x_wconf 78' lang='grc' dir='ltr'>ἐλπίζοντες,</span> <span class='ocrx_word' id='word_1_184' title='bbox 831 3031 913 3096; x_wconf 86' lang='grc' dir='ltr'><strong>τὸ,</strong></span> <span class='ocrx_word' id='word_1_185' title='bbox 946 3033 1140 3102; x_wconf 79' lang='grc' dir='ltr'>Χαῖρε,</span> <span class='ocrx_word' id='word_1_186' title='bbox 1198 3033 1408 3103; x_wconf 76' lang='grc' dir='ltr'>βοῶμέν</span> <span class='ocrx_word' id='word_1_187' title='bbox 1448 3053 1553 3099; x_wconf 90' lang='grc' dir='ltr'>σοι,</span> <span class='ocrx_word' id='word_1_188' title='bbox 1596 3036 1671 3100; x_wconf 86' lang='grc' dir='ltr'>ὼς</span> <span class='ocrx_word' id='word_1_189' title='bbox 1699 3039 1827 3092; x_wconf 81' lang='grc' dir='ltr'>ποτὲ</span> <span class='ocrx_word' id='word_1_190' title='bbox 1859 3041 1886 3094; x_wconf 84' lang='grc' dir='ltr'>ὁ</span> 
     </span>
    </p>
   </div>
   <div class='ocr_carea' id='block_1_32' title="bbox 307 3121 1547 3197">
    <p class='ocr_par' dir='ltr' id='par_1_32' title="bbox 307 3121 1547 3197">
     <span class='ocr_line' id='line_1_32' title="bbox 307 3121 1547 3197; baseline 0.006 -26"><span class='ocrx_word' id='word_1_191' title='bbox 307 3121 549 3190; x_wconf 78' lang='grc' dir='ltr'>Γαϐριὴλ</span> <span class='ocrx_word' id='word_1_192' title='bbox 583 3124 610 3175; x_wconf 88' lang='grc' dir='ltr'>ὁ</span> <span class='ocrx_word' id='word_1_193' title='bbox 637 3122 743 3174; x_wconf 82' lang='grc' dir='ltr'><strong>τῶν</strong></span> <span class='ocrx_word' id='word_1_194' title='bbox 764 3124 1069 3194; x_wconf 74' lang='grc' dir='ltr'>ἀσωμάτων</span> <span class='ocrx_word' id='word_1_195' title='bbox 1092 3126 1547 3197; x_wconf 82' lang='grc' dir='ltr'>ἀρχιστράτηγος.</span> 
     </span>
    </p>
   </div>
   <div class='ocr_carea' id='block_1_33' title="bbox 383 3212 1958 3306">
    <p class='ocr_par' dir='ltr' id='par_1_33' title="bbox 383 3212 1958 3306">
     <span class='ocr_line' id='line_1_33' title="bbox 383 3212 1958 3306; baseline 0.007 -44"><span class='ocrx_word' id='word_1_196' title='bbox 383 3212 566 3264; x_wconf 81' lang='grc' dir='ltr'>Ταῦτα</span> <span class='ocrx_word' id='word_1_197' title='bbox 620 3212 866 3279; x_wconf 73' lang='grc' dir='ltr'>λέγονται</span> <span class='ocrx_word' id='word_1_198' title='bbox 911 3216 975 3283; x_wconf 82' lang='grc' dir='ltr'>τῇ</span> <span class='ocrx_word' id='word_1_199' title='bbox 1022 3213 1290 3287; x_wconf 74' lang='grc' dir='ltr'>δευτέρᾳ,</span> <span class='ocrx_word' id='word_1_200' title='bbox 1335 3219 1402 3288; x_wconf 81' lang='grc' dir='ltr'>τῇ</span> <span class='ocrx_word' id='word_1_201' title='bbox 1449 3217 1627 3289; x_wconf 83' lang='grc' dir='ltr'>τρίτῃ,</span> <span class='ocrx_word' id='word_1_202' title='bbox 1665 3220 1756 3272; x_wconf 75' lang='grc' dir='ltr'>καὶ</span> <span class='ocrx_word' id='word_1_203' title='bbox 1819 3224 1884 3291; x_wconf 78' lang='grc' dir='ltr'>τῇ</span> <span class='ocrx_word' id='word_1_204' title='bbox 1914 3250 1958 3306; x_wconf 75' lang='lat' dir='ltr'><strong><em>C</em></strong></span> 
     </span>
    </p>
   </div>
   <div class='ocr_carea' id='block_1_34' title="bbox 305 3302 1887 3379">
    <p class='ocr_par' dir='ltr' id='par_1_34' title="bbox 305 3302 1887 3379">
     <span class='ocr_line' id='line_1_34' title="bbox 305 3302 1887 3379; baseline 0.006 -22"><span class='ocrx_word' id='word_1_205' title='bbox 305 3302 558 3374; x_wconf 78' lang='grc' dir='ltr'>πέμπτῃ,</span> <span class='ocrx_word' id='word_1_206' title='bbox 591 3304 680 3356; x_wconf 83' lang='grc' dir='ltr'>ὅτε</span> <span class='ocrx_word' id='word_1_207' title='bbox 702 3304 802 3358; x_wconf 81' lang='grc' dir='ltr'><strong>οὐκ</strong></span> <span class='ocrx_word' id='word_1_208' title='bbox 833 3305 944 3376; x_wconf 79' lang='grc' dir='ltr'>ἔχει</span> <span class='ocrx_word' id='word_1_209' title='bbox 973 3309 1006 3379; x_wconf 80' lang='grc' dir='ltr'>ἡ</span> <span class='ocrx_word' id='word_1_210' title='bbox 1045 3309 1228 3379; x_wconf 83' lang='grc' dir='ltr'>ἡμέρα</span> <span class='ocrx_word' id='word_1_211' title='bbox 1250 3312 1549 3365; x_wconf 83' lang='grc' dir='ltr'>κοντάκιον·</span> <span class='ocrx_word' id='word_1_212' title='bbox 1583 3311 1641 3365; x_wconf 88' lang='grc' dir='ltr'><strong>τὸ</strong></span> <span class='ocrx_word' id='word_1_213' title='bbox 1673 3313 1728 3366; x_wconf 84' lang='grc' dir='ltr'><strong>δὲ</strong></span> <span class='ocrx_word' id='word_1_214' title='bbox 1754 3314 1887 3366; x_wconf 87' lang='grc' dir='ltr'>ὑπο-</span> 
     </span>
    </p>
   </div>
   <div class='ocr_carea' id='block_1_35' title="bbox 302 3395 1884 3479">
    <p class='ocr_par' dir='ltr' id='par_1_35' title="bbox 302 3395 1884 3479">
     <span class='ocr_line' id='line_1_35' title="bbox 302 3395 1884 3479; baseline 0.006 -29"><span class='ocrx_word' id='word_1_215' title='bbox 302 3396 638 3466; x_wconf 77' lang='grc' dir='ltr'>τεταγμένον</span> <span class='ocrx_word' id='word_1_216' title='bbox 661 3395 876 3466; x_wconf 81' lang='grc' dir='ltr'>λέγεται</span> <span class='ocrx_word' id='word_1_217' title='bbox 906 3402 972 3471; x_wconf 77' lang='grc' dir='ltr'>τῇ</span> <span class='ocrx_word' id='word_1_218' title='bbox 1029 3403 1267 3474; x_wconf 86' lang='grc' dir='ltr'>τετράδι,</span> <span class='ocrx_word' id='word_1_219' title='bbox 1309 3406 1403 3458; x_wconf 80' lang='grc' dir='ltr'><strong>καὶ</strong></span> <span class='ocrx_word' id='word_1_220' title='bbox 1434 3409 1500 3478; x_wconf 82' lang='grc' dir='ltr'>τῇ</span> <span class='ocrx_word' id='word_1_221' title='bbox 1544 3410 1884 3479; x_wconf 74' lang='grc' dir='ltr'>παρασκευῇ,</span> 
     </span>
    </p>
   </div>
   <div class='ocr_carea' id='block_1_36' title="bbox 307 3483 1060 3560">
    <p class='ocr_par' dir='ltr' id='par_1_36' title="bbox 307 3483 1060 3560">
     <span class='ocr_line' id='line_1_36' title="bbox 307 3483 1060 3560; baseline 0.008 -20"><span class='ocrx_word' id='word_1_222' title='bbox 307 3483 445 3559; x_wconf 75' lang='grc' dir='ltr'>ἦχος</span> <span class='ocrx_word' id='word_1_223' title='bbox 479 3484 525 3558; x_wconf 72' lang='grc' dir='ltr'><strong>β”</strong></span> <span class='ocrx_word' id='word_1_224' title='bbox 565 3505 696 3544; x_wconf 85' lang='grc' dir='ltr'>σταυ</span> <span class='ocrx_word' id='word_1_225' title='bbox 706 3489 1060 3560; x_wconf 83' lang='grc' dir='ltr'>ροθεοτόκιον.</span> 
     </span>
    </p>
   </div>
   <div class='ocr_carea' id='block_1_37' title="bbox 395 3659 1888 3747">
    <p class='ocr_par' dir='ltr' id='par_1_37' title="bbox 395 3659 1888 3747">
     <span class='ocr_line' id='line_1_37' title="bbox 395 3659 1888 3747; baseline 0.014 -38"><span class='ocrx_word' id='word_1_226' title='bbox 395 3659 931 3735; x_wconf 77' lang='grc' dir='ltr'>’Υπερδεδοξασμένη</span> <span class='ocrx_word' id='word_1_227' title='bbox 989 3666 1271 3738; x_wconf 82' lang='grc' dir='ltr'>ὑπάρχεις,</span> <span class='ocrx_word' id='word_1_228' title='bbox 1331 3669 1558 3724; x_wconf 84' lang='grc' dir='ltr'>Θεοτόκε</span> <span class='ocrx_word' id='word_1_229' title='bbox 1626 3676 1888 3747; x_wconf 81' lang='grc' dir='ltr'>Παρθένε·</span> 
     </span>
    </p>
   </div>
   <div class='ocr_carea' id='block_1_38' title="bbox 307 3748 1891 3832">
    <p class='ocr_par' dir='ltr' id='par_1_38' title="bbox 307 3748 1891 3832">
     <span class='ocr_line' id='line_1_38' title="bbox 307 3748 1891 3832; baseline 0.012 -32"><span class='ocrx_word' id='word_1_230' title='bbox 307 3748 586 3818; x_wconf 77' lang='grc' dir='ltr'>ὑμνοῦμέν</span> <span class='ocrx_word' id='word_1_231' title='bbox 640 3767 720 3802; x_wconf 79' lang='grc' dir='ltr'>σε’</span> <span class='ocrx_word' id='word_1_232' title='bbox 775 3753 862 3806; x_wconf 85' lang='grc' dir='ltr'>διὰ</span> <span class='ocrx_word' id='word_1_233' title='bbox 891 3755 999 3825; x_wconf 83' lang='grc' dir='ltr'><strong>γὰρ</strong></span> <span class='ocrx_word' id='word_1_234' title='bbox 1064 3757 1158 3810; x_wconf 87' lang='grc' dir='ltr'><strong>τοῦ</strong></span> <span class='ocrx_word' id='word_1_235' title='bbox 1210 3761 1444 3832; x_wconf 89' lang='grc' dir='ltr'>σταυροῦ</span> <span class='ocrx_word' id='word_1_236' title='bbox 1491 3761 1585 3815; x_wconf 86' lang='grc' dir='ltr'><strong>τοῦ</strong></span> <span class='ocrx_word' id='word_1_237' title='bbox 1626 3764 1756 3818; x_wconf 88' lang='grc' dir='ltr'><strong>Υἱοῦ</strong></span> <span class='ocrx_word' id='word_1_238' title='bbox 1797 3783 1891 3820; x_wconf 90' lang='grc' dir='ltr'><strong>σου</strong></span> 
     </span>
    </p>
   </div>
   <div class='ocr_carea' id='block_1_39' title="bbox 309 3839 1891 3929">
    <p class='ocr_par' dir='ltr' id='par_1_39' title="bbox 309 3839 1891 3929">
     <span class='ocr_line' id='line_1_39' title="bbox 309 3839 1891 3929; baseline 0.013 -38"><span class='ocrx_word' id='word_1_239' title='bbox 309 3839 615 3914; x_wconf 78' lang='grc' dir='ltr'>κατεϐλήθη</span> <span class='ocrx_word' id='word_1_240' title='bbox 645 3845 675 3895; x_wconf 81' lang='grc' dir='ltr'>ὁ</span> <span class='ocrx_word' id='word_1_241' title='bbox 708 3842 859 3915; x_wconf 78' lang='grc' dir='ltr'>ᾅδης,</span> <span class='ocrx_word' id='word_1_242' title='bbox 902 3849 995 3900; x_wconf 77' lang='grc' dir='ltr'><strong>καὶ</strong></span> <span class='ocrx_word' id='word_1_243' title='bbox 1024 3852 1052 3902; x_wconf 90' lang='lat'><strong>6</strong></span> <span class='ocrx_word' id='word_1_244' title='bbox 1099 3850 1323 3916; x_wconf 85' lang='grc' dir='ltr'>Θάνατος</span> <span class='ocrx_word' id='word_1_245' title='bbox 1370 3853 1618 3927; x_wconf 81' lang='grc' dir='ltr'>τέθνηκε.</span> <span class='ocrx_word' id='word_1_246' title='bbox 1662 3857 1891 3929; x_wconf 84' lang='grc' dir='ltr'>Νεκρω-</span> 
     </span>
    </p>
   </div>
   <div class='ocr_carea' id='block_1_40' title="bbox 308 3934 1892 4022">
    <p class='ocr_par' dir='ltr' id='par_1_40' title="bbox 308 3934 1892 4022">
     <span class='ocr_line' id='line_1_40' title="bbox 308 3934 1892 4022; baseline 0.013 -36"><span class='ocrx_word' id='word_1_247' title='bbox 308 3934 498 3999; x_wconf 75' lang='grc' dir='ltr'>θέντες</span> <span class='ocrx_word' id='word_1_248' title='bbox 527 3937 852 4007; x_wconf 81' lang='grc' dir='ltr'>άνέστημεν,</span> <span class='ocrx_word' id='word_1_249' title='bbox 899 3941 992 3992; x_wconf 84' lang='grc' dir='ltr'>καὶ</span> <span class='ocrx_word' id='word_1_250' title='bbox 1028 3940 1173 4012; x_wconf 80' lang='grc' dir='ltr'>ζωῆς</span> <span class='ocrx_word' id='word_1_251' title='bbox 1215 3945 1548 4017; x_wconf 72' lang='grc' dir='ltr'>ἠξιώθημενο</span> <span class='ocrx_word' id='word_1_252' title='bbox 1589 3948 1679 4003; x_wconf 84' lang='grc' dir='ltr'><strong>τὸν</strong></span> <span class='ocrx_word' id='word_1_253' title='bbox 1712 3952 1892 4022; x_wconf 87' lang='grc' dir='ltr'>παρά-</span> 
     </span>
    </p>
   </div>
   <div class='ocr_carea' id='block_1_41' title="bbox 307 4028 1892 4114">
    <p class='ocr_par' dir='ltr' id='par_1_41' title="bbox 307 4028 1892 4114">
     <span class='ocr_line' id='line_1_41' title="bbox 307 4028 1892 4114; baseline 0.013 -36"><span class='ocrx_word' id='word_1_254' title='bbox 307 4030 485 4079; x_wconf 79' lang='grc' dir='ltr'>δεισον</span> <span class='ocrx_word' id='word_1_255' title='bbox 514 4028 801 4098; x_wconf 78' lang='grc' dir='ltr'>ἐλάϐομεν,</span> <span class='ocrx_word' id='word_1_256' title='bbox 845 4029 942 4101; x_wconf 84' lang='grc' dir='ltr'>τὴν</span> <span class='ocrx_word' id='word_1_257' title='bbox 977 4033 1211 4103; x_wconf 83' lang='grc' dir='ltr'>ἀρχαίαν</span> <span class='ocrx_word' id='word_1_258' title='bbox 1247 4037 1568 4094; x_wconf 79' lang='grc' dir='ltr'>ἀπόλαυσιν.</span> <span class='ocrx_word' id='word_1_259' title='bbox 1604 4042 1696 4096; x_wconf 84' lang='grc' dir='ltr'>Διὸ</span> <span class='ocrx_word' id='word_1_260' title='bbox 1729 4044 1892 4114; x_wconf 82' lang='grc' dir='ltr'>εὐχα-</span> 
     </span>
    </p>
   </div>
   <div class='ocr_carea' id='block_1_42' title="bbox 310 4116 1893 4202">
    <p class='ocr_par' dir='ltr' id='par_1_42' title="bbox 310 4116 1893 4202">
     <span class='ocr_line' id='line_1_42' title="bbox 310 4116 1893 4202; baseline 0.013 -35"><span class='ocrx_word' id='word_1_261' title='bbox 310 4116 642 4188; x_wconf 80' lang='grc' dir='ltr'>ριστοῦντες,</span> <span class='ocrx_word' id='word_1_262' title='bbox 685 4119 1071 4191; x_wconf 80' lang='grc' dir='ltr'>δοξολογοῦμεν</span> <span class='ocrx_word' id='word_1_263' title='bbox 1104 4124 1179 4188; x_wconf 81' lang='grc' dir='ltr'>ὡς</span> <span class='ocrx_word' id='word_1_264' title='bbox 1225 4130 1485 4199; x_wconf 87' lang='grc' dir='ltr'>κραταιὸν</span> <span class='ocrx_word' id='word_1_265' title='bbox 1528 4133 1761 4202; x_wconf 89' lang='grc' dir='ltr'>Χριστὸν</span> <span class='ocrx_word' id='word_1_266' title='bbox 1803 4133 1893 4188; x_wconf 79' lang='grc' dir='ltr'><strong>τὸν</strong></span> 
     </span>
    </p>
   </div>
   <div class='ocr_carea' id='block_1_43' title="bbox 307 4209 1281 4284">
    <p class='ocr_par' dir='ltr' id='par_1_43' title="bbox 307 4209 1281 4284">
     <span class='ocr_line' id='line_1_43' title="bbox 307 4209 1281 4284; baseline 0.01 -23"><span class='ocrx_word' id='word_1_267' title='bbox 307 4209 444 4262; x_wconf 73' lang='grc' dir='ltr'>θεὸν</span> <span class='ocrx_word' id='word_1_268' title='bbox 470 4209 648 4281; x_wconf 82' lang='grc' dir='ltr'>ἡμῶν,</span> <span class='ocrx_word' id='word_1_269' title='bbox 681 4214 774 4266; x_wconf 78' lang='grc' dir='ltr'><strong>καὶ</strong></span> <span class='ocrx_word' id='word_1_270' title='bbox 798 4214 954 4284; x_wconf 85' lang='grc' dir='ltr'>μόνον</span> <span class='ocrx_word' id='word_1_271' title='bbox 979 4217 1281 4272; x_wconf 79' lang='grc' dir='ltr'>πολυὲλεον.</span> 
     </span>
    </p>
   </div>
   <div class='ocr_carea' id='block_1_44' title="bbox 390 4390 1893 4471">
    <p class='ocr_par' dir='ltr' id='par_1_44' title="bbox 390 4390 1893 4471">
     <span class='ocr_line' id='line_1_44' title="bbox 390 4390 1893 4471; baseline 0.013 -30"><span class='ocrx_word' id='word_1_272' title='bbox 390 4390 483 4453; x_wconf 89' lang='grc' dir='ltr'><strong>Τὸ,</strong></span> <span class='ocrx_word' id='word_1_273' title='bbox 539 4390 732 4463; x_wconf 83' lang='grc' dir='ltr'>Κύριε,</span> <span class='ocrx_word' id='word_1_274' title='bbox 768 4394 1010 4464; x_wconf 79' lang='grc' dir='ltr'>ἐλέησον,</span> <span class='ocrx_word' id='word_1_275' title='bbox 1039 4403 1110 4465; x_wconf 79' lang='grc' dir='ltr'><strong>μ’.</strong></span> <span class='ocrx_word' id='word_1_276' title='bbox 1143 4397 1207 4449; x_wconf 87' lang='grc' dir='ltr'><strong>Ἦ</strong></span> <span class='ocrx_word' id='word_1_277' title='bbox 1225 4400 1379 4471; x_wconf 77' lang='grc' dir='ltr'>εὐχὴ,</span> <span class='ocrx_word' id='word_1_278' title='bbox 1414 4400 1470 4454; x_wconf 90' lang='lat'><strong>&#39;0</strong></span> <span class='ocrx_word' id='word_1_279' title='bbox 1502 4402 1558 4454; x_wconf 81' lang='grc' dir='ltr'><strong>ὲν</strong></span> <span class='ocrx_word' id='word_1_280' title='bbox 1591 4404 1754 4458; x_wconf 77' lang='grc' dir='ltr'>παντὶ</span> <span class='ocrx_word' id='word_1_281' title='bbox 1774 4423 1893 4460; x_wconf 85' lang='grc' dir='ltr'>και-</span> 
     </span>
    </p>
   </div>
   <div class='ocr_carea' id='block_1_45' title="bbox 313 4481 1892 4564">
    <p class='ocr_par' dir='ltr' id='par_1_45' title="bbox 313 4481 1892 4564">
     <span class='ocr_line' id='line_1_45' title="bbox 313 4481 1892 4564; baseline 0.012 -31"><span class='ocrx_word' id='word_1_282' title='bbox 313 4481 395 4552; x_wconf 83' lang='grc' dir='ltr'>ρῷ</span> <span class='ocrx_word' id='word_1_283' title='bbox 423 4485 516 4534; x_wconf 78' lang='grc' dir='ltr'><strong>καὶ</strong></span> <span class='ocrx_word' id='word_1_284' title='bbox 551 4487 702 4558; x_wconf 84' lang='grc' dir='ltr'>πάσῃ</span> <span class='ocrx_word' id='word_1_285' title='bbox 717 4486 854 4557; x_wconf 66' lang='grc' dir='ltr'>ὥρᾳ·</span> <span class='ocrx_word' id='word_1_286' title='bbox 885 4487 1001 4556; x_wconf 84' lang='grc' dir='ltr'>μεθ’</span> <span class='ocrx_word' id='word_1_287' title='bbox 1026 4488 1111 4558; x_wconf 79' lang='grc' dir='ltr'>ἣν,</span> <span class='ocrx_word' id='word_1_288' title='bbox 1137 4488 1325 4561; x_wconf 76' lang='grc' dir='ltr'>Κύριε,</span> <span class='ocrx_word' id='word_1_289' title='bbox 1359 4493 1688 4564; x_wconf 82' lang='grc' dir='ltr'>ἐλέησον,γ’.</span> <span class='ocrx_word' id='word_1_290' title='bbox 1736 4498 1892 4564; x_wconf 81' lang='grc' dir='ltr'>Δόξα.</span> 
     </span>
    </p>
   </div>
   <div class='ocr_carea' id='block_1_46' title="bbox 1982 639 3557 714">
    <p class='ocr_par' dir='ltr' id='par_1_46' title="bbox 1982 639 3557 714">
     <span class='ocr_line' id='line_1_46' title="bbox 1982 639 3557 714; baseline -0.009 -16"><span class='ocrx_word' id='word_1_291' title='bbox 1982 643 2266 714; x_wconf 86' lang='lat' dir='ltr'><strong>Supplices</strong></span> <span class='ocrx_word' id='word_1_292' title='bbox 2294 650 2612 713; x_wconf 85' lang='lat' dir='ltr'><strong>peccatores</strong></span> <span class='ocrx_word' id='word_1_293' title='bbox 2653 655 2720 694; x_wconf 90' lang='lat' dir='ltr'><strong>ne</strong></span> <span class='ocrx_word' id='word_1_294' title='bbox 2753 639 3040 707; x_wconf 89' lang='lat' dir='ltr'><strong>despicias,</strong></span> <span class='ocrx_word' id='word_1_295' title='bbox 3065 653 3099 692; x_wconf 92' lang='grc' dir='ltr'><strong>ο</strong></span> <span class='ocrx_word' id='word_1_296' title='bbox 3125 650 3341 704; x_wconf 80' lang='lat' dir='ltr'><strong>semper</strong></span> <span class='ocrx_word' id='word_1_297' title='bbox 3381 647 3557 700; x_wconf 87' lang='lat' dir='ltr'><strong>angn-</strong></span> 
     </span>
    </p>
   </div>
   <div class='ocr_carea' id='block_1_47' title="bbox 1979 725 3558 803">
    <p class='ocr_par' dir='ltr' id='par_1_47' title="bbox 1979 725 3558 803">
     <span class='ocr_line' id='line_1_47' title="bbox 1979 725 3558 803; baseline -0.008 -16"><span class='ocrx_word' id='word_1_298' title='bbox 1979 743 2084 799; x_wconf 87' lang='lat' dir='ltr'><strong>sta,</strong></span> <span class='ocrx_word' id='word_1_299' title='bbox 2117 733 2244 803; x_wconf 83' lang='lat' dir='ltr'><strong>quia</strong></span> <span class='ocrx_word' id='word_1_300' title='bbox 2272 732 2363 802; x_wconf 91' lang='lat' dir='ltr'><strong>qui</strong></span> <span class='ocrx_word' id='word_1_301' title='bbox 2389 731 2639 785; x_wconf 75' lang='lat' dir='ltr'><strong>lubenter</strong></span> <span class='ocrx_word' id='word_1_302' title='bbox 2669 745 2769 800; x_wconf 92' lang='lat' dir='ltr'><strong>pro</strong></span> <span class='ocrx_word' id='word_1_303' title='bbox 2813 730 2970 784; x_wconf 89' lang='lat' dir='ltr'><strong>nobis</strong></span> <span class='ocrx_word' id='word_1_304' title='bbox 2997 742 3193 800; x_wconf 88' lang='lat' dir='ltr'><strong>passus</strong></span> <span class='ocrx_word' id='word_1_305' title='bbox 3219 725 3344 793; x_wconf 79' lang='lat' dir='ltr'><strong>fuit,</strong></span> <span class='ocrx_word' id='word_1_306' title='bbox 3390 733 3475 779; x_wconf 87' lang='lat' dir='ltr'><strong>est</strong></span> <span class='ocrx_word' id='word_1_307' title='bbox 3504 732 3558 777; x_wconf 85' lang='lat' dir='ltr'><strong>et</strong></span> 
     </span>
    </p>
   </div>
   <div class='ocr_carea' id='block_1_48' title="bbox 1981 822 2942 888">
    <p class='ocr_par' dir='ltr' id='par_1_48' title="bbox 1981 822 2942 888">
     <span class='ocr_line' id='line_1_48' title="bbox 1981 822 2942 888; baseline -0.003 -9"><span class='ocrx_word' id='word_1_308' title='bbox 1981 826 2318 888; x_wconf 86' lang='lat' dir='ltr'><strong>misericors,</strong></span> <span class='ocrx_word' id='word_1_309' title='bbox 2355 832 2410 878; x_wconf 87' lang='lat' dir='ltr'><strong>et</strong></span> <span class='ocrx_word' id='word_1_310' title='bbox 2433 822 2546 876; x_wconf 89' lang='lat' dir='ltr'><strong>vult</strong></span> <span class='ocrx_word' id='word_1_311' title='bbox 2567 837 2666 877; x_wconf 91' lang='lat' dir='ltr'><strong>nos</strong></span> <span class='ocrx_word' id='word_1_312' title='bbox 2696 836 2942 876; x_wconf 85' lang='lat' dir='ltr'><strong>servare.</strong></span> 
     </span>
    </p>
   </div>
   <div class='ocr_carea' id='block_1_49' title="bbox 2049 909 3555 983">
    <p class='ocr_par' dir='ltr' id='par_1_49' title="bbox 2049 909 3555 983">
     <span class='ocr_line' id='line_1_49' title="bbox 2049 909 3555 983; baseline -0.009 -11"><span class='ocrx_word' id='word_1_313' title='bbox 2049 916 2169 972; x_wconf 86' lang='lat' dir='ltr'><strong>Cito</strong></span> <span class='ocrx_word' id='word_1_314' title='bbox 2214 915 2513 983; x_wconf 86' lang='lat' dir='ltr'><strong>anticipent</strong></span> <span class='ocrx_word' id='word_1_315' title='bbox 2563 929 2662 968; x_wconf 89' lang='lat' dir='ltr'><strong>nos</strong></span> <span class='ocrx_word' id='word_1_316' title='bbox 2696 913 3092 968; x_wconf 60' lang='lat' dir='ltr'><strong>misericordia</strong></span> <span class='ocrx_word' id='word_1_317' title='bbox 3142 920 3266 975; x_wconf 72' lang='lat' dir='ltr'><strong>tuae,</strong></span> <span class='ocrx_word' id='word_1_318' title='bbox 3304 909 3555 969; x_wconf 77' lang='lat' dir='ltr'><strong>Domine,</strong></span> 
     </span>
    </p>
   </div>
   <div class='ocr_carea' id='block_1_50' title="bbox 1982 996 3557 1077">
    <p class='ocr_par' dir='ltr' id='par_1_50' title="bbox 1982 996 3557 1077">
     <span class='ocr_line' id='line_1_50' title="bbox 1982 996 3557 1077; baseline -0.008 -17"><span class='ocrx_word' id='word_1_319' title='bbox 1982 1007 2108 1077; x_wconf 85' lang='lat' dir='ltr'><strong>quia</strong></span> <span class='ocrx_word' id='word_1_320' title='bbox 2141 1020 2403 1076; x_wconf 79' lang='lat' dir='ltr'><strong>pauperes</strong></span> <span class='ocrx_word' id='word_1_321' title='bbox 2429 1003 2556 1058; x_wconf 82' lang='lat' dir='ltr'><strong>facti</strong></span> <span class='ocrx_word' id='word_1_322' title='bbox 2590 1019 2776 1058; x_wconf 87' lang='lat' dir='ltr'><strong>sumus</strong></span> <span class='ocrx_word' id='word_1_323' title='bbox 2811 1002 2993 1055; x_wconf 88' lang='lat' dir='ltr'><strong>nimis.</strong></span> <span class='ocrx_word' id='word_1_324' title='bbox 3025 1001 3232 1071; x_wconf 84' lang='lat' dir='ltr'><strong>Adjuva</strong></span> <span class='ocrx_word' id='word_1_325' title='bbox 3265 1012 3386 1062; x_wconf 89' lang='lat' dir='ltr'><strong>nos,</strong></span> <span class='ocrx_word' id='word_1_326' title='bbox 3416 996 3557 1050; x_wconf 88' lang='lat' dir='ltr'><strong>Deus</strong></span> 
     </span>
    </p>
   </div>
   <div class='ocr_carea' id='block_1_51' title="bbox 1983 1089 3554 1165">
    <p class='ocr_par' dir='ltr' id='par_1_51' title="bbox 1983 1089 3554 1165">
     <span class='ocr_line' id='line_1_51' title="bbox 1983 1089 3554 1165; baseline -0.007 -13"><span class='ocrx_word' id='word_1_327' title='bbox 1983 1099 2238 1152; x_wconf 88' lang='lat' dir='ltr'><strong>salutaris</strong></span> <span class='ocrx_word' id='word_1_328' title='bbox 2272 1107 2498 1152; x_wconf 87' lang='lat' dir='ltr'><strong>noster:</strong></span> <span class='ocrx_word' id='word_1_329' title='bbox 2527 1107 2581 1150; x_wconf 84' lang='lat' dir='ltr'><strong>et</strong></span> <span class='ocrx_word' id='word_1_330' title='bbox 2628 1104 2846 1165; x_wconf 89' lang='lat' dir='ltr'><strong>propter</strong></span> <span class='ocrx_word' id='word_1_331' title='bbox 2889 1094 3116 1163; x_wconf 78' lang='lat' dir='ltr'><strong>gloriam</strong></span> <span class='ocrx_word' id='word_1_332' title='bbox 3171 1090 3406 1148; x_wconf 89' lang='lat' dir='ltr'><strong>nominis</strong></span> <span class='ocrx_word' id='word_1_333' title='bbox 3454 1089 3554 1152; x_wconf 84' lang='lat' dir='ltr'><strong>tui,</strong></span> 
     </span>
    </p>
   </div>
   <div class='ocr_carea' id='block_1_52' title="bbox 1983 1185 3560 1257">
    <p class='ocr_par' dir='ltr' id='par_1_52' title="bbox 1983 1185 3560 1257">
     <span class='ocr_line' id='line_1_52' title="bbox 1983 1185 3560 1257; baseline -0.007 -12"><span class='ocrx_word' id='word_1_334' title='bbox 1983 1190 2229 1256; x_wconf 85' lang='lat' dir='ltr'><strong>Domine,</strong></span> <span class='ocrx_word' id='word_1_335' title='bbox 2265 1191 2437 1244; x_wconf 87' lang='lat' dir='ltr'><strong>libera</strong></span> <span class='ocrx_word' id='word_1_336' title='bbox 2479 1205 2617 1244; x_wconf 90' lang='lat' dir='ltr'><strong>nos:</strong></span> <span class='ocrx_word' id='word_1_337' title='bbox 2652 1199 2704 1242; x_wconf 94' lang='lat' dir='ltr'><strong>et</strong></span> <span class='ocrx_word' id='word_1_338' title='bbox 2737 1187 3000 1257; x_wconf 84' lang='lat' dir='ltr'><strong>prepitius</strong></span> <span class='ocrx_word' id='word_1_339' title='bbox 3026 1195 3146 1242; x_wconf 85' lang='lat' dir='ltr'><strong>esto</strong></span> <span class='ocrx_word' id='word_1_340' title='bbox 3179 1185 3419 1254; x_wconf 83' lang='lat' dir='ltr'><strong>peccatis</strong></span> <span class='ocrx_word' id='word_1_341' title='bbox 3462 1197 3560 1236; x_wconf 86' lang='lat' dir='ltr'><strong>no-</strong></span> 
     </span>
    </p>
   </div>
   <div class='ocr_carea' id='block_1_53' title="bbox 1984 1280 2927 1353">
    <p class='ocr_par' dir='ltr' id='par_1_53' title="bbox 1984 1280 2927 1353">
     <span class='ocr_line' id='line_1_53' title="bbox 1984 1280 2927 1353; baseline -0.005 -14"><span class='ocrx_word' id='word_1_342' title='bbox 1984 1285 2136 1346; x_wconf 82' lang='lat' dir='ltr'><strong>stris,</strong></span> <span class='ocrx_word' id='word_1_343' title='bbox 2168 1295 2388 1353; x_wconf 82' lang='lat' dir='ltr'><strong>prOptcr</strong></span> <span class='ocrx_word' id='word_1_344' title='bbox 2417 1296 2608 1337; x_wconf 86' lang='lat' dir='ltr'><strong>nomen</strong></span> <span class='ocrx_word' id='word_1_345' title='bbox 2651 1292 2799 1334; x_wconf 87' lang='lat' dir='ltr'><strong>tuum</strong></span> <span class='ocrx_word' id='word_1_346' title='bbox 2829 1280 2927 1351; x_wconf 73' lang='grc' dir='ltr'><strong>(ο).</strong></span> 
     </span>
    </p>
   </div>
   <div class='ocr_carea' id='block_1_54' title="bbox 2064 1370 3562 1446">
    <p class='ocr_par' dir='ltr' id='par_1_54' title="bbox 2064 1370 3562 1446">
     <span class='ocr_line' id='line_1_54' title="bbox 2064 1370 3562 1446; baseline -0.007 -16"><span class='ocrx_word' id='word_1_347' title='bbox 2064 1377 2371 1446; x_wconf 76' lang='lat' dir='ltr'><strong>Trisagium</strong></span> <span class='ocrx_word' id='word_1_348' title='bbox 2394 1413 2411 1439; x_wconf 86' lang='lat'><strong>,</strong></span> <span class='ocrx_word' id='word_1_349' title='bbox 2455 1374 2812 1430; x_wconf 81' lang='lat' dir='ltr'><strong>Sanctissima</strong></span> <span class='ocrx_word' id='word_1_350' title='bbox 2847 1373 3108 1438; x_wconf 79' lang='lat' dir='ltr'><strong>Trinitas,</strong></span> <span class='ocrx_word' id='word_1_351' title='bbox 3150 1370 3318 1425; x_wconf 84' lang='lat' dir='ltr'><strong>Pater</strong></span> <span class='ocrx_word' id='word_1_352' title='bbox 3350 1375 3562 1431; x_wconf 86' lang='lat' dir='ltr'><strong>noster,</strong></span> 
     </span>
    </p>
   </div>
   <div class='ocr_carea' id='block_1_55' title="bbox 1985 1468 2918 1537">
    <p class='ocr_par' dir='ltr' id='par_1_55' title="bbox 1985 1468 2918 1537">
     <span class='ocr_line' id='line_1_55' title="bbox 1985 1468 2918 1537; baseline -0.003 -12"><span class='ocrx_word' id='word_1_353' title='bbox 1985 1478 2040 1525; x_wconf 89' lang='lat' dir='ltr'><strong>et</strong></span> <span class='ocrx_word' id='word_1_354' title='bbox 2073 1469 2188 1524; x_wconf 68' lang='lat' dir='ltr'><strong>haec</strong></span> <span class='ocrx_word' id='word_1_355' title='bbox 2220 1469 2459 1537; x_wconf 86' lang='lat' dir='ltr'><strong>troparia</strong></span> <span class='ocrx_word' id='word_1_356' title='bbox 2489 1478 2618 1523; x_wconf 89' lang='lat' dir='ltr'><strong>tono</strong></span> <span class='ocrx_word' id='word_1_357' title='bbox 2645 1468 2880 1523; x_wconf 91' lang='lat' dir='ltr'><strong>secundo</strong></span> <span class='ocrx_word' id='word_1_358' title='bbox 2905 1482 2918 1514; x_wconf 75' lang='grc' dir='ltr'><strong>τ</strong></span> 
     </span>
    </p>
   </div>
   <div class='ocr_carea' id='block_1_56' title="bbox 2057 1555 3555 1628">
    <p class='ocr_par' dir='ltr' id='par_1_56' title="bbox 2057 1555 3555 1628">
     <span class='ocr_line' id='line_1_56' title="bbox 2057 1555 3555 1628; baseline -0.007 -12"><span class='ocrx_word' id='word_1_359' title='bbox 2057 1562 2182 1616; x_wconf 55' lang='grc'><strong>947.</strong></span> <span class='ocrx_word' id='word_1_360' title='bbox 2243 1560 2516 1616; x_wconf 85' lang='lat' dir='ltr'><strong>Salutaria</strong></span> <span class='ocrx_word' id='word_1_361' title='bbox 2583 1569 2841 1628; x_wconf 85' lang='lat' dir='ltr'><strong>operatus</strong></span> <span class='ocrx_word' id='word_1_362' title='bbox 2908 1573 2968 1614; x_wconf 84' lang='lat' dir='ltr'><strong>es</strong></span> <span class='ocrx_word' id='word_1_363' title='bbox 3031 1558 3085 1613; x_wconf 91' lang='lat' dir='ltr'><strong>in</strong></span> <span class='ocrx_word' id='word_1_364' title='bbox 3135 1555 3316 1612; x_wconf 90' lang='lat' dir='ltr'><strong>medio</strong></span> <span class='ocrx_word' id='word_1_365' title='bbox 3360 1562 3555 1615; x_wconf 71' lang='lat' dir='ltr'><strong>terrae.</strong></span> 
     </span>
    </p>
   </div>
   <div class='ocr_carea' id='block_1_57' title="bbox 1987 1652 3563 1711">
    <p class='ocr_par' dir='ltr' id='par_1_57' title="bbox 1987 1652 3563 1711">
     <span class='ocr_line' id='line_1_57' title="bbox 1987 1652 3563 1711; baseline -0.008 -1"><span class='ocrx_word' id='word_1_366' title='bbox 1987 1655 2204 1711; x_wconf 82' lang='lat' dir='ltr'><strong>Christe</strong></span> <span class='ocrx_word' id='word_1_367' title='bbox 2233 1653 2468 1710; x_wconf 88' lang='lat' dir='ltr'><strong>Deus.ln</strong></span> <span class='ocrx_word' id='word_1_368' title='bbox 2497 1667 2660 1708; x_wconf 85' lang='lat' dir='ltr'><strong>cruce</strong></span> <span class='ocrx_word' id='word_1_369' title='bbox 2691 1653 2986 1708; x_wconf 85' lang='lat' dir='ltr'><strong>exlendisti</strong></span> <span class='ocrx_word' id='word_1_370' title='bbox 3017 1652 3278 1706; x_wconf 86' lang='lat' dir='ltr'><strong>innocuas</strong></span> <span class='ocrx_word' id='word_1_371' title='bbox 3301 1657 3421 1702; x_wconf 91' lang='lat' dir='ltr'><strong>tuas</strong></span> <span class='ocrx_word' id='word_1_372' title='bbox 3447 1660 3563 1700; x_wconf 86' lang='lat' dir='ltr'><strong>ma-</strong></span> 
     </span>
    </p>
   </div>
   <div class='ocr_carea' id='block_1_58' title="bbox 1988 1736 3560 1817">
    <p class='ocr_par' dir='ltr' id='par_1_58' title="bbox 1988 1736 3560 1817">
     <span class='ocr_line' id='line_1_58' title="bbox 1988 1736 3560 1817; baseline -0.008 -16"><span class='ocrx_word' id='word_1_373' title='bbox 1988 1763 2110 1815; x_wconf 92' lang='lat' dir='ltr'><strong>nus,</strong></span> <span class='ocrx_word' id='word_1_374' title='bbox 2141 1762 2479 1817; x_wconf 80' lang='lat' dir='ltr'><strong>congregans</strong></span> <span class='ocrx_word' id='word_1_375' title='bbox 2517 1760 2706 1801; x_wconf 91' lang='lat' dir='ltr'><strong>omnes</strong></span> <span class='ocrx_word' id='word_1_376' title='bbox 2749 1745 3004 1815; x_wconf 88' lang='lat' dir='ltr'><strong>populos,</strong></span> <span class='ocrx_word' id='word_1_377' title='bbox 3032 1745 3346 1806; x_wconf 84' lang='lat' dir='ltr'><strong>clamantes,</strong></span> <span class='ocrx_word' id='word_1_378' title='bbox 3377 1736 3560 1793; x_wconf 86' lang='lat' dir='ltr'><strong>Gloria</strong></span> 
     </span>
    </p>
   </div>
   <div class='ocr_carea' id='block_1_59' title="bbox 1989 1837 2380 1902">
    <p class='ocr_par' dir='ltr' id='par_1_59' title="bbox 1989 1837 2380 1902">
     <span class='ocr_line' id='line_1_59' title="bbox 1989 1837 2380 1902; baseline 0 -11"><span class='ocrx_word' id='word_1_379' title='bbox 1989 1838 2106 1902; x_wconf 87' lang='lat' dir='ltr'><strong>tibi,</strong></span> <span class='ocrx_word' id='word_1_380' title='bbox 2134 1837 2380 1891; x_wconf 88' lang='lat' dir='ltr'><strong>Domine.</strong></span> 
     </span>
    </p>
   </div>
   <div class='ocr_carea' id='block_1_60' title="bbox 2127 1924 2338 1983">
    <p class='ocr_par' dir='ltr' id='par_1_60' title="bbox 2127 1924 2338 1983">
     <span class='ocr_line' id='line_1_60' title="bbox 2127 1924 2338 1983; baseline 0.014 -3"><span class='ocrx_word' id='word_1_381' title='bbox 2127 1924 2338 1983; x_wconf 85' lang='lat' dir='ltr'><strong>Gloria.</strong></span> 
     </span>
    </p>
   </div>
   <div class='ocr_carea' id='block_1_61' title="bbox 2061 2008 3565 2088">
    <p class='ocr_par' dir='ltr' id='par_1_61' title="bbox 2061 2008 3565 2088">
     <span class='ocr_line' id='line_1_61' title="bbox 2061 2008 3565 2088; baseline -0.007 -15"><span class='ocrx_word' id='word_1_382' title='bbox 2061 2016 2287 2073; x_wconf 81' lang='lat' dir='ltr'><strong>Veniam</strong></span> <span class='ocrx_word' id='word_1_383' title='bbox 2335 2027 2682 2088; x_wconf 90' lang='lat' dir='ltr'><strong>peccatorum</strong></span> <span class='ocrx_word' id='word_1_384' title='bbox 2753 2025 3067 2072; x_wconf 88' lang='lat' dir='ltr'><strong>nostrorum</strong></span> <span class='ocrx_word' id='word_1_385' title='bbox 3106 2020 3372 2084; x_wconf 88' lang='lat' dir='ltr'><strong>petentes,</strong></span> <span class='ocrx_word' id='word_1_386' title='bbox 3403 2008 3565 2066; x_wconf 84' lang='lat' dir='ltr'><strong>Chri-</strong></span> 
     </span>
    </p>
   </div>
   <div class='ocr_carea' id='block_1_62' title="bbox 1988 2099 3566 2173">
    <p class='ocr_par' dir='ltr' id='par_1_62' title="bbox 1988 2099 3566 2173">
     <span class='ocr_line' id='line_1_62' title="bbox 1988 2099 3566 2173; baseline -0.006 -10"><span class='ocrx_word' id='word_1_387' title='bbox 1988 2117 2071 2163; x_wconf 89' lang='lat' dir='ltr'><strong>ste</strong></span> <span class='ocrx_word' id='word_1_388' title='bbox 2128 2107 2268 2162; x_wconf 89' lang='lat' dir='ltr'><strong>Deus</strong></span> <span class='ocrx_word' id='word_1_389' title='bbox 2303 2147 2318 2173; x_wconf 87' lang='lat'><strong>,</strong></span> <span class='ocrx_word' id='word_1_390' title='bbox 2385 2109 2676 2161; x_wconf 88' lang='lat' dir='ltr'><strong>adoramus</strong></span> <span class='ocrx_word' id='word_1_391' title='bbox 2730 2105 3214 2161; x_wconf 86' lang='lat' dir='ltr'><strong>incontaminatam</strong></span> <span class='ocrx_word' id='word_1_392' title='bbox 3269 2099 3566 2172; x_wconf 78' lang='lat' dir='ltr'><strong>imaginem</strong></span> 
     </span>
    </p>
   </div>
   <div class='ocr_carea' id='block_1_63' title="bbox 1989 2193 3567 2268">
    <p class='ocr_par' dir='ltr' id='par_1_63' title="bbox 1989 2193 3567 2268">
     <span class='ocr_line' id='line_1_63' title="bbox 1989 2193 3567 2268; baseline -0.006 -13"><span class='ocrx_word' id='word_1_393' title='bbox 1989 2209 2138 2255; x_wconf 87' lang='lat' dir='ltr'><strong>tuam</strong></span> <span class='ocrx_word' id='word_1_394' title='bbox 2173 2217 2186 2252; x_wconf 88' lang='lat'><strong>:</strong></span> <span class='ocrx_word' id='word_1_395' title='bbox 2220 2198 2482 2264; x_wconf 87' lang='lat' dir='ltr'><strong>lauderis,</strong></span> <span class='ocrx_word' id='word_1_396' title='bbox 2506 2199 2632 2268; x_wconf 88' lang='lat' dir='ltr'><strong>quia</strong></span> <span class='ocrx_word' id='word_1_397' title='bbox 2668 2197 2812 2252; x_wconf 91' lang='lat' dir='ltr'><strong>ultro</strong></span> <span class='ocrx_word' id='word_1_398' title='bbox 2836 2213 3059 2253; x_wconf 92' lang='lat' dir='ltr'><strong>crucem</strong></span> <span class='ocrx_word' id='word_1_399' title='bbox 3091 2193 3477 2258; x_wconf 89' lang='lat' dir='ltr'><strong>conscendisti,</strong></span> <span class='ocrx_word' id='word_1_400' title='bbox 3507 2199 3567 2247; x_wconf 87' lang='lat' dir='ltr'><strong>ut</strong></span> 
     </span>
    </p>
   </div>
   <div class='ocr_carea' id='block_1_64' title="bbox 1987 2285 3567 2360">
    <p class='ocr_par' dir='ltr' id='par_1_64' title="bbox 1987 2285 3567 2360">
     <span class='ocr_line' id='line_1_64' title="bbox 1987 2285 3567 2360; baseline -0.003 -16"><span class='ocrx_word' id='word_1_401' title='bbox 1987 2305 2123 2360; x_wconf 87' lang='lat' dir='ltr'><strong>quos</strong></span> <span class='ocrx_word' id='word_1_402' title='bbox 2149 2290 2418 2353; x_wconf 80' lang='lat' dir='ltr'><strong>formasti,</strong></span> <span class='ocrx_word' id='word_1_403' title='bbox 2451 2291 2519 2345; x_wconf 92' lang='lat' dir='ltr'><strong>de</strong></span> <span class='ocrx_word' id='word_1_404' title='bbox 2550 2289 2754 2345; x_wconf 90' lang='lat' dir='ltr'><strong>inimici</strong></span> <span class='ocrx_word' id='word_1_405' title='bbox 2781 2290 3079 2344; x_wconf 88' lang='lat' dir='ltr'><strong>redimeres</strong></span> <span class='ocrx_word' id='word_1_406' title='bbox 3102 2287 3382 2354; x_wconf 72' lang='lat' dir='ltr'><strong>servitute.</strong></span> <span class='ocrx_word' id='word_1_407' title='bbox 3410 2285 3567 2341; x_wconf 86' lang='lat' dir='ltr'><strong>Unde</strong></span> 
     </span>
    </p>
   </div>
   <div class='ocr_carea' id='block_1_65' title="bbox 1988 2378 3567 2450">
    <p class='ocr_par' dir='ltr' id='par_1_65' title="bbox 1988 2378 3567 2450">
     <span class='ocr_line' id='line_1_65' title="bbox 1988 2378 3567 2450; baseline -0.004 -14"><span class='ocrx_word' id='word_1_408' title='bbox 1988 2382 2041 2437; x_wconf 92' lang='lat' dir='ltr'><strong>in</strong></span> <span class='ocrx_word' id='word_1_409' title='bbox 2078 2383 2240 2436; x_wconf 89' lang='lat' dir='ltr'><strong>animi</strong></span> <span class='ocrx_word' id='word_1_410' title='bbox 2273 2383 2414 2449; x_wconf 81' lang='lat' dir='ltr'><strong>grati</strong></span> <span class='ocrx_word' id='word_1_411' title='bbox 2447 2383 2662 2450; x_wconf 87' lang='lat' dir='ltr'><strong>signum</strong></span> <span class='ocrx_word' id='word_1_412' title='bbox 2702 2382 2801 2437; x_wconf 86' lang='lat' dir='ltr'><strong>tibi</strong></span> <span class='ocrx_word' id='word_1_413' title='bbox 2852 2381 3192 2436; x_wconf 86' lang='lat' dir='ltr'><strong>clamamus:</strong></span> <span class='ocrx_word' id='word_1_414' title='bbox 3223 2378 3431 2434; x_wconf 87' lang='lat' dir='ltr'><strong>Gaudio</strong></span> <span class='ocrx_word' id='word_1_415' title='bbox 3477 2391 3567 2430; x_wconf 77' lang='lat' dir='ltr'><strong>re-</strong></span> 
     </span>
    </p>
   </div>
   <div class='ocr_carea' id='block_1_66' title="bbox 1987 2470 3562 2544">
    <p class='ocr_par' dir='ltr' id='par_1_66' title="bbox 1987 2470 3562 2544">
     <span class='ocr_line' id='line_1_66' title="bbox 1987 2470 3562 2544; baseline -0.005 -15"><span class='ocrx_word' id='word_1_416' title='bbox 1987 2474 2146 2544; x_wconf 86' lang='lat' dir='ltr'><strong>plesti</strong></span> <span class='ocrx_word' id='word_1_417' title='bbox 2182 2474 2455 2540; x_wconf 87' lang='lat' dir='ltr'><strong>universa,</strong></span> <span class='ocrx_word' id='word_1_418' title='bbox 2476 2472 2738 2528; x_wconf 79' lang='lat' dir='ltr'><strong>Servatur</strong></span> <span class='ocrx_word' id='word_1_419' title='bbox 2759 2481 2966 2536; x_wconf 89' lang='lat' dir='ltr'><strong>noster,</strong></span> <span class='ocrx_word' id='word_1_420' title='bbox 3000 2474 3093 2542; x_wconf 93' lang='lat' dir='ltr'><strong>qui</strong></span> <span class='ocrx_word' id='word_1_421' title='bbox 3122 2473 3190 2526; x_wconf 88' lang='lat' dir='ltr'><strong>ad</strong></span> <span class='ocrx_word' id='word_1_422' title='bbox 3237 2470 3562 2526; x_wconf 87' lang='lat' dir='ltr'><strong>servandum</strong></span> 
     </span>
    </p>
   </div>
   <div class='ocr_carea' id='block_1_67' title="bbox 1988 2568 2494 2624">
    <p class='ocr_par' dir='ltr' id='par_1_67' title="bbox 1988 2568 2494 2624">
     <span class='ocr_line' id='line_1_67' title="bbox 1988 2568 2494 2624; baseline -0.008 0"><span class='ocrx_word' id='word_1_423' title='bbox 1988 2569 2244 2624; x_wconf 90' lang='lat' dir='ltr'><strong>mundum</strong></span> <span class='ocrx_word' id='word_1_424' title='bbox 2276 2568 2494 2622; x_wconf 79' lang='lat' dir='ltr'><strong>venisti.</strong></span> 
     </span>
    </p>
   </div>
   <div class='ocr_carea' id='block_1_68' title="bbox 2162 2656 3420 2714">
    <p class='ocr_par' dir='ltr' id='par_1_68' title="bbox 2162 2656 3420 2714">
     <span class='ocr_line' id='line_1_68' title="bbox 2162 2656 3420 2714; baseline 0.001 -1"><span class='ocrx_word' id='word_1_425' title='bbox 2162 2660 2229 2713; x_wconf 89' lang='lat' dir='ltr'><strong>Et</strong></span> <span class='ocrx_word' id='word_1_426' title='bbox 2259 2675 2422 2714; x_wconf 86' lang='lat' dir='ltr'><strong>nunc.</strong></span> <span class='ocrx_word' id='word_1_427' title='bbox 3173 2656 3420 2714; x_wconf 75' lang='lat' dir='ltr'><strong>Mariale.</strong></span> 
     </span>
    </p>
   </div>
   <div class='ocr_carea' id='block_1_69' title="bbox 2063 2751 3566 2821">
    <p class='ocr_par' dir='ltr' id='par_1_69' title="bbox 2063 2751 3566 2821">
     <span class='ocr_line' id='line_1_69' title="bbox 2063 2751 3566 2821; baseline -0.003 -15"><span class='ocrx_word' id='word_1_428' title='bbox 2063 2752 2451 2807; x_wconf 78' lang='lat' dir='ltr'><strong>Misericordia:</strong></span> <span class='ocrx_word' id='word_1_429' title='bbox 2505 2753 2650 2817; x_wconf 79' lang='lat' dir='ltr'><strong>fons,</strong></span> <span class='ocrx_word' id='word_1_430' title='bbox 2709 2752 2955 2808; x_wconf 81' lang='lat' dir='ltr'><strong>Genitrix</strong></span> <span class='ocrx_word' id='word_1_431' title='bbox 3020 2751 3143 2817; x_wconf 88' lang='lat' dir='ltr'><strong>Dei,</strong></span> <span class='ocrx_word' id='word_1_432' title='bbox 3190 2753 3412 2821; x_wconf 87' lang='lat' dir='ltr'><strong>dignare</strong></span> <span class='ocrx_word' id='word_1_433' title='bbox 3463 2764 3566 2804; x_wconf 89' lang='lat' dir='ltr'><strong>nos</strong></span> 
     </span>
    </p>
   </div>
   <div class='ocr_carea' id='block_1_70' title="bbox 1989 2844 3566 2917">
    <p class='ocr_par' dir='ltr' id='par_1_70' title="bbox 1989 2844 3566 2917">
     <span class='ocr_line' id='line_1_70' title="bbox 1989 2844 3566 2917; baseline -0.004 -16"><span class='ocrx_word' id='word_1_434' title='bbox 1989 2846 2474 2902; x_wconf 85' lang='lat' dir='ltr'><strong>commiseratione</strong></span> <span class='ocrx_word' id='word_1_435' title='bbox 2506 2865 2519 2899; x_wconf 91' lang='lat'><strong>:</strong></span> <span class='ocrx_word' id='word_1_436' title='bbox 2559 2847 2775 2917; x_wconf 81' lang='lat' dir='ltr'><strong>respice</strong></span> <span class='ocrx_word' id='word_1_437' title='bbox 2822 2862 2976 2900; x_wconf 86' lang='lat' dir='ltr'><strong>reum</strong></span> <span class='ocrx_word' id='word_1_438' title='bbox 3009 2845 3263 2916; x_wconf 83' lang='lat' dir='ltr'><strong>populum</strong></span> <span class='ocrx_word' id='word_1_439' title='bbox 3293 2883 3309 2907; x_wconf 89' lang='lat'><strong>,</strong></span> <span class='ocrx_word' id='word_1_440' title='bbox 3343 2844 3566 2898; x_wconf 86' lang='lat' dir='ltr'><strong>ostende</strong></span> 
     </span>
    </p>
   </div>
   <div class='ocr_carea' id='block_1_71' title="bbox 1989 2934 3562 3003">
    <p class='ocr_par' dir='ltr' id='par_1_71' title="bbox 1989 2934 3562 3003">
     <span class='ocr_line' id='line_1_71' title="bbox 1989 2934 3562 3003; baseline -0.001 -16"><span class='ocrx_word' id='word_1_441' title='bbox 1989 2943 2305 3003; x_wconf 87' lang='lat' dir='ltr'><strong>perpetuam</strong></span> <span class='ocrx_word' id='word_1_442' title='bbox 2338 2935 2637 3003; x_wconf 87' lang='lat' dir='ltr'><strong>potentiam</strong></span> <span class='ocrx_word' id='word_1_443' title='bbox 2672 2946 2842 2997; x_wconf 91' lang='lat' dir='ltr'><strong>tnam,</strong></span> <span class='ocrx_word' id='word_1_444' title='bbox 2877 2935 2928 2987; x_wconf 92' lang='lat' dir='ltr'><strong>in</strong></span> <span class='ocrx_word' id='word_1_445' title='bbox 2980 2943 3031 2989; x_wconf 92' lang='lat' dir='ltr'><strong>te</strong></span> <span class='ocrx_word' id='word_1_446' title='bbox 3065 2934 3210 2987; x_wconf 91' lang='lat' dir='ltr'><strong>enim</strong></span> <span class='ocrx_word' id='word_1_447' title='bbox 3261 2939 3562 3002; x_wconf 83' lang='lat' dir='ltr'><strong>sperantes,</strong></span> 
     </span>
    </p>
   </div>
   <div class='ocr_carea' id='block_1_72' title="bbox 1993 3024 3569 3096">
    <p class='ocr_par' dir='ltr' id='par_1_72' title="bbox 1993 3024 3569 3096">
     <span class='ocr_line' id='line_1_72' title="bbox 1993 3024 3569 3096; baseline -0.002 -16"><span class='ocrx_word' id='word_1_448' title='bbox 1993 3026 2106 3080; x_wconf 83' lang='lat' dir='ltr'><strong>Ave</strong></span> <span class='ocrx_word' id='word_1_449' title='bbox 2126 3027 2427 3080; x_wconf 87' lang='lat' dir='ltr'><strong>clamamus</strong></span> <span class='ocrx_word' id='word_1_450' title='bbox 2458 3027 2574 3092; x_wconf 90' lang='lat' dir='ltr'><strong>tibi,</strong></span> <span class='ocrx_word' id='word_1_451' title='bbox 2608 3029 2746 3082; x_wconf 92' lang='lat' dir='ltr'><strong>sicut</strong></span> <span class='ocrx_word' id='word_1_452' title='bbox 2779 3026 2908 3081; x_wconf 86' lang='lat' dir='ltr'><strong>olim</strong></span> <span class='ocrx_word' id='word_1_453' title='bbox 2940 3028 3388 3096; x_wconf 85' lang='lat' dir='ltr'><strong>incorporeorum</strong></span> <span class='ocrx_word' id='word_1_454' title='bbox 3417 3024 3569 3094; x_wconf 85' lang='lat' dir='ltr'><strong>prin-</strong></span> 
     </span>
    </p>
   </div>
   <div class='ocr_carea' id='block_1_73' title="bbox 1991 3117 2386 3186">
    <p class='ocr_par' dir='ltr' id='par_1_73' title="bbox 1991 3117 2386 3186">
     <span class='ocr_line' id='line_1_73' title="bbox 1991 3117 2386 3186; baseline -0.003 -13"><span class='ocrx_word' id='word_1_455' title='bbox 1991 3134 2119 3186; x_wconf 88' lang='lat' dir='ltr'><strong>ceps</strong></span> <span class='ocrx_word' id='word_1_456' title='bbox 2147 3117 2386 3173; x_wconf 85' lang='lat' dir='ltr'><strong>Gabriel.</strong></span> 
     </span>
    </p>
   </div>
   <div class='ocr_carea' id='block_1_74' title="bbox 2059 3208 3571 3278">
    <p class='ocr_par' dir='ltr' id='par_1_74' title="bbox 2059 3208 3571 3278">
     <span class='ocr_line' id='line_1_74' title="bbox 2059 3208 3571 3278; baseline -0.002 -14"><span class='ocrx_word' id='word_1_457' title='bbox 2059 3209 2187 3264; x_wconf 69' lang='lat'><strong>9.48.</strong></span> <span class='ocrx_word' id='word_1_458' title='bbox 2242 3209 2368 3266; x_wconf 53' lang='lat' dir='ltr'><strong>Haec</strong></span> <span class='ocrx_word' id='word_1_459' title='bbox 2393 3210 2646 3266; x_wconf 87' lang='lat' dir='ltr'><strong>dicuntur</strong></span> <span class='ocrx_word' id='word_1_460' title='bbox 2713 3213 2949 3266; x_wconf 87' lang='lat' dir='ltr'><strong>secunda</strong></span> <span class='ocrx_word' id='word_1_461' title='bbox 2981 3208 3310 3275; x_wconf 81' lang='lat' dir='ltr'><strong>feria,tertia</strong></span> <span class='ocrx_word' id='word_1_462' title='bbox 3342 3217 3397 3263; x_wconf 88' lang='lat' dir='ltr'><strong>et</strong></span> <span class='ocrx_word' id='word_1_463' title='bbox 3418 3210 3571 3278; x_wconf 86' lang='lat' dir='ltr'><strong>quin-</strong></span> 
     </span>
    </p>
   </div>
   <div class='ocr_carea' id='block_1_75' title="bbox 1993 3301 3569 3370">
    <p class='ocr_par' dir='ltr' id='par_1_75' title="bbox 1993 3301 3569 3370">
     <span class='ocr_line' id='line_1_75' title="bbox 1993 3301 3569 3370; baseline 0.003 -18"><span class='ocrx_word' id='word_1_464' title='bbox 1993 3310 2072 3364; x_wconf 91' lang='lat' dir='ltr'><strong>ta,</strong></span> <span class='ocrx_word' id='word_1_465' title='bbox 2101 3303 2319 3370; x_wconf 83' lang='lat' dir='ltr'><strong>quando</strong></span> <span class='ocrx_word' id='word_1_466' title='bbox 2358 3304 2474 3356; x_wconf 87' lang='lat' dir='ltr'><strong>dies</strong></span> <span class='ocrx_word' id='word_1_467' title='bbox 2510 3301 2820 3358; x_wconf 84' lang='lat' dir='ltr'><strong>contacium</strong></span> <span class='ocrx_word' id='word_1_468' title='bbox 2876 3317 2982 3357; x_wconf 91' lang='lat' dir='ltr'><strong>non</strong></span> <span class='ocrx_word' id='word_1_469' title='bbox 3015 3301 3179 3357; x_wconf 84' lang='lat' dir='ltr'><strong>habet</strong></span> <span class='ocrx_word' id='word_1_470' title='bbox 3209 3319 3224 3369; x_wconf 92' lang='lat'><strong>;</strong></span> <span class='ocrx_word' id='word_1_471' title='bbox 3285 3302 3378 3357; x_wconf 89' lang='lat' dir='ltr'><strong>sed</strong></span> <span class='ocrx_word' id='word_1_472' title='bbox 3433 3301 3569 3357; x_wconf 81' lang='lat' dir='ltr'><strong>feria</strong></span> 
     </span>
    </p>
   </div>
   <div class='ocr_carea' id='block_1_76' title="bbox 1991 3393 3568 3463">
    <p class='ocr_par' dir='ltr' id='par_1_76' title="bbox 1991 3393 3568 3463">
     <span class='ocr_line' id='line_1_76' title="bbox 1991 3393 3568 3463; baseline 0.002 -18"><span class='ocrx_word' id='word_1_473' title='bbox 1991 3404 2181 3463; x_wconf 88' lang='lat' dir='ltr'><strong>quarta</strong></span> <span class='ocrx_word' id='word_1_474' title='bbox 2227 3403 2281 3446; x_wconf 90' lang='lat' dir='ltr'><strong>et</strong></span> <span class='ocrx_word' id='word_1_475' title='bbox 2314 3403 2466 3449; x_wconf 81' lang='lat' dir='ltr'><strong>sexta</strong></span> <span class='ocrx_word' id='word_1_476' title='bbox 2514 3404 2644 3448; x_wconf 90' lang='lat' dir='ltr'><strong>tono</strong></span> <span class='ocrx_word' id='word_1_477' title='bbox 2703 3396 2944 3451; x_wconf 83' lang='lat' dir='ltr'><strong>secundo</strong></span> <span class='ocrx_word' id='word_1_478' title='bbox 2998 3396 3196 3451; x_wconf 88' lang='lat' dir='ltr'><strong>dicitur</strong></span> <span class='ocrx_word' id='word_1_479' title='bbox 3263 3393 3568 3460; x_wconf 86' lang='lat' dir='ltr'><strong>subjectum</strong></span> 
     </span>
    </p>
   </div>
   <div class='ocr_carea' id='block_1_77' title="bbox 1994 3485 3570 3557">
    <p class='ocr_par' dir='ltr' id='par_1_77' title="bbox 1994 3485 3570 3557">
     <span class='ocr_line' id='line_1_77' title="bbox 1994 3485 3570 3557; baseline 0.001 -19"><span class='ocrx_word' id='word_1_480' title='bbox 1994 3486 2293 3555; x_wconf 90' lang='lat' dir='ltr'><strong>troparium</strong></span> <span class='ocrx_word' id='word_1_481' title='bbox 2320 3525 2336 3550; x_wconf 81' lang='lat'><strong>,</strong></span> <span class='ocrx_word' id='word_1_482' title='bbox 2382 3485 2526 3556; x_wconf 83' lang='lat' dir='ltr'><strong>quod</strong></span> <span class='ocrx_word' id='word_1_483' title='bbox 2559 3486 2775 3541; x_wconf 86' lang='lat' dir='ltr'><strong>laudem</strong></span> <span class='ocrx_word' id='word_1_484' title='bbox 2809 3487 2988 3541; x_wconf 89' lang='lat' dir='ltr'><strong>crucis</strong></span> <span class='ocrx_word' id='word_1_485' title='bbox 3034 3485 3195 3540; x_wconf 83' lang='lat' dir='ltr'><strong>simul</strong></span> <span class='ocrx_word' id='word_1_486' title='bbox 3230 3501 3294 3540; x_wconf 83' lang='lat' dir='ltr'><strong>ac</strong></span> <span class='ocrx_word' id='word_1_487' title='bbox 3329 3485 3570 3557; x_wconf 62' lang='lat' dir='ltr'><strong>Dciparae</strong></span> 
     </span>
    </p>
   </div>
   <div class='ocr_carea' id='block_1_78' title="bbox 1995 3579 2398 3650">
    <p class='ocr_par' dir='ltr' id='par_1_78' title="bbox 1995 3579 2398 3650">
     <span class='ocr_line' id='line_1_78' title="bbox 1995 3579 2398 3650; baseline 0.002 -16"><span class='ocrx_word' id='word_1_488' title='bbox 1995 3579 2398 3650; x_wconf 88' lang='lat' dir='ltr'><strong>complectitur.</strong></span> 
     </span>
    </p>
   </div>
   <div class='ocr_carea' id='block_1_79' title="bbox 2069 3671 3566 3744">
    <p class='ocr_par' dir='ltr' id='par_1_79' title="bbox 2069 3671 3566 3744">
     <span class='ocr_line' id='line_1_79' title="bbox 2069 3671 3566 3744; baseline -0.001 -17"><span class='ocrx_word' id='word_1_489' title='bbox 2069 3671 2419 3728; x_wconf 87' lang='lat' dir='ltr'><strong>Celebramus</strong></span> <span class='ocrx_word' id='word_1_490' title='bbox 2458 3685 2532 3738; x_wconf 90' lang='lat' dir='ltr'><strong>te,</strong></span> <span class='ocrx_word' id='word_1_491' title='bbox 2573 3673 2736 3743; x_wconf 79' lang='lat' dir='ltr'><strong>Virgo</strong></span> <span class='ocrx_word' id='word_1_492' title='bbox 2796 3671 3051 3744; x_wconf 85' lang='lat' dir='ltr'><strong>Deipara,</strong></span> <span class='ocrx_word' id='word_1_493' title='bbox 3099 3689 3218 3744; x_wconf 74' lang='lat' dir='ltr'><strong>qua:</strong></span> <span class='ocrx_word' id='word_1_494' title='bbox 3246 3673 3415 3742; x_wconf 79' lang='lat' dir='ltr'><strong>gloria</strong></span> <span class='ocrx_word' id='word_1_495' title='bbox 3449 3689 3566 3726; x_wconf 85' lang='lat' dir='ltr'><strong>om-</strong></span> 
     </span>
    </p>
   </div>
   <div class='ocr_carea' id='block_1_80' title="bbox 1995 3765 3570 3835">
    <p class='ocr_par' dir='ltr' id='par_1_80' title="bbox 1995 3765 3570 3835">
     <span class='ocr_line' id='line_1_80' title="bbox 1995 3765 3570 3835; baseline 0 -17"><span class='ocrx_word' id='word_1_496' title='bbox 1995 3778 2092 3818; x_wconf 89' lang='lat' dir='ltr'><strong>nes</strong></span> <span class='ocrx_word' id='word_1_497' title='bbox 2127 3778 2456 3833; x_wconf 78' lang='lat' dir='ltr'><strong>exsuperas;</strong></span> <span class='ocrx_word' id='word_1_498' title='bbox 2489 3767 2744 3835; x_wconf 90' lang='lat' dir='ltr'><strong>quoniam</strong></span> <span class='ocrx_word' id='word_1_499' title='bbox 2778 3780 2873 3834; x_wconf 89' lang='lat' dir='ltr'><strong>per</strong></span> <span class='ocrx_word' id='word_1_500' title='bbox 2925 3765 3048 3820; x_wconf 82' lang='lat' dir='ltr'><strong>Filii</strong></span> <span class='ocrx_word' id='word_1_501' title='bbox 3108 3767 3182 3820; x_wconf 91' lang='lat' dir='ltr'><strong>tui</strong></span> <span class='ocrx_word' id='word_1_502' title='bbox 3244 3781 3459 3820; x_wconf 82' lang='lat' dir='ltr'><strong>crucem</strong></span> <span class='ocrx_word' id='word_1_503' title='bbox 3492 3767 3570 3818; x_wconf 73' lang='lat' dir='ltr'><strong>vi-</strong></span> 
     </span>
    </p>
   </div>
   <div class='ocr_carea' id='block_1_81' title="bbox 1994 3842 3572 3919">
    <p class='ocr_par' dir='ltr' id='par_1_81' title="bbox 1994 3842 3572 3919">
     <span class='ocr_line' id='line_1_81' title="bbox 1994 3842 3572 3919; baseline 0.002 -13"><span class='ocrx_word' id='word_1_504' title='bbox 1994 3863 2116 3906; x_wconf 86' lang='lat' dir='ltr'><strong>ctus</strong></span> <span class='ocrx_word' id='word_1_505' title='bbox 2145 3861 2228 3906; x_wconf 89' lang='lat' dir='ltr'><strong>est</strong></span> <span class='ocrx_word' id='word_1_506' title='bbox 2262 3842 2511 3908; x_wconf 82' lang='lat' dir='ltr'><strong>infernus</strong></span> <span class='ocrx_word' id='word_1_507' title='bbox 2537 3895 2552 3919; x_wconf 91' lang='lat'><strong>,</strong></span> <span class='ocrx_word' id='word_1_508' title='bbox 2584 3863 2636 3909; x_wconf 87' lang='lat' dir='ltr'><strong>et</strong></span> <span class='ocrx_word' id='word_1_509' title='bbox 2668 3870 2816 3908; x_wconf 92' lang='lat' dir='ltr'><strong>mors</strong></span> <span class='ocrx_word' id='word_1_510' title='bbox 2848 3864 3058 3909; x_wconf 90' lang='lat' dir='ltr'><strong>mortua</strong></span> <span class='ocrx_word' id='word_1_511' title='bbox 3092 3866 3195 3910; x_wconf 85' lang='lat' dir='ltr'><strong>est.</strong></span> <span class='ocrx_word' id='word_1_512' title='bbox 3247 3857 3572 3911; x_wconf 78' lang='lat' dir='ltr'><strong>Resurrexi-</strong></span> 
     </span>
    </p>
   </div>
   <div class='ocr_carea' id='block_1_82' title="bbox 1995 3947 3570 4018">
    <p class='ocr_par' dir='ltr' id='par_1_82' title="bbox 1995 3947 3570 4018">
     <span class='ocr_line' id='line_1_82' title="bbox 1995 3947 3570 4018; baseline 0.003 -20"><span class='ocrx_word' id='word_1_513' title='bbox 1995 3959 2115 4000; x_wconf 89' lang='lat' dir='ltr'><strong>mus</strong></span> <span class='ocrx_word' id='word_1_514' title='bbox 2167 3947 2259 4016; x_wconf 88' lang='lat' dir='ltr'><strong>qui</strong></span> <span class='ocrx_word' id='word_1_515' title='bbox 2313 3961 2531 4003; x_wconf 81' lang='lat' dir='ltr'><strong>eramus</strong></span> <span class='ocrx_word' id='word_1_516' title='bbox 2592 3949 2844 4016; x_wconf 87' lang='lat' dir='ltr'><strong>mortui;</strong></span> <span class='ocrx_word' id='word_1_517' title='bbox 2894 3951 3001 4001; x_wconf 86' lang='lat' dir='ltr'><strong>vita</strong></span> <span class='ocrx_word' id='word_1_518' title='bbox 3047 3949 3190 4018; x_wconf 89' lang='lat' dir='ltr'><strong>digni</strong></span> <span class='ocrx_word' id='word_1_519' title='bbox 3226 3949 3417 4003; x_wconf 86' lang='lat' dir='ltr'><strong>redditi</strong></span> <span class='ocrx_word' id='word_1_520' title='bbox 3475 3965 3570 4003; x_wconf 85' lang='lat' dir='ltr'><strong>su-</strong></span> 
     </span>
    </p>
   </div>
   <div class='ocr_carea' id='block_1_83' title="bbox 1994 4039 3569 4111">
    <p class='ocr_par' dir='ltr' id='par_1_83' title="bbox 1994 4039 3569 4111">
     <span class='ocr_line' id='line_1_83' title="bbox 1994 4039 3569 4111; baseline 0.003 -22"><span class='ocrx_word' id='word_1_521' title='bbox 1994 4051 2150 4103; x_wconf 85' lang='lat' dir='ltr'><strong>mus;</strong></span> <span class='ocrx_word' id='word_1_522' title='bbox 2202 4039 2534 4106; x_wconf 84' lang='lat' dir='ltr'><strong>paradisum,</strong></span> <span class='ocrx_word' id='word_1_523' title='bbox 2589 4039 2913 4109; x_wconf 83' lang='lat' dir='ltr'><strong>voluptatem</strong></span> <span class='ocrx_word' id='word_1_524' title='bbox 2958 4039 3193 4111; x_wconf 90' lang='lat' dir='ltr'><strong>priscam</strong></span> <span class='ocrx_word' id='word_1_525' title='bbox 3245 4041 3569 4110; x_wconf 83' lang='lat' dir='ltr'><strong>recepimus.</strong></span> 
     </span>
    </p>
   </div>
   <div class='ocr_carea' id='block_1_84' title="bbox 1994 4128 3571 4204">
    <p class='ocr_par' dir='ltr' id='par_1_84' title="bbox 1994 4128 3571 4204">
     <span class='ocr_line' id='line_1_84' title="bbox 1994 4128 3571 4204; baseline 0.005 -21"><span class='ocrx_word' id='word_1_526' title='bbox 1994 4128 2205 4184; x_wconf 84' lang='lat' dir='ltr'><strong>Idcirco</strong></span> <span class='ocrx_word' id='word_1_527' title='bbox 2231 4129 2435 4199; x_wconf 77' lang='lat' dir='ltr'><strong>gratias</strong></span> <span class='ocrx_word' id='word_1_528' title='bbox 2467 4141 2711 4200; x_wconf 86' lang='lat' dir='ltr'><strong>agentes,</strong></span> <span class='ocrx_word' id='word_1_529' title='bbox 2748 4131 3114 4202; x_wconf 75' lang='lat' dir='ltr'><strong>glorificamus</strong></span> <span class='ocrx_word' id='word_1_530' title='bbox 3135 4134 3430 4198; x_wconf 80' lang='lat' dir='ltr'><strong>Christum,</strong></span> <span class='ocrx_word' id='word_1_531' title='bbox 3478 4135 3571 4204; x_wconf 87' lang='lat' dir='ltr'><strong>qui</strong></span> 
     </span>
    </p>
   </div>
   <div class='ocr_carea' id='block_1_85' title="bbox 1997 4221 3570 4295">
    <p class='ocr_par' dir='ltr' id='par_1_85' title="bbox 1997 4221 3570 4295">
     <span class='ocr_line' id='line_1_85' title="bbox 1997 4221 3570 4295; baseline 0.004 -21"><span class='ocrx_word' id='word_1_532' title='bbox 1997 4221 2139 4275; x_wconf 87' lang='lat' dir='ltr'><strong>Deus</strong></span> <span class='ocrx_word' id='word_1_533' title='bbox 2199 4231 2382 4277; x_wconf 89' lang='lat' dir='ltr'><strong>noster</strong></span> <span class='ocrx_word' id='word_1_534' title='bbox 2443 4233 2746 4295; x_wconf 68' lang='lat' dir='ltr'><strong>praepotens</strong></span> <span class='ocrx_word' id='word_1_535' title='bbox 2804 4234 2918 4292; x_wconf 83' lang='lat' dir='ltr'><strong>est,</strong></span> <span class='ocrx_word' id='word_1_536' title='bbox 2975 4241 3037 4280; x_wconf 90' lang='lat' dir='ltr'><strong>ac</strong></span> <span class='ocrx_word' id='word_1_537' title='bbox 3093 4225 3320 4279; x_wconf 88' lang='lat' dir='ltr'><strong>multum</strong></span> <span class='ocrx_word' id='word_1_538' title='bbox 3354 4226 3570 4282; x_wconf 88' lang='lat' dir='ltr'><strong>miseri-</strong></span> 
     </span>
    </p>
   </div>
   <div class='ocr_carea' id='block_1_86' title="bbox 1996 4329 2136 4369">
    <p class='ocr_par' dir='ltr' id='par_1_86' title="bbox 1996 4329 2136 4369">
     <span class='ocr_line' id='line_1_86' title="bbox 1996 4329 2136 4369; baseline 0.007 -2"><span class='ocrx_word' id='word_1_539' title='bbox 1996 4329 2136 4369; x_wconf 72' lang='grc' dir='ltr'>εοτε.</span> 
     </span>
    </p>
   </div>
   <div class='ocr_carea' id='block_1_87' title="bbox 2073 4406 3572 4479">
    <p class='ocr_par' dir='ltr' id='par_1_87' title="bbox 2073 4406 3572 4479">
     <span class='ocr_line' id='line_1_87' title="bbox 2073 4406 3572 4479; baseline 0.003 -19"><span class='ocrx_word' id='word_1_540' title='bbox 2073 4406 2341 4472; x_wconf 89' lang='lat' dir='ltr'><strong>Domine,</strong></span> <span class='ocrx_word' id='word_1_541' title='bbox 2403 4407 2666 4462; x_wconf 89' lang='lat' dir='ltr'><strong>miserere</strong></span> <span class='ocrx_word' id='word_1_542' title='bbox 2699 4449 2713 4474; x_wconf 92' lang='lat'><strong>,</strong></span> <span class='ocrx_word' id='word_1_543' title='bbox 2783 4407 3130 4479; x_wconf 87' lang='lat' dir='ltr'><strong>quadragies.</strong></span> <span class='ocrx_word' id='word_1_544' title='bbox 3201 4408 3425 4474; x_wconf 90' lang='lat' dir='ltr'><strong>Oratio,</strong></span> <span class='ocrx_word' id='word_1_545' title='bbox 3470 4408 3572 4477; x_wconf 88' lang='lat' dir='ltr'><strong>Qui</strong></span> 
     </span>
    </p>
   </div>
   <div class='ocr_carea' id='block_1_88' title="bbox 1996 4497 3573 4571">
    <p class='ocr_par' dir='ltr' id='par_1_88' title="bbox 1996 4497 3573 4571">
     <span class='ocr_line' id='line_1_88' title="bbox 1996 4497 3573 4571; baseline 0.002 -20"><span class='ocrx_word' id='word_1_546' title='bbox 1996 4497 2141 4551; x_wconf 91' lang='lat' dir='ltr'><strong>omni</strong></span> <span class='ocrx_word' id='word_1_547' title='bbox 2176 4506 2417 4565; x_wconf 90' lang='lat' dir='ltr'><strong>tempore</strong></span> <span class='ocrx_word' id='word_1_548' title='bbox 2458 4509 2513 4554; x_wconf 90' lang='lat' dir='ltr'><strong>et</strong></span> <span class='ocrx_word' id='word_1_549' title='bbox 2538 4499 2682 4554; x_wconf 90' lang='lat' dir='ltr'><strong>omni</strong></span> <span class='ocrx_word' id='word_1_550' title='bbox 2719 4500 2848 4552; x_wconf 78' lang='lat' dir='ltr'><strong>liora</strong></span> <span class='ocrx_word' id='word_1_551' title='bbox 2877 4514 2892 4564; x_wconf 91' lang='lat'><strong>;</strong></span> <span class='ocrx_word' id='word_1_552' title='bbox 2925 4510 3049 4569; x_wconf 91' lang='lat' dir='ltr'><strong>post</strong></span> <span class='ocrx_word' id='word_1_553' title='bbox 3097 4517 3281 4571; x_wconf 87' lang='lat' dir='ltr'><strong>quam,</strong></span> <span class='ocrx_word' id='word_1_554' title='bbox 3322 4501 3573 4566; x_wconf 87' lang='lat' dir='ltr'><strong>Domine,</strong></span> 
     </span>
    </p>
   </div>
   <div class='ocr_carea' id='block_1_89' title="bbox 307 4572 1888 4668">
    <p class='ocr_par' dir='ltr' id='par_1_89' title="bbox 307 4572 1888 4662">
     <span class='ocr_line' id='line_1_89' title="bbox 307 4572 1888 4662; baseline 0.012 -39"><span class='ocrx_word' id='word_1_555' title='bbox 307 4573 425 4625; x_wconf 79' lang='grc' dir='ltr'>Καὶ</span> <span class='ocrx_word' id='word_1_556' title='bbox 454 4572 567 4626; x_wconf 86' lang='grc' dir='ltr'>νῦν.</span> <span class='ocrx_word' id='word_1_557' title='bbox 606 4578 716 4648; x_wconf 81' lang='grc' dir='ltr'>Τὴν</span> <span class='ocrx_word' id='word_1_558' title='bbox 751 4578 1104 4652; x_wconf 84' lang='grc' dir='ltr'>τιμιωτέραν.</span> <span class='ocrx_word' id='word_1_559' title='bbox 1124 4581 1443 4652; x_wconf 85' lang='grc' dir='ltr'>Μετάνοιαι,</span> <span class='ocrx_word' id='word_1_560' title='bbox 1474 4587 1548 4649; x_wconf 82' lang='grc' dir='ltr'>ὡς</span> <span class='ocrx_word' id='word_1_561' title='bbox 1579 4586 1818 4662; x_wconf 78' lang='grc' dir='ltr'>εἴρηται,</span> <span class='ocrx_word' id='word_1_562' title='bbox 1846 4591 1888 4642; x_wconf 81' lang='lat' dir='ltr'><strong>el</strong></span> 
     </span>
    </p>
   </div>
   <div class='ocr_carea' id='block_1_90' title="bbox 1990 4572 3573 4668">
    <p class='ocr_par' dir='ltr' id='par_1_90' title="bbox 2003 4587 3573 4654">
     <span class='ocr_line' id='line_1_90' title="bbox 2003 4587 3573 4654; baseline 0.002 -14"><span class='ocrx_word' id='word_1_563' title='bbox 2003 4590 2306 4654; x_wconf 88' lang='lat' dir='ltr'><strong>miserere,</strong></span> <span class='ocrx_word' id='word_1_564' title='bbox 2345 4600 2449 4644; x_wconf 91' lang='lat' dir='ltr'><strong>ter.</strong></span> <span class='ocrx_word' id='word_1_565' title='bbox 2540 4587 2745 4643; x_wconf 88' lang='lat' dir='ltr'><strong>Gloria.</strong></span> <span class='ocrx_word' id='word_1_566' title='bbox 2816 4589 2883 4644; x_wconf 87' lang='lat' dir='ltr'><strong>Et</strong></span> <span class='ocrx_word' id='word_1_567' title='bbox 2958 4607 3122 4649; x_wconf 90' lang='lat' dir='ltr'><strong>nunc.</strong></span> <span class='ocrx_word' id='word_1_568' title='bbox 3181 4590 3573 4646; x_wconf 81' lang='lat' dir='ltr'><strong>Excelsiorem.</strong></span> 
     </span>
    </p>
   </div>
   <div class='ocr_carea' id='block_1_91' title="bbox 306 4667 1340 4744">
    <p class='ocr_par' dir='ltr' id='par_1_91' title="bbox 306 4667 1340 4744">
     <span class='ocr_line' id='line_1_91' title="bbox 306 4667 1340 4744; baseline 0.012 -26"><span class='ocrx_word' id='word_1_569' title='bbox 306 4668 430 4719; x_wconf 69' lang='grc' dir='ltr'>ἐστι</span> <span class='ocrx_word' id='word_1_570' title='bbox 461 4667 902 4744; x_wconf 84' lang='grc' dir='ltr'>Τεσσαρακοστή·</span> <span class='ocrx_word' id='word_1_571' title='bbox 935 4675 1027 4726; x_wconf 77' lang='grc' dir='ltr'><strong>καὶ</strong></span> <span class='ocrx_word' id='word_1_572' title='bbox 1061 4672 1340 4737; x_wconf 85' lang='grc' dir='ltr'>ἀπόλυσις.</span> 
     </span>
    </p>
   </div>
   <div class='ocr_carea' id='block_1_92' title="bbox 2001 4679 3576 4755">
    <p class='ocr_par' dir='ltr' id='par_1_92' title="bbox 2001 4679 3576 4755">
     <span class='ocr_line' id='line_1_92' title="bbox 2001 4679 3576 4755; baseline 0.003 -22"><span class='ocrx_word' id='word_1_573' title='bbox 2001 4679 2364 4743; x_wconf 73' lang='lat' dir='ltr'><strong>Reverentiar,</strong></span> <span class='ocrx_word' id='word_1_574' title='bbox 2399 4690 2456 4735; x_wconf 90' lang='lat' dir='ltr'><strong>nt</strong></span> <span class='ocrx_word' id='word_1_575' title='bbox 2485 4681 2688 4736; x_wconf 83' lang='lat' dir='ltr'><strong>dictum</strong></span> <span class='ocrx_word' id='word_1_576' title='bbox 2722 4691 2831 4749; x_wconf 86' lang='lat' dir='ltr'><strong>est,</strong></span> <span class='ocrx_word' id='word_1_577' title='bbox 2861 4682 2905 4738; x_wconf 88' lang='lat' dir='ltr'><strong>si</strong></span> <span class='ocrx_word' id='word_1_578' title='bbox 2939 4683 3012 4738; x_wconf 87' lang='lat' dir='ltr'><strong>sit</strong></span> <span class='ocrx_word' id='word_1_579' title='bbox 3037 4683 3494 4755; x_wconf 79' lang='lat' dir='ltr'><strong>Quadragesima;</strong></span> <span class='ocrx_word' id='word_1_580' title='bbox 3521 4695 3576 4738; x_wconf 88' lang='lat' dir='ltr'><strong>et</strong></span> 
     </span>
    </p>
   </div>
   <div class='ocr_carea' id='block_1_93' title="bbox 2003 4767 2148 4823">
    <p class='ocr_par' dir='ltr' id='par_1_93' title="bbox 2003 4767 2148 4823">
     <span class='ocr_line' id='line_1_93' title="bbox 2003 4767 2148 4823; baseline 0.007 -1"><span class='ocrx_word' id='word_1_581' title='bbox 2003 4767 2148 4823; x_wconf 82' lang='lat' dir='ltr'><strong>ﬁnis.</strong></span> 
     </span>
    </p>
   </div>
   <div class='ocr_carea' id='block_1_94' title="bbox 1618 4987 2289 5048">
    <p class='ocr_par' dir='ltr' id='par_1_94' title="bbox 1618 4987 2289 5048">
     <span class='ocr_line' id='line_1_94' title="bbox 1618 4987 2289 5048; baseline 0.009 -6"><span class='ocrx_word' id='word_1_582' title='bbox 1618 4987 1978 5045; x_wconf 76' lang='lat' dir='ltr'><strong>MESORIUM</strong></span> <span class='ocrx_word' id='word_1_583' title='bbox 2019 4990 2289 5048; x_wconf 55' lang='lat' dir='ltr'><strong>SEXTA).</strong></span> 
     </span>
    </p>
   </div>
   <div class='ocr_carea' id='block_1_95' title="bbox 385 5206 1892 5284">
    <p class='ocr_par' dir='ltr' id='par_1_95' title="bbox 385 5206 1892 5284">
     <span class='ocr_line' id='line_1_95' title="bbox 385 5206 1892 5284; baseline 0.002 -22"><span class='ocrx_word' id='word_1_584' title='bbox 385 5209 482 5270; x_wconf 86' lang='lat' dir='ltr'><strong>T6,</strong></span> <span class='ocrx_word' id='word_1_585' title='bbox 506 5206 691 5270; x_wconf 80' lang='grc' dir='ltr'>Δεῦτε,</span> <span class='ocrx_word' id='word_1_586' title='bbox 729 5211 1218 5282; x_wconf 78' lang='grc' dir='ltr'>προσκυνήσωμεν,</span> <span class='ocrx_word' id='word_1_587' title='bbox 1249 5213 1313 5265; x_wconf 78' lang='grc' dir='ltr'><strong>ὲκ</strong></span> <span class='ocrx_word' id='word_1_588' title='bbox 1345 5212 1552 5284; x_wconf 83' lang='grc' dir='ltr'>τρίτου,</span> <span class='ocrx_word' id='word_1_589' title='bbox 1580 5215 1674 5267; x_wconf 70' lang='grc' dir='ltr'><strong>καὶ</strong></span> <span class='ocrx_word' id='word_1_590' title='bbox 1699 5216 1726 5265; x_wconf 81' lang='lat'><strong>6</strong></span> <span class='ocrx_word' id='word_1_591' title='bbox 1757 5212 1892 5282; x_wconf 75' lang='grc' dir='ltr'>ψαλ-</span> 
     </span>
    </p>
   </div>
   <div class='ocr_carea' id='block_1_96' title="bbox 305 5301 1891 5378">
    <p class='ocr_par' dir='ltr' id='par_1_96' title="bbox 305 5301 1891 5378">
     <span class='ocr_line' id='line_1_96' title="bbox 305 5301 1891 5378; baseline 0.004 -25"><span class='ocrx_word' id='word_1_592' title='bbox 305 5302 431 5373; x_wconf 76' lang='grc' dir='ltr'>μοὶ,</span> <span class='ocrx_word' id='word_1_593' title='bbox 475 5301 505 5352; x_wconf 88' lang='lat'><strong>6</strong></span> <span class='ocrx_word' id='word_1_594' title='bbox 537 5305 640 5369; x_wconf 55' lang='lat' dir='ltr'><strong>vk&#39;,</strong></span> <span class='ocrx_word' id='word_1_595' title='bbox 677 5301 926 5374; x_wconf 80' lang='grc' dir='ltr'>Ἐλέησόν</span> <span class='ocrx_word' id='word_1_596' title='bbox 977 5323 1064 5375; x_wconf 87' lang='grc' dir='ltr'><strong>με,</strong></span> <span class='ocrx_word' id='word_1_597' title='bbox 1114 5305 1141 5357; x_wconf 77' lang='lat'><strong>6</strong></span> <span class='ocrx_word' id='word_1_598' title='bbox 1189 5306 1350 5370; x_wconf 86' lang='grc' dir='ltr'>Θεὸς,</span> <span class='ocrx_word' id='word_1_599' title='bbox 1400 5305 1618 5375; x_wconf 75' lang='grc' dir='ltr'>ἐλέησόν</span> <span class='ocrx_word' id='word_1_600' title='bbox 1673 5325 1762 5378; x_wconf 75' lang='grc' dir='ltr'>με.</span> <span class='ocrx_word' id='word_1_601' title='bbox 1809 5307 1891 5360; x_wconf 85' lang='grc' dir='ltr'>ὅτι</span> 
     </span>
    </p>
   </div>
   <div class='ocr_carea' id='block_1_97' title="bbox 303 5394 1894 5469">
    <p class='ocr_par' dir='ltr' id='par_1_97' title="bbox 303 5394 1894 5469">
     <span class='ocr_line' id='line_1_97' title="bbox 303 5394 1894 5469; baseline 0.003 -22"><span class='ocrx_word' id='word_1_602' title='bbox 303 5394 668 5467; x_wconf 76' lang='grc' dir='ltr'>κατεπάτησέ</span> <span class='ocrx_word' id='word_1_603' title='bbox 716 5411 781 5466; x_wconf 85' lang='grc' dir='ltr'><strong>με</strong></span> <span class='ocrx_word' id='word_1_604' title='bbox 830 5396 1132 5469; x_wconf 83' lang='grc' dir='ltr'>ἄνθρωπος.</span> <span class='ocrx_word' id='word_1_605' title='bbox 1178 5399 1285 5451; x_wconf 70' lang='grc' dir='ltr'>Καὶ</span> <span class='ocrx_word' id='word_1_606' title='bbox 1333 5401 1360 5453; x_wconf 87' lang='grc' dir='ltr'>ὁ</span> <span class='ocrx_word' id='word_1_607' title='bbox 1395 5400 1489 5465; x_wconf 83' lang='grc' dir='ltr'>ξθ’,</span> <span class='ocrx_word' id='word_1_608' title='bbox 1530 5400 1586 5452; x_wconf 87' lang='lat'><strong>&#39;0</strong></span> <span class='ocrx_word' id='word_1_609' title='bbox 1635 5400 1766 5464; x_wconf 83' lang='grc' dir='ltr'>Θεὸς</span> <span class='ocrx_word' id='word_1_610' title='bbox 1815 5402 1894 5464; x_wconf 81' lang='grc' dir='ltr'><strong>είς</strong></span> 
     </span>
    </p>
   </div>
   <div class='ocr_carea' id='block_1_98' title="bbox 306 5486 740 5560">
    <p class='ocr_par' dir='ltr' id='par_1_98' title="bbox 306 5486 740 5560">
     <span class='ocr_line' id='line_1_98' title="bbox 306 5486 740 5560; baseline 0.016 -24"><span class='ocrx_word' id='word_1_611' title='bbox 306 5486 575 5560; x_wconf 78' lang='grc' dir='ltr'>βοήθειάν</span> <span class='ocrx_word' id='word_1_612' title='bbox 617 5507 740 5559; x_wconf 85' lang='grc' dir='ltr'>μου.</span> 
     </span>
    </p>
   </div>
   <div class='ocr_carea' id='block_1_99' title="bbox 387 5576 1894 5658">
    <p class='ocr_par' dir='ltr' id='par_1_99' title="bbox 387 5576 1894 5658">
     <span class='ocr_line' id='line_1_99' title="bbox 387 5576 1894 5658; baseline 0.005 -26"><span class='ocrx_word' id='word_1_613' title='bbox 387 5576 546 5644; x_wconf 76' lang='grc' dir='ltr'>Δόξα.</span> <span class='ocrx_word' id='word_1_614' title='bbox 575 5580 684 5632; x_wconf 80' lang='grc' dir='ltr'>Καὶ</span> <span class='ocrx_word' id='word_1_615' title='bbox 724 5579 838 5634; x_wconf 88' lang='grc' dir='ltr'>νῦν.</span> <span class='ocrx_word' id='word_1_616' title='bbox 865 5581 1178 5652; x_wconf 82' lang='grc' dir='ltr'>Τρισάγιον·</span> <span class='ocrx_word' id='word_1_617' title='bbox 1203 5585 1454 5653; x_wconf 79' lang='grc' dir='ltr'>Παναγία</span> <span class='ocrx_word' id='word_1_618' title='bbox 1488 5586 1676 5658; x_wconf 85' lang='grc' dir='ltr'>Τριάς.</span> <span class='ocrx_word' id='word_1_619' title='bbox 1712 5587 1894 5655; x_wconf 82' lang='grc' dir='ltr'>Πάτερ</span> 
     </span>
    </p>
   </div>
   <div class='ocr_carea' id='block_1_100' title="bbox 304 5670 1342 5750">
    <p class='ocr_par' dir='ltr' id='par_1_100' title="bbox 304 5670 1342 5750">
     <span class='ocr_line' id='line_1_100' title="bbox 304 5670 1342 5750; baseline 0.009 -29"><span class='ocrx_word' id='word_1_620' title='bbox 304 5670 479 5746; x_wconf 69' lang='grc' dir='ltr'>ἡμῶν</span> <span class='ocrx_word' id='word_1_621' title='bbox 513 5687 526 5701; x_wconf 92' lang='grc'><strong>·</strong></span> <span class='ocrx_word' id='word_1_622' title='bbox 551 5673 643 5722; x_wconf 67' lang='grc' dir='ltr'><strong>καὶ</strong></span> <span class='ocrx_word' id='word_1_623' title='bbox 663 5673 731 5724; x_wconf 74' lang='grc' dir='ltr'>τὰ</span> <span class='ocrx_word' id='word_1_624' title='bbox 779 5678 1021 5743; x_wconf 82' lang='grc' dir='ltr'>παρόντα</span> <span class='ocrx_word' id='word_1_625' title='bbox 1051 5680 1342 5750; x_wconf 85' lang='grc' dir='ltr'>τροπάρια.</span> 
     </span>
    </p>
   </div>
   <div class='ocr_carea' id='block_1_101' title="bbox 391 5761 1893 5839">
    <p class='ocr_par' dir='ltr' id='par_1_101' title="bbox 391 5761 1893 5839">
     <span class='ocr_line' id='line_1_101' title="bbox 391 5761 1893 5839; baseline 0.005 -26"><span class='ocrx_word' id='word_1_626' title='bbox 391 5761 596 5826; x_wconf 87' lang='grc' dir='ltr'>Σῶσον,</span> <span class='ocrx_word' id='word_1_627' title='bbox 639 5763 831 5830; x_wconf 83' lang='grc' dir='ltr'>Κύριε,</span> <span class='ocrx_word' id='word_1_628' title='bbox 868 5766 958 5818; x_wconf 89' lang='grc' dir='ltr'><strong>τὸν</strong></span> <span class='ocrx_word' id='word_1_629' title='bbox 986 5768 1112 5820; x_wconf 82' lang='grc' dir='ltr'>λαόν</span> <span class='ocrx_word' id='word_1_630' title='bbox 1166 5787 1276 5833; x_wconf 88' lang='grc' dir='ltr'>σου,</span> <span class='ocrx_word' id='word_1_631' title='bbox 1316 5771 1408 5822; x_wconf 76' lang='grc' dir='ltr'><strong>καὶ</strong></span> <span class='ocrx_word' id='word_1_632' title='bbox 1456 5769 1746 5837; x_wconf 74' lang='grc' dir='ltr'>εὐλόγησον</span> <span class='ocrx_word' id='word_1_633' title='bbox 1798 5770 1893 5839; x_wconf 77' lang='grc' dir='ltr'><strong>τὴν</strong></span> 
     </span>
    </p>
   </div>
   <div class='ocr_carea' id='block_1_102' title="bbox 392 5871 1061 5940">
    <p class='ocr_par' dir='ltr' id='par_1_102' title="bbox 392 5871 1061 5940">
     <span class='ocr_line' id='line_1_102' title="bbox 392 5871 1061 5940; baseline 0.013 -19"><span class='ocrx_word' id='word_1_634' title='bbox 392 5873 473 5940; x_wconf 82' lang='grc' dir='ltr'>(α)</span> <span class='ocrx_word' id='word_1_635' title='bbox 502 5871 641 5926; x_wconf 77' lang='lat' dir='ltr'><strong>f&#39;sal.</strong></span> <span class='ocrx_word' id='word_1_636' title='bbox 668 5890 897 5939; x_wconf 72' lang='lat' dir='ltr'><strong>Lxxvm,</strong></span> <span class='ocrx_word' id='word_1_637' title='bbox 929 5877 982 5940; x_wconf 90' lang='lat'><strong>8,</strong></span> <span class='ocrx_word' id='word_1_638' title='bbox 1009 5877 1061 5930; x_wconf 83' lang='lat'><strong>9.</strong></span> 
     </span>
    </p>
   </div>
   <div class='ocr_carea' id='block_1_103' title="bbox 2065 5215 3580 5289">
    <p class='ocr_par' dir='ltr' id='par_1_103' title="bbox 2065 5215 3580 5289">
     <span class='ocr_line' id='line_1_103' title="bbox 2065 5215 3580 5289; baseline 0.001 -18"><span class='ocrx_word' id='word_1_639' title='bbox 2065 5215 2192 5273; x_wconf 65' lang='lat'><strong>249.</strong></span> <span class='ocrx_word' id='word_1_640' title='bbox 2234 5215 2448 5281; x_wconf 79' lang='lat' dir='ltr'><strong>Venite,</strong></span> <span class='ocrx_word' id='word_1_641' title='bbox 2493 5218 2801 5286; x_wconf 87' lang='lat' dir='ltr'><strong>adoremus,</strong></span> <span class='ocrx_word' id='word_1_642' title='bbox 2834 5228 2936 5282; x_wconf 91' lang='lat' dir='ltr'><strong>ter,</strong></span> <span class='ocrx_word' id='word_1_643' title='bbox 2967 5228 3021 5272; x_wconf 88' lang='lat' dir='ltr'><strong>et</strong></span> <span class='ocrx_word' id='word_1_644' title='bbox 3069 5218 3258 5289; x_wconf 83' lang='lat' dir='ltr'><strong>psalmi</strong></span> <span class='ocrx_word' id='word_1_645' title='bbox 3302 5236 3389 5284; x_wconf 79' lang='grc' dir='ltr'><strong>ιν,</strong></span> <span class='ocrx_word' id='word_1_646' title='bbox 3419 5219 3580 5275; x_wconf 80' lang='lat' dir='ltr'><strong>Mise-</strong></span> 
     </span>
    </p>
   </div>
   <div class='ocr_carea' id='block_1_104' title="bbox 1999 5308 3575 5382">
    <p class='ocr_par' dir='ltr' id='par_1_104' title="bbox 1999 5308 3575 5382">
     <span class='ocr_line' id='line_1_104' title="bbox 1999 5308 3575 5382; baseline 0.006 -22"><span class='ocrx_word' id='word_1_647' title='bbox 1999 5323 2117 5364; x_wconf 83' lang='lat' dir='ltr'><strong>rere</strong></span> <span class='ocrx_word' id='word_1_648' title='bbox 2166 5310 2292 5375; x_wconf 86' lang='lat' dir='ltr'><strong>mei,</strong></span> <span class='ocrx_word' id='word_1_649' title='bbox 2339 5308 2502 5375; x_wconf 85' lang='lat' dir='ltr'><strong>Dens,</strong></span> <span class='ocrx_word' id='word_1_650' title='bbox 2542 5310 2799 5378; x_wconf 85' lang='lat' dir='ltr'><strong>quoniam</strong></span> <span class='ocrx_word' id='word_1_651' title='bbox 2848 5311 3186 5366; x_wconf 77' lang='lat' dir='ltr'><strong>conculcavit</strong></span> <span class='ocrx_word' id='word_1_652' title='bbox 3241 5329 3327 5364; x_wconf 84' lang='lat' dir='ltr'><strong>me</strong></span> <span class='ocrx_word' id='word_1_653' title='bbox 3379 5313 3575 5382; x_wconf 86' lang='lat' dir='ltr'><strong>homo;</strong></span> 
     </span>
    </p>
   </div>
   <div class='ocr_carea' id='block_1_105' title="bbox 1998 5401 3577 5474">
    <p class='ocr_par' dir='ltr' id='par_1_105' title="bbox 1998 5401 3577 5474">
     <span class='ocr_line' id='line_1_105' title="bbox 1998 5401 3577 5474; baseline 0.004 -19"><span class='ocrx_word' id='word_1_654' title='bbox 1998 5416 2110 5467; x_wconf 74' lang='lat' dir='ltr'><strong>LVI,</strong></span> <span class='ocrx_word' id='word_1_655' title='bbox 2140 5401 2399 5456; x_wconf 82' lang='lat' dir='ltr'><strong>Miserere</strong></span> <span class='ocrx_word' id='word_1_656' title='bbox 2442 5403 2563 5469; x_wconf 90' lang='lat' dir='ltr'><strong>mei,</strong></span> <span class='ocrx_word' id='word_1_657' title='bbox 2615 5403 2777 5470; x_wconf 90' lang='lat' dir='ltr'><strong>Deus,</strong></span> <span class='ocrx_word' id='word_1_658' title='bbox 2831 5405 3092 5460; x_wconf 90' lang='lat' dir='ltr'><strong>miserere</strong></span> <span class='ocrx_word' id='word_1_659' title='bbox 3128 5405 3253 5460; x_wconf 90' lang='lat' dir='ltr'><strong>mei.</strong></span> <span class='ocrx_word' id='word_1_660' title='bbox 3303 5405 3370 5460; x_wconf 84' lang='lat' dir='ltr'><strong>Et</strong></span> <span class='ocrx_word' id='word_1_661' title='bbox 3418 5423 3577 5474; x_wconf 79' lang='lat' dir='ltr'><strong>uix,</strong></span> 
     </span>
    </p>
   </div>
   <div class='ocr_carea' id='block_1_106' title="bbox 2000 5481 2846 5563">
    <p class='ocr_par' dir='ltr' id='par_1_106' title="bbox 2000 5481 2846 5563">
     <span class='ocr_line' id='line_1_106' title="bbox 2000 5481 2846 5563; baseline 0.002 -15"><span class='ocrx_word' id='word_1_662' title='bbox 2000 5495 2162 5559; x_wconf 85' lang='lat' dir='ltr'><strong>Dens,</strong></span> <span class='ocrx_word' id='word_1_663' title='bbox 2202 5481 2253 5549; x_wconf 87' lang='lat' dir='ltr'><strong>in</strong></span> <span class='ocrx_word' id='word_1_664' title='bbox 2293 5497 2615 5563; x_wconf 88' lang='lat' dir='ltr'><strong>adjutorium</strong></span> <span class='ocrx_word' id='word_1_665' title='bbox 2648 5513 2846 5552; x_wconf 90' lang='lat' dir='ltr'><strong>meum.</strong></span> 
     </span>
    </p>
   </div>
   <div class='ocr_carea' id='block_1_107' title="bbox 2072 5587 3583 5658">
    <p class='ocr_par' dir='ltr' id='par_1_107' title="bbox 2072 5587 3583 5658">
     <span class='ocr_line' id='line_1_107' title="bbox 2072 5587 3583 5658; baseline 0.003 -16"><span class='ocrx_word' id='word_1_666' title='bbox 2072 5587 2274 5644; x_wconf 87' lang='lat' dir='ltr'><strong>Gloria.</strong></span> <span class='ocrx_word' id='word_1_667' title='bbox 2326 5591 2390 5644; x_wconf 83' lang='lat' dir='ltr'><strong>Et</strong></span> <span class='ocrx_word' id='word_1_668' title='bbox 2426 5605 2587 5644; x_wconf 84' lang='lat' dir='ltr'><strong>nunc.</strong></span> <span class='ocrx_word' id='word_1_669' title='bbox 2640 5590 2975 5658; x_wconf 62' lang='lat' dir='ltr'><strong>Trisagium:</strong></span> <span class='ocrx_word' id='word_1_670' title='bbox 3005 5590 3357 5647; x_wconf 65' lang='lat' dir='ltr'><strong>Sanctissima</strong></span> <span class='ocrx_word' id='word_1_671' title='bbox 3398 5592 3583 5647; x_wconf 87' lang='lat' dir='ltr'><strong>Trini-</strong></span> 
     </span>
    </p>
   </div>
   <div class='ocr_carea' id='block_1_108' title="bbox 2008 5680 3271 5751">
    <p class='ocr_par' dir='ltr' id='par_1_108' title="bbox 2008 5680 3271 5751">
     <span class='ocr_line' id='line_1_108' title="bbox 2008 5680 3271 5751; baseline 0.002 -19"><span class='ocrx_word' id='word_1_672' title='bbox 2008 5688 2107 5732; x_wconf 87' lang='lat' dir='ltr'><strong>tas.</strong></span> <span class='ocrx_word' id='word_1_673' title='bbox 2143 5680 2302 5734; x_wconf 86' lang='lat' dir='ltr'><strong>Pater</strong></span> <span class='ocrx_word' id='word_1_674' title='bbox 2346 5689 2547 5748; x_wconf 87' lang='lat' dir='ltr'><strong>noster,</strong></span> <span class='ocrx_word' id='word_1_675' title='bbox 2593 5692 2648 5735; x_wconf 88' lang='lat' dir='ltr'><strong>et</strong></span> <span class='ocrx_word' id='word_1_676' title='bbox 2698 5682 2977 5751; x_wconf 85' lang='lat' dir='ltr'><strong>sequentia</strong></span> <span class='ocrx_word' id='word_1_677' title='bbox 3018 5684 3271 5750; x_wconf 75' lang='lat' dir='ltr'><strong>tronaria.</strong></span> 
     </span>
    </p>
   </div>
   <div class='ocr_carea' id='block_1_109' title="bbox 2075 5768 3581 5839">
    <p class='ocr_par' dir='ltr' id='par_1_109' title="bbox 2075 5768 3581 5839">
     <span class='ocr_line' id='line_1_109' title="bbox 2075 5768 3581 5839; baseline 0.002 -18"><span class='ocrx_word' id='word_1_678' title='bbox 2075 5768 2292 5821; x_wconf 76' lang='lat' dir='ltr'><strong>Salvum</strong></span> <span class='ocrx_word' id='word_1_679' title='bbox 2338 5771 2421 5824; x_wconf 81' lang='lat' dir='ltr'><strong>fac</strong></span> <span class='ocrx_word' id='word_1_680' title='bbox 2469 5771 2719 5839; x_wconf 80' lang='lat' dir='ltr'><strong>populum</strong></span> <span class='ocrx_word' id='word_1_681' title='bbox 2764 5781 2935 5834; x_wconf 87' lang='lat' dir='ltr'><strong>tuum,</strong></span> <span class='ocrx_word' id='word_1_682' title='bbox 2973 5772 3218 5835; x_wconf 85' lang='lat' dir='ltr'><strong>Domine,</strong></span> <span class='ocrx_word' id='word_1_683' title='bbox 3266 5782 3317 5824; x_wconf 91' lang='lat' dir='ltr'><strong>ct</strong></span> <span class='ocrx_word' id='word_1_684' title='bbox 3354 5772 3581 5825; x_wconf 55' lang='grc' dir='ltr'>θεοειδές</span> 
     </span>
    </p>
   </div>
  </div>
