4058 6446
525 398 763 442 ωειιιι

1861 385 2223 444 Ριιοιεεωι
2233 387 2388 444 ENA.

528 485 829 556 ttasreditati
867 511 972 556 ture
1016 503 1117 572 (al.
1151 503 1404 558 victorias
1442 504 1858 574 imperatoribus
1908 515 2092 560 contra

2199 506 2562 576 κληρονομίαν
2613 523 2728 568 σου,
2797 507 2954 570 νίκας
3026 506 3304 577 βασιλεῦσι
3352 508 3492 564 κατὰ
3557 509 3773 581 βαρϐά-

529 594 786 648 barbaros
814 595 1072 658 concede,
1101 605 1158 649 et
1177 604 1324 649 tuum
1345 597 1555 651 custodi
1579 612 1676 666 per
1703 607 1847 650 tuam
1877 611 2092 652 crucem

530 685 835 755 imperium.

665 775 870 832 Gloria.

600 867 931 922 Sanctorum
974 881 1270 938 cruciatus,
1333 887 1469 942 quos
1522 886 1631 940 pro-
1670 879 1723 925 te
1762 873 1908 941 passi
1951 882 2094 936 sunt,

528 958 802 1030 absterge,
836 961 1093 1022 Domine:
1127 973 1180 1018 et
1212 965 1426 1020 cunctis
1456 964 1655 1018 nostris
1698 966 1914 1020 medere
1942 965 2094 1020 dolo-

531 1053 703 1115 ribus,
734 1066 1044 1121 qucsumus
1075 1063 1151 1120 te,
1195 1065 1404 1110 amator
1436 1055 1735 1111 hominum.

667 1145 735 1200 Et
765 1161 926 1200 nunc.

601 1236 922 1292 Sanctorum
958 1239 1201 1293 omnium
1270 1253 1337 1294 ac
1397 1240 1639 1308 Deiparae
1667 1241 1939 1309 precibus.
1994 1258 2095 1312 pa-

525 1343 644 1385 cem
678 1340 822 1384 tuam
865 1331 1022 1386 nobis
1053 1331 1311 1394 concede,
1340 1331 1586 1399 Domine,
1609 1341 1666 1387 et
1701 1333 1962 1390 miserere
1995 1352 2092 1389 no-

523 1423 644 1487 stri,
676 1423 766 1492 qui
791 1422 938 1477 solus
963 1423 1279 1478 misericors
1309 1438 1390 1477 es.

590 1515 717 1572 350.
747 1516 992 1583 Domine,
1059 1517 1343 1579 miserere,
1400 1517 1745 1587 quadragies.
1793 1517 2000 1573 Gloria.
2027 1517 2097 1572 Et

524 1625 688 1664 nunc.
731 1609 1116 1665 Excelsiorem.
1176 1611 1232 1663 ln
1294 1612 1514 1665 nomine
1571 1609 1806 1673 Domini,
1846 1611 2095 1674 benedic.

523 1697 702 1755 Pater.
736 1698 1043 1756 Sacerdos:
1083 1698 1184 1756 Per
1211 1717 1418 1770 preces.
1471 1701 1674 1756 Deinde
1705 1701 1932 1756 facimus
1984 1710 2096 1758 tres

527 1792 762 1858 majores
793 1793 1128 1847 reverentias
1148 1837 1161 1856 .
1193 1805 1248 1848 et
1275 1797 1643 1864 precationem
1672 1793 1729 1847 S.
1756 1792 1986 1862 Ephrem
2013 1795 2094 1848 di-

2201 613 2312 668 ρων
2343 597 2703 669 δωρούμενος,
2737 597 2831 652 καὶ
2852 597 2914 651 τὸ
2947 595 3038 652 σδν
3070 598 3352 654 φυλάττων
3379 600 3466 654 διὰ
3493 599 3589 654 τοῦ
3615 618 3778 656 σται-

2199 687 2291 760 ροῦ
2313 705 2408 741 σου
2434 687 2754 759 πολίτευμα.

2336 779 2490 844 Δόξα.

2268 874 2381 938 Τὰς
2410 874 2713 945 ἀλγηδόνας
2771 874 2880 927 τῶν
2944 874 3138 941 ἁγίων,
3159 871 3224 939 ἃς
3250 873 3390 944 ὑπὲρ
3425 873 3518 927 σοῦ
3547 873 3769 941 ιπαθον,

2195 965 2572 1035 δυσωπήθητι,
2601 964 2797 1034 Κύριε.
2834 964 2927 1016 καὶ
2956 963 3136 1028 πάσας
3157 962 3318 1036 ἡμῶν
3345 961 3444 1026 τὰς
3465 961 3655 1028 ὀδύνας
3684 963 3771 1018 ία-

2199 1071 2308 1118 σαι,
2341 1054 2712 1126 φιλάνθρωπε,
2741 1053 2996 1125 δεόμεθα.

2323 1143 2434 1198 Καὶ
2479 1143 2595 1197 νῦν.

2269 1237 2347 1308 Τῇ
2382 1236 2668 1308 πρεσϐεία,
2693 1235 2886 1307 Κύριε,
2937 1236 3158 1290 πάντων
3199 1233 3309 1288 τῶν
3331 1233 3521 1304 ἁγίων,
3551 1234 3646 1288 καὶ
3671 1237 3776 1306 τῆς

2195 1327 2477 1391 Θεοτόκου,
2531 1328 2624 1397 τὴν
2679 1327 2776 1397 σὴν
2829 1329 3054 1400 εἰρήνην
3095 1327 3184 1391 δὸς
3225 1327 3378 1398 ἡμῖν,
3426 1328 3518 1380 καὶ
3550 1326 3775 1397 ἐλέησον

2194 1421 2366 1490 ἡμᾶς,
2391 1419 2467 1483 ὡς
2496 1419 2656 1489 μόνος
2684 1419 3004 1490 οίκτίρμων.
3050 1437 3070 1472 ι

2269 1509 2363 1572 Τὸ,
2413 1508 2607 1581 Κύριε,
2682 1507 2928 1579 ἐλέησον,
2956 1516 3028 1580 μ’.
3059 1510 3216 1574 Δόξα.
3258 1509 3365 1563 Καὶ
3397 1508 3514 1562 νῦν.
3545 1510 3656 1582 Τὴν
3687 1527 3774 1564 τι·

2202 1597 2496 1669 μιωτὲραν.
2562 1597 2652 1650 Ἐν
2703 1597 2924 1667 ὀνόματι
2966 1598 3172 1668 Κυρίου
3219 1600 3532 1669 εὐλόγησαν,
3565 1599 3774 1672 Πάτερ.

2211 1689 2268 1741 ὐ
2322 1688 2516 1760 ἱερεύς·
2559 1689 2638 1742 Δι’
2684 1687 2878 1759 εὐχῶν.
2926 1683 3059 1741 Εἶτα
3095 1689 3356 1758 ποιοῦμεν
3393 1690 3492 1753 τὰς
3532 1689 3777 1762 μεγάλας

2196 1785 2346 1853 τρεῖς
2397 1780 2709 1852 μετανοίας,
2761 1780 2900 1851 μετὰ
2935 1780 3026 1834 καὶ
3055 1780 3152 1850 τῆς
3182 1780 3349 1849 εὐχῆς
3384 1781 3478 1834 τοῦ
3511 1782 3658 1835 ὁσίου
3691 1783 3781 1835 Ἐ-

525 1884 725 1947 cimus,
773 1898 836 1937 ac
867 1884 1121 1939 continuo
1152 1898 1469 1956 sequentem
1524 1885 1703 1940 Basilii
1737 1888 1918 1956 magni
1965 1901 2094 1941 ora-

2200 1875 2399 1948 φραῖμ,
2430 1877 2524 1928 καὶ
2575 1874 2739 1939 εὐθὺς
2774 1875 2872 1947 τὴν
2907 1873 3187 1946 παροῦσαν
3218 1873 3382 1944 εὐχὴν
3407 1873 3502 1926 τοῦ
3537 1875 3776 1945 μεγάλου

522 1973 724 2028 tionem
760 1994 772 2028 :

598 2062 764 2126 Deus.
795 2073 1124 2134 potestatum
1169 2063 1438 2128 Domine,
1490 2065 1777 2134 omnisque
1847 2063 2095 2118 conditor

523 2165 818 2216 creaturae,
849 2154 940 2222 qui
991 2169 1086 2222 per
1114 2155 1547 2224 iucomparabilis
1577 2154 1960 2208 misericordiae
1990 2163 2094 2208 tua:

523 2243 736 2297 viscera
765 2283 781 2306 ,
813 2242 1008 2297 Filium
1058 2253 1206 2296 tuum
1255 2244 1592 2313 unigenitum
1618 2283 1634 2309 ,
1667 2242 1950 2297 Dominum
1997 2258 2094 2298 no-

523 2345 698 2387 strum
746 2333 932 2388 Jesnm
982 2333 1260 2388 Christum
1315 2348 1416 2402 pro
1464 2334 1639 2390 salute
1669 2335 1839 2389 nostri
1879 2335 2092 2404 generis

524 2427 752 2490 misisti;
787 2435 843 2481 et
876 2440 970 2494 per
1012 2425 1369 2480 venerandam
1403 2428 1571 2496 ipsius
1623 2442 1839 2482 crucem
1891 2427 2092 2481 discer-

524 2519 678 2588 pslsti
708 2528 1054 2588 peccatorum
1096 2529 1405 2573 nostrorum
1437 2519 1893 2588 chirographum;
1921 2519 2093 2586 deque

522 2609 861 2678 principibus
909 2624 973 2662 ac
1025 2611 1385 2678 potestatibus
1450 2611 1798 2663 tenebrarum
1859 2611 1910 2662 in
1975 2609 2093 2676 ipso

525 2699 867 2765 triumphasti
906 2717 919 2752 :
959 2709 1012 2752 tu
1051 2699 1190 2753 idem
1218 2739 1234 2762 ,
1285 2698 1511 2753 Domine
1565 2697 1794 2767 benigne
1822 2739 1840 2762 ,
1881 2699 2093 2767 suscipe

523 2792 622 2846 has
645 2801 859 2845 nostras
887 2799 1231 2854 peccatorum
1250 2791 1550 2854 orationes,
1575 2804 1711 2858 quas
1748 2790 1841 2844 tibi
1866 2800 1920 2844 et
1949 2791 2090 2859 grati

521 2895 578 2937 et
602 2883 872 2952 supplices
903 2879 1215 2945 oll‘erimus;
1245 2893 1300 2937 et
1331 2885 1500 2937 libera
1535 2897 1635 2937 nos
1672 2883 1739 2936 ab
1763 2883 1908 2936 omni
1935 2882 2090 2950 gravi

522 2987 588 3026 ac
625 2971 963 3025 tenebricoso
997 2969 1146 3038 lapsu
1175 3009 1191 3031 ,
1223 2980 1276 3023 et
1309 2971 1376 3023 ah
1409 2971 1659 3024 omnibus
1686 3007 1702 3032 ,
1741 2971 1832 3027 aui
1874 2985 1971 3024 nos
2002 2969 2094 3023 la:-

523 3065 655 3116 det'e
685 3062 1033 3121 meditantur,
1070 3061 1307 3114 inimicis
1363 3061 1668 3116 visibilibns
1720 3072 1777 3117 et
1810 3062 2085 3116 invisibili-

522 3155 646 3220 bus,
673 3153 1100 3222 conlige-timore
1127 3164 1218 3206 tuo
1253 3167 1446 3206 carnes
1485 3162 1720 3215 nostras,
1746 3163 1799 3206 et
1827 3168 1894 3206 ne
1923 3153 2094 3206 decli-

2195 1967 2473 2020 Βασιλείου
2495 1985 2510 1999 ο

2267 2057 2370 2111 Θεέ
2407 2059 2500 2111 καὶ
2539 2058 2710 2128 Κύριε
2753 2057 2860 2110 τῶν
2882 2057 3189 2127 δυνάμεων,
3220 2056 3316 2110 καὶ
3345 2055 3527 2127 πάσης
3542 2056 3780 2120 κτίσεως

2192 2148 2516 2221 δημιουργὲ,
2540 2151 2569 2202 ὁ
2595 2148 2685 2202 διὰ
2711 2149 2990 2220 σπλάγχνα
3005 2149 3324 2203 ἁνεικάστου
3358 2146 3541 2210 ἐλέους
3563 2163 3656 2200 σου
3683 2146 3778 2200 τὸν

2197 2242 2458 2313 μονογενῆ
2487 2257 2582 2294 σου
2613 2241 2762 2305 Υἱδν,
2808 2242 2901 2295 τὸν
2934 2241 3136 2313 Κύριον
3182 2243 3214 2311 ἡ
3225 2239 3342 2311 μῶν
3403 2239 3611 2311 Ἰησοῦν
3636 2239 3778 2307 Χρι-

2192 2327 2316 2381 στὸν
2361 2327 2724 2399 καταπέμψας
2768 2329 2862 2382 ἐπὶ
2914 2330 3158 2402 σωτηρίᾳ
3201 2326 3297 2382 τοῦ
3343 2328 3536 2397 γένους
3590 2327 3775 2399 ἡμῶν,

2193 2419 2288 2471 καὶ
2311 2417 2398 2471 διὰ
2427 2419 2520 2472 τοῦ
2543 2419 2726 2489 τιμίου
2742 2419 2908 2473 αὑτοῦ
2925 2419 3160 2492 σταυροῦ
3189 2419 3250 2473 τὺ
3275 2417 3639 2489 χειρόγραφον
3661 2419 3780 2472 τῶν

2195 2508 2477 2579 ἁμαρτιῶν
2499 2511 2652 2580 ἡμῶν
2679 2510 2996 2582 διαρρήξας,
3025 2513 3120 2565 καὶ
3153 2509 3524 2582 θριαμϐεύσας
3543 2512 3600 2564 ἐν
3625 2510 3779 2582 αὐτῷ

2192 2599 2290 2662 τὰς
2318 2599 2492 2672 ἀρχὰς
2523 2601 2618 2656 καὶ
2651 2602 2896 2668 ἐξουσίας
2921 2602 3015 2655 τοῦ
3053 2602 3295 2665 σκότους’
3324 2602 3507 2666 αὐτὸς,
3529 2604 3779 2658 Δέσποτα

2197 2691 2572 2763 φιλάνθρωπε,
2633 2693 2928 2763 πρόσδεξαι
2956 2693 3049 2746 καὶ
3080 2692 3239 2764 ἡμῶν
3275 2693 3383 2745 τῶν
3434 2694 3779 2764 ἁμαρτωλῶν

2193 2783 2292 2848 τὰς
2333 2785 2790 2857 εὐχαριστηρίους
2818 2785 3020 2846 ταύτας
3043 2785 3136 2837 καὶ
3161 2785 3466 2854 ίκετηρίους
3480 2785 3773 2852 ἐντεύξειςο

2193 2877 2285 2931 καὶ
2313 2876 2474 2948 ῥῦσαι
2521 2878 2669 2948 ἡμᾶς
2715 2877 2821 2930 ἀπὸ
2860 2875 3056 2940 παντὸς
3081 2875 3324 2940 ὀλεθρίου
3363 2877 3458 2929 καὶ
3501 2878 3781 2932 σκοτεινοῦ

2194 2968 2659 3040 παραπτώματος,
2707 2971 2802 3024 καὶ
2837 2968 3056 3022 πάντων
3088 2967 3198 3022 τῶν
3233 2967 3482 3021 κακῶσαι
3507 2970 3658 3038 ἡμᾶς
3679 2968 3780 3041 ζη-

2193 3059 2448 3120 τούντων,
2471 3059 2680 3130 ὁρατῶν
2705 3061 2799 3113 καὶ
2831 3061 3075 3133 ἀοράτων
3104 3057 3333 3130 ἐχθρῶν·
3366 3057 3683 3129 καθήλωσον
3714 3061 3782 3114 ἐκ

2194 3149 2288 3202 τοῦ
2322 3150 2487 3219 φόϐου
2515 3167 2606 3204 σου
2634 3152 2731 3216 τὰς
2752 3153 2960 3220 σάρκας
2984 3153 3162 3224 ἡμῶν,
3182 3153 3274 3206 καὶ
3304 3152 3377 3223 μὴ
3402 3150 3656 3223 ἐκκλίνῃς
3679 3151 3782 3214 τὰς

526 3259 594 3297 na
628 3244 792 3297 corda
815 3253 996 3296 nostra
1020 3244 1074 3296 in
1119 3257 1398 3297 sermones
1425 3241 1509 3294 vel
1539 3243 1894 3310 cogitationes
1939 3244 2094 3298 ntali-

2197 3242 2418 3315 καρδίας
2452 3243 2608 3314 ἡμῶν
2643 3245 2724 3306 είς
2756 3244 2947 3311 λόγους
2972 3220 3120 3314 ἢηείς
3145 3220 3439 3314 λογισμοὺς
3487 3220 3777 3314 πονηρίας·

526 3335 653 3398 size;
687 3333 782 3387 sed
811 3332 886 3386 tui
918 3347 1104 3386 amore
1138 3341 1358 3386 nostras
1405 3333 1618 3387 animas
1649 3335 1892 3400 vulnera,
1931 3346 1986 3392 ut
2025 3340 2092 3393 ad

526 3437 582 3479 te
613 3439 831 3496 semper
861 3424 1198 3489 anhelemus,
1226 3434 1281 3479 et
1311 3435 1400 3478 tuo
1427 3423 1573 3480 ducti
1627 3425 1845 3491 lumine,
1891 3437 1963 3494 te,
2014 3430 2096 3482 in-

527 3530 803 3571 accessam
857 3524 1222 3582 a‘teraamque
1262 3516 1461 3579 lucem,
1511 3516 1851 3581 intueamur;
1883 3529 1935 3570 et
1977 3517 2091 3587 jugi

531 3607 872 3660 confessione
893 3621 1117 3676 agamus
1140 3606 1236 3659 tibi
1261 3607 1485 3675 gratias,
1525 3608 1765 3677 ingenito
1793 3607 1940 3664 Patri
1971 3626 2094 3663 cum

531 3707 624 3750 tuo
670 3697 942 3765 unigenilo
986 3695 1123 3751 Filio
1145 3737 1162 3760 .
1199 3707 1255 3750 et
1282 3705 1471 3750 sancto
1518 3697 1761 3765 bonoque
1791 3714 1855 3753 ac
1882 3699 2094 3752 viviﬂco

534 3796 626 3837 tuo
660 3784 889 3851 Spiritu,
913 3800 1056 3839 nunc
1093 3795 1146 3838 et
1176 3799 1412 3854 semper,
1445 3792 1500 3838 et
1535 3785 1587 3836 in
1637 3783 1836 3841 saecula
1865 3785 2093 3840 sarculo-

531 3892 674 3931 runt.
702 3877 896 3930 Amen.

608 4055 705 4120 Si,
761 4054 904 4108 Deus
967 4053 1260 4116 Dominus,
1317 4061 1593 4108 cantatum
1650 4053 1843 4119 fuerit,
1905 4052 2094 4106 recita-

533 4163 659 4202 mus
698 4147 907 4218 typica;
947 4147 1029 4202 sin
1056 4155 1235 4201 autem
1286 4145 1535 4209 Alleluia.
1563 4161 1624 4200 ea
1655 4147 1810 4202 diﬂ‘er
1839 4157 1956 4217 post
1984 4144 2091 4199 No-

2190 3334 2326 3388 ἀλλὰ
2378 3333 2455 3404 τῷ
2505 3335 2654 3404 πόθῳ
2690 3352 2783 3387 σου
2820 3336 3027 3407 τρῶσον
3063 3335 3221 3404 ήμῶν
3271 3334 3370 3397 τὰς
3415 3333 3615 3404 ψυχὰς,
3665 3335 3776 3392 ἵνα..

2193 3427 2330 3497 πρὸς
2381 3425 2442 3477 σὲ
2489 3425 2779 3488 διαπαντὸς
2829 3425 3185 3487 ἀτενίζοντες,
3232 3424 3440 3494 καὶτῷ
3485 3426 3634 3495 παρὰ
3681 3425 3780 3479 σοῦ

2192 3515 2332 3583 φωτὶ
2371 3513 2744 3586 ὁδηγούμενοι,
2778 3514 2838 3566 σὲ
2870 3515 2930 3566 τὸ
2983 3514 3274 3586 ἀπρόσιτον
3307 3516 3400 3568 καὶ
3455 3515 3622 3568 ἀΐδιον
3646 3532 3783 3568 κατ-

2191 3603 2511 3670 οπτεύοντες
2549 3606 2683 3676 φῶς,
2713 3605 3134 3660 ἁκατάπαυστόν
3161 3623 3243 3659 σοι
3269 3605 3367 3677 τὴν
3391 3606 3782 3676 ἐξομολόγησιν

2189 3697 2283 3750 καὶ
2316 3697 2664 3770 εὐχαριστίαν
2681 3699 3115 3770 ἀναπέμπωμεν,
3133 3697 3213 3769 τῷ
3227 3700 3654 3772 ἁνάρχῳΠατρὶ,
3680 3700 3782 3753 σὺν

2189 3789 2267 3858 τῷ
2296 3795 2576 3860 μονογενεϊ
2609 3809 2701 3845 σου
2745 3793 2880 3862 Υίῷ,
2916 3795 3009 3846 καὶ
3039 3793 3116 3864 τῷ
3161 3793 3412 3863 παναγίῳ
3453 3794 3547 3848 καὶ
3587 3791 3784 3866 ἀγαθῷ

2195 3881 2288 3932 καὶ
2322 3880 2568 3952 ζωοποιῷ
2589 3901 2682 3936 σου
2713 3883 3011 3953 Πνεῦματι.
3041 3882 3136 3937 νῦν
3165 3884 3260 3939 καὶ
3279 3884 3385 3946 ἀεὶ,
3418 3884 3513 3937 καὶ
3542 3885 3625 3947 είς
3647 3885 3784 3948 τοὺς

2201 3968 2404 4031 αἰῶνας
2423 3970 2529 4022 τῶν
2565 3972 2796 4025 αἰώνων.
2839 3973 3028 4043 ’Λμήν.

2269 4059 2380 4111 Καὶ
2410 4061 2460 4110 εί
2498 4061 2618 4130 μὲν.
2653 4061 2783 4124 Θεὸς
2843 4063 3063 4134 Κύριος,
3121 4063 3337 4133 ἔψαλτο,
3367 4063 3434 4118 τὰ
3471 4063 3674 4118 τυπικὰ
3694 4063 3781 4117 λέ-

2201 4164 2388 4217 γομεν·
2418 4150 2467 4202 εί
2499 4151 2555 4203 δὲ
2599 4150 2935 4220 ’Δλληλούῖα,
2971 4154 3202 4224 ὑπέρθες
3223 4155 3363 4207 αὐτὰ
3398 4154 3535 4224 μετὰ
3563 4155 3662 4224 τὴν
3690 4155 3780 4206 ἐν·-

2200 4240 2363 4310 νὰτην
2389 4239 2556 4310 ὥραν.

2053 4483 2258 4538 NONA.

607 4686 732 4741 iiii.
769 4685 897 4740 Post
922 4682 1277 4742 Benedictus,
1333 4679 1443 4733 Rex
1486 4680 1744 4746 caelestis,
1775 4678 2095 4749 Trisagium,

2277 4687 2428 4741 Μετὰ
2465 4689 2544 4750 τὸ,
2596 4688 2918 4757 Εὐλογητὸς,
2947 4684 3174 4738 Βασιλεῦ
3207 4684 3442 4754 οὐρέινιε,
3467 4683 3778 4755 Τρισάγιον,

538 4779 890 4836 Sanctissitna
937 4775 1213 4835 Trinitas,
1263 4773 1422 4826 Pater
1467 4783 1671 4837 noster,
1713 4773 1970 4836 Domine,
2003 4777 2104 4826 mi-

537 4885 743 4934 serere,
787 4867 1096 4928 duodecies,
1128 4863 1340 4927 Venite,
1390 4862 1698 4923 adoremus,
1745 4873 1858 4928 ter;
1910 4863 2101 4916 dicun-

539 4971 631 5015 tur
673 4960 863 5031 psalmi
900 4973 1130 5019 Lxxxm,
1179 4955 1350 5021 Quam
1398 4953 1590 5009 dilecta
1647 4953 2013 5014 tabernacula,
2049 4961 2105 5007 et

539 5069 762 5116 Lxxxtv,
812 5048 1178 5110 Benedixisti,
1223 5047 1464 5113 Domine,
1515 5055 1751 5106 terram,
1782 5054 1835 5098 et
1866 5060 2102 5109 Luxxv,

542 5147 764 5208 lziclina,
797 5142 1042 5205 Domine,
1073 5153 1257 5194 aurem
1289 5147 1455 5192 tuam.
1485 5137 1690 5192 Dicitur
1716 5145 1894 5190 autem
1928 5138 2102 5192 ultimi

545 5241 704 5309 hujus
735 5236 921 5306 psalmi
971 5233 1267 5289 versiculus
1289 5232 1392 5285 bis.
1425 5230 1532 5285 Fac
1561 5243 1790 5284 mecum.

613 5328 816 5385 Gloria.
847 5327 911 5381 Et
942 5340 1102 5379 nunc.
1162 5322 1415 5385 Alleluia,
1478 5331 1578 5374 ter.
1615 5319 1859 5379 Domine,
1889 5319 2109 5372 misere-

547 5437 626 5485 re,
664 5429 766 5474 ter.
803 5417 870 5471 Et
905 5417 951 5469 si
981 5417 1182 5469 dictum
1211 5410 1394 5478 fuerit,
1424 5412 1566 5466 Deus
1593 5410 1866 5473 Dominus,
1899 5409 2108 5464 accines

547 5511 652 5568 diei
679 5508 1010 5576 troparium;
1043 5507 1124 5560 sin
1149 5514 1328 5559 autem
1367 5505 1613 5570 Alleluia,
1646 5501 1935 5572 troparium
1968 5503 2106 5570 quod

549 5604 635 5658 hic
662 5603 898 5671 ponitur,
937 5609 1060 5651 tono
1100 5598 1317 5667 obliquo
1347 5597 1396 5650 4.

619 5809 697 5876 la)
729 5808 864 5863 Pis-il.
901 5825 1062 5875 smn,
1099 5808 1150 5861 9.

2203 4777 2453 4846 Παναγία
2479 4778 2664 4850 Τριὰς,
2694 4780 2876 4848 Πάτερ
2894 4778 3069 4848 ἡμῶν.
3092 4776 3283 4846 Κύριε,
3309 4775 3551 4845 ἐλέησον,
3577 4775 3665 4844 ιβ’,
3695 4777 3779 4838 τὸ,

2204 4869 2387 4933 Δεῦτε,
2414 4875 2896 4942 προσκυνήσωμεν,
2935 4873 3001 4924 ἐκ
3032 4867 3100 4938 γ’.
3149 4865 3281 4921 Εἶτα
3305 4869 3333 4921 ὁ
3353 4868 3566 4938 ψαλμος
3601 4871 3630 4920 ό
3667 4875 3778 4936 πγ’⁶

2217 4965 2304 5017 Ὠδ
2334 4963 2597 5033 ἀγαπητὰ
2629 4965 2698 5017 τὰ
2727 4963 3061 5035 σκηνώματα
3082 4981 3096 4992 ο
3123 4964 3218 5024 καὶ
3245 4966 3274 5016 ὁ
3298 4963 3404 5020 πδί.
3439 4961 3778 5032 Εὐλόγησας,

2207 5055 2399 5127 Κύριε,
2443 5055 2539 5126 τὴν
2587 5057 2690 5126 γῆν
2770 5054 2864 5108 καὶ
2920 5062 3024 5111 πε’.
3077 5054 3290 5116 Κλίνον,
3340 5051 3534 5123 Κύριε,
3575 5052 3638 5105 τὸ
3690 5047 3782 5115 οῦς

2218 5163 2328 5198 σου.
2362 5145 2548 5211 Πάλιν,
2581 5147 2810 5214 Ποίησον
2841 5145 2958 5215 μετ’
2991 5141 3125 5212 ἐμοῦ

2287 5325 2439 5388 Δόξα.
2483 5326 2591 5378 Καὶ
2619 5323 2731 5376 νῦν.
2788 5323 3120 5394 Ἀλληλούῖα,
3165 5323 3228 5373 ἐκ
3275 5330 3344 5388 γ’.
3401 5317 3596 5388 Κυριε,
3630 5317 3787 5389 ἐλέη-

2220 5433 2330 5479 σον,
2362 5425 2428 5483 γ’.
2459 5419 2568 5470 Καὶ
2600 5421 2646 5468 εί
2676 5415 2775 5485 μὲν
2834 5417 2966 5478 Θεὸς
3011 5415 3214 5484 Κύριος
3239 5413 3455 5481 ἔψαλτο,
3480 5411 3710 5481 ἐπᾴσεις
3724 5411 3785 5464 τὸ

2215 5509 2315 5578 τῆς
2345 5509 2555 5578 ἡμέρας
2601 5509 2893 5580 τροπάριον
2953 5507 3002 5559 εί
3033 5506 3088 5560 δέ
3141 5502 3478 5572 ·“Λ>.ληλού“ία,
3519 5501 3580 5555 τὸ
3612 5500 3783 5570 παρὸν

2217 5603 2295 5663 εἰς
2321 5595 2452 5669 ἦχον
2495 5598 2580 5649 πλ.
2615 5597 2675 5648 ὃν.
