4058 6464
1422 417 1816 474 ACOLUTHIA
1854 417 2188 474 TlllPLlClS
2213 417 2431 479 FESTI.
2631 435 2636 442 ‘
3261 427 3562 472 cccsxxxm

331 534 476 588 aliud
512 535 702 608 μικρέν
741 532 935 608 minus
962 532 1160 587 habent
1193 549 1205 584 :
1249 538 1310 608 et
1333 542 1455 601 post
1501 532 2054 608 Primam,71‘_ertiam,
2096 533 2316 608 Senam
2345 572 2360 595 ,
2389 534 2703 608 _et_Nonam
2739 534 2944 608 medias
2965 533 3127 608 horas
3160 532 3259 587 sibi
3298 547 3550 608 prmscrr-

334 601 580 674 pserui'it,
614 601 860 677 μεσῴρια
881 615 1236 677 vocatas“...
1270 602 1370 677 sic,
1402 605 1555 677 quasi
1593 604 1678 657 his
1719 607 1782 657 ad
1806 605 2022 677 divinas
2046 605 2228 656 laudes
2253 620 2357 656 non
2383 602 2706 677 facientibus
2733 606 2886 677 satis,
2904 614 3026 673 post
3050 603 3271 677 _Sextam
3301 601 3356 656 et
3383 601 3564 677 μεσιδ-

333 671 448 745 ριον
477 671 959 745 ρῇυςζὰκολουθίαν
986 673 1092 727 τῶν
1124 671 1387 736 τοπικῶν,
1407 673 1731 742 'l'ypicorum
1767 674 1873 727 omt

1985 692 1996 723 I
2025 677 2414 745 subiunxerunt
2444 690 2456 725 :
2492 675 2548 725 in
2569 691 2674 742 quo
2696 689 2817 728 cum
2837 671 2974 727 inter
3012 671 3557 745 alias_preces,eti_:iiit

329 743 523 813 psalmi
573 761 682 799 χχιι
721 744 956 813 (corrige
984 746 1178 796 iterum
1211 749 1327 808 cu),
1364 753 1415 795 et
1441 758 1574 797 CXLV
1609 745 1966 809 reperiantur,
1997 756 2054 796 ut
2080 761 2110 796 e
2140 743 2360 813 Typicis
2395 746 2622 795 extracti
2651 759 2839 798 eorum
2874 745 3075 809 primus
3105 743 3327 813 dicitur,
3361 743 3560 813 πρῶτα

326 812 536 870 τυπικά
587 825 642 868 et
664 812 932 868 secundus
955 813 1441 885 δεύτεραγτυπικά.
1480 832 1498 864 ι
1534 813 1598 866 Et
1643 813 1737 885 lo}.
1769 813 1869 868 l86

1978 830 2030 885 §,_
2055 829 2119 867 ex
2168 812 2348 885 mente
2381 813 2726 865 eruditissimi
2775 812 3356 885 Lconardi_|’hyllara:
3389 812 3560 885 Areo-

325 888 541 957 pagitae,
579 885 882 957 addendqu
918 881 1126 939 censet,
1161 884 1299 935 idem
1332 883 1589 957 Gnarus;
1624 898 1642 932 ι
1686 881 1929 957 l’saluios
1980 883 2099 957 illos
2150 885 2285 957 duos
2313 881 2425 957 jam
2450 894 2789 957 memoratos
2819 923 2836 944 ,
2881 881 3356 957 suntxtiirnouieu
3406 883 3556 957 solos

328 947 438 1009 ᾖοῖι
496 955 743 1019 ιηιϊυι“ἱ;
791 956 884 1008 sed
939 964 994 1008 et
1043 968 1377 1022 Quaecunque
1452 955 1503 1006 in
1559 954 1788 1018 liturgia:
1849 953 2154 1022 principio,
2201 952 2399 1006 Christi
2442 951 2503 1022 in
2559 952 2812 1003 mundum
2868 952 3079 1022 venturi
3142 954 3363 1017 ligurum
3401 992 3414 1013 .
3457 947 3549 1003 τύ-

325 1042 451 1085 πον,
483 1032 680 1093 gcrunt
713 1039 729 1077 :
771 1024 1003 1093 psalmos
1050 1021 1227 1075 autem
1257 1023 1375 1078 illos
1406 1025 1506 1078 hoc
1539 1022 1756 1078 nomine
1795 1021 2032 1077 maxime
2062 1023 2275 1090 dignos,
2308 1021 2454 1092 quod
2483 1022 2876 1088 expressiorem
2909 1062 2925 1086 ,
2953 1033 3011 1076 ut
3041 1021 3292 1075 Patribus
3327 1022 3553 1091 placuit,

324 1095 527 1164 Christi
558 1095 781 1164 liguraui
809 1094 1181 1164 exhibeant.)

393 1163 521 1218 9.57.
559 1158 1093 1231 Hactenus,Goarus.
1123 1161 1308 1216 Restat
1330 1174 1386 1216 nt
1415 1179 1511 1217 nos
1541 1161 1744 1230 Typica
1787 1163 1899 1229 ipsa
1938 1175 2006 1213 ex
2055 1158 2344 1229 Horologio
2372 1162 2578 1231 integra
2609 1159 2998 1231 exprimamus.
3051 1161 3320 1214 Dicuntur
3345 1171 3554 1225 autem,

323 1243 385 1304 ιιι
432 1236 506 1288 ait
555 1234 627 1304 S._
653 1233 806 1304 Salue
834 1230 1127 1304 Typicuiu,_
1149 1233 1296 1304 χύμα
1325 1275 1339 1287 .
1361 1235 1429 1304 id
1464 1244 1567 1304 est,
1594 1235 1710 1304 sine
1742 1245 1900 1284 cantu
1938 1231 2418 1304 et_niodt_t_latione,
2450 1230 2552 1284 hoc
2585 1232 2744 1304 modo
2777 1230 3105 1304 :_l’ostqit_mn
3162 1232 3363 1304 dictum
3414 1239 3493 1304 es_t
3528 1269 3544 1291 ,

320 1303 572 1373 Εὐλόγει,
784 1297 905 1371 μου,
935 1301 1024 1374 τὸν
1049 1297 1272 1374 Κύριονθ
1306 1302 1609 1374 Εὐλογητὸς
1633 1297 1700 1358 εἶ.
1730 1305 1870 1374 Κύρι

2004 1299 2252 1374 Bertedic,
2273 1300 2453 1374 anima
2486 1316 2622 1361 mea.
2661 1299 2976 1374 Dominum;
3007 1297 3322 1354 Beiiedictus
3351 1313 3430 1374 es,
3457 1297 3552 1350 Do-

319 1368 488 1431 mine,
540 1393 559 1423 ι
608 1368 864 1424 recitatur
891 1368 1270 1437 psalmus'cu.
1302 1383 1358 1424 et
1386 1368 1652 1424 clauditur
1689 1368 1991 1438 ειιιιιᾺόξα,
2031 1368 2236 1424 Gloria.
2268 1369 2472 1424 Deinde
2501 1371 2749 1425 succedit
2774 1369 3016 1440 psalmus
3052 1382 3209 1431 CXLV,
3253 1378 3306 1423 et
3333 1370 3549 1433 dicitur,

317 1444 433 1498 Καὶ
461 1442 575 1495 νῦν.
609 1461 628 1493 ι
667 1441 732 1494 Ει
763 1458 902 1497 nunc
932 1459 945 1494 :
991 1462 1010 1495 ι
1044 1447 1390 1512 sequiturque
1426 1442 1526 1494 hoc
1568 1447 1879 1510 tropariuni.

403 1540 462 1592 Ὁ
486 1538 776 1610 μονογενὴς
826 1539 950 1602 Υἱὸς
1008 1541 1101 1592 καὶ
1140 1540 1310 1604 Λογος
1329 1535 1423 1590 τοῦ
1454 1535 1587 1589 Θεοῦ
1621 1539 1873 1600 ἀθάνατος

2055 1534 2270 1591 Christe
2338 1534 2498 1595 Deus,
2558 1534 2650 1602 qui
2693 1547 2752 1586 es
2790 1533 3091 1600 unigenitus
3139 1530 3307 1586 Filius
3337 1541 3391 1584 et
3424 1530 3554 1586 Ver-

314 1631 599 1702 ὑπάρχων.
636 1634 728 1685 καὶ
773 1630 1204 1698 καταδεξάμενος
1230 1629 1315 1682 διὰ
1357 1640 1455 1700 τὴν
1483 1630 1752 1700 ἡμετέραν
1782 1646 1873 1682 σω-

1987 1629 2114 1683 bum
2148 1626 2454 1680 immortale
2490 1626 2607 1692 Dei,
2643 1627 2731 1694 qui
2773 1633 2995 1696 propter
3032 1634 3272 1678 nostram
3315 1623 3548 1678 salutem

312 1720 511 1791 τηρίαν
534 1720 903 1789 σαρκωθῆναι,
933 1732 997 1771 εκ
1023 1718 1123 1788 τῆς
1155 1720 1316 1787 ἁγίας
1345 1720 1606 1774 Θεοτόκου
1639 1718 1732 1771 καὶ
1772 1719 1886 1770 ἀει-

312 1817 586 1887 παρθένου
627 1814 846 1883 Μαρίας
872 1814 1155 1880 ἀτρέπτως
1181 1815 1625 1887 ἐνανθρωπήσας.
1647 1829 1886 1883 σταυρω-

313 1907 430 1968 θείς
467 1923 546 1964 τε,
581 1903 782 1974 Χριστὲ
824 1905 851 1954 ὁ
886 1902 1035 1966 Θεὸς,
1085 1903 1298 1974 θανάτῳ
1344 1904 1570 1957 θάνατον
1613 1905 1878 1974 πατήσας·

312 1993 396 2058 εἷς
427 1995 500 2048 ὢν
530 1996 624 2062 τῆς
648 1995 807 2062 ἁγίας
833 1993 1077 2066 Τριάδος,
1116 1993 1568 2063 συνδοξαζόμενος
1595 1993 1671 2062 τῷ
1707 1994 1881 2064 Πατρὶ

308 2089 408 2140 καὶ
425 2087 502 2156 τῷ
524 2086 662 2158 ἁγίῳ
687 2084 982 2156 Πνεύματι,
1015 2085 1185 2138 σῶσον
1212 2092 1243 2154 ἡ
1253 2089 1378 2155 μᾶς.

381 2179 594 2232 Εἰδέναι
645 2178 772 2250 χρὴ,
830 2181 912 2230 ὅτι
955 2180 1020 2247 τῇ
1079 2177 1288 2250 μεγάλῃ
1360 2176 1777 2248 Τεσσαρακοστῇ
1818 2176 1880 2228 οὐ

307 2271 539 2343 λέγομεν
561 2274 685 2335 τοὺς
706 2273 815 2325 τῶν
840 2271 1086 2324 τυπικῶν
1113 2269 1382 2341 ψαλμούςο
1424 2269 1558 2322 ἀλλὰ
1608 2270 1744 2340 μετὰ
1782 2268 1880 2339 τὴν

306 2365 472 2436 εὐχὴν
517 2375 635 2435 τὴν,
688 2365 930 2418 Δέσποτα
985 2363 1156 2435 Κύριε
1215 2361 1387 2434 Ἰησοῦ
1435 2362 1656 2432 Χριστὲ,
1695 2361 1879 2424 ὁΘεδς

306 2456 485 2526 ἡμῶν,
519 2455 742 2524 ἄρχεται
768 2457 795 2506 ὁ
825 2456 1159 2523 τεταγμένος
1192 2454 1349 2523 χορὸς
1377 2451 1568 2514 οὕτως’
1594 2452 1876 2522 Μνήσθητι

304 2548 486 2618 ἡμῶν,
509 2548 702 2619 Κύριε,
737 2547 871 2617 μετὰ
893 2548 1087 2618 μέλους
1108 2548 1186 2608 είς
1209 2541 1342 2614 ἦχον
1365 2545 1456 2599 πλ.
1482 2547 1544 2606 δ’,
1574 2546 1668 2597 καὶ
1694 2544 1873 2606 εὐθύς·

305 2641 581 2711 Μακάριοι
613 2641 661 2692 οἱ
690 2639 891 2708 πτωχοὶ
925 2637 1000 2707 τῷ
1033 2636 1322 2706 πνεύματι.
1360 2635 1514 2688 Μετὰ
1556 2635 1611 2688 δὲ
1642 2635 1702 2688 τὸ
1728 2635 1878 2698 τέλος

304 2735 416 2788 τῶν
449 2734 644 2805 στίχων
679 2732 1020 2804 ένούμενοιοί
1054 2728 1146 2783 δύο
1176 2728 1324 2800 χοροὶ
1356 2728 1602 2796 λέγουσιν
1621 2727 1796 2790 οὕτως
1822 2740 1836 2754 ⁸

371 2994 654 3064 Μνήσθητι
699 2993 891 3062 ἡμῶν,
938 2993 1112 3062 Κύριε
1141 3031 1156 3054 ,
1233 2993 1292 3042 ἐν
1347 2993 1412 3060 τῇ
1464 2990 1708 3059 βασιλείᾳ.
1757 3006 1866 3042 σου.

301 3085 584 3157 Μνήσθητι
639 3085 815 3155 ἡμῶν,
848 3084 1039 3155 Κύριε,
1096 3084 1221 3136 ὅταν
1253 3082 1411 3156 ἔλθῃς
1445 3085 1500 3135 ἐν
1532 3084 1596 3152 τῇ
1630 3082 1873 3152 βασιλείᾳ

303 3194 398 3230 σου
407 3219 421 3233 .

375 3269 484 3322 Καὶ
518 3270 565 3322 εί
605 3270 700 3340 μὲν
735 3268 847 3323 ἔστι
905 3265 1348 3341 Τεσσαρακοστὴ,
1422 3264 1873 3337 ἑνούμενοιοίδύο

301 3362 456 3433 γοροὶ
510 3362 768 3431 ψάλλουσι
801 3362 938 3432 μετὰ
999 3362 1194 3432 μέλους
1246 3363 1328 3424 τὺ,
1373 3360 1653 3432 Μνήσθητι
1694 3359 1872 3430 ἡμῶν

301 3456 400 3508 καὶ
423 3457 708 3524 μετάνοιαν
739 3461 786 3508 α’
810 3457 958 3516 είςτὸ
987 3453 1169 3530 καθέψ
1202 3456 1250 3506 εἰ
1277 3455 1321 3507 δ’
1352 3453 1435 3518 οὒ,

1986 1715 2323 1780 incarnatus,
2356 1726 2410 1768 et
2440 1727 2507 1768 ex
2538 1724 2723 1768 sancta
2762 1728 2825 1766 ac
2858 1726 3071 1775 semper
3103 1710 3321 1782 Virgine
3352 1711 3556 1778 Maria,

1986 1805 2395 1860 immutabiliter
2434 1807 2596 1860 homo
2625 1803 2838 1868 factus,
2867 1806 3266 1872 crucilixusque
3318 1817 3545 1862 mortem

1983 1905 2158 1951 morte
2189 1898 2541 1962 conculcasti,
2582 1897 2673 1967 qui
2709 1910 2851 1950 unus
2889 1894 2956 1950 de
2989 1896 3335 1951 sanctissima
3366 1895 3563 1950 Trini—

1983 1997 2110 2054 tate,
2164 1988 2594 2057 congloritiearis
2633 2005 2754 2044 cum
2793 1987 2956 2042 Patre
2992 1999 3048 2041 et
3100 1987 3303 2056 Spiritu
3333 1996 3542 2054 sancto,

1980 2080 2123 2134 salva
2149 2095 2266 2135 nos.

2046 2171 2173 2226 257.
2208 2172 2361 2226 Scire
2383 2179 2620 2241 oportet,
2652 2170 2705 2224 in
2743 2185 2936 2240 magna
2989 2169 3411 2239 Quadragesima
3433 2185 3542 2224 non

1988 2261 2091 2315 dici
2121 2263 2418 2331 Lypieoruin
2459 2263 2730 2331 psalmos;
2761 2263 2855 2317 sed
2889 2272 3008 2330 post
3036 2262 3174 2316 banc
3209 2261 3539 2326 orationem,

1979 2354 2277 2409 exbibitam
2307 2369 2456 2409 num.
2484 2353 2609 2417 254,
2640 2353 2918 2423 Regnator
2956 2355 3178 2408 Domine
3207 2351 3334 2408 Jesu
3385 2351 3544 2407 Chri-

1978 2454 2094 2510 ste,
2128 2445 2270 2501 Deus
2313 2454 2515 2508 noster,
2558 2446 2746 2513 incipit
2791 2445 3102 2512 designatus
3155 2445 3354 2498 chorus
3407 2443 3486 2496 sic
3521 2459 3538 2497 :

1977 2535 2244 2590 Memento
2269 2536 2462 2598 nostri,
2494 2536 2741 2597 Domine,
2774 2551 2894 2588 cum
2933 2536 3298 2589 modulatione
3334 2536 3400 2590 ad
3452 2545 3540 2589 to-

1977 2644 2105 2682 num
2138 2628 2413 2697 obliquum
2447 2627 2483 2679 '2
2511 2667 2524 2689 ,
2580 2635 2634 2680 et
2693 2626 2872 2681 statim
2929 2626 3182 2680 dicuntur
3214 2627 3538 2696 evangelicae

1976 2717 2340 2770 beatitudines
2393 2733 2406 2769 :
2456 2715 2602 2769 Beati
2649 2731 2912 2786 pauperes
2940 2716 3130 2785 spiritu
3171 2713 3268 2786 (a).
3301 2716 3370 2768 At
3411 2729 3542 2770 vero

1977 2815 2098 2876 post
2127 2805 2419 2876 quemlibet
2448 2809 2768 2864 versiculum
2824 2808 2929 2864 duo
2970 2807 3120 2862 ebori
3161 2808 3322 2863 simul
3351 2807 3537 2863 dicunt

1902 2890 2102 2953 Bsic:

2046 2990 2313 3045 Memento
2371 2990 2562 3055 nostri,
2616 2989 2861 3057 Domine,
2920 3006 2971 3043 ιιι
3017 3000 3181 3059 regno
3228 2999 3340 3045 tuo.
3425 2999 3538 3045 2e-

1975 3090 2156 3137 meuto
2206 3083 2422 3148 nostri,
2469 3083 2713 3150 Domine,
2773 3096 2894 3137 cum
2949 3082 3160 3136 veneris
3213 3081 3266 3135 in
3315 3095 3537 3150 regnum

1975 3178 2145 3223 tuum.

2046 3261 2114 3315 Et
2168 3261 2213 3316 si
2265 3263 2337 3317 sit
2382 3263 2803 3333 Quadragesima
2833 3301 2848 3326 ,
2881 3263 2986 3316 duo
3016 3262 3179 3319 simul
3209 3263 3362 3317 chori
3393 3265 3537 3331 psal-

1973 3353 2090 3408 lunt
2118 3355 2392 3411 moduiale
2417 3379 2430 3411 ;
2458 3355 2725 3410 Memento
2750 3355 2873 3419 mei,
2911 3363 2963 3409 et
2990 3355 3056 3408 ad
3091 3355 3303 3424 singula
3333 3354 3538 3411 faciunt

1975 3447 2334 3500 reverentiam
2366 3463 2526 3501 unam
2562 3465 2576 3500 :
2607 3447 2716 3502 alio
2734 3456 2910 3500 autem
2939 3455 3181 3515 tempore
3209 3448 3329 3502 sine
3375 3456 3535 3503 cantu

1978 3545 2033 3590 et
2069 3536 2454 3594 modulatione.

374 3627 499 3704 258_.
530 3627 704 3704 Count.
740 3627 816 3704 Ne
839 3629 941 3684 hac
982 3630 1185 3704 haereat
1209 3635 1402 3704 lector,
1445 3631 1718 3704 sciendum
1752 3640 1854 3694 est,
1892 3641 2125 3704 quatuor
2158 3633 2299 3699 apud
2333 3633 2552 3689 Grmcos
2599 3633 2866 3689 celebrari
2899 3633 3347 3704 Quadragesimas
3373 3649 3392 3688 :
3421 3633 3536 3703 pri-

302 3715 452 3774 gnam
476 3700 716 3760 l’aschze,
747 3701 970 3774 alteram
999 3701 1403 3774 Apostolorum,
1440 3703 1652 3774 tertiam
1691 3700 2392 3774 Assu_tnptiouis,_quartum
2428 3705 2657 3771 denique
2688 3700 3023 3768 Nativitatis;
3060 3700 3176 3757 eain
3209 3714 3388 3758 autem
3414 3700 3536 3774 quae

300 3771 505 3844 Pascha
539 3771 826 3844 antecedit,
886 3770 1151 3840 μεγάλην,
1183 3787 1429 3844 magnam
1455 3772 1710 3844 appellari
1742 3790 1756 3824 :
1875 3773 2014 3837 quod
2042 3771 2316 3844 colligitur
2347 3790 2411 3828 ex
2455 3770 2720 3844 Syuieone
2747 3774 3240 3837 'l‘hessalonicensi,
3283 3776 3362 3844 sic
3408 3770 3536 3842 p'ro-

298 3841 587 3915 nuntiante
644 3840 693 3915 in
747 3854 1004 3915 responso
1040 3839 1146 3894 Lm
1180 3841 1342 3915 :_Kat".
1399 3841 1485 3893 διὰ
1530 3839 1687 3915 τοῦτο
1734 3840 1873 3915 μᾶλλ

1999 3840 2108 3893 τῶν
2139 3839 2313 3896 ἄλλων
2363 3839 2571 3914 μεγάλη
2600 3843 2856 3911 ’λέγεται,
2910 3845 2992 3897 ὅτι
3029 3846 3122 3897 καὶ
3152 3843 3334 3915 ἕτεραί
3374 3839 3532 3897 εἰσιν·

301 3909 444 3984 αὐτὴ
474 3909 530 3961 δὲ
566 3909 771 3984 τούτων
805 3910 1080 3982 ὑπερέχει.
1124 3930 1142 3960 ι
1177 3911 1241 3964 Et
1271 3921 1565 3984 propterea
1587 3909 1873 3984 limepotiu

1978 3926 2089 3964 tam
2116 3915 2233 3984 alite
2259 3909 2455 3984 magna
2478 3909 2763 3982 vocitatur,
2789 3916 2930 3984 quod
2968 3914 3089 3968 aliis
3133 3909 3384 3970 omnibus
3439 3928 3536 3967 ex-

297 3980 545 4051 cellat.)
580 3980 690 4033 luto
720 3996 864 4042 vero,
893 3980 949 4035 ut
973 3985 1228 4035 observat
1263 3981 1525 4048 (.‘aiigius,
1547 3980 1752 4047 jejunia
1783 3993 1991 4047 septem
2039 3992 2132 4051 aut
2186 3980 2420 4051 plurium
2458 3985 2665 4038 dierum
2695 4024 2710 4048 ,
2743 3980 2869 4039 ante
2895 3984 3031 4039 festa
3076 3985 3397 4039 Sanctorum
3431 3985 3535 4038 ob--

298 4048 508 4103 servari
538 4052 726 4124 _so_lita_.
753 4055 996 4124 eamdem
1028 4052 1492 4124 nomeucluturant
1550 4051 2019 4124 obtinent_._Atque
2075 4050 2126 4103 id
2174 4048 2419 4124 probare
2445 4057 2639 4108 nititur
2689 4054 3028 4124 Cauginsex
3062 4054 3264 4109 Joatme
3316 4051 3534 4124 Jejuna;

299 4128 419 4192 tore
463 4117 552 4192 qui
606 4120 655 4170 iu
700 4121 1058 4192 PtBuitettliali
1086 4136 1212 4192 pag.
1243 4121 1329 4187 89,
1372 4121 1449 4174 sic
1485 4123 1641 4174 habet
1699 4138 1712 4174 :
1769 4121 1873 4183 Τὰς

1978 4117 2468 4192 οτεσσαρακοστὰς
2516 4124 2609 4177 τοῦ
2665 4117 2834 4192 ἁγίονῖ
2869 4123 3136 4176 Φιλίππου
3184 4123 3416 4176 καὶτῶν
3465 4121 3534 4177 ιδ’

297 4189 616 4262 ᾁποστόλων
646 4190 876 4262 κρέατος
907 4193 1004 4260 μὲν
1039 4191 1111 4260 μὴ
1140 4191 1387 4261 μετέχειν
1416 4192 1541 4254 τοὺς
1570 4193 1866 4260 κοσμικοὺς

1978 4191 2166 4260 ζομεν.
2197 4189 2214 4242 i
2254 4191 2310 4244 ln
2340 4195 2544 4246 duabus
2579 4189 3032 4262 Quadragesituis,
3070 4196 3125 4246 S.
3171 4193 3400 4261 Philippi
3452 4195 3532 4246 vi-

297 4258 499 4332 delicet
559 4270 613 4312 et
645 4258 926 4313 duodecim
957 4258 1345 4332 apostolorum
1381 4300 1394 4324 ,
1445 4258 1794 4315 sazcularibus
1843 4258 1992 4315 esum
2043 4258 2222 4332 irarnis
2271 4258 2666 4332 interdicimus.
2711 4283 2729 4315 ι
2769 4258 2889 4318 limo
2942 4265 3249 4317 observatio
3294 4258 3532 4332 dispellit

301 4331 576 4392 tenebras,
611 4343 747 4398 quas
791 4329 1038 4400 superior
1093 4330 1359 4398 llorologii
1395 4332 1543 4384 locus
1572 4339 1918 4394 comparatus
1945 4331 2008 4384 ad
2052 4331 2190 4384 alios
2225 4330 2502 4387 aliundere
2545 4334 2825 4399 potuissm.
2868 4334 3018 4387 Nunc
3057 4347 3189 4400 ergo
3224 4329 3527 4395 videamus,

298 4401 570 4474 quompdo
624 4403 676 4452 iu
726 4399 1022 4454 minoribus
1065 4400 1169 4454 illis
1203 4401 1638 4470 Quadragesimis
1672 4402 1782 4454 sive
1823 4400 2042 4470 jejuniis
2089 4402 2408 4456 concinatur
2458 4405 2632 4470 istud,
2662 4403 2948 4474 Μνήσθητι
2996 4399 3179 4474 ἡμῶν.
3230 4401 3527 4457 Memorato

297 4469 495 4522 nostri.

439 4558 592 4624 Δόξα.
629 4561 738 4614 Καὶ
779 4560 894 4617 νῦν.

368 4654 654 4725 Μνήσθητι
700 4653 877 4723 ἡμῶν,
912 4653 1104 4726 Κύριε,
1169 4656 1298 4708 ὅταν
1336 4655 1496 4726 ἔλθῃς
1529 4658 1585 4710 ἐν
1618 4657 1682 4726 τῇ
1718 4655 1872 4725 βασι·-

293 4747 416 4800 λεία
437 4763 544 4800 σου.

368 4840 650 4913 Μνήσθητι
682 4839 860 4912 ἡμῶν,
911 4840 1176 4902 Δέσποτα,
1237 4841 1362 4895 ὅταν
1387 4842 1548 4912 ἔλθῃς
1578 4843 1636 4894 ὲν
1664 4845 1729 4913 τῇ
1765 4841 1862 4911 βα-

294 4931 472 5002 σιλείᾳ
507 4948 619 4985 σου.
660 4950 678 4982 ι

367 5023 652 5093 Μνήσθητι
691 5023 867 5094 ἡμῶν,
912 5024 1084 5093 Ἀγιε,
1117 5025 1243 5079 ὅταν
1281 5025 1439 5098 ἔλθῃς
1499 5028 1556 5079 ὲν
1613 5029 1676 5097 τῇ
1707 5026 1860 5097 βασι·

289 5116 416 5185 λείᾳ
439 5131 552 5167 σου.

364 5207 540 5276 Χορὸς
582 5207 610 5258 ὁ
662 5209 978 5279 ἐπουράνιος
1020 5210 1178 5279 ὑμνεῖ
1214 5227 1272 5262 σε
1300 5211 1394 5264 καὶ
1438 5210 1606 5280 λέγει·
1650 5213 1855 5279 Ἀγιος,

287 5298 483 5365 ἆγιος,
532 5297 705 5364 ἅγιος,
754 5298 956 5369 Κύριος
1012 5299 1267 5353 Σαϐαὼθ·
1319 5299 1531 5373 πλήρης
1571 5305 1598 5354 ὁ
1635 5304 1858 5373 οὐρανὸς

285 5390 388 5444 καὶ
418 5390 450 5457 ἡ
481 5388 551 5458 γῆ
581 5390 676 5458 τῆς
709 5389 860 5459 δόξης
898 5408 1012 5444 σου.

945 5478 1206 5532 STIXOS.

362 5565 694 5633 Προσέλθετε
748 5568 881 5637 πρὸς
917 5570 1096 5635 αὐτὸν,
1147 5573 1239 5623 καὶ
1291 5572 1605 5640 φωτίσοετε,
1657 5573 1747 5626 καὶ
1788 5573 1853 5626 τὰ

285 5658 559 5729 πρόσωπα
587 5658 740 5728 ὑμῶν
771 5661 831 5712 οὐ
869 5662 942 5733 μὴ
977 5665 1360 5736 καταισχυνθῇ.

361 5796 441 5858 (ai
472 5794 660 5850 Matth.
695 5814 747 5859 τ,

362 5868 436 5934 (ἐν)
470 5864 568 5919 lsa.
600 5870 742 5929 vt,'5.

2107 4562 2312 4618 Gloria.
2354 4563 2421 4618 Et
2457 4579 2618 4621 nunc.

2042 4651 2167 4709 259.
2198 4655 2462 4712 Memento
2513 4656 2720 4722 nostri,
2786 4654 3012 4710 Domine
3032 4693 3047 4719 ,
3079 4668 3200 4708 cum
3230 4655 3440 4709 veneris
3475 4655 3526 4710 in

1971 4759 2196 4816 regnum
2231 4759 2398 4803 tuum.

2037 4837 2304 4894 Memento
2338 4842 2538 4901 nostri.
2582 4840 2912 4907 Domiuator,
2949 4855 3069 4894 cum
3099 4838 3316 4893 veneris
3345 4839 3397 4892 in
3438 4853 3528 4894 re-

1967 4942 2124 4996 gnum
2152 4938 2318 4985 tuum.

2033 5020 2301 5074 Memento
2335 5024 2525 5089 nostri,
2560 5023 2776 5084 Sancte,
2807 5036 2929 5075 cum
2963 5020 3180 5075 veneris
3219 5022 3270 5074 in
3303 5036 3524 5091 regnum

1962 5123 2130 5165 tuum.

2029 5205 2240 5259 Chorus
2265 5202 2502 5257 caelestis
2554 5202 2788 5257 celebrat
2820 5213 2889 5266 te,
2938 5212 2990 5258 et
3024 5203 3154 5258 dicit
3199 5221 3212 5256 :
3265 5201 3520 5265 Sanctus,

1959 5307 2201 5361 sanctus.
2254 5307 2496 5361 sanctus,
2545 5297 2803 5351 Dominus
2855 5296 3134 5361 Sabaoth;
3199 5296 3339 5365 pleni
3396 5306 3521 5350 sunt

1961 5388 2080 5442 (τίείί
2111 5398 2165 5442 et
2197 5396 2337 5442 terra
2368 5389 2552 5458 gloria:
2597 5398 2693 5443 tute
2724 5389 2821 5458 (b).

2519 5480 2970 5536 VERSICULUS.

2033 5574 2219 5628 Venite
2250 5574 2314 5627 ad
2341 5590 2487 5637 eum,
2516 5585 2572 5630 et
2609 5575 3018 5641 illuminamini;
3049 5582 3100 5628 et
3139 5573 3312 5628 vultus
3358 5572 3519 5627 vestri

1960 5680 2062 5719 non
2091 5665 2486 5719 confundantur
2513 5668 2582 5735 (c)

2035 5805 2101 5873 (c)
2132 5805 2271 5862 Psal.
2307 5823 2494 5873 xxxiii,
2527 5807 2578 5861 6.
