4058 6466
527 406 822 451 εςιιιιιιν

1886 402 2248 458 Ρηοιιεϐοιι
2259 404 2410 456 ENA.

597 510 807 571 Chorus
858 519 1095 575 caelestis
1161 521 1402 578 celebrat
1433 533 1505 589 te,
1541 532 1597 580 et
1621 523 1753 580 dicit
1790 526 2080 587 :Sanctns.

2254 526 2428 597 Χορὸς
2478 528 2507 578 ὁ
2555 523 2868 596 ἐπουράνιος
2903 520 3061 592 ὑμνεῖ
3096 538 3176 583 σε,
3213 519 3306 574 καὶ
3336 517 3524 586 meo
3555 520 3762 591 Ἀγιος,

525 615 769 674 nanetus,
797 622 1042 680 sanctus,
1070 613 1325 671 Dominus
1351 616 1624 682 Sabaoth;
1650 616 1793 688 pleni
1823 627 1950 676 sunt
1971 619 2092 675 coeli

525 707 583 752 et
616 707 758 754 terra
795 703 981 772 gloriae
1014 716 1135 762 tuae.

680 792 886 852 Gloria.

593 887 805 944 Chorus
837 901 1145 945 sanctorum
1193 894 1503 965 angelorum
1529 900 1584 947 et
1618 894 2091 964 archangelorum,

527 993 646 1034 cum
691 980 945 1035 omnibus
977 982 1290 1038 cmlestibus
1323 983 1635 1047 virtutibus,
1667 986 1898 1040 celebrat
1944 993 2013 1045 te,
2038 990 2093 1037 et

524 1068 690 1123 dicit:
715 1069 971 1136 Sanctus,
994 1084 1237 1140 sanctus,
1268 1086 1506 1136 sanctus,
1542 1074 1798 1130 Dominus
1830 1074 2089 1140 Sabaoth;

523 1159 667 1230 pleni
699 1173 826 1217 sunt
859 1165 986 1219 coeli
1017 1177 1072 1220 et
1098 1175 1242 1221 terra
1285 1168 1469 1239 gloria:
1509 1175 1635 1222 tuae.

663 1253 732 1310 Et
757 1269 918 1310 llllllc.

2200 619 2370 687 ἅγιος,
2395 620 2569 686 ἅγιος,
2599 615 2800 686 Κύριος
2831 613 3054 669 Σαϐαὼθ
3075 629 3089 644 ·
3119 615 3331 687 πλήρης
3356 614 3385 666 ὀ
3415 613 3644 682 οὐρανὸς
3673 617 3766 670 καὶ

2200 713 2233 782 ή
2266 712 2334 780 γῆ
2367 708 2468 779 τῆς
2498 709 2654 780 δόξης
2681 723 2798 763 σου.

2341 802 2499 868 Δόξα.

2267 891 2439 963 Χορὸς
2482 894 2650 962 ἁγίων
2712 890 2954 958 ἀγγέλων
2984 889 3078 942 καὶ
3104 887 3454 958 ἀρχαγγέλων
3496 882 3632 958 μετά
3657 899 3765 935 ’πα-ο

2199 981 2307 1036 σῶν
2329 981 2438 1034 τῶν
2468 981 2800 1055 ἐπουρανίων
2844 979 3123 1052 δυνάμεων
3146 978 3304 1048 ὑμνεῖ
3351 996 3432 1041 σε,
3473 977 3565 1030 καὶ
3591 972 3761 1040 λέγει·

2201 1075 2408 1142 Ἀγιος,
2458 1073 2646 1141 ἆγιος,
2697 1075 2880 1143 ἅγιος.
2934 1073 3137 1144 Κύριος
3189 1067 3445 1122 Σαϐαὼθ·
3488 1068 3701 1138 πλήρης
3733 1061 3762 1112 ὁ

2199 1165 2424 1235 οὐρανὸς
2452 1166 2544 1219 καὶ
2573 1168 2605 1235 ἡ
2635 1168 2704 1240 γῆ
2733 1167 2832 1238 τῆς
2859 1165 3017 1234 δόξης
3047 1182 3163 1219 σου.

2340 1257 2449 1310 Καὶ
2498 1255 2613 1311 νῦν.

591 1363 717 1441 ἳθθ.
753 1365 851 1420 llic
887 1369 1147 1423 recitatur
1191 1369 1492 1441 symbolum
1527 1367 1824 1432 Nicmnum,
1859 1381 2030 1437 eoque
2060 1368 2212 1425 {inito
2242 1366 2439 1423 dicitur
2467 1381 2699 1434 sequens
2725 1365 2982 1437 precatio,
3008 1365 3094 1419 cui
3124 1361 3300 1419 oratio
3324 1359 3602 1416 Dominiea
3631 1355 3760 1413 sub-

522 1437 780 1492 nectitur.

591 1552 864 1617 llemitte.
928 1557 1172 1623 dimitte,
1222 1558 1508 1626 condona,
1557 1560 1720 1623 Deus,
1791 1566 2009 1629 peccata
2059 1573 2090 1612 a
2123 1563 2167 1623 Β

523 1646 681 1701 nobis
717 1649 975 1711 admissa,
1008 1660 1116 1702 tam
1149 1648 1317 1704 libere
1347 1666 1508 1720 quam
1538 1661 1760 1717 coacto,
1792 1663 1897 1704 tam
1926 1665 2088 1717 opere

520 1753 682 1805 quam
714 1751 985 1802 sermone,
1023 1753 1130 1792 tam
1160 1741 1398 1796 scienter
1428 1757 1588 1811 quam
1622 1743 1939 1805 inscienter,
1972 1751 2081 1794 tam

521 1839 679 1884 nocte
710 1846 874 1900 quam
902 1833 1133 1887 interdiu
1155 1875 1170 1900 ,
1200 1843 1308 1888 tam
1334 1844 1510 1887 mente
1540 1847 1698 1903 quam
1739 1850 1900 1888 sensu
1925 1851 1938 1898 ;
1971 1847 2087 1886 om-

518 1922 606 1975 nia
675 1925 832 1978 nobis
897 1926 1186 1991 condono,
1235 1934 1293 1979 ut
1349 1924 1523 1981 bonus
1585 1936 1748 1994 atque
1809 1925 2084 1980 hominum

519 2028 730 2066 amans.

588 2103 655 2157 Et
708 2104 752 2158 si
818 2106 960 2176 quod
993 2104 1189 2161 festum
1238 2108 1451 2163 Domini
1482 2107 1809 2170 celebretur,
1853 2106 2085 2163 dicimus

516 2196 631 2261 ejus
658 2198 960 2251 contacium
989 2213 1004 2251 :
1032 2199 1077 2253 si
1102 2208 1280 2254 autem
1306 2215 1426 2254 cum
1450 2215 1514 2253 eo
1541 2207 1832 2255 concurrat
1863 2212 2087 2257 sanctus

515 2287 888 2354 celelirandus,
920 2291 1070 2358 prius
1125 2291 1323 2344 dicitur
1355 2292 1528 2346 sancti
1559 2291 1867 2366 contacium
1891 2333 1908 2355 ,
1948 2292 2087 2348 Glo-

516 2381 616 2445 ria,
656 2379 724 2434 Et
755 2395 893 2435 nunc
920 2399 933 2447 ;
964 2383 1200 2450 (postea)
1246 2383 1550 2436 contacium
1591 2382 1735 2439 festi.
1769 2381 1826 2437 Si
1859 2383 2082 2438 Alleluia

512 2483 789 2526 cantatum
843 2471 1042 2540 fuerit,
1088 2474 1168 2528 vel
1207 2490 1310 2528 non
1358 2475 1426 2529 sit
1483 2475 1678 2530 festum
1719 2473 1969 2540 Domini,
1999 2475 2084 2528 dic

511 2564 687 2635 primo
741 2566 1052 2621 contacium
1106 2567 1656 2639 Transligurationis,
1699 2568 1893 2622 deinde
1937 2567 2078 2632 diei;

511 2656 646 2710 feria
699 2657 934 2712 secunda
1002 2660 1446 2726 Incorporeorum
1497 2660 1829 2715 contacium.
1875 2658 2076 2714 Gloria.

510 2749 644 2801 Cum
679 2752 881 2804 sanctis
919 2752 1079 2812 dona,
1105 2750 1339 2804 Christe.
1387 2749 1451 2802 Et
1483 2765 1643 2802 nunc.
1700 2748 1887 2801 Tutela
1922 2747 2080 2800 Chri-

511 2840 834 2894 stianorum.
869 2839 1132 2894 Similiter
1164 2840 1322 2901 tertia
1348 2841 1484 2907 feria
1515 2840 1819 2895 contacium
1849 2854 2076 2909 pra-cur-

509 2930 651 2983 suris
682 2939 737 2984 et
762 2929 1038 2997 deinceps.
1189 2915 1191 2917 ’

2266 1559 2444 1622 Ἀνες,
2488 1558 2643 1628 ἄφες,
2713 1557 3081 1630 συγχώρησον,
3113 1555 3142 1606 ὁ
3171 1552 3323 1614 Θεὸς,
3356 1548 3423 1601 τὰ
3459 1545 3761 1615 παραπτώ-

2193 1668 2336 1723 ματα
2373 1650 2550 1720 ἡμῶν,
2583 1650 2651 1703 τὰ
2679 1649 2898 1702 ἑκουσία
2931 1647 3020 1702 stat
3055 1644 3124 1698 τὰ
3147 1643 3396 1704 ἀκούσια,
3425 1637 3492 1690 τὰ
3520 1639 3576 1688 ὲν
3609 1635 3758 1705 ἔργῳ

2189 1746 2282 1797 καὶ
2318 1743 2480 1814 λόγῳ,
2520 1745 2588 1797 τὰ
2617 1746 2675 1796 ἐν
2699 1739 2893 1810 γνώσει
2922 1743 3017 1794 καὶ
3051 1743 3108 1794 ὲν
3151 1735 3361 1806 ἀγνοίᾳ,
3405 1732 3474 1784 τὰ
3496 1731 3554 1782 ἐν
3601 1732 3761 1784 νυκτὶ

2189 1835 2280 1891 καὶ
2324 1837 2380 1887 ὲν
2410 1839 2613 1908 ἡμέρᾳ,
2641 1837 2708 1889 τὰ
2755 1833 2895 1888 κατά
2920 1833 3044 1887 νοῦν
3074 1831 3167 1887 καὶ
3204 1829 3460 1884 διάνοιαψ
3484 1825 3553 1878 τὰ
3579 1823 3757 1877 πάντα

2188 1929 2316 1998 ἡμῖν
2343 1929 2715 2000 συγχώρησον,
2741 1927 2817 1992 ὼς
2847 1925 3047 1994 ἀγαθὸς
3074 1925 3169 1980 καὶ
3200 1922 3598 1996 φιλάνθρωπος.

2257 2101 2368 2154 Καὶ
2421 2105 2470 2156 εί
2524 2104 2622 2173 μὲν
2665 2104 2780 2158 ἔστι
2837 2102 3139 2171 Δεσποτικὴ
3174 2100 3354 2171 ἑορτὴ,
3422 2099 3653 2170 λέγομεν
3696 2096 3761 2149 τὸ

2183 2192 2385 2264 ταύτης
2407 2196 2705 2248 κοντάκιονο
2729 2196 2848 2250 εἰδὲ
2879 2195 3030 2265 τύχοι
3062 2193 3155 2246 καὶ
3186 2191 3338 2260 ἀγιος
3369 2191 3758 2264 ὲορταζόμενος

2185 2287 2243 2338 ὲν
2273 2287 2463 2356 ταύτῃ,
2499 2287 2713 2356 λέγεται
2750 2288 2965 2359 πρῶτον
2991 2287 3053 2342 τὸ
3081 2283 3174 2340 τοῦ
3214 2285 3392 2353 ἁγίου·
3427 2283 3584 2347 Δόξα·
3642 2279 3760 2332 Καὶ

2184 2373 2297 2427 νῦν
2333 2376 2562 2450 (ἔπειτα)
2584 2380 2646 2432 τὸ
2676 2379 2776 2450 τῆς
2801 2381 3009 2452 ἑορτῆς.
3039 2379 3102 2434 Εἰ
3125 2378 3169 2432 δ’
3197 2374 3507 2446 Ἀλληλούῐα
3532 2369 3755 2440 ἔψαλτον

2182 2467 2216 2537 ἢ
2244 2471 2344 2523 οὐκ
2391 2469 2506 2525 ἔστι
2553 2473 2856 2544 Δεσποτικὴ
2909 2472 3090 2544 ἑορτὴ,
3131 2471 3257 2537 λέγε
3291 2467 3505 2540 πρῶτον
3548 2462 3610 2515 τὺ
3654 2461 3757 2520 τῆς

2182 2562 2690 2635 Μεταμορφώσεως,
2742 2561 2857 2618 εἶτα
2893 2565 2954 2617 τὸ
2983 2565 3082 2633 τῆς
3134 2561 3365 2633 ἡμέρας·
3409 2562 3476 2629 τῇ
3526 2556 3759 2626 δευτέρᾳ

2181 2652 2289 2706 τῶν
2325 2656 2668 2725 Ἀσωμάτων.
2706 2656 2860 2719 Δόξα.
2894 2655 3046 2708 Μετὰ
3079 2653 3185 2706 τῶν
3220 2653 3388 2721 ἁγίων
3416 2650 3752 2709 ἀνάπαυσον,

2181 2747 2398 2818 Χριστέ.
2426 2749 2534 2802 Καὶ
2566 2749 2679 2801 νῦν.
2711 2748 3152 2820 Προστασία-τῶν
3174 2745 3530 2818 Χριστιανῶν.
3568 2741 3758 2796 Ὡσαύ-

2184 2855 2290 2902 τως
2321 2841 2387 2911 τῇ
2416 2841 2575 2913 τρίτῃ
2595 2840 2687 2894 τοῦ
2711 2841 3039 2914 προδρόμου,
3073 2839 3168 2894 καὶ
3192 2837 3445 2909 καθεξῆς.

578 3043 705 3100 261.
736 3043 860 3101 llaec
891 3056 1073 3101 autem
1107 3048 1351 3102 eontacia
1384 3048 1436 3102 in
1468 3047 1758 3118 Horologio
1791 3049 2002 3118 integra
2035 3043 2429 3115 subjiciuntur,
2467 3049 2568 3101 hoc
2601 3049 2775 3114 modo.

860 3158 1175 3216 Contacium
1202 3162 1730 3234 Transﬁgurationis.

580 3249 633 3302 In
693 3260 874 3305 monte
923 3251 1344 3320 transﬁguratus
1407 3269 1467 3308 es
1493 3294 1507 3318 ,
1543 3255 1760 3308 Christe
1812 3256 1952 3307 Dens
1983 3270 1996 3304 :
2027 3260 2080 3305 et

507 3356 768 3408 quantum
798 3356 1026 3412 capaces
1064 3353 1221 3396 erant
1264 3344 1514 3412 discipuli
1553 3346 1651 3408 tui,
1686 3345 1937 3398 viderunt
1963 3342 2078 3411 glo-

511 3435 645 3488 riam
705 3444 884 3503 tuam,
921 3446 980 3490 ut
1018 3437 1236 3505 quando
1270 3446 1322 3490 te
1359 3447 1652 3492 cernerent
1696 3435 1965 3492 sublatum
2025 3436 2077 3488 in

508 3540 752 3594 crucem,
785 3538 1078 3583 nossentte
1104 3529 1155 3583 id
1188 3529 1294 3598 pati
1327 3513 1532 3595 libere;
1565 3541 1619 3584 et
1643 3540 1699 3583 ut
1722 3530 2082 3600 pradicarent

512 3619 731 3684 mundo,
770 3633 891 3673 esse
920 3629 971 3673 te
1002 3621 1177 3674 Patris
1199 3621 1562 3689 splendorem.

577 3707 702 3761 262.
735 3707 890 3761 Feria
916 3725 974 3770 ιι,
998 3711 1302 3762 contacium
1339 3699 1803 3777 lnicorporeorum,
1838 3719 1995 3762 tonus
2019 3708 2074 3762 2.

580 3799 972 3870 Archistrategi
1025 3800 1138 3868 Dei,
1182 3801 1487 3856 administri
1534 3803 1729 3858 divinze
1762 3803 2078 3872 glorim,an-

508 3889 748 3956 gelat-um
804 3890 1099 3955 ductores,
1147 3901 1203 3945 et
1263 3893 1536 3961 principes
1597 3894 2074 3962 ineorporeorum;

507 3983 649 4051 quod
682 3985 954 4048 convenit,
994 3982 1046 4036 id
1085 3984 1239 4038 nobis
1268 3985 1455 4052 petite,
1498 3995 1555 4039 et
1582 4002 1830 4054 magnam
1866 3984 2077 4039 miseri-

508 4075 936 4152 cordiam._sicut
967 4075 1347 4144 incorporeum
1380 4077 1781 4147 archistrategi.

578 4165 706 4221 265.
740 4165 896 4219 Feria
924 4183 1006 4230 tu,
1032 4169 1340 4222 contacium
1377 4170 1744 4238 praecursoria.
1799 4169 1979 4224 Tonus
2008 4171 2074 4240 β’,

510 4262 650 4317 sicut
667 4258 748 4314 Τὰ
787 4260 898 4313 ἀνω
921 4259 1118 4328 ζητῶν.

579 4351 841 4419 Pmpheta
902 4349 1020 4412 Dei,
1079 4356 1133 4400 et
1174 4346 1484 4402 Prmeursor
1536 4350 1743 4417 gratiae,
1815 4364 1845 4404 e
1903 4353 2075 4417 capite

2605 3161 2677 3212 Τὸ
2706 3161 2804 3228 τῆς
2848 3155 3352 3228 Μεταμορφώσεως.

2270 3251 2391 3304 Ἐπὶ
2418 3251 2513 3304 τοῦ
2541 3252 2700 3321 ὅρους
2751 3249 3177 3321 μετεμορφώθης
3219 3263 3230 3277 ·
3269 3247 3364 3298 καὶ
3411 3244 3485 3306 ὡς
3515 3242 3760 3315 ἐχώρουν

2184 3342 2232 3394 οἱ
2263 3339 2500 3410 μαθηταί
2531 3357 2624 3393 σου
2656 3339 2755 3410 τὴν
2783 3339 2937 3405 δόξαν
2970 3355 3084 3399 σου,
3127 3336 3327 3408 Χριστὲ
3363 3337 3392 3387 ὁ
3419 3333 3569 3399 Θεὸς,
3602 3333 3729 3390 ἐθεὰ

2188 3448 2368 3486 σαντοο
2396 3432 2502 3495 ἵνα,
2535 3432 2660 3485 ὅταν
2697 3447 2755 3483 σε
2783 3429 2934 3483 ἴδωσι
2977 3427 3396 3500 σταυρούμενον,
3420 3427 3482 3480 τὸ
3515 3428 3613 3497 μὲν
3648 3430 3756 3481 πά-

2186 3521 2276 3585 θος
2301 3523 2563 3593 νοήσωσιν
2604 3519 2866 3586 ἑκούσιον,
2897 3519 2975 3590 τῷ
2995 3509 3055 3572 δὲ
3087 3519 3277 3589 κόσμῳ
3306 3519 3634 3591 κηρύξωσιν,
3670 3521 3754 3574 ὅτι

2183 3614 2251 3666 σὺ
2306 3615 2570 3683 ὑπάρχεις
2611 3613 2825 3682 ἀληθῶς
2867 3612 2958 3665 τοῦ
2999 3613 3211 3683 Πατρὸς
3240 3612 3302 3665 τὸ
3337 3612 3695 3680 ἀπαύγασμα.

2254 3705 2297 3757 Τ
2299 3708 2332 3775 ᾗ
2361 3705 2404 3773 β’
2437 3706 2716 3758 κοντάκιον
2743 3706 2852 3759 τῶν
2897 3707 3223 3775 ἀσωμάτων.
3267 3702 3436 3775 Ἧχος
3475 3703 3539 3770 β’.

2265 3798 2714 3870 Ἀρχιστράτηγοι
2790 3798 2957 3863 Θεοῦ,
3010 3799 3313 3868 λειτουργοὶ
3367 3795 3513 3858 θείας
3569 3793 3750 3864 δόξης,

2181 3890 2291 3944 τῶν
2316 3890 2562 3958 ἀγγέλων
2575 3891 2777 3959 ὁδηγοὶ,
2802 3891 2895 3953 καὶ
2922 3890 3152 3959 ἀρχηγοὶ
3187 3886 3509 3956 ἀσωμάτων,
3532 3883 3594 3936 τὸ
3613 3901 3752 3953 συμ-

2185 3983 2346 4053 φέρον
2379 3985 2508 4054 ήμῑν
2537 3982 2927 4053 πρεσὸεύσατε,
2969 3982 3061 4032 καὶ
3087 3978 3147 4031 τὸ
3177 3977 3320 4049 μέγα
3344 3977 3510 4043 ἔλεος,
3543 3977 3618 4040 ὡς
3639 3976 3751 4031 τῶν

2183 4074 2487 4143 ἀσωμάτων
2513 4073 2957 4142 ἀρχιστράτηγοι.

2254 4168 2330 4234 Τῇ
2367 4164 2519 4233 τρίτῃ
2551 4161 2642 4214 τοῦ
2678 4160 2987 4232 Πρυδρόμου
3035 4177 3337 4215 κοντακιον.
3363 4155 3538 4234 Ἶζχος
3571 4157 3639 4229 β’.
3666 4157 3752 4211 Τὰ

2181 4257 2292 4309 ἀνω
2313 4254 2512 4324 ζητῶν.

2253 4344 2518 4416 Προφῆτα
2563 4340 2721 4408 Θεοῦ,
2791 4343 2884 4397 καὶ
2921 4342 3192 4414 πρόδρομε
3225 4344 3321 4412 τῆς
3362 4341 3601 4414 χάριτος,
3649 4341 3752 4410 τὴν

515 4451 626 4505 tuo,
655 4442 797 4491 velut
830 4439 1122 4492 sacerrima
1175 4452 1293 4490 rosa
1317 4477 1331 4503 ,
1363 4437 1414 4489 in
1447 4450 1586 4491 terra
1619 4440 1861 4506 invento,
1892 4443 2076 4496 mede-

2185 4435 2358 4505 χάραν
2410 4433 2507 4506 τὴν
2550 4435 2667 4504 σὴν,
2697 4433 2772 4497 ὼς
2816 4433 2968 4504 ῥόδον
3001 4433 3305 4502 ἱερώτατον,
3343 4435 3406 4484 ἐκ
3455 4433 3556 4500 γῆς
3585 4432 3750 4500 εὑρά-

512 4531 615 4585 lznn'
673 4545 888 4592 semper
927 4530 1224 4596 accipimus
1253 4547 1268 4583 :
1294 4531 1519 4596 etenim,
1549 4539 1606 4584 ut
1635 4541 1778 4594 ante,
1816 4536 2078 4602 pradicas

512 4620 711 4675 mundo
733 4619 1134 4690 pmnitentiam.

576 4798 704 4856 26‘.
737 4797 892 4853 Feria
925 4813 978 4851 Iv
1003 4807 1057 4852 et
1086 4812 1160 4856 vr.
1195 4798 1315 4852 hoc.
1345 4797 1524 4854 Tonns
1552 4798 1607 4854 ι.

579 4894 796 4949 Christe
847 4891 1009 4954 Deus,
1068 4890 1160 4959 qui
1195 4892 1339 4944 ultro
1369 4892 1590 4947 sullixus
1610 4907 1667 4947 es
1692 4891 1865 4959 cruci,
1888 4902 2075 4948 osten-

511 4988 577 5040 rlc
611 4984 1041 5040 misericordiam
1071 4995 1236 5045 tuom,
1269 4999 1405 5038 nova
1443 4986 1528 5038 illa
1561 4999 1679 5054 quae
1723 5001 1752 5038 a
1799 4995 1851 5039 te
1878 4999 2078 5054 cogno—

509 5078 750 5131 minatur
778 5075 1177 5145 gubernatione
1211 5093 1229 5128 ':
1265 5075 1506 5128 cxbilara
1540 5078 1738 5130 virtute
1763 5085 1853 5129 tua
1895 5076 2077 5130 ﬁdeles

511 5169 868 5236 imperatores
906 5177 1118 5220 nosnos
1146 5184 1161 5221 :
1189 5166 1320 5236 ipsis
1349 5165 1606 5219 victorias
1633 5170 1889 5230 coiicede,
1921 5178 1973 5222 et
1999 5168 2079 5220 fer

509 5271 696 5314 contra
730 5263 914 5316 hostes
939 5260 1572 5327 auxilium,armaturam
1604 5261 1776 5331 pacis,
1811 5275 2070 5332 tropaeum

514 5352 958 5421 inexpugnabﬂe.

581 5443 710 5496 9.65.
741 5444 900 5496 Feria
935 5459 988 5506 ν,
1021 5441 1121 5497 SS.
1152 5445 1536 5512 apostolorum.
1566 5441 1748 5498 Tonns
1774 5447 1829 5498 ‘2.

585 5535 819 5590 Securos
877 5544 934 5588 et
1000 5533 1180 5587 divina
1243 5534 1451 5589 locutos
1506 5546 1811 5603 prtecones,
1845 5537 2080 5604 discipu-

514 5625 689 5679 lorum
729 5637 944 5679 tuormn
980 5626 1249 5692 columen,
1292 5627 1536 5689 Domine,
1571 5628 1836 5680 admisisii
1868 5629 1933 5680 ad
1959 5643 2077 5695 per-

517 5718 799 5771 l'ruendum
830 5718 985 5772 bonis
1016 5720 1142 5783 tuis,
1175 5728 1230 5772 et
1257 5721 1323 5773 ad
1355 5720 1834 5788 requiescendum;
1863 5720 2074 5774 illorum

516 5810 664 5865 enim
700 5809 912 5865 labores
934 5825 998 5865 ac
1049 5820 1274 5867 mortem
1306 5814 1496 5880 quovis
1528 5812 1844 5868 ltoloeausto
1890 5814 2075 5868 luben-

2183 4543 2354 4597 μενοι,
2404 4527 2502 4589 τὰς
2563 4527 2732 4588 ἰάσεις
2781 4527 3011 4579 πάντοτε
3065 4524 3427 4595 λαμόάνομεψ
3491 4521 3585 4575 καὶ
3636 4523 3751 4592 γὰρ

2181 4622 2361 4684 πάλιν,
2389 4622 2465 4684 ὡς
2509 4620 2790 4690 πρότερον,
2830 4621 2887 4671 ὲν
2925 4619 3113 4689 κόσμῳ
3145 4618 3431 4689 κηρύττεις
3462 4617 3559 4688 τὴν
3591 4617 3753 4686 μετά-

2183 4729 2350 4766 νοιαν.

2252 4803 2330 4872 Τῇ
2353 4801 2566 4874 τετράδι
2596 4802 2687 4854 καὶ
2711 4803 2774 4871 τῇ
2809 4801 3127 4871 παρασκευῇ
3143 4796 3319 4850 τοῦτο.
3343 4793 3516 4867 Ἶῐχος
3536 4795 3598 4851 δ’.

2262 4897 2319 4948 ’0
2348 4896 2582 4964 ὑψωθεὶς
2637 4896 2695 4946 ὲν
2756 4893 2833 4963 τῷ
2849 4891 3061 4963 σταυρῷ
3083 4890 3362 4953 ἑκουσίως,
3380 4891 3446 4960 τῇ
3473 4887 3752 4958 ἐπωνύμῳ

2183 5007 2274 5042 σου
2305 4991 2461 5058 καινῇ
2511 4988 2755 5058 πολιτείᾳ
2803 4989 2930 5050 τοὺς
2977 4984 3290 5056 οἱχτιρμούς
3347 5000 3438 5036 σου
3481 4981 3743 5052 δὼρησαι,

2180 5081 2379 5152 Χριστὲ
2407 5083 2434 5134 ὁ
2465 5081 2616 5144 Θεόςο
2652 5079 2920 5151 εὔφρανον
2947 5081 3004 5132 ἐν
3027 5081 3092 5147 τῇ
3118 5076 3340 5145 δυνάμει
3377 5093 3468 5128 σου
3499 5078 3625 5139 τοὺς
3659 5094 3745 5128 πι-

2181 5176 2339 5237 στοὺς
2392 5173 2628 5244 βασιλεῖς
2671 5172 2851 5244 ἡμῶν·
2887 5173 3040 5235 νίκας
3081 5171 3327 5242 χορηγῶν
3369 5172 3570 5232 αὐτοῖς,
3605 5169 3748 5220 κατὰ

2182 5266 2289 5320 τῶν
2321 5267 2594 5337 πολεμίων
2628 5266 2943 5337 συμμαχίαν
2958 5265 3130 5334 ἔχοιεν
3156 5262 3253 5334 τὴν
3278 5264 3393 5334 σὴν,
3418 5262 3579 5316 ὅπλον
3599 5263 3748 5332 εἰρή-

2183 5376 2298 5429 νης,
2331 5359 2594 5428 ἀήττητον
2615 5358 2889 5428 τρόπαιον.

2251 5453 2327 5521 Τῇ
2362 5453 2582 5521 πέμπτῃ
2611 5451 2718 5503 τῶν
2751 5451 2917 5517 ἁγίων
2946 5449 3278 5502 ἀποστόλων.
3316 5443 3488 5517 Ἧχος
3507 5445 3572 5514 β’.

2256 5543 2391 5598 Τοὺς
2438 5542 2698 5610 ἀσφαλεῖς
2741 5541 2833 5593 καὶ
2894 5539 3258 5606 θεοφθόγγους
3323 5540 3590 5609 κήρυκας,
3647 5534 3746 5603 τὴν

2188 5631 2422 5701 κορυςοὴν
2452 5633 2558 5684 τῶν
2591 5631 2846 5702 μαθητῶν
2885 5648 3001 5697 σου,
3055 5631 3244 5702 Κύριε,
3287 5626 3616 5700 προσελάϐου
3667 5629 3746 5688 εἰς

2185 5722 2477 5775 ἀπόλαυσιν
2510 5723 2614 5776 τῶν
2645 5721 2862 5791 ἀγαθῶν
2895 5738 2986 5774 σου
3021 5722 3112 5775 καὶ
3141 5723 3456 5776 ἀνάπαυσιψ
3494 5718 3620 5780 τοὺς
3650 5716 3745 5768 πί-

2184 5829 2302 5874 ντιυς
2347 5812 2452 5881 γὰρ
2481 5813 2702 5866 ἐκείνων
2734 5813 2825 5867 καὶ
2860 5812 2948 5866 τὸν
2980 5812 3202 5866 θάνατον
3251 5809 3413 5876 ἐδέξω
3462 5807 3601 5879 ὑπὲρ
3633 5808 3731 5861 πᾶ·-
