4058 6488
1357 430 1707 487 Λαοιυτίη
1719 435 1757 487 Α
1797 431 2137 487 TRIPLICIS
2177 427 2394 483 FESTI.

3212 446 3536 487 ςεειιητιι

266 546 369 606 καὶ
408 547 724 619 φιλάγαθος
780 545 839 597 ὲν
872 545 967 614 μὲν
1006 544 1084 615 τῷ
1114 543 1341 616 παρόντι
1378 544 1479 615 βίῳ
1503 545 1679 618 θερμὴ
1721 561 1857 618 προ-

1959 544 2132 607 bona;
2168 553 2224 597 et
2259 543 2312 596 in
2336 544 2438 598 hac
2465 540 2683 613 quidem
2711 542 2819 595 vita
2857 544 3071 599 fervens
3094 551 3350 614 patrona,
3373 555 3541 617 atque

270 642 461 706 στάτις
484 641 576 694 καὶ
602 637 816 708 βοηθὸς,
845 637 942 701 τάς
963 636 1072 691 τῶν
1093 637 1350 691 ἐναντίων
1379 636 1603 706 ἐφόδους
1634 642 1855 695 ἀποτει-

268 735 517 806 χίζουσα,
550 732 644 784 καὶ
674 730 810 800 πρὸς
836 720 1110 802 σωτηρίαν
1151 729 1528 802 καθοδηγοῦσά
1559 747 1647 799 με,
1679 735 1770 784 καὶ
1799 733 1856 783 ἐν

268 825 349 893 τῷ
383 822 561 893 καιρῷ
586 822 685 892 τῆς
719 821 897 886 ἐξόδου
934 840 1034 893 μου
1064 822 1163 893 τὴν
1192 822 1384 875 ἀθλίαν
1423 839 1524 891 μου
1544 820 1720 891 ψυχὴν
1762 840 1858 876 πε·-

274 913 566 982 ριέπουσα,
600 911 691 964 καὶ
724 910 823 974 τὰς
856 911 1135 973 σκοτεινὰς
1164 910 1314 978 ὄψεις
1340 911 1447 962 τῶν
1482 911 1729 982 πονηρῶν
1752 913 1856 966 δαι-

274 1003 462 1072 μόνων
504 998 693 1073 πόρρω
744 1003 913 1073 αὐτῆς
943 999 1343 1054 ἀπελαύνουσα·
1379 1002 1436 1054 ὲν
1462 1001 1518 1054 δὲ
1551 1005 1614 1073 τῇ
1653 1004 1858 1077 φοϐερᾷ

272 1094 460 1166 ἡμέρᾳ
491 1095 588 1166 τῆς
646 1096 883 1167 κρίσεως
933 1094 1031 1163 τῆς
1076 1093 1292 1146 αἰωνίου
1325 1111 1391 1161 με
1435 1095 1667 1167 ῥυομένη
1698 1098 1858 1152 κολά..

274 1201 437 1249 σεως,
457 1187 551 1239 καὶ
572 1186 669 1255 τῆς
706 1183 1020 1254 ἀπορρήτου
1046 1182 1205 1253 δόξης
1234 1183 1328 1236 τοῦ
1348 1184 1440 1238 σοῦ
1461 1185 1590 1238 Υίοῦ
1622 1185 1716 1239 καὶ
1728 1172 1859 1242 Θεοῦ

274 1276 308 1344 ἡ
318 1276 435 1345 μῶν
466 1276 802 1346 κληρονόμον
826 1290 891 1343 με
922 1273 1372 1330 άποδεικνύουσα·
1401 1271 1470 1349 ἦς
1497 1278 1590 1330 καὶ
1620 1276 1859 1349 τύχοιμι,

273 1368 543 1421 Δέσποινά
603 1384 702 1437 μου
742 1366 1015 1438 ὑπεραγία
1043 1366 1290 1433 Θεοτόκε,
1321 1369 1408 1423 διὰ
1445 1371 1542 1439 τῆς
1572 1368 1673 1439 σῆς
1710 1387 1861 1439 μεσι-

274 1462 429 1522 τείας
472 1460 564 1513 καὶ
600 1458 957 1529 ἀντιλήψεως,
994 1461 1175 1531 χάριτι
1218 1464 1312 1514 καὶ
1347 1460 1727 1532 φιλανθρωπίᾳ
1766 1462 1859 1515 τοῦ

281 1548 607 1619 μονογενοῦς
636 1565 728 1601 σου
757 1548 909 1613 Υίοῦ,
941 1551 1035 1603 τοῦ
1076 1551 1281 1620 Κυρίου
1318 1554 1413 1604 καὶ
1442 1553 1598 1615 Θεοῦ,
1634 1552 1727 1604 καὶ
1752 1553 1863 1605 Σω-

276 1639 445 1710 τῆρος
503 1639 657 1710 ἡμῶν
700 1640 882 1711 Ἰησοῦ
923 1641 1183 1711 Χριστοῦο
1298 1644 1498 1719 πρέπει
1534 1644 1682 1696 πᾶσα
1714 1642 1859 1706 δόξα,

278 1730 413 1802 τιμὴ
444 1733 537 1784 καὶ
569 1730 961 1804 προσκύνησις,
993 1730 1090 1782 σὺν
1126 1729 1205 1801 τῷ
1238 1734 1461 1805 ἀνάρχῳ
1486 1734 1649 1788 αὐτοῦ
1686 1736 1864 1807 Πατρὶ

280 1823 377 1876 καὶ
394 1822 471 1893 τῷ
497 1823 745 1891 παναγίῳ
770 1822 865 1875 καὶ
889 1821 1079 1893 ἀγαθῷ
1104 1823 1194 1875 καὶ
1220 1823 1466 1896 ζωοποιῷ
1498 1826 1663 1879 αὑτοῦ
1693 1828 1862 1881 Πνεῦ-

282 1931 436 1982 ματι,
467 1913 562 1965 νῦν
590 1914 685 1966 καὶ
713 1910 822 1976 ἀεὶ,
850 1911 944 1965 καὶ
972 1913 1051 1975 είς
1079 1913 1205 1976 τοὺς
1248 1914 1450 1976 αίῶνας
1480 1916 1586 1969 τῶν
1626 1916 1857 1973 αίώνων.
1891 1918 1935 1972 Β

294 2002 491 2071 ’Δμήν.

351 2135 463 2189 Καὶ
515 2134 604 2198 δὸς
650 2135 800 2204 ημῖν,
848 2133 1114 2199 Δέσποτα,
1181 2133 1318 2205 πρὸς
1375 2132 1540 2186 ὕπνον
1614 2133 1864 2187 ἀπιοῦσιν

280 2228 587 2281 ἀνάπαυσιν
614 2224 862 2295 σώματος
886 2227 980 2281 καὶ
1009 2226 1208 2298 ψυχῆς
1240 2226 1335 2280 καὶ
1361 2224 1686 2296 διαφύλαξον
1715 2228 1864 2298 ἡμᾶς

279 2320 392 2375 ἀπὸ
434 2318 529 2372 τοῦ
560 2317 791 2387 ζοφεροῦ
827 2318 997 2372 ὖπνου
1028 2321 1127 2391 τῆς
1166 2319 1461 2391 ἁμαρτίας,
1486 2319 1581 2372 καὶ
1611 2320 1719 2373 ἀπὸ
1753 2320 1861 2373 πά-

282 2428 385 2484 σης
436 2412 717 2476 σκπεινῆς
760 2412 853 2462 κει)⁸
899 2411 1222 2482 νυκτερινῆς
1266 2411 1613 2480 ἡδυπαθείας.
1645 2410 1863 2465 Παῦσον

281 2504 385 2566 τὰς
416 2504 590 2575 ὁρμάς
620 2502 730 2555 τῶν
765 2501 974 2557 παθῶν·
1013 2502 1204 2554 σϐέσον
1232 2500 1299 2554 τά
1324 2502 1696 2572 πεπυρωμένα
1735 2501 1864 2573 βέλη

281 2592 379 2645 τοῦ
428 2595 687 2666 πονηροῦ,
721 2588 789 2649 τά
833 2593 957 2648 καθ’
988 2591 1144 2665 ἡμῶν
1189 2591 1381 2655 δολίως
1418 2592 1735 2663 κινούμεναο
1765 2592 1865 2657 τὰς

281 2682 386 2750 τῆς
412 2686 611 2754 σαρκὸς
629 2686 787 2756 ήμῶν
812 2688 1208 2750 ἐπαναστάσεις
1232 2683 1601 2750 κατάστειλον,
1632 2684 1728 2736 καὶ
1757 2686 1866 2737 πᾶν

282 2778 485 2848 γεῶδες
516 2780 610 2833 καὶ
646 2781 826 2833 ὑλικὸν
860 2781 1013 2851 ἡμῶν
1047 2782 1302 2851 φρόνημα
1333 2779 1614 2851 κοίμησον·
1639 2780 1734 2834 καὶ
1764 2779 1867 2834 δώ-

287 2886 453 2941 ρησαι
478 2871 630 2941 ἡμῖν,
676 2872 705 2922 ὁ
746 2870 899 2934 Θεὸς,
947 2872 1219 2943 γρήγορον
1248 2870 1394 2933 νοῦν,
1429 2866 1678 2942 σώφρονα
1715 2872 1863 2941 λογι-

286 2963 445 3033 σμὸν,
472 2963 699 3035 καρδίαν
722 2964 1021 3033 νήφουσαν,
1058 2962 1240 3016 ’ὕπνον
1275 2961 1532 3031 ἐλαφρὸν,
1561 2962 1653 3015 καὶ
1685 2963 1865 3035 πάσης

285 3056 586 3126 σατανικῆς
616 3056 914 3125 φαντασίας
940 3054 1382 3126 ἀπηλλαγμένον.
1409 3054 1776 3125 Διανάστησον
1806 3055 1865 3108 δὲ

283 3147 434 3215 ἡμᾶς
468 3148 525 3199 έν
542 3145 620 3216 τῷ
660 3144 836 3218 καιρῷ
862 3144 964 3215 τῆς
984 3145 1311 3215 προσευχῆς,
1347 3142 1770 3213 ἐστηριγμένους
1806 3144 1865 3197 ἐν

1962 634 2312 696 auxiliatrix,
2368 649 2631 689 coercens
2684 634 3086 690 adversantium
3143 638 3427 706 impetus,
3482 648 3539 693 et

1961 727 2103 780 viam
2129 727 2195 780 ad
2219 727 2450 781 salutem
2485 737 2957 791 commonstrans;
3006 728 3198 785 deinde
3221 731 3403 785 exitus
3431 732 3539 786 mei

1967 827 2207 886 tempore
2236 828 2455 888 protege
2501 820 2755 873 miseram
2790 832 2963 872 meam
2993 816 3256 884 anima’m,
3282 822 3537 877 tenebro-

1965 925 2160 979 sasqne
2185 911 2449 963 malorum
2476 909 2778 963 dmmonum
2818 910 3022 965 formas
3075 911 3261 976 procul
3298 913 3537 978 repelle;

1965 1003 2019 1057 in
2057 1003 2336 1056 tremendo
2367 1011 2547 1055 autem
2578 1002 2665 1053 die
2704 1002 2893 1069 iudicii
2952 1018 2981 1056 a
3015 1015 3171 1069 pmna
3206 1004 3541 1069 sempiterna

1963 1107 2093 1146 erue
2125 1108 2232 1155 me,
2262 1102 2316 1145 ct
2354 1091 2439 1145 fac
2468 1090 2737 1145 heredem
2791 1092 2910 1145 Filii
2970 1092 3045 1145 tui
3105 1100 3160 1144 et
3220 1092 3315 1145 Dei
3365 1093 3539 1147 nostri

1964 1185 2254 1241 ineﬂabilis
2283 1184 2503 1253 glorize;
2537 1200 2699 1253 quam
2734 1186 2949 1238 tandem
2973 1184 3270 1253 adipiscar,
3309 1184 3539 1240 Domina

1964 1294 2085 1335 mea
2113 1278 2461 1333 sanctissima
2494 1278 2755 1346 Deipara;
2779 1287 2868 1330 tua
2901 1278 3294 1332 intercessione
3324 1292 3389 1331 ac
3443 1287 3532 1330 tu-

1964 1373 2097 1436 tela,
2153 1371 2435 1440 gratiaque
2484 1380 2538 1424 et
2570 1371 2905 1439 benignitate
2952 1372 3214 1439 unigeniti
3249 1371 3325 1424 tui
3375 1369 3539 1436 Filii,

1966 1464 2206 1526 Domini.
2242 1462 2335 1519 Dei
2367 1473 2422 1517 et
2464 1461 2776 1517 Servatoris
2807 1463 2979 1517 nostri
3011 1460 3136 1515 Jesu
3165 1463 3400 1525 Christi;
3447 1464 3537 1518 cui

1965 1560 2223 1610 convenit
2261 1556 2441 1611 omnis
2469 1554 2665 1625 gloria,
2701 1555 2877 1608 honor
2913 1564 2968 1608 et
2992 1554 3259 1615 adoratio.
3286 1572 3408 1609 cum
3440 1570 3542 1610 suo

1966 1625 2206 1714 ingenito
2238 1647 2423 1712 Patre,
2455 1655 2511 1700 et
2543 1644 2911 1710 sanctissimo,
2933 1646 3206 1712 bonoque,
3239 1659 3303 1698 ac
3326 1646 3540 1701 vivillco

1965 1755 2063 1794 suo
2089 1739 2316 1807 Spiritu,
2348 1754 2491 1795 nunc
2535 1747 2593 1793 et
2615 1751 2855 1807 semper,
2884 1746 2939 1791 et
2972 1737 3024 1790 in
3083 1734 3279 1791 smeula
3308 1738 3537 1792 smculo-

1966 1847 2105 1887 rum.
2132 1831 2324 1885 Amen.

2032 2133 2159 2187 273.
2213 2135 2285 2189 Da
2317 2135 2494 2202 nobis,
2528 2135 2777 2201 Domine,
2835 2135 3073 2191 cuoitum
3114 2140 3540 2198 concedentibus

1962 2224 2202 2296 quietem
2239 2230 2501 2297 corporis,
2537 2241 2594 2286 et
2623 2233 2839 2293 animae.
2875 2239 2929 2286 et
2955 2247 2983 2285 a
3007 2229 3304 2302 caliginoso
3331 2236 3539 2302 peccati

1965 2328 2156 2368 somno
2189 2328 2289 2369 nos
2348 2314 2540 2380 libera,
2571 2321 2827 2389 omnique
2864 2322 3146 2375 tenebrosa
3182 2338 3246 2379 ac
3273 2334 3537 2381 nocturna

1962 2408 2212 2463 mollitie.
2257 2408 2514 2479 Reprime
2564 2412 2862 2467 motionum
2914 2414 3194 2484 impetus;
3245 2420 3538 2491 exstingue

1963 2499 2129 2568 ignita
2160 2502 2379 2573 maligni
2405 2502 2588 2573 jacula
2630 2504 2920 2559 adversum
2948 2521 3050 2561 nos
3083 2507 3270 2563 dolose
3296 2512 3536 2580 emissa;

1963 2591 2147 2646 carnis
2187 2605 2387 2647 nostra}
2439 2594 2793 2651 rebellionem
2847 2611 3139 2663 compone,
3200 2608 3257 2653 et
3316 2614 3538 2657 onmem

1966 2690 2238 2739 terrenam
2266 2724 2282 2747 ,
2313 2693 2474 2755 atque
2498 2688 2833 2743 materialem
2869 2690 2920 2743 in
2948 2689 3108 2744 nobis
3147 2691 3539 2763 cogitationem

1964 2774 2082 2843 sopi
2109 2791 2123 2839 ;
2159 2774 2361 2847 largire
2398 2789 2578 2833 autem
2606 2780 2761 2833 nobis
2782 2820 2798 2844 ,
2830 2781 2990 2838 Deus.
3016 2791 3253 2837 mentem
3305 2784 3538 2853 vigilan—

1966 2878 2095 2931 tem.
2127 2871 2447 2940 prudentem
2481 2870 2841 2938 intellectum,
2878 2887 2974 2927 cor
2998 2886 3208 2927 castum
3229 2915 3245 2939 ,
3281 2891 3538 2932 somnum

1963 2960 2164 3026 levem,
2187 2970 2242 3015 et
2275 2961 2343 3015 ab
2371 2962 2518 3017 omni
2556 2961 2813 3018 Satanica
2855 2962 3243 3034 imaginatione
3282 2965 3535 3025 libertus.

1965 3050 2231 3119 Tempore
2255 3053 2521 3107 orationis
2549 3054 2617 3108 de
2643 3070 2837 3111 somno
2864 3056 3041 3110 excita
3077 3072 3197 3120 nos,
3231 3058 3285 3110 in
3311 3062 3538 3114 manda-

1966 3141 2036 3196 tis
2067 3143 2172 3195 tuis
2201 3142 2446 3196 ﬁrmatos
2472 3159 2489 3209 ;
2521 3153 2576 3198 et
2603 3143 2711 3207 fac,
2752 3152 2812 3198 ut
2850 3148 3169 3201 memoriam
3202 3158 3417 3202 tuorum
3431 3148 3539 3217 .ju-

281 3238 655 3302 ταῖςέντολαῖς
686 3254 801 3302 σου,
832 3238 924 3291 καὶ
937 3236 1036 3309 τὴν
1051 3236 1271 3307 μνήμην
1284 3233 1393 3287 τῶν
1420 3233 1529 3286 σῶν
1558 3234 1860 3306 κριμάτων,

1965 3233 2229 3289 diciorum
2274 3233 2611 3290 indeiebilent
2647 3251 2947 3292 servemus.
2982 3236 3057 3292 Da
3093 3239 3249 3295 nobis
3288 3256 3532 3311 quoque.

284 3329 347 3378 tv
380 3329 590 3392 ἑαυτοῖς
623 3328 1078 3400 ἀπαράθραυστον
1129 3327 1368 3397 ἔχοντας.
1412 3326 1713 3396 Παννύχιον
1733 3328 1861 3398 ἡμῖν

282 3416 385 3487 τὴν
414 3418 722 3486 δοξολογίαν
768 3420 1011 3490 χάρισαι,
1048 3422 1128 3483 είς
1156 3419 1218 3473 τὸ
1260 3420 1449 3490 ὑμνεῖν
1487 3420 1581 3471 καὶ
1619 3418 1862 3487 εὐλογεῖν

283 3510 378 3563 καὶ
402 3510 644 3575 δοξάζειν
676 3511 736 3563 τὸ
769 3512 1034 3580 πάντιμον
1092 3512 1184 3564 καὶ
1236 3510 1653 3581 μεγαλοπρεπὲς
1692 3509 1864 3580 ὄνομά

283 3618 405 3662 σου,
428 3601 521 3654 τοῦ
556 3602 787 3671 Πατρὸς,
814 3604 907 3656 καὶ
926 3601 1019 3655 τοῦ
1066 3602 1216 3665 Υίοῦ,
1246 3602 1340 3654 καὶ
1377 3600 1472 3653 τοῦ
1505 3602 1664 3670 ἀγίου
1692 3600 1863 3654 Πνεῦ-

284 3708 477 3763 ματος,
495 3689 590 3745 νῦν
617 3693 711 3745 καὶ
738 3692 846 3755 ἀεὶ,
878 3693 971 3747 καὶ
997 3694 1076 3755 είς
1104 3694 1229 3757 τοὺς
1260 3691 1463 3757 αἰῶνας
1486 3694 1595 3747 τῶν
1624 3689 1854 3767 αἰώνων.

295 3782 488 3852 Ἀμήν.

353 3896 465 3949 Καὶ
529 3896 736 3964 γίνεται
787 3894 1070 3961 ἀπόλυσις,
1112 3895 1207 3949 καὶ
1242 3896 1275 3967 ἠ
1319 3911 1667 3969 συγχωρησις
1705 3894 1857 3968 παρά

279 3984 378 4039 τοῦ
413 3986 602 4057 ἱερέως

1964 3335 2022 3380 ut
2067 3341 2165 3397 per
2196 3333 2407 3381 noctem
2455 3336 2619 3381 totam
2664 3328 2999 3385 celebremus
3045 3342 3101 3386 et
3153 3331 3538 3389 benedieamus

1961 3431 2124 3488 atque
2147 3420 2513 3491 gloriﬂcemus
2553 3429 2840 3490 augustum
2867 3430 2924 3475 et
2953 3421 3300 3492 magnificum
3334 3440 3534 3481 nomen

1962 3523 2134 3574 tuum,
2189 3511 2369 3566 Patris
2401 3520 2457 3565 et
2492 3511 2617 3565 Filii
2664 3520 2719 3566 et
2762 3513 2935 3569 sancti
2967 3515 3242 3583 Spiritus,
3277 3532 3420 3573 nunc
3476 3528 3535 3574 et

1959 3616 2193 3673 semper,
2220 3612 2275 3656 et
2308 3602 2360 3657 in
2383 3601 2581 3657 secula
2607 3603 2948 3659 saeculorum.
2980 3604 3178 3659 Amen.

2034 3891 2103 3945 Et
2143 3890 2204 3944 fit
2239 3888 2503 3956 dimissio,
2562 3898 2620 3945 et
2664 3889 2988 3947 delictorum
3025 3894 3237 3948 veniam
3261 3896 3399 3964 petit
3444 3911 3532 3951 sa-

1963 3984 2177 4040 cerdos.

351 4160 479 4236 ττι.
510 4159 685 4217 Con.
717 4160 813 4236 Hic
841 4174 1023 4236 monet
1050 4164 1422 4234 Horologium,
1451 4165 1603 4236 illum
1630 4165 1804 4220 venize
1827 4166 2069 4233 petendae
2124 4164 2286 4218 ritum
2316 4160 2663 4234 quarendum
2710 4175 2832 4217 esse
2853 4176 2922 4217 ex
2964 4161 3245 4234 Apodlpno
3300 4164 3526 4236 majore,

282 4232 427 4285 unde
454 4247 560 4286 non
586 4233 850 4302 gravabor
888 4234 1041 4289 illum
1074 4232 1406 4291 describere.
1444 4235 1535 4291 Sic
1565 4250 1695 4307 ergo
1717 4232 1881 4290 habet
1907 4251 1924 4289 :

353 4394 590 4464 Ποιήσας
633 4397 666 4448 ο
710 4396 990 4469 προεστὼς
1046 4399 1334 4470 μετάνοιαν
1378 4402 1471 4456 ἰπὶ
1528 4402 1653 4473 γῆς,
1707 4402 1854 4472 λέγει

2031 4400 2363 4470 Praepositus
2392 4400 2658 4455 inclinans
2698 4414 2758 4454 se
2820 4401 2887 4454 ad
2945 4411 3146 4457 terram
3189 4418 3361 4473 usque
3390 4404 3525 4460 dicit

274 4486 397 4548 τοῖς
421 4486 689 4555 ἀδελφοῖς·
728 4488 1039 4558 Εὑλογεῖτε,
1083 4493 1322 4563 πατέρες
1362 4494 1530 4562 ἀγιοι,
1572 4497 1857 4567 συγχωρή-

280 4576 416 4630 σατέ
448 4594 536 4647 μοι
578 4576 657 4647 τῷ
686 4580 1013 4652 ἁμαρτωλῷ.
1066 4585 1177 4638 Καὶ
1207 4587 1257 4639 oi
1313 4585 1549 4653 ἀδελφοί·
1618 4586 1678 4641 Ὀ
1724 4587 1856 4653 Θεὸς

280 4676 624 4741 συγχωρήσει
672 4687 777 4737 σοι,
824 4674 1006 4745 Πάτερ
1037 4674 1178 4745 άγιε.
1212 4677 1323 4731 Καὶ
1347 4678 1601 4748 ἄρχονται
1623 4678 1674 4730 oi
1699 4679 1855 4732 ἀδελ-

276 4766 374 4835 φοὶ
389 4764 496 4818 ἀπὸ
521 4763 614 4817 τοῦ
647 4763 821 4828 δεξιοῦ
851 4767 945 4819 καὶ
984 4768 1271 4839 ἀριστεροῦ
1308 4767 1472 4841 χοροῦ
1510 4769 1652 4823 κατά
1701 4770 1853 4835 τάξιν

274 4849 363 4916 εἷς
404 4854 497 4907 καὶ
535 4848 615 4917 εἷς
641 4856 814 4907 ποιεῖν
845 4854 1069 4926 ὁμοίως,
1096 4857 1188 4910 καὶ
1221 4858 1493 4913 αἰτεῖσθαι
1516 4861 1610 4913 καὶ
1638 4860 1852 4930 λαμσά-

273 4962 392 4998 νειν
420 4946 784 5019 συγχώρησιν,
844 4948 1038 5019 μέχρις
1074 4948 1141 5002 ἂν
1199 4948 1561 5021 πληρωθῶσιν
1593 4949 1850 5012 ἅπαντες.

285 5035 430 5089 Ὀδὲ
475 5037 650 5108 ἱερεὺς
690 5039 855 5107 λέγει·
885 5040 1185 5111 Εὺξώμεθα
1230 5043 1370 5116 ὑπὲρ
1402 5042 1512 5097 τῶν
1554 5043 1853 5115 ὀρθοδόξων

270 5128 637 5197 Χριστιανῶν.
689 5131 798 5183 Καὶ
828 5132 1045 5201 ἀδελφοὶ
1087 5135 1326 5203 συνεχῶς
1363 5135 1446 5199 τὸ,
1476 5135 1669 5207 Κύριε,
1700 5135 1851 5207 ἐλέη-

273 5236 390 5275 σον.
409 5219 578 5292 ’Υπὲρ
592 5221 894 5287 εὐοδὼσεως
918 5226 1011 5278 καὶ
1026 5226 1351 5296 ένισχύσεως
1389 5225 1484 5280 τοῦ
1504 5226 1847 5298 φιλοχρίστου

272 5308 509 5379 στρατοῦ
519 5350 533 5363 .
549 5309 716 5381 ’Υπὲρ
728 5312 819 5364 τοῦ
831 5314 1262 5383 ἀρχιεπισκόπου
1277 5318 1308 5385 ἡ
1316 5317 1551 5387 μῶν,καὶ
1562 5317 1741 5387 πάσης
1752 5318 1849 5387 τῆς

271 5401 335 5451 ὲν
364 5399 581 5469 Χριστῷ
599 5402 756 5471 ἡμῶν
775 5403 1151 5474 ἀδελφὸτητος.
1181 5408 1352 5479 ’Υπὲρ
1372 5407 1482 5461 τῶν
1500 5406 1849 5476 ἀπολειφθέν-

272 5507 384 5543 των
429 5493 679 5562 πατέρων
712 5494 803 5547 καὶ
835 5495 1079 5565 ἀδελφῶν
1110 5498 1289 5569 ἡμῶν.
1332 5500 1504 5570 ’Υπὲρ
1535 5499 1643 5553 τῶν
1666 5498 1849 5552 διακο-

270 5578 507 5633 νούντων
534 5583 626 5634 καὶ
640 5581 1070 5654 διακονησάντων
1102 5589 1251 5657 ἡμῖν.
1286 5588 1458 5660 ’Υπὲρ
1487 5588 1595 5641 τῶν
1633 5588 1848 5660 μισούν-

270 5687 383 5724 των
406 5674 499 5724 καὶ
522 5673 857 5741 ἀγαπώντων
901 5677 1067 5747 ἡμᾶς.
1114 5679 1281 5751 ’Υπὲρ
1314 5681 1419 5734 τῶν
1452 5679 1845 5751 ὲντειλαμένων

277 5764 407 5832 ημῖν
450 5768 563 5826 τοῖς
613 5764 851 5829 ἀναξίοις
907 5766 1163 5839 εὔχεσθαι
1212 5772 1351 5842 ὑπὲρ
1394 5772 1595 5824 αὐτῶν.
1671 5772 1843 5842 Ὑπὲρ

269 5855 623 5926 ἀναρῤύσεως
669 5859 775 5916 τῶν
806 5861 1183 5932 αἰχμαλώτων.
1229 5863 1396 5933 ’Υπὲρ
1417 5864 1523 5916 τῶν
1555 5866 1612 5918 ὲν
1650 5862 1847 5919 θαλάσ-

1960 4495 2219 4549 fratribus
2249 4510 2265 4548 :
2299 4492 2628 4557 Benedicite,
2653 4491 2843 4548 Patres
2872 4495 3069 4558 sancti,
3094 4495 3359 4566 ignoscite
3389 4496 3524 4553 mihi

1957 4584 2242 4653 peccatori.
2298 4581 2365 4636 Et
2420 4582 2660 4637 fratres:
2699 4583 2839 4637 Deus
2887 4583 3131 4653 ignoscet
3191 4586 3333 4651 tibi,
3360 4584 3527 4642 Pater

1956 4683 2161 4728 sancte.
2193 4673 2260 4728 Et
2290 4672 2557 4741 incipiunt
2614 4670 2814 4727 fratres
2851 4689 2880 4725 a
2918 4674 3143 4730 dextero
3196 4685 3254 4731 et
3298 4678 3525 4734 sinistro

1953 4764 2124 4819 choro
2149 4763 2445 4817 secundum
2462 4762 2711 4818 ordinem
2735 4761 2931 4831 singuli
2962 4763 3141 4818 facere
3162 4766 3523 4822 consimiliter

1953 4862 2008 4907 et
2030 4853 2166 4906 alter
2198 4852 2266 4907 ab
2294 4854 2467 4907 altero
2490 4862 2695 4921 petere.
2726 4861 2782 4906 et
2812 4854 3063 4920 accipere
3096 4856 3329 4922 veniam,
3350 4858 3521 4915 donec

1951 4957 2141 4998 omnes
2188 4943 2541 4997 absolverint.
2579 4942 2715 4998 Tum
2746 4948 3005 5001 eaeerdos
3066 4947 3238 5003 dicit:
3280 4947 3517 5006 Oremus

1953 5046 2053 5101 pro
2080 5030 2403 5086 Christianis
2436 5042 2583 5088 recte
2625 5033 3005 5089 sentientibus.
3040 5034 3107 5089 Et
3148 5035 3347 5094 fratres
3377 5041 3521 5095 assi-

1952 5122 2076 5185 due,
2113 5123 2356 5187 Domine,
2383 5122 2659 5178 miserere.
2685 5122 2791 5177 Pro
2824 5124 2964 5181 felici
2999 5127 3214 5190 itinere.
3238 5139 3293 5183 et
3321 5131 3520 5186 robore

1950 5212 2244 5267 Christiani
2276 5213 2569 5269 exercitus.
2598 5214 2702 5269 Pro
2731 5216 3145 5286 archiepiscopo
3191 5228 3376 5275 nostro
3400 5262 3417 5289 ,
3460 5234 3518 5279 et

1952 5311 2062 5357 tota
2096 5315 2278 5358 nostra
2311 5305 2363 5358 in
2390 5303 2608 5360 Christo
2642 5306 3008 5364 fraternitate.
3026 5309 3133 5364 Pro
3163 5313 3427 5380 patribus,
3456 5325 3516 5369 et

1948 5396 2209 5449 fratribus
2240 5397 2441 5451 nostris
2470 5397 2762 5453 derelictis.
2796 5399 2901 5452 Pro
2926 5401 3198 5467 omnibus,
3227 5406 3318 5474 qui
3360 5408 3516 5463 nobis

1947 5488 2209 5552 serviunt,
2246 5496 2303 5542 et
2348 5494 2674 5546 servierunt.
2704 5490 2812 5545 Pro
2844 5492 3169 5550 habentibus
3220 5512 3317 5551 nos
3364 5498 3513 5565 odio,

1947 5592 2000 5639 et
2027 5582 2354 5636 amantibus.
2405 5581 2511 5636 Pro
2565 5584 2856 5649 omnibus,
2890 5587 2980 5654 qui
3027 5600 3056 5639 τι
3088 5588 3246 5643 nobis
3276 5589 3515 5660 indignis

1946 5679 2215 5747 petierunt
2270 5692 2366 5747 pro
2407 5692 2467 5733 se
2518 5679 2686 5733 orari.
2715 5679 2818 5733 Pro
2850 5681 3225 5750 redemptione
3269 5684 3516 5753 captivo-

1952 5784 2091 5825 rum.
2132 5767 2238 5822 Pro
2258 5769 2637 5839 navigantibus
2669 5770 2719 5823 in
2753 5769 2913 5823 mari.
2942 5769 3047 5823 Pro
3088 5768 3398 5838 iacentibus
3455 5774 3507 5829 in

1953 5862 2287 5919 infirmitate.
2318 5860 2424 5917 Pro
2448 5862 2695 5919 ubertate
2719 5862 2989 5917 fructuum
3034 5872 3213 5919 term.
3261 5864 3364 5919 Pro
3394 5880 3509 5920 συι-
