4058 6446
510 408 852 453 εεςιιικηιι

1914 369 2449 431 ΡιιοιΕοοΜΕΝΑ.

510 515 674 573 cibus
704 509 993 573 defunctis,
1021 505 1291 578 patribus,
1317 513 1370 558 et
1399 499 1687 565 fratribus,
1718 498 1807 553 ltic
1836 494 2090 565 sepultis,

2222 508 2267 563 πῃ
2292 488 2585 543 πλεόντων.
2604 485 2774 556 ’Υπὲρ
2794 483 2905 536 τῶν
2928 482 2987 535 ὲν
3010 482 3317 549 ἀσθενείαις
3345 479 3783 551 κατακειμένων.

512 617 568 663 et
604 622 704 678 pro
740 601 1073 660 Ortliodoxis
1098 641 1113 664 ,
1141 600 1235 669 qui
1262 605 1390 652 sunt
1428 594 1629 662 ubique
1667 602 1960 648 terrarum.
1995 587 2088 641 Di-

514 713 701 755 camus
722 705 780 752 et
807 709 904 765 pro
937 691 1064 757 illis,
1097 690 1343 755 Domine,
1369 686 1649 741 miserere.

584 968 717 1028 τιὸ.
746 966 817 1025 Et
838 980 1028 1022 omnes
1083 960 1383 1031 accipimus
1455 956 1671 1012 veniam
1698 970 1731 1007 Aa
1772 953 2091 1022 praeposito,

518 1076 576 1119 et
594 1062 924 1120 discedimus
944 1058 1011 1111 ad
1045 1069 1200 1110 suam
1238 1053 1467 1125 quisque
1490 1047 1763 1110 cellulam,
1796 1046 2090 1102 recitantes

522 1157 662 1211 hanc
683 1152 989 1207 cntionem
1017 1165 1032 1201 :

590 1241 925 1299 [labentibus
980 1253 1081 1295 nos
1147 1235 1312 1298 odio,
1355 1244 1409 1290 et
1453 1231 1776 1289 laedentibus
1837 1232 2095 1302 ignosce,

523 1336 767 1394 Domine.
802 1328 1275 1390 Bcnefacientibus
1302 1326 1556 1383 benefac.
1597 1324 1901 1383 Fratribus,
1936 1330 2098 1390 atque

522 1426 884 1484 familiaribus
913 1428 1148 1481 concede
1165 1420 1417 1476 facientia
1449 1418 1516 1473 ad
1543 1420 1770 1475 salutem
1802 1412 2097 1484 postulata,

523 1531 580 1577 et
605 1520 772 1575 vitam
793 1528 1073 1572 aeternam.
1099 1512 1350 1567 lnllrmos
1378 1512 1610 1579 respice,
1642 1516 1701 1559 et
1734 1504 1800 1557 iis
1827 1501 2096 1558 medelam

524 1612 743 1684 largire.
772 1609 1022 1664 Guberna
1056 1606 1108 1659 in
1163 1605 1299 1658 mari
1331 1604 1671 1673 navigantes.
1697 1594 1800 1653 lter
1832 1596 2101 1650 facientes

524 1709 805 1764 comitare.
830 1705 888 1759 ln
915 1702 1059 1759 bello
1083 1700 1278 1772 atljuva
1306 1702 1711 1777 imperatorem.
1746 1689 2103 1747 Mendicauti-

524 1800 627 1856 bus
653 1813 752 1868 pro
807 1796 961 1852 nobis
984 1839 1001 1863 ,
1028 1805 1085 1851 et
1114 1794 1285 1849 nostri
1318 1788 1704 1845 niisereutibus
1736 1787 1948 1841 veniam
1977 1797 2103 1852 pec-

2204 582 2379 654 Ὑπὲρ
2398 582 2657 654 εὐφορίας
2675 578 2786 633 τῶν
2818 574 3047 648 καρπῶν
3070 574 3169 645 τῆς
3189 578 3315 648 γῆς,
3344 574 3455 631 Καὶ
3477 570 3623 643 ὑπὲρ
3649 573 3791 623 πάν.

2200 690 2309 728 των
2331 673 2438 727 τῶν
2481 668 3065 749 προαναπανσαμένων
3105 668 3358 738 πατέρων
3392 666 3487 722 καὶ
3515 661 3787 733 ἀδελφῶν,

2196 767 2308 824 τῶν
2332 766 2518 823 ἐνθάδε
2544 765 2827 837 κειμένων,
2877 764 2973 816 καὶ
3004 763 3319 831 ἁπανταχοῦ
3347 760 3666 835 ὀρθοδόξων.
3698 757 3792 810 Ef-

2199 877 2393 931 πωμιν
2412 861 2506 915 καὶ
2534 861 2674 930 ὑπὲρ
2703 854 2882 911 αὐτῶν
2909 856 2990 917 τὸ.
3021 852 3216 926 Κύριε,
3236 853 3459 927 ἐλέησον

2268 952 2379 1007 Καὶ
2428 951 2775 1026 λαμὸἀνομεν
2818 947 2870 1000 oi
2924 948 3125 1012 πάντες
3162 944 3513 1017 συγχώρησιν
3551 944 3660 1002 ἀπὺ
3693 938 3793 996 sui}

2197 1047 2559 1116 προεστῶτος,
2589 1043 2682 1098 καὶ⁵
2710 1041 3069 1114 ἀπερχόμεθα
3101 1044 3159 1096 ἰν
3184 1041 3299 1101 τοῖς
3341 1032 3573 1103 κελλίοις
3604 1035 3793 1109 ἡμῶν.

2196 1136 2445 1207 λέγοντες
2478 1140 2577 1208 τὴν
2616 1126 2783 1207 εὐχὴν
2813 1134 3017 1205 ταύτην
3038 1151 3053 1165 ·

2269 1232 2397 1297 Τοῖς
2441 1228 2657 1302 μισοῦσι
2677 1229 2770 1282 καὶ
2795 1226 3072 1281 ἀδικοῦσιν
3100 1227 3246 1297 ἡμᾶς
3278 1220 3659 1294 συγχώρησον,
3678 1218 3798 1272 Κύ-

2207 1342 2311 1395 ριε.
2345 1324 2469 1384 Τοῖς
2484 1318 2906 1389 ἀγαθοποιοῦσιν
2940 1316 3358 1387 ἀγαθοποίησον.
3397 1313 3523 1376 Τοῖς
3542 1312 3800 1382 ἀδελφοῖς

2198 1418 2294 1470 καὶ
2324 1415 2471 1476 ἰδίοις
2499 1411 2657 1483 ἡμῶν
2688 1410 2914 1481 χάρισαι
2936 1408 3005 1463 τὰ
3036 1406 3173 1479 πρὸς
3204 1406 3482 1478 σωτηρίαν
3513 1408 3803 1477 αἰτήματα

2201 1508 2296 1561 καὶ
2327 1504 2470 1575 ζωὴν
2498 1502 2593 1573 τὴν
2636 1500 2876 1555 αἰώνιον.
2917 1499 3056 1562 Τοὺς
3088 1498 3147 1549 ὲν
3193 1495 3449 1566 ἀσθενείᾳ
3476 1492 3798 1563 ἐπίσκεψαι,

2202 1601 2295 1654 καὶ
2318 1600 2459 1652 ἴασιν
2474 1595 2883 1669 δώρησαι.Τοὺς
2900 1596 2957 1647 ὲν
2971 1591 3215 1662 θαλάσσῃ
3233 1589 3365 1643 κυόἐ
3376 1586 3721 1660 ρνησον.Τοῖς
3736 1587 3803 1638 ὲν

2202 1690 2536 1762 ὁδοιπορίαις
2572 1690 2907 1744 συνόδευσον.
2931 1687 3023 1759 Τῷ
3040 1684 3249 1757 βασιλεῖ
3267 1682 3650 1753 συμμάχησον.
3669 1679 3804 1742 Τοῖς

2203 1783 2539 1843 διακονοῦσιν
2569 1786 2664 1841 καὶ
2695 1782 2905 1838 ἐλεοῦσι
2936 1783 3109 1854 ἡμᾶς,
3149 1777 3437 1851 ἁμαρτιῶν
3470 1776 3665 1846 ἄφεσιν
3688 1770 3802 1826 δώ-

527 1904 773 1949 catorum
801 1890 999 1947 tribue.
1027 1885 1332 1941 Secundum
1360 1895 1614 1951 magnam
1663 1873 2099 1933 miscricordiam

2222 1893 2386 1948 >ησαι.
2426 1876 2565 1942 Τοὺς
2585 1873 2996 1945 ὲντειλαμὲνους
3042 1876 3177 1945 ἡμῖν
3206 1877 3319 1955 τοῖς
3342 1868 3605 1936 ἀναξίοις.
3636 1856 3829 1937 εὔχεοί

528 1995 678 2041 tuam
741 1984 1001 2038 miserere
1053 1990 1239 2033 eorum
1260 2015 1277 2039 ,
1312 1973 1404 2042 qui
1434 1988 1493 2027 se
1522 1970 1723 2025 nostris
1755 1969 2101 2037 indignorum

527 2076 783 2148 precibus
832 2062 1298 2129 commendarunt.
1355 2065 1649 2128 Ilemcnto,
1704 2062 1958 2129 Domine,
2010 2063 2104 2117 de-

528 2169 835 2226 functorum
861 2174 1073 2234 patrum
1103 2201 1120 2226 ,
1153 2176 1217 2215 ac
1251 2160 1482 2215 fratrum
1515 2167 1852 2222 nostrorum,
1898 2168 2103 2224 eosque

529 2262 605 2317 ibi
641 2258 907 2321 refocilla,
940 2256 1029 2311 ubi
1083 2254 1263 2309 lumen
1293 2253 1474 2307 vultus
1530 2251 1605 2305 tui
1658 2251 1945 2321 aspicitur.
1996 2246 2107 2303 Ife-

528 2359 738 2412 mento,
771 2346 1015 2410 Domine,
1043 2343 1272 2399 fratrum
1321 2352 1630 2398 nostrorum
1658 2343 2025 2411 captivorum,
2053 2345 2109 2393 et

527 2454 626 2496 eos
652 2438 724 2495 ab
756 2439 904 2494 omni
947 2436 1272 2493 necessitate
1299 2433 1495 2490 libera.
1523 2431 1822 2501 Memento,
1856 2431 2101 2492 Domine,

531 2530 887 2588 referentiqu
915 2528 1126 2586 fructus
1152 2543 1218 2585 ac
1249 2528 1391 2583 bene
1441 2526 1754 2582 facientium
1782 2525 1986 2580 sanctis
2009 2521 2108 2577 Ec-

532 2625 719 2681 elesiis
751 2625 883 2687 tuis,
908 2622 1126 2694 illisque
1150 2621 1394 2677 cuucede
1429 2619 1690 2676 salutaria
1745 2617 1984 2686 ipsorum
2013 2626 2111 2682 po-

531 2719 756 2784 stulata,
774 2728 830 2773 et
851 2718 1020 2771 vitant
1045 2725 1334 2771 aeternam.
1363 2714 1654 2774 Memento,
1678 2708 1925 2773 Domine,
1943 2705 2109 2760 etiam

534 2818 780 2867 nostrum
839 2806 1126 2863 humilium
1157 2845 1174 2872 ,
1211 2814 1563 2875 peccatorum
1595 2840 1613 2866 ,
1652 2799 2113 2870 indignorumque

533 2902 859 2961 famulorum
916 2910 1170 2966 tuorum;
1220 2906 1386 2967 atque
1430 2894 1679 2952 illumina
1733 2902 1971 2949 mentem
2014 2906 2115 2946 no-

535 3008 711 3053 stram
737 2994 940 3051 lumine
971 2990 1299 3064 cognitionis
1345 2999 1471 3057 tua,
1496 2988 1629 3044 etin
1668 2985 1863 3042 semita
1890 2984 2118 3040 manda-

537 3102 720 3144 torum
758 3096 974 3142 tuorum
1010 3099 1108 3140 nos
1138 3082 1639 3153 dirige,‘precibns
1669 3073 2117 3136 incontam'inatte

2206 1970 2326 2023 σοαι
2362 1969 2504 2041 ὑπὲρ
2542 1967 2744 2031 αὐτῶν,
2774 1964 2998 2035 ἐλέησον
3037 1965 3180 2020 κατὰ
3218 1964 3280 2018 τὸ
3316 1964 3458 2034 μέγα
3494 1978 3589 2015 σου
3625 1958 3802 2022 ἔλεος.

2204 2062 2510 2134 Μνήσθητι,
2547 2059 2741 2130 Κύριε,
2772 2056 2883 2121 τῶν
2908 2055 3395 2128 προκοιμηθίντων
3422 2053 3676 2123 πατέρων
3702 2050 3808 2104 καὶ

2213 2154 2459 2223 ἀδελφῶν
2488 2152 2666 2222 ἡμῶν,
2700 2150 2795 2203 καὶ
2831 2151 3146 2205 ἀνάπαυσον
3183 2146 3380 2207 αὐτοὺς
3413 2146 3548 2196 ὅπου
3574 2144 3806 2195 ὶπισκο-

2212 2252 2395 2302 πεῐται
2426 2245 2488 2300 τὸ
2519 2244 2637 2315 φῶς
2688 2244 2783 2297 τοῦ
2815 2241 3111 2315 προσώπου
3138 2256 3254 2293 σου.
3274 2236 3583 2307 Μνήσθητι,
3599 2234 3803 2305 Κύριε,

2207 2339 2320 2392 τῶν
2342 2336 2586 2407 ἀδελφῶν
2614 2334 2774 2406 ἡμῶν
2825 2333 2935 2387 τῶν
2967 2328 3353 2403 αἰχμαλώτων,
3400 2327 3501 2382 καὶ
3521 2325 3806 2398 λύτρωσαι

2208 2432 2406 2497 αὐτοὺς
2434 2430 2542 2486 ἀπὸ
2575 2430 2756 2500 πάσης
2793 2425 3191 2499 περιστάσεως.
3224 2419 3543 2493 Μνήσθητι,
3597 2417 3804 2490 Κύριε,

2208 2521 2317 2576 τῶν
2361 2516 2857 2592 καρποφορούντων
2907 2513 3002 2568 καί
3043 2508 3513 2580 καλλιεργούντων
3566 2509 3627 2574 ἐν
3677 2508 3807 2570 ταῖς

2210 2616 2394 2684 ἁγίαις
2428 2629 2523 2666 σου
2564 2608 2937 2682 Ἐκκλησίαις.
2970 2604 3066 2659 καὶ
3090 2603 3180 2668 δὸς
3215 2603 3404 2665 αὐτοῖς
3424 2600 3494 2654 τὰ
3522 2598 3659 2671 πρὸς
3694 2614 3805 2651 σω-

2212 2707 2408 2779 τηρίαν
2450 2705 2729 2776 αἰτήματα
2765 2701 2861 2755 καὶ
2894 2698 3041 2772 ζωὴν
3080 2698 3177 2769 τὴν
3209 2694 3449 2752 αἰώνιον.
3490 2692 3806 2767 Μνήσθητι,

2213 2795 2406 2868 Κύριε,
2440 2794 2536 2850 καὶ
2559 2792 2717 2865 ἡμῶν
2742 2792 2851 2846 τῶν
2876 2788 3168 2855 ταπεινῶν,
3199 2790 3296 2843 καὶ
3317 2784 3681 2859 ἁμαρτωλῶν,
3708 2784 3809 2838 καὶ

2214 2885 2449 2956 ἀναξίων
2477 2886 2678 2943 δούλων
2700 2903 2817 2941 σοιν
2846 2887 2941 2941 καὶ
2970 2884 3204 2953 φώτισον
3236 2881 3396 2953 ἡμῶν
3426 2881 3519 2935 τὸν
3549 2879 3676 2933 νοῦν
3722 2878 3810 2949 τῷ

2217 2982 2358 3055 φωτὶ
2398 2985 2496 3054 τῆς
2541 2963 2795 3051 γνώσεώς
2832 2996 2949 3044 σου,
2988 2980 3083 3031 καὶ
3129 2976 3397 3048 ὁδήγησον
3434 2976 3588 3044 ἡμᾶς
3625 2974 3684 3025 ιν
3732 2972 3807 3040 τῇ

2218 3073 2389 3146 τρίϐῳ
2418 3072 2528 3126 τῶν
2554 3070 2781 3124 ἐντολῶν
2802 3085 2919 3131 σου,
2950 3066 3269 3139 πρεσϐείαις
3290 3063 3393 3133 τῆς
3418 3059 3812 3131 παναχράντου

541 3176 780 3231 lit-mina:
810 3182 1010 3231 nostra
1037 3173 1280 3241 Deiparae
1308 3182 1367 3227 et
1394 3184 1612 3240 semper
1639 3168 1878 3238 Virginis
1904 3165 2113 3229 Maria»,

2222 3165 2518 3233 Δεσποίνης
2552 3165 2585 3234 ἡ
2595 3163 2711 3233 μῶν
2741 3160 3008 3214 Geo-roum)
3034 3159 3130 3211 καὶ
3152 3154 3812 3256 ἀειπαρθὲνουτΜαρίας,

536 3266 889 3337 omniumque
912 3234 1229 3320 sanctorum
1256 3299 1274 3328 ,
1310 3261 1439 3333 quia
1460 3234 1789 3317 bouedictus
1835 3272 1896 3313 es
1924 3256 1989 3316 in
2012 3270 2113 3311 sae-

2222 3254 2318 3306 καὶ
2339 3251 2555 3305 πάντων
2580 3267 2673 3303 σου
2706 3248 2815 3303 τῶν
2841 3248 3033 3318 ἁγίων
3064 3246 3145 3301 ὅτι
3174 3241 3466 3315 ιὺλογητδς
3498 3234 3549 3294 εἴ
3575 3242 3657 3304 εἰς
3678 3240 3813 3307 τοὺς

537 3358 659 3422 cola
687 3357 1031 3417 sucularum.
1055 3362 1253 3414 Amen.

2135 3594 2211 3608 κ

2220 3340 2551 3405 αίῶναςτῶν
2583 3340 2815 3397 αῚώνων.
2864 3339 3058 3410 Ἀμήν.

1990 3786 2389 3849 CONCLUSIO.

624 4064 752 4123 ‘76.
780 4063 879 4122 llic
903 4064 1095 4130 babes,
1131 4061 1344 4119 erudite
1380 4059 1575 4125 lector,
1600 4067 1775 4114 totum
1801 4055 1960 4113 officii
1983 4056 2131 4114 Gm-

551 4176 604 4217 ct
643 4160 889 4217 ordinem
924 4170 941 4212 :
973 4156 1027 4212 in
1061 4169 1172 4226 quo
1212 4154 1333 4209 sine
1382 4150 1548 4209 dubio
1597 4150 1934 4217 observasti,
1965 4163 2128 4221 quam

550 4268 695 4323 sape
727 4250 928 4321 ubique
958 4247 1318 4317 ingeminetur
1350 4244 1548 4316 Κύριε,
1577 4242 1801 4316 suum
1831 4251 1889 4299 et
1913 4242 2129 4311 Ἄγιος,

553 4347 734 4416 ἅγιος,
785 4345 963 4413 ἅγιος.
1013 4341 1176 4397 Certe
1213 4340 1505 4396 concilium
1538 4339 1803 4404 Vasense,
1830 4350 1925 4391 seu
1955 4333 2128 4391 Vaso-

554 4455 729 4499 nense
757 4442 988 4510 (errant,
1015 4434 1108 4506 qui
1149 4430 1449 4488 Vasatense
1472 4429 1770 4501 appellant)
1805 4427 2006 4499 passim
2030 4435 2134 4481 ter-

557 4536 691 4589 tium
723 4532 1069 4601 inscriptum,
1090 4535 1146 4583 et
1180 4522 1561 4581 celebrandum
1592 4535 1738 4576 anno
1775 4534 1944 4575 usus
1965 4536 1980 4583 ;
2002 4533 2133 4575 con-

556 4623 901 4683 suetudinem
942 4623 1101 4677 istam
1147 4617 1377 4674 mirifice
1410 4613 1691 4681 dilaudat;
1745 4611 1967 4685 quando
1996 4626 2122 4667 can.

558 4717 636 4784 ὃ,
670 4710 749 4772 ita
792 4714 1013 4772 sancit:
1046 4728 1069 4764 ι
1104 4710 1171 4768 Et
1221 4709 1353 4781 quia
1388 4716 1499 4762 tam
1535 4706 1588 4761 in
1627 4704 1759 4761 sede
1810 4702 2128 4776 apostolica,

557 4823 719 4881 quam
749 4808 915 4865 etiam
950 4820 1051 4877 per
1075 4812 1217 4859 totas
1246 4798 1562 4859 Orientales
1594 4806 1760 4869 atque
1788 4796 1955 4853 Italiae
1998 4808 2129 4864 pro-

557 4897 788 4964 vincias,
816 4896 990 4953 dulcis
1025 4903 1083 4949 et
1112 4893 1337 4947 nimium
1378 4890 1637 4945 salutaris
1680 4887 2018 4945 consuetudo
2049 4894 2136 4941 est

561 4985 895 5049 intromissa,
930 4991 991 5037 ut
1013 4976 1184 5049 Hyrie
1207 4976 1403 5032 suis»:
1440 4974 1781 5045 frequentius
1804 4987 1929 5028 cum
1968 4986 2137 5043 gran-

560 5085 616 5139 di
649 5080 845 5139 alecto
866 5055 1371 5143 et‘compunctione
1396 5069 1614 5123 dicatur
1656 5088 1670 5123 :
1717 5065 1920 5137 placuit
1969 5064 2134 5120 etiam

562 5173 742 5238 nobis.
767 5172 908 5228 utin
932 5167 1184 5227 omnibus
1208 5161 1458 5221 ecclesiis
1490 5161 1695 5217 nostris
1736 5160 1839 5216 ista
1869 5170 1979 5215 tam
2005 5173 2135 5213 san-

565 5279 651 5323 cta
681 5262 1041 5327 consuetudo,
1068 5267 1125 5315 et
1167 5256 1235 5312 ad
1266 5254 1585 5311 Ilatutinum
1612 5291 1630 5316 ,
1658 5261 1713 5309 et
1740 5252 1808 5305 nd
1839 5249 2055 5313 Missas,
2084 5255 2140 5303 et

569 5360 639 5417 ad
662 5358 982 5426 Vesperam,
1002 5350 1113 5408 Deo
1136 5348 1371 5420 propitio
1403 5344 1820 5400 intromittatur.
1851 5343 1918 5398 Et
1940 5342 1991 5396 in
2017 5356 2138 5396 om-

570 5450 733 5508 nibus
761 5446 962 5513 Iissis,
992 5458 1087 5500 seu
1128 5444 1181 5498 in
1205 5438 1484 5496 latutinis
1511 5477 1527 5501 ,
1567 5450 1663 5492 seu
1689 5435 1743 5490 in
1773 5432 2139 5504 Quadragesi-

570 5543 825 5607 malibus,
842 5554 939 5597 seu
963 5537 1018 5592 in
1040 5534 1167 5601 illis,
1196 5546 1320 5603 quae
1349 5544 1447 5596 pro
1478 5526 1866 5583 defunctorum
1900 5538 2142 5580 comme-

571 5635 876 5695 moratione
902 5632 1071 5695 liunt,
1101 5640 1320 5697 semper
1350 5622 1606 5681 Sanctus.
1646 5627 1887 5682 sanctus,
1925 5626 2143 5672 sanctas

569 5751 639 5791 eo
673 5733 886 5799 ordine,
940 5724 1209 5800 quomodo
1235 5721 1303 5778 ad
1354 5718 1547 5775 ﬂissas
1604 5712 1855 5786 publicas
1911 5713 2143 5776 dicitur,

570 5828 679 5887 dici
704 5825 928 5884 debeat;
961 5821 1087 5896 quia
1119 5828 1227 5875 tam
1258 5823 1447 5875 sancta
1472 5822 1529 5869 et
1560 5817 1671 5866 tam
1701 5805 1876 5865 dulcis
1912 5815 1965 5864 et
1992 5807 2138 5863 desi-

2232 4052 2493 4110 derabilis
2520 4067 2648 4118 vos,
2677 4052 2894 4109 etiamsi
2921 4051 3010 4107 die
3040 4060 3316 4125 noctuque
3342 4049 3521 4120 pauit
3562 4051 3695 4115 dici,
3725 4052 3818 4109 fa-

2231 4147 2452 4206 stidium
2479 4161 2584 4200 non
2608 4146 2813 4218 poterit
2843 4159 3128 4218 generare.
3157 4163 3197 4207 ι,

2299 4238 2431 4296 ῒΠ.
2460 4226 2796 4303 Observasti,
2820 4238 3039 4308 Opinor.
3070 4247 3337 4311 prmterca
3388 4237 3636 4310 singulos
3689 4257 3817 4297 mo-

2230 4332 2410 4395 dulos,
2442 4334 2561 4388 sive
2591 4330 2829 4403 troparia
2858 4346 2980 4389 esse
3003 4332 3175 4387 ferme
3201 4330 3444 4401 singulas
3469 4330 3594 4387 fidei
3627 4332 3821 4388 ortho-

2231 4425 2388 4481 doxae
2443 4424 2857 4481 confessiones:
2892 4424 3053 4477 modo
3086 4423 3235 4478 enim
3278 4423 3462 4486 Arius,
3496 4424 3655 4476 modo
3700 4422 3816 4479 Ne-

2231 4515 2454 4577 storins,
2480 4513 2639 4568 modo
2664 4512 2959 4582 Eutycltes,
2990 4513 3153 4568 modo
3179 4511 3473 4574 Sabellins,
3509 4512 3669 4567 modo
3701 4512 3813 4567 alia

2231 4607 2611 4662 haereticorum
2690 4614 2937 4660 monstra
2992 4604 3367 4675 profligantur.
3417 4601 3812 4659 Verumtamen

2231 4694 2529 4754 Orientalis
2583 4695 2831 4752 Ecclesia
2866 4710 2964 4765 per
3013 4710 3170 4750 suum
3205 4695 3315 4749 Καὶ
3377 4694 3498 4760 νῦν,
3548 4712 3659 4750 non
3703 4706 3816 4754 tam

2234 4792 2381 4848 clare
2419 4790 2587 4846 verbo
2631 4788 2998 4845 aeternitatem
3035 4786 3308 4857 esplicat,
3342 4802 3511 4855 quam
3543 4788 3817 4844 Occiden-

2238 4884 2361 4940 talis
2400 4897 2495 4953 per
2560 4896 2720 4936 suum
2780 4878 2929 4935 Sicut
3003 4890 3118 4934 erat
3180 4881 3236 4934 is
3299 4880 3581 4948 principio.
3627 4881 3818 4948 Quatt-

2236 4989 2399 5045 quam
2454 4971 2745 5028 concilium
2815 4968 3056 5026 Vasense
3113 4984 3274 5040 supra
3324 4971 3549 5025 citatum
3601 4987 3723 5026 can.
3759 4971 3820 5040 5,

2241 5069 2383 5122 lianc
2411 5065 2710 5120 clausulam
2733 5066 2897 5119 etiam
2930 5065 2984 5118 in
3018 5062 3259 5119 Ecclesia
3291 5060 3556 5117 Orientali
3589 5079 3822 5132 usurpa-

2242 5168 2349 5213 tam
2375 5156 2545 5213 fuisse
2581 5165 2870 5227 supponat.
2899 5174 2917 5207 ι
2956 5155 3023 5211 Et
3043 5155 3167 5223 quia
3194 5194 3212 5220 ,
3246 5155 3448 5225 inquit,
3476 5173 3585 5213 nou
3642 5158 3822 5213 solum

2242 5252 2295 5307 in
2326 5251 2455 5307 sede
2499 5249 2826 5320 apostolica,
2857 5249 2953 5304 sed
2977 5248 3160 5303 etiatu~
3176 5263 3275 5317 per
3308 5258 3481 5303 totum
3508 5247 3825 5314 Orientem,

2239 5353 2296 5399 et
2319 5352 2488 5398 totam
2523 5338 2894 5407 Africam,vel
2924 5338 3160 5401 Italiam,
3188 5349 3414 5409 propter
3439 5339 3822 5395 haereticorum

2245 5434 2525 5501 astutiam,
2548 5432 2643 5503 qui
2692 5431 2783 5485 Dei
2816 5429 3018 5485 Filium
3070 5445 3176 5484 non
3210 5444 3432 5499 semper
3484 5445 3608 5485 cum
3663 5430 3827 5491 Patre

2246 5530 2435 5595 fuisse,
2469 5528 2563 5583 sed
2597 5543 2627 5580 a
2658 5535 2903 5593 tempore
2929 5522 3165 5594 coepisse
3189 5520 3592 5592 blaspitemant,
3618 5522 3674 5577 in
3706 5537 3828 5577 om-

2246 5620 2408 5674 nibus
2438 5616 2697 5673 clausulis
2719 5622 2844 5685 post
2868 5612 3083 5680 Gloria,
3108 5611 3264 5667 Sicut
3284 5621 3405 5667 erat
3437 5612 3489 5666 in
3524 5614 3828 5683 principio,

2246 5711 2449 5766 dicitur
2476 5731 2486 5765 :
2515 5709 2681 5763 etiam
2703 5717 2761 5761 et
2793 5721 2911 5771 nos,
2940 5707 2994 5762 in
3025 5704 3300 5759 universis
3330 5702 3597 5762 Ecclesiis
3623 5708 3830 5765 nostris

2248 5805 2350 5860 hoc
2370 5802 2443 5857 ita
2471 5800 2762 5857 dicendum
2795 5814 2941 5868 esse,
2970 5795 3339 5856 decentimus.
3373 5816 3396 5851 ι
