4058 6460
1404 424 1790 478 ALIOIJJTIHA
1833 423 2165 479 'i‘i’thLlCIS
2206 423 2418 477 FESTl.

3089 14 3169 16 __,
3176 7 3464 16 ___—_._._____
3473 7 3510 13 _L

3240 438 3532 476 CCCLXXXIX

357 540 480 594 278.
517 539 620 595 Sed
675 543 727 596 iu
763 543 1062 612 qtnestione
1113 545 1240 596 l‘acti
1300 543 1640 610 particularis
1704 542 1857 595 l'acile
1896 546 1934 598 Δ
1966 545 2254 612 procedere
2285 557 2376 611 per
2405 540 2599 593 Filium
2630 582 2643 605 ,
2677 550 2728 591 et
2769 538 2841 591 ait
2881 559 2892 592 :
2933 556 2950 588 ι
2993 537 3105 590 iloc
3135 537 3323 605 degma
3355 536 3524 589 Tara-

281 647 472 684 errare
504 635 1021 696 potnit'conciiium.
1085 634 1250 686 Multo
1285 635 1491 687 {acilius
1553 649 1738 686 errare
1767 649 1858 701 po-

285 723 362 774 tui
419 737 516 792 ego
567 726 618 778 in
673 726 897 794 hujusce
940 725 1106 780 oliicii
1165 727 1404 794 partibus
1469 725 1856 794 conjungendis

279 815 728 887 cxplicandisque
753 835 766 883 ;
796 835 967 887 neque
995 818 1204 883 dubito,
1224 820 1349 886 quin
1385 820 1681 874 erraverim
1733 834 1852 888 per-

280 922 428 977 saepe
463 930 475 964 :
514 913 634 980 quis
687 912 828 964 enim
880 922 991 964 tam
1022 911 1248 974 linceus,
1280 914 1369 979 qui
1404 912 1455 964 in
1491 914 1656 966 tantis
1704 921 1852 964 tene-

278 999 398 1057 bris
430 1019 690 1072 nusquam
725 1002 964 1057 oll‘endat
1000 1043 1014 1068 ,
1045 1020 1308 1072 nusquam
1346 1005 1624 1059 incurrat?
1672 1004 1850 1069 Quare

278 1112 383 1151 oro
406 1098 675 1150 eruditum
730 1098 988 1150 lectorem
1018 1136 1031 1160 ,
1063 1108 1119 1149 ut
1148 1113 1284 1166 quos
1313 1098 1731 1165 deprehenderit
1764 1115 1851 1152 er-

279 1203 462 1253 rores,
491 1188 621 1241 mihi
653 1188 892 1240 indicare
925 1203 990 1241 ne
1017 1198 1290 1255 gravetur.
1325 1189 1455 1242 Rem
1480 1199 1686 1256 gratam
1717 1207 1852 1259 prae-

277 1279 484 1331 stiterit
538 1286 747 1342 parato.
775 1277 863 1345 qui
897 1280 1166 1347 corrigam
1207 1295 1221 1331 :
1250 1294 1372 1331 nam
1403 1284 1480 1346 (ιιι
1511 1279 1698 1347 loquar
1731 1296 1850 1332 cum

278 1368 340 1423 S.
374 1369 673 1436 Augustino
706 1368 761 1421 in
792 1371 1057 1434 prommio
1089 1369 1207 1422 libri
1237 1386 1295 1434 il,
1327 1373 1389 1423 de
1419 1369 1638 1439 Trinil.)
1681 1389 1697 1420 ι
1739 1388 1850 1425 tua-

273 1457 360 1528 εἰς
382 1457 577 1526 optabo
619 1472 647 1508 a
673 1457 910 1526 quolibet
940 1459 1284 1526 reprehendi,
1309 1474 1470 1528 quam
1506 1461 1619 1513 sive
1648 1463 1714 1512 ab
1764 1477 1850 1516 er-

275 1558 454 1614 rante,
481 1549 594 1602 sive
628 1549 694 1601 ab
748 1550 1004 1602 adulante
1059 1549 1267 1604 iattdari
1296 1570 1309 1604 :
1340 1551 1515 1606 nullus
1563 1553 1703 1606 enim
1766 1569 1850 1608 re-

271 1643 572 1710 prehensor
604 1639 880 1694 timendus
904 1644 1232 1697 estamatori
1265 1645 1532 1699 veritatis.
1570 1665 1588 1696 ι
1627 1645 1737 1699 iloc
1763 1657 1846 1700 ta-

273 1747 398 1787 men
439 1746 653 1794 moneo,
694 1732 975 1799 antiquum
1008 1731 1321 1786 Graecorum
1348 1733 1630 1799 Ollicium,
1673 1750 1845 1803 neque

269 1823 339 1874 ad
374 1821 762 1891 Anthologium
787 1823 1243 1878 AntoniiArcndii
1273 1864 1288 1885 ,
1321 1839 1492 1893 neque
1523 1825 1590 1878 ad
1615 1824 1842 1879 Horolo-

267 1913 416 1984 gium
462 1913 917 1985 Cryptaz-ferrata:
978 1915 1183 1968 ordinis
1240 1913 1510 1969 S..Basilii
1539 1955 1554 1980 ,
1585 1923 1840 1984 tanquam

265 2005 337 2058 ad
373 2021 526 2059 suam
564 2022 831 2072 normam,
884 2005 1207 2074 exigendum
1242 2021 1401 2060 esse:
1435 2007 1560 2076 quia
1607 2007 1706 2062 hoc
1737 2006 1843 2061 ilo-

267 2097 533 2166 roiogium
563 2099 754 2152 ritibus
784 2097 996 2152 Latinis
1027 2096 1362 2151 conl‘ormius
1391 2108 1495 2164 est,
1521 2113 1679 2167 quam
1701 2098 1845 2153 Grat-

264 2189 347 2242 cis
377 2209 388 2242 :
423 2189 548 2243 illud
573 2199 750 2242 autem
776 2189 1158 2258 Authoiogium
1192 2199 1398 2244 tantum
1453 2201 1536 2245 est
1591 2209 1686 2262 pro
1750 2196 1834 2262 iis,

271 2299 289 2329 ε
323 2281 412 2347 qui
439 2281 540 2332 iter
564 2290 786 2348 agentes
815 2296 906 2334 seu
944 2296 1165 2352 peregre
1193 2281 1601 2350 proﬁciscentes
1623 2324 1637 2347 ,
1660 2299 1832 2352 aegro-

264 2380 463 2436 tantes,
517 2374 595 2424 vei
660 2373 794 2426 alias
851 2374 1087 2443 legitime
1139 2374 1401 2444 impediti,
1449 2375 1614 2430 choro
1667 2376 1832 2429 inter-

260 2475 388 2516 esse
442 2473 755 2530 ncqueunt,
807 2485 824 2516 ι
881 2475 937 2519 ιιι
984 2478 1127 2535 patet
1165 2484 1228 2521 ex
1283 2468 1481 2522 litteris
1541 2471 1840 2528 Clementis

259 2569 415 2624 papte
460 2552 573 2608 Vili
627 2557 692 2610 ad
748 2557 986 2625 ejusdem
1049 2559 1355 2630 Antltologii
1409 2562 1612 2616 calcem
1662 2564 1840 2632 legen.

260 2649 366 2702 dis.

332 2741 460 2798 279.
493 2742 569 2797 De
618 2741 775 2805 hujus
828 2742 987 2798 oliicii
1044 2754 1266 2799 auctore
1317 2744 1527 2800 Joanne
1574 2746 1834 2800 Enchaita

261 2834 517 2888 dubitare
573 2834 771 2903 poterit
806 2835 1001 2904 aliquis
1030 2876 1045 2900 ,
1078 2837 1494 2891 orthodoxusne
1523 2837 1685 2890 fuerit
1718 2877 1730 2901 ,
1768 2854 1834 2890 an

257 2923 548 2978 itmreticus
585 2941 598 2977 :
633 2924 784 2992 quia,
827 2938 974 2976 num.
1005 2923 1127 2986 i86,
1171 2924 1371 2978 diserte
1401 2922 1680 2976 aliirmans
1715 2938 1836 2991 pro-

257 3014 560 3071 cessionem
591 3014 825 3084 Spiritus
850 3035 878 3068 a
911 3015 1073 3070 Patre
1127 3023 1267 3070 tacet
1305 3015 1371 3069 de
1426 3015 1608 3079 Filio;
1660 3029 1832 3084 eoque

257 3117 438 3178 potest
468 3107 520 3161 in
553 3109 914 3176 suspicionem
950 3110 1152 3170 venire,
1193 3124 1258 3162 ne
1300 3108 1570 3163 communi
1612 3107 1833 3162 Graeco-

258 3216 378 3254 rum
411 3200 644 3268 pluriutn
680 3214 865 3252 errore
910 3201 1160 3252 eumdem
1192 3216 1221 3252 a
1257 3199 1396 3253 Filio
1428 3214 1644 3267 quoque
1704 3214 1830 3267 pro-
1860 3226 1903 3281 ρ

256 3291 452 3344 cedere
506 3305 611 3342 non
660 3290 969 3342 crediderit.
1029 3288 1215 3354 Error,
1250 3288 1444 3350 fateor,
1495 3288 1581 3341 hic
1639 3287 1829 3341 luisset

252 3381 555 3452 μαγις,οι
606 3381 820 3450 quidem
872 3381 983 3451 jam
1025 3391 1133 3434 tum
1170 3381 1460 3434 damnatus
1511 3395 1538 3433 a
1587 3380 1828 3432 Romana

251 3469 500 3525 Ecclesia
536 3487 550 3523 :
588 3471 678 3525 sed
703 3485 765 3524 ex
812 3471 915 3525 isto
951 3471 1186 3534 silentio,
1217 3469 1413 3525 Joanni
1451 3469 1523 3524 illi
1556 3471 1828 3524 haereseos

253 3574 386 3618 nota
412 3560 651 3619 ali‘ricari
681 3580 786 3618 non
813 3574 1008 3633 potest.
1060 3562 1192 3617 Nam
1234 3565 1314 3634 (ut
1349 3574 1426 3619 est
1475 3565 1613 3633 apud
1666 3562 1830 3616 Baro-

251 3658 407 3710 nium
441 3667 569 3712 tom.
597 3656 663 3710 lX
702 3658 767 3711 ad
792 3673 879 3710 an.
915 3655 1040 3726 791)
1070 3657 1265 3720 Graeci,
1292 3657 1531 3710 dicentes
1565 3655 1826 3726 Spiritum

249 3760 500 3803 sanctum
529 3764 557 3801 a
602 3748 758 3803 Patre
787 3751 1098 3818 procedere,
1123 3749 1213 3801 sed
1250 3762 1353 3800 non
1401 3757 1657 3816 negantes
1701 3761 1828 3815 pro-

249 3846 450 3897 cedere
503 3857 534 3894 a
585 3841 744 3905 Filio,
779 3860 883 3895 non
913 3843 1270 3906 damnantur;
1305 3840 1398 3893 sed
1437 3839 1508 3891 illi
1545 3841 1823 3900 duntaxat,

251 3934 346 4003 qui
389 3932 439 3985 id
489 3943 705 4002 negant.
734 3935 910 4002 Atque
942 3933 1042 3986 hoc
1077 3935 1232 3987 modo
1265 3932 1533 3986 Adrianus
1570 3946 1729 4000 papa,
1774 3932 1825 3984 in

254 4025 696 4094 responsionibus
732 4026 796 4078 ad
824 4025 1074 4078 Carolum
1117 4025 1367 4094 Magnum
1404 4023 1543 4076 datis
1573 4025 1828 4077 adversus

248 4116 445 4188 synodi
474 4116 721 4169 secundze
762 4113 994 4169 Niczente
1029 4115 1422 4166 obtrectatores
1457 4122 1680 4167 excusat
1710 4113 1820 4166 Ta-

253 4208 456 4262 rasium
484 4247 497 4272 ,
547 4209 636 4277 qui
671 4206 932 4277 Spiritum
989 4213 1236 4261 sanctum
1291 4205 1501 4258 dixerat
1534 4217 1598 4257 ex
1658 4204 1818 4258 Patre
1856 4199 1899 4254 D

1966 635 2077 689 sius
2107 650 2209 687 non
2240 649 2332 702 per
2363 647 2419 686 se
2460 631 2784 700 explanavit,
2832 630 2919 682 sed
2961 644 3057 697 per
3085 627 3387 681 doctrinam
3425 627 3524 679 SS.

1962 723 2181 777 Patrum
2207 724 2478 778 confessus
2496 732 2594 775 est.
2613 741 2629 772 ι
2670 721 2886 774 Consuli
2917 720 3074 773 etiam
3113 729 3287 785 potest
3308 719 3366 771 S.
3389 717 3530 771 Thov

1961 833 2074 871 mas
2125 833 2175 886 p.
2207 834 2245 879 ι,
2277 833 2330 886 q.
2363 817 2452 882 56,
2482 826 2585 869 art.
2622 818 2674 869 5.
2727 816 2866 867 Nihil
2915 826 3088 866 autem
3130 814 3180 865 in
3217 813 3355 865 hanc
3415 828 3528 865 rem

1958 918 2134 977 potest
2157 907 2332 964 aﬂ‘erri
2371 909 2651 968 illustrius,
2687 922 2846 975 quam
2879 907 2952 969 id,
2988 908 3126 976 quod
3161 904 3210 958 in
3261 920 3354 957 sua
3385 903 3526 957 Con-

1958 1000 2235 1054 stitntione
2273 1041 2288 1061 ,
2329 1021 2344 1050 ι
2387 999 2691 1062 Presbvteri
2736 998 2906 1053 (ἕτερςί
2939 1041 2951 1063 ,
3023 1019 3041 1050 ι
3086 999 3243 1050 habet
3274 996 3527 1053 Clemens

1961 1090 2088 1143 Vill.
2130 1109 2147 1140 ι
2186 1090 2382 1152 Grmci,
2436 1091 2653 1159 inquit,
2694 1091 2910 1143 credere
2950 1098 3221 1149 tenentur,
3274 1086 3440 1140 etiam
3496 1101 3524 1135 a

1960 1182 2094 1235 Filio
2134 1183 2393 1249 Spiritum
2424 1193 2667 1237 sanctum
2700 1181 2988 1250 procedere
3019 1222 3031 1242 ,
3062 1180 3156 1233 sed
3192 1194 3293 1231 non
3335 1189 3520 1232 tenen-

1961 1284 2047 1327 tur
2069 1276 2445 1344 pronuntiare,
2481 1276 2578 1328 nisi
2614 1275 2860 1328 subesset
2897 1272 3251 1335 scandalum;
3294 1284 3515 1340 praeser-

1959 1369 2050 1421 tim
2085 1370 2127 1422 si
2162 1371 2356 1439 degant
2388 1369 2526 1422 inter
2557 1367 2796 1431 Latinos,
2825 1376 2917 1420 aut
2946 1365 3237 1420 necessitas
3287 1365 3524 1432 postula-

1955 1469 2037 1513 ret
2074 1459 2366 1513 conlitendi
2404 1460 2558 1513 Iidem
2582 1457 2929 1525 catholicam,
2977 1457 3100 1526 quia
3135 1468 3262 1510 tunc
3295 1468 3512 1528 oporte-

1957 1558 2040 1603 ret
2069 1550 2228 1602 etiam
2264 1550 2634 1619 pronuntiare.
2666 1567 2684 1599 ι

2018 1641 2141 1696 9.30.
2180 1641 2362 1713 igitur,
2397 1657 2516 1696 cttm
2568 1643 2656 1696 hic
2708 1651 2945 1696 scandan
2981 1651 3274 1710 periculum
3327 1640 3513 1694 abfue-

1951 1736 2040 1798 rit,
2071 1736 2139 1788 ob
2163 1734 2304 1788 istud
2341 1735 2405 1789 de
2446 1733 2789 1803 processione
2819 1747 2883 1786 ex
2928 1731 3067 1784 Filio
3100 1732 3398 1793 silentium,
3427 1746 3517 1784 or-

1951 1828 2201 1881 tltodoxia
2232 1825 2454 1880 Joannis
2483 1829 2532 1879 in
2563 1827 2924 1894 suspicionem
2950 1825 3130 1878 vocari
3158 1840 3260 1878 non
3293 1832 3469 1892 potest
3500 1843 3513 1877 :

1947 1920 2192 1988 adeoque
2241 1934 2340 1973 nec
2378 1919 2487 1988 ipsa
2545 1919 2812 1972 institutio
2843 1918 2960 1972 festi
2990 1959 3004 1983 ,
3035 1918 3405 1986 ordinatioqne
3434 1918 3516 1970 oi-

1955 2012 2082 2076 licii,
2124 2027 2351 2082 quorum
2386 2025 2545 2064 causa
2578 2012 2690 2065 iure
2729 2012 3099 2074 tractavimus,
3129 2011 3195 2062 ad
3240 2011 3398 2062 trium
3429 2009 3515 2062 du-

1947 2117 2153 2162 ctorum
2186 2107 2495 2160 Graecorum
2552 2119 2890 2158 communem
2941 2104 3174 2157 laudem.
3214 2102 3321 2156 Nec
3370 2103 3514 2156 enim

1950 2200 2027 2254 ias
2063 2200 2132 2252 sit
2173 2198 2398 2265 opinari,
2431 2212 2523 2250 eos
2552 2212 2610 2250 se
2639 2196 2871 2249 voluisse
2899 2209 2993 2264 per
3030 2193 3303 2250 hominem
3339 2195 3512 2247 haere-

1949 2292 2111 2344 ticum
2162 2291 2254 2344 toti
2307 2289 2566 2344 Orientali
2618 2287 2867 2342 Ecclesiae
2915 2287 3312 2348 commendare,
3369 2286 3514 2340 velut

1945 2391 2010 2430 ex
2063 2377 2385 2431 revelatione
2434 2377 2686 2430 divinitus
2720 2375 2877 2430 facta.
2929 2374 3141 2428 Maneat
3199 2376 3360 2428 etiam
3416 2390 3512 2429 no-

1944 2469 2028 2522 bis
2061 2467 2316 2531 Joannes,
2365 2483 2430 2522 eo
2483 2482 2590 2536 quo
2625 2482 2652 2520 a
2685 2467 2887 2521 Grmcis
2947 2469 3066 2537 jure
3119 2466 3506 2536 appellabatur,

1948 2576 1965 2607 ι
2004 2567 2220 2611 sanctus
2251 2557 2405 2610 Pater
2432 2566 2644 2619 noster;
2687 2575 2703 2605 ι
2735 2556 2858 2609 licet
2893 2557 3116 2610 necdum
3172 2567 3506 2625 compertum

1941 2650 2029 2714 sit,
2061 2667 2126 2703 an
2167 2659 2219 2704 et
2244 2665 2348 2718 quo
2376 2652 2461 2703 die
2490 2649 2652 2703 fuerit
2687 2665 2716 2703 a
2755 2650 2867 2703 suis
2904 2646 3178 2704 Euchaitis
3217 2649 3415 2713 cultus,
3451 2660 3508 2702 ut

1943 2739 2096 2804 talis;
2131 2751 2180 2793 et
2207 2742 2498 2794 credantur
2521 2742 2690 2795 sancti
2724 2742 2842 2808 ipsi,
2877 2756 2938 2795 ea
2963 2741 3084 2794 novi
3133 2743 3214 2794 sui
3269 2740 3389 2795 festi
3428 2743 3510 2795 in-

1939 2829 2238 2894 stitutione,
2269 2831 2512 2899 ipsismet
2539 2872 2553 2894 ,
2584 2832 2672 2900 qui
2736 2832 2860 2884 illud
2896 2841 3019 2884 tunc
3058 2832 3359 2900 suscepturi
3417 2847 3506 2887 es-

1938 2932 2077 2987 sent,
2108 2922 2331 2987 Grmcis,
2364 2934 2618 2992 tanquam
2656 2924 2777 2977 lidei
2824 2938 2852 2976 a
2897 2938 2953 2978 se
3000 2923 3300 2992 prmdicatae
3334 2935 3506 2978 secta-

1938 3014 2188 3079 toribus,
2248 3016 2614 3070 testimOnium
2674 3015 2884 3069 dedisse
2929 3014 3270 3069 orthodoxite
3304 3056 3318 3079 ,
3379 3014 3507 3069 licet

1939 3102 2112 3168 quoad
2145 3102 2285 3154 istud
2309 3113 2568 3170 punctum
2599 3105 2780 3157 minus
2811 3104 3099 3173 explicitze,
3128 3104 3504 3173 diiuciqune.

1939 3189 2136 3247 Oretur
2166 3204 2343 3247 autem
2381 3195 2618 3263 ipsorum
2666 3195 2944 3249 doctorum
2981 3197 3109 3249 trias
3134 3235 3148 3257 ,
3201 3206 3257 3249 ut
3288 3199 3356 3252 ad
3385 3198 3504 3250 lidei

1940 3290 2220 3343 catholica:
2255 3291 2542 3353 unitatem,
2593 3305 2753 3358 quam
2787 3290 2886 3358 ipsi
2930 3299 3238 3354 tenuerunt,
3279 3293 3506 3346 redeant

1938 3395 2122 3433 omnes
2150 3382 2346 3448 ubique
2371 3397 2558 3436 eorum
2610 3383 2834 3452 posteri,
2887 3384 3085 3452 quibus
3123 3392 3229 3436 tam
3274 3383 3503 3437 salutari

1938 3472 2176 3526 doctrina
2212 3471 2338 3524 olim
2395 3473 2499 3525 frui
2556 3481 2608 3525 et
2670 3473 2951 3526 informari
3015 3474 3163 3527 licuit
3196 3491 3208 3526 :
3243 3488 3306 3527 ac
3357 3475 3502 3526 salva

1939 3564 2134 3616 rituum
2202 3562 2325 3617 hinc
2384 3559 2528 3616 illinc
2589 3563 2926 3618 laudabiliter
2986 3565 3356 3618 institutorum
3419 3566 3502 3618 di-

1936 3656 2233 3718 versitate,
2290 3664 2395 3707 tam
2466 3654 2539 3709 illi
2616 3666 2924 3710 reverenter
2989 3656 3282 3723 suspiciant
3349 3656 3502 3709 Lati-

1937 3763 2123 3800 nortnn
2177 3747 2471 3800 ciliciorum
2516 3763 2730 3802 cursum
2778 3749 3121 3811 breviorem,
3174 3764 3334 3817 quam
3396 3749 3469 3801 La

1936 3839 2028 3893 tini
2097 3840 2322 3905 probant
2388 3839 2735 3906 prolixiorem
2792 3839 3098 3894 Grazcorum
3147 3842 3248 3893 hoc
3296 3849 3500 3893 tracta-

1937 3939 1989 3981 tu
2049 3930 2370 3998 explit'nllilll
2404 3972 2418 3994 ,
2468 3931 2532 3983 ad
2592 3931 2704 3998 ejus
2755 3931 3056 3994 honorem,
3116 3945 3276 3998 quem
3326 3933 3501 3983 oniuis

1936 4020 2110 4087 lingua
2161 4019 2343 4073 laudat
2404 4021 2684 4074 Dominum
2717 4059 2732 4085 ,
2794 4022 2846 4075 in
2902 4022 3098 4076 Stecula
3152 4022 3496 4076 saeculorum.

1934 4115 2128 4166 Arnen.

817 4563 911 4623 DE
966 4560 1425 4622 RECENTIORI
1467 4557 1898 4629 TRIBUSQUE
1955 4555 2390 4618 GR/ECORUM
2447 4550 2934 4625 DOCTORIBUS,

577 4786 1112 4893 BASILIO,
1190 4789 1958 4881 NAZIANZENO
2032 4790 2178 4874 ET
2252 4780 3176 4900 CHRYSOSTOMO,

1578 5033 1890 5088 CUMMUNI
1930 5032 2174 5099 FESTO,

449 5236 566 5298 Per
599 5239 905 5300 Joannem
940 5237 1398 5311 metronolitam
1434 5236 1869 5298 Euchaitarum
1913 5237 2194 5301 instituto
2227 5256 2635 5318 Ipsorumque
2683 5236 2940 5313 vulgatis
2981 5234 3291 5298 iconibus.

317 5599 618 5671 Janningus
652 5611 854 5664 noster,
904 5603 966 5652 ad
996 5603 1132 5655 diem
1164 5617 1191 5653 ν
1222 5599 1384 5662 Junii,
1425 5601 1474 5652 in
1505 5598 1809 5672 Corollario

251 5698 326 5749 de
354 5692 523 5747 tribus
559 5695 760 5748 sanctis
793 5692 1097 5758 Dorotheis,
1136 5694 1292 5746 unius
1323 5705 1508 5744 eormn
1559 5690 1686 5744 dicti
1718 5681 1815 5744 Ju-

239 5786 419 5842 nioris
451 5785 621 5839 Vitam
656 5786 874 5838 daturus
900 5825 916 5848 ,
955 5799 1171 5839 auctore
1220 5783 1428 5838 Joanne
1469 5784 1814 5850 metropolita

237 5881 651 5939 Euchaitarum,
689 5880 752 5931 de
805 5879 960 5939 huius
989 5887 1162 5942 aelate,
1200 5881 1336 5942 sede,
1383 5889 1542 5946 atque
1573 5877 1792 5946 scriptis

446 5974 717 6034 ΡΑτιιοι.
760 5975 872 6032 Gn.
926 5973 1157 6032 XXIX.

1929 5599 2188 5666 prolixius
2221 5595 2328 5664 agit
2360 5595 2518 5666 toto§
2552 5597 2624 5660 3;
2678 5597 2961 5660 docetque,
2997 5609 3061 5647 ex
3094 5595 3308 5647 Andrea
3352 5594 3486 5646 Dar-

1929 5693 2126 5752 mario,
2158 5697 2274 5757 post
2312 5706 2481 5744 annos
2506 5703 2757 5744 ccccutv
2795 5703 2956 5755 opera
3005 5688 3144 5739 illius
3172 5686 3490 5739 desi:riben-

1926 5795 1998 5849 te,
2031 5787 2214 5854 eisque
2243 5785 2599 5853 praemittente
2619 5785 2886 5852 epitomen
2914 5783 3056 5846 vitae,
3083 5782 3314 5850 coepisse
3341 5778 3490 5833 illum

1924 5877 2304 5934 Euchaitarum
2335 5876 2632 5933 Ecclesiam
2659 5889 2840 5947 regere
2863 5873 2960 5929 sub
2985 5873 3346 5928 Constantino
3372 5870 3488 5925 Mo-

3147 5986 3180 6024 Ζ
