4058 6446
515 420 678 460 CCCXC

1880 391 2414 450 PROLEGOMENA.

519 528 786 582 numaelto
837 535 891 581 et
937 524 1285 596 imperatrice
1332 522 1463 577 Zoe.
1504 521 1752 590 Suscepit
1804 521 2093 587 imperium
2136 525 2181 580 Α
2209 519 2436 573 lustituti
2492 527 2674 572 autem
2736 515 2860 572 festi
2905 517 3153 581 historia,
3206 531 3367 585 quam
3405 515 3548 581 dixi,
3592 528 3795 569 consc-

519 620 914 675 Monomacltus
945 632 1086 671 anno
1116 631 1268 672 tum
1298 657 1313 683 ,
1339 626 1394 670 et
1424 614 1600 669 tenuit
1640 627 1810 681 usque
1851 613 1914 663 :ul
1946 627 2104 674 stur,

523 717 872 785 perrexitque
901 728 1130 781 regnare
1165 710 1284 778 ejus
1329 725 1462 762 uxor
1491 707 1601 761 Zoe
1634 719 1804 772 usque
1834 705 1896 755 ad
1926 719 2102 757 ιιιυιι.

525 810 920 865 Successerunt
944 807 994 859 in
1029 805 1260 873 sceptris
1290 801 1518 856 Michael
1549 797 1926 855 Stratonicus,
1973 796 2108 848 Isaa-

524 918 623 956 cus
649 901 982 959 Comneuus,
1016 895 1408 950 Constantinus
1444 893 1612 946 Ducas
1635 932 1650 955 ,
1680 889 1956 941 Romanus
1983 885 2107 940 Dio-

526 1008 712 1064 genes,
759 990 989 1046 Michael
1054 989 1260 1052 Ducas,
1311 994 1366 1041 et
1404 983 1740 1051 Nicepltorus
1793 978 2109 1033 Boloniates

524 1101 696 1156 usque
731 1086 796 1139 ad
833 1099 1033 1137 annum
1063 1095 1304 1143 tium;
1339 1077 1555 1146 quando
1588 1084 1814 1130 evectus
1859 1073 1924 1126 ad
1951 1072 2108 1125 tltro-

527 1196 654 1235 num
688 1178 787 1232 fuit
816 1177 1037 1231 Alexius
1064 1173 1417 1236 Comnenus;
1451 1179 1505 1222 et
1537 1167 1714 1221 adhuc
1744 1166 1796 1219 in
1834 1164 1969 1216 vivis
1991 1169 2113 1217 erat

527 1273 890 1344 praelaudatus
913 1269 1169 1325 Joannes.
1208 1267 1314 1319 Isto
1364 1263 1508 1317 enim
1582 1274 1720 1313 anno
1765 1256 2105 1311 occasionem

531 1368 711 1419 datam
770 1362 933 1415 fuisse
968 1375 1106 1414 novo
1168 1357 1304 1411 festo
1337 1395 1352 1420 ,
1409 1354 1474 1407 de
1529 1365 1634 1421 quo
1690 1362 1848 1417 agere
1905 1347 1990 1400 liic
2031 1348 2113 1398 in-

528 1455 846 1513 atituimtts,
905 1449 1230 1519 intelligitur
1286 1463 1351 1502 ex
1415 1445 1490 1498 rei
1545 1451 1710 1514 gestze
1752 1440 2102 1502 narratione,

529 1563 650 1618 qua;
685 1546 876 1616 legitur
923 1545 973 1598 in
1011 1543 1226 1596 excusis
1273 1538 1492 1593 Menaeis
1543 1537 1610 1590 ad
1672 1535 1812 1589 diem
1868 1547 1970 1586 xxx
2007 1530 2103 1584 Ja-

531 1637 753 1699 nuarii,
813 1635 1027 1702 quando
1082 1633 1223 1685 islttd
1275 1627 1474 1683 festum
1536 1625 1736 1680 ibidem
1791 1623 1870 1676 sic
1920 1621 2111 1674 indici-

532 1744 652 1788 tur:
681 1729 759 1793 Τῇ
785 1729 921 1798 ἀυτῇ
952 1726 1081 1796 μηνὶ
1112 1726 1192 1777 Λ’.
1244 1740 1262 1773 ι
1289 1719 1546 1789 Ejusdem
1585 1717 1789 1772 mensis
1820 1716 1904 1768 die
1935 1729 2063 1767 xxx.
2091 1731 2106 1762 ι

528 1823 727 1894 Μνήμη
759 1821 867 1874 τῶν
898 1821 953 1871 ὲν
997 1816 1198 1884 Ἀγίοις
1222 1815 1481 1885 Πατέρων
1508 1811 1666 1882 ἡμῶν
1706 1809 1800 1862 καὶ
1838 1810 2113 1862 οἰκονομι-

2215 622 2442 678 quenter
2469 608 2775 675 deducitur,
2808 608 2897 662 ltic
2928 619 3106 662 autent
3151 606 3341 661 Latine
3367 607 3610 661 redditur
3644 621 3672 658 a
3713 603 3786 658 I1.

2213 703 2274 757 P.
2317 704 2529 758 Nicolao
2555 703 2751 774 Raymo
2783 702 2842 757 S.
2872 701 2937 756 Τ.
2986 701 3043 754 Ρ.
3082 701 3276 755 studiis
3308 701 3458 754 ltisce
3486 698 3712 764 nostris,
3735 697 3790 749 in

2213 811 2364 865 Spem
2393 795 2771 850 continuandae
2798 792 3164 849 successionis
3196 802 3247 847 et
3273 792 3470 861 operis,
3503 807 3567 846 ex
3599 788 3798 841 volun-

2217 898 2326 942 tate
2383 889 2726 955 superiorum
2781 901 2927 940 ttttnc
2976 886 3210 954 primum
3249 884 3432 938 addito
3462 925 3474 946 ,
3514 899 3635 938 cum
3690 881 3802 938 Itnc

2213 995 2385 1050 usque
2417 994 2703 1050 progressa
2758 979 3043 1048 impressio
3079 987 3135 1031 et
3170 977 3409 1046 reliquus
3462 976 3667 1030 mensis
3700 975 3800 1030 Ju-

2216 1074 2337 1126 nius
2381 1070 2533 1140 prelo
2560 1078 2710 1124 esset
2751 1079 2995 1140 paratus.
3038 1067 3226 1138 Itaque
3257 1069 3424 1137 ipsius
3459 1081 3654 1120 nomen
3691 1067 3798 1120 nti-

2215 1179 2316 1217 nus
2345 1163 2659 1233 frequenter
2693 1162 2800 1228 Itic,
2831 1160 3271 1231 frequentissime
3312 1167 3490 1212 autem
3528 1167 3796 1220 recurret,

2217 1257 2326 1310 Deo
2374 1257 2538 1310 dante
2565 1297 2579 1322 ,
2614 1254 2665 1308 in
2698 1265 2952 1308 secuturo
2993 1264 3113 1322 post
3141 1251 3360 1308 Junium
3415 1250 3575 1320 primi
3615 1265 3798 1304 seme-

2217 1351 2346 1404 stris
2370 1348 2780 1418 Supplemento.
2816 1345 3033 1400 Interim
3081 1345 3218 1413 ejus,
3253 1342 3440 1398 Graece
3468 1343 3602 1396 bene
3631 1342 3800 1410 periti

2216 1458 2393 1512 opera:
2423 1452 2698 1512 acceptum
2729 1438 2887 1505 refer,
2933 1440 3122 1502 lector,
3155 1436 3200 1492 si
3224 1438 3358 1491 Acta
3389 1435 3600 1499 Graeca,
3631 1436 3681 1489 in
3714 1436 3804 1489 di-

2217 1533 2385 1588 midia
2429 1549 2546 1602 quae
2584 1531 2940 1602 imprimenda
2971 1539 3142 1584 restat
3172 1527 3319 1582 Junii
3354 1538 3506 1597 parte
3533 1543 3805 1583 occursu-

2218 1641 2298 1693 ra,
2330 1627 2561 1696 accipias
2581 1625 2722 1679 haud
2756 1621 2921 1694 paulo
2955 1622 3352 1686 emendatiora,
3375 1636 3535 1689 quam
3571 1619 3704 1673 dare
3731 1619 3793 1672 in

2219 1719 2384 1788 priori
2416 1726 2566 1786 parte
2594 1718 2736 1785 potui
2774 1756 2789 1779 ,
2820 1712 3191 1783 multipliciter
3240 1713 3539 1768 distractus
3597 1714 3648 1767 in
3701 1726 3802 1765 re-

2221 1809 2605 1881 sponsionibus
2645 1812 2709 1862 ad
2744 1807 3120 1864 Carmeliticas
3170 1807 3544 1861 accusationes
3595 1806 3802 1873 depro-

530 1917 640 1970 κῶν
681 1911 1034 1970 διδασκάλων,
1061 1908 1334 1961 Βασιλείον.
1371 1903 1464 1958 τοῦ
1498 1902 1773 1972 Μεγάλου,
1807 1899 2111 1971 Γρηγορίου

2220 1903 2469 1973 perandis
2498 1941 2513 1967 ,
2567 1909 2620 1954 et
2672 1899 2986 1955 defensione
3037 1898 3220 1953 Romae
3258 1907 3419 1965 atque
3466 1897 3676 1951 Hadriti
3706 1897 3804 1950 in-

526 2009 622 2064 τοῦ
651 2007 933 2074 Θεολόγον,
962 2003 1054 2056 ml.
1092 2001 1340 2054 Ἰωάννου
1373 1996 1464 2051 τοῦ
1505 1994 1912 2068 Χρυσοστὸμου.
1949 2011 1967 2039 ι
2004 1991 2113 2046 Me-

532 2104 704 2158 moria
738 2111 1050 2156 sanctorum
1105 2094 1329 2148 Patrum
1381 2103 1690 2146 nostrorum
1727 2099 1779 2142 et
1812 2085 2113 2140 (ecuuteni-

533 2211 721 2250 eorum
757 2193 1070 2256 Doctorum,
1101 2187 1285 2243 Basilii
1314 2184 1518 2255 Magni,
1553 2181 1797 2252 Gregorii
1832 2177 2110 2248 'flteologi.

530 2286 831 2343 etJoannis
862 2279 1296 2353 Chrysostomi.»

603 2425 754 2479 Hane
781 2419 1130 2478 indictionem
1161 2415 1404 2485 sequitur
1428 2414 1746 2473 sticherum,
1788 2423 1893 2461 non
1916 2407 2099 2470 unius,

530 2528 592 2574 ut
625 2516 735 2570 fere
765 2513 918 2580 alias,
944 2510 1186 2571 disticlti,
1220 2508 1314 2562 sed
1349 2505 1706 2560 distichorum
1750 2499 2108 2553 iambicorum

532 2609 754 2662 omnino
784 2603 1052 2663 sedecim;
1082 2611 1272 2667 estque
1299 2597 1350 2650 in
1378 2595 1486 2650 fine
1519 2593 1901 2655 ltexametron,
1933 2589 2113 2643 metri-

531 2717 607 2756 cae
636 2695 966 2768 epltemeridi
1004 2702 1208 2764 aptum,
1243 2692 1344 2747 hoc
1379 2688 1535 2743 modo
1569 2706 1582 2742 :

601 2816 854 2886 Δάμψεν
882 2812 973 2866 ἐνὶ
1020 2807 1344 2880 τριακοστῇ
1376 2800 1885 2874 χριοσοτρισήλιος
1909 2799 2108 2868 aly-.111.

600 2927 721 2986 Sole
754 2928 880 2981 uitet
910 2924 1102 2978 trinlici
1126 2921 1314 2976 mensis
1347 2919 1606 2972 tricesima
1630 2913 1784 2967 Iani.

2216 1994 2493 2051 struenda.
2525 1991 2634 2047 Leo
2665 1991 2892 2046 Allatius
2916 1992 2969 2046 in
2995 2006 3092 2047 sua
3125 1992 3190 2046 de
3215 1987 3549 2062 Symeonum
3575 1989 3811 2059 scriptis

2216 2087 2452 2140 Diatriba
2486 2100 2604 2152 pag.
2624 2084 2646 2138 I
2667 2082 2728 2135 12
2760 2083 2967 2136 indicat
2993 2090 3267 2152 repertunt
3297 2095 3326 2133 a
3352 2093 3410 2132 se
3441 2076 3667 2132 Joannis
3692 2094 3810 2132 me-

2221 2177 2483 2244 tropolitze
2552 2176 2935 2228 Eucltaitarttm
2992 2173 3300 2244 Ἐγκώμιον
3352 2172 3432 2233 εἰς
3476 2169 3601 2232 τοὺς
3647 2172 3810 2238 τρεῖς

2217 2271 2404 2338 ἁγίους
2457 2268 2737 2340 ἱεράρχας,
2767 2267 3046 2321 Βασίλειον
3099 2267 3189 2319 τὸν
3230 2265 3442 2333 Μέγαν,
3498 2261 3810 2334 Γρηγόριον

2219 2365 2309 2417 τὸν
2365 2363 2646 2429 Θεολόγον,
2683 2363 2778 2415 καὶ
2823 2361 3078 2429 Ἰωάννην
3125 2360 3217 2413 τὸν
3248 2358 3652 2430 Χρυσόπομον,
3696 2355 3814 2409 hoc

2222 2456 2505 2523 Ιπίηείρίον
2539 2455 2701 2523 Τρεῖς
2755 2471 2822 2523 με
2879 2451 3016 2523 πρὸς
3058 2453 3366 2524 τριώνυμον
3396 2446 3815 2521 παροτρύναυσι

2222 2544 2457 2614 κίνησιν,
2497 2560 2514 2592 ι
2542 2543 2676 2597 Tres
2702 2559 2786 2598 me
2822 2543 2888 2596 ad
2928 2543 3273 2596 trinominem
3307 2551 3510 2595 motum
3536 2538 3818 2595 exstimu-

2223 2636 2353 2688 lant.
2387 2654 2404 2684 ι
2443 2632 2659 2687 Utinam
2718 2634 3013 2688 addidtsset
3063 2632 3310 2696 Allatius,
3357 2633 3623 2688 undenam
3654 2639 3815 2685 totus

2219 2735 2506 2779 contextus
2535 2723 2757 2779 Graacus
2783 2725 2971 2779 haberi
3002 2725 3176 2795 possit
3203 2726 3218 2780 ί
3256 2724 3384 2796 quid
3419 2724 3470 2778 ni
3497 2731 3680 2777 tamen
3705 2737 3821 2778 su-

2223 2819 2495 2886 spicemur
2545 2817 2672 2870 inde
2733 2827 3009 2886 sumptam
3059 2831 3180 2872 esse
3230 2819 3403 2886 ipsant
3443 2816 3582 2870 hanc
3625 2828 3812 2882 quam

2146 2907 2188 2963 C
2225 2909 2470 2977 sublicio,
2509 2906 2840 2962 historiam?

1343 3365 1923 3462 HISTORIA
1999 3351 2942 3452 INSTITUTIONIS

1146 3700 1237 3761 Ex
1281 3692 1537 3758 Menaeis
1595 3687 1948 3768 impressis,
2003 3682 2350 3763 interprete
2399 3676 2658 3740 Nicolao
2716 3679 2950 3758 Raymo
3007 3682 3064 3737 δ.
3117 3672 3152 3740 J

606 4197 782 4253 Causa
864 4188 1022 4259 hujus
1098 4183 1218 4238 festi
1298 4178 1418 4233 talis
1497 4176 1724 4231 exstitit.
1813 4173 2114 4240 lmperaute

2303 4167 2368 4219 Ἢ
2407 4167 2549 4219 αἰτία
2577 4168 2674 4237 τῆς
2703 4164 2894 4234 ἑορτῆς
2931 4163 3118 4231 γέγονε
3159 4180 3353 4227 ουτως.
3410 4160 3531 4214 Ἐτιιλ⁵
3565 4159 3668 4228 τῆς
3717 4163 3823 4232 βας

536 4288 723 4345 Alexio
749 4258 1025 4340 Comtteno
1047 4318 1062 4343 ,
1107 4275 1197 4346 qtti
1231 4282 1350 4343 post
1381 4270 1714 4324 Botouiatetn
1766 4275 1978 4332 sceptra
2012 4262 2113 4314 int-

2226 4262 2426 4324 σιλείας
2474 4263 2565 4315 τοῦ
2610 4260 2865 4326 ’Λλεξίο·.›,
2908 4259 2966 4322 ὃς
3016 4261 3150 4330 μετά
3188 4259 3507 4326 Βοτονιάτην
3567 4258 3633 4311 τὰ
3682 4261 3829 4330 σκῆ-

538 4379 672 4450 perii
708 4373 982 4442 suscepit,
1013 4378 1130 4425 orta
1177 4377 1262 4422 est
1315 4358 1776 4429 Constantinopoli
1820 4355 2110 4417 dissensio,

2224 4367 2368 4424 πτρα
2424 4353 2519 4422 τῆς
2550 4350 2823 4421 βασιλείας
2867 4350 3102 4415 ἐδέξατο,
3140 4353 3196 4403 ἐν
3238 4350 3832 4404 Κωνσταντινουπόλει

539 4447 681 4525 inter
712 4470 859 4522 viros
893 4464 1117 4519 scientia
1166 4469 1221 4515 et
1273 4461 1395 4512 vitae
1427 4453 1703 4526 probitate
1758 4447 2107 4514 conspicuos.

538 4562 643 4618 Alii
692 4554 1148 4614 commendabant
1199 4550 1448 4621 Magnum
1484 4545 1739 4600 Basilium
1769 4585 1785 4609 ,
1825 4542 2093 4604 dicentes,

541 4670 664 4708 eum
708 4652 812 4705 alta
852 4659 907 4703 et
936 4659 1128 4715 magna
1161 4644 1477 4711 praedicare,
1515 4652 1691 4690 rerum
1718 4632 1956 4688 omnium
2011 4647 2110 4684 na-

541 4756 713 4800 turam
770 4739 984 4810 ingenio
1040 4736 1334 4797 discutere,
1389 4733 1590 4784 virtute
1633 4726 1803 4779 ferme
1842 4737 2113 4792 superare

539 4834 759 4906 angelos
789 4873 803 4897 ,
839 4830 921 4885 vel
968 4845 1072 4882 non
1129 4824 1286 4880 facile
1325 4824 1457 4892 ipsis
1513 4819 1850 4880 concedere;
1911 4815 2111 4885 pollere

540 4905 751 4983 morum
806 4922 1072 4992 gravitate
1102 4957 1116 4982 ,
1155 4929 1330 4984 neque
1360 4913 1656 4981 quidquam
1695 4917 1970 4962 terrenum
2017 4905 2113 4958 Ita-

539 5021 688 5074 bere.
719 5013 1099 5069 Extenuabaut
1128 5020 1305 5063 autem
1336 5005 1497 5058 iidem
1538 5002 1610 5056 illi
1639 4999 1878 5054 divinum
1921 4998 2102 5067 Chry-

541 5118 867 5168 sostomunt,
897 5103 1047 5171 quasi
1078 5100 1204 5154 ltuic
1244 5098 1467 5152 omnino
1495 5095 1823 5163 Oppositum,
1862 5107 1923 5144 ac
1956 5090 2112 5143 talem

539 5203 696 5271 cujus
726 5198 990 5268 optimum
1026 5207 1296 5263 quemque
1349 5187 1603 5242 facillime
1637 5187 1880 5239 taederet.
1911 5183 2012 5235 Alii
2072 5197 2101 5234 e

541 5294 815 5349 contrario
842 5286 1094 5342 eumdem
1141 5286 1380 5340 divinum
1413 5282 1858 5352 Cltrysostomum
1893 5278 2117 5330 extolle-

538 5389 695 5451 bant,
728 5384 874 5437 velut
905 5379 1198 5449 impensius
1234 5377 1470 5430 deditum
1496 5375 1776 5436 doctrinae,
1804 5380 1858 5425 et
1896 5376 2121 5422 cunctos

540 5482 828 5533 ducentem
879 5474 1102 5527 lenitate
1125 5470 1389 5523 orationis
1411 5509 1424 5534 ,
1461 5477 1849 5533 vocantemque
1875 5461 1940 5515 ad
1976 5461 2112 5514 resi-

539 5565 898 5640 piscentiam;
930 5564 1141 5616 demum
1178 5560 1554 5612 melliﬂuorum
1599 5558 1883 5611 verborum
1938 5552 2112 5604 multi-

554 5661 738 5711 tudine
762 5667 815 5709 et
850 5654 1149 5710 subtilitate
1186 5653 1576 5718 cogitationum
1609 5665 1730 5702 eum
1759 5644 2115 5715 praeferebant

547 5751 739 5815 Magno
775 5748 973 5799 Basilio
1001 5755 1053 5797 et
1086 5743 1350 5809 Gregorio
1374 5741 1665 5806 Tlteologo.
1694 5738 1794 5787 Alii
1825 5752 1948 5804 erga
1979 5736 2120 5787 hunc

555 5839 726 5905 magis
754 5836 1144 5898 alliciebantttr,
1177 5833 1398 5900 perinde
1433 5847 1495 5885 ac
1542 5832 1585 5883 si
1617 5829 1851 5894 eleganti
1885 5866 1899 5890 ,
1933 5827 2100 5886 vario,

2223 4447 2411 4508 στάσις
2440 4443 2627 4512 γέγονε
2653 4443 2802 4515 παρὰ
2830 4443 2938 4496 τῶν
2968 4443 3265 4511 ἐλλογίμων
3296 4442 3388 4494 καὶ
3421 4440 3696 4511 ὲναρέτων
3725 4444 3833 4495 ἁν-

2218 4537 2394 4610 δρῶνο
2438 4537 2545 4588 τῶν
2599 4537 2696 4606 μὲν
2740 4535 3138 4608 ὑπερτιοέντων
3173 4532 3261 4584 τὸν
3287 4531 3469 4601 Μέγαν
3507 4531 3828 4601 Βασίλειον,

2221 4632 2495 4701 ὺψήγορον
2526 4630 2687 4682 αὑτὸν
2740 4629 3031 4696 λεγόντων,
3069 4625 3144 4688 ὡς
3173 4624 3270 4695 τὴν
3303 4625 3413 4678 τῶν
3441 4625 3607 4678 ὅντων
3646 4625 3832 4692 φύσιν

2220 4726 2643 4796 ὲξερεννήσαντα
2671 4722 2762 4774 καὶ
2783 4725 2900 4785 ταῖς
2931 4721 3151 4789 ἀρεταῖς
3185 4717 3382 4787 μικροῦ
3407 4719 3519 4778 τοῖς
3556 4717 3830 4785 ἀγγέλοις

2223 4816 2733 4889 παραμιλλώμενον,
2763 4815 2856 4867 καὶ
2898 4812 2971 4884 μὴ
3001 4811 3045 4864 δ’
3085 4813 3146 4865 ἐκ
3170 4811 3262 4865 τοῦ
3287 4808 3575 4881 προχείρου
3603 4826 3832 4880 συγχω-

2224 4912 2437 4981 ροῦντα,
2491 4910 2584 4962 καὶ
2637 4908 2698 4960 τὸ
2757 4903 2888 4978 ἦθος
2945 4903 3208 4976 ἐμϐριθῆ,
3267 4905 3361 4956 καὶ
3420 4901 3587 4973 μηδὲν
3618 4905 3827 4971 γήινον

2221 5001 2428 5072 ἔχοντα·
2467 4999 2905 5065 ὑποϐιὸαζόντων
2930 4998 2988 5052 δὲ
3011 4998 3100 5051 τὸν
3131 4997 3275 5050 Θεῐον
3305 4995 3722 5067 Χρυσόστομον,
3744 4996 3829 5059 ὡς

2226 5094 2482 5158 ἐναντίως
2517 5091 2675 5162 δῆθεν
2708 5091 2903 5160 ἐκείνῳ
2938 5089 3278 5160 διακείμενον
3323 5086 3461 5140 κατὰ
3491 5084 3550 5137 τὸ
3586 5084 3822 5154 πρόχει-

2225 5203 2313 5257 ρον
2341 5181 2479 5240 εἶναι
2511 5186 2604 5241 καὶ
2638 5185 2884 5236 ἑλκτικὸν
2913 5184 2992 5246 εἰς
3019 5183 3324 5252 μετάνοιαν·
3368 5179 3477 5232 τῶν
3517 5176 3574 5228 δὲ
3621 5176 3826 5231 τοῦτον

2221 5278 2283 5349 δὴ
2315 5279 2404 5331 τὸν
2430 5278 2569 5330 Οείον
2600 5278 2983 5346 Χρυσὸστομον
3013 5273 3312 5344 ὑψούντων,
3353 5271 3428 5333 ὡς
3445 5268 3825 5341 ἀνθρωπικώ-

2221 5387 2375 5440 τερον
2398 5368 2735 5436 διακείμενον
2758 5369 2877 5429 ταῖς
2911 5364 3302 5426 διδασκαλίαις,
3330 5362 3425 5414 καὶ
3452 5360 3528 5430 τῷ
3552 5360 3686 5431 λείῳ
3716 5364 3827 5432 τῆς

2225 5462 2475 5531 φράσεως
2523 5461 2731 5521 πάντας
2767 5455 3187 5526 καθώηγοῦντα,
3231 5456 3325 5505 καὶ
3357 5452 3493 5522 πρὸς
3520 5451 3827 5522 μετάνοιαν

2225 5555 2453 5608 ὲκκαλοὺ
2464 5571 2642 5623 μενον,
2681 5552 2774 5606 καὶ
2792 5550 2868 5619 τῷ
2888 5549 3077 5620 πλήθει
3103 5547 3209 5599 τῶν
3247 5545 3584 5616 μελιρῤύτων
3615 5542 3824 5613 λόγων,

2229 5648 2402 5715 καὶτῇ
2435 5648 2551 5698 κατ’
2589 5645 2797 5696 ἔννοιαν
2815 5643 3077 5712 δεινότητι
3116 5638 3482 5709 προτιθέντων
3514 5635 3606 5689 τοῦ
3632 5653 3692 5688 τε
3729 5656 3830 5706 με·

2232 5738 2395 5797 γάιλου
2430 5736 2708 5787 Βατιλεὶου
2738 5736 2832 5786 καὶ
2867 5732 3192 5801 Γρηγορίου·
3226 5731 3428 5801 ἐτέρων
3466 5728 3522 5779 δὲ
3562 5727 3640 5796 τῷ
3681 5727 3826 5780 Θεο-

2236 5826 2375 5891 λόγῳ
2416 5826 2696 5893 Γρηγορίῳ
2724 5824 3155 5891 προσκειμένων,
3187 5822 3279 5872 ἆτε
3303 5821 3366 5887 δὴ
3398 5817 3476 5886 τῷ
3507 5815 3708 5884 κομψῷ
3728 5816 3826 5866 καὶ
