4058 6450
1489 388 1808 438 ιιιδίιυιιιΑ
1850 387 2336 441 l-NTITUTIONIS.

3346 404 3389 438 C.
3411 402 3530 440 CXCI

284 520 366 571 τῳ
407 500 829 569 πεποικιλμένῳ,
889 519 964 569 τῳ
1015 501 1242 570 διατόρῳ
1275 517 1330 550 τε
1380 498 1484 548 τιίον
1539 499 1730 565 λόγων,
1769 507 1856 552 καὶ

1980 502 2381 567 insinuantique
2418 519 2480 558 ac
2511 506 2700 560 ﬂorido
2724 503 2932 558 dicendi
2962 515 3158 572 genere
3184 500 3398 552 τίνι-ειη
3419 516 3537 551 uin-

284 596 367 665 τῷ
393 597 500 649 τῶν
532 594 728 658 λέξεων
771 592 1010 662 ἀνθηρῷ,
1039 594 1242 655 πάντας
1282 592 1405 652 τοὺς
1435 591 1524 640 ἐττί
1565 595 1628 659 τῇ
1675 592 1859 660 Ἐλλη-

286 691 413 759 νικῇ
451 686 667 756 παιδείᾳ
715 686 1052 753 διαϐοήτους,
1089 686 1181 737 καὶ
1209 685 1332 744 τοὺς
1368 681 1486 734 καθ’
1521 682 1661 751 ἡμᾶς
1696 685 1862 752 ὑπερ-

285 781 465 834 ϐάντι.
510 778 615 831 Καὶ
667 778 840 847 τούτῳ
878 779 976 850 τὴν
1009 779 1245 832 νικῶσαν
1293 775 1562 835 διδόντων,
1599 777 1861 828 κάκείνων

287 870 762 942 ὑπερὸιὸαζόντων
794 873 976 934 αὑτὸν,
1023 873 1094 932 ὡς
1141 867 1479 938 συμϐαίνειν,
1530 867 1861 938 διαιρεθῆναι

285 965 359 1017 τά
385 963 582 1036 πλήθη,
611 966 704 1019 καὶ
729 967 851 1024 τοὺς
895 964 992 1032 μὲν
1033 963 1336 1024 Ίωαννίτας
1361 960 1633 1028 λέγεσθαι,
1655 964 1778 1023 τοὺς
1806 962 1862 1014 δὲ

290 1057 630 1120 Βατιλείτας,
677 1055 1042 1126 Γρηγορείτας
1075 1053 1131 1105 δὲ
1164 1056 1287 1117 τοὺς
1316 1053 1555 1114 λοιπούς.

377 1193 497 1244 Ἐπὶ
548 1191 754 1250 τούτοις
804 1189 865 1260 δὴ
917 1190 1029 1249 τοῖς
1048 1189 1269 1259 ὀνόμασι
1332 1190 1439 1242 τῶν
1502 1190 1627 1259 περὶ
1676 1189 1862 1256 λόγους

291 1279 712 1344 στασιαζόντων,
744 1280 836 1331 καὶ
875 1279 1076 1333 τούτων
1101 1281 1241 1335 οὕτω
1282 1282 1585 1352 λεγομένων
1615 1281 1706 1331 ἐπὶ
1743 1281 1864 1349 χρό-

290 1387 404 1433 νοις
457 1369 760 1442 ὲσύστερον,
798 1370 1118 1425 όπτάνονται
1179 1373 1226 1423 οἱ
1279 1372 1532 1442 μέγιστοι
1567 1365 1710 1422 οὗτοι
1745 1368 1862 1421 καθ’

288 1463 391 1514 ἕνα
438 1461 717 1533 πρότερον,
766 1458 882 1514 εἶτα
933 1464 1024 1514 καὶ
1070 1463 1182 1531 ἃμα
1210 1462 1399 1531 (ὕπαρ,
1440 1462 1540 1513 οὐκ
1591 1460 1740 1529 δναρ)
1789 1460 1864 1531 τῷ

288 1555 416 1608 τότε
464 1555 564 1625 τῆς
599 1553 872 1624 Εὑχαῖτῶν
905 1553 1110 1613 πόλεως
1141 1550 1250 1602 τῶν
1288 1551 1447 1621 ἱερῶν
1497 1550 1861 1622 ἑξηγουμένῳ,

304 1647 526 1718 Ἰωάννῃ
580 1643 656 1713 τῷ
713 1644 852 1694 πάνυ
887 1643 1060 1712 ἀνδρὶ,
1110 1642 1276 1694 τᾶλλα
1309 1642 1405 1710 μὲν
1447 1642 1733 1713 ἐλλογίμῳ,
1774 1647 1866 1697 καὶ

289 1741 537 1801 παιδείας
574 1736 889 1806 Ἑλληνικῆς
916 1737 1014 1790 οὐκ
1040 1735 1264 1806 ἀμαθῶς
1286 1735 1478 1804 ἔχοντι,
1505 1736 1580 1800 ὡς
1618 1737 1682 1788 τὰ
1723 1736 1866 1807 αὐτῷ

292 1829 596 1899 πονηθέντα
619 1827 907 1890 δείκνυσιν,
933 1829 1131 1900 ἀρετῆς
1165 1828 1221 1881 δὲ
1255 1829 1335 1890 είς
1370 1827 1536 1896 ἄκρον
1566 1827 1860 1897 ἐληλυθότι·

291 1919 388 1970 καὶ
415 1919 511 1987 μιᾷ
551 1918 762 1990 γλώττῃ
795 1921 925 1988 φασὶ
965 1920 1099 1990 πρὸς
1137 1919 1318 1972 αὐτόν·
1375 1918 1564 1988 Ἡμεῖς
1591 1918 1648 1969 ἓν
1679 1918 1862 1985 ἐσμεν,

288 2011 368 2073 ὡς
404 2011 555 2082 ὁρᾷς,
586 2012 734 2081 παρὰ
766 2011 842 2082 τῷ
886 2012 1026 2081 Θεῷ,
1057 2013 1150 2064 καὶ
1185 2011 1333 2064 οὐδὲν
1371 2013 1499 2081 ἡμῖν
1528 2009 1863 2072 ὑπεναντίον,

287 2103 412 2156 οὐδὲ
445 2102 701 2174 μάχιμον·
734 2103 868 2156 αλλὰ
918 2105 1130 2172 καιροῖς
1188 2102 1334 2166 ἰδίοις
1367 2103 1596 2165 ἕκαστος
1641 2101 1719 2172 τῷ
1741 2100 1867 2172 θείῳ

291 2197 610 2265 κρουόμενοι
633 2194 928 2266 Πνεύματι,
962 2194 1059 2256 τὰς
1085 2195 1218 2262 πρὸς
1238 2196 1506 2265 σωτηρίαν
1535 2195 1641 2248 τῶν
1660 2197 1868 2268 ἀνθρώ-

293 2305 412 2340 πων
434 2287 780 2349 διδασκαλίας
811 2285 1291 2356 συνεγραψάμεθα,
1329 2287 1421 2338 καὶ
1459 2286 1494 2338 ἃ.
1535 2269 1864 2358 ὲμυοόμεθα,

293 2378 691 2448 ὲκδεδώκαμεν·
739 2378 831 2431 καὶ
862 2382 890 2431 ὁ
925 2377 1140 2448 πρῶτος
1173 2380 1229 2430 ὲν
1265 2381 1394 2448 ἡμῖν
1421 2379 1517 2430 οὐκ
1541 2379 1706 2440 ἔστιν,
1745 2378 1866 2430 οὗτε

294 2474 404 2542 μήν
418 2473 523 2539 γεό
548 2471 816 2542 δεύτερος·
851 2470 964 2523 ἀλλ’
999 2471 1046 2522 εἰ
1074 2470 1164 2523 τὸν
1187 2470 1281 2521 ἕνα
1306 2469 1497 2533 λέξεις,
1527 2473 1574 2522 οἱ
1616 2469 1708 2521 δύο
1732 2487 1868 2540 παρ-

291 2563 537 2618 έπονται.
597 2563 758 2616 Ὅθεν
804 2563 989 2617 κέλευε
1039 2562 1277 2625 ἀναστὰς
1325 2565 1435 2624 τοῖς
1494 2561 1868 2625 στασιάζουσιν

291 2657 605 2728 ὑπὲρήμῶν
635 2657 708 2729 μὴ
734 2655 1060 2711 διίστασθαι·
1096 2656 1301 2726 σπουδὴ
1328 2655 1435 2728 γάρ
1469 2657 1561 2708 καὶ
1608 2654 1740 2719 ζῶσι
1779 2656 1869 2709 καὶ

295 2750 624 2815 μεταστᾶσιν
657 2751 786 2817 ἡμῖν
821 2749 1140 2818 εἰρηνεύειν,
1186 2749 1280 2800 καὶ
1307 2751 1384 2810 είς
1415 2747 1664 2817 ὁμόνοιαν
1717 2748 1868 2816 ἄγειν

290 2835 362 2888 τά
399 2837 626 2908 πέρατα·
655 2838 786 2889 ἀλλὰ
810 2838 900 2890 καὶ
926 2838 1106 2907 ἡμέρα
1132 2839 1226 2906 μιᾷ
1250 2835 1499 2903 σύναψον.
1530 2837 1658 2896 Καὶ,
1689 2835 1762 2898 ὣς
1788 2854 1868 2888 σοι

293 2929 591 2998 προσῆκον,
633 2928 698 2980 τά
728 2929 822 2998 τῆς
853 2929 1047 3000 ἑορτῆς
1088 2930 1216 2998 ἡμῖν
1252 2927 1584 2988 ὲπιτέλεσον,
1616 2928 1709 2979 καὶ
1757 2929 1870 2989 τοῖς

292 3018 424 3089 ὲξῆς
458 3020 713 3089 παράδος,
769 3021 843 3084 ὡς
875 3022 1036 3090 ἡμεῖς
1070 3022 1127 3073 ἓν
1163 3021 1330 3090 ἐσμεν
1363 3019 1438 3089 τῷ
1479 3019 1618 3090 Θεῷ,
1657 3019 1872 3082 πάντως

287 3112 349 3166 δὲ
383 3114 475 3166 καὶ
510 3115 666 3184 ἡμεῖς
695 3116 805 3176 τοῖς
840 3114 1118 3166 ἐκτελοῦσι
1155 3115 1251 3183 τὴν
1285 3114 1525 3184 μνήμην,
1564 3113 1632 3165 τὰ
1657 3115 1736 3177 εἰς
1766 3130 1869 3165 σω-

1966 617 2081 666 nes,
2110 604 2198 669 qui
2227 604 2388 656 etiam
2422 614 2606 658 nostra
2631 607 2792 653 aetate
2825 597 3064 658 fuerunt,
3099 593 3236 647 fama
3260 589 3537 645 Graecani-

1964 710 2040 750 ca:
2074 694 2398 749 eruditionis
2434 695 2686 764 insignes.
2712 691 2778 745 Et
2818 690 2870 742 hi
2925 689 3048 742 huic
3093 686 3295 757 primas
3321 682 3534 737 defere-

1967 789 2129 855 bant,
2179 787 2298 842 aliis
2374 804 2464 842 eas
2542 784 2989 843 transferentibus
3050 784 3100 836 in
3178 779 3331 834 alios.
3388 776 3539 832 Umle

1967 881 2166 936 factum
2198 892 2299 946 est,
2334 893 2410 946 ut,
2456 882 2629 935 scisso
2665 881 2843 934 studia
2893 879 2940 932 in
3000 876 3272 928 contraria
3330 873 3536 926 incerto

1968 973 2147 1041 vulgo,
2179 975 2266 1028 alii
2325 972 2611 1038 Joannitm,
2643 969 2732 1023 alii
2769 969 3025 1033 Basilitzr,
3057 963 3364 1033 Gregorita:
3394 961 3536 1015 voci-

1975 1074 2223 1120 tarentur
2251 1067 2360 1120 alii.

2040 1199 2178 1269 Ergo
2217 1204 2340 1256 dum
2385 1201 2484 1253 suh
2525 1198 2607 1252 his
2641 1198 2943 1252 nominibus
2996 1198 3129 1250 inter
3182 1212 3239 1252 se
3292 1201 3537 1250 oratores

1967 1291 2302 1358 disceptant,
2369 1291 2586 1345 maximi
2625 1291 2737 1355 illi,
2766 1291 2831 1344 de
2881 1290 3074 1360 quibus
3118 1291 3344 1357 agimus,
3404 1285 3535 1340 doc-

1969 1393 2111 1437 tores
2164 1384 2393 1452 pt'itnum
2461 1384 2728 1448 seorsim,
2781 1383 2970 1436 deinde
3027 1390 3079 1435 ct
3133 1379 3292 1433 simul
3353 1381 3538 1432 viden—

1969 1475 2067 1527 dos
2092 1488 2209 1527 sese
2248 1475 2482 1528 offerunt
2515 1473 2728 1534 Joanni,
2764 1485 2891 1527 tunc
2926 1474 2977 1525 in
3029 1471 3415 1525 liuehaitarum
3465 1469 3538 1521 ci-

1969 1564 2133 1616 vitate
2161 1567 2333 1618 sacris
2369 1565 2642 1631 prtefecto,
2676 1563 2831 1616 valde
2869 1562 3144 1632 praestanti
3172 1562 3316 1622 viro,
3350 1569 3404 1612 et
3438 1573 3540 1611 cm—

1971 1665 2081 1708 let‘a
2122 1656 2334 1724 quidem
2367 1657 2589 1720 celebri,
2620 1672 2792 1725 neque
2821 1656 2910 1723 (ut
2944 1653 3185 1707 indicant
3211 1666 3330 1719 qua.-
3361 1649 3541 1703 elabo-

1972 1746 2109 1799 ravit
2133 1745 2417 1813 opuscula)
2444 1746 2692 1814 imperito
2715 1745 3036 1800 Graecanica:
3066 1741 3418 1803 eruditionis;
3447 1739 3540 1792 sed

1970 1839 2260 1894 celebriori
2297 1847 2516 1907 propter
2547 1839 2819 1901 virtutem,
2847 1839 3002 1905 cujus
3035 1838 3238 1904 apicem
3264 1835 3536 1904 attigerat.

1975 1932 2111 1985 Vera
2147 1932 2282 1986 visio
2320 1929 2451 1993 fuit,
2488 1945 2590 1984 non
2619 1930 2884 1983 somnium
2919 1947 2932 1983 :
2963 1939 3016 1982 et
3049 1931 3159 1983 ha:c
3188 1929 3253 1982 ad
3281 1925 3539 1981 Joannem

1973 2021 2133 2073 missa
2166 2037 2268 2075 vox
2305 2033 2385 2076 est
2419 2041 2431 2075 :
2472 2020 2579 2075 Nos
2612 2036 2777 2074 unum
2831 2035 3018 2074 sumus
3048 2059 3062 2083 ,
3090 2031 3146 2073 ut
3173 2019 3353 2080 vides,
3402 2020 3540 2086 apud

1980 2110 2176 2174 Deum,
2213 2122 2266 2164 et
2293 2113 2435 2164 nulla
2465 2127 2549 2167 est
2575 2113 2714 2167 inter
2744 2127 2838 2165 nos
2862 2111 3145 2173 dissensio,
3167 2108 3308 2162 nttlla
3333 2124 3536 2176 pugna;

1978 2216 2168 2255 verum
2222 2219 2357 2268 quas
2409 2205 2521 2257 suis
2564 2205 2794 2275 quisque
2829 2204 3181 2272 temporibus,
3214 2201 3395 2255 divino
3444 2203 3542 2253 iui-

1970 2291 2106 2361 puisi
2156 2289 2383 2361 Spiritu,
2417 2292 2574 2348 utiles
2625 2295 2690 2347 ad
2741 2293 3015 2347 hominum
3057 2293 3285 2346 salutem
3320 2291 3541 2344 tradidi-

1972 2401 2090 2438 mus
2126 2386 2558 2454 prteceptiones;
2597 2393 2651 2438 et
2693 2401 2810 2455 qua:
2851 2386 3196 2439 discehaems
3224 2398 3444 2442 arcana.
3477 2397 3540 2434 ea

1973 2475 2024 2526 in
2054 2474 2226 2527 lucem
2257 2477 2562 2530 emisimus.
2593 2473 2776 2545 Neque
2804 2491 2932 2531 vero
2959 2475 3245 2544 quisquam
3282 2472 3421 2526 inter
3444 2488 3542 2526 nos

1975 2565 2180 2632 primus
2216 2574 2319 2629 est,
2347 2582 2445 2620 nec
2475 2569 2766 2622 secundus.
2805 2567 2862 2621 Si
2891 2584 3052 2620 unum
3087 2580 3271 2629 voces,
3320 2565 3425 2617 duo
3455 2579 3541 2616 se—

1973 2665 2230 2723 quuntur.
2270 2656 2478 2711 Idcirco
2538 2673 2697 2725 surge
2722 2698 2735 2720 ,
2773 2669 2828 2713 et
2862 2659 2945 2711 ilic
2976 2658 3238 2727 partibus,
3267 2671 3333 2709 ne
3371 2655 3542 2707 nostri

1972 2759 2136 2798 causa
2184 2743 2487 2798 dissideant
2522 2760 2537 2797 :
2583 2759 2704 2797 nam
2739 2745 2791 2799 in
2828 2759 2890 2798 ea
2943 2743 3271 2814 cogitatione
3298 2750 3540 2812 curaque

1973 2850 2275 2902 versamur,
2314 2845 2371 2890 ut
2400 2837 2551 2890 vivos
2585 2839 2728 2891 inter
2753 2845 2807 2890 et
2839 2852 2936 2891 nos
2965 2836 3053 2905 qui
3085 2851 3114 2890 e
3144 2835 3280 2888 vivis
3307 2834 3546 2889 excessi-

1974 2939 2116 2987 mus,
2150 2926 2474 2979 concilietur
2499 2942 2628 2994 pax,
2660 2937 2714 2979 et
2750 2928 2802 2979 in
2848 2926 3190 2979 concordiam
3219 2922 3543 2978 reducantur

1979 3024 2247 3069 extrema.
2277 3015 2444 3082 Quem
2473 3017 2524 3070 in
2559 3016 2716 3069 linem
2746 3031 2841 3070 nos
2875 3032 2981 3070 uno
3013 3017 3096 3070 die
3126 3017 3389 3084 conjunge
3420 3031 3431 3066 :
3465 3025 3542 3078 et.

1974 3108 2428 3175 quemadmodum
2465 3117 2517 3162 te
2561 3109 2762 3175 decet,
2805 3109 2943 3163 diem
2978 3108 3127 3162 illum
3166 3107 3320 3162 nobis
3349 3108 3541 3162 festum

290 3207 484 3276 τηρίαν
547 3203 977 3275 συμπράξοιμεν·
1009 3204 1270 3275 δοκοῦμεν
1327 3205 1434 3275 γάρ
1486 3223 1534 3257 τι
1583 3205 1675 3259 καὶ
1714 3206 1865 3274 ἡμεῖς

1979 3215 2236 3256 consecra
2276 3242 2291 3267 ,
2333 3201 2515 3270 itaque
2575 3202 2800 3254 ostende
2853 3217 2948 3255 nos
2982 3215 3163 3255 coram
3219 3199 3328 3255 Deo
3379 3214 3542 3252 unum

289 3295 436 3364 ἔχειν
470 3297 619 3365 παρὰ
671 3295 747 3365 τῷ
781 3296 918 3365 Θεῷ,
975 3295 1158 3348 Ταῦτα
1192 3297 1437 3358 εἰπόντες
1477 3295 1655 3359 ἔδοξαν
1712 3292 1864 3358 αὖθις

288 3387 374 3448 εἰς
408 3386 667 3456 οὐρανοὺς
697 3388 1018 3448 ἁναπτάναι,
1047 3387 1181 3456 φωτὶ
1205 3386 1415 3457 ἀπείρῳ
1441 3387 1866 3458 καταλαμπόμε-

290 3493 394 3539 νοι,
428 3477 521 3530 καὶ
542 3477 800 3547 ὀνομαστὶ
827 3477 1089 3546 ἀλλήλους
1130 3477 1608 3549 μετακαλούμενοι.

1978 3305 2121 3346 esse.
2157 3287 2265 3344 Nos
2292 3298 2477 3343 autem
2508 3286 2668 3342 simul
2689 3286 2938 3342 dabimus
2969 3303 3182 3341 omnem
3212 3300 3450 3355 operam,
3488 3294 3546 3336 ut.

1976 3383 2200 3450 hujusce
2255 3384 2332 3437 rei
2393 3383 2707 3438 memoriam
2776 3380 3101 3435 celebraturi
3165 3378 3433 3447 accipiant
3479 3379 3544 3432 ad

1981 3484 2237 3529 aeternam
2283 3475 2512 3530 salutem
2548 3475 2789 3531 subsidia
2819 3495 2832 3531 :
2865 3475 3108 3529 videmur
3140 3474 3303 3527 etiam
3361 3482 3414 3525 ct
3449 3486 3546 3525 nos

291 3583 454 3636 posse
488 3569 688 3637 aliquid
729 3575 866 3639 apud
899 3569 1086 3627 Deum.
1122 3571 1214 3625 His
1267 3573 1423 3626 dictis
1470 3572 1566 3626 visi
1611 3580 1736 3625 sunt
1779 3569 1974 3625 iterum
2027 3569 2316 3624 subrolare
2372 3570 2420 3622 in
2475 3571 2694 3636 coelum,
2727 3573 2892 3624 multa
2953 3569 3068 3624 luce
3120 3568 3455 3631 circumfusi,
3489 3576 3545 3621 et

295 3663 436 3717 alter
479 3663 705 3716 alterum
752 3680 848 3718 suo
881 3680 1148 3734 quemque
1179 3667 1394 3720 nomine
1426 3667 1831 3734 compellantes.

377 3774 434 3828 '0
494 3775 548 3828 δὲ
595 3776 735 3839 θεῖος
775 3780 980 3842 ἐκεῖνος
1045 3778 1203 3850 ἀνὴρ,
1262 3780 1290 3830 ὁ
1340 3778 1614 3849 Εὑχαῖτῶν
1673 3777 1869 3849 δηλαδὴ

305 3867 579 3936 Ἰωάννης,
616 3868 797 3932 καθὼς
821 3873 869 3922 οἱ
901 3872 1083 3940 ’Ἅγιοι
1123 3875 1483 3943 εἰσηγήσαντο
1521 3872 1864 3944 διεπράξατο·

296 3961 355 4012 τό
389 3978 447 4012 τε
501 3960 705 4030 πλῆθος
759 3962 852 4013 καὶ
908 3966 1031 4026 τοὺς
1076 3965 1464 4028 στασιάζοντας
1518 3964 1870 4028 καταστείλας

292 4053 488 4121 (δδόκει
516 4054 610 4106 καὶ
638 4054 746 4124 γὰρ
781 4054 1051 4126 ἐπ’άρετῇ
1085 4055 1364 4125 διαϐόητος
1388 4059 1414 4109 ό
1447 4059 1603 4128 ἀνὴρ)
1626 4060 1723 4128 τὴν
1754 4059 1872 4128 ἑορ-

291 4144 391 4213 τὴν
424 4143 626 4214 ταύτην
674 4144 956 4216 παρέδωκε
988 4148 1052 4217 τῇ
1102 4147 1394 4220 Ἐκκλησία
1421 4150 1693 4219 ἑορτάξειν
1727 4153 1863 4222 Θεῷ.

293 4237 407 4289 Καὶ
438 4237 537 4306 ὅρα
562 4253 649 4307 μοι
678 4237 737 4290 τὸ
767 4239 1022 4310 φρόνημα
1054 4239 1146 4293 τοῦ
1173 4241 1383 4313 ἀνδρός.
1431 4244 1582 4296 Ἐπεὶ
1610 4244 1716 4315 γὰρ
1741 4239 1866 4316 εὗρε

291 4327 387 4380 τον
424 4328 745 4400 Ἰανουάριον
770 4331 931 4400 μῆνα,
958 4333 1082 4395 τοὺς
1111 4336 1256 4404 τρεῖς
1288 4333 1474 4404 ἔχοντα
1500 4337 1738 4400 τούτους,
1767 4355 1865 4389 κα-

291 4420 362 4472 τὰ
416 4419 513 4490 μὲν
542 4421 638 4490 τὴν
679 4420 899 4492 πρώτην
947 4423 1038 4475 τὸν
1082 4425 1254 4493 μέγαν
1291 4427 1585 4492 Βασίλειον,
1620 4430 1758 4482 κατὰ
1810 4429 1866 4483 δὲ

289 4511 392 4580 τὴν
423 4511 670 4581 είκοστὴν
715 4511 971 4583 πέμπτην
1001 4516 1093 4567 τὸν
1124 4515 1264 4569 θεῖον
1292 4518 1608 4589 Γρηγόριον,
1646 4521 1785 4574 κατὰ
1811 4522 1866 4575 δὲ

289 4604 391 4674 τὴν
424 4603 672 4674 εἰκοστὴν
698 4604 931 4676 ἑϐδόμην
958 4607 1046 4658 τὸν
1077 4605 1216 4660 θεῖον
1247 4609 1647 4681 Χρυσόστομον,
1669 4613 1869 4682 συνῆψε

293 4691 458 4744 πάλιν
489 4692 682 4755 αὐτοὺς
714 4693 982 4767 κατὰ-τὴν
1015 4700 1363 4770 τριακοστὴν,
1399 4702 1584 4753 κανόσι
1626 4704 1716 4755 καὶ
1744 4721 1869 4774 τρο-

292 4783 514 4853 παρίοις
541 4786 635 4838 καὶ
675 4786 970 4855 ἐγκωμίοις
1011 4790 1355 4860 καταστέψας
1373 4790 1447 4854 ὡς
1472 4793 1748 4863 προσῆκεν
1781 4797 1871 4848 αὺ-

289 4876 424 4937 τοῖς·
463 4875 497 4926 ἃ
519 4878 612 4929 καὶ
638 4877 815 4930 νεύσει
847 4878 1044 4943 αὐτῶν,
1082 4881 1156 4943 ὼς
1201 4877 1374 4953 οἶμαι,
1405 4886 1684 4952 γεγονότα,
1720 4887 1868 4940 οὐδε-

290 4964 383 5027 νὸς
413 4963 686 5019 λείπονται
712 4967 821 5022 τῶν
858 4971 938 5033 είς
968 4969 1213 5037 ἔπαινον,
1238 4974 1314 5036 ὼς
1345 4977 1436 5028 καὶ
1471 4979 1867 5053 πάντωνὺπερ-

291 5053 504 5106 κεῖσθαι
540 5055 649 5109 τῶν
675 5058 772 5111 ὅσα
806 5077 864 5112 τε
909 5059 969 5126 ἐξ
993 5063 1200 5116 ἐκείνου
1227 5065 1496 5133 γεγόνασι,
1534 5070 1623 5122 καὶ
1654 5070 1753 5124 ὅσα
1781 5087 1870 5139 γε-

290 5149 566 5216 νήσονται.

365 5431 544 5490 Ἦσαν
578 5440 632 5492 δὲ
691 5443 790 5509 τὴν
830 5443 976 5499 θέσιν
1024 5447 1117 5498 τοῦ
1178 5447 1427 5519 σώματος
1461 5451 1552 5503 καὶ
1592 5452 1690 5522 τὴν
1742 5470 1869 5524 μορ-

290 5529 400 5598 φὴν
444 5531 493 5582 οί
542 5531 722 5599 Ἀγιοι
775 5528 920 5588 οὗτοι
969 5537 1182 5606 ἔχοντες
1223 5540 1411 5604 οὕτως.
1477 5542 1533 5595 '0
1573 5544 1669 5612 μὲν
1727 5542 1867 5608 θεῖος

291 5622 698 5695 Χρυσόστομος,
735 5628 833 5698 τὴν
871 5629 1012 5682 ίδέαν
1035 5631 1126 5683 τοῦ
1154 5631 1505 5704 σώματος,ἧν
1543 5637 1744 5708 βραχὺς
1769 5639 1870 5692 πά-

290 5730 356 5766 νυ
379 5713 478 5784 τὴν
509 5717 742 5786 ἡλικίαν,
767 5721 1009 5792 μεγάλην
1041 5722 1281 5795 κεφαλὴν
1304 5729 1411 5788 τοῖς
1428 5725 1596 5797 ὤμοις
1629 5729 1865 5801 αἰωρῶν,

297 5805 444 5873 ίχνδς
498 5809 576 5869 είς
632 5811 691 5863 τὺ
733 5812 1140 5884 ἀκριϐέστατον,
1199 5818 1492 5888 stippa-9;,
1543 5823 1704 5892 εὐρὺς
1745 5825 1867 5886 τοὺς

2045 3773 2284 3845 Surgens
2335 3789 2465 3845 ergo
2508 3775 2590 3829 vir
2623 3774 2708 3831 ille
2745 3777 2980 3842 divinus,
3007 3775 3259 3829 nimirum
3319 3774 3546 3828 Euchai—

1978 3870 2384 3922 tarumantistes
2435 3867 2686 3933 Joannes,
2745 3868 2868 3923 fecit
2906 3878 2963 3921 ut
3011 3877 3296 3923 suaserunt
3347 3867 3541 3921 sancti.

1976 3960 2260 4031 Postquam
2305 3973 2484 4016 autem
2535 3963 2727 4032 vulgus
2784 3964 3122 4032 partiumque
3175 3969 3399 4016 conatus
3461 3975 3546 4012 re—

1977 4065 2246 4122 presserat
2281 4055 2419 4116 (erat
2445 4056 2586 4110 enim
2613 4056 2738 4110 huic
2771 4056 2886 4110 viro
2914 4072 3008 4125 per
3047 4055 3296 4107 virtutem
3353 4052 3542 4106 conci-

1979 4147 2102 4200 liata
2139 4163 2348 4201 summa
2383 4146 2699 4219 auctoritas)
2730 4190 2744 4214 ,
2780 4158 3133 4202 memoratum
3164 4147 3360 4200 festum
3403 4146 3542 4199 diem

1979 4238 2030 4290 in
2063 4239 2302 4294 Ecclesia
2343 4242 2434 4294 Dei
2462 4246 2729 4311 agendum
2766 4247 3037 4312 praecepit.
3067 4242 3242 4300 Atque
3283 4253 3412 4292 ecce
3447 4237 3544 4289 viri

1980 4332 2349 4397 prudentiam.
2383 4333 2520 4386 Cum
2551 4334 2647 4387 hos
2681 4342 2792 4387 tres
2815 4331 3284 4385 animadvertisset
3307 4329 3412 4383 coli
3441 4344 3547 4380 uno

1977 4429 2031 4471 et
2058 4421 2243 4473 eodem
2272 4439 2456 4478 mense
2490 4424 2770 4488 Januario,
2795 4424 3044 4493 Magnum
3079 4421 3331 4475 Basilium
3352 4420 3545 4489 prima,

1976 4509 2218 4562 divinum
2252 4509 2571 4581 Gregorium
2610 4514 2795 4582 quinta
2851 4525 2903 4568 et
2955 4514 3247 4578 vicesima,
3289 4528 3351 4567 ac
3400 4513 3544 4564 vice-

1977 4601 2114 4653 siina
2149 4603 2378 4669 septima
2419 4605 2660 4658 divinum
2695 4606 3157 4676 Chrysostomum,
3188 4608 3405 4662 eosdem
3426 4619 3549 4659 cen-

1974 4691 2154 4758 junxit
2182 4693 2370 4747 iterata
2405 4696 2659 4750 colendos
2711 4699 2797 4751 die
2829 4698 3122 4752 tricesima.
3164 4696 3347 4766 Neque
3407 4713 3547 4764 pra:-

1984 4787 2222 4840 termisit
2285 4804 2379 4842 eos
2432 4787 2626 4843 debitis
2682 4805 2877 4844 ornare
2919 4791 3236 4855 canouibus,
3293 4790 3546 4843 modulis-

1975 4895 2077 4948 que
2124 4895 2188 4935 ac
2243 4883 2562 4950 praeconiis;
2603 4884 2654 4936 in
2692 4885 2908 4952 quibus,
2949 4895 3131 4951 utpote
3186 4898 3290 4936 non
3331 4883 3448 4935 sine
3480 4883 3546 4933 il-

1973 4970 2144 5026 lorum
2205 4974 2285 5042 (ut
2319 4989 2417 5042 ego
2445 4975 2662 5043 quidem
2713 4974 2986 5040 existimo)
3034 4988 3254 5028 assensu
3283 4973 3548 5042 composi-

1988 5067 2096 5127 tis,
2158 5065 2287 5116 nihil
2351 5067 2415 5118 ad
2478 5065 2840 5122 laudationem
2905 5065 3198 5120 desiderari
3262 5064 3542 5134 reperias;

1977 5169 2146 5222 usque
2197 5155 2331 5207 adeo
2387 5165 2443 5206 ut
2499 5165 2756 5224 superent
2809 5155 3062 5224 quidquid
3113 5153 3165 5206 in
3223 5153 3325 5207 isto
3379 5167 3543 5221 gene-

1986 5259 2043 5297 re
2086 5245 2287 5298 editum
2328 5255 2406 5299 est
2470 5261 2638 5315 usque
2685 5247 2857 5300 adhuc
2886 5285 2901 5308 ,
2937 5257 2991 5300 et
3019 5247 3070 5300 in
3111 5252 3386 5314 posterum
3416 5244 3543 5297 ede--

1975 5347 2077 5390 tur.

2046 5453 2126 5505 Ad
2184 5451 2624 5507 constitutionem
2697 5453 2942 5521 corporis
3010 5465 3071 5504 ac
3131 5450 3351 5505 formam
3399 5449 3540 5518 quod

1972 5546 2181 5608 attinet,
2241 5547 2291 5599 hi
2338 5544 2509 5600 sancti
2565 5543 2701 5598 tales
2736 5554 2912 5598 erant.
2946 5543 3168 5598 Divinos
3216 5541 3542 5612 Chrysosto-

1978 5653 2118 5699 mus,
2161 5639 2337 5707 quoad
2371 5637 2602 5706 speciem
2635 5635 3042 5705 corporis,erat
3068 5637 3355 5688 admodum
3396 5633 3542 5686 brevi

1977 5741 2208 5793 Statura,
2240 5747 2435 5800 magno
2463 5731 2710 5799 elatoque
2746 5731 2943 5799 capite,
2984 5744 3189 5782 summa
3221 5726 3543 5797 gracilitate,

1982 5822 2126 5889 justo
2155 5839 2311 5888 uaso,
2343 5825 2589 5878 diductus
2621 5839 2724 5877 non
2759 5823 3010 5878 indecore
3035 5824 3275 5887 naribus,
3309 5819 3546 5890 pallidis-
