4058 6442
573 377 775 418 (πεπτω

1934 369 2442 427 PROLEGOMENA

576 486 713 534 sémo
749 483 976 552 alboque
1008 485 1152 540 vultu
1183 526 1200 551 ,
1227 489 1399 543 oeulis
1428 493 1583 543 cavis
1612 500 1666 542 et
1692 491 1949 545 bulbOsis.
2009 493 2134 546 llinc

2247 495 2547 562 μυκτῆρας,
2579 495 2881 565 ὡγρότατος
2925 497 3058 567 μετὰ
3097 501 3188 550 τοῦ
3217 497 3424 558 λευκοῦ,
3464 499 3817 565 κοίλους-ξονς

573 575 756 642 flebat,
789 587 841 631 ut
876 579 992 647 ejus
1021 588 1269 646 aspectus
1303 582 1565 636 reniteret
1589 584 1896 650 gratiosior,
1928 583 2138 657 etiamsi

574 667 726 722 triste
747 668 948 738 aliquid
978 671 1180 739 reliqua
1207 670 1376 725 forma
1405 689 1514 743 przc
1543 691 1600 728 se
1627 675 1812 733 ferret.
1847 676 1974 730 Erat
2003 679 2139 732 nuda

573 773 874 829 magnaque
929 758 1106 817 fronte
1156 774 1210 818 et
1261 765 1445 820 multis
1497 779 1743 837 perarata
1800 768 1981 836 rugis;
2030 789 2140 824 ani-

572 852 673 921 plis
708 853 833 907 item
865 854 1109 920 auribus,
1149 858 1243 911 sed
1269 857 1433 912 barba
1467 859 1610 912 tenui
1658 873 1712 915 et
1755 862 2028 918 rarissima
2053 879 2135 918 ca-

573 945 768 1014 nisque
801 945 926 1014 pilis
959 950 1286 1002 veneranda.
1313 950 1556 1005 Maxillas
1587 953 1818 1008 habebat
1843 955 2136 1010 introrsum

573 1037 855 1108 depressas
885 1079 900 1103 ,
953 1055 1062 1108 prae
1096 1041 1421 1112 rigidissima
1454 1084 1469 1107 ,
1520 1060 1626 1114 qua
1684 1062 1740 1100 se
1795 1049 2138 1112 macerabat,

574 1129 773 1185 inedia.
806 1130 919 1186 lloc
961 1147 1088 1188 vero
1117 1150 1337 1190 necesse
1367 1145 1447 1190 est
1492 1138 1558 1190 de
1624 1154 1688 1193 eo
1723 1138 1905 1192 dicere
1939 1183 1952 1204 ,
1996 1141 2135 1208 quod

572 1221 825 1278 omnibus
875 1224 1040 1279 etiam
1088 1226 1308 1281 Graeciae
1357 1229 1688 1298 sapientibus
1721 1231 2093 1284 antecelluerit
2123 1271 2136 1292 ,

574 1321 685 1366 tum
708 1313 955 1380 scientia,
976 1327 1084 1371 tum
1115 1320 1348 1372 maxime
1377 1325 1664 1392 cogitandi
1695 1326 1961 1389 acumine,
1997 1323 2141 1377 ﬂori-

574 1405 746 1472 doque
769 1422 967 1476 genere
988 1409 1202 1464 dicendi
1232 1429 1247 1466 :
1279 1411 1587 1470 laudandus
1625 1416 1786 1469 etiam
1819 1417 1960 1484 quod
1990 1415 2138 1470 codi-

574 1511 665 1550 ces
688 1512 875 1554 sacros
911 1507 1058 1553 tanta
1092 1501 1463 1571 explanaverit
1490 1505 1736 1560 claritate
1770 1516 1967 1571 quanta
1999 1506 2137 1558 alio-

573 1603 693 1641 rum
756 1605 973 1659 nemo;
1021 1595 1272 1664 quodque
1335 1597 1409 1650 ita
1481 1596 1746 1649 studuerit
1806 1596 2143 1666 promulgare

573 1680 961 1754 Evangelium,
993 1695 1051 1738 ut
1097 1688 1201 1739 nisi
1246 1685 1435 1741 fuisset
1490 1688 1576 1742 hic
1618 1698 1838 1743 sanctus
1867 1689 2014 1757 (licet
2041 1689 2141 1741 hoc

574 1775 778 1827 dictum
814 1776 1060 1830 videatur
1098 1777 1512 1849 conﬁdentius),
1545 1794 1680 1850 Opus
1733 1782 1926 1836 fuisset
1974 1779 2142 1833 altero

570 1863 784 1919 Christi
817 1865 869 1920 in
907 1876 1079 1923 terras
1117 1869 1350 1924 adventu
1392 1889 1405 1926 :
1446 1887 1618 1942 usque
1663 1875 1799 1927 adeo
1827 1882 1881 1926 et
1910 1873 2134 1934 virtute,

572 1968 626 2010 et
652 1957 864 2014 virtutis
894 1961 1309 2031 exercitatione,
1342 1973 1397 2016 et
1428 1963 1886 2017 commentatione
1930 1961 2139 2017 divina-

574 2062 692 2100 rnm
731 2064 908 2103 rerum
962 2048 1249 2118 praestabat
1279 2052 1511 2106 caeteris.
1563 2051 1708 2105 Fons
1742 2053 1901 2106 etiam
1934 2052 2140 2109 miscri-

573 2140 778 2193 cordia:
807 2149 860 2194 et
887 2141 1168 2196 charitatis
1193 2153 1533 2212 nuncupatus
1560 2142 1685 2201 fuit.
1714 2142 1779 2197 Et
1809 2155 1978 2206 certe,
2030 2145 2137 2198 sic-

573 2241 630 2284 ut
659 2229 891 2300 fulgebat
927 2233 1186 2298 doctrina,
1241 2235 1311 2288 ita
1352 2236 1514 2288 etiam
1565 2235 1784 2288 ardebat
1824 2235 1939 2289 zelo
1980 2245 2033 2289 et
2066 2236 2139 2286 in-

575 2323 819 2376 credibili
856 2340 980 2392 erga
1006 2327 1308 2394 proximum
1345 2328 1627 2380 charitate.
1656 2325 1802 2379 Vixit
1827 2341 1997 2379 annos
2026 2335 2137 2379 tres

568 2425 730 2480 supra
758 2413 1124 2485 sexaginta,et
1145 2432 1234 2471 sex
1263 2417 1577 2486 gubernavit
1597 2417 1795 2472 Christi
1823 2417 2135 2472 Ecclesiam.

640 2505 864 2578 Magnus
909 2508 1136 2565 Basilius
1165 2549 1180 2574 ,
1215 2509 1397 2564 habitu
1460 2511 1702 2580 corporis
1730 2551 1746 2576 ,
1803 2513 1853 2565 in
1913 2510 2134 2565 multam

567 2602 946 2667 proceritatem
982 2612 1176 2658 erecta:
1233 2603 1416 2672 figurae
1458 2605 1792 2658 excurrebat.
1850 2603 1978 2657 Erat
2035 2605 2135 2658 sie-

566 2706 663 2744 cus
711 2701 764 2745 et
805 2695 1140 2759 macilentus,
1200 2680 1351 2760 niger
1401 2694 1606 2755 colore,
1672 2693 1874 2762 pallore
1926 2701 2132 2761 tempe-

567 2792 717 2838 ratus
760 2783 976 2848 faciem,
1013 2786 1268 2852 praeditus
1312 2785 1505 2838 decoro
1539 2799 1669 2838 naso
1691 2793 1745 2838 et
1770 2782 2132 2838 circumactis

568 2874 633 2928 ad
676 2875 942 2944 birquum,
977 2876 1313 2943 superciliis;
1355 2877 1407 2930 in
1444 2875 1644 2931 vertice
1679 2875 2036 2942 contractior;
2069 2875 2137 2930 si-

573 2967 715 3020 milis
755 2969 1138 3038 cogitabundo,
1169 2968 1410 3039 pauculis
1441 2967 1495 3022 in
1524 2965 1700 3021 fronte
1733 2967 1881 3036 rugis
1913 2982 2124 3036 capcra-

568 3074 693 3126 tus;
726 3060 900 3115 malas
945 3061 1225 3130 oblongus,
1256 3075 1420 3115 cavus
1449 3067 1714 3129 tempora,
1749 3074 1902 3114 rasus
1932 3057 2044 3113 fere
2067 3058 2133 3110 ad

2246 585 2475 654 κόγχους
2508 585 2612 637 τῶν
2641 585 2930 658 ὀφθαλμῶν
2957 589 3116 659 ἔχων,
3153 591 3243 643 καί
3262 591 3470 662 βολϐοῖς
3491 590 3698 645 τούτων
3727 612 3818 648 κε-

2244 677 2512 746 χρημένος
2539 677 2811 746 μεγάλοις·
2843 679 2925 749 ἐφ’
2954 676 3034 742 οἷς
3078 682 3168 733 καὶ
3204 684 3501 746 συνέϐαινε,
3532 683 3817 753 χαριέστε-

2248 785 2337 838 ρον
2371 771 2487 830 ταῖς
2528 771 2711 839 ὄψεσιν
2735 771 3098 834 ἀποστίλῢειν,
3135 773 3182 823 εἰ
3217 774 3304 824 καὶ
3346 773 3624 845 τῷλοιπῴ
3645 791 3818 844 χαραο

2246 859 2407 929 κτῆρι
2435 861 2523 914 τὸν
2550 861 2844 932 ἀχθόμενον
2878 862 3197 933 παρεδήλου·
3225 863 3378 932 ψιλὸς
3423 869 3516 920 καὶ
3557 865 3730 937 μέγας
3762 868 3818 918 τὸ

2247 951 2517 1020 μέτωπον,
2551 954 2642 1004 καὶ
2671 951 2889 1014 πολλαῖς
2930 954 3097 1021 βολίσι
3129 958 3561 1025 κεχαραγμένος
3580 953 3696 1010 ὦτα
3721 974 3817 1007 πε-

2247 1042 2544 1110 ρικείμενος
2581 1043 2812 1110 μεγάλα,
2849 1044 2938 1094 καὶ
2966 1044 3026 1096 τὸ
3056 1043 3261 1112 γένειον
3288 1045 3482 1113 μικρὸν
3509 1049 3601 1100 καὶ
3632 1046 3819 1118 ἀραιό-

2242 1150 2402 1185 τατον
2439 1132 2542 1185 ὑπὸ
2571 1134 2783 1197 πολιαῖς
2810 1135 2928 1194 ταῖς
2951 1132 3124 1203 θριξὶν
3153 1134 3408 1199 ὲξανθῶν·
3432 1137 3527 1200 τὰς
3559 1139 3818 1208 σιαγόνας

2247 1225 2616 1296 πεπιεσμένας
2633 1226 2761 1278 εἴσω
2788 1225 2944 1295 ἔχων,
2963 1228 3027 1295 τῇ
3047 1245 3108 1295 νη
3119 1227 3268 1298 στείᾳ
3301 1227 3379 1290 εἰς
3413 1227 3472 1278 τὸ
3494 1227 3814 1300 ἀκῲτατον.

2247 1319 2512 1371 Τοσοῦτον
2541 1318 2596 1371 δὲ
2625 1321 2754 1391 περὶ
2794 1316 2955 1372 αὐτοῦ
2985 1317 3282 1384 ἀναγκαῖον
3313 1320 3508 1382 εἰπεῖν,
3541 1319 3622 1370 ὅτι
3675 1321 3819 1392 λόγῳ

2247 1412 2452 1474 πάντας
2477 1411 2568 1463 καὶ
2600 1413 2724 1474 τοὺς
2753 1413 2882 1482 παρ’
2911 1408 3133 1479 ’Ἕλλησι
3166 1412 3362 1478 σοφοὺς
3395 1411 3688 1482 ὑπερῆρεν,
3725 1415 3817 1479 ἐξ.

2630 1503 2653 1518 ς

2246 1504 2476 1576 αιρὲτως
2519 1503 2572 1554 δὲ
2625 1503 2891 1574 δεινότητι
2928 1505 2992 1574 τῇ
3025 1503 3142 1557 κατ’
3173 1501 3399 1565 ἔννοιαν,
3435 1503 3527 1557 καὶ
3571 1501 3650 1572 τῷ
3688 1504 3819 1576 λειῳ

2247 1599 2339 1650 καὶ
2362 1596 2580 1666 ἀνθηρῷ
2611 1597 2704 1666 τῆς
2741 1599 3010 1669 φράσεως·
3046 1597 3124 1658 είς
3174 1594 3423 1647 τοσοῦτον
3449 1595 3506 1647 δὲ
3537 1597 3634 1664 τὴν
3664 1594 3819 1649 θείαν

2246 1689 2464 1760 Γραφην
2510 1689 2858 1760 ἐσαφήνισεν,
2899 1688 2972 1751 ὡς
3015 1687 3119 1739 τῶν
3149 1686 3325 1741 ἄλλων
3360 1687 3553 1751 οὐδείς·
3587 1688 3681 1741 καὶ
3711 1689 3819 1742 ὑπὸ

2246 1780 2323 1851 τῷ
2344 1778 2676 1850 εὐαγγελικῷ
2701 1773 3010 1852 κηρέῦγματι
3050 1778 3410 1842 συνετέλεσεν,
3437 1779 3512 1842 ὡς
3546 1779 3595 1831 εἰ
3624 1778 3700 1850 μὴ
3747 1774 3818 1850 ἦν

2246 1864 2397 1935 οἶτος
2418 1873 2446 1922 ὁ
2474 1871 2660 1939 Ἄγιος
2687 1875 2755 1941 (εἰ
2773 1871 2864 1923 καὶ
2881 1868 3151 1940 τολμηρὸν
3178 1871 3386 1939 φάναι),
3406 1871 3512 1924 ἔδει
3533 1871 3696 1926 πάλιν
3721 1874 3820 1926 ἐπὶ

2246 1963 2348 2031 γῆς
2378 1961 2634 2033 δευτέραν
2658 1962 2750 2016 τοῦ
2767 1961 3000 2032 Χριστοῦ
3025 1963 3323 2031 παρουσίαν
3356 1965 3628 2030 γενέσθαι’
3649 1969 3730 2028 εἰς
3756 1966 3817 2019 δὲ

2247 2053 2446 2124 ἀρετὴν
2476 2053 2570 2104 καὶ
2585 2054 2778 2124 πρᾶξιν
2810 2051 2903 2105 καὶ
2935 2051 3166 2124 θεωρίαν
3188 2053 3440 2116 τοσοῦτος
3476 2055 3714 2121 ἐγένετο,
3735 2059 3816 2121 ὡς

2245 2147 2338 2198 καὶ
2381 2146 2586 2208 πάντας
2618 2145 2783 2217 ἄρδην
2819 2145 3233 2217 ὑπερϐαλέσθαι·
3291 2146 3658 2217 ὲλεημοσύνης
3718 2150 3817 2201 καὶ

2244 2239 2459 2308 ἀγάπης
2487 2238 2825 2308 χρηματίσας
2856 2239 3024 2308 πηγὴ,
3067 2241 3157 2292 καὶ
3191 2238 3347 2310 ζῆλος
3390 2240 3665 2311 ἄντικρυς,
3695 2240 3820 2308 φιλ-

2244 2329 2465 2400 αδελςία
2487 2347 2544 2381 τε
2586 2330 2676 2382 καὶ
2700 2329 3032 2402 διδασκαλία.

2322 2507 2381 2560 Ὀ
2429 2507 2484 2559 δὲ
2549 2506 2722 2578 μέγας
2746 2505 3018 2567 Βασίλειος
3068 2499 3133 2574 ἦν
3179 2503 3276 2573 τὴν
3330 2502 3478 2556 θέσιν
3533 2502 3627 2556 τοῦ
3708 2502 3819 2554 σώ-

2246 2617 2410 2668 ματος
2435 2601 2512 2662 είς
2545 2599 2676 2651 πολὺ
2706 2597 2899 2666 μῆκος,
2929 2595 3021 2646 ἐπὶ
3042 2594 3135 2648 τοῦ
3165 2595 3345 2666 ὀρθίου
3382 2599 3657 2666 σχήματος
3680 2597 3820 2648 ἀνασ-

2240 2687 2480 2758 δραμὼν,
2536 2687 2696 2758 ξηρὸς
2744 2687 2838 2739 καὶ
2869 2686 3248 2758 λειπόσαρκος,
3304 2685 3467 2756 μέλας
3498 2685 3556 2739 τὸ
3581 2687 3811 2759 χρῶμα,

2239 2777 2503 2848 ὠχρότητι
2549 2778 2610 2830 τὸ
2654 2779 2941 2851 πρόσωπον
3006 2778 3330 2850 σύγκρατος,
3384 2778 3690 2850 ἐπίρρινος,
3732 2784 3819 2844 εἰς

2241 2869 2435 2924 κύκλον
2462 2871 2558 2934 τὰς
2596 2871 2765 2942 ὀφρῦς
2799 2869 3181 2940 περιηγμένος,
3236 2869 3295 2922 ab
3329 2871 3641 2942 ὲπισκήνιον
3684 2889 3818 2924 συν-

2240 2964 2514 3027 εσπακὼς,
2551 2961 2910 3036 φροντιστικῷ
2957 2960 3167 3024 ἐοικὼς,
3205 2962 3409 3032 ὀλίγαις
3440 2965 3498 3017 τὸ
3522 2963 3818 3034 πρόσωπον

2239 3058 2548 3127 ἀμαρυγαῖς
2577 3054 2970 3126 ρυτιδούμενος,
2994 3055 3269 3126 ἐπιμήκης
3295 3056 3392 3118 τὰς
3419 3053 3666 3124 παρείας,
3700 3054 3818 3104 κοῖ-

565 3164 765 3218 ‹-ιιιειη,
795 3154 1017 3207 barbam
1053 3155 1326 3219 nutriens,
1354 3167 1582 3221 eamque
1625 3153 1759 3207 satis
1810 3152 2130 3220 promissam

2240 3148 2326 3212 λος
2376 3150 2500 3209 τοὺς
2552 3145 2877 3216 κροτάφους,
2911 3147 3092 3218 ἠρέμα
3126 3149 3264 3219 ἔχων
3302 3149 3358 3199 ἐν
3403 3145 3516 3214 χρῷ
3563 3144 3816 3214 κουρίας,

567 3260 630 3297 ac
683 3244 1032 3298 semicanam.
1068 3245 1305 3298 Anteivit
1345 3244 1560 3311 ingenio
1585 3283 1601 3307 ,
1639 3257 1741 3294 non
1796 3244 2003 3294 tantum
2064 3241 2131 3293 iis

565 3335 658 3405 qui
699 3349 821 3396 suo,
852 3349 1039 3388 verum
1095 3333 1257 3386 etiam
1286 3333 1374 3400 qui
1403 3331 1582 3386 multis
1621 3316 1746 3384 a'nte
1797 3327 2014 3384 saeculis
2041 3327 2136 3383 llo-

567 3441 726 3483 ruere
758 3443 773 3480 :
811 3425 1006 3494 quippe
1044 3438 1164 3477 cum
1195 3438 1291 3491 per
1317 3437 1506 3480 omnes
1535 3421 1789 3492 pulchras
1827 3421 2011 3474 ivisset
2049 3435 2134 3473 ar-

569 3528 668 3580 tes,
703 3517 755 3570 in
781 3530 1104 3584 unaquaque
1134 3515 1496 3586 principatum
1530 3514 1727 3579 tenuit;
1751 3514 1930 3568 minus
1957 3523 2132 3566 autem

566 3623 686 3662 sese
717 3608 1006 3662 exercebat
1033 3607 1088 3661 in
1131 3607 1466 3678 philosophia
1487 3647 1504 3674 ,
1533 3607 1666 3662 satis
1696 3606 1902 3661 habens
1967 3620 2027 3659 se
2071 3619 2133 3658 ea

567 3697 705 3750 duce
757 3697 823 3750 ad
871 3711 1051 3750 rerum
1082 3697 1388 3752 divinarum
1444 3697 1954 3765 contemplationem
2014 3709 2134 3749 esse

575 3799 994 3856 transgressum.
1023 3788 1101 3842 Ad
1127 3789 1323 3842 summi
1355 3789 1641 3842 sacerdotii
1681 3788 1871 3840 solium
1917 3799 2134 3842 evectus

567 3890 652 3936 est
678 3879 1030 3950 quadraginta
1062 3894 1234 3934 annos
1264 3889 1439 3943 natus,
1480 3888 1534 3932 et
1563 3862 1799 3946 quinque
1835 3878 1992 3931 annis
2041 3878 2132 3931 Ec.

567 3974 742 4028 clesiae
766 3973 1038 4042 praesedit.

637 4085 800 4138 Divus
865 4085 1160 4154 Gregorius
1217 4085 1519 4154 Theologns
1585 4094 1792 4140 statura
1855 4084 1952 4138 fuit
2018 4099 2126 4138 me‘

571 4177 770 4229 diocris
802 4216 816 4238 ,
845 4175 1178 4243 subpallidus
1206 4215 1219 4237 ,
1259 4175 1653 4241 aliquantulum
1704 4176 1974 4253 gratiosus
2003 4215 2018 4239 ,
2055 4175 2133 4229 si-

569 4284 710 4336 mus,
744 4269 906 4322 rectis
956 4276 1179 4321 ornatus
1234 4266 1564 4334 superciliis,
1611 4277 1830 4335 aspectu
1881 4267 2027 4321 mitis
2081 4276 2133 4319 et

568 4361 812 4430 placidus
843 4402 856 4423 ,
892 4361 1170 4415 subtristis
1223 4360 1395 4414 altero
1449 4359 1604 4413 oculo
1635 4358 1702 4428 (is
1753 4367 1870 4411 erat
1919 4359 2131 4423 dexter,

568 4469 727 4521 quem
775 4453 1085 4507 tuberenlus
1112 4453 1257 4505 circa
1304 4452 1556 4521 hirqnum
1605 4452 1994 4517 contraxerat),
2025 4466 2128 4503 non

2236 3240 2332 3308 τὴν
2367 3238 2577 3307 ὑπήνην
2599 3237 2910 3307 ἀρκούντως
2939 3240 3278 3311 καθειμένος,
3314 3238 3405 3289 καὶ
3437 3236 3814 3306 μεσαιπόλιος.

2235 3325 2399 3392 Οὗτος
2432 3330 2489 3382 ὲν
2525 3328 2700 3398 λόγοις
2727 3331 2785 3382 οὐ
2831 3330 2986 3400 μόνον
3016 3333 3140 3395 τοὺς
3172 3329 3293 3383 κατ’
3327 3327 3508 3391 αὐτὸν,
3541 3327 3679 3380 ἀλλὰ
3711 3328 3815 3380 καὶ

2234 3420 2358 3481 τοὺς
2389 3419 2643 3482 παλαιοὺς
2682 3419 3124 3492 ὑπερέϐαλε-’διὰ
3154 3418 3261 3488 γὰρ
3278 3417 3457 3487 πάσης
3481 3416 3652 3470 ἐλθὼν
3686 3434 3818 3469 παι-

2233 3508 2485 3572 δεύσεως,
2537 3510 2596 3561 ὲν
2651 3511 2856 3585 ἑκάστῃ
2885 3512 2943 3564 τὸ
2981 3509 3179 3580 κράτος
3205 3509 3491 3579 ἐκτήσατο·
3522 3510 3619 3578 οὐχ
3646 3503 3818 3579 ἦττον

2234 3600 2285 3652 δὲ
2341 3601 2437 3671 τὴν
2485 3600 2571 3653 διὰ
2611 3602 2859 3673 πράξεως
2907 3600 3150 3669 ἀσκήσας
3202 3599 3536 3668 φιλοσοφίανν
3589 3599 3684 3651 καὶ
3725 3599 3818 3653 διὰ

2234 3692 2436 3762 ταύτης
2463 3694 2527 3762 τῇ
2563 3692 2765 3763 θεωρίᾳ
2793 3691 2899 3743 τῶν
2927 3690 3093 3743 ὄντων
3125 3689 3357 3761 προϐάς.
3415 3690 3534 3741 Ἐπὶ
3570 3689 3661 3741 τὸν
3688 3689 3820 3760 θρό-

2234 3799 2323 3834 νον
2352 3782 2451 3852 τῆς
2473 3783 2881 3855 ἀρχιερωσύνης
2915 3781 3121 3852 ἀνήχθη
3161 3781 3568 3852 τεσσαράκοντα
3600 3781 3819 3851 χρόνων

2234 3875 2541 3945 γενόμενος,
2580 3877 2669 3928 ἐπὶ
2715 3876 2874 3927 πέντε
2924 3874 3067 3926 ἔτεσι
3125 3875 3222 3941 τῆς
3287 3872 3612 3945 Ἐκκλησίας
3671 3891 3816 3944 προ-

2235 3967 2364 4027 στάς

2315 4060 2391 4130 ⁹Ο’
2441 4077 2496 4130 δὲ
2551 4077 2691 4148 ἱερὸς
2733 4077 3107 4148 Γρηγόριοςὸ
3165 4077 3458 4146 Θεολόγος,
3519 4076 3662 4131 κατὰ
3719 4080 3818 4134 τὸν

2237 4168 2402 4222 τύπον
2445 4168 2542 4238 τῆς
2569 4167 2784 4238 ἡλικίας
2829 4167 2920 4221 τοῦ
2950 4167 3218 4238 σώματος,
3257 4167 3518 4240 ἐτύγχανε
3565 4169 3814 4242 μέτριος,

2238 4257 2508 4328 ὖπωχρος,
2545 4255 2716 4328 βραχὺ
2753 4257 2891 4326 μετὰ
2929 4256 3021 4309 τοῦ
3050 4257 3350 4328 χαρίεντος,
3385 4257 3563 4328 σιμὸς,
3607 4260 3697 4311 ἐπ’
3724 4263 3819 4313 εὑ-

2237 4348 2384 4411 θείας
2411 4347 2509 4410 τὰς
2539 4348 2710 4419 ὀφρῦς
2736 4348 2893 4416 ἔχων,
2922 4349 3126 4418 ἥμερον
3147 4347 3356 4418 βλέπων
3389 4351 3480 4401 καὶ
3518 4353 3813 4422 προσηνές·

2238 4437 2464 4511 θᾲςερον
2516 4438 2624 4492 τῶν
2666 4439 2978 4508 ὀφθαλμῶν,
3019 4439 3078 4502 ὃς
3107 4435 3175 4509 ἧν
3211 4439 3402 4503 δεξιὸς,
3453 4441 3816 4514 στυγνότερον

569 4543 794 4613 prolixe,
826 4543 917 4594 sed
953 4546 1114 4595 dense
1145 4542 1434 4604 barbatus;
1467 4538 1618 4593 valde
1669 4538 1870 4602 calvus,
1922 4538 2128 4608 capillis

2240 4529 2591 4598 κεκτημένος,
2649 4528 2708 4580 ὃν
2745 4528 2874 4599 οὐλὴ
2904 4528 3045 4580 κατὰ
3087 4531 3177 4582 τὸν
3216 4529 3412 4581 κανθὸν
3458 4529 3677 4599 συνῆγε·
3720 4533 3816 4585 τὸν

566 4632 851 4695 candidus,
885 4631 1143 4684 extremis
1176 4631 1358 4684 barba:
1391 4630 1516 4699 pilis
1582 4629 1861 4697 subniger,
1888 4637 1942 4682 ct
1976 4629 2128 4698 quasi

572 4724 888 4778 infumatus.
944 4721 1056 4776 Hoc
1087 4738 1218 4776 vero
1251 4723 1467 4790 dignum
1501 4732 1586 4774 est
1612 4721 1752 4788 quod
1783 4721 1849 4774 de
1877 4720 1968 4773 illo
1993 4720 2132 4773 diea-

571 4829 656 4870 tur
691 4838 703 4869 :
733 4816 873 4884 quod
907 4856 921 4881 ,
969 4815 1014 4868 si
1074 4814 1195 4883 quis
1234 4828 1295 4867 ex
1337 4814 1547 4882 integro
1599 4811 1873 4865 hominum
1933 4824 2131 4880 genere

571 4906 946 4975 proponendus
975 4914 1136 4964 esset,
1163 4914 1413 4971 tanquam
1442 4904 1618 4972 imago
1644 4901 1819 4970 aliqua
1851 4910 1901 4955 et
1926 4900 2130 4971 elligics

569 4997 1026 5063 simulacrumque
1070 4995 1327 5046 virtutum
1353 4994 1630 5059 omnium,
1665 4994 1709 5048 is
1743 5002 1884 5047 esset
1911 4991 2133 5062 Magnus

568 5088 893 5158 Gregorius;
930 5097 1112 5155 utpote
1155 5085 1244 5152 qui
1302 5083 1588 5152 Splendore
1641 5085 1765 5138 vita:
1817 5084 2132 5153 probatissi-

567 5196 709 5232 mum
753 5193 1023 5247 quemque
1083 5176 1394 5246 longissime
1459 5175 1705 5239 anteivit,
1758 5177 1810 5227 in
1865 5177 2128 5246 theologia

568 5257 772 5325 tsmtnm
803 5270 1059 5340 profecit,
1097 5278 1156 5321 ut
1203 5283 1391 5322 omnes
1431 5268 1678 5320 habuerit
1707 5266 1991 5321 inferiores
2017 5312 2029 5326 .
2079 5278 2132 5322 et

566 5362 829 5430 elegantia
861 5357 1148 5420 sermonis,
1173 5368 1223 5410 et
1258 5357 1650 5410 sententiarum
1680 5357 1968 5423 gravitate.
1989 5357 2127 5409 unde

563 5465 617 5506 et
655 5438 913 5520 T'lteologi
959 5463 1250 5519 cognomen
1286 5449 1508 5501 invenit.
1549 5446 1959 5500 Administravit
1986 5447 2126 5500 Con-

573 5544 1102 5612 stantinopolitanam
1140 5541 1433 5596 Ecclesium
1472 5539 1749 5592 duodecim
1791 5539 1968 5602 annis,
1999 5541 2132 5592 vixit

566 5646 746 5688 autem
774 5635 1000 5702 amplius
1031 5635 1322 5701 octoginta.

650 5810 847 5865 Horum
921 5814 1080 5865 trium
1157 5812 1504 5870 omniumque
1570 5822 1881 5864 samdorum
1941 5810 2132 5871 deprc-

2235 4620 2472 4688 πώγωνα
2498 4621 2560 4672 οὐ
2579 4619 2765 4690 βαθὺς,
2798 4619 2965 4683 δασὺς
2987 4619 3043 4672 δὲ
3078 4621 3164 4673 ἐπ’
3207 4620 3442 4685 εὐθείας,
3477 4623 3676 4683 ἱκανῶς
3709 4642 3817 4691 φα-

2239 4712 2458 4784 λακρὸς,
2480 4713 2669 4775 λευκὸς
2691 4714 2809 4774 ταῖς
2847 4710 3010 4782 θριξὶ,
3042 4713 3108 4764 τὰ
3141 4712 3285 4782 ἄκρα
3304 4713 3403 4783 τῆς
3431 4714 3708 4780 γενειάδος
3737 4715 3816 4778 ὡς

2235 4807 2772 4876 περικεκαπνισμένα
2808 4804 3138 4872 ὑποφαίνων.
3175 4803 3346 4857 Τοῦτο
3392 4804 3446 4857 δὲ
3476 4807 3646 4857 εἰπεῖν
3682 4809 3815 4878 περὶ

2234 4895 2398 4949 αὐτοῦ
2427 4895 2596 4961 ἄξιον,
2626 4896 2714 4948 ὅτι
2737 4896 2783 4947 εἰ
2809 4894 2914 4946 ἔδει
2941 4893 3188 4961 γενέσθαι
3211 4895 3268 4945 ὲν
3286 4893 3591 4962 ἀνθρώποις
3623 4895 3813 4948 εἰκόνα

2233 4990 2355 5042 τινὰ
2389 4990 2481 5041 καὶ
2530 4989 2730 5058 στήλην
2765 4988 2904 5040 κατὰ
2957 4988 3140 5057 μέρος,
3178 4988 3240 5038 ἐκ
3295 4986 3482 5038 πασῶν
3518 4988 3814 5058 συγκειμέ-

2233 5098 2331 5151 νην
2372 5080 2601 5152 ἀρετῶν,
2638 5080 2794 5132 τοῦτο
2818 5075 2882 5150 ἦν
2907 5082 2934 5132 ὁ
2964 5080 3134 5149 μέγας
3163 5077 3481 5148 Γρηγόριος,
3511 5077 3624 5147 βίου
3663 5079 3813 5149 λαμ-

2236 5172 2462 5242 πρότητι
2515 5172 2641 5233 τοὺς
2685 5171 2824 5223 κατὰ
2870 5168 3064 5237 πρᾶξιν
3111 5167 3429 5238 εὐδοκίμους
3461 5168 3808 5237 ὑπερϐαλών.

2246 5263 2370 5315 Ἐπὶ
2397 5264 2647 5323 τοσοῦτον
2667 5259 2952 5328 ’θεολογίας
3001 5259 3271 5330 προήχθη,
3294 5258 3368 5321 ὡς
3407 5260 3613 5321 πάντας
3639 5261 3810 5328 ἡττᾶ-

2240 5353 2362 5407 σθαι
2390 5354 2487 5423 τῆς
2533 5354 2724 5421 σοφίας
2747 5351 2934 5406 αὑτοῦ,
2970 5351 3067 5420 τῆς
3098 5367 3153 5402 τε
3188 5351 3246 5401 ἐν
3275 5349 3467 5418 λόγοις,
3495 5350 3594 5418 τῆς
3637 5367 3696 5401 τε
3753 5351 3810 5402 ἐν

2228 5443 2514 5514 δόγμασιν,
2541 5443 2662 5496 ὅθεν
2695 5443 2788 5494 καὶ
2819 5441 2914 5512 τὴν
2963 5441 3221 5510 Θεολόγος
3247 5439 3613 5510 προσηγορίαν
3645 5441 3809 5510 ἐκτη-

2239 5553 2384 5588 σατο·
2412 5535 2652 5606 προέστη
2675 5535 2731 5586 δὲ
2759 5535 2855 5586 καὶ
2897 5534 2998 5601 τῆς
3026 5531 3641 5593 Κωνσταντινουπόλεως
3685 5532 3807 5583 Ἐχ-

2241 5629 2460 5695 κλησίας
2487 5628 2709 5696 χρόνους
2733 5625 2956 5689 δώδεκα,
2982 5623 3122 5693 ὑπὲρ
3153 5624 3218 5675 τὰ
3247 5623 3566 5691 ὀγδοήκοντα
3597 5622 3690 5690 ἐτη
3717 5640 3808 5690 γε-

2237 5720 2290 5772 νό
2297 5737 2470 5788 μενος.

3358 5807 3550 5860 Χοιστὲ
3598 5807 3630 5860 ὁ
3675 5805 3810 5868 65’»;

2310 5811 2348 5860 Τ
2355 5809 2426 5859 ὧν
2483 5809 2644 5861 caui».
2708 5811 2902 5860 τούτων
2963 5806 3292 5869 ποεσϐείαις,
