4058 6460
1544 390 1770 447 CANON
1811 389 1898 443 DE
1939 389 1994 444 S.
2035 390 2318 449 BASILIO.

3313 412 3544 457 εςειειιι

289 496 460 564 ἡμῶν,
524 499 617 552 καὶ
678 499 894 555 πάντων
945 505 1052 557 τῶν
1084 505 1274 573 ἁγίων,
1311 506 1407 570 τὰς
1452 508 1557 561 τῶν
1601 513 1857 582 αἱρέσεων

1969 511 2201 577 calione,
2242 513 2457 567 Christe
2536 514 2672 571 Deus
2723 527 2927 581 noster,
2984 518 3248 574 btet-esum
3317 518 3546 572 insolen-

284 588 677 654 ἐπαναστάσεις
728 596 1021 659 κατάϐαλε,
1068 598 1161 652 καὶ
1201 601 1347 670 ἡμᾶς
1390 601 1448 651 ὲν
1497 604 1717 674 ὁμονοία
1770 603 1863 656 καὶ

280 684 529 754 εἰρηνικῇ
568 691 894 741 καταστάσει
946 690 1293 761 διαφύλαξον,
1349 695 1443 746 καὶ
1484 694 1582 763 τῆς
1608 696 1860 766 οὐρανίου

279 793 376 827 σου
410 774 684 842 βασιλείας
707 780 958 849 ἀξίωσον,
988 784 1068 837 ὅτι
1096 785 1385 855 εὐλογητὸς
1414 781 1464 837 εἴ
1492 789 1568 849 εἰς
1597 789 1720 850 τοὺς
1737 787 1863 840 αἰῶ-

277 881 377 925 νας
399 863 505 919 τῶν
531 870 761 922 αἰώνων.
804 873 991 944 Ἀμήν.

1970 604 2097 656 tiam
2139 618 2449 673 compesce,
2473 613 2527 660 et
2558 622 2659 661 nos
2700 609 2753 665 in
2807 609 3096 666 concordia
3138 621 3297 680 atque
3324 610 3375 663 in
3402 610 3542 677 paci-

1968 694 2065 748 lica
2122 697 2514 762 tranquillitate
2572 703 2777 755 custodi
2807 747 2821 770 ,
2868 720 2930 759 ac
2984 701 3192 757 caalesui
3234 711 3326 757 tuo
3376 715 3545 771 regno

1969 787 2221 855 dignare,
2258 803 2379 842 eum
2415 792 2490 846 sis
2526 792 2842 849 benedictus
2888 796 2938 851 in
2971 794 3165 853 smeula
3196 793 3540 850 smculorum.

1967 876 2157 931 Amen.

1632 1144 2003 1203 ΑΝΝΟΤΑΤΑ
2031 1150 2090 1205 ι).
2120 1151 2181 1206 Ρ.

349 1412 570 1481 Triplici
625 1412 712 1469 isti
757 1415 865 1484 jam
922 1417 1210 1485 proposita:
1283 1415 1630 1484 descriptioni
1670 1411 1858 1467 formae

278 1504 650 1575 cujuscunque
674 1546 689 1567 ,
721 1524 785 1561 eo
826 1507 959 1559 forte
995 1521 1101 1576 quo
1149 1521 1207 1560 se
1248 1509 1662 1575 conspiciendos
1686 1505 1858 1561 sancti

275 1596 543 1649 dederunt
596 1597 767 1661 vultu,
830 1598 1120 1666 respondet
1185 1598 1237 1651 in
1278 1596 1491 1654 Menaeis
1560 1600 1861 1655 communis

275 1686 396 1743 lucc
426 1688 665 1741 onmium
696 1697 749 1740 et
780 1686 982 1741 Grmcis
1018 1688 1321 1743 notissima.

1966 1417 2039 1479 vi,
2076 1413 2379 1483 superciliis
2422 1414 2666 1470 incuths
2694 1455 2707 1480 ,
2743 1417 2908 1470 oarba
2938 1416 3227 1485 promissa,
3275 1416 3539 1473 mediocri

1968 1507 2187 1569 canitie,
2232 1508 2467 1563 maxillis
2527 1507 2814 1579 oblongis,
2865 1510 3021 1578 genis
3055 1526 3245 1579 parum
3288 1510 3543 1581 turgenti-

1974 1603 2110 1664 bus;
2164 1610 2465 1668 temporum
2513 1602 2837 1655 eoucavitas
2887 1600 3232 1668 c0gitabundi
3283 1610 3445 1665 erat,
3486 1608 3543 1655 ut

1963 1708 2084 1749 esse
2140 1691 2433 1763 plurimum
2489 1691 2625 1747 solet
2685 1706 2895 1761 eorum,
2941 1692 3035 1763 qui
3072 1692 3212 1747 intra
3241 1707 3299 1748 se
3329 1691 3543 1749 collecti

361 1803 542 1856 Solius
575 1801 782 1869 Basilii,
824 1802 1077 1873 Gregorii
1106 1806 1366 1874 Tlteologi
1394 1847 1409 1870 ,
1442 1814 1604 1872 atque
1629 1803 1859 1872 Chryso—
1890 1825 1933 1879 Β
1964 1795 2108 1839 δυηπ-

280 1896 511 1947 sostomi
539 1894 684 1958 icon,
718 1909 814 1950 suo
844 1896 1106 1967 cujusque
1135 1899 1219 1951 die
1257 1898 1307 1951 itt
1340 1896 1607 1951 Januario
1639 1909 1857 1948 eorum-

280 1984 406 2035 dem
440 1982 768 2039 Nemeorum
807 1988 1098 2056 reperitur,
1132 1990 1225 2043 sed
1249 2004 1370 2043 cum
1401 1986 1858 2059 descriptionibus

278 2075 471 2130 [urinae
506 2078 984 2143 contractioribus,
1020 2095 1155 2146 quas
1183 2080 1574 2149 descriptiones
1604 2079 1736 2133 nihil
1768 2088 1851 2133 at-

284 2172 419 2222 tinet
451 2170 535 2222 ltic
567 2170 791 2224 referre.
826 2170 929 2223 Pro
958 2184 1017 2223 ea
1060 2180 1239 2224 tamen
1274 2186 1392 2239 qua:
1434 2171 1692 2224 Basilium
1722 2187 1847 2240 pro-

277 2262 431 2321 nnuit
464 2262 485 2315 1
525 2260 793 2325 Januarii,
825 2264 1008 2331 accipe
1041 2264 1458 2331 descriptionem
1485 2263 1735 2326 alteram,
1763 2264 1858 2315 sed

279 2354 462 2409 verbis
502 2355 671 2424 magis
703 2370 863 2420 quam
906 2355 1172 2408 sententia
1206 2356 1499 2418 diversam,
1532 2353 1743 2422 qualem
1792 2368 1855 2407 ex

281 2462 387 2502 ms.
427 2444 681 2500 Vaticano
726 2446 933 2515 accepit
986 2445 1176 2501 Petrus
1219 2446 1407 2500 Frison
1461 2445 1855 2499 Basiliauornm

283 2552 509 2604 operum
542 2538 861 2603 illustrantur,
886 2540 936 2590 in
968 2536 1205 2593 editione
1228 2538 1517 2593 Parisiensi
1540 2538 1667 2592 anui
1697 2538 1855 2592 1618.

285 2630 378 2682 Sic
408 2639 585 2681 autem
622 2631 691 2681 ibi
723 2630 937 2698 legitur.

371 2740 427 2792 Ὀ
480 2740 536 2792 ἐν
582 2740 783 2807 Ἀγίοις
816 2740 1091 2803 Bas-litato;
1156 2738 1443 2807 ἐπώνυμος
1488 2739 1698 2805 Μέγας,
1735 2756 1859 2811 προ-

280 2833 465 2903 μήκης
506 2849 565 2883 τε
613 2832 675 2884 τὸ
738 2831 895 2903 σῶμα
948 2834 1036 2886 καὶ
1071 2830 1250 2895 εὐθὺς,
1294 2830 1394 2901 τὴν
1450 2833 1547 2901 μὲν
1591 2832 1861 2902 ξηρότητα

275 2924 441 2993 ἔχων,
470 2923 528 2976 τὸ
562 2924 617 2977 δὲ
653 2924 848 2996 χρῶμα
885 2925 1071 2995 μέλαν,
1114 2926 1206 2979 καὶ
1244 2924 1549 2996 ὠχρότητα,
1592 2925 1684 2978 καὶ
1713 2924 1858 2995 βαδί-

277 3033 484 3085 σματος
516 3014 668 3088 ἦθος,
704 3018 881 3087 ὅρΟιος
925 3019 1143 3087 ἐγένετο
1190 3018 1287 3090 τὴν
1332 3021 1474 3089 ῥῖνα,
1505 3019 1603 3083 τὰς
1643 3018 1859 3081 κύκλιος

274 3105 469 3175 ὀφρῦς,
502 3107 823 3177 καθιέμενος
850 3109 938 3160 τὸν
965 3107 1221 3176 πώγωνα,
1251 3109 1485 3179 μετρίως
1513 3109 1701 3172 πολιὰς
1729 3112 1858 3162 ἀνα-

275 3168 481 3267 φέρων,
504 3168 839 3271 παραμήκης
877 3199 945 3252 τὰ
984 3168 1228 3273 βλέφαρα
1251 3168 1591 3271 ολιίίόχοθεν,
1623 3168 1697 3253 τὸ⁷
1731 3202 1857 3272 περὶ
1886 3168 1931 3230 C

275 3289 549 3358 κροτάφου
572 3289 833 3361 κοίλωμα,
861 3290 1084 3355 σύννους
1116 3308 1175 3344 τε
1202 3292 1277 3355 ὡς
1308 3291 1584 3355 τὰπολλὰ,
1615 3293 1706 3345 καὶ
1729 3292 1859 3346 εἴσω

277 3381 644 3451 συνεστηκώς.
682 3384 771 3439 ιδ.
810 3383 1064 3449 Basilius,
1087 3396 1445 3455 cognomento
1477 3393 1718 3453 Magnus,
1743 3396 1856 3439 sta-

276 3486 399 3527 tura
424 3489 682 3543 procerus
712 3486 827 3531 erat
861 3485 913 3531 et
946 3488 1154 3541 rectus,
1186 3492 1413 3546 corpore
1457 3476 1629 3539 arido,
1670 3477 1851 3533 colore

276 3566 581 3634 nigrieante
600 3578 653 3623 et
674 3568 1157 3639 pallido,ingressu
1187 3569 1470 3625 moderato
1521 3585 1654 3625 naso
1685 3570 1849 3624 decli-

2034 1918 2183 1975 llane
2231 1920 2763 1991 descriptionem,ex
2823 1936 2922 1976 ms.
2955 1919 3218 1977 Vaticano
3264 1931 3543 1991 acceptam

1962 2009 2153 2065 Petrus
2230 2011 2421 2066 Frison
2486 2012 2850 2084 praelaudatus
2911 2015 3192 2083 supposuit
3259 2011 3542 2070 vetustiori

1962 2104 2133 2161 solius
2177 2101 2361 2159 Basilii
2405 2105 2543 2159 iconi
2576 2145 2590 2168 ,
2643 2116 2873 2177 sumptae
2905 2120 2971 2159 ex
3019 2115 3329 2175 pervetusto
3379 2105 3543 2178 Regia

1960 2194 2415 2251 Christianissimi
2456 2196 2662 2256 codice.
2705 2201 2793 2264 qui
2852 2195 3035 2267 (sicuti
3073 2196 3374 2267 ascriptum
3403 2196 3542 2267 legi-

1963 2290 2069 2358 tur)
2098 2289 2311 2344 oblatus
2348 2287 2447 2342 fuit
2475 2286 2673 2341 Basilio
2696 2287 2993 2354 Macedoni,
3028 2290 3312 2359 imperium
3352 2288 3540 2347 Orien-

1970 2379 2036 2434 tis
2072 2380 2264 2450 adepto
2296 2385 2396 2437 sub
2446 2398 2644 2436 annum
2684 2396 3000 2435 ncccuxvn
3035 2425 3050 2448 ,
3084 2383 3324 2453 illudque
3356 2384 3541 2441 mode-

1966 2477 2083 2523 rato
2138 2486 2307 2541 usque
2351 2472 2416 2525 ad
2443 2488 2641 2527 annum
2699 2488 2923 2526 Lxxxw.
2962 2470 3057 2524 Est
3096 2488 3224 2542 ergo
3272 2472 3541 2541 ejusmodi

1966 2561 2085 2617 icon
2116 2578 2223 2629 ,ea
2277 2577 2438 2631 quam
2499 2562 2782 2617 retulimus
2832 2562 3175 2632 apparitione
3238 2564 3536 2633 antiquior,

1966 2654 2176 2709 duobus
2217 2663 2276 2709 ut
2304 2653 2583 2708 minimum
2614 2653 2839 2724 integris
2886 2656 3129 2720 saeculis;
3166 2656 3260 2710 sed
3292 2673 3357 2709 an
3412 2655 3534 2711 ideo

1964 2748 2128 2799 etiam
2160 2749 2331 2818 magis
2383 2757 2579 2803 exacta
2635 2748 2701 2801 ad
2737 2748 3062 2801 veritatem?
3118 2748 3231 2801 Non
3263 2748 3539 2805 existimo.

1969 2837 2065 2891 Vix
2119 2839 2261 2893 enim
2326 2841 2583 2895 credibile
2629 2850 2709 2895 est
2737 2881 2751 2906 ,
2789 2852 3058 2911 sumptam
3093 2856 3214 2896 esse
3267 2858 3331 2895 ex
3364 2842 3541 2911 aliqua

1965 2946 2084 3000 qua:
2128 2930 2292 2985 fuerit
2329 2934 2393 2986 ad
2425 2934 2655 2986 viventis
2690 2935 2892 2986 vultum
2935 2948 3214 3003 expressa.
3245 2932 3301 2988 Si
3357 2942 3539 2987 autem

1970 3022 2128 3074 trium
2166 3021 2394 3076 istorum
2448 3020 2679 3074 formam
2739 3022 2818 3076 sic
2867 3024 3135 3089 expressit
3191 3023 3306 3076 suis
3362 3020 3540 3076 verbis

1962 3112 2197 3176 Joannes
2224 3112 2512 3176 Eucltaita,
2556 3112 2770 3182 qualem
2803 3122 3165 3181 conspexerat
3218 3113 3270 3165 in
3308 3113 3540 3179 visione,

1967 3207 2299 3274 lirmiterqne
2324 3221 2401 3260 ea:
2424 3221 2542 3274 qua:
2566 3204 2723 3277 vulgo
2753 3205 3220 3259 circumferuntur
3246 3206 3454 3269 icones,
3484 3214 3539 3260 et

1964 3296 2016 3349 in
2052 3296 2267 3351 Mentcis
2293 3300 2727 3366 conspiciuntur,
2766 3300 2991 3367 propius
3025 3298 3292 3367 attingere
3340 3299 3539 3351 verita-

1965 3398 2089 3442 tem.
2127 3388 2334 3443 Placuit
2368 3392 2608 3454 interim,
2639 3398 2694 3445 et
2742 3390 2901 3443 trium
2944 3389 3170 3443 istorum
3203 3403 3270 3443 ex
3301 3386 3538 3454 Mcnzcis,

1961 3491 2014 3537 et
2041 3482 2199 3535 unius
2238 3479 2418 3535 Basilii
2454 3481 2723 3551 propriam
2757 3496 2823 3535 ex
2852 3480 3037 3535 codice
3068 3478 3239 3550 Regio
3284 3490 3536 3550 spectan-

1964 3575 2084 3629 dam
2120 3574 2184 3629 da
2194 3589 2270 3629 re.

803 4089 1083 4157 CANON
1135 4090 1247 4153 DE
1294 4091 1364 4156 S.
1408 4089 1748 4154 BASILIO
1790 4088 1905 4151 AD
1945 4088 2169 4150 DIEM
2224 4084 2577 4149 PRIMUM
2614 4080 3020 4146 JANUARII

1676 4346 1771 4401 EX
1810 4343 2111 4401 ΜΕΝΕΙΒ.

936 4773 1069 4831 ΩΔΗ
1088 4776 1168 4834 A'.

340 4908 443 4962 Σοῦ
476 4910 574 4982 τὴν
608 4912 790 4985 φωνὴν
843 4908 949 4966 ἔδει
976 4913 1245 4985 παρεῖναι,
1298 4914 1568 4977 Βασίλειε,
1614 4915 1725 4976 τοῖς
1749 4913 1843 4980 ἐγ-

263 5002 498 5071 κωμίοις
551 5019 663 5055 σουν
707 5003 862 5069 ἀλλὰ,
913 5003 1117 5076 Πάτερ,
1174 5005 1503 5076 συγγνώμην
1545 5003 1838 5075 διδόμενος,

259 5099 363 5171 τὴν
392 5098 550 5169 χάριν
578 5098 758 5167 νέμοις
784 5096 1026 5167 ἀφθόνως
1055 5099 1205 5169 ἡμῖν.

334 5235 410 5287 Τὸ
451 5232 691 5303 ἐμπαθὲς
747 5232 1028 5305 σκίρτωμα
1066 5232 1163 5302 τῆς
1209 5232 1577 5303 τυραννούσης
1618 5234 1841 5303 σαρκὸς,

256 5327 580 5399 φιλοσοφίας
634 5326 794 5397 ἔρωτι
820 5323 1291 5394 ὲπαιδαγώγησαςο
1335 5324 1415 5377 διὸ
1446 5326 1503 5376 ὲν
1547 5325 1843 5389 ἀκτράτοις

256 5420 472 5483 αὑλίζει
500 5417 808 5488 βασιλείοις,
844 5417 1024 5488 Πάτερ
1047 5417 1310 5471 Βασίλειε.

330 5535 453 5587 Τῶν
480 5534 687 5604 ἀρετῶν
722 5534 786 5585 σὺ
805 5534 902 5603 τὴν
931 5533 1186 5603 τραχεῖαν
1210 5531 1430 5602 βαδίσας
1458 5530 1590 5595 ὁδὸν,
1627 5532 1718 5584 ἐπὶ
1741 5532 1839 5603 τὴν

260 5628 407 5682 λείαν
441 5627 677 5696 ἔφθασας
708 5626 801 5679 καὶ
845 5627 1201 5679 ἀστασίαστον
1244 5626 1341 5695 τὴν
1374 5625 1626 5697 οὐράνιον
1663 5624 1836 5690 Βάσιν,

260 5724 353 5775 καὶ
382 5722 546 5771 πᾶσιν
569 5718 887 5789 ἀναδείχθης
915 5719 1101 5780 τύπος,
1128 5717 1390 5770 Basilus.

330 5833 412 5885 Τὰ
450 5832 547 5901 τῆς
598 5831 774 5903 ψυχῆς
830 5832 974 5901 πάθη
1035 5832 1351 5905 χρησίμως,
1413 5830 1677 5898 Βασίλειε,
1719 5831 1834 5902 ἅμα

2628 4774 2770 4836 0οΕ
2813 4774 2855 4833 1.

2022 4912 2150 4969 Tuis
2180 4913 2428 4967 laudibus
2452 4924 2550 4980 par
2569 4907 2711 4965 foret
2737 4908 2973 4982 linguam
3004 4919 3150 4967 tuam
3184 4912 3398 4978 adesse,
3431 4911 3527 4968 Ba-

1951 5007 2069 5072 sili;
2106 5022 2313 5069 verum,
2338 5005 2521 5066 Pater,
2552 5005 2757 5059 veniam
2795 5006 3103 5075 indulgens,
3134 5006 3365 5077 gratiam
3395 5008 3525 5063 abs-

1950 5113 2053 5166 que
2090 5097 2288 5151 invidia
2327 5098 2482 5151 nobis
2518 5096 2725 5150 confer.

2016 5232 2371 5288 Passionibus
2425 5233 2714 5287 obnoxium
2780 5230 2965 5285 carnis
3032 5230 3289 5299 impetum
3340 5246 3525 5285 amore

1947 5326 2302 5393 pliilosotiliiaa
2366 5324 2697 5394 castigavisti
2742 5332 3070 5391 :proptcrea
3127 5322 3522 5376 incontamina-

1954 5428 2057 5471 tam
2088 5419 2298 5472 habitas
2340 5419 2565 5487 regiam,
2597 5416 2760 5471 Pater
2791 5413 2977 5469 Basili.

2016 5534 2248 5586 Arduam
2272 5534 2531 5586 virtutum
2590 5533 2866 5602 ingressus
2917 5529 3059 5582 viam
3086 5572 3101 5593 ,
3139 5529 3204 5581 ad
3237 5528 3407 5583 levem
3458 5538 3513 5582 et

1946 5626 2391 5695 imperturbatam
2433 5626 2484 5678 in
2515 5624 2672 5679 ccelis
2704 5620 3407 5690 ascendisti;ontnibusque
3436 5619 3515 5674 fa-

1942 5728 2060 5771 ctus
2094 5733 2152 5771 es
2184 5734 2391 5781 norma,
2422 5717 2607 5772 Basili.

2013 5830 2113 5884 Pas
2134 5831 2319 5886 siones
2346 5831 2534 5896 animi,
2573 5830 2733 5886 simul
2767 5840 2819 5886 et
2848 5830 3094 5899 corporis
3127 5828 3302 5897 gladio
3338 5826 3514 5898 Spiri-
