4058 6446
504 371 727 411 ιυρισιν

1878 362 2403 419 PROLEGOMENA.

514 480 600 524 tus
634 470 834 539 optime
888 471 1298 529 circumcidisti.
1332 473 1525 539 Basili;
1580 484 1733 545 teque
1763 476 1934 545 ipsum
1973 477 2076 530 Do-

2208 482 2277 533 ιαὶ
2309 482 2375 531 τὰ
2403 479 2493 531 τοῦ
2530 477 2775 547 σώματος
2827 477 2882 527 ὲν
2922 474 2995 544 τῷ
3030 473 3120 525 τοῦ
3157 476 3469 545 Πνεῦματος
3512 479 3765 544 περιέτεο

503 560 651 615 mino
682 560 922 615 obtulisti
946 560 1295 617 sacrilicium.

582 750 784 808 Factus
828 753 1177 810 inell'abilium
1224 774 1543 815 arcanorum
1574 773 1795 832 mysles,
1832 780 1863 819 ο
1893 765 2076 830 Basili,

506 849 975 901 consecrationem
1012 849 1238 919 adeptus
1265 866 1346 914 es,
1392 849 1592 917 Pater;
1627 863 1681 908 et
1706 856 1861 912 nobis
1898 858 2073 910 lumen

508 934 795 992 Trinitatis
836 940 1193 996 tnanifestasti

1139 1142 1275 1200 ous
1317 1143 1379 1198 ιιι
1410 1144 1497 1213 (αὶ.

580 1344 735 1400 Omni
780 1343 1016 1413 repletus
1045 1344 1353 1412 disciplina.
1392 1359 1495 1396 non
1522 1357 1693 1398 sotum
1720 1343 1862 1398 humi
1888 1354 2077 1411 repen-

511 1448 565 1492 te
588 1450 754 1508 atque
786 1437 1067 1504 calcanda,
1108 1440 1200 1491 sed
1232 1438 1394 1490 etiam
1428 1437 1597 1491 multo
1634 1436 2081 1501 meliort,mundo

511 1530 692 1583 lumen
728 1528 1029 1599 przcbuisti,
1064 1543 1097 1583 ο
1132 1527 1319 1583 Basili.

584 1640 801 1696 Timore
862 1641 1075 1696 Domini
1105 1642 1459 1697 conﬁrmatus
1508 1640 1745 1711 (initium
1796 1639 1937 1692 enim
1997 1636 2087 1691 illo

512 1742 598 1787 est
622 1731 923 1803 sapientia)
978 1733 1094 1786 alas
1127 1731 1357 1800 pntioris
1403 1729 1685 1793 sapientia:
1718 1728 2082 1797 assumpsisti,

512 1842 547 1880 ο
576 1824 759 1879 Basili.

583 1935 767 1991 Palam
822 1950 1049 1990 exorsus
1108 1938 1175 1988 ab
1223 1936 1461 2000 actione,
1492 1936 1560 1989 ab
1590 1935 1690 1988 hac
1743 1935 1965 2005 gradum
2022 1936 2087 1989 ad

514 2030 1027 2101 contemplationem
1085 2027 1405 2082 diviniorem
1438 2026 1616 2081 facere
1657 2041 1755 2081 nos
1801 2026 1935 2081 doce
1973 2066 1985 2091 ,
2037 2036 2090 2079 et

514 2136 725 2183 eorum,
762 2138 881 2189 qua:
914 2136 1041 2175 vere
1088 2119 1222 2174 bona
1271 2129 1397 2173 sunt
1444 2118 1750 2187 cognitione
1808 2118 2087 2172 manifesta

517 2224 617 2265 nos
650 2209 846 2263 imbue.

589 2320 723 2377 Cum
755 2319 956 2376 Christi
991 2321 1152 2375 natali
1197 2322 1359 2390 fulget
1384 2331 1437 2376 et
1468 2320 1743 2375 concurrit
1770 2334 2068 2376 commento

523 2416 663 2470 ratio
696 2425 809 2481 tua,
846 2414 1026 2478 Pater,
1054 2414 1146 2483 qni
1184 2418 1498 2485 mysterium
1548 2411 1816 2469 ineffabile
1864 2424 1950 2469 tua
1994 2431 2091 2469 as-

518 2506 602 2562 bis
638 2506 885 2561 doctrina
919 2506 1234 2562 manifestas

1177 2682 1314 2740 ODE
1362 2682 1449 2737 IV.

592 2863 747 2920 Sicut
807 2864 1091 2929 Ecclesia,
1149 2862 1349 2919 Christi
1398 2879 1634 2933 sponsa,
1690 2876 1915 2920 ornatur
1980 2868 2095 2933 ejus

522 2957 803 3012 nativitate
836 2996 852 3021 ,
896 2956 969 3010 ita
999 2997 1015 3024 ,
1071 2966 1159 3009 tua
1202 2958 1756 3021 commemoratione,
1817 2974 1849 3013 ο
1899 2960 2094 3013 beatis-

522 3060 679 3103 sime.

2187 590 2283 643 μες
2343 571 2499 639 ξίφει·
2538 572 2731 624 σαυτὸν
2764 568 2819 620 δὲ
2865 568 2940 639 τῷ
2982 567 3225 637 Δεσπότη
3283 567 3428 637 θῦμα
3462 573 3768 639 προσήνεγ-

2184 683 2302 726 κας.

2254 778 2324 829 Σὺ
2358 776 2594 844 γεγονὼς
2654 774 2863 843 μύστης
2909 774 3183 845 ἀρρήτων,
3229 771 3495 834 Basilus,
3522 779 3767 842 ὲμυστα-

2184 867 2440 937 γώγησας
2478 869 2791 936 ἱεράτευμα,
2848 863 3048 935 Πάτερ,
3088 862 3274 932 σαφῶς
3310 861 3368 912 τὸ
3406 863 3505 932 τῆς
3536 862 3769 933 Τριάδος

2188 958 2302 1028 φῶς
2333 957 2691 1027 άπαστράιζαας
2730 959 2761 1023 ἠ
2773 958 2878 1024 μῖν.

2854 1131 2983 1182 (UH
3011 1128 3079 1182 Γ.

2261 1346 2514 1408 Παιδείας
2546 1344 2781 1412 γεγονὼς
2812 1348 3026 1416 ἀπάσης
3052 1344 3304 1415 ἕμπλεος,
3345 1348 3403 1398 οῦ
3443 1346 3600 1416 μόνον
3663 1348 3783 1415 τῆς

2188 1441 2339 1493 κάτω
2372 1442 2465 1494 καὶ
2497 1440 2857 1509 πατουμένης,
2915 1440 3091 1512 πολλῷ
3124 1442 3179 1494 δὲ
3213 1443 3412 1511 μᾶλλον
3452 1442 3551 1511 τῆς
3577 1444 3769 1511 κρείτ-

2186 1546 2356 1591 τονος,
2409 1528 2724 1599 ἀναδείχθης
2778 1530 2855 1600 τῷ
2888 1532 3074 1601 κόσμῳ
3107 1530 3239 1597 φῶς,
3284 1530 3526 1583 Basilus

2257 1641 2347 1711 Τῷ
2381 1642 2529 1713 φόϐῳ
2562 1641 2655 1694 τοῦ
2719 1642 2925 1714 Κυρίου
2978 1644 3428 1715 στοιχειούμενος,
3482 1643 3623 1714 ἀρχὴ
3658 1644 3773 1714 γὰρ

2191 1733 2383 1801 σοφίας
2414 1728 2567 1797 οὗτος
2610 1733 2862 1804 ὑπάρχει.
2893 1737 2958 1804 τῇ
2999 1735 3149 1804 φιλίᾳ
3178 1735 3272 1803 τῆς
3306 1735 3582 1806 ἀμείνονος
3610 1737 3777 1786 ἐπτε-

2120 1826 2159 1880 Β
2192 1826 2369 1895 ρώθης
2400 1829 2608 1895 σοςίας,
2636 1820 2679 1879 ὦ
2713 1824 2977 1878 Βασίλειε.

2262 1935 2528 1998 Βασίλειε,
2565 1938 2739 2006 σοφῶς
2777 1934 2979 2004 ἐπέϐης
3019 1934 3266 2005 πράξεως
3294 1937 3387 1986 καὶ
3422 1938 3619 2006 πρᾶξιν
3650 1938 3777 1991 sni-

2192 2040 2348 2080 οασιν
2394 2026 2626 2099 θεωρίας
2660 2028 2931 2098 θειοτέρας
2965 2028 3259 2092 ὲπέδειξες,
3304 2027 3395 2078 καὶ
3445 2028 3551 2080 τῶν
3601 2031 3775 2082 ὅντων

2191 2120 2289 2190 τὴν
2322 2120 2519 2187 γνῶσιν
2550 2121 2792 2192 ἐμυήθης
2816 2119 2998 2187 sagati);

2266 2321 2574 2392 Συνέδραμε
2602 2321 2836 2393 Χριστοῦ
2858 2322 2951 2372 καὶ
2969 2319 3365 2389 συνεξέλαμψεν
3384 2322 3418 2391 ἡ
3442 2322 3630 2391 μνήμη
3652 2338 3772 2383 σου,

2195 2412 2397 2483 Πάτερ,
2456 2417 2566 2475 τοῖς
2602 2410 2911 2479 γενεθλίοις,
2942 2404 3015 2463 ὧν
3058 2410 3120 2462 τὸ
3149 2413 3425 2481 ἄφραστον
3472 2414 3778 2483 μυστήριον

2195 2508 2313 2567 ταῖς
2345 2508 2461 2568 σαῖς
2494 2502 2859 2566 διδασκαλίαις
2891 2502 3229 2575 φανέρωσας.

2864 2683 2999 2738 ΩΔΗ
3026 2680 3101 2739 Δ’.

2273 2867 2706 2931 Καλλωπίζεται,
2762 2867 2948 2938 ὥσπερ
2972 2867 3051 2935 τῷ
3078 2864 3222 2934 τόκῳ
3263 2862 3518 2934 Χριστοῦ,
3560 2862 3594 2933 ἡ
3640 2861 3784 2932 νύμ-

2199 2976 2271 3027 φη
2318 2956 2633 3027 Ἐκκλησία,
2696 2956 2837 3009 οὕτω
2895 2957 2989 3009 καὶ
3021 2959 3086 3026 τῇ
3140 2956 3329 3027 μνήμῃ
3368 2972 3482 3018 σου,
3541 2970 3782 3023 παμμας

2198 3049 2441 3119 κάριστε.

594 3163 848 3218 Graviter
899 3164 1282 3218 demonstrans
1337 3177 1458 3218 esse
1519 3160 1864 3237 [Christum]
1896 3164 2091 3219 Filium

2270 3164 2670 3235 Σεμνυνόμενος
2714 3163 2901 3215 τέκνον
2952 3162 3209 3233 ὑπάρχων
3254 3160 3406 3222 Θεοῦ,
3443 3159 3672 3230 θεότητα
3696 3163 3786 3223 si;

525 3248 662 3316 Dei,
697 3249 946 3319 religiose
980 3251 1276 3305 distinxisti
1314 3252 1647 3306 divinitatem
1687 3270 1715 3305 a
1754 3264 2029 3318 creatura,
2058 3269 2093 3310 o

525 3340 713 3396 Basili.

601 3458 695 3512 Det
744 3472 849 3512 non
898 3454 1167 3528 abiectum
1196 3456 1619 3511 commilitonem
1667 3466 1716 3511 te
1765 3460 2096 3525 ostendisti,

530 3550 715 3613 Basili,
740 3549 962 3619 quando
991 3559 1041 3605 te
1073 3549 1499 3621 omnibusjnxta
1531 3550 1843 3604 mandatum
1875 3549 1991 3620 ejus
2015 3552 2102 3605 in-

528 3641 783 3694 feriorem
814 3640 1118 3695 credidisti.

601 3755 900 3819 Ecclesiam
949 3754 1043 3809 Dei
1092 3756 1216 3809 forti
1267 3756 1691 3812 circumvallasti
1724 3775 1899 3826 muro,
1944 3761 2106 3816 Basili

536 3845 873 3902 beatissime.

614 3959 705 4013 Dei
739 3958 990 4014 hostibus
1025 3959 1171 4013 fuisti
1198 3968 1349 4014 acuta
1378 3962 1644 4031 bipennis,
1673 3973 1726 4017 et
1759 3963 1897 4034 ignis
1924 3965 2111 4021 dissol-

532 4064 665 4105 vens
688 4064 877 4105 eorum
905 4050 1175 4115 fraudem,
1198 4050 1359 4106 Pater
1386 4054 1568 4109 Basili.

1214 4247 1351 4303 ODE
1388 4251 1452 4304 V.

609 4428 781 4485 llodie
836 4429 946 4497 agit
1007 4427 1250 4483 Ecclesia
1311 4427 1501 4482 festum
1537 4441 1661 4480 vere
1714 4426 1950 4495 duplex,
1996 4429 2116 4483 Cir-

2205 3254 2379 3309 κτίσιν
2417 3254 2677 3321 εὐσεϐῶς,
2710 3256 2978 3312 Βασίλειε.
3005 3255 3063 3308 οὐ
3092 3255 3419 3324 κατήγαγες.

2288 3459 2682 3521 Ἀταπείνωτος
2727 3456 2914 3526 ὤφθης
2947 3455 3272 3528 συμμαχῶν,
3308 3455 3574 3521 Βασίλειε,
3606 3453 3787 3507 ἆπασι

2206 3550 2284 3621 τῷ
2316 3550 2480 3604 αὑτοῦ
2506 3549 2884 3621 προστάγματι
2913 3549 3355 3620 ταπεινούμενος.

2279 3747 2356 3817 Τῇ
2411 3747 2705 3818 Ἐκκλησία
2730 3746 2957 3799 δὲδωσαι
2992 3742 3139 3814 παρὰ
3167 3742 3300 3795 Θεοῦ
3333 3740 3662 3812 χαράκωμα,
3690 3743 3793 3795 καὶ

2210 3840 2383 3907 τεῖχος
2407 3838 2619 3907 ὀχυρὸν,
2652 3834 2897 3889 Basilus
2926 3832 3372 3901 παμμακάριστε.

2282 3951 2405 4012 Τοῖς
2446 3949 2709 4011 ἀντιθέοις
2761 3948 2987 4010 πέλεκυς
3014 3945 3337 4007 ὲκκοπτικδς
3384 3961 3475 3996 και
3509 3942 3618 4012 πῦρ
3651 3958 3793 3997 κατ-

2215 4042 2500 4096 αναλίσκον
2534 4042 2628 4112 τὴν
2668 4041 2882 4111 ἀπάτην
2912 4038 3119 4109 ὤφθης,
3173 4038 3353 4091 Πάτεο
3379 4036 3624 4089 Basilus

2872 4237 3004 4290 ΩΔΗ
3046 4236 3123 4291 Ε’.

2292 4420 2446 4486 Ἀγει
2498 4418 2688 4487 διπλῆν
2737 4416 3011 4488 άληθῶςή
3058 4414 3351 4483 Ἐκκλησία
3382 4413 3570 4483 ἑορτὴν
3618 4416 3797 4483 σήμε-

539 4522 934 4580 cumcisionem
959 4520 1168 4575 scilicet
1200 4518 1437 4583 Domini,
1484 4518 1703 4589 quando
1738 4518 1787 4571 in
1823 4528 1963 4572 terra
2019 4536 2099 4587 ap-

2219 4529 2356 4581 ρον,
2418 4510 2715 4580 περιτομῆς
2784 4509 2859 4571 ὡς
2937 4507 3131 4578 βρέςος
3202 4505 3469 4557 Δεσπότου
3539 4504 3800 4573 ὀφθέντος

540 4614 723 4685 paruit
750 4612 954 4680 infans,
990 4621 1045 4667 et
1080 4610 1397 4668 memoriam
1429 4608 1570 4663 servi
1626 4608 1888 4676 sapientis
1942 4625 2003 4663 ac
2032 4620 2115 4663 ter

541 4707 708 4761 beati.

613 4817 817 4872 Lumen
840 4816 1382 4885 incomprehensibile
1411 4819 1460 4871 in
1486 4827 1556 4882 te,
1578 4828 1783 4878 sancte.
1809 4816 2115 4884 requiesce-

545 4925 606 4963 re
633 4949 649 4967 .
674 4909 781 4963 imo
812 4922 933 4962 esse
988 4917 1041 4960 te
1088 4908 1389 4975 lampadem
1420 4948 1433 4970 ,
1460 4923 1577 4977 quae
1603 4907 1871 4961 illuminat
1906 4908 2115 4971 orbem,

551 5000 787 5055 ostendit
834 4999 1105 5053 Christus.
1152 4997 1275 5053 ldeo
1337 5009 1505 5066 tuam,
1552 4998 1743 5062 Basili,
1785 4998 2119 5053 celebramus

547 5096 886 5153 memoriam.

620 5206 735 5262 Non
800 5206 1074 5276 legislator
1105 5205 1349 5275 Moyses.
1383 5221 1485 5258 non
1532 5216 1663 5259 ante
1704 5207 1875 5275 legem
1924 5204 2121 5275 Joseph

569 5302 669 5355 fuit
717 5300 1040 5354 distributor
1077 5298 1193 5365 ejus
1249 5312 1366 5365 quae
1412 5314 1475 5351 ex
1514 5308 1565 5352 te
1606 5300 1763 5351 datur
1791 5314 1929 5353 esca:
1967 5318 1979 5351 :
2014 5300 2124 5367 ipse

547 5395 694 5448 enim
732 5390 879 5445 fuisti
911 5390 1091 5444 carnis
1121 5388 1315 5443 divina:
1347 5398 1637 5441 cmnestor.

624 5502 876 5556 Universi
922 5516 1109 5554 novum
1145 5500 1479 5551 nativitatem
1529 5500 1580 5552 in
1617 5510 1796 5553 mente
1824 5502 1950 5553 Sina
2002 5500 2129 5555 sub-

551 5597 781 5650 obscure
823 5596 1104 5665 iignratam
1153 5593 1345 5662 Moysi,
1386 5604 1441 5647 ut
1476 5594 1864 5661 interpretatus
1896 5609 1975 5659 es,
2008 5594 2130 5649 bea-

635 5799 708 5869 (a)
738 5798 831 5855 Sic
858 5798 996 5868 apud
1030 5796 1277 5852 Bollatnd.
1330 5797 1483 5852 Deest
1521 5810 1669 5849 num.
1709 5794 1763 5847 ‘2.

2220 4604 2313 4654 ἐπὶ
2370 4602 2499 4671 γῆς,
2563 4601 2655 4653 καὶ
2705 4600 2919 4669 μνήμην
2970 4597 3185 4651 οἰκέτου
3228 4596 3391 4665 σοφοῦ
3438 4597 3531 4649 καὶ
3563 4597 3801 4668 τρισμά-

2216 4710 2286 4745 κα
2295 4709 2402 4763 ρος.

2289 4806 2361 4858 Τὸ
2420 4804 2802 4873 ἀκατάληπτον
2863 4802 2976 4871 φῶς
3033 4798 3487 4869 ἀναπαυσάμενος
3559 4799 3616 4849 ὲν
3678 4798 3796 4852 σοὶ.

2219 4899 2362 4961 ὃσιε,
2423 4895 2755 4966 φωτιστικὴν
2814 4893 3071 4963 λαμπάδα
3130 4890 3206 4961 τῷ
3278 4891 3469 4959 κόσμῳ
3518 4907 3576 4942 σε
3629 4888 3800 4953 ἔδειξε

2221 4990 2484 5060 Χριστόςθ
2541 4988 2622 5040 διὸ
2676 5005 2765 5039 σου
2830 4986 2928 5054 τὴν
2986 4986 3200 5055 μνήμην
3263 4982 3570 5052 ὑμνοῦμεν,
3635 4982 3801 5035 Βασί-

2222 5082 2350 5136 λειε.

2293 5196 2367 5248 Οὐ
2410 5194 2702 5265 νομοθέτης
2738 5194 2957 5260 Μωσῆς.
2990 5192 3048 5244 οὐ
3104 5190 3208 5259 πρὸ
3243 5190 3334 5241 τοῦ
3382 5206 3545 5258 νομου
3616 5189 3803 5257 laici}?

2224 5289 2415 5357 γέγονε
2449 5288 2547 5356 τῆς
2604 5287 2744 5338 κατά
2791 5286 2847 5336 σε
2892 5272 3096 5355 τροφῆς
3145 5282 3488 5351 σιτομέτρης·
3518 5280 3618 5349 τῆς
3652 5280 3807 5343 θείας

2225 5384 2333 5451 γὰρ
2366 5382 2565 5451 σαρκὸς
2598 5378 2757 5439 αὐτὸς
2799 5377 3063 5445 ἑστιάτωρ
3102 5374 3363 5443 ἐδείχθης,
3400 5372 3667 5424 Basilus.

2300 5492 2412 5562 Τὴν
2448 5490 2538 5543 τοῦ
2600 5487 2796 5548 παντὸς
2840 5487 3085 5557 ἀμυδρὰν
3142 5484 3514 5555 ἱστορηθεῖσαν
3565 5483 3624 5533 ὲν
3672 5481 3811 5533 Σινά

2232 5584 2481 5655 γέννησιν
2542 5581 2616 5651 τῷ
2665 5581 2852 5634 Μωσεῖ
2918 5579 3077 5642 αὐτὸς
3130 5577 3471 5649 ἑρμηνεύων,
3527 5575 3593 5627 ὲκ
3646 5573 3811 5626 θείων
