4058 6446
1494 401 1720 456 (ΣΑΝΟΝ
1761 402 1868 456 DE.
1885 402 1943 458 S.
1980 402 2268 458 BASILIO.

1261 518 1571 589 παμμάκαρ
1659 519 1821 572 Βασί-

1928 520 2135 574 tissime
2181 519 2387 582 Basili,
2423 533 2488 574 ex
2537 518 2740 575 divinis
2791 519 3063 576 thesauris
3090 533 3208 576 eam
3247 522 3503 578 omnibus

241 517 536 593 θησαυοῶν
609 517 921 582 ἀνάπτυξας
992 519 1122 571 πᾶσι
1161 557 1176 582 ,

243 615 376 669 λειε.

919 761 1051 814 ean
1079 764 1169 829 εῖν.

318 917 595 988 Ἐθρεψας
627 917 771 988 λιμῷ
802 919 1065 981 τακείσας
1095 918 1274 989 ψυχὰς
1307 920 1522 974 πάντων
1556 923 1822 992 ἀφθόνως,

243 1011 344 1064 καὶ
377 1010 474 1074 τὰς
512 1009 619 1062 τῶν
654 1009 960 1063 πεινώντων
1017 1011 1242 1082 καρδίας
1287 1014 1467 1085 πάσης
1500 1014 1822 1086 ἐνέπλησας,

245 1102 518 1165 Βασίλειε,
557 1102 742 1172 θεῖκῆς
773 1101 1129 1172 εὐφροσύνης.

325 1213 596 1284 Ἐθρεψας
651 1214 826 1284 ψυχὰς
871 1214 1142 1280 πεινώσας
1190 1223 1362 1289 τροφῇ
1397 1223 1462 1290 τῇ
1495 1221 1822 1295 ὲπουρανίῳ’

245 1305 413 1375 ἄρτος
443 1306 551 1376 γὰρ
583 1305 687 1357 τῶν
712 1304 957 1372 ἀγγέλων
1002 1307 1234 1377 ὑπάρχει
1266 1310 1294 1361 ὁ
1321 1307 1497 1376 λόγος,
1555 1310 1822 1376 Βασίλειε,

245 1391 308 1449 οὗ
337 1398 556 1468 ἄριστος
583 1395 856 1466 σιτοδότης
880 1397 1090 1465 ἐγένου.

323 1511 616 1582 Ἤθροισας
747 1509 847 1579 τῆς
885 1509 1166 1581 μελίσσης,
1203 1512 1471 1577 Βασίλειε,
1519 1515 1824 1586 φιλοπόνως

247 1601 453 1676 ἀρετῆς
486 1603 698 1671 ἁπάσης
732 1602 791 1654 τὸ
843 1604 1018 1667 ἄνθος,
1062 1605 1156 1658 καὶ
1205 1605 1506 1677 περιδέξιος
1539 1608 1827 1680 γενόμενος

248 1695 306 1747 ὲν
345 1695 536 1757 αύταῖς
573 1695 884 1766 μακαρίζει.

325 1805 632 1870 Ἕσπευσας
681 1807 883 1878 κόσμου
927 1811 1178 1880 ῥαγῆναι,
1216 1812 1307 1864 καὶ
1345 1811 1463 1880 Θεῷ
1508 1814 1828 1884 συμϐιοτεῖμ

248 1912 362 1950 σαιο
398 1897 479 1950 διο
508 1901 617 1962 τοῖς
645 1901 896 1965 ἀστάτοις
925 1904 1016 1954 καὶ
1051 1905 1315 1972 ρευστοῖς,
1351 1905 1532 1976 Πάτερ
1557 1883 1822 1972 Βασίλεῖε,

247 1991 318 2043 τὰ
346 1991 573 2060 μένοντα
596 1992 670 2044 ὠ·
707 1994 866 2048 σοφὸς
901 1996 1239 2066 κατεκτήσω.

926 2191 1058 2246 ΩΔΗ
1089 2192 1162 2246 Z'.

323 2369 499 2424 Εἱκὼν
554 2369 648 2422 τοῦ
700 2370 1017 2443 Πνεύματος
1066 2374 1095 2427 ὁ
1145 2373 1293 2442 Υἱὸς,
1335 2375 1549 2429 καὶτοῦ
1588 2377 1717 2431 Υἱοῦ
1765 2380 1826 2431 τὸ

247 2463 496 2532 Πνεῦμα,
529 2462 590 2514 σὺ
613 2462 670 2515 δὲ
693 2463 785 2517 τοῦ
835 2465 1169 2537 Πνεύματος,
1209 2468 1470 2533 Βασίλειε,
1499 2469 1826 2540 ᾲκηλίδωτον

248 2556 558 2626 ἔσωπτρον,
613 2552 760 2621 οἶκος
815 2559 872 2612 δὲ
930 2560 1029 2628 τῆς
1089 2560 1215 2630 ὅλης
1273 2561 1516 2630 Τριάδος·
1584 2562 1826 2632 μακαρία

247 2649 283 2718 ἡ
334 2649 519 2720 μνήμη
574 2666 693 2713 σου,
754 2652 845 2704 καὶ
897 2654 946 2705 οἱ
981 2652 1289 2719 δοξάζοντες
1331 2654 1498 2724 αὐτὴν
1553 2653 1825 2718 ἀντιδοξά-

247 2739 452 2804 ζονται.

321 2857 551 2922 Βυθίσας
589 2858 679 2912 τὸν
711 2859 833 2912 νοῦν
862 2861 940 2922 είς
963 2859 1031 2912 τὰ
1061 2859 1196 2931 βάθη
1221 2858 1314 2912 τοῦ
1353 2859 1487 2913 Θεοῦ
1525 2860 1592 2914 τὰ
1628 2862 1826 2916 ἀκατάο

245 2950 446 3019 ληπτα,
490 2949 879 3020 συλλεξάμενος
911 2950 967 3002 δὲ
993 2951 1082 3003 τὸν
1116 2951 1407 3020 πολύτιμον
1453 2952 1516 3004 σὺ
1557 2953 1825 3024 μαργαρί-

245 3057 346 3111 την
370 3041 468 3112 τῆς
494 3041 764 3111 γνώσεως,
793 3041 1111 3102 ἐπλούτισας
1139 3040 1229 3093 τὸν
1256 3043 1456 3109 κόσμον
1484 3042 1692 3110 σοφίας,
1729 3043 1824 3096 καὶ

246 3135 580 3206 κραυγάζειν
615 3135 875 3196 ἐδίδαξας·
913 3133 1217 3203 Εὐλογητὸς
1249 3135 1277 3185 ὁ
1321 3134 1454 3197 Θεὸς
1492 3133 1602 3187 τῶν
1654 3136 1821 3189 πατέ-

251 3242 359 3295 ρων
379 3226 411 3293 ὴ
420 3225 550 3293 μῶν.

317 3328 387 3384 Ὦ
417 3332 686 3402 σύμπνοια
742 3334 832 3386 νοῦ
866 3335 985 3406 ἱερά
1023 3353 1080 3389 τε
1117 3337 1368 3409 ξυνωρὶς,
1425 3341 1457 3409 ἡ
1493 3340 1679 3413 ὥσπερ
1721 3341 1824 3414 μία

248 3423 391 3496 duxi;
420 3424 476 3476 ὲν
499 3423 621 3477 δυσὶ
659 3424 905 3495 σώμασιν
939 3428 1267 3500 ἀδιαίρετος,
1303 3431 1361 3482 ὲν
1396 3431 1681 3502 Γρηγορίῳ
1720 3433 1826 3486 Βα-

249 3516 465 3580 σίλειος,
503 3516 652 3586 πόθῳ
701 3515 865 3585 θεῖκῷ
901 3520 1252 3588 συνημμένοι,
1292 3520 1349 3572 ὲν
1384 3519 1646 3592 Βασιλείῳ
1682 3521 1824 3594 Γρη-

248 3614 451 3681 γοριος⁹
523 3608 616 3659 νῦν
679 3609 992 3661 ἱκετεύσατε
1052 3611 1286 3664 Χοιστὸν
1347 3613 1484 3683 ὑπὲρ
1538 3613 1636 3684 τῆς
1699 3613 1822 3666 ποί-

250 3715 410 3768 μνης·

320 3809 508 3881 Πατὴρ
527 3811 798 3882 ὀρφανῶν,
824 3812 916 3863 καὶ
933 3811 1114 3882 χηρῶν
1131 3829 1272 3884 προα
1281 3813 1530 3885 σπιστὴς,
1557 3816 1651 3867 καὶ
1671 3817 1828 3870 πλοῦ-

247 3918 338 3964 τος
372 3900 585 3972 πένησι,
606 3900 713 3954 τῶν
738 3902 1108 3958 ἀσθενούντων
1135 3906 1167 3976 ἡ
1210 3903 1556 3978 παράκλησις
1590 3907 1686 3960 καὶ
1717 3910 1824 3962 τῶν

246 3994 574 4048 πλοιούντων
628 3994 974 4066 κυϐέρνησις,
1007 3999 1209 4069 γήρους
1250 3998 1520 4071 βακτηρία
1561 3999 1823 4072 ἐδείχθης,

248 4087 590 4154 παιδαγωγία
618 4086 884 4156 νεάτητος,
913 4088 1006 4140 καὶ
1035 4089 1375 4157 μοναζόντων
1402 4092 1603 4165 ἀρετῆς
1618 4094 1818 4163 κανὼν,

248 4176 515 4230 Βασίλειε.

912 4360 1042 4412 ΩΔΗ
1075 4361 1157 4415 H’.

3296 419 3497 463 αιδην

1931 612 2230 666 recludens.

2575 764 2711 822 ODE
2745 766 2833 822 Vl.

1997 915 2221 970 Animas
2253 931 2573 986 pauperum,
2596 918 2936 976 tabescentes
2961 920 3125 986 fame,
3150 921 3269 977 sine
3293 922 3498 978 invidia

1929 1007 2223 1073 nutrivisti,
2253 1018 2307 1061 et
2337 1009 2695 1064 esurientium
2720 1011 2903 1078 corda,
2931 1010 3286 1079 Basili,omni
3317 1015 3497 1069 divina

1929 1098 2219 1167 prudentia
2251 1099 2565 1170 implevisti.

2001 1209 2221 1265 Animas
2255 1211 2560 1268 esurientes
2592 1214 2869 1268 nutrivisti
2924 1212 3132 1271 cmicsti
3192 1216 3497 1274 alimento:

1933 1317 2056 1356 nam
2115 1304 2267 1373 panis
2309 1305 2618 1374 angelorum
2644 1345 2660 1371 ,
2693 1321 2726 1361 ο
2756 1306 2949 1373 Basili,
2975 1315 3061 1365 est
3103 1321 3307 1373 sermo,
3349 1308 3504 1380 cuius

1929 1409 2052 1450 eras
2084 1396 2312 1467 largitor
2336 1398 2595 1468 optimus.

2000 1506 2154 1561 Sicut
2212 1508 2329 1578 apis
2368 1549 2384 1574 ,
2439 1508 2653 1577 Basili,
2710 1525 2939 1580 operose
2983 1509 3250 1582 collegisti
3311 1511 3496 1568 liorem

1929 1600 2104 1655 omnis
2152 1599 2370 1656 virtutis
2397 1639 2412 1667 ,
2441 1609 2498 1657 et
2546 1608 2607 1656 ut
2641 1605 2861 1673 sapiens
2899 1619 2997 1675 per
3045 1619 3164 1661 eam
3219 1606 3500 1665 beatiﬁca-

1931 1705 2025 1745 τις.

2001 1803 2328 1860 Accelerasti
2355 1804 2598 1862 abscindi
2638 1821 2667 1862 a
2701 1808 2906 1863 mundo
2949 1820 3004 1864 et
3046 1808 3154 1866 Deo
3183 1812 3382 1868 vivere.
3417 1811 3503 1867 ld-

1929 1897 2077 1952 circo
2102 1912 2199 1967 pro
2228 1898 2388 1952 rebus
2411 1898 2756 1954 instabilibus
2786 1914 2850 1955 ac
2873 1900 3032 1957 ﬂuxis
3059 1941 3075 1967 ,
3102 1899 3261 1958 Pater
3285 1901 3328 1956 Β
3347 1902 3498 1968 asili,

1928 1997 2129 2041 aeterna
2156 1987 2429 2057 sapienter
2457 2001 2789 2045 consecutus
2827 2005 2909 2048 es.

2576 2183 2714 2240 ODE
2743 2185 2854 2243 VII.

1999 2375 2165 2415 unus
2220 2372 2395 2429 Imago
2442 2368 2526 2414 est
2560 2357 2818 2430 Spiritus,
2861 2369 2918 2418 et
2966 2361 3204 2433 Spiritus
3230 2361 3396 2432 Filii;
3444 2376 3500 2422 tu

1929 2466 2079 2514 vero,
2115 2449 2302 2513 Basili,
2331 2448 2568 2518 Spiritus
2624 2450 3026 2508 immaculatum
3081 2454 3359 2525 speculum
3386 2494 3402 2521 ,
3447 2468 3505 2512 et

1931 2543 2294 2596 habitaculum
2330 2542 2498 2596 totius
2534 2541 2845 2599 Trinitatis.
2872 2543 3038 2601 Beata
3068 2555 3154 2602 est
3189 2547 3264 2604 tui
3293 2563 3502 2604 memo-

1930 2635 2030 2696 ria,
2066 2643 2129 2687 et
2177 2632 2265 2700 qui
2319 2646 2436 2684 eam
2468 2631 2734 2698 recolunt,
2789 2634 3060 2704 recipiunt
3110 2639 3503 2694 remuneratio-

1927 2741 2072 2780 nem.

1998 2837 2229 2892 Mentem
2273 2837 2804 2910 incomprehensibili
2858 2841 3210 2912 profunditati
3274 2845 3498 2900 immer-

1930 2947 2080 3000 gens,
2120 2942 2174 2986 et
2198 2931 2453 3001 colligens
2475 2933 2938 3002 pretiosissimam
2979 2937 3304 3007 cognitionis
3353 2954 3503 2994 mar-

1928 3023 2156 3091 garitam
2184 3061 2200 3086 ,
2233 3024 2572 3092 locupletasti
2619 3026 2804 3081 orbem
2863 3027 3126 3096 sapientia
3150 3068 3168 3094 ,
3197 3038 3252 3084 et
3308 3030 3494 3087 docui-

1927 3115 1994 3166 sti
2036 3113 2312 3168 clamare:
2351 3113 2672 3171 Benedictus
2705 3131 2783 3182 es,
2835 3116 2976 3172 Deus
3005 3128 3222 3189 patrum
3274 3130 3499 3176 nostro-

1871 3221 1890 3262 .3
1928 3221 2065 3258 rum.

2000 3317 2045 3373 0
2077 3319 2358 3375 consensio
2389 3318 2688 3374 animorum
2735 3327 2788 3372 et
2837 3328 3024 3375 sancta
3084 3319 3313 3377 societas
3343 3361 3357 3378 .
3393 3337 3498 3393 qua

1929 3409 2072 3462 velut
2095 3424 2233 3464 unus
2260 3418 2312 3463 et
2353 3408 2660 3465 individuus
2713 3409 2765 3464 in
2818 3411 3036 3480 gemino
3065 3425 3293 3482 corpore
3324 3411 3499 3485 Spiri-

1929 3507 2014 3553 tus
2043 3539 2056 3564 ,
2085 3500 2136 3553 in
2168 3498 2435 3570 Gregorio
2472 3497 2706 3556 Basilius
2744 3500 2929 3556 divino
2964 3516 3154 3556 amore
3189 3503 3391 3572 unitus,
3444 3507 3497 3561 in

1926 3592 2129 3646 Basilio
2150 3591 2452 3661 Gregorius
2470 3591 2590 3648 fuit.
2623 3593 2788 3649 Orate
2821 3608 2966 3649 nunc
2996 3608 3092 3664 pro
3123 3609 3289 3666 grege
3311 3605 3498 3652 nostro

1927 3684 2203 3741 Christum

1994 3797 2326 3871 Pupillorum
2360 3806 2539 3869 pater,
2564 3807 2835 3868 protector
2865 3798 3149 3853 viduarum
3173 3840 3189 3864 ,
3222 3799 3498 3870 epulentia

1928 3906 2262 3964 pauperum,
2295 3890 2678 3959 aegrotantium
2713 3889 2954 3945 solamen
2976 3929 2992 3955 ,
3028 3900 3085 3946 et
3126 3891 3179 3946 in
3221 3892 3324 3948 hoc
3363 3895 3498 3950 mari

1924 3983 2299 4040 ﬂuctuantium
2323 3981 2776 4052 gubernaculum,
2810 3981 3034 4038 baculus
3054 3983 3371 4050 senectutis,
3406 3984 3499 4055 jn-

1923 4075 2162 4131 ventutis
2197 4073 2505 4139 instructio,
2537 4072 2906 4129 solitariorum
2942 4072 3128 4144 regula
3180 4072 3252 4129 ad
3279 4088 3497 4128 onmem

1923 4167 2174 4222 virtutem
2199 4182 2326 4233 es,o
2359 4165 2524 4222 Basili

2552 4343 2689 4400 ODE
2717 4340 2849 4398 VIII.

317 4538 419 4591 Τὸν
445 4538 706 4610 ἀφράστῳ
755 4543 978 4614 προνοίᾳ
1019 4541 1401 4612 δωρησάμενον
1437 4543 1715 4597 Βασίλειον
1743 4545 1820 4616 τῷ

1993 4561 2250 4620 ineffabili
2307 4562 2649 4631 providentia
2698 4578 3016 4621 concessum
3069 4580 3268 4621 mnnuo
3325 4584 3478 4622 oasi-

243 4630 458 4701 κόσμῳ,
502 4629 616 4701 ea);
652 4634 932 4699 εὐσεϐείας
985 4634 1258 4706 σάλπιγγά
1312 4652 1372 4688 τε
1406 4637 1503 4707 τῆς
1546 4637 1820 4705 θεολογίας

245 4722 562 4795 [ὑμνοῦντες
584 4725 856 4798 λέγομενιο
890 4728 1196 4797 Εὑλογείτε,
1224 4729 1290 4783 τὰ
1310 4729 1446 4802 ἔργα
1479 4731 1572 4784 τοῦ
1591 4732 1816 4804 Κυρίου,

240 4819 336 4872 τὸν
369 4818 588 4890 Κύριον.

319 4937 422 4989 Τὸν
448 4937 658 5007 δαψιλεί
684 4935 933 5009 ἐνεργείᾳ
964 4938 1318 5010 ὲνοικήσαντα
1353 4937 1430 5008 τῷ
1471 4939 1619 5008 σοφῷ
1653 4939 1816 4991 Βασι-

240 5030 392 5101 λείῳ,
424 5032 518 5084 καὶ
561 5031 626 5083 δι’
655 5031 819 5084 αὐτοῦ
854 5029 1091 5093 εὐσεϐῶς
1128 5030 1536 5102 θεολογηθὲντα·
1575 5032 1817 5098 Εὑλογεῖ-

238 5138 323 5178 τε.
355 5122 423 5174 τὰ
445 5122 579 5191 ἔργα
598 5121 690 5176 τοῦ
730 5123 960 5193 Κυρίου,
1008 5122 1097 5174 τὸν
1134 5122 1354 5194 Κύριον.

319 5235 380 5288 0!
406 5235 513 5286 τῶν
567 5233 723 5289 θείων
774 5253 865 5289 σου
898 5237 1069 5305 λόγων
1116 5236 1503 5301 ἀπολαϐόντες,
1538 5238 1812 5303 Βασίλειε,

239 5327 537 5390 ἀπαύστως
567 5328 624 5378 ἐν
648 5331 712 5398 τῇ
747 5345 839 5379 σου
875 5332 1061 5400 μνήμῃ
1089 5327 1545 5400 πανηγυρίζοντες
1579 5328 1809 5399 βοῶμεν·

240 5419 551 5487 Εὑλογεῐτε,
577 5418 644 5470 τὰ
661 5421 796 5491 ἔργα
830 5420 921 5473 τοῦ
955 5422 1180 5492 Κυρίου,
1202 5421 1292 5473 τὸν
1317 5421 1538 5490 Κύριον.

315 5533 425 5596 Τὰς
459 5535 678 5595 ἀκτῖνας
724 5533 830 5586 τῶν
877 5533 1050 5601 λόγων
1090 5534 1497 5600 ἐξαπέστειλας,
1547 5534 1812 5598 Βασίλειε,

1924 4657 2052 4710 lium
2083 4696 2098 4718 ,
2139 4653 2364 4724 pietatis
2417 4654 2741 4722 lucernam,
2791 4657 2970 4710 tubam
3026 4656 3306 4730 theologia
3351 4657 3496 4733 [lau-

1922 4748 2109 4802 dantes
2137 4744 2406 4820 dicimus]
2441 4762 2456 4801 :
2489 4745 2820 4813 Bcnedicite,
2851 4761 3014 4818 opera
3043 4745 3279 4814 Domini,
3309 4751 3495 4806 Domi-

1920 4854 2071 4896 uuln.

1992 4948 2222 5022 Cepiosa
2253 4950 2572 5020 operatione
2622 4951 3013 5008 inhabitantem
3041 4952 3262 5020 Basilio,
3289 4965 3341 5011 et
3374 4958 3490 5028 ipso

1922 5045 2190 5099 mediante
2217 5043 2303 5112 pie
2331 5045 2635 5114 expositum
2659 5063 2674 5100 :
2697 5044 3026 5109 Benedicite,
3051 5060 3211 5114 Opera
3250 5045 3490 5116 Domini,

1921 5134 2230 5190 Dominum.

1991 5246 2090 5314 Qui
2122 5247 2315 5304 divinis
2351 5248 2456 5305 tuis
2489 5248 2834 5304 sermonibus
2864 5249 3117 5315 fruimur,
3147 5266 3182 5305 ο
3215 5251 3402 5316 Basili,
3424 5255 3476 5306 in

1922 5337 1995 5390 tui
2033 5341 2345 5393 memoriam
2381 5339 2570 5393 festive
2596 5341 2932 5411 congregati,
2961 5340 3258 5397 clamamus
3281 5358 3295 5396 :
3317 5341 3494 5398 Bene-

1924 5430 2106 5496 dicite,
2129 5447 2291 5502 opera
2320 5433 2553 5498 Domini,
2585 5432 2870 5489 Dominum

1992 5543 2191 5600 Railios
2224 5561 2533 5601 sermonum
2568 5555 2778 5602 tuorum
2815 5545 3016 5601 mundo
3047 5550 3297 5613 emisisti,
3327 5566 3360 5602 ο
3391 5549 3489 5604 Ba-

239 5625 320 5694 τῷ
379 5627 588 5698 κόσμῳ,
658 5627 1094 5696 φωταγωγούσας
1159 5628 1286 5695 μίαν
1343 5626 1520 5678 σέϐειν
1588 5628 1814 5698 Τριάδος

1926 5635 2024 5700 sili,
2059 5635 2363 5690 illuminans
2391 5651 2538 5702 eum,
2575 5650 2630 5691 ut
2663 5651 2823 5691 unam
2857 5638 2906 5690 in
2936 5636 3201 5694 Trinitate
3231 5652 3480 5696 naturam

241 5716 423 5784 φύσιν·
477 5719 782 5784 Εὑλογεῖτε,
840 5718 907 5770 τὰ
958 5717 1091 5787 ἔργα
1135 5718 1226 5769 τοῦ
1287 5716 1492 5786 Κυρίου
1569 5719 1659 5770 τὸν
1702 5717 1814 5771 K6-

240 5825 378 5872 ριον.

1915 5739 2199 5791 venerans,
2225 5729 2400 5782 dicat:
2441 5727 2766 5794 Benedicite,
2805 5741 2965 5796 opera
3022 5728 3254 5794 Domini,
3302 5729 3482 5786 Domi-

1914 5826 2062 5863 num.
