4058 6442
3044 367 3087 374 ’.ᾖ
3107 377 3110 379 λ
3375 376 3430 380 -———

237 365 3477 444 οη

268 405 288 407 ,e
307 404 350 408 -_
379 387 1582 408 __....___.__________
1603 384 2024 394 ————-———-——-*
2055 380 2763 413 ,__
2753 379 2874 412 _____
2877 378 2986 410 -ψ
2977 407 2984 410 _
3025 404 3054 409 __
3077 403 3227 410 ,__,
3247 402 3312 408 HM
3335 403 3376 407 _,_
3445 410 3450 415 _

555 716 1130 817 MONITUM
1204 715 1353 825 AD
1426 708 2016 805 HOMILIAS
2091 708 2217 800 IN
2292 706 3124 802 HEXAEMERON

326 1376 469 1435 Sunt
494 1381 587 1452 qui
619 1382 931 1439 existiment
954 1380 1211 1438 Basilium
1248 1380 1498 1451 Magnum
1526 1376 1947 1436 commentarios
1973 1380 2024 1433 in
2051 1386 2219 1433 totam
2252 1369 3063 1445 ScripturamcontexuisseU):
3094 1368 3188 1425 sed
3223 1382 3347 1424 cum
3372 1369 3490 1423 hac

253 1470 444 1538 opinio
472 1471 590 1526 sola
641 1470 947 1527 Cassiodori
1001 1473 1327 1528 auctoritate
1354 1473 1581 1538 nitatur,
1611 1486 1676 1526 ea
1708 1473 1773 1526 de
1817 1484 1875 1524 re
1907 1469 2140 1525 dubitari
2172 1483 2333 1537 posse
2360 1467 2691 1523 arbitramur
2712 1505 2728 1531 ,
2773 1462 3075 1533 praesertim
3121 1474 3245 1515 cum
3286 1460 3353 1514 de
3385 1459 3488 1514 hac

248 1563 769 1617 commentariorum
803 1565 941 1620 mole
972 1565 1138 1619 altum
1171 1566 1240 1619 sit
1278 1565 1553 1621 silentium
1584 1564 1723 1633 apud
1750 1562 2105 1633 antiquiores.
2142 1560 2415 1615 llabemus
2450 1560 2745 1615 etiamnum
2771 1556 3021 1613 homilias
3051 1568 3241 1609 novem
3276 1553 3329 1606 in
3352 1567 3488 1621 opus

248 1668 347 1707 sex
382 1653 613 1717 dierum,
650 1657 751 1711 hoc
781 1668 901 1723 est,
938 1661 993 1713 in
1028 1659 1410 1721 Hexaemeron,
1444 1657 1722 1711 orationes
1753 1656 1938 1711 decem
1980 1664 2034 1709 et
2075 1665 2280 1722 septem
2328 1654 2383 1708 in
2420 1654 2684 1723 quosdam
2718 1650 2985 1715 Psalmos,
3006 1640 3399 1718 amplissimum
3432 1646 3489 1703 in

248 1744 433 1813 priora
459 1746 730 1802 sexdecim
766 1749 916 1805 Isaiae
946 1752 1123 1819 capita
1157 1749 1630 1805 commentarium.
1669 1746 1848 1801 Pauca
1880 1746 2101 1817 quidem
2138 1745 2255 1799 hinc
2288 1754 2440 1809 sunt,
2465 1745 2509 1799 si
2548 1754 2931 1811 comparentur
2958 1756 3081 1797 cum
3119 1740 3186 1795 iis
3215 1752 3492 1794 commen-

251 1835 409 1889 tariis
433 1838 524 1906 qui
559 1838 691 1893 olim
720 1840 922 1896 Basilio
952 1842 1135 1896 tributi
1180 1841 1331 1897 fuere
1364 1860 1378 1896 :
1408 1841 1502 1896 sed
1542 1850 1721 1893 tamen
1746 1841 2099 1895 quorumdam
2141 1835 2453 1909 γνησιότης,
2507 1847 2569 1891 ut
2608 1837 2741 1891 mihi
2776 1836 2987 1904 quidem
3013 1834 3241 1894 videtur,
3281 1831 3402 1901 jure
3424 1843 3493 1885 ae

255 1930 452 1983 merito
476 1940 723 1999 suspecta
754 1933 921 1987 videri
951 1942 1147 2001 potest.
1179 1934 1253 1989 De
1282 1933 1369 1988 bis
1406 1934 1459 1987 in
1487 1931 1842 1998 Praefatione,
1869 1934 1959 1989 ubi
1994 1934 2059 1989 de
2084 1933 2327 2004 qualibet
2364 1946 2421 1985 re
2452 1945 2552 1984 suo
2579 1930 2770 1984 ordine
2798 1944 2860 1984 ac
2891 1931 3008 1985 loco
3032 1927 3352 1997 disputatur.
3386 1924 3492 1977 γε.

252 2023 397 2070 teres
427 2027 604 2073 autem
630 2020 815 2087 quanti
860 2019 1221 2077 Hexaemeron
1275 2024 1527 2090 fecerint,
1565 2038 1689 2079 esse
1734 2024 2009 2078 hominem
2040 2024 2131 2093 qui
2174 2024 2386 2093 ignoret
2417 2022 2656 2077 arbitror
2686 2018 2976 2074 neminem.
3026 2018 3154 2086 Ejus
3196 2017 3493 2072 meminere

247 2103 545 2177 Gregorius
572 2109 963 2178 Nazianzenus,
1018 2114 1311 2187 Gregorius
1336 2116 1633 2187 Nyssenus,
1682 2116 2061 2189 Hieronymus,
2092 2116 2345 2171 Socrates
2368 2115 2449 2187 (2)
2474 2125 2529 2170 et
2562 2115 2674 2170 alii.
2719 2114 3022 2183 Optandutn
3056 2123 3203 2167 certe
3232 2119 3396 2174 esset,
3430 2120 3492 2162 ut

250 2197 487 2254 lectores
512 2201 597 2256 his
629 2205 968 2263 orationibus
994 2208 1233 2279 legendis
1266 2210 1338 2264 ita
1366 2212 1523 2265 hodie
1555 2210 1920 2275 afﬁcerentur,
1949 2220 2006 2263 ut
2045 2209 2378 2265 alliciebatur
2416 2208 2544 2264 olim
2586 2208 2881 2277 Gregorius
2914 2205 3307 2267 Nazianzenus,
3336 2201 3490 2271 cujus

250 2287 367 2343 hac
386 2300 512 2345 sunt
539 2293 701 2350 verba
736 2314 748 2350 :
785 2296 952 2355 Ὅταν
985 2300 1085 2372 τὴν
1122 2300 1489 2371 Ἐεαήμερον
1518 2300 1681 2356 αὐτοῦ
1716 2301 2207 2372 μεταχειρεξωμαι,
2238 2300 2330 2354 καὶ
2361 2301 2447 2355 διὰ
2487 2298 2739 2372 γλώσσης
2761 2300 2932 2373 φέρω,
2969 2297 3106 2370 μετά
3135 2295 3227 2349 τοῦ
3254 2295 3491 2349 κτίστου

247 2381 492 2455 γίνομαι.
520 2389 615 2443 καὶ
646 2392 899 2459 γινώσκω
939 2395 1167 2459 κτίσεως
1202 2395 1425 2463 λόγους,
1467 2396 1561 2449 καὶ
1601 2395 1865 2466 θαυμάζω
1892 2393 1983 2447 τὸν
2007 2392 2249 2464 Κτίστην
2281 2394 2443 2447 πλέον
2475 2393 2509 2463 ἢ
2551 2394 2834 2466 πρότερον,
2860 2392 2979 2461 δψιι
3020 2390 3158 2464 μόνῃ
3193 2386 3495 2457 διδασκάλῳ

249 2472 557 2545 κρώμινος.
597 2497 618 2530 α
657 2481 793 2537 Cum
825 2483 1188 2540 Hexaemeron
1220 2485 1365 2541 illius
1404 2486 1457 2540 in
1495 2500 1689 2541 manus
1714 2501 1893 2551 sumo,
1930 2496 2093 2555 atque
2128 2487 2181 2540 in
2211 2499 2307 2540 ore
2338 2484 2532 2552 habeo,
2574 2500 2697 2539 cum
2727 2483 2985 2540 Creatore
3026 2481 3328 2552 conjungor
3362 2519 3377 2539 .
3430 2493 3495 2531 ac

250 2566 551 2623 creationis
578 2569 819 2626 rationes
861 2587 1121 2642 agnosco,
1156 2572 1587 2642 Creatoremque
1629 2572 1801 2639 magis
1831 2573 2074 2629 admiror
2113 2588 2177 2628 ac
2215 2572 2477 2643 suspicio,
2528 2587 2687 2643 quam
2722 2572 2873 2642 prius
2906 2570 3169 2634 solebam,
3210 2583 3333 2623 cum
3378 2568 3494 2623 solo

256 2669 480 2727 aspectu
506 2660 771 2732 magistro
803 2671 1005 2719 uterer.
1052 2683 1072 2718 ι
1106 2664 1392 2719 Ascribam
1441 2674 1495 2721 et
1529 2664 1693 2719 verba
1728 2662 1983 2731 Gregorii
2026 2661 2277 2733 Nysseni,
2310 2663 2402 2732 qui
2432 2662 2499 2718 de
2524 2662 2716 2718 eodem
2748 2661 2839 2716 illo
2873 2673 3037 2729 opere
3068 2670 3175 2714 tam
3206 2660 3495 2729 magniﬁco

266 2749 483 2806 locutus
519 2762 626 2815 est.
661 2763 719 2808 ut
754 2757 971 2810 modum
1003 2758 1270 2811 excedere
1308 2758 1583 2812 videatur.
1621 2754 1698 2811 Ita
1728 2767 1868 2808 auter

1892 2770 1908 2807 ι
1941 2755 2156 2823 scripsit
2186 2773 2202 2809 :
2238 2754 2361 2808 Τῶν
2385 2755 2494 2827 γὰρ
2531 2755 2673 2809 κατὰ
2699 2753 2850 2807 θείαν
2878 2752 3163 2807 ἐπίπνοιαν
3188 2753 3244 2805 ὲν
3277 2752 3344 2823 τῇ
3396 2766 3494 2805 κο-

251 2844 520 2916 σμογονίᾳ
550 2844 1020 2918 φιλοσοφηθέντων
1038 2848 1117 2919 τῷ
1144 2848 1365 2919 μεγάλῳ
1390 2850 1597 2921 Μωῦσῇ
1619 2891 1635 2908 .
1659 2886 1673 2901 .
1693 2890 1708 2905 .
1732 2888 1746 2903 .
1773 2847 2037 2915 ὲπέταξας
2052 2851 2183 2922 ἡμῖν
2206 2848 2296 2903 διά
2311 2865 2457 2912 τινος
2477 2847 2769 2904 ἀκολούθου
2789 2844 3021 2911 διανοίας
3051 2847 3130 2909 εις
3149 2842 3337 2916 εἱρμὸν
3365 2844 3497 2923 ἀγα-

248 2937 392 3005 γεῖν,
415 2936 510 2989 καὶ
543 2937 940 3007 συμφωνοῦσαν
968 2938 1105 3011 πρὸς
1126 2941 1325 3013 ἑαυτὴν
1351 2942 1630 3009 ἀποδεῖξαι
1654 2941 1753 3013 τὴν
1781 2938 1942 3008 ἁγίαν
1965 2941 2187 3014 Γραφήν
2208 2956 2221 2971 ·
2266 2940 2361 2993 καὶ
2394 2939 2569 2993 ταῦτα
2606 2938 2743 3009 μετὰ
2773 2938 2873 3010 τὴν
2905 2936 3257 2989 θεόπνευστον
3283 2935 3497 3009 ἐκείνην

249 3026 350 3084 τοῦ
380 3028 590 3098 Πατρδς
618 3028 775 3099 ἡμῶν
809 3030 889 3093 εις
918 3029 979 3082 τὸ
1008 3033 1370 3103 προκείμενον
1394 3032 1646 3104 Θεωρίαν,
1670 3033 1738 3104 ἥν
1770 3034 1819 3086 οἱ
1842 3033 2143 3099 ἐγνωκότες
2172 3032 2397 3095 πάντες,
2425 3031 2577 3085 οὐδὲν
2598 3030 2816 3083 ἔλαττον
2852 3028 2961 3081 τῶν
2985 3027 3133 3099 αὐτῷ
3166 3028 3372 3099 Μωῦσῇ
3397 3045 3496 3081 πι-

253 3119 704 3191 φιλοσοφημένων
744 3120 1139 3195 Θαυμάσουσιν,
1181 3121 1240 3178 εὖ
1276 3124 1367 3177 καὶ
1400 3124 1654 3189 εἰκότως,
1691 3117 1845 3194 οἶμαι

1914 3124 2072 3179 τοῦτο
2104 3124 2406 3188 ποιοῦντες.
2440 3142 2458 3173 ι
2500 3122 2593 3176 Vis
2624 3121 2765 3177 enim
2795 3130 2854 3174 ut
2886 3134 3007 3188 quae
3034 3120 3241 3176 ctelesti
3279 3135 3498 3174 numne

254 3207 469 3265 allatus
498 3210 566 3266 de
596 3213 778 3266 mundi
803 3213 1181 3281 procreatione
1220 3226 1447 3284 magnus
1481 3212 1693 3285 Moyses
1722 3213 1959 3283 prodidit
1997 3214 2347 3270 monimentis
2378 3213 2705 3277 litterarum,
2728 3212 2918 3267 ordine
2942 3211 3172 3280 quodam
3192 3212 3496 3281 disponam,

263 3312 621 3373 sanctamque
651 3302 992 3375 Scripturam
1027 3305 1131 3362 sibi
1161 3306 1260 3375 ipsi
1288 3308 1717 3364 consentientem
1750 3323 1817 3362 ac
1843 3316 2185 3364 constantem
2211 3321 2332 3363 esse
2361 3308 2765 3370 demonstrem;
2798 3306 2960 3375 idque
2996 3313 3118 3374 post
3147 3305 3385 3361 divinam
3430 3305 3500 3359 il-

255 3392 366 3447 lam
400 3392 581 3448 Patris
605 3396 777 3451 nostri
818 3397 872 3451 in
913 3398 1051 3452 idem
1103 3409 1486 3469 argumentum
1528 3400 2067 3465 commentationem,
2093 3414 2257 3470 quam
2296 3398 2387 3469 qui
2419 3397 2687 3467 legerunt,
2724 3410 2831 3450 non
2864 3396 3044 3451 minus
3070 3411 3231 3466 quam
3258 3411 3345 3459 ea.
3375 3412 3501 3467 qna

258 3486 331 3541 ab
362 3488 476 3555 ipso
510 3487 693 3559 Moyse
720 3491 1017 3562 perscripta
1046 3502 1194 3555 sunt,
1231 3508 1421 3549 omnes
1446 3493 1786 3548 admirantur
1816 3511 1833 3548 :
1867 3501 1925 3547 et
1958 3494 2175 3557 merito,
2202 3506 2318 3549 mea
2352 3491 2569 3562 quidem
2598 3491 2892 3546 sententia.
2936 3508 2955 3544 ι

340 3578 463 3631 Alia
492 3578 712 3645 quidem
750 3582 983 3651 ratione,
1020 3584 1115 3639 sed
1148 3582 1450 3640 elilcaciore
1479 3585 1649 3640 multo
1675 3594 1732 3640 et
1758 3584 1826 3638 ad
1866 3584 2301 3654 persuadendum
2331 3586 2541 3654 aptiore
2586 3586 2689 3639 hoc
2739 3584 2880 3637 idem
2929 3597 3067 3652 opus
3100 3582 3503 3639 commendavit

258 3668 605 3737 Ambrosius,
639 3673 791 3739 dum,
827 3676 973 3743 quod
996 3674 1226 3733 Basilius
1246 3676 1542 3753 scripserat
1567 3678 1777 3743 Graece,
1801 3676 1856 3733 id
1883 3678 1999 3748 ipse
2032 3673 2225 3731 Latine
2251 3675 2502 3730 reddidit.
2552 3674 2617 3729 Et
2653 3688 2808 3739 vero,
2852 3687 3011 3728 nemo
3047 3674 3259 3743 opinor,
3310 3674 3498 3742 homo,

268 3761 363 3832 qui
388 3776 681 3834 utrumque
703 3780 842 3834 opus
871 3766 1088 3838 legerit,
1120 3768 1449 3825 inficiabitur
1475 3770 1820 3825 Ambrosium
1852 3770 1905 3825 in
1948 3769 2056 3825 illis
2077 3769 2189 3823 suis
2228 3767 2569 3824 orationibus
2603 3766 2934 3836 interpretis,
2976 3782 3081 3821 non
3113 3766 3351 3821 auctoris
3384 3782 3504 3821 ωιιο

264 3871 396 3911 nere
425 3856 772 3925 perfunctum
809 3857 999 3914 fuisse.
1032 3859 1232 3915 Fateor
1264 3860 1481 3930 quidem
1512 3860 1860 3917 Ambrosium
1912 3877 2020 3918 non
2048 3860 2185 3915 nihil
2224 3861 2292 3914 de
2342 3874 2440 3915 suo
2467 3860 2687 3924 addere,
2728 3859 2965 3923 demere,
2997 3866 3368 3927 transponere,
3399 3858 3503 3913 im-

262 3958 477 4004 mature
506 3964 522 4000 :
554 3949 650 4003 sed
685 3949 758 4003 ita
809 3959 1011 4018 tamen,
1045 3960 1104 4005 ut
1152 3952 1508 4022 interpretem
1544 3964 1691 4024 agat,
1718 3955 2104 4023 interpretem,
2160 3951 2401 4020 inquam,
2444 3966 2550 4005 non
2598 3948 2995 4020 scrupulosum,
3042 3947 3135 4005 sed
3170 3946 3497 4005 liberiorem.

259 4038 442 4110 Quare
476 4040 521 4097 si
552 4045 769 4107 quando
804 4043 859 4097 in
898 4043 1191 4099 Ambrosio
1228 4053 1521 4099 occurrant
1566 4044 1683 4099 loca
1718 4045 1965 4114 quaedam
2014 4041 2271 4105 difﬁcilia,
2322 4041 2594 4111 perplexa,
2628 4043 2992 4108 subobscura,
3056 4051 3330 4111 corrupta,
3384 4056 3505 4113 qua:

262 4131 536 4189 facessant
566 4133 837 4206 negotium
873 4134 1084 4199 lectori,
1114 4134 1162 4191 ei
1195 4146 1385 4190 auctor
1418 4151 1537 4190 sum
1562 4145 1619 4189 ut
1654 4134 1718 4188 ad
1746 4135 2002 4189 Basilium
2020 4134 2313 4204 confugiat,
2346 4148 2516 4206 eoque
2549 4134 2808 4204 magistro
2830 4149 2893 4188 ac
2919 4135 3057 4189 duce
3081 4144 3285 4189 utatur.

338 4220 846 4280 ConstatBasilium
885 4225 967 4279 bis
994 4225 1082 4281 die
1116 4227 1500 4282 concionatum
1530 4225 1723 4291 fuisse,
1779 4228 2064 4282 matutinis
2096 4228 2244 4283 boris
2280 4236 2443 4296 atque
2490 4226 2846 4296 vespertinis;
2892 4226 3052 4295 idque
3090 4236 3333 4296 tempore
3361 4223 3501 4291 Qua-

263 4314 588 4386 dragesimze
617 4336 630 4371 :
682 4317 777 4372 sed
810 4331 918 4385 quo
948 4330 1113 4383 anno,
1166 4317 1326 4371 valde
1371 4319 1663 4373 incertum.
1689 4318 1807 4373 Non
1832 4319 2060 4375 defuere
2081 4321 2172 4389 qui
2200 4336 2265 4374 ex
2290 4318 2553 4375 orationis
2575 4327 2777 4373 octava
2807 4317 2990 4374 verbis
3016 4318 3314 4390 judicarint
3347 4317 3502 4372 Basi-

264 4408 423 4472 lium,
452 4424 573 4477 qua:
610 4419 731 4464 erat
760 4411 861 4465 viri
890 4407 1166 4471 facundia,
1196 4410 1487 4463 conciones
1519 4412 1616 4465 bas
1642 4411 1709 4465 ad
1738 4412 1995 4481 populum
2023 4428 2090 4467 ex
2120 4422 2365 4481 tempore
2397 4411 2665 4466 habuisse.
2695 4410 2762 4466 Et
2798 4412 3041 4481 quidem,
3068 4414 3113 4467 si
3144 4412 3275 4467 ﬁdes
3312 4410 3506 4468 Ruﬁno

265 4501 572 4558 adhibenda
605 4503 676 4557 sit
718 4500 821 4574 (ὅ),
844 4503 923 4558 sic
952 4502 1262 4558 concionari
1290 4502 1501 4557 solebat
1530 4501 1787 4559 Basilius.

349 4596 717 4653 Hexaemeron
744 4595 929 4652 Basilii
967 4598 1097 4653 olim
1119 4600 1169 4651 in
1200 4598 1432 4667 linguam
1461 4597 1708 4654 Latinam
1742 4600 2023 4655 transtulit
2047 4600 2399 4656 Eustathius:
2429 4599 2522 4654 sed
2552 4597 2685 4653 nihil
2712 4608 2796 4654 est
2829 4597 2971 4667 quod
2995 4597 3083 4653 hic
3110 4597 3177 4651 de
3196 4597 3311 4667 ejus
3333 4608 3508 4656 inter.

269 4692 579 4765 pretatione
610 4689 1019 4761 proloquamnr,
1053 4706 1177 4745 eum
1204 4690 1257 4745 id
1291 4704 1428 4760 opus
1454 4689 1509 4744 in
1544 4692 2084 4762 Appendieeeditum
2121 4693 2303 4747 videre
2333 4691 2533 4762 cuique
2566 4691 2746 4746 liceat.
2787 4685 3014 4746 Easdem
3043 4689 3139 4745 bas
3168 4688 3351 4747 Basilii
3382 4708 3504 4748 ora-

270 4786 462 4842 tiones
490 4783 762 4840 transtulit
785 4796 1024 4852 quoque,
1051 4785 1412 4854 quorumdam
1448 4784 1661 4856 judicio
1690 4785 1792 4857 (ι).
1815 4784 2107 4855 Dionysius
2132 4785 2376 4855 Exiguus
2406 4802 2419 4839 :
2466 4787 2559 4842 sed
2589 4800 2694 4841 nua
2746 4787 3074 4841 auctoritate
3110 4792 3166 4839 et
3194 4795 3391 4845 uulnus
3416 4797 3503 4841 te-

266 4880 542 4939 stimoniis
570 4880 773 4934 dictum
798 4878 849 4934 id
873 4877 963 4941 sit,
990 4878 1331 4949 ignoramus.
3592 4869 3597 4874 ’

347 4970 588 5027 Necesse
610 4986 717 5025 non
751 4981 837 5025 est
863 4969 1029 5025 multa
1063 4972 1166 5025 hoc
1194 4969 1314 5027 loco
1340 4972 1521 5028 dicere
1546 4984 1615 5028 ue
1639 4971 1824 5028 tribus
1851 4972 2208 5037 orationibus,
2232 4987 2460 5042 quarum
2491 4973 2610 5029 dure
2638 4972 2847 5043 priores
2880 4972 3091 5043 scriptae
3136 4980 3267 5028 sunt
3309 4974 3377 5031 de
3407 4973 3503 5027 hoc

271 5061 440 5119 minis
467 5060 809 5127 formatione,
840 5063 1001 5117 tertia
1024 5061 1091 5116 de
1121 5063 1395 5131 paradiso.
1427 5062 1561 5119 Nam
1589 5077 1653 5119 ea
1684 5065 1755 5119 de
1785 5079 1847 5120 re
1894 5054 2028 5121 satis
2055 5062 2172 5120 fuse
2218 5064 2275 5120 in
2324 5063 2649 5121 Pra‘iatione
2686 5063 2993 5134 disputatur
3026 5083 3039 5121 :
3082 5079 3245 5137 quam
3280 5066 3373 5137 qui
3415 5081 3517 5122 vo-

272 5160 409 5226 lent,
434 5158 613 5230 legere
639 5166 889 5228 poterunt
916 5157 944 5230 ς
971 5156 1013 5225 l,
1042 5173 1096 5213 n.
1124 5159 1217 5213 13.

377 5426 427 5495 l)
451 5425 647 5481 Baron.
685 5424 822 5490 378;
854 5421 1099 5477 Cassiod.
1130 5419 1205 5477 De
1232 5421 1359 5476 inst.

348 5428 426 5567 ἑὲ)
447 5494 605 5567 Greg.
636 5496 765 5553 Nae.
798 5506 939 5567 orat.
968 5493 1061 5562 20,
1100 5508 1155 5565 p.
1195 5492 1333 5557 565;

348 5426 427 5567 ξι)
451 5425 647 5481 Baron.
685 5424 822 5490 37s;
854 5421 1099 5477 Cassiod.
1130 5420 1205 5477 De
1232 5421 1445 5548 ξω.
1484 5420 1608 5477 538.
2760 5495 2768 5506 _
3168 5496 3177 5505 _

798 5506 939 5621 agil-
968 5493 1061 5562 ²0.
1100 5508 1155 5565 P-
1195 5492 1333 5557 565;
1425 5507 1536 5563 res.
1580 5491 1737 5563 Nysa.
1781 5491 2031 5550 ﬂexum.
2085 5510 2139 5567 p.
2179 5495 2243 5561 ι,
2286 5496 2324 5551 3
2371 5503 2423 5550 et
2474 5510 2527 5566 p.
2564 5495 2669 5564 45;
2708 5494 3023 5570 literonyin.
3068 5492 3130 5551 V.
3162 5494 3242 5549 ιιι.
3292 5510 3340 5551 c.
3372 5493 3516 5564 llB;

424 5605 438 5620 .
479 5586 575 5623 ιιυ.
610 5586 685 5630 tv,
713 5586 765 5621 c.
802 5586 894 5621 to.

456 5633 575 5692 Lib.
598 5652 662 5701 ll,
693 5651 743 5689 c.
772 5635 825 5692 9.

354 5636 430 5780 $5)
456 5636 575 5692 Lib.
598 5652 662 5701 ll,
693 5651 743 5715 c.
772 5636 825 5692 9.

380 5708 431 5777 4)
457 5706 585 5764 Elim
610 5707 823 5776 Duptni,
864 5716 972 5763 etc.

601 5805 874 5867 Parnm.
932 5807 1050 5867 Gn.
1133 5806 1371 5870 XXIX.
3181 5814 3215 5875 1
