4058 6442
253 392 292 449 5
1379 388 1661 447 HOMILIA
1700 392 1716 443 I
1755 393 1818 445 IN
1858 393 2356 450 HEXAEMERON.
3459 398 3499 456 6

259 510 653 582 ερευνήσασθαι
688 497 849 582 ἡλίκα
880 513 987 564 τῶν
1020 512 1228 583 μικρῶν
1273 513 1464 581 φωνῶν
1491 513 1691 565 τούτων
1716 514 1817 566 ὲσττ

1935 515 2261 582 pendamus,
2315 525 2821 583 perscrutemurque
2865 525 3063 585 quanta
3120 517 3204 573 his
3260 520 3492 577 etilibus

260 606 325 656 τὰ
380 602 771 672 σημαινόμενα,
816 601 1206 672 ἐνθυμηθῶμεν
1251 603 1335 666 τίς
1373 605 1401 657 6
1453 602 1825 673 διαλεγόμενος

259 695 411 764 ἡμῖν.
457 695 600 746 Διότι
636 694 739 746 κᾶν
772 695 868 766 τῆς
912 694 1133 766 βαθείας
1191 695 1416 765 καρδίας
1460 693 1552 746 τοῦ
1586 710 1824 764 συγγρα-

261 785 407 853 φέως
433 785 504 856 μὴ
541 785 853 857 ὲφικώμεθα
879 788 964 840 διά
992 785 1052 838 τὸ
1087 777 1185 856 τῆς
1209 788 1440 849 διανοίας
1481 787 1633 856 ἡμῶν
1671 787 1828 841 ἀσθε-

257 875 367 935 νὲς,
411 874 543 927 ἀλλά
575 879 640 947 τῇ
681 895 744 946 γε
784 877 1094 947 ἀξιοπιστίᾳ
1125 876 1480 947 προσέχοντες
1523 874 1614 927 τοῦ
1647 875 1826 944 λέγον-

257 983 370 1028 τος,
425 968 744 1038 αὐτομάτως
799 971 878 1029 εἰς
923 970 1318 1036 συγκατάθεσιν
1363 968 1471 1020 τῶν
1524 968 1827 1038 εἰρημένων

257 1057 663 1130 ὲναχθησὸμεθα
704 1060 800 1127 (8).
845 1061 1085 1131 Μωῡσῆς
1128 1062 1305 1116 τοίνυν
1338 1062 1484 1113 ἐστὶν
1517 1064 1546 1112 6
1578 1061 1676 1130 τὴν
1699 1079 1828 1130 συγ-

257 1152 474 1221 γραφὴν
523 1149 724 1218 ταύτην
782 1151 1280 1223 καταϐαλλόμενος·
1335 1153 1572 1221 Μωῦςῆς
1627 1155 1826 1215 ἐκεῖνος

254 1243 284 1294 6
313 1244 386 1310 (9)
425 1242 792 1312 μαρτυρηθεὶς
837 1244 1048 1309 ἀστεῖος
1083 1243 1220 1296 εἶναι
1261 1245 1411 1316 παρά
1449 1243 1526 1313 τῷ
1557 1243 1695 1313 Θεῷ,
1749 1243 1826 1295 ἔτι

258 1332 558 1399 ὑπομὰζιος
612 1332 704 1384 ῶν·
741 1333 797 1385 ὃν
834 1336 1212 1404 εἰσεποιήσατο
1251 1337 1345 1406 μὲν
1384 1339 1415 1405 ὴ
1450 1335 1689 1406 θυγάτηρ
1733 1333 1825 1385 τοῦ

257 1421 480 1491 Φαραὼ,
539 1422 791 1495 ἐξέτρεψε
840 1427 896 1478 δὲ
943 1425 1254 1496 βασιλικῶς,
1309 1428 1432 1486 τοὺς
1491 1427 1681 1492 σοφοὺς
1720 1423 1827 1474 τῶν

259 1515 573 1580 Αἰγυπτίων
631 1517 982 1580 διδασκάλους
1033 1517 1178 1587 αύτῷ
1220 1517 1315 1585 τῆς
1350 1515 1677 1576 παιδεύσεως
1707 1516 1826 1565 ὲπι-

261 1606 530 1676 στήσασα*
565 1608 642 1670 ὃς,
679 1608 768 1659 τὸν
797 1608 960 1674 ὄγκον
987 1605 1086 1674 τῆς
1107 1605 1416 1674 τυραννίδος
1440 1606 1695 1675 μισήσας,
1737 1604 1829 1655 καὶ

261 1698 398 1767 πρὸς
448 1700 507 1751 τὸ
550 1700 800 1751 ταπεινὸν
857 1698 962 1750 τῶν
997 1697 1281 1767 ὁμοφύλων
1336 1697 1659 1769 ἀναδραμὼν
1695 1696 1823 1767 (10).

241 1791 430 1842 εἵλετο
461 1789 947 1859 συγκακουχεῖσθαι
1004 1790 1081 1860 τῷ
1121 1789 1233 1859 λαῴ
1276 1789 1368 1842 τοῦ
1415 1789 1628 1859 Θεού,ἥ
1663 1789 1825 1859 πρόσ-

255 1897 443 1950 καιρον
492 1881 631 1950 ἔχειν
691 1882 961 1952 ἁμαρτίας
1010 1882 1323 1935 ἀπόλαυσιν·
1378 1881 1406 1931 6
1456 1882 1553 1949 τὴν
1586 1881 1718 1947 πρὸς
1767 1880 1825 1931 τὺ
1856 1858 1895 1912 Β

252 1972 459 2024 δίκαιον
509 1973 688 2040 φιλίαν
742 1973 799 2040 ἐξ
847 1975 1014 2044 αὐτῆς
1062 1975 1158 2042 τῆς
1213 1971 1423 2040 φύσεως
1473 1971 1824 2040 κεκτημένος,

251 2064 386 2116 ὅπου
431 2082 514 2132 γε,
561 2068 651 2118 καὶ
699 2067 826 2135 πρὶν
869 2065 1233 2135 ἐπιτραπῆναι
1275 2063 1422 2133 αὐτῷ
1448 2061 1542 2116 τοῦ
1575 2061 1703 2115 λαοῦ
1731 2063 1826 2132 τὴν

253 2158 450 2229 ἀρχὴν,
509 2159 756 2226 φαίνεται
810 2158 898 2211 διὰ
953 2157 1014 2210 τὸ
1059 2147 1157 2229 τῆς
1201 2157 1413 2226 φύσεως
1465 2159 1826 2228 μισοπόνηρον

257 2253 420 2321 μέχρι
442 2251 668 2305 θανάτου
705 2253 830 2314 τοὺς
871 2252 1074 2314 κακοὺς
1095 2251 1443 2320 ἀμυνόμενος·
1503 2253 1530 2303 ὁ
1558 2250 1824 2318 φυγαδευ-

253 2340 368 2404 θεὶς
415 2343 565 2413 παρὰ
609 2344 718 2395 τῶν
750 2342 1242 2414 εύεργετηθέντων,
1308 2341 1400 2392 καί
1430 2337 1698 2409 ἀσμένως
1729 2341 1826 2408 μὲν

251 2435 380 2495 τοὺς
421 2435 823 2501 Αἱγυπτιακοὺς
859 2433 1120 2502 θορύϐους
1169 2430 1472 2492 ἀπολιπὼν,
1513 2431 1609 2499 τὴν
1643 2430 1700 2482 δὲ
1729 2432 1818 2482 Λί-

252 2524 468 2584 θιοπίαν
511 2525 850 2586 καταλαϐὼν,
888 2526 1046 2578 κάκεῖ
1091 2526 1268 2576 πᾶσαν
1323 2520 1516 2592 σχολὴν
1565 2521 1672 2572 ἀπὸ
1719 2519 1828 2572 τῶν

252 2618 428 2671 ἄλλων
467 2617 637 2686 ἄγων,
685 2619 780 2671 καὶ
828 2619 883 2670 ὲν
925 2617 1332 2688 τεσσαράκοντα
1373 2613 1514 2675 ὅλοις
1544 2612 1719 2665 ἔτεσιν
1759 2615 1824 2682 τῇ

251 2708 459 2780 Θεωρία
516 2711 622 2764 τῶν
679 2710 850 2764 ὄντων
889 2710 1264 2780 ἀποσχολάσας
1307 2706 1436 2776 (11)·
1465 2705 1543 2768 ὃς,
1573 2705 1827 2776 ὀγδοηκο-

253 2801 378 2852 στὸν
403 2801 503 2870 ήδη
531 2801 768 2868 γεγονὼς
791 2803 929 2864 ἔτος,
965 2798 1070 2854 εἶδε
1099 2801 1231 2853 Θεὸν
1259 2800 1333 2862 ὡς
1365 2797 1641 2869 ἀνθρώπῳ
1697 2797 1825 2850 ίδεῖν

249 2891 492 2954 δυνατὸν,
532 2893 728 2962 μᾶλλον
786 2893 842 2944 δὲ
885 2894 957 2955 ὼς
1015 2893 1190 2946 οὐδενὶ
1243 2893 1349 2944 τῶν
1394 2893 1564 2946 ἄλλων
1619 2891 1824 2959 ὑπῆρξε

250 2977 394 3030 κατὰ
441 2978 538 3049 τὴν
595 2980 902 3048 ’μαρτυρίαν
956 2980 1121 3050 αὐτὴν
1173 2979 1265 3032 τοῦ
1327 2979 1484 3043 Θεοῦ,
1538 2980 1618 3031 ὅτι
1687 2977 1826 3032 Ἐὰν

250 3068 491 3138 γένηται
545 3070 854 3139 προφήτης
882 3068 1047 3139 ὑμῶν
1094 3069 1175 3134 τῷ
1226 3071 1435 3137 Κυρίῳ,
1484 3070 1552 3121 ἐν
1583 3061 1826 3137 ὁράματι

1929 605 2149 660 vocibus
2185 603 2576 675 significentur,
2610 605 2731 676 quis
2758 619 2855 660 nos
2881 607 3204 678 alloquatur,
3235 613 3488 667 conside-

1931 711 2128 752 remus.
2154 696 2471 764 Quanquam
2514 700 2656 752 enim
2708 697 2993 766 seriptoris
3035 702 3298 768 profunda
3328 717 3486 758 sensa

1929 802 2034 840 non
2087 786 2427 854 asseqnimur
2461 787 2529 841 ob
2583 789 2779 846 mentis
2836 798 3038 844 nostra:
3092 791 3487 861 infirmitatem,

1931 889 2107 934 tamen
2141 879 2258 948 ejus
2286 877 2380 948 qui
2422 878 2660 948 loquitur
2702 883 3011 936 auctoritati
3052 882 3271 952 intenti,
3307 902 3371 940 eo
3394 889 3492 943 ad-

1928 969 2211 1031 ducemur,
2245 977 2304 1021 ut
2333 969 2493 1022 dictis
2529 982 2632 1021 non
2677 967 2828 1022 inviti
2865 971 3244 1028 assentiamus.
3280 975 3490 1046 Moyses

1929 1057 2092 1126 igitur
2123 1061 2168 1112 is
2199 1067 2304 1122 est,
2332 1059 2422 1126 qni
2458 1058 2595 1110 hanc
2633 1059 2904 1110 contexuit
2943 1061 3243 1127 historiam,
3279 1063 3488 1135 Moyses

1929 1148 2038 1210 ille,
2063 1149 2153 1216 qui
2184 1148 2305 1200 dum
2335 1147 2509 1200 adhuc
2535 1144 2710 1200 infans
2734 1148 2935 1202 lactens
2956 1163 3118 1216 esset,
3141 1166 3322 1224 gratus
3345 1156 3488 1225 apud

1930 1239 2092 1292 Deum
2157 1238 2323 1292 fuisse
2377 1237 2776 1306 perltihetur’:
2839 1256 3000 1309 quen-
3062 1245 3158 1298 sibi
3212 1250 3489 1318 adoptavit

1928 1328 2228 1384 Pharaonis
2263 1329 2391 1392 ﬁlia,
2428 1328 2702 1399 regalique
2724 1331 2868 1386 cultu
2900 1333 3168 1397 educavit,
3201 1344 3484 1404 magistros

1928 1423 1980 1476 et
2024 1424 2320 1476 erudiendo
2383 1423 2681 1488 prmficiens
2735 1438 2826 1478 eos
2877 1427 2964 1492 qni
3013 1426 3150 1480 inter
3202 1427 3486 1500 Egyptios

1928 1528 2080 1566 erant
2116 1516 2425 1580 sapientes;
2463 1513 2551 1579 qni
2592 1515 2888 1583 tyrannidis
2927 1517 3118 1572 fastum
3155 1535 3401 1588 perosus,
3434 1535 3487 1579 et

1929 1607 1994 1658 ad
2043 1605 2315 1658 tribulium
2354 1606 2710 1658 humilitatem
2747 1621 3063 1674 recurrens,
3111 1626 3210 1664 una
3243 1628 3363 1666 cum
3397 1615 3486 1670 Dei

1929 1695 2122 1764 populo
2165 1696 2403 1748 divexari
2447 1697 2671 1756 maluit.
2706 1712 2867 1766 quam
2919 1703 3238 1768 temporaria
3279 1706 3483 1772 peccati

1928 1785 2197 1840 suavitate
2229 1784 2372 1850 frui;
2415 1786 2502 1853 qui
2526 1786 2749 1852 justitizn
2775 1803 3008 1842 amorem
3051 1805 3111 1843 ex
3149 1791 3259 1860 ipsa
3297 1806 3484 1849 natura

1927 1877 2147 1931 sortitus
2187 1885 2315 1930 est:
2358 1877 2789 1944 quandoquidem
2832 1880 2980 1944 prius
3013 1882 3175 1936 etiam
3231 1900 3390 1954 quam
3437 1888 3485 1943 ei

1927 1971 2362 2024 committeretur
2409 1967 2585 2039 populi
2624 1969 2992 2037 principatus,
3021 1973 3088 2024 ob
3117 1975 3358 2028 naturale
3394 1991 3490 2032 ne;

1927 2059 2110 2127 quitia:
2143 2062 2324 2113 odium
2371 2061 2434 2114 ad
2487 2069 2715 2114 mortem
2765 2072 2933 2130 usque
2980 2062 3150 2118 malos
3197 2064 3489 2124 insectatus

1927 2151 2094 2205 fuisse
2146 2155 2510 2218 comperitur;
2543 2153 2632 2220 qui
2670 2155 2737 2207 ab
2783 2155 2847 2207 iis
2875 2169 3008 2221 quos
3050 2157 3324 2212 beneficiis
3357 2161 3488 2216 all'e-

1926 2252 2108 2306 cerat,
2162 2249 2399 2312 fugatus,
2428 2257 2492 2297 ac
2537 2242 2785 2297 lubenter
2832 2243 3178 2315 Egyptiacos
3231 2251 3489 2307 tumultus

1926 2337 2306 2406 derelinquens
2328 2376 2343 2401 ,
2372 2336 2765 2405 adveniensque
2796 2337 2847 2390 in
2885 2336 3216 2409 Ethiopiam
3243 2381 3259 2406 ,
3289 2350 3345 2396 et
3380 2343 3488 2399 illic

1927 2429 2147 2481 omnino
2178 2430 2246 2482 ab
2283 2429 2404 2482 aliis
2429 2429 2656 2496 negotiis
2691 2430 2935 2493 feriatus,
2963 2439 3102 2486 totos
3134 2434 3488 2504 quadraginta

1927 2530 2099 2569 annos
2139 2531 2315 2567 rerum
2365 2515 2802 2583 contemplationi
2844 2515 3171 2585 impertivit;
3202 2521 3292 2586 qui
3335 2531 3488 2575 octo-

1927 2607 2188 2674 gesimum
2213 2607 2323 2675 jam
2348 2614 2505 2660 natus
2532 2621 2756 2672 annum,
2787 2606 2971 2672 Deum,
2999 2619 3256 2677 quantum
3284 2610 3489 2664 homini

1927 2697 2110 2750 videre
2137 2695 2281 2760 licet,
2333 2696 2503 2759 vidit;
2540 2695 2647 2749 imo
2683 2709 2943 2765 quantum
2991 2696 3122 2750 nulli
3163 2697 3254 2752 alii
3300 2698 3485 2752 datum

1925 2797 2027 2855 est,
2055 2787 2206 2858 juxta
2233 2789 2402 2856 ipsum
2432 2789 2523 2842 Dei
2549 2790 2910 2843 testimonium
2933 2807 2945 2842 :
2969 2787 3027 2842 Si
3054 2789 3210 2856 fuerit
3237 2791 3488 2857 praplteta

1924 2894 2089 2936 t'euer
2122 2881 2343 2934 Domino
2363 2924 2378 2948 ,
2409 2881 2465 2934 in
2511 2881 2706 2934 visione
2735 2882 2778 2931 ei
2812 2895 3068 2947 agnoscar
3089 2919 3104 2944 ,
3131 2889 3177 2932 et
3218 2881 3271 2932 in
3305 2892 3486 2932 sonam)

1926 2971 2113 3036 loquar
2155 2972 2223 3025 ei.
2280 2971 2401 3024 Non
2456 2971 2531 3022 ita
2575 2969 2709 3024 velut
2755 2986 2929 3023 servus
2974 2987 3116 3024 meus
3150 2970 3392 3041 Moyses,
3431 2974 3488 3025 in

1927 3071 2034 3115 tota
2068 3065 2220 3114 domo
2255 3079 2367 3114 mea
2399 3061 2570 3128 ﬁdelis
2615 3071 2734 3115 est:
2773 3077 2828 3115 os
2877 3063 2945 3115 ad
2986 3078 3041 3116 os
3081 3069 3268 3132 loquar
3300 3065 3383 3128 ei,
3431 3065 3488 3116 in

249 3161 412 3226 αὐτῷ
456 3162 898 3232 γνωσθήσομαι,
927 3162 1023 3216 καί
1051 3163 1122 3216 ἐν
1150 3163 1317 3228 ὕπνῳ
1349 3161 1601 3240 λαλήσω
1645 3160 1817 3224 αὐτῷ.

1927 3152 2126 3221 specie,
2159 3163 2206 3206 et
2255 3169 2358 3205 non
2400 3169 2493 3221 per
2517 3154 2798 3222 anigmata
2829 3155 2871 3204 '.
2909 3152 3007 3207 llic
3060 3153 3240 3221 itaque
3291 3154 3488 3207 divina

256 3256 380 3321 Οὐχ
433 3255 640 3320 οὕτως,
691 3256 771 3321 ὡς
824 3259 856 3308 ό
911 3254 1183 3321 θεράπων
1234 3272 1354 3323 μου
1415 3251 1696 3320 Μωῦσῆς,
1757 3253 1817 3304 ἐν

1931 3246 2099 3315 ipsius
2137 3245 2298 3299 faciei
2331 3254 2622 3314 conspectu
2665 3245 2885 3312 perinde
2914 3259 2976 3296 ac
3006 3245 3177 3312 angeli
3218 3245 3486 3316 dignatus,

249 3339 374 3404 ὅλῳ
399 3341 478 3405 τῷ
505 3343 646 3407 οτκῳ
671 3362 789 3410 μου
817 3346 1031 3407 πιστός
1070 3345 1217 3396 ἐστι’
1247 3346 1440 3410 στόμα
1465 3344 1610 3394 κατὰ
1633 3343 1826 3410 στόμα

247 3433 502 3500 λαλήσω
541 3432 720 3498 αὐτῷ,
770 3433 840 3486 ὲν
875 3433 1041 3495 εἴδει,
1090 3434 1189 3486 καί
1237 3435 1308 3486 οὐ
1344 3431 1416 3484 δι’
1446 3431 1818 3500 αἰνιγμάτων.

237 3519 420 3599 Ὀὗτος
473 3523 650 3576 τοίνυν
697 3525 726 3575 6
768 3525 864 3591 τῆς
900 3522 1328 3594 αύτοπροσώπου
1375 3523 1500 3584 θέας
1543 3521 1635 3574 τοῦ
1688 3521 1822 3574 Θεοῦ

247 3615 427 3680 ὲξίσου
479 3619 590 3678 τοῖς
634 3614 880 3682 ἀγγέλοις
904 3615 1173 3680 ἀξιωθεὶς,
1203 3616 1258 3681 ἐξ
1302 3612 1375 3668 ὧν
1423 3617 1620 3685 ἤκουσε
1674 3614 1824 3686 παρά

247 3703 344 3755 τοῦ
395 3704 534 3756 Θεοῦ
571 3705 875 3772 διαλέγεται
922 3703 1216 3774 (12)ήμῖν.
1262 3704 1603 3774 Ἀκούσωμεν
1648 3705 1825 3758 τοίνυν

1927 3354 1988 3392 ea
2018 3353 2136 3406 quae
2157 3352 2185 3389 a
2217 3336 2326 3391 Deo
2353 3336 2579 3402 audivit,
2609 3334 2764 3388 nobis
2785 3334 2972 3389 refert.
3005 3336 3295 3390 Audiamus
3324 3337 3490 3406 igitur

1930 3429 2169 3484 veritatis
2197 3430 2382 3491 verba,
2414 3445 2520 3482 non
2565 3428 2617 3481 in
2655 3428 2902 3482 humana:
2947 3427 3224 3496 sapientiae
3263 3443 3497 3496 persua-

1930 3518 2170 3572 siouibus
2200 3519 2241 3585 ³,
2266 3520 2358 3573 sed
2383 3519 2435 3573 in
2471 3518 2706 3588 Spiritus
2733 3519 2976 3574 doctrina
3006 3518 3234 3588 prolata,
3256 3534 3485 3589 quorum

1929 3609 2052 3662 finis
2087 3607 2203 3661 laus
2251 3623 2355 3662 non
2389 3618 2471 3663 est
2508 3609 2840 3664 audientium
2869 3646 2887 3675 ,
2918 3609 3012 3664 sed
3044 3625 3229 3666 eorum
3257 3611 3350 3681 qui
3384 3611 3485 3666 do-

1927 3709 2117 3754 centur
2135 3698 2297 3754 salus.

247 3797 505 3866 ἀληθείας
553 3801 808 3870 ῥημάτων
852 3800 951 3852 οὐκ
984 3800 1043 3852 ὲν
1073 3799 1281 3862 πειθοῖς
1343 3800 1534 3867 σοφίας
1597 3799 1964 3870 ἀνθρωπίνης,
1998 3794 2110 3848 ἀλλ’
2171 3796 2230 3848 ἐν
2283 3795 2546 3859 διδακτοῖς
2601 3795 2914 3868 Πνεύματος
2973 3797 3309 3870 λαληθέντων
3349 3799 3484 3873 (13)·

245 3883 323 3946 ὧν
353 3890 413 3943 τὺ
441 3891 593 3955 τέλος
619 3895 712 3962 οὑχ
741 3895 769 3944 6
797 3895 906 3946 τῶν
929 3896 1233 3948 ἀκουόντων
1262 3893 1499 3957 ἔπαινος,
1530 3894 1641 3946 ἀλλ’
1668 3896 1700 3964 ἡ
1729 3892 1969 3964 σωτηρία
1999 3891 2106 3945 τῶν
2135 3891 2558 3964 διδασκομένων.

319 3984 373 4038 2.
421 3987 516 4037 Ἐν
543 3987 701 4054 ἀρχῇ
741 3988 1030 4054 ἐποίησεν
1058 3994 1089 4043 ό
1123 3989 1267 4055 Θεὸς
1303 3989 1411 4043 τὸν
1436 3989 1694 4057 οὐρανὸν
1719 3989 1816 4042 καί

247 4075 364 4143 τὴν
396 4076 526 4146 γῆν.
561 4078 770 4147 ’Ὶστησί
809 4097 910 4149 μου
950 4081 1040 4132 τὸν
1069 4081 1225 4148 λόγον
1253 4082 1316 4134 τὸ
1348 4081 1532 4151 θαῦμα
1565 4080 1664 4149 τῆς
1705 4079 1820 4132 δια-

246 4168 417 4231 νοίας.
445 4169 508 4220 Τί
551 4167 766 4238 πρῶτον
808 4168 980 4232 εῐπως
1015 4170 1177 4224 πόθεν
1226 4170 1460 4241 ἄρξομαι
1491 4170 1590 4239 τῆς
1620 4169 1820 4239 ἐξηγή-

245 4276 420 4327 σεως
489 4261 723 4328 Ἐλέγξω
771 4260 879 4314 τῶν
932 4261 1036 4326 ἔξω
1075 4260 1188 4331 (14)
1229 4262 1329 4332 τὴν
1384 4259 1818 4333 ματαιότηταξῆ

371 4400 492 4454 Act.
521 4415 616 4466 vn,
652 4399 742 4455 ΞΟ.
819 4403 838 4431 '
871 4399 1026 4459 Num.
1061 4411 1157 4468 xtt,
1192 4402 1310 4457 6.8.
1387 4402 1407 4434 ³
1433 4401 1452 4456 l
1479 4401 1602 4456 Cor.
1640 4416 1701 4468 ιι,
1726 4401 1780 4455 ι.

2025 3987 2080 4040 2.
2125 3986 2188 4039 1η
2222 3986 2478 4055 principio
2526 3984 2646 4052 fecit
2691 3977 2829 4038 Deus
2868 3985 3052 4038 calum
3106 3995 3154 4040 et
3209 3996 3402 4041 terram
3437 3986 3484 4042 δι

1935 4076 2243 4134 Orationem
2279 4091 2458 4130 meam
2499 4075 2784 4130 admiratio
2815 4075 2971 4143 hujus
3007 4081 3286 4133 sententia
3318 4078 3482 4134 sistit;

1923 4169 2061 4235 Quid
2096 4169 2326 4236 primum
2349 4167 2558 4222 dicam?
2591 4167 2734 4221 unde
2776 4167 3027 4222 narrandi
3074 4183 3280 4222 sumam
3325 4183 3486 4222 exon

1926 4260 2117 4314 dium?
2174 4261 2585 4331 Itedarguamne
2631 4259 2969 4315 ethnicorum
3031 4260 3362 4316 vanitatem?
3411 4275 3482 4315 at.

1874 4400 1898 4432 ⁸
1924 4398 2059 4454 Gen.
2087 4417 2129 4466 ι,
2168 4401 2217 4455 ι.

373 4539 597 4610 )Codex
641 4538 884 4594 Combef.
944 4533 1380 4610 ἀναχθησόμεθα.
1437 4536 1574 4608 Reg.
1625 4547 1811 4592 sextus
1843 4540 1886 4594 Β
1915 4535 2177 4610 Cteterum
2207 4537 2403 4610 nemini
2443 4539 2658 4607 paulum
2699 4541 2858 4593 modo
2895 4538 3200 4610 humaniori
3229 4539 3472 4610 ignotum

315 4539 392 4659 ξε)
417 4539 597 4593 Codex

239 4609 314 4679 ἀχ
350 4608 614 4678 ησόμεθα.

337 4675 646 4745 θλιὶιεειιὶοἰι
667 4679 895 4733 Basilius
923 4679 987 4734 ad
1012 4693 1225 4732 versum
1247 4675 1316 4730 20
1343 4676 1600 4730 Actorum
1627 4690 1676 4730 c.
1703 4690 1810 4729 vn:

237 4743 355 4802 Καὶ
383 4743 450 4818 ἦν
478 4743 688 4811 ἀστεῖος
717 4748 793 4820 τῷ
821 4748 958 4820 Θεῷ,
1008 4756 1058 4802 et
1084 4757 1197 4801 erat
1233 4757 1416 4814 gratus
1438 4746 1572 4820 ρεο.
1605 4747 1812 4820 Auctor

237 4827 375 4886 vero
404 4816 660 4870 Actorum
726 4816 1036 4886 respexerat
1070 4819 1134 4869 ad
1187 4831 1403 4886 versum
1433 4816 1467 4869 2
1516 4817 1708 4886 capitis
1739 4831 1808 4886 _ll

235 4882 434 4952 Exodi,
462 4886 658 4951 ἰδόντες
686 4887 741 4940 δὲ
786 4882 945 4942 αὑτὸν
974 4889 1206 4949 ἀστεῖον,
1258 4882 1598 4940 ἐσκέπασαν’
1618 4884 1803 4952 αὐτόν,

233 4957 472 5010 videntes
517 4968 690 5009 autent
729 4975 848 5010 eum
886 4963 1191 5026 elegantem,
1229 4957 1619 5010 occultat-erunt
1662 4971 1799 5026 eum.

233 5026 595 5081 Conibefisins
629 5027 788 5079 verba
839 5025 1016 5081 Basilii
1050 5029 1126 5082 sic
1157 5028 1539 5094 interpretatur
1581 5043 1595 5078 :
1632 5041 1662 5077 a
1693 5025 1800 5077 Deo

233 5097 589 5149 testimonium
617 5096 832 5159 habens,
856 5100 993 5166 quod
1022 5097 1226 5164 elegans
1259 5111 1278 5149 :
1311 5098 1405 5149 sed
1432 5095 1557 5148 mihi
1577 5109 1804 5163 persua-

233 5170 374 5219 dere
405 5180 511 5218 non
542 5180 680 5233 queo
709 5168 825 5234 ejus
867 5169 1365 5234 interpretationem
1392 5166 1642 5234 cuiqnam
1675 5179 1798 5232 pro-

232 5237 427 5289 hatttnt
466 5236 553 5287 iri.
583 5233 793 5288 Etenim
826 5247 885 5288 ut
932 5233 1104 5288 locum
1151 5237 1374 5289 haberet
1425 5233 1799 5301 interpretatio

226 5304 569 5368 Coinbetisii,
598 5306 676 5374 sic
704 5305 971 5358 debuisset
997 5305 1138 5374 loqui
1171 5305 1417 5374 Basilius,
1442 5307 1471 5358 6
1509 5302 1662 5374 παρὰ
1695 5301 1795 5374 τοῦ

225 5374 375 5429 Θεοῦ
404 5373 767 5446 μαρτυρηθεὶς
794 5377 1004 5438 ἀστεῖος
1054 5372 1211 5438 εἶναι,
1242 5373 1416 5446 uinea
1443 5372 1796 5446 testimonium

225 5445 452 5502 habens.
481 5445 641 5513 quod,
675 5457 816 5513 etin:
845 5462 948 5498 non
982 5456 1160 5497 autem
1191 5445 1494 5510 scripsisset
1519 5445 1547 5495 6
1583 5457 1793 5512 μαρτυ-

229 5514 422 5587 ρηθε-ὶς
451 5509 661 5587 ἀστεῖος
719 5509 856 5587 εἶναι
900 5515 1058 5587 παρὰΔ
1087 5513 1167 5583 τῷ
1194 5509 1328 5583 Θεῷ,
1374 5515 1506 5566 adeo
1537 5509 1595 5587 ut
1643 5509 1792 5587 ill_ud,

222 5583 388 5655 παρὰ
413 5584 488 5653 τῷ
519 5584 657 5654 Θεῷ,
691 5585 834 5638 clure
856 5595 907 5638 et
944 5583 1218 5655 evidenter
1242 5587 1306 5655 ad
1338 5597 1520 5655 vocem
1556 5583 1788 5655 ἀστεῖος,

219 5651 338 5711 non
365 5656 439 5727 ad
461 5651 658 5727 vocem
696 5653 1064 5727 paprup-qeeij
1120 5651 1305 5727 referri
1355 5654 1566 5727 debeat.
1593 5651 1793 5727 Melius

223 5727 400 5796 Igitur
428 5724 498 5775 ita
528 5718 988 5796 interpreial)ére:
1017 5722 1391 5796 Testimonium
1412 5721 1466 5793 [α
1485 5718 1787 5796 scriptura]

223 5789 446 5858 bibens,
481 5793 620 5863 quod
669 5789 851 5863 gratus
911 5804 1040 5848 esset
1082 5792 1213 5858 Deo,
1260 5793 1373 5847 sive
1405 5789 1546 5860 apud
1597 5789 1786 5844 Deum}

1916 4617 2000 4679 est
2028 4606 2397 4679 Hebraismum
2420 4606 2559 4674 esse,
2581 4626 2686 4679 quo
2712 4611 2765 4661 in
2784 4606 3182 4678 signiﬁcatione
3221 4606 3482 4668 Mastan-

1914 4677 2000 4728 tiae
2025 4687 2186 4744 atque
2213 4678 2489 4745 dignitatis
2521 4677 2611 4732 uti‘
2639 4677 2910 4732 solebant.

1980 4747 2092 4820 (170)
2119 4747 2306 4820 Editioi
2340 4746 2512 4820 Paris.
2546 4748 2721 4801 εἵλετο
2756 4748 2974 4818 μᾶλλον.
3008 4748 3165 4802 Deest
3195 4751 3398 4820 μᾶλλον
3423 4753 3478 4808 in

1911 4815 2147 4886 editione
2168 4815 2332 4871 Basil.
2361 4826 2416 4870 et
2446 4819 2497 4872 in
2521 4821 2724 4871 nostris
2754 4815 2956 4886 septem
3000 4833 3134 4872 mss.

1978 4884 2090 4958 (η)
2122 4885 2257 4958 Reg.
2290 4890 2569 4958 sextiles-ii
2599 4884 2943 4958 θεωρίᾳαῶν
2967 4889 3134 4942 δντων
3159 4889 3476 4954 ὲνατενίζων

1905 4954 2442 5029 καὶ-’ἀποσχολάζωιρ
2473 4954 2650 5029 Codex
2687 4954 2820 5029 alget
2850 4958 3250 5029 ἀποσχολήσας.
3274 4960 3475 5014 Ibidem

1900 5020 2050 5077 Bodl.
2079 5020 2850 5098 ὀγδοηκοστού...ήετους.μΝοῌο
2880 5029 2949 5082 ita
2982 5020 3152 5083 multo
3182 5020 3303 5098 post
3341 5046 3471 5085 mss.

1898 5103 2009 5166 tres
2035 5094 2348 5166 μαρτυρίαν
2377 5097 2542 5149 αὐτοῦ
2572 5096 2665 5148 τοῦ
2700 5095 2854 5151 Θεοῦ.

2297 5148 2769 5238 θεουιιριιεξταῦτα
2785 5148 3130 5238 διαλέγεται.

1997 5236 2086 5319 l5)
2138 5234 2428 5319 Bditiunes‘
2461 5235 2639 5319 faris:
2694 5248 2742 5290 et
2767 5233 2974 5319 “BasiIQ
3015 5233 3475 5319 Raquiévewv._At

1902 5314 2028 5358 octo
2062 5305 2226 5356 nostri
2256 5319 2385 5375 mss.
2410 5304 2742 5375 λαληθεϊσιν.
2767 5305 3087 5362 Erratumne
3115 5304 3185 5361 sit
3216 5307 3471 5363 librario-

1895 5386 2039 5445 rum,
2073 5389 2138 5425 an
2174 5375 2280 5445 hoc
2301 5373 2501 5445 dictum
2529 5373 2604 5429 sit
2641 5390 2737 5444 per
2760 5378 3151 5440 attractionem,
3186 5393 3465 5445 grannna-z

1894 5443 2121 5496 tieorum
2145 5446 2246 5495 erit
2267 5444 2549 5509 judicium.
2579 5443 2678 5501 ESt
2699 5447 2909 5502 ereditu
2944 5447 3155 5503 ditiicile
3188 5443 3266 5502 tot
3291 5449 3463 5502 libra-

1893 5512 2008 5566 rios
2041 5513 2193 5565 simul
2221 5526 2453 5568 errasse.

1962 5583 2073 5658 (14)
2120 5581 2245 5658 [ὢν
2310 5582 2446 5648 ἔξω.
2493 5583 2744 5658 lntelligit
2797 5584 3028 5658 Basilius
3078 5595 3172 5640 aut
3229 5601 3326 5658 eos
3377 5587 3471 5656 qui

1891 5652 2110 5727 omnino
2143 5653 2306 5709 Deum
2347 5662 2466 5711 esse
2496 5652 2782 5727 negabant,
2812 5667 2903 5712 aut
2933 5657 3190 5714 falsorum
3244 5652 3470 5714 deorum

1892 5722 2154 5778 cultores.
