4058 6446
555 392 592 449 ’1
1888 391 1946 447 S.
1987 390 2230 448 BASILII
2278 391 2493 448 MAGNI
3772 395 3808 452 8

557 511 840 566 veritatem
869 518 1109 564 nostram
1138 506 1385 564 laudibus
1409 507 1663 562 dferam?
1691 508 2048 566 Prodiderunt
2069 513 2119 584 3

2233 513 2518 585 ἀνυμνήσπω
2546 513 2645 586 τήν
2670 513 2944 585 ἡμετέραν
2982 509 3270 582 ἀλήθειανς
3329 509 3506 565 Πολλά
3538 512 3667 582 περὶ
3700 509 3807 579 φύς

559 602 723 656 multa
754 602 1063 656 Graecorum
1101 604 1377 672 sapientes
1410 603 1474 658 de
1507 612 1698 657 natura
1729 619 1743 658 :
1772 605 1864 658 sed
1919 619 1988 660 ne
2019 621 2122 659 una

557 699 772 767 quidem
827 696 1038 766 opinio,
1088 699 1389 768 posteriore
1433 699 1666 769 priorem
1717 713 1927 768 semper
1989 699 2126 753 anti-

559 799 758 858 quaute
784 828 799 853 ,
829 790 931 843 lixa
963 789 1104 844 inter
1133 791 1277 858 ipsos
1309 799 1472 860 atque
1521 790 1840 847 inconcussa
1876 806 2128 860 perman-

559 885 650 938 sit.
689 883 868 950 Quare
900 882 1038 936 dicta
1071 898 1257 938 eorum
1307 883 1588 940 cunt‘utare
1635 885 1765 940 nihil
1797 885 1951 942 nobis
1987 900 2124 957 Opus

557 981 676 1038 est;
706 975 748 1027 si
798 973 1014 1041 quidem
1040 975 1106 1027 ad
1153 982 1388 1027 mutuam
1425 991 1577 1030 suam
1614 976 1952 1032 eversionem
1985 976 2128 1031 solli-

559 1067 731 1118 ciunt.
761 1064 970 1118 Etenim
1017 1064 1180 1118 Deum
1210 1067 1298 1134 qui
1328 1067 1664 1137 ignoravere,
1703 1083 1921 1122 causam
1952 1069 2129 1138 provi-

561 1156 683 1211 dam
717 1155 860 1210 ortui
907 1171 1138 1225 praeesse
1191 1158 1566 1213 universorum
1616 1175 1722 1214 non
1763 1175 2125 1218 concessere:

559 1251 654 1305 sed
701 1249 1088 1317 consequentia
1116 1252 1503 1306 convenienter
1529 1253 1715 1322 prima:
1752 1271 1862 1309 sum
1908 1256 2129 1310 inscitia:

560 1342 968 1397 concludebant.
1000 1342 1360 1409 Quamobrem
1403 1345 1890 1415 nonnulli,origiue
1915 1347 2130 1400 univer-

565 1433 746 1488 sitatis
781 1449 960 1488 rerum
992 1435 1275 1491 elementis
1308 1436 1492 1491 mundi
1533 1440 1798 1506 ascripta,
1841 1437 1908 1490 ad
1939 1451 2132 1494 causas

559 1528 870 1584 materiales
895 1526 1291 1597 confugerunt:
1333 1529 1424 1584 alii
1455 1546 1582 1585 vero
1613 1529 1824 1591 atomis.
1853 1540 1908 1584 et
1941 1545 2131 1593 corpo-

561 1619 709 1674 ribus
735 1620 971 1691 partium
999 1620 1327 1688 expertibus,
1355 1622 1492 1676 mole
1513 1637 1574 1675 ac
1595 1623 1861 1676 meatibus
1886 1631 2128 1676 naturam

562 1725 744 1770 rerum
774 1708 1060 1766 visibilium
1093 1712 1358 1767 contineri
1398 1714 1692 1765 tinxerunt.
1725 1711 1879 1768 Nunc
1915 1713 2129 1781 quidem

559 1801 950 1858 insecabilibus
988 1804 1304 1874 corporibus
1337 1805 1476 1856 inter
1506 1817 1564 1856 se
1605 1803 1913 1874 conjunctis
1935 1845 1949 1868 ,
1988 1822 2128 1860 nunc

2228 623 2364 670 σεως
2400 606 2920 677 ἐπραγματεύσαντο
2947 607 2996 658 οἱ
3036 603 3143 658 τῶν
3194 604 3463 676 Ἐλλήνων
3501 606 3677 671 σοφοὶ.
3706 603 3810 655 καὶ

2225 701 2347 754 οὐδὲ
2402 697 2482 763 εἷς
2532 703 2664 771 παρ’
2721 701 2903 763 αὐτοῖς
2951 700 3107 769 λόγος
3142 699 3374 770 ἕστηκεν
3410 697 3668 766 ἀκίνητος
3715 696 3811 750 καὶ

2227 791 2538 852 ἀσάλευτος,
2570 790 2656 842 ἀεὶ
2689 790 2780 843 τοῦ
2812 789 3070 860 δευτέρου
3100 789 3191 843 τὸν
3217 790 3322 859 πρὸ
3346 788 3509 843 αὑτοῦ
3537 788 3809 842 καταϐάλ-

2226 882 2426 946 λοντος·
2473 881 2612 935 ὥστε
2667 884 2796 953 ἡμῖν
2854 882 3019 954 μηδὲν
3077 883 3234 954 ἔργον
3287 877 3426 935 εἶναι
3468 880 3538 934 τά
3581 879 3808 932 ἐκείνων

2228 976 2485 1046 ἐλέγχειν·
2539 975 2770 1044 ἀρκοῦσι
2820 974 2926 1045 γὰρ
2981 975 3230 1045 ἀλλήλοις
3265 975 3402 1045 πρὸς
3442 977 3543 1047 τὴν
3602 971 3810 1025 οἰκείαν

2229 1068 2553 1139 ἀνατροπὴν.
2589 1069 2652 1120 Οἱ
2682 1068 2789 1138 γὰρ
2818 1066 2948 1119 Θεὸν
2974 1067 3335 1135 ἀγνοήσαντες
3356 1067 3535 1121 αἰτίαν
3561 1067 3810 1138 ἔμφρονα

2231 1160 2557 1228 προεστάναι
2590 1158 2690 1227 τῆς
2711 1159 2976 1226 γενέσεως
3009 1157 3116 1210 τῶν
3145 1160 3279 1212 ὅλων
3301 1157 3362 1210 οὑ
3401 1158 3809 1228 συνεχώρησαν,

2229 1249 2345 1302 ἀλλ’
2379 1251 2596 1311 οἰκείως
2630 1250 2694 1318 τῇ
2742 1250 2798 1316 ἐξ
2835 1248 3005 1322 ἀρχῆς
3039 1249 3230 1320 ἀγνοίᾳ
3261 1247 3328 1301 τὰ
3353 1247 3548 1320 ἐφεξῆς
3579 1245 3810 1301 συνεπέ-

2233 1358 2419 1412 ραναν.
2469 1341 2566 1394 Διά
2609 1339 2768 1392 τοῦτο
2789 1344 2836 1393 οἱ
2877 1342 2972 1412 μὲν
3002 1340 3094 1392 ἐπὶ
3118 1339 3214 1402 τὰς
3245 1339 3357 1406 (l5;
3399 1338 3588 1404 ὑλικὰς
3613 1338 3813 1394 ὑποθέ-

2231 1450 2342 1495 σεις
2368 1434 2693 1502 κατέφυγον,
2734 1436 2844 1505 τοῖς
2885 1433 2978 1489 τοῦ
3013 1433 3219 1503 κόσμου
3265 1430 3550 1501 στοιχείοις
3590 1433 3689 1502 τὴν
3720 1431 3811 1484 αί·

2228 1505 2470 1579 iisve—soi}
2501 1511 2724 1586 ’παῖθτᾏξ
2749 1506 3072 1588 ’ἀναθέντες
3123 1525 3170 1576 οἱ
3207 1523 3262 1576 δὲ
3297 1524 3473 1593 ἀτομα
3503 1522 3598 1574 καὶ
3626 1522 3813 1593 ἀμερῆ

2232 1617 2479 1688 σώματα,
2519 1619 2610 1670 καὶ
2642 1617 2836 1683 ὄγκους
2887 1619 2980 1670 καὶ
3032 1618 3226 1689 πόρους
3257 1615 3499 1684 συνέχειν
3524 1614 3624 1684 τὴν
3648 1615 3815 1681 φύσιν

2229 1708 2336 1762 τῶν
2391 1711 2598 1781 ὁρατῶν
2647 1709 3082 1778 ὲφαντάσθησαν.
3117 1709 3230 1761 Νῦν
3261 1709 3357 1780 μὲν
3399 1705 3508 1777 (l6)
3541 1704 3650 1775 γὰρ
3689 1721 3818 1756 συν-

2236 1803 2421 1855 ιόντων
2453 1803 2700 1874 ἀλλήλοις
2720 1800 2826 1854 τῶν
2852 1801 3073 1871 ἀμερῶν
3106 1803 3392 1871 σωμάτων,
3427 1800 3520 1854 νῦν
3549 1797 3605 1852 δὲ
3649 1811 3819 1869 μεταί-

558 1908 690 1948 τετο
731 1911 917 1949 rursus
943 1896 1215 1960 diseretis,
1252 1896 1634 1964 generationes
1671 1908 1725 1951 et
1755 1899 2127 1966 corruptiones

2235 1896 2696 1966 συγκρινομένων,
2731 1892 2830 1956 τὰς
2861 1892 3102 1962 γενέσεις
3149 1893 3243 1942 καὶ
3277 1891 3376 1954 τὰς
3433 1889 3640 1962 φθορὰς
3689 1890 3816 1941 ἐπι-

558 1983 700 2048 ﬁeri,
734 1995 894 2054 atque
933 1984 1425 2041 indurabilioribus
1457 1988 1777 2056 corporibus
1811 1990 2131 2046 diuturnita-

558 2077 629 2132 tis
679 2092 900 2132 causam
933 2092 996 2131 ex
1051 2086 1358 2133 atomorum
1405 2079 1548 2134 inter
1578 2095 1637 2135 se
1679 2081 1958 2150 complexu
2001 2084 2130 2139 vali-

559 2167 710 2222 diore
743 2168 1009 2237 proﬁcisci
1065 2168 1312 2222 arbitrati
1357 2179 1504 2224 sunt.
1541 2167 1685 2223 Sane
1717 2183 1927 2224 araneae
1968 2170 2127 2224 telam

559 2269 748 2313 texunt
799 2259 889 2328 qui
936 2261 1060 2314 talia
1117 2261 1381 2322 scribunt,
1431 2261 1521 2329 qui
1581 2260 1703 2316 cmli
1752 2269 2017 2330 terraeque
2077 2269 2131 2316 et

558 2353 735 2406 maris
761 2351 1020 2420 principia
1057 2361 1263 2420 ponunt
1318 2353 1452 2406 adeo
1509 2353 1710 2416 tenuia,
1765 2366 1865 2406 nec
1922 2354 2127 2422 uspiam

555 2445 931 2499 consistentia.
958 2443 1075 2497 Non
1105 2443 1246 2498 enim
1280 2453 1545 2498 noverunt
1580 2444 1802 2500 dicere:
1835 2443 1904 2498 In
1937 2445 2130 2514 princi-

552 2536 640 2606 pio
673 2535 793 2606 {erit
837 2535 976 2592 Deus
1007 2535 1191 2591 caelum
1218 2548 1265 2591 et
1308 2546 1526 2591 terram.
1573 2534 1912 2608 Quaprrptcr
1941 2539 2011 2592 ob
2049 2537 2130 2592 in-

557 2628 891 2683 babitantem
919 2629 970 2682 in
1010 2629 1141 2697 ipsis
1168 2629 1463 2683 divinitatis
1485 2630 1873 2699 ignorationem
1901 2628 1954 2684 in
1986 2628 2130 2682 hunc

556 2733 801 2773 errorem
848 2719 1177 2780 inciderunt,
1214 2728 1271 2772 ut
1321 2729 1539 2782 cuncta,
1592 2729 1847 2787 tanquam
1897 2733 2024 2772 casu
2075 2728 2155 2783 et,

557 2815 766 2864 temere
786 2817 948 2870 mota,
977 2813 1202 2862 credant
1237 2823 1336 2862 nec
1360 2809 1468 2877 regi
1508 2823 1604 2862 nec
1631 2810 1940 2879 gubernari.
1972 2809 2128 2874 Quod

557 2900 734 2967 ipsum
762 2900 918 2954 nobis
945 2914 1011 2954 ne
1039 2901 1270 2966 accidat,
1299 2899 1346 2954 is
1375 2899 1466 2969 qui
1505 2901 1686 2952 mundi
1714 2900 1971 2953 fabricant
2001 2914 2129 2955 cou-

556 2990 794 3060 scripsit,
843 2991 1025 3044 statim
1081 2993 1134 3046 iu
1183 2993 1372 3061 primis
1409 2993 1586 3047 verbis
1633 3008 1728 3062 per
1783 2991 1876 3047 Dei
1931 3009 2127 3048 nomen

559 3094 792 3138 mentem
834 3093 1071 3136 ucstram
1121 3083 1444 3146 illustravit,
1480 3084 1667 3139 dicens
1702 3103 1715 3140 :
1762 3083 1825 3137 In
1873 3086 2130 3153 principio

562 3172 682 3241 fecit
721 3171 877 3230 Deus.
915 3171 1086 3238 Quam
1117 3171 1338 3241 pulcher
1363 3181 1444 3225 est
1468 3175 1601 3226 ordo
1641 3174 1776 3226 iste!
1815 3173 1995 3226 i'rimo
2034 3190 2127 3242 ap-

2233 1986 2494 2054 γίνεσθαι·
2550 1987 2642 2038 καὶ
2674 1985 2782 2038 τῶν
2814 1984 2924 2054 (l7)
2954 1983 3359 2053 διαρκεστέρων
3396 1984 3664 2052 σωμάτων
3712 1983 3817 2052 τὴν

2235 2077 2587 2149 ἰσχυροτέραν
2611 2078 2716 2130 τῶν
2753 2078 2970 2146 ἀτόμων
3007 2075 3387 2146 ἀντεμπλοκὴν
3419 2075 3517 2144 τῆς
3551 2073 3819 2144 διαμονῆς

2229 2172 2326 2241 τὴν
2362 2169 2539 2222 αἰτίαν
2578 2169 2858 2240 παρέχειν.
2908 2169 3112 2232 Ὄντως
3177 2167 3321 2221 ἱστὸν
3368 2168 3608 2238 ἀράχνης
3652 2163 3823 2232 ὑφαί,

2228 2277 2410 2313 νουσιν
2468 2261 2517 2312 οἱ
2567 2259 2742 2314 ταῦτα
2786 2262 3109 2332 γράφοντες,
3168 2263 3216 2313 οἰ
3271 2258 3415 2312 οὕτω
3457 2257 3658 2319 λεπτὰς
3718 2255 3826 2311 καὶ

2227 2351 2632 2416 ἀνυποστάτους
2655 2351 2829 2422 ἀρχὰς
2872 2350 3103 2424 οὐρανοῦ
3155 2351 3249 2403 καὶ
3288 2349 3392 2418 γῆς
3425 2349 3518 2401 καὶ
3539 2347 3823 2419 Θαλάσσης

2229 2443 2623 2514 ὑποτιθέμενοι.
2685 2444 2760 2498 Οὐ
2819 2444 2929 2516 γὰρ
2977 2444 3172 2515 ᾔδεσαν
3225 2443 3420 2495 εἰπεῖν·
3489 2442 3586 2495 Ἐν
3655 2441 3823 2510 ἀρχῇ

2228 2537 2518 2606 ἐποίησεν
2550 2541 2582 2591 ὀ
2625 2537 2771 2604 Θεὸς
2810 2537 2918 2590 τὸν
2950 2535 3213 2604 οἰφανὸν
3258 2533 3358 2588 καὶ
3385 2532 3498 2602 τὴν
3538 2532 3677 2603 γῆν.
3718 2535 3827 2590 Διά

2227 2628 2386 2681 τοῦτο
2410 2628 2756 2700 ἀκυϐέρνητα
2794 2629 2888 2680 καὶ
2912 2627 3194 2694 ἀδιοίκητα
3225 2621 3362 2678 εἶναι
3397 2625 3468 2679 τά
3499 2625 3823 2697 σύμπ;.ντα,

2229 2722 2304 2784 ὡς
2333 2720 2398 2773 ἂν
2431 2721 2567 2790 τύχῃ
2612 2718 2726 2789 (18)
2775 2718 3074 2790 φερόμενα,
3107 2718 3213 2770 ὑπὸ
3245 2717 3345 2788 τῆς
3374 2719 3691 2791 ὲνοικούσης
3721 2721 3826 2773 αὑ-

2229 2817 2342 2876 τοῖς
2371 2813 2659 2882 ἀθεότητος
2695 2811 3078 2884 ἠπατήθησαν.
3111 2811 3288 2882 Ὅπερ
3324 2811 3411 2866 ἰνα
3443 2811 3517 2884 μὴ
3551 2812 3827 2882 πάθωμεν

2229 2907 2390 2976 ἡμεῖς
2416 2906 2549 2974 (l9),
2580 2907 2609 2957 6
2645 2904 2743 2976 τὴν
2782 2905 3140 2976 κοσμοποιίαν
3195 2904 3529 2976 συγγράφων
3556 2903 3718 2964 εὐθὺς
3764 2903 3824 2955 ιν

2230 2999 2340 3059 τοῖς
2393 2995 2631 3068 πρώτοις
2684 2997 2892 3067 ῥήμασι
2957 2995 3033 3065 τῷ
3083 2995 3310 3066 ὀνόματι
3370 2995 3465 3048 τοῦ
3517 2992 3654 3046 Θεοῦ
3719 2993 3826 3064 τὴν

2231 3089 2466 3142 διάνοιαν
2529 3087 2688 3158 ἡμῶν
2754 3087 3149 3154 κατεφώτισεν,
3207 3086 3396 3140 εἰπών·
3485 3086 3588 3138 Ἐν
3650 3083 3819 3156 ἀρχῇ

2231 3179 2518 3243 ἐποίησεν
2548 3181 2580 3231 d
2657 3179 2800 3243 Θεός
2850 3176 2984 3246 (‘20).
3034 3176 3098 3228 Τί
3141 3177 3278 3246 καλὴ
3307 3179 3340 3247 ἡ
3395 3176 3580 3244 τάξιςς
3612 3177 3827 3252 Ἀρχὴν

562 3235 737 3328 posuit
764 3235 1130 3328 principium,-
1151 3274 1217 3313 ne
1247 3260 1336 3329 qui
1369 3259 1624 3313 mundum
1663 3262 1910 3329 principii
1937 3235 2130 3329 exper-

2242 3235 2454 3339 πρῶτον
2507 3235 2794 3338 ἐπέθηκεν,
2853 3235 2955 3320 ῖνα¹
2997 3267 3070 3338 μὴ
3117 3235 3350 3338 ἄναρχον
3394 3235 3827 3339 αὺτὺνΠοίηθιῖάί

562 3359 668 3402 tem
701 3365 820 3403 eSs-e
863 3351 1232 3418 opinarentur.
1281 3350 1478 3404 Deinde
1530 3351 1773 3422 adjecit:
1832 3349 2022 3414 Fecit,
2072 3364 2132 3407 ut

557 3443 896 3508 ostendatur,
945 3458 1032 3496 res
1083 3444 1332 3498 conditas
1387 3445 1660 3500 minimam
1720 3460 1841 3500 esse
1880 3447 2131 3515 potentia

556 3533 772 3604 opiﬁcis
816 3545 1048 3603 partem.
1105 3533 1568 3600 Quemadmodum
1611 3539 1754 3593 enim
1801 3539 1994 3610 ﬁgulus
2040 3541 2132 3610 qui

565 3627 756 3682 eadem
789 3638 905 3681 arte
943 3628 1221 3682 innumera
1263 3629 1472 3685 elﬁnxit
1503 3647 1631 3692 vasa
1659 3674 1674 3699 ,
1716 3650 1890 3701 neque
1919 3645 2086 3689 artem
2114 3675 2129 3698 ,

558 3733 734 3785 neque
770 3719 1061 3788 putentiam
1102 3720 1354 3775 exhausit
1397 3742 1412 3777 :
1465 3723 1535 3778 ita
1588 3734 1642 3778 et
1693 3729 1926 3780 universi
1977 3728 2134 3794 hujus

558 3808 740 3878 opifex
801 3808 1124 3867 elleetricem
1192 3812 1487 3882 potentiam
1555 3815 1800 3878 uabens,
1857 3831 1962 3869 non
2025 3832 2133 3870 uno

560 3902 763 3956 mundo
791 3903 1249 3974 circumscriptam
1272 3947 1287 3962 .
1328 3907 1421 3960 sed
1462 3906 1514 3960 in
1560 3907 1831 3961 inlinitum
1862 3910 2131 3962 exceden-

560 4003 691 4061 tem,
721 4010 902 4050 rerom
939 4013 1058 4068 qua
1113 3999 1519 4068 conspiciuntur
1565 4001 1964 4070 magnitudines
2011 4003 2129 4055 solo

560 4085 851 4140 voluntatis
874 4099 1005 4141 nutu
1043 4090 1301 4144 condidit.
1325 4092 1528 4161 Itaque,
1564 4092 1610 4147 si
1652 4093 1880 4148 mundus
1901 4104 1955 4148 et
1984 4094 2134 4164 prin-

562 4175 760 4244 cipium
792 4177 975 4243 habet,
1014 4190 1067 4234 et
1102 4180 1276 4237 factus
1299 4194 1402 4251 est,
1441 4185 1680 4256 inquire,
1721 4188 1843 4257 quis
1871 4188 1942 4242 sit
1968 4174 2058 4257 qui
2083 4189 2131 4244 ei

565 4267 714 4319 dedit
745 4268 1089 4338 principium,
1118 4281 1174 4325 et
1201 4273 1322 4342 quis
1349 4274 1493 4330 illius
1521 4277 1592 4330 sit
1626 4279 1896 4334 conditor.
1925 4279 2037 4334 lmo
2066 4295 2134 4336 ne

560 4355 721 4425 forte,
754 4361 798 4414 si
840 4362 1087 4419 humanis
1121 4364 1361 4433 inquiras
1399 4369 1909 4426 ratiocinationibus
1971 4388 1999 4426 a
2036 4388 2131 4428 ve-

561 4447 726 4504 ritate
773 4451 993 4508 aberres
1020 4495 1034 4519 ,
1101 4455 1204 4510 hoc
1243 4472 1341 4510 nos
1397 4461 1720 4513 documento
1764 4471 2129 4529 praaoccupat,

562 4539 692 4594 dum
722 4541 971 4599 videlicet
1005 4547 1504 4615 praestantissimum
1532 4549 1623 4603 Dei
1654 4564 1848 4604 nomen
1875 4560 2127 4622 tanquam

2239 3378 2381 3424 τινες
2414 3360 2546 3427 (21)⁶
2577 3356 2694 3415 εἶτα
2721 3363 2966 3432 ἐπήγαγε
2996 3361 3078 3424 τὸ,
3115 3361 3460 3427 Ἐποίησεν,
3491 3360 3579 3412 ἶνα
3609 3359 3826 3431 δειχθῇ,

2240 3453 2320 3505 ὅτι
2360 3452 2639 3522 ἐλάχιστον
2688 3452 2852 3524 μέρος
2892 3451 2988 3522 τῆς
3042 3451 3136 3505 τοῦ
3170 3449 3499 3522 δημιουργοῦ
3540 3449 3830 3520 δυνάμεώς

2241 3547 2359 3599 ἐστι
2389 3545 2448 3599 τὸ
2481 3545 2721 3616 ποιηθέν.
2751 3544 2839 3607 Ὠς
2861 3543 2970 3614 γὰρ
2990 3543 3018 3595 6
3047 3543 3344 3614 κεραμεὺς,
3381 3542 3487 3595 ἀπὸ
3517 3541 3617 3612 τῆς
3653 3542 3830 3614 αὐτῆς

2240 3636 2436 3705 τέχνης
2484 3634 2653 3704 μυρία
2688 3633 2992 3696 διαπλάσας
3040 3632 3230 3701 σκεύη,
3295 3630 3420 3684 οὔτε
3470 3629 3568 3700 τὴν
3623 3632 3832 3703 τέχνην

2241 3727 2362 3780 οὗτε
2393 3727 2489 3797 τὴν
2515 3726 2742 3795 δύναμιν
2776 3725 3128 3789 ὲξανάλωσεν·
3164 3722 3306 3776 οὕτω
3325 3723 3418 3778 καὶ
3450 3721 3588 3775 ὁτοῦ
3617 3724 3833 3788 παντὸς

2241 3819 2431 3871 τούτου
2486 3818 2835 3888 δημιουργὸς,
2868 3817 2968 3886 οὐχ
2996 3816 3076 3867 ἑνὶ
3120 3815 3311 3887 κόσμῳ
3367 3814 3680 3886 σύμμετρον
3726 3816 3831 3888 τὴν

2241 3910 2528 3981 ποιητικὴν
2558 3910 2694 3979 ἔχων
2716 3909 2946 3980 δύναμιν
2998 3907 3112 3961 ἀλλ’
3170 3909 3251 3970 είς
3295 3908 3354 3961 τὸ
3395 3907 3832 3978 ἀπειροπλάσιον

2239 4003 2692 4075 ὑπερϐαίνουσαν,
2743 4005 2811 4073 τῇ
2871 4003 3011 4072 ῥοπῇ
3057 3999 3153 4054 τοῦ
3203 3999 3506 4070 θελήματος
3549 3999 3692 4072 μόνῃ
3746 4003 3832 4067 εις

2240 4098 2300 4153 τὸ
2330 4094 2468 4151 εἶναι
2504 4097 2791 4168 παρήγαγε
2816 4094 2886 4148 τά
2913 4094 3116 4166 μεγέθη
3153 4093 3260 4146 τῶν
3284 4091 3599 4164 ὁρωμένων.
3626 4093 3694 4147 Ei
3731 4091 3830 4150 οὖν

2241 4190 2337 4243 καὶ
2378 4189 2551 4261 ἀρχὴν
2605 4188 2716 4258 ἔχει
2748 4188 2777 4240 6
2801 4187 3024 4257 κόσμος,
3057 4185 3151 4239 καὶ
3184 4185 3497 4254 πεποίηται,
3523 4181 3701 4254 ζήτει,
3743 4186 3833 4249 τίς

2239 4284 2269 4336 6
2303 4280 2399 4352 τὴν
2459 4281 2570 4351 (22)
2611 4280 2788 4351 ἀρχὴν
2843 4279 2994 4349 αὺτῷ
3034 4279 3178 4342 δοὺς,
3211 4279 3306 4331 καὶ
3355 4277 3440 4341 τίς
3485 4278 3513 4330 6
3568 4279 3827 4348 ποιητής.

2241 4373 2456 4428 Μᾶλλον
2507 4373 2584 4435 δὲ,
2620 4372 2708 4424 ἵνα
2738 4371 2813 4441 μὴ
2869 4370 3230 4440 ἀνθρωπίνοις
3254 4368 3539 4439 λογισμοῖς
3575 4368 3829 4437 ἐκζητῶν

2241 4468 2606 4535 παρατραπῇς
2646 4481 2750 4516 που
2787 4465 2886 4534 τῆς
2937 4462 3219 4535 ἀληθείας,
3267 4462 3577 4534 προέφθασε
3627 4462 3697 4530 τῇ
3749 4459 3829 4512 δι-

2239 4556 2524 4628 δασκαλία,
2573 4556 2734 4609 οἱονεὶ
2789 4555 3061 4626 σφραγῖδα
3119 4557 3214 4610 καὶ
3279 4555 3647 4624 φυλακτήριον
3701 4555 3828 4616 ταῖς

645 4699 756 4792 (15)
806 4699 1691 4792 §ic‘Regii"primusnetseptlmus
1726 4721 1848 4792 cum
1879 4705 2120 4792 Qontbel'.
2158 4711 2201 4767 D
2231 4710 2332 4792 legi
2361 4720 2610 4792 Oportere
2645 4711 2726 4792 ὅτι
2753 4709 3012 4792 divinavit
3048 4707 3342 4792 Morell‘us;
3393 4715 3448 4792 et
3490 4704 3665 4792 itania
3692 4707 3824 4792 redi-

563 4785 759 4849 etcum
811 4781 1038 4840 utroque
1091 4776 1256 4834 Coisl.
1314 4775 1488 4831 Editio
1541 4776 1713 4831 Paris.
1755 4779 1819 4830 Οί
1865 4779 1965 4849 μὲν
2015 4779 2122 4847 γὰρ

561 4848 682 4910 τάς,
709 4856 814 4896 non
857 4855 1018 4898 recte.

639 4913 750 4985 (16)
787 4911 869 4987 lta_
891 4925 999 4987 tres
1031 4929 1160 4970 mss.
1192 4917 1351 4972 Deest
1384 4915 1480 4987 μέν
1511 4917 1562 4970 in
1591 4917 1754 4972 editis
1784 4927 1836 4972 et
1867 4919 1918 4972 in
1948 4918 2138 4987 aliqui-

564 4983 667 5042 bus
692 4983 818 5040 mss.
853 4983 1051 5038 Ibidem
1090 5001 1181 5040 sex
1221 5003 1348 5042 mss.
1379 4983 1499 5040 cum
1541 4989 1777 5044 editione
1816 4988 1976 5043 Basil.
2013 4983 2137 5043 συν-

566 5056 772 5111 ιόντων.
801 5054 975 5109 Editio
995 5053 1165 5113 Paris.
1196 5058 1504 5110 συνιέντων.

639 5125 868 5198 (l7)_S_ic
895 5136 1103 5198 septeni
1136 5143 1264 5198 mss.
1298 5138 1494 5196 praeter
1520 5128 1668 5183 Bodl.
1698 5129 1787 5198 qui
1819 5145 1942 5184 mox
1975 5129 2138 5185 habet

566 5193 998 5272 ὑπερτιθέμενοι.
1031 5195 1208 5272 Editio
1230 5193 1404 5272 Paris.
1431 5200 1524 5272 καὶἷ
1552 5200 1657 5272 γὰρ
1688 5193 1817 5272 τῶν.

662 5263 749 5336 {8)
780 5263 1053 5340 Unusﬂnts.
1080 5267 1154 5331 ὡς
1184 5268 1250 5340 ἂν
1269 5268 1443 5340 τύχοι.
1480 5263 1595 5324 Mox
1620 5263 1786 5326 editio
1813 5268 1983 5324 Paris.
2006 5270 2138 5323 ἀπα-

551 5335 829 5462 ςτήὲησαν.
860 5335 1037 5393 Editio
1068 5353 1193 5394 veto
1228 5335 1394 5394 Basil.
1428 5350 1482 5394 et
1502 5344 1607 5396 duo
1643 5341 1796 5412 Regii
1830 5357 1959 5395 mss.
1992 5343 2136 5410 ἡπα-

564 5425 630 5462 τη
670 5424 827 5462 ησαν.

670 5424 827 5478 ησαν.

564 5425 827 5480 τηυησαν.

569 5548 578 5550 _
648 5479 760 5550 (l9)
811 5475 1091 5550 ltareditio
1118 5478 1285 5534 Basil.
1314 5497 1435 5535 cum
1485 5481 1668 5535 multis
1708 5496 1839 5536 mss.
1875 5479 1943 5534 At
1970 5480 2134 5536 editio

567 5548 741 5605 Paris.
764 5548 857 5618 agt
887 5549 1068 5618 ἡμεῖς.

640 5617 973 5691 (20)_F_usius
1004 5620 1109 5691 duo
1131 5617 1420 5691 Golbertini
1453 5630 1506 5674 et
1547 5621 1676 5690 Reg.
1718 5629 1904 5674 sextus
1945 5620 2134 5690 ἐποίη-

570 5687 661 5744 σεν
685 5691 713 5741 6
740 5688 869 5749 Θεὸς
893 5687 982 5739 τὸν
1007 5688 1233 5761 οὐρανὸν
1255 5691 1349 5743 καὶ
1372 5690 1468 5761 τὴν
1495 5687 1758 5761 γῆν.ἸΙοο
1788 5692 1901 5758 ipso
1931 5693 1980 5745 in
2018 5687 2134 5746 loco

572 5772 717 5812 recte
740 5769 795 5811 et
825 5731 1110 5830 διηρπάιῶ
1161 5761 1216 5813 in
1253 5731 1521 5815 veteribn;
1554 5731 1878 5814 editionib'us
1918 5761 2131 5830 legeba-

569 5841 677 5894 tur.
708 5829 769 5883 Tt
799 5828 967 5900 καλή;
1000 5829 1120 5897 sed,
1149 5841 1207 5886 ut
1237 5831 1412 5887 verbis
1439 5840 1556 5887 utar
1579 5830 1912 5899 Combelisii,
1947 5828 2046 5903 pro
2078 5831 2131 5883 τί

2236 4778 2607 4835 ιὶὀηεῬοτίδ.
2656 4780 2923 4834 edendum
2964 4780 3193 4832 curavit.
3229 4778 3428 4831 Sanam
3481 4784 3536 4829 et
3577 4785 3823 4830 veterem

2234 4853 2556 4918 scripturam
2582 4851 2635 4903 τί
2664 4852 2867 4920 pariter
2895 4865 3015 4920 cum
3050 4847 3379 4903 editionibus
3417 4845 3824 4915 antiquioribus

2236 4929 2456 4974 tuentur
2482 4932 2535 4974 et
2571 4919 2724 4975 Bodl.
2757 4931 2812 4975 et
2836 4919 3005 4973 nostri
3045 4928 3169 4973 octo
3196 4932 3324 4970 mss.

2305 4992 2419 5064 (2i)
2442 5063 2447 5064 γ
2469 4991 2616 5064 Reg._
2644 5000 2838 5064 sestus
2876 4991 3111 5064 ἄναρχον
3144 4986 3371 5064 οιηθῶσι
3419 4985 3626 5064 ταύτην
3650 4986 3821 5064 τινές.

2238 5027 3386 5124 δεδί-ίιίξὶιιιξιάῗίτεξιίῖπΐἱιξλᾶηθηάοιιιιη
3421 5067 3504 5110 est
3532 5027 3599 5108 ab
3630 5027 3816 5124 πιθαιῶ

2236 5130 2501 5192 Graeculo,
2546 5142 2605 5184 ut
2647 5147 2748 5184 vox
2803 5128 3011 5198 ταύτην
3062 5129 3140 5198 ad
3177 5142 3365 5180 vocem
3419 5126 3818 5198 praecedentem

2237 5201 2596 5272 κοσμοποιίαν
2639 5200 2824 5255 referri
2856 5195 3061 5272 possm,
3096 5195 3280 5272 Neque
3319 5195 3500 5251 tamen
3551 5196 3816 5272 emenda-

2241 5265 2390 5327 tione
2445 5273 2547 5326 ulla
2581 5287 2713 5338 opus
2743 5265 2878 5323 erat.
2922 5268 3154 5322 Basilius
3198 5265 3397 5338 igitur,
3446 5281 3565 5338 meo
3597 5265 3816 5338 quidem

2232 5343 2459 5411 judicio,
2493 5358 2596 5395 non
2619 5334 2843 5407 iscripsit
2873 5339 3110 5411 ταύτην,
3134 5334 3446 5411 ερίῖαὑτόν.
3480 5336 3557 5388 uti
3613 5334 3822 5411 habent

2237 5404 2367 5468 editi
2402 5404 2458 5467 et
2504 5411 2697 5478 reliqui
2732 5404 2862 5463 mss.
2898 5404 3244 5479 Respiciebat
3282 5407 3426 5460 enim
3451 5413 3640 5479 orator
3670 5404 3815 5472 opti-

2239 5499 2361 5538 mus
2389 5483 2454 5536 ad
2484 5474 2668 5535 vocem
2699 5480 2925 5551 κόσμος,
2978 5474 3044 5532 ei
3078 5493 3183 5548 qua
3237 5474 3561 5533 vocabulum
3607 5490 3815 5543 κοσμοο

2245 5553 2398 5618 ποιία
2423 5551 2782 5618 componitur.

2317 5614 2441 5694 (ἒῖ)
2463 5613 2560 5675 Sic'
2578 5621 2744 5675 codex
2779 5617 3023 5674 Combef.
3059 5630 3114 5672 et
3136 5613 3519 5694 uterquepuc.
3542 5623 3618 5694 _et
3645 5613 3804 5694 Bodl.

2243 5684 2363 5748 cum
2399 5684 2520 5745 aliis
2551 5701 2783 5760 quatuor
2837 5704 2965 5760 mss.
2995 5699 3055 5760 et
3093 5703 3214 5760 cum
3262 5686 3498 5760 editione
3542 5684 3710 5740 Basil.
3748 5684 3816 5737 At

2241 5765 2402 5822 editio
2426 5754 2605 5819 Paris.
2639 5776 2761 5817 cum
2791 5758 3002 5830 Anglic.
3039 5754 3282 5830 ζητεῖται
3311 5757 3338 5809 6
3363 5754 3483 5825 τήν.
