  <div class='ocr_page' id='page_1' title='image "/cluster/home/n/w/nwhite01/storage/ocr_20150623/29/ien.35556001660547/413.png"; bbox 0 0 4058 6448; ppageno 0'>
   <div class='ocr_carea' id='block_1_1' title="bbox 271 379 1854 458">
    <p class='ocr_par' dir='ltr' id='par_1_1' title="bbox 271 379 1843 443">
     <span class='ocr_line' id='line_1_1' title="bbox 271 379 1843 443; baseline 0.01 -15"><span class='ocrx_word' id='word_1_1' title='bbox 271 379 312 428; x_wconf 73' lang='grc'>9</span> <span class='ocrx_word' id='word_1_2' title='bbox 1404 385 1679 443; x_wconf 74' lang='lat' dir='ltr'><strong>HOMILM</strong></span> <span class='ocrx_word' id='word_1_3' title='bbox 1721 389 1740 442; x_wconf 81' lang='grc' dir='ltr'><strong>Ι</strong></span> <span class='ocrx_word' id='word_1_4' title='bbox 1783 390 1843 442; x_wconf 74' lang='grc' dir='ltr'><strong>ΙΝ</strong></span> 
     </span>
    </p>
   </div>
   <div class='ocr_carea' id='block_1_2' title="bbox 1957 379 3499 458">
    <p class='ocr_par' dir='ltr' id='par_1_2' title="bbox 1957 390 3499 458">
     <span class='ocr_line' id='line_1_2' title="bbox 1957 390 3499 458; baseline 0.009 -14"><span class='ocrx_word' id='word_1_5' title='bbox 1957 390 2379 450; x_wconf 75' lang='grc' dir='ltr'><strong>ΞΧΛΕΜΕΠΟΝ.</strong></span> <span class='ocrx_word' id='word_1_6' title='bbox 3434 400 3499 458; x_wconf 71' lang='grc' dir='ltr'><strong>Ν)</strong></span> 
     </span>
    </p>
   </div>
   <div class='ocr_carea' id='block_1_3' title="bbox 270 501 1854 591">
    <p class='ocr_par' dir='ltr' id='par_1_3' title="bbox 270 501 1840 591">
     <span class='ocr_line' id='line_1_3' title="bbox 270 501 1840 591; baseline 0.005 -35"><span class='ocrx_word' id='word_1_7' title='bbox 270 507 472 574; x_wconf 61' lang='grc' dir='ltr'>ψῐίαῖς</span> <span class='ocrx_word' id='word_1_8' title='bbox 502 501 678 591; x_wconf 0' lang='grc' dir='ltr'>,ἡμῶν</span> <span class='ocrx_word' id='word_1_9' title='bbox 718 502 973 591; x_wconf 0' lang='grc' dir='ltr'>,ἐμϐαλὼν</span> <span class='ocrx_word' id='word_1_10' title='bbox 1022 504 1083 557; x_wconf 80' lang='grc' dir='ltr'><strong>τὸ</strong></span> <span class='ocrx_word' id='word_1_11' title='bbox 1127 506 1489 579; x_wconf 80' lang='grc' dir='ltr'><strong>πολυτίμητον</strong></span> <span class='ocrx_word' id='word_1_12' title='bbox 1528 508 1694 581; x_wconf 77' lang='grc' dir='ltr'>δνομα</span> <span class='ocrx_word' id='word_1_13' title='bbox 1731 512 1840 581; x_wconf 72' lang='grc'><strong>(25)</strong></span> 
     </span>
    </p>
   </div>
   <div class='ocr_carea' id='block_1_4' title="bbox 1957 501 3499 591">
    <p class='ocr_par' dir='ltr' id='par_1_4' title="bbox 1957 515 3499 591">
     <span class='ocr_line' id='line_1_4' title="bbox 1957 515 3499 591; baseline 0.005 -24"><span class='ocrx_word' id='word_1_14' title='bbox 1957 515 2170 585; x_wconf 72' lang='lat' dir='ltr'><strong>sigillam</strong></span> <span class='ocrx_word' id='word_1_15' title='bbox 2223 530 2276 571; x_wconf 88' lang='lat' dir='ltr'><strong>et</strong></span> <span class='ocrx_word' id='word_1_16' title='bbox 2327 520 2628 573; x_wconf 75' lang='lat' dir='ltr'><strong>antidotum</strong></span> <span class='ocrx_word' id='word_1_17' title='bbox 2672 517 2722 571; x_wconf 91' lang='lat' dir='ltr'><strong>in</strong></span> <span class='ocrx_word' id='word_1_18' title='bbox 2753 517 2947 572; x_wconf 88' lang='lat' dir='ltr'><strong>animis</strong></span> <span class='ocrx_word' id='word_1_19' title='bbox 2989 522 3184 578; x_wconf 89' lang='lat' dir='ltr'><strong>nostris</strong></span> <span class='ocrx_word' id='word_1_20' title='bbox 3219 521 3499 591; x_wconf 83' lang='lat' dir='ltr'><strong>imprimit,</strong></span> 
     </span>
    </p>
   </div>
   <div class='ocr_carea' id='block_1_5' title="bbox 270 590 1854 679">
    <p class='ocr_par' dir='ltr' id='par_1_5' title="bbox 270 590 1839 668">
     <span class='ocr_line' id='line_1_5' title="bbox 270 590 1839 668; baseline 0.006 -22"><span class='ocrx_word' id='word_1_21' title='bbox 270 595 367 647; x_wconf 76' lang='grc' dir='ltr'><strong>τοῦ</strong></span> <span class='ocrx_word' id='word_1_22' title='bbox 394 590 549 652; x_wconf 76' lang='grc' dir='ltr'>Θεοῦ,</span> <span class='ocrx_word' id='word_1_23' title='bbox 601 590 787 643; x_wconf 81' lang='grc' dir='ltr'>εἰπών’</span> <span class='ocrx_word' id='word_1_24' title='bbox 844 596 945 648; x_wconf 83' lang='grc' dir='ltr'><strong>Ἐν</strong></span> <span class='ocrx_word' id='word_1_25' title='bbox 970 594 1128 663; x_wconf 71' lang='grc' dir='ltr'>ἀρχῇ</span> <span class='ocrx_word' id='word_1_26' title='bbox 1166 596 1505 666; x_wconf 77' lang='grc' dir='ltr'>ἐποίησενό</span> <span class='ocrx_word' id='word_1_27' title='bbox 1547 603 1707 668; x_wconf 81' lang='grc' dir='ltr'>Θεός.</span> <span class='ocrx_word' id='word_1_28' title='bbox 1777 603 1839 655; x_wconf 87' lang='lat' dir='ltr'><strong>&#39;H</strong></span> 
     </span>
    </p>
   </div>
   <div class='ocr_carea' id='block_1_6' title="bbox 1957 590 3501 679">
    <p class='ocr_par' dir='ltr' id='par_1_6' title="bbox 1960 590 3501 679">
     <span class='ocr_line' id='line_1_6' title="bbox 1960 590 3501 679; baseline 0.006 -21"><span class='ocrx_word' id='word_1_29' title='bbox 1960 609 2170 665; x_wconf 85' lang='lat' dir='ltr'><strong>licens:</strong></span> <span class='ocrx_word' id='word_1_30' title='bbox 2219 609 2284 664; x_wconf 84' lang='lat' dir='ltr'><strong>In</strong></span> <span class='ocrx_word' id='word_1_31' title='bbox 2313 613 2564 679; x_wconf 78' lang='lat' dir='ltr'><strong>principio</strong></span> <span class='ocrx_word' id='word_1_32' title='bbox 2605 612 2724 679; x_wconf 78' lang='lat' dir='ltr'><strong>fecit</strong></span> <span class='ocrx_word' id='word_1_33' title='bbox 2761 610 2915 664; x_wconf 83' lang='lat' dir='ltr'><strong>Deus.</strong></span> <span class='ocrx_word' id='word_1_34' title='bbox 2960 609 3120 664; x_wconf 87' lang='lat' dir='ltr'><strong>Beata</strong></span> <span class='ocrx_word' id='word_1_35' title='bbox 3154 590 3372 678; x_wconf 85' lang='lat' dir='ltr'><strong>natura.</strong></span> <span class='ocrx_word' id='word_1_36' title='bbox 3416 590 3501 668; x_wconf 85' lang='lat' dir='ltr'><strong>in-</strong></span> 
     </span>
    </p>
   </div>
   <div class='ocr_carea' id='block_1_7' title="bbox 278 681 1854 774">
    <p class='ocr_par' dir='ltr' id='par_1_7' title="bbox 278 681 1843 766">
     <span class='ocr_line' id='line_1_7' title="bbox 278 681 1843 766; baseline 0.007 -31"><span class='ocrx_word' id='word_1_37' title='bbox 278 681 524 755; x_wconf 83' lang='grc' dir='ltr'>μακαρία</span> <span class='ocrx_word' id='word_1_38' title='bbox 574 681 813 755; x_wconf 73' lang='grc' dir='ltr'>φύσις,ή</span> <span class='ocrx_word' id='word_1_39' title='bbox 864 686 1090 753; x_wconf 78' lang='grc' dir='ltr'>ἄφθονος</span> <span class='ocrx_word' id='word_1_40' title='bbox 1136 690 1423 761; x_wconf 84' lang='grc' dir='ltr'>ἀγαθότης,</span> <span class='ocrx_word' id='word_1_41' title='bbox 1478 693 1537 744; x_wconf 82' lang='grc' dir='ltr'>τὸ</span> <span class='ocrx_word' id='word_1_42' title='bbox 1566 693 1843 766; x_wconf 76' lang='grc' dir='ltr'>ἀγαπητὸν</span> 
     </span>
    </p>
   </div>
   <div class='ocr_carea' id='block_1_8' title="bbox 1957 681 3504 774">
    <p class='ocr_par' dir='ltr' id='par_1_8' title="bbox 1957 702 3504 774">
     <span class='ocr_line' id='line_1_8' title="bbox 1957 702 3504 774; baseline 0.004 -22"><span class='ocrx_word' id='word_1_43' title='bbox 1957 716 2079 768; x_wconf 82' lang='lat' dir='ltr'><strong>gens</strong></span> <span class='ocrx_word' id='word_1_44' title='bbox 2109 703 2340 766; x_wconf 79' lang='lat' dir='ltr'><strong>bonitas,</strong></span> <span class='ocrx_word' id='word_1_45' title='bbox 2368 702 2596 770; x_wconf 77' lang='lat' dir='ltr'><strong>idipsum</strong></span> <span class='ocrx_word' id='word_1_46' title='bbox 2634 702 2772 772; x_wconf 91' lang='lat' dir='ltr'><strong>quod</strong></span> <span class='ocrx_word' id='word_1_47' title='bbox 2802 702 3050 756; x_wconf 85' lang='lat' dir='ltr'><strong>omnibus</strong></span> <span class='ocrx_word' id='word_1_48' title='bbox 3087 704 3305 759; x_wconf 75' lang='lat' dir='ltr'><strong>rationis</strong></span> <span class='ocrx_word' id='word_1_49' title='bbox 3335 706 3504 774; x_wconf 83' lang='lat' dir='ltr'><strong>parti-</strong></span> 
     </span>
    </p>
   </div>
   <div class='ocr_carea' id='block_1_9' title="bbox 276 773 1854 866">
    <p class='ocr_par' dir='ltr' id='par_1_9' title="bbox 276 773 1839 852">
     <span class='ocr_line' id='line_1_9' title="bbox 276 773 1839 852; baseline 0.008 -25"><span class='ocrx_word' id='word_1_50' title='bbox 276 777 413 827; x_wconf 80' lang='grc' dir='ltr'>πᾶσι</span> <span class='ocrx_word' id='word_1_51' title='bbox 438 776 547 835; x_wconf 82' lang='grc' dir='ltr'>τοῖς</span> <span class='ocrx_word' id='word_1_52' title='bbox 573 773 727 843; x_wconf 88' lang='grc' dir='ltr'>λόγου</span> <span class='ocrx_word' id='word_1_53' title='bbox 762 776 1126 847; x_wconf 80' lang='grc' dir='ltr'><strong>μετειληφόσι,</strong></span> <span class='ocrx_word' id='word_1_54' title='bbox 1150 783 1210 835; x_wconf 86' lang='grc' dir='ltr'><strong>τὸ</strong></span> <span class='ocrx_word' id='word_1_55' title='bbox 1238 784 1606 852; x_wconf 77' lang='grc' dir='ltr'><strong>πολυπόθητον</strong></span> <span class='ocrx_word' id='word_1_56' title='bbox 1630 786 1839 849; x_wconf 76' lang='grc' dir='ltr'>κάλλος,</span> 
     </span>
    </p>
   </div>
   <div class='ocr_carea' id='block_1_10' title="bbox 1957 773 3499 866">
    <p class='ocr_par' dir='ltr' id='par_1_10' title="bbox 1957 773 3499 866">
     <span class='ocr_line' id='line_1_10' title="bbox 1957 773 3499 866; baseline 0.005 -22"><span class='ocrx_word' id='word_1_57' title='bbox 1957 793 2152 861; x_wconf 71' lang='lat' dir='ltr'><strong>ripibus</strong></span> <span class='ocrx_word' id='word_1_58' title='bbox 2181 806 2266 848; x_wconf 89' lang='lat' dir='ltr'><strong>est</strong></span> <span class='ocrx_word' id='word_1_59' title='bbox 2292 795 2540 859; x_wconf 87' lang='lat' dir='ltr'><strong>amabile,</strong></span> <span class='ocrx_word' id='word_1_60' title='bbox 2561 793 2900 862; x_wconf 77' lang='lat' dir='ltr'><strong>pulchritudo</strong></span> <span class='ocrx_word' id='word_1_61' title='bbox 2929 795 3080 848; x_wconf 84' lang='lat' dir='ltr'><strong>valde</strong></span> <span class='ocrx_word' id='word_1_62' title='bbox 3110 773 3499 866; x_wconf 74' lang='lat' dir='ltr'><strong>desiderabilis,</strong></span> 
     </span>
    </p>
   </div>
   <div class='ocr_carea' id='block_1_11' title="bbox 274 862 1854 954">
    <p class='ocr_par' dir='ltr' id='par_1_11' title="bbox 274 862 1840 954">
     <span class='ocr_line' id='line_1_11' title="bbox 274 862 1840 954; baseline 0.012 -45"><span class='ocrx_word' id='word_1_63' title='bbox 274 865 310 954; x_wconf 60' lang='grc' dir='ltr'><strong>η</strong></span> <span class='ocrx_word' id='word_1_64' title='bbox 342 862 487 954; x_wconf 65' lang='lat' dir='ltr'><strong>eiqu</strong></span> <span class='ocrx_word' id='word_1_65' title='bbox 505 862 820 926; x_wconf 75' lang='grc' dir='ltr'>τῶνόντων,</span> <span class='ocrx_word' id='word_1_66' title='bbox 855 865 886 934; x_wconf 82' lang='grc' dir='ltr'>ἡ</span> <span class='ocrx_word' id='word_1_67' title='bbox 917 867 1066 954; x_wconf 69' lang='grc' dir='ltr'>πηγὴ</span> <span class='ocrx_word' id='word_1_68' title='bbox 1089 870 1189 940; x_wconf 81' lang='grc' dir='ltr'>τῆς</span> <span class='ocrx_word' id='word_1_69' title='bbox 1216 870 1377 939; x_wconf 79' lang='grc' dir='ltr'>ζωῆς,</span> <span class='ocrx_word' id='word_1_70' title='bbox 1404 871 1464 923; x_wconf 83' lang='grc' dir='ltr'><strong>τὸ</strong></span> <span class='ocrx_word' id='word_1_71' title='bbox 1487 873 1669 942; x_wconf 84' lang='grc' dir='ltr'>νοερὸν</span> <span class='ocrx_word' id='word_1_72' title='bbox 1705 878 1840 943; x_wconf 85' lang='grc' dir='ltr'>φῶς,</span> 
     </span>
    </p>
   </div>
   <div class='ocr_carea' id='block_1_12' title="bbox 1957 862 3503 954">
    <p class='ocr_par' dir='ltr' id='par_1_12' title="bbox 1957 882 3503 954">
     <span class='ocr_line' id='line_1_12' title="bbox 1957 882 3503 954; baseline 0.003 -21"><span class='ocrx_word' id='word_1_73' title='bbox 1957 896 2127 934; x_wconf 63' lang='lat' dir='ltr'><strong>eorum</strong></span> <span class='ocrx_word' id='word_1_74' title='bbox 2155 898 2272 949; x_wconf 64' lang='lat' dir='ltr'><strong>quae</strong></span> <span class='ocrx_word' id='word_1_75' title='bbox 2301 884 2567 937; x_wconf 80' lang='lat' dir='ltr'><strong>exsistunt</strong></span> <span class='ocrx_word' id='word_1_76' title='bbox 2616 884 2969 954; x_wconf 83' lang='lat' dir='ltr'><strong>principium,</strong></span> <span class='ocrx_word' id='word_1_77' title='bbox 3000 882 3120 935; x_wconf 87' lang='lat' dir='ltr'><strong>l&#39;ous</strong></span> <span class='ocrx_word' id='word_1_78' title='bbox 3150 885 3271 936; x_wconf 74' lang='lat' dir='ltr'><strong>vitze</strong></span> <span class='ocrx_word' id='word_1_79' title='bbox 3294 924 3309 949; x_wconf 92' lang='lat'><strong>,</strong></span> <span class='ocrx_word' id='word_1_80' title='bbox 3343 886 3503 951; x_wconf 84' lang='lat' dir='ltr'><strong>spiri-</strong></span> 
     </span>
    </p>
   </div>
   <div class='ocr_carea' id='block_1_13' title="bbox 276 950 1854 1043">
    <p class='ocr_par' dir='ltr' id='par_1_13' title="bbox 276 950 1845 1032">
     <span class='ocr_line' id='line_1_13' title="bbox 276 950 1845 1032; baseline 0.011 -30"><span class='ocrx_word' id='word_1_81' title='bbox 276 953 313 1021; x_wconf 73' lang='grc' dir='ltr'>ἡ</span> <span class='ocrx_word' id='word_1_82' title='bbox 341 951 625 1021; x_wconf 79' lang='grc' dir='ltr'><strong>ἀπρόσιτος</strong></span> <span class='ocrx_word' id='word_1_83' title='bbox 682 954 862 1021; x_wconf 68' lang='grc' dir='ltr'>σοφία,</span> <span class='ocrx_word' id='word_1_84' title='bbox 902 950 1053 1022; x_wconf 74' lang='grc' dir='ltr'>οὗτος</span> <span class='ocrx_word' id='word_1_85' title='bbox 1103 960 1414 1023; x_wconf 82' lang='grc' dir='ltr'><strong>Ἐποίησεν</strong></span> <span class='ocrx_word' id='word_1_86' title='bbox 1450 962 1519 1015; x_wconf 80' lang='grc' dir='ltr'><strong>ἐν</strong></span> <span class='ocrx_word' id='word_1_87' title='bbox 1552 964 1707 1032; x_wconf 78' lang='grc' dir='ltr'>ἀρχῇ</span> <span class='ocrx_word' id='word_1_88' title='bbox 1740 968 1845 1020; x_wconf 77' lang='grc' dir='ltr'><strong>τὸν</strong></span> 
     </span>
    </p>
   </div>
   <div class='ocr_carea' id='block_1_14' title="bbox 1957 950 3504 1043">
    <p class='ocr_par' dir='ltr' id='par_1_14' title="bbox 1957 950 3504 1043">
     <span class='ocr_line' id='line_1_14' title="bbox 1957 950 3504 1043; baseline 0.005 -22"><span class='ocrx_word' id='word_1_89' title='bbox 1957 972 2108 1024; x_wconf 83' lang='lat' dir='ltr'><strong>Lualis</strong></span> <span class='ocrx_word' id='word_1_90' title='bbox 2148 970 2258 1034; x_wconf 76' lang='lat' dir='ltr'><strong>lux,</strong></span> <span class='ocrx_word' id='word_1_91' title='bbox 2307 974 2568 1039; x_wconf 83' lang='lat' dir='ltr'><strong>sapientia</strong></span> <span class='ocrx_word' id='word_1_92' title='bbox 2618 950 2926 1040; x_wconf 75' lang='lat' dir='ltr'><strong>inaccessa,</strong></span> <span class='ocrx_word' id='word_1_93' title='bbox 2956 950 3103 1036; x_wconf 6' lang='lat' dir='ltr'><strong>ibic,</strong></span> <span class='ocrx_word' id='word_1_94' title='bbox 3153 972 3217 1025; x_wconf 84' lang='lat' dir='ltr'><strong>In</strong></span> <span class='ocrx_word' id='word_1_95' title='bbox 3246 950 3504 1043; x_wconf 75' lang='lat' dir='ltr'><strong>principio</strong></span> 
     </span>
    </p>
   </div>
   <div class='ocr_carea' id='block_1_15' title="bbox 275 1043 1854 1130">
    <p class='ocr_par' dir='ltr' id='par_1_15' title="bbox 275 1043 959 1114">
     <span class='ocr_line' id='line_1_15' title="bbox 275 1043 959 1114; baseline 0.006 -19"><span class='ocrx_word' id='word_1_96' title='bbox 275 1043 538 1110; x_wconf 80' lang='grc' dir='ltr'>οὐρανὸν</span> <span class='ocrx_word' id='word_1_97' title='bbox 564 1044 662 1097; x_wconf 78' lang='grc' dir='ltr'>καὶ</span> <span class='ocrx_word' id='word_1_98' title='bbox 689 1043 803 1110; x_wconf 81' lang='grc' dir='ltr'><strong>τὴν</strong></span> <span class='ocrx_word' id='word_1_99' title='bbox 827 1045 959 1114; x_wconf 80' lang='grc' dir='ltr'>γῆν.</span> 
     </span>
    </p>
   </div>
   <div class='ocr_carea' id='block_1_16' title="bbox 1957 1043 2605 1130">
    <p class='ocr_par' dir='ltr' id='par_1_16' title="bbox 1957 1061 2605 1118">
     <span class='ocr_line' id='line_1_16' title="bbox 1957 1061 2605 1118; baseline 0.002 -1"><span class='ocrx_word' id='word_1_100' title='bbox 1957 1061 2066 1117; x_wconf 62' lang='lat' dir='ltr'><strong>fecit</strong></span> <span class='ocrx_word' id='word_1_101' title='bbox 2103 1063 2287 1115; x_wconf 65' lang='lat' dir='ltr'><strong>calum</strong></span> <span class='ocrx_word' id='word_1_102' title='bbox 2316 1073 2363 1116; x_wconf 83' lang='lat' dir='ltr'><strong>et</strong></span> <span class='ocrx_word' id='word_1_103' title='bbox 2396 1075 2605 1118; x_wconf 79' lang='lat' dir='ltr'><strong>(errant.</strong></span> 
     </span>
    </p>
   </div>
   <div class='ocr_carea' id='block_1_17' title="bbox 350 1131 1854 1227">
    <p class='ocr_par' dir='ltr' id='par_1_17' title="bbox 350 1131 1846 1217">
     <span class='ocr_line' id='line_1_17' title="bbox 350 1131 1846 1217; baseline 0.005 -27"><span class='ocrx_word' id='word_1_104' title='bbox 350 1136 403 1190; x_wconf 74' lang='grc'>5.</span> <span class='ocrx_word' id='word_1_105' title='bbox 438 1138 526 1206; x_wconf 83' lang='grc' dir='ltr'><strong>Μὴ</strong></span> <span class='ocrx_word' id='word_1_106' title='bbox 556 1131 647 1188; x_wconf 77' lang='grc' dir='ltr'><strong>οὖν</strong></span> <span class='ocrx_word' id='word_1_107' title='bbox 665 1135 869 1207; x_wconf 78' lang='grc' dir='ltr'>ἄναρχα</span> <span class='ocrx_word' id='word_1_108' title='bbox 903 1137 1196 1205; x_wconf 82' lang='grc' dir='ltr'>φαντάζου,</span> <span class='ocrx_word' id='word_1_109' title='bbox 1220 1139 1491 1212; x_wconf 87' lang='grc' dir='ltr'>ἄνθρωπε,</span> <span class='ocrx_word' id='word_1_110' title='bbox 1533 1146 1597 1198; x_wconf 78' lang='grc' dir='ltr'>τὰ</span> <span class='ocrx_word' id='word_1_111' title='bbox 1638 1147 1846 1217; x_wconf 82' lang='grc' dir='ltr'>ὁρώμε-</span> 
     </span>
    </p>
   </div>
   <div class='ocr_carea' id='block_1_18' title="bbox 1957 1131 3502 1227">
    <p class='ocr_par' dir='ltr' id='par_1_18' title="bbox 2015 1154 3502 1227">
     <span class='ocr_line' id='line_1_18' title="bbox 2015 1154 3502 1227; baseline 0 -18"><span class='ocrx_word' id='word_1_112' title='bbox 2015 1156 2070 1209; x_wconf 79' lang='grc'>5.</span> <span class='ocrx_word' id='word_1_113' title='bbox 2114 1154 2188 1207; x_wconf 85' lang='lat' dir='ltr'><strong>Ne</strong></span> <span class='ocrx_word' id='word_1_114' title='bbox 2215 1157 2375 1224; x_wconf 79' lang='lat' dir='ltr'><strong>igitur</strong></span> <span class='ocrx_word' id='word_1_115' title='bbox 2396 1159 2624 1226; x_wconf 78' lang='lat' dir='ltr'><strong>cogites,</strong></span> <span class='ocrx_word' id='word_1_116' title='bbox 2660 1173 2692 1209; x_wconf 84' lang='grc' dir='ltr'><strong>υ</strong></span> <span class='ocrx_word' id='word_1_117' title='bbox 2716 1156 2894 1217; x_wconf 85' lang='lat' dir='ltr'><strong>homo,</strong></span> <span class='ocrx_word' id='word_1_118' title='bbox 2921 1172 2979 1211; x_wconf 89' lang='lat' dir='ltr'><strong>ea</strong></span> <span class='ocrx_word' id='word_1_119' title='bbox 3011 1173 3129 1227; x_wconf 66' lang='lat' dir='ltr'><strong>quae</strong></span> <span class='ocrx_word' id='word_1_120' title='bbox 3156 1156 3502 1226; x_wconf 88' lang='lat' dir='ltr'><strong>conspiciun-</strong></span> 
     </span>
    </p>
   </div>
   <div class='ocr_carea' id='block_1_19' title="bbox 276 1226 1854 1319">
    <p class='ocr_par' dir='ltr' id='par_1_19' title="bbox 276 1226 1847 1305">
     <span class='ocr_line' id='line_1_19' title="bbox 276 1226 1847 1305; baseline 0.007 -28"><span class='ocrx_word' id='word_1_121' title='bbox 276 1241 366 1286; x_wconf 86' lang='grc' dir='ltr'><strong>να,</strong></span> <span class='ocrx_word' id='word_1_122' title='bbox 406 1227 559 1297; x_wconf 76' lang='grc' dir='ltr'>μηδὲ,</span> <span class='ocrx_word' id='word_1_123' title='bbox 596 1226 781 1298; x_wconf 77' lang='grc' dir='ltr'>ἐπειδὴ</span> <span class='ocrx_word' id='word_1_124' title='bbox 813 1227 1039 1279; x_wconf 85' lang='grc' dir='ltr'>κυκλόσε</span> <span class='ocrx_word' id='word_1_125' title='bbox 1065 1230 1453 1300; x_wconf 80' lang='grc' dir='ltr'>περιτρέχειτά</span> <span class='ocrx_word' id='word_1_126' title='bbox 1476 1235 1593 1283; x_wconf 81' lang='grc' dir='ltr'>κατ’</span> <span class='ocrx_word' id='word_1_127' title='bbox 1619 1237 1847 1305; x_wconf 72' lang='grc' dir='ltr'>οὐρανὸν</span> 
     </span>
    </p>
   </div>
   <div class='ocr_carea' id='block_1_20' title="bbox 1957 1226 3509 1319">
    <p class='ocr_par' dir='ltr' id='par_1_20' title="bbox 1957 1248 3509 1319">
     <span class='ocr_line' id='line_1_20' title="bbox 1957 1248 3509 1319; baseline -0.002 -17"><span class='ocrx_word' id='word_1_128' title='bbox 1957 1259 2053 1309; x_wconf 88' lang='lat' dir='ltr'><strong>tur,</strong></span> <span class='ocrx_word' id='word_1_129' title='bbox 2086 1249 2351 1316; x_wconf 82' lang='lat' dir='ltr'><strong>principio</strong></span> <span class='ocrx_word' id='word_1_130' title='bbox 2384 1263 2571 1302; x_wconf 88' lang='lat' dir='ltr'><strong>carere</strong></span> <span class='ocrx_word' id='word_1_131' title='bbox 2603 1267 2615 1301; x_wconf 89' lang='lat'>:</span> <span class='ocrx_word' id='word_1_132' title='bbox 2653 1259 2705 1304; x_wconf 91' lang='lat' dir='ltr'><strong>et</strong></span> <span class='ocrx_word' id='word_1_133' title='bbox 2734 1254 2858 1319; x_wconf 85' lang='lat' dir='ltr'><strong>quia</strong></span> <span class='ocrx_word' id='word_1_134' title='bbox 2891 1264 2951 1303; x_wconf 85' lang='lat' dir='ltr'><strong>ea</strong></span> <span class='ocrx_word' id='word_1_135' title='bbox 2984 1265 3099 1317; x_wconf 69' lang='lat' dir='ltr'><strong>quae</strong></span> <span class='ocrx_word' id='word_1_136' title='bbox 3138 1250 3188 1303; x_wconf 91' lang='lat' dir='ltr'><strong>in</strong></span> <span class='ocrx_word' id='word_1_137' title='bbox 3224 1248 3361 1304; x_wconf 62' lang='lat' dir='ltr'><strong>caelo</strong></span> <span class='ocrx_word' id='word_1_138' title='bbox 3395 1264 3509 1299; x_wconf 90' lang='lat' dir='ltr'><strong>mo-</strong></span> 
     </span>
    </p>
   </div>
   <div class='ocr_carea' id='block_1_21' title="bbox 278 1317 1854 1416">
    <p class='ocr_par' dir='ltr' id='par_1_21' title="bbox 278 1317 1849 1395">
     <span class='ocr_line' id='line_1_21' title="bbox 278 1317 1849 1395; baseline 0.004 -25"><span class='ocrx_word' id='word_1_139' title='bbox 278 1318 644 1386; x_wconf 81' lang='grc' dir='ltr'>κινούμενα,η</span> <span class='ocrx_word' id='word_1_140' title='bbox 681 1318 737 1369; x_wconf 79' lang='grc' dir='ltr'>δὲ</span> <span class='ocrx_word' id='word_1_141' title='bbox 770 1317 863 1369; x_wconf 78' lang='grc' dir='ltr'>τοῦ</span> <span class='ocrx_word' id='word_1_142' title='bbox 884 1318 1080 1371; x_wconf 86' lang='grc' dir='ltr'>κύκλου</span> <span class='ocrx_word' id='word_1_143' title='bbox 1114 1322 1337 1393; x_wconf 86' lang='grc' dir='ltr'>ἀρχὴτῇ</span> <span class='ocrx_word' id='word_1_144' title='bbox 1366 1323 1636 1393; x_wconf 83' lang='grc' dir='ltr'><strong>προχείρῳ</strong></span> <span class='ocrx_word' id='word_1_145' title='bbox 1662 1327 1849 1395; x_wconf 82' lang='grc' dir='ltr'>αἰσθή-</span> 
     </span>
    </p>
   </div>
   <div class='ocr_carea' id='block_1_22' title="bbox 1957 1317 3511 1416">
    <p class='ocr_par' dir='ltr' id='par_1_22' title="bbox 1957 1338 3511 1410">
     <span class='ocr_line' id='line_1_22' title="bbox 1957 1338 3511 1410; baseline 0.002 -19"><span class='ocrx_word' id='word_1_146' title='bbox 1957 1349 2158 1400; x_wconf 82' lang='lat' dir='ltr'><strong>ventur.</strong></span> <span class='ocrx_word' id='word_1_147' title='bbox 2224 1342 2665 1409; x_wconf 75' lang='lat' dir='ltr'><strong>circumaguntur</strong></span> <span class='ocrx_word' id='word_1_148' title='bbox 2715 1342 3056 1405; x_wconf 85' lang='lat' dir='ltr'><strong>circulatim,</strong></span> <span class='ocrx_word' id='word_1_149' title='bbox 3108 1343 3401 1410; x_wconf 86' lang='lat' dir='ltr'><strong>circulique</strong></span> <span class='ocrx_word' id='word_1_150' title='bbox 3456 1338 3511 1405; x_wconf 66' lang='grc' dir='ltr'><strong>Δ</strong></span> 
     </span>
    </p>
   </div>
   <div class='ocr_carea' id='block_1_23' title="bbox 280 1406 1854 1499">
    <p class='ocr_par' dir='ltr' id='par_1_23' title="bbox 280 1406 1850 1487">
     <span class='ocr_line' id='line_1_23' title="bbox 280 1406 1850 1487; baseline 0.006 -30"><span class='ocrx_word' id='word_1_151' title='bbox 280 1423 365 1457; x_wconf 84' lang='grc' dir='ltr'><strong>σει</strong></span> <span class='ocrx_word' id='word_1_152' title='bbox 407 1406 559 1473; x_wconf 82' lang='grc' dir='ltr'>ἡμῶν</span> <span class='ocrx_word' id='word_1_153' title='bbox 592 1407 692 1458; x_wconf 89' lang='grc' dir='ltr'><strong>ούκ</strong></span> <span class='ocrx_word' id='word_1_154' title='bbox 718 1406 998 1477; x_wconf 77' lang='grc' dir='ltr'>εὔληπτος,</span> <span class='ocrx_word' id='word_1_155' title='bbox 1032 1410 1261 1480; x_wconf 82' lang='grc' dir='ltr'>ἄναρχον</span> <span class='ocrx_word' id='word_1_156' title='bbox 1302 1406 1440 1463; x_wconf 85' lang='grc' dir='ltr'>εἶναι</span> <span class='ocrx_word' id='word_1_157' title='bbox 1474 1415 1698 1487; x_wconf 73' lang='grc' dir='ltr'>νομίσῃς</span> <span class='ocrx_word' id='word_1_158' title='bbox 1741 1415 1850 1468; x_wconf 84' lang='grc' dir='ltr'><strong>τῶν</strong></span> 
     </span>
    </p>
   </div>
   <div class='ocr_carea' id='block_1_24' title="bbox 1957 1406 3510 1499">
    <p class='ocr_par' dir='ltr' id='par_1_24' title="bbox 1957 1406 3510 1499">
     <span class='ocr_line' id='line_1_24' title="bbox 1957 1406 3510 1499; baseline -0.001 -17"><span class='ocrx_word' id='word_1_159' title='bbox 1957 1432 2265 1499; x_wconf 88' lang='lat' dir='ltr'><strong>principium</strong></span> <span class='ocrx_word' id='word_1_160' title='bbox 2295 1406 2543 1499; x_wconf 63' lang='lat' dir='ltr'><strong>prompto</strong></span> <span class='ocrx_word' id='word_1_161' title='bbox 2581 1444 2740 1483; x_wconf 88' lang='lat' dir='ltr'><strong>sensu</strong></span> <span class='ocrx_word' id='word_1_162' title='bbox 2783 1445 2810 1482; x_wconf 91' lang='lat' dir='ltr'><strong>a</strong></span> <span class='ocrx_word' id='word_1_163' title='bbox 2848 1430 3000 1484; x_wconf 89' lang='lat' dir='ltr'><strong>nobis</strong></span> <span class='ocrx_word' id='word_1_164' title='bbox 3037 1430 3237 1499; x_wconf 84' lang='lat' dir='ltr'><strong>percipi</strong></span> <span class='ocrx_word' id='word_1_165' title='bbox 3282 1406 3385 1483; x_wconf 78' lang='lat' dir='ltr'><strong>non</strong></span> <span class='ocrx_word' id='word_1_166' title='bbox 3417 1445 3510 1496; x_wconf 83' lang='lat' dir='ltr'><strong>po-</strong></span> 
     </span>
    </p>
   </div>
   <div class='ocr_carea' id='block_1_25' title="bbox 279 1496 1854 1587">
    <p class='ocr_par' dir='ltr' id='par_1_25' title="bbox 279 1496 1849 1576">
     <span class='ocr_line' id='line_1_25' title="bbox 279 1496 1849 1576; baseline 0.007 -27"><span class='ocrx_word' id='word_1_167' title='bbox 279 1496 690 1567; x_wconf 50' lang='grc' dir='ltr'>κυκλουορικῶν</span> <span class='ocrx_word' id='word_1_168' title='bbox 728 1502 989 1569; x_wconf 84' lang='grc' dir='ltr'>σωμάτων</span> <span class='ocrx_word' id='word_1_169' title='bbox 1019 1503 1114 1571; x_wconf 85' lang='grc' dir='ltr'>τὴν</span> <span class='ocrx_word' id='word_1_170' title='bbox 1172 1500 1347 1568; x_wconf 76' lang='grc' dir='ltr'>φύσιν.</span> <span class='ocrx_word' id='word_1_171' title='bbox 1373 1502 1504 1556; x_wconf 86' lang='grc' dir='ltr'>Ούδὲ</span> <span class='ocrx_word' id='word_1_172' title='bbox 1538 1505 1645 1576; x_wconf 82' lang='grc' dir='ltr'>γὰρ</span> <span class='ocrx_word' id='word_1_173' title='bbox 1695 1508 1723 1559; x_wconf 86' lang='grc' dir='ltr'><strong>ό</strong></span> <span class='ocrx_word' id='word_1_174' title='bbox 1750 1507 1849 1559; x_wconf 86' lang='grc' dir='ltr'>κύ-</span> 
     </span>
    </p>
   </div>
   <div class='ocr_carea' id='block_1_26' title="bbox 1957 1496 3512 1587">
    <p class='ocr_par' dir='ltr' id='par_1_26' title="bbox 1957 1519 3512 1587">
     <span class='ocr_line' id='line_1_26' title="bbox 1957 1519 3512 1587; baseline -0.002 -15"><span class='ocrx_word' id='word_1_175' title='bbox 1957 1530 2076 1582; x_wconf 79' lang='lat' dir='ltr'><strong>teSt,</strong></span> <span class='ocrx_word' id='word_1_176' title='bbox 2114 1536 2179 1573; x_wconf 88' lang='lat' dir='ltr'><strong>ne</strong></span> <span class='ocrx_word' id='word_1_177' title='bbox 2209 1522 2408 1574; x_wconf 89' lang='lat' dir='ltr'><strong>idcirco</strong></span> <span class='ocrx_word' id='word_1_178' title='bbox 2436 1533 2682 1573; x_wconf 83' lang='lat' dir='ltr'><strong>naturam</strong></span> <span class='ocrx_word' id='word_1_179' title='bbox 2703 1535 2887 1571; x_wconf 85' lang='lat' dir='ltr'><strong>eorum</strong></span> <span class='ocrx_word' id='word_1_180' title='bbox 2913 1534 3197 1587; x_wconf 85' lang='lat' dir='ltr'><strong>corporum</strong></span> <span class='ocrx_word' id='word_1_181' title='bbox 3225 1532 3344 1587; x_wconf 60' lang='lat' dir='ltr'><strong>qua</strong></span> <span class='ocrx_word' id='word_1_182' title='bbox 3367 1519 3512 1571; x_wconf 86' lang='lat' dir='ltr'><strong>orbi-</strong></span> 
     </span>
    </p>
   </div>
   <div class='ocr_carea' id='block_1_27' title="bbox 270 1583 1854 1678">
    <p class='ocr_par' dir='ltr' id='par_1_27' title="bbox 270 1583 1851 1669">
     <span class='ocr_line' id='line_1_27' title="bbox 270 1583 1851 1669; baseline 0.01 -31"><span class='ocrx_word' id='word_1_183' title='bbox 270 1583 619 1651; x_wconf 54' lang='grc' dir='ltr'>κλοςοῦτος,</span> <span class='ocrx_word' id='word_1_184' title='bbox 669 1591 729 1643; x_wconf 85' lang='grc' dir='ltr'><strong>τὸ</strong></span> <span class='ocrx_word' id='word_1_185' title='bbox 772 1593 1023 1643; x_wconf 70' lang='grc' dir='ltr'>ἐπίπεδον</span> <span class='ocrx_word' id='word_1_186' title='bbox 1060 1591 1202 1659; x_wconf 81' lang='grc' dir='ltr'>λέγω</span> <span class='ocrx_word' id='word_1_187' title='bbox 1258 1594 1439 1665; x_wconf 82' lang='grc' dir='ltr'>σχῆμα</span> <span class='ocrx_word' id='word_1_188' title='bbox 1475 1598 1534 1651; x_wconf 83' lang='grc' dir='ltr'><strong>τὸ</strong></span> <span class='ocrx_word' id='word_1_189' title='bbox 1565 1599 1668 1652; x_wconf 82' lang='grc' dir='ltr'>ὑπὸ</span> <span class='ocrx_word' id='word_1_190' title='bbox 1723 1601 1851 1669; x_wconf 83' lang='grc' dir='ltr'>μιᾶς</span> 
     </span>
    </p>
   </div>
   <div class='ocr_carea' id='block_1_28' title="bbox 1957 1583 3509 1678">
    <p class='ocr_par' dir='ltr' id='par_1_28' title="bbox 1957 1609 3509 1678">
     <span class='ocr_line' id='line_1_28' title="bbox 1957 1609 3509 1678; baseline -0.002 -16"><span class='ocrx_word' id='word_1_191' title='bbox 1957 1609 2170 1663; x_wconf 84' lang='lat' dir='ltr'><strong>culatim</strong></span> <span class='ocrx_word' id='word_1_192' title='bbox 2194 1622 2475 1663; x_wconf 90' lang='lat' dir='ltr'><strong>moventur</strong></span> <span class='ocrx_word' id='word_1_193' title='bbox 2502 1611 2775 1678; x_wconf 82' lang='lat' dir='ltr'><strong>putaveris</strong></span> <span class='ocrx_word' id='word_1_194' title='bbox 2800 1610 3047 1678; x_wconf 89' lang='lat' dir='ltr'><strong>principii</strong></span> <span class='ocrx_word' id='word_1_195' title='bbox 3069 1624 3188 1662; x_wconf 85' lang='lat' dir='ltr'><strong>esse</strong></span> <span class='ocrx_word' id='word_1_196' title='bbox 3212 1617 3509 1677; x_wconf 79' lang='lat' dir='ltr'><strong>expertem.</strong></span> 
     </span>
    </p>
   </div>
   <div class='ocr_carea' id='block_1_29' title="bbox 279 1679 1854 1770">
    <p class='ocr_par' dir='ltr' id='par_1_29' title="bbox 279 1679 1850 1770">
     <span class='ocr_line' id='line_1_29' title="bbox 279 1679 1850 1770; baseline 0.01 -41"><span class='ocrx_word' id='word_1_197' title='bbox 279 1679 544 1770; x_wconf 83' lang='grc' dir='ltr'>γραμμῆς</span> <span class='ocrx_word' id='word_1_198' title='bbox 594 1681 997 1750; x_wconf 87' lang='grc' dir='ltr'>περιεχόμενον,</span> <span class='ocrx_word' id='word_1_199' title='bbox 1046 1683 1231 1753; x_wconf 78' lang='grc' dir='ltr'>ἐπειδὴ</span> <span class='ocrx_word' id='word_1_200' title='bbox 1278 1683 1554 1756; x_wconf 80' lang='grc' dir='ltr'>διαφεύγει</span> <span class='ocrx_word' id='word_1_201' title='bbox 1583 1689 1693 1760; x_wconf 65' lang='grc'><strong>(24)</strong></span> <span class='ocrx_word' id='word_1_202' title='bbox 1751 1694 1850 1762; x_wconf 82' lang='grc' dir='ltr'>τὴν</span> 
     </span>
    </p>
   </div>
   <div class='ocr_carea' id='block_1_30' title="bbox 1957 1679 3510 1770">
    <p class='ocr_par' dir='ltr' id='par_1_30' title="bbox 1957 1699 3510 1770">
     <span class='ocr_line' id='line_1_30' title="bbox 1957 1699 3510 1770; baseline 0.001 -17"><span class='ocrx_word' id='word_1_203' title='bbox 1957 1699 2134 1768; x_wconf 73' lang='lat' dir='ltr'><strong>Neque</strong></span> <span class='ocrx_word' id='word_1_204' title='bbox 2160 1700 2300 1752; x_wconf 89' lang='lat' dir='ltr'><strong>enim</strong></span> <span class='ocrx_word' id='word_1_205' title='bbox 2352 1700 2606 1753; x_wconf 88' lang='lat' dir='ltr'><strong>circulum</strong></span> <span class='ocrx_word' id='word_1_206' title='bbox 2655 1702 2793 1754; x_wconf 84' lang='lat' dir='ltr'><strong>hunc</strong></span> <span class='ocrx_word' id='word_1_207' title='bbox 2828 1699 3081 1769; x_wconf 42' lang='lat' dir='ltr'><strong>(t’iguram</strong></span> <span class='ocrx_word' id='word_1_208' title='bbox 3134 1701 3252 1753; x_wconf 87' lang='lat' dir='ltr'><strong>dico</strong></span> <span class='ocrx_word' id='word_1_209' title='bbox 3292 1701 3510 1770; x_wconf 83' lang='lat' dir='ltr'><strong>planam</strong></span> 
     </span>
    </p>
   </div>
   <div class='ocr_carea' id='block_1_31' title="bbox 280 1768 1854 1861">
    <p class='ocr_par' dir='ltr' id='par_1_31' title="bbox 280 1768 1848 1853">
     <span class='ocr_line' id='line_1_31' title="bbox 280 1768 1848 1853; baseline 0.011 -36"><span class='ocrx_word' id='word_1_210' title='bbox 280 1768 553 1839; x_wconf 79' lang='grc' dir='ltr'>ἡμετέραν</span> <span class='ocrx_word' id='word_1_211' title='bbox 582 1771 848 1839; x_wconf 73' lang='grc' dir='ltr'>αἴσθησιν,</span> <span class='ocrx_word' id='word_1_212' title='bbox 871 1772 963 1823; x_wconf 80' lang='grc' dir='ltr'><strong>καὶ</strong></span> <span class='ocrx_word' id='word_1_213' title='bbox 983 1769 1102 1825; x_wconf 73' lang='grc' dir='ltr'>οὔτε</span> <span class='ocrx_word' id='word_1_214' title='bbox 1128 1774 1244 1827; x_wconf 80' lang='grc' dir='ltr'>ὅθεν</span> <span class='ocrx_word' id='word_1_215' title='bbox 1262 1777 1462 1845; x_wconf 70' lang='grc' dir='ltr'>ἤρξατο</span> <span class='ocrx_word' id='word_1_216' title='bbox 1476 1778 1714 1851; x_wconf 74' lang='grc' dir='ltr'>ἐξευρεῖν</span> <span class='ocrx_word' id='word_1_217' title='bbox 1738 1782 1848 1853; x_wconf 71' lang='grc'><strong>(25)</strong></span> 
     </span>
    </p>
   </div>
   <div class='ocr_carea' id='block_1_32' title="bbox 1957 1768 3517 1861">
    <p class='ocr_par' dir='ltr' id='par_1_32' title="bbox 1957 1788 3517 1861">
     <span class='ocr_line' id='line_1_32' title="bbox 1957 1788 3517 1861; baseline 0.001 -18"><span class='ocrx_word' id='word_1_218' title='bbox 1957 1805 2055 1843; x_wconf 90' lang='lat' dir='ltr'><strong>una</strong></span> <span class='ocrx_word' id='word_1_219' title='bbox 2113 1788 2247 1843; x_wconf 83' lang='lat' dir='ltr'><strong>linea</strong></span> <span class='ocrx_word' id='word_1_220' title='bbox 2285 1788 2804 1861; x_wconf 76' lang='lat' dir='ltr'><strong>circumscriptam),</strong></span> <span class='ocrx_word' id='word_1_221' title='bbox 2854 1791 3111 1861; x_wconf 87' lang='lat' dir='ltr'><strong>quoniam</strong></span> <span class='ocrx_word' id='word_1_222' title='bbox 3161 1804 3377 1845; x_wconf 86' lang='lat' dir='ltr'><strong>sensum</strong></span> <span class='ocrx_word' id='word_1_223' title='bbox 3421 1806 3517 1845; x_wconf 82' lang='lat' dir='ltr'><strong>no-</strong></span> 
     </span>
    </p>
   </div>
   <div class='ocr_carea' id='block_1_33' title="bbox 278 1852 1854 1951">
    <p class='ocr_par' dir='ltr' id='par_1_33' title="bbox 278 1857 1853 1940">
     <span class='ocr_line' id='line_1_33' title="bbox 278 1857 1853 1940; baseline 0.011 -33"><span class='ocrx_word' id='word_1_224' title='bbox 278 1857 572 1926; x_wconf 84' lang='grc' dir='ltr'>δυνάμεθα,</span> <span class='ocrx_word' id='word_1_225' title='bbox 599 1857 721 1910; x_wconf 72' lang='grc' dir='ltr'>οὔτε</span> <span class='ocrx_word' id='word_1_226' title='bbox 748 1860 827 1923; x_wconf 84' lang='grc' dir='ltr'><strong>είς</strong></span> <span class='ocrx_word' id='word_1_227' title='bbox 860 1860 888 1914; x_wconf 86' lang='grc' dir='ltr'>ὃ</span> <span class='ocrx_word' id='word_1_228' title='bbox 924 1864 1236 1933; x_wconf 79' lang='grc' dir='ltr'>κατέληξεν.</span> <span class='ocrx_word' id='word_1_229' title='bbox 1263 1867 1360 1935; x_wconf 74' lang='grc' dir='ltr'>ἤδη</span> <span class='ocrx_word' id='word_1_230' title='bbox 1394 1869 1484 1919; x_wconf 72' lang='grc' dir='ltr'><strong>καὶ</strong></span> <span class='ocrx_word' id='word_1_231' title='bbox 1513 1870 1745 1940; x_wconf 83' lang='grc' dir='ltr'>ἄναρχον</span> <span class='ocrx_word' id='word_1_232' title='bbox 1764 1875 1853 1925; x_wconf 69' lang='lat' dir='ltr'><strong>atii-</strong></span> 
     </span>
    </p>
   </div>
   <div class='ocr_carea' id='block_1_34' title="bbox 1957 1852 3509 1951">
    <p class='ocr_par' dir='ltr' id='par_1_34' title="bbox 1957 1879 3509 1951">
     <span class='ocr_line' id='line_1_34' title="bbox 1957 1879 3509 1951; baseline -0.001 -17"><span class='ocrx_word' id='word_1_233' title='bbox 1957 1890 2122 1934; x_wconf 87' lang='lat' dir='ltr'><strong>strum</strong></span> <span class='ocrx_word' id='word_1_234' title='bbox 2176 1879 2361 1949; x_wconf 80' lang='lat' dir='ltr'><strong>eﬂ‘ugit</strong></span> <span class='ocrx_word' id='word_1_235' title='bbox 2388 1920 2403 1945; x_wconf 94' lang='lat'><strong>,</strong></span> <span class='ocrx_word' id='word_1_236' title='bbox 2439 1889 2532 1933; x_wconf 89' lang='lat' dir='ltr'><strong>aut</strong></span> <span class='ocrx_word' id='word_1_237' title='bbox 2562 1880 2815 1948; x_wconf 87' lang='lat' dir='ltr'><strong>quoniam</strong></span> <span class='ocrx_word' id='word_1_238' title='bbox 2870 1897 3043 1951; x_wconf 87' lang='lat' dir='ltr'><strong>neque</strong></span> <span class='ocrx_word' id='word_1_239' title='bbox 3076 1884 3215 1935; x_wconf 85' lang='lat' dir='ltr'><strong>unde</strong></span> <span class='ocrx_word' id='word_1_240' title='bbox 3263 1882 3509 1949; x_wconf 82' lang='lat' dir='ltr'><strong>coeperit,</strong></span> 
     </span>
    </p>
   </div>
   <div class='ocr_carea' id='block_1_35' title="bbox 280 1946 1854 2039">
    <p class='ocr_par' dir='ltr' id='par_1_35' title="bbox 280 1946 1851 2031">
     <span class='ocr_line' id='line_1_35' title="bbox 280 1946 1851 2031; baseline 0.011 -33"><span class='ocrx_word' id='word_1_241' title='bbox 280 1948 375 1999; x_wconf 82' lang='grc' dir='ltr'><strong>τὸν</strong></span> <span class='ocrx_word' id='word_1_242' title='bbox 406 1946 686 2018; x_wconf 70' lang='grc' dir='ltr'>ὀφείλομεν</span> <span class='ocrx_word' id='word_1_243' title='bbox 717 1950 1079 2005; x_wconf 83' lang='grc' dir='ltr'>ὑποτίθεσθαι.</span> <span class='ocrx_word' id='word_1_244' title='bbox 1126 1954 1283 2007; x_wconf 85' lang='grc' dir='ltr'><strong>Ἀλλά</strong></span> <span class='ocrx_word' id='word_1_245' title='bbox 1331 1956 1432 2009; x_wconf 73' lang='grc' dir='ltr'>κᾶν</span> <span class='ocrx_word' id='word_1_246' title='bbox 1472 1957 1568 2029; x_wconf 77' lang='grc' dir='ltr'><strong>τὴν</strong></span> <span class='ocrx_word' id='word_1_247' title='bbox 1600 1960 1851 2031; x_wconf 79' lang='grc' dir='ltr'>αἴσθησιν</span> 
     </span>
    </p>
   </div>
   <div class='ocr_carea' id='block_1_36' title="bbox 1957 1946 3509 2039">
    <p class='ocr_par' dir='ltr' id='par_1_36' title="bbox 1957 1969 3509 2039">
     <span class='ocr_line' id='line_1_36' title="bbox 1957 1969 3509 2039; baseline 0.003 -18"><span class='ocrx_word' id='word_1_248' title='bbox 1957 1984 2125 2036; x_wconf 82' lang='lat' dir='ltr'><strong>neque</strong></span> <span class='ocrx_word' id='word_1_249' title='bbox 2157 1971 2206 2021; x_wconf 89' lang='lat' dir='ltr'><strong>in</strong></span> <span class='ocrx_word' id='word_1_250' title='bbox 2239 1971 2363 2038; x_wconf 87' lang='lat' dir='ltr'><strong>quid</strong></span> <span class='ocrx_word' id='word_1_251' title='bbox 2396 1969 2867 2023; x_wconf 81' lang='lat' dir='ltr'><strong>desinatinvettire</strong></span> <span class='ocrx_word' id='word_1_252' title='bbox 2906 1986 3207 2039; x_wconf 84' lang='lat' dir='ltr'><strong>possumus,</strong></span> <span class='ocrx_word' id='word_1_253' title='bbox 3249 1971 3509 2026; x_wconf 76' lang='lat' dir='ltr'><strong>cuntittuo</strong></span> 
     </span>
    </p>
   </div>
   <div class='ocr_carea' id='block_1_37' title="bbox 279 2037 1850 2124">
    <p class='ocr_par' dir='ltr' id='par_1_37' title="bbox 279 2037 1850 2124">
     <span class='ocr_line' id='line_1_37' title="bbox 279 2037 1850 2124; baseline 0.011 -35"><span class='ocrx_word' id='word_1_254' title='bbox 279 2037 569 2109; x_wconf 75' lang='grc' dir='ltr'>διαφεύγῃ,</span> <span class='ocrx_word' id='word_1_255' title='bbox 616 2042 681 2109; x_wconf 76' lang='grc' dir='ltr'>τῇ</span> <span class='ocrx_word' id='word_1_256' title='bbox 720 2056 782 2107; x_wconf 91' lang='grc' dir='ltr'><strong>γε</strong></span> <span class='ocrx_word' id='word_1_257' title='bbox 829 2040 1052 2113; x_wconf 79' lang='grc' dir='ltr'>ἀληθείᾳ</span> <span class='ocrx_word' id='word_1_258' title='bbox 1082 2044 1297 2108; x_wconf 77' lang='grc' dir='ltr'>πάντως</span> <span class='ocrx_word' id='word_1_259' title='bbox 1338 2047 1445 2100; x_wconf 86' lang='grc' dir='ltr'><strong>ἀπό</strong></span> <span class='ocrx_word' id='word_1_260' title='bbox 1475 2066 1616 2113; x_wconf 88' lang='grc' dir='ltr'>τινος</span> <span class='ocrx_word' id='word_1_261' title='bbox 1647 2053 1850 2124; x_wconf 72' lang='grc' dir='ltr'>ἤρξατο</span> 
     </span>
    </p>
   </div>
   <div class='ocr_carea' id='block_1_38' title="bbox 277 2129 1853 2211">
    <p class='ocr_par' dir='ltr' id='par_1_38' title="bbox 277 2129 1853 2211">
     <span class='ocr_line' id='line_1_38' title="bbox 277 2129 1853 2211; baseline 0.01 -29"><span class='ocrx_word' id='word_1_262' title='bbox 277 2129 534 2201; x_wconf 79' lang='grc' dir='ltr'>ὀκέντρῳ</span> <span class='ocrx_word' id='word_1_263' title='bbox 566 2133 659 2186; x_wconf 77' lang='grc' dir='ltr'><strong>καὶ</strong></span> <span class='ocrx_word' id='word_1_264' title='bbox 681 2133 1005 2205; x_wconf 83' lang='grc' dir='ltr'>διαστήματί</span> <span class='ocrx_word' id='word_1_265' title='bbox 1035 2154 1137 2190; x_wconf 90' lang='grc' dir='ltr'>τινι</span> <span class='ocrx_word' id='word_1_266' title='bbox 1162 2141 1507 2211; x_wconf 70' lang='grc' dir='ltr'>περιγράψας</span> <span class='ocrx_word' id='word_1_267' title='bbox 1539 2143 1716 2199; x_wconf 72' lang='grc' dir='ltr'>αὐτόν.</span> <span class='ocrx_word' id='word_1_268' title='bbox 1750 2145 1853 2198; x_wconf 71' lang='lat'><strong>0’3-</strong></span> 
     </span>
    </p>
   </div>
   <div class='ocr_carea' id='block_1_39' title="bbox 282 2222 1851 2308">
    <p class='ocr_par' dir='ltr' id='par_1_39' title="bbox 282 2222 1851 2308">
     <span class='ocr_line' id='line_1_39' title="bbox 282 2222 1851 2308; baseline 0.011 -35"><span class='ocrx_word' id='word_1_269' title='bbox 282 2237 361 2274; x_wconf 80' lang='grc' dir='ltr'>τω</span> <span class='ocrx_word' id='word_1_270' title='bbox 393 2222 485 2275; x_wconf 76' lang='grc' dir='ltr'>καὶ</span> <span class='ocrx_word' id='word_1_271' title='bbox 519 2225 581 2277; x_wconf 86' lang='grc' dir='ltr'><strong>σὺ</strong></span> <span class='ocrx_word' id='word_1_272' title='bbox 622 2223 714 2294; x_wconf 81' lang='grc' dir='ltr'><strong>μὴ,</strong></span> <span class='ocrx_word' id='word_1_273' title='bbox 741 2226 925 2298; x_wconf 77' lang='grc' dir='ltr'>ἐπειδὴ</span> <span class='ocrx_word' id='word_1_274' title='bbox 979 2230 1059 2291; x_wconf 83' lang='grc' dir='ltr'><strong>είς</strong></span> <span class='ocrx_word' id='word_1_275' title='bbox 1097 2230 1264 2283; x_wconf 82' lang='grc' dir='ltr'>ἑαυτά</span> <span class='ocrx_word' id='word_1_276' title='bbox 1307 2232 1641 2288; x_wconf 88' lang='grc' dir='ltr'>συννεύειτά</span> <span class='ocrx_word' id='word_1_277' title='bbox 1670 2236 1851 2308; x_wconf 80' lang='grc' dir='ltr'>κύκλῳ</span> 
     </span>
    </p>
   </div>
   <div class='ocr_carea' id='block_1_40' title="bbox 281 2316 1851 2398">
    <p class='ocr_par' dir='ltr' id='par_1_40' title="bbox 281 2316 1851 2398">
     <span class='ocr_line' id='line_1_40' title="bbox 281 2316 1851 2398; baseline 0.009 -30"><span class='ocrx_word' id='word_1_278' title='bbox 281 2316 598 2387; x_wconf 84' lang='grc' dir='ltr'>κινούμενα,</span> <span class='ocrx_word' id='word_1_279' title='bbox 625 2318 684 2369; x_wconf 78' lang='grc' dir='ltr'><strong>τὸ</strong></span> <span class='ocrx_word' id='word_1_280' title='bbox 708 2318 805 2384; x_wconf 80' lang='grc' dir='ltr'>τῆς</span> <span class='ocrx_word' id='word_1_281' title='bbox 845 2321 1106 2388; x_wconf 78' lang='grc' dir='ltr'>κινήσεως</span> <span class='ocrx_word' id='word_1_282' title='bbox 1154 2322 1331 2375; x_wconf 77' lang='grc' dir='ltr'>αὐτῶν</span> <span class='ocrx_word' id='word_1_283' title='bbox 1358 2325 1576 2394; x_wconf 78' lang='grc' dir='ltr'>ὁμαλὸν,</span> <span class='ocrx_word' id='word_1_284' title='bbox 1629 2329 1719 2380; x_wconf 70' lang='grc' dir='ltr'><strong>καὶ</strong></span> <span class='ocrx_word' id='word_1_285' title='bbox 1751 2347 1851 2398; x_wconf 87' lang='grc' dir='ltr'>μη-</span> 
     </span>
    </p>
   </div>
   <div class='ocr_carea' id='block_1_41' title="bbox 278 2406 1853 2487">
    <p class='ocr_par' dir='ltr' id='par_1_41' title="bbox 278 2406 1853 2487">
     <span class='ocr_line' id='line_1_41' title="bbox 278 2406 1853 2487; baseline 0.01 -31"><span class='ocrx_word' id='word_1_286' title='bbox 278 2406 394 2457; x_wconf 72' lang='grc' dir='ltr'>δενὶ</span> <span class='ocrx_word' id='word_1_287' title='bbox 432 2408 577 2475; x_wconf 83' lang='grc' dir='ltr'>μέσῳ</span> <span class='ocrx_word' id='word_1_288' title='bbox 606 2407 714 2474; x_wconf 71' lang='grc' dir='ltr'>(Ξϐ)</span> <span class='ocrx_word' id='word_1_289' title='bbox 756 2408 1194 2478; x_wconf 87' lang='grc' dir='ltr'>διακοπτόμενον,</span> <span class='ocrx_word' id='word_1_290' title='bbox 1232 2414 1327 2482; x_wconf 82' lang='grc' dir='ltr'>τὴν</span> <span class='ocrx_word' id='word_1_291' title='bbox 1358 2414 1452 2466; x_wconf 76' lang='grc' dir='ltr'>τοῦ</span> <span class='ocrx_word' id='word_1_292' title='bbox 1488 2416 1719 2487; x_wconf 81' lang='grc' dir='ltr'>ἄναρχον</span> <span class='ocrx_word' id='word_1_293' title='bbox 1761 2421 1853 2472; x_wconf 80' lang='grc' dir='ltr'><strong>τὸν</strong></span> 
     </span>
    </p>
   </div>
   <div class='ocr_carea' id='block_1_42' title="bbox 285 2497 1853 2577">
    <p class='ocr_par' dir='ltr' id='par_1_42' title="bbox 285 2497 1853 2577">
     <span class='ocr_line' id='line_1_42' title="bbox 285 2497 1853 2577; baseline 0.01 -28"><span class='ocrx_word' id='word_1_294' title='bbox 285 2497 489 2566; x_wconf 84' lang='grc' dir='ltr'>κόσμον</span> <span class='ocrx_word' id='word_1_295' title='bbox 536 2500 630 2550; x_wconf 71' lang='grc' dir='ltr'><strong>καὶ</strong></span> <span class='ocrx_word' id='word_1_296' title='bbox 664 2498 1014 2569; x_wconf 80' lang='grc' dir='ltr'>ἀτελεύτητον</span> <span class='ocrx_word' id='word_1_297' title='bbox 1043 2497 1177 2554; x_wconf 74' lang='grc' dir='ltr'>εἷναί</span> <span class='ocrx_word' id='word_1_298' title='bbox 1214 2521 1295 2556; x_wconf 88' lang='grc' dir='ltr'><strong>σοι</strong></span> <span class='ocrx_word' id='word_1_299' title='bbox 1329 2504 1532 2576; x_wconf 85' lang='grc' dir='ltr'>πλάνην</span> <span class='ocrx_word' id='word_1_300' title='bbox 1563 2511 1853 2577; x_wconf 75' lang='grc' dir='ltr'>ἐγκαταλίο</span> 
     </span>
    </p>
   </div>
   <div class='ocr_carea' id='block_1_43' title="bbox 286 2588 1849 2667">
    <p class='ocr_par' dir='ltr' id='par_1_43' title="bbox 286 2588 1849 2667">
     <span class='ocr_line' id='line_1_43' title="bbox 286 2588 1849 2667; baseline 0.009 -25"><span class='ocrx_word' id='word_1_301' title='bbox 286 2605 385 2662; x_wconf 76' lang='grc' dir='ltr'>πῃ.</span> <span class='ocrx_word' id='word_1_302' title='bbox 413 2588 664 2657; x_wconf 78' lang='grc' dir='ltr'>Παράγει</span> <span class='ocrx_word' id='word_1_303' title='bbox 695 2591 803 2659; x_wconf 65' lang='grc' dir='ltr'>γὰρ</span> <span class='ocrx_word' id='word_1_304' title='bbox 840 2591 906 2644; x_wconf 81' lang='grc' dir='ltr'>τὸ</span> <span class='ocrx_word' id='word_1_305' title='bbox 956 2592 1165 2661; x_wconf 75' lang='grc' dir='ltr'>σχῆμα</span> <span class='ocrx_word' id='word_1_306' title='bbox 1216 2596 1320 2650; x_wconf 86' lang='grc' dir='ltr'>τοῦ</span> <span class='ocrx_word' id='word_1_307' title='bbox 1353 2600 1849 2667; x_wconf 82' lang='grc' dir='ltr'>κόσμου.τούτου·</span> 
     </span>
    </p>
   </div>
   <div class='ocr_carea' id='block_1_44' title="bbox 286 2681 1847 2765">
    <p class='ocr_par' dir='ltr' id='par_1_44' title="bbox 286 2681 1847 2765">
     <span class='ocr_line' id='line_1_44' title="bbox 286 2681 1847 2765; baseline 0.009 -32"><span class='ocrx_word' id='word_1_308' title='bbox 286 2682 400 2742; x_wconf 74' lang='grc' dir='ltr'>καὶ,</span> <span class='ocrx_word' id='word_1_309' title='bbox 460 2681 520 2734; x_wconf 87' lang='lat'><strong>&#39;0</strong></span> <span class='ocrx_word' id='word_1_310' title='bbox 566 2684 819 2749; x_wconf 72' lang='grc' dir='ltr'>οὐρανὸς</span> <span class='ocrx_word' id='word_1_311' title='bbox 870 2683 968 2736; x_wconf 79' lang='grc' dir='ltr'>καὶ</span> <span class='ocrx_word' id='word_1_312' title='bbox 1022 2687 1056 2752; x_wconf 76' lang='grc' dir='ltr'><em>ἠ</em></span> <span class='ocrx_word' id='word_1_313' title='bbox 1103 2684 1175 2752; x_wconf 75' lang='grc' dir='ltr'>γῆ</span> <span class='ocrx_word' id='word_1_314' title='bbox 1210 2690 1680 2754; x_wconf 78' lang='grc' dir='ltr'>παρελεύσονται</span> <span class='ocrx_word' id='word_1_315' title='bbox 1714 2694 1847 2765; x_wconf 69' lang='lat'><strong>(27).</strong></span> 
     </span>
    </p>
   </div>
   <div class='ocr_carea' id='block_1_45' title="bbox 286 2772 1853 2851">
    <p class='ocr_par' dir='ltr' id='par_1_45' title="bbox 286 2772 1853 2851">
     <span class='ocr_line' id='line_1_45' title="bbox 286 2772 1853 2851; baseline 0.006 -24"><span class='ocrx_word' id='word_1_316' title='bbox 286 2772 747 2843; x_wconf 72' lang='grc' dir='ltr'>Προανανρώνησις</span> <span class='ocrx_word' id='word_1_317' title='bbox 766 2775 873 2826; x_wconf 81' lang='grc' dir='ltr'><strong>τῶν</strong></span> <span class='ocrx_word' id='word_1_318' title='bbox 911 2777 1039 2846; x_wconf 71' lang='grc' dir='ltr'>περὶ</span> <span class='ocrx_word' id='word_1_319' title='bbox 1074 2778 1379 2840; x_wconf 81' lang='grc' dir='ltr'>συντελείας</span> <span class='ocrx_word' id='word_1_320' title='bbox 1426 2781 1708 2851; x_wconf 82' lang='grc' dir='ltr'>δογμάτων</span> <span class='ocrx_word' id='word_1_321' title='bbox 1758 2785 1853 2838; x_wconf 74' lang='grc' dir='ltr'>καὶ</span> 
     </span>
    </p>
   </div>
   <div class='ocr_carea' id='block_1_46' title="bbox 289 2864 1853 2945">
    <p class='ocr_par' dir='ltr' id='par_1_46' title="bbox 289 2864 1853 2945">
     <span class='ocr_line' id='line_1_46' title="bbox 289 2864 1853 2945; baseline 0.008 -30"><span class='ocrx_word' id='word_1_322' title='bbox 289 2864 418 2934; x_wconf 74' lang='grc' dir='ltr'>περὶ</span> <span class='ocrx_word' id='word_1_323' title='bbox 456 2864 556 2933; x_wconf 79' lang='grc' dir='ltr'>τῆς</span> <span class='ocrx_word' id='word_1_324' title='bbox 588 2865 680 2917; x_wconf 72' lang='grc' dir='ltr'>τοῦ</span> <span class='ocrx_word' id='word_1_325' title='bbox 716 2867 919 2935; x_wconf 73' lang='grc' dir='ltr'>κόσμου</span> <span class='ocrx_word' id='word_1_326' title='bbox 964 2870 1390 2938; x_wconf 73' lang='grc' dir='ltr'>μεταποιήσεως,</span> <span class='ocrx_word' id='word_1_327' title='bbox 1418 2872 1484 2923; x_wconf 79' lang='grc' dir='ltr'>τὰ</span> <span class='ocrx_word' id='word_1_328' title='bbox 1511 2872 1603 2924; x_wconf 79' lang='grc' dir='ltr'>νῦν</span> <span class='ocrx_word' id='word_1_329' title='bbox 1636 2875 1691 2926; x_wconf 84' lang='grc' dir='ltr'>ὲν</span> <span class='ocrx_word' id='word_1_330' title='bbox 1725 2876 1853 2945; x_wconf 85' lang='grc' dir='ltr'>βρα-</span> 
     </span>
    </p>
   </div>
   <div class='ocr_carea' id='block_1_47' title="bbox 288 2954 1853 3029">
    <p class='ocr_par' dir='ltr' id='par_1_47' title="bbox 288 2954 1853 3029">
     <span class='ocr_line' id='line_1_47' title="bbox 288 2954 1853 3029; baseline 0.009 -23"><span class='ocrx_word' id='word_1_331' title='bbox 288 2954 407 3025; x_wconf 86' lang='grc' dir='ltr'>χέσι</span> <span class='ocrx_word' id='word_1_332' title='bbox 448 2958 584 3009; x_wconf 74' lang='grc' dir='ltr'>κειτά</span> <span class='ocrx_word' id='word_1_333' title='bbox 634 2958 731 3026; x_wconf 79' lang='grc' dir='ltr'><strong>τὴν</strong></span> <span class='ocrx_word' id='word_1_334' title='bbox 778 2958 1113 3027; x_wconf 82' lang='grc' dir='ltr'>στοιχείωσιν</span> <span class='ocrx_word' id='word_1_335' title='bbox 1167 2961 1264 3029; x_wconf 76' lang='grc' dir='ltr'>τῆς</span> <span class='ocrx_word' id='word_1_336' title='bbox 1314 2960 1666 3018; x_wconf 84' lang='grc' dir='ltr'>θεοπνεύστου</span> <span class='ocrx_word' id='word_1_337' title='bbox 1712 2967 1853 3019; x_wconf 86' lang='grc' dir='ltr'>διδα-</span> 
     </span>
    </p>
   </div>
   <div class='ocr_carea' id='block_1_48' title="bbox 290 3048 1850 3125">
    <p class='ocr_par' dir='ltr' id='par_1_48' title="bbox 290 3048 1850 3125">
     <span class='ocr_line' id='line_1_48' title="bbox 290 3048 1850 3125; baseline 0.008 -25"><span class='ocrx_word' id='word_1_338' title='bbox 290 3048 516 3113; x_wconf 78' lang='grc' dir='ltr'>σκαλίας</span> <span class='ocrx_word' id='word_1_339' title='bbox 553 3050 967 3120; x_wconf 80' lang='grc' dir='ltr'>παραδιδόμενα.</span> <span class='ocrx_word' id='word_1_340' title='bbox 998 3051 1099 3104; x_wconf 82' lang='grc' dir='ltr'><em>Ἐν</em></span> <span class='ocrx_word' id='word_1_341' title='bbox 1127 3052 1283 3120; x_wconf 78' lang='grc' dir='ltr'>ἀρχῇ</span> <span class='ocrx_word' id='word_1_342' title='bbox 1317 3054 1600 3122; x_wconf 66' lang='grc' dir='ltr'>ἐποίησεν</span> <span class='ocrx_word' id='word_1_343' title='bbox 1626 3061 1659 3111; x_wconf 81' lang='grc' dir='ltr'><strong>ό</strong></span> <span class='ocrx_word' id='word_1_344' title='bbox 1690 3060 1850 3125; x_wconf 83' lang='grc' dir='ltr'>Θεός.</span> 
     </span>
    </p>
   </div>
   <div class='ocr_carea' id='block_1_49' title="bbox 1952 2060 3514 2129">
    <p class='ocr_par' dir='ltr' id='par_1_49' title="bbox 1952 2060 3514 2129">
     <span class='ocr_line' id='line_1_49' title="bbox 1952 2060 3514 2129; baseline 0.001 -15"><span class='ocrx_word' id='word_1_345' title='bbox 1952 2070 2006 2114; x_wconf 85' lang='lat' dir='ltr'><strong>et</strong></span> <span class='ocrx_word' id='word_1_346' title='bbox 2031 2060 2276 2129; x_wconf 78' lang='lat' dir='ltr'><strong>principii</strong></span> <span class='ocrx_word' id='word_1_347' title='bbox 2305 2073 2571 2114; x_wconf 77' lang='lat' dir='ltr'><strong>exsortem</strong></span> <span class='ocrx_word' id='word_1_348' title='bbox 2597 2076 2715 2115; x_wconf 90' lang='lat' dir='ltr'><strong>esse</strong></span> <span class='ocrx_word' id='word_1_349' title='bbox 2738 2070 2971 2115; x_wconf 85' lang='lat' dir='ltr'><strong>statuere</strong></span> <span class='ocrx_word' id='word_1_350' title='bbox 2988 2062 3261 2116; x_wconf 88' lang='lat' dir='ltr'><strong>debemus.</strong></span> <span class='ocrx_word' id='word_1_351' title='bbox 3290 2062 3514 2128; x_wconf 78' lang='lat' dir='ltr'><strong>Verum,</strong></span> 
     </span>
    </p>
   </div>
   <div class='ocr_carea' id='block_1_50' title="bbox 1954 2153 3513 2224">
    <p class='ocr_par' dir='ltr' id='par_1_50' title="bbox 1954 2153 3513 2224">
     <span class='ocr_line' id='line_1_50' title="bbox 1954 2153 3513 2224; baseline 0.003 -19"><span class='ocrx_word' id='word_1_352' title='bbox 1954 2153 2166 2207; x_wconf 85' lang='lat' dir='ltr'><strong>tametsi</strong></span> <span class='ocrx_word' id='word_1_353' title='bbox 2198 2168 2411 2207; x_wconf 85' lang='lat' dir='ltr'><strong>sensum</strong></span> <span class='ocrx_word' id='word_1_354' title='bbox 2454 2153 2621 2224; x_wconf 75' lang='lat' dir='ltr'><strong>fugit,</strong></span> <span class='ocrx_word' id='word_1_355' title='bbox 2657 2169 2840 2210; x_wconf 87' lang='lat' dir='ltr'><strong>revera</strong></span> <span class='ocrx_word' id='word_1_356' title='bbox 2873 2164 3049 2209; x_wconf 88' lang='lat' dir='ltr'><strong>tamen</strong></span> <span class='ocrx_word' id='word_1_357' title='bbox 3086 2156 3305 2210; x_wconf 88' lang='lat' dir='ltr'><strong>omnino</strong></span> <span class='ocrx_word' id='word_1_358' title='bbox 3343 2158 3513 2222; x_wconf 71' lang='lat' dir='ltr'><strong>cmpit</strong></span> 
     </span>
    </p>
   </div>
   <div class='ocr_carea' id='block_1_51' title="bbox 1953 2246 3515 2315">
    <p class='ocr_par' dir='ltr' id='par_1_51' title="bbox 1953 2246 3515 2315">
     <span class='ocr_line' id='line_1_51' title="bbox 1953 2246 3515 2315; baseline 0.002 -18"><span class='ocrx_word' id='word_1_359' title='bbox 1953 2259 1980 2297; x_wconf 90' lang='lat' dir='ltr'><strong>a</strong></span> <span class='ocrx_word' id='word_1_360' title='bbox 2013 2246 2263 2314; x_wconf 85' lang='lat' dir='ltr'><strong>quopiam</strong></span> <span class='ocrx_word' id='word_1_361' title='bbox 2291 2286 2306 2309; x_wconf 90' lang='lat'><strong>,</strong></span> <span class='ocrx_word' id='word_1_362' title='bbox 2338 2246 2428 2312; x_wconf 91' lang='lat' dir='ltr'><strong>qui</strong></span> <span class='ocrx_word' id='word_1_363' title='bbox 2475 2260 2596 2298; x_wconf 90' lang='lat' dir='ltr'><strong>eum</strong></span> <span class='ocrx_word' id='word_1_364' title='bbox 2652 2256 2839 2299; x_wconf 90' lang='lat' dir='ltr'><strong>centro</strong></span> <span class='ocrx_word' id='word_1_365' title='bbox 2874 2258 2927 2301; x_wconf 90' lang='lat' dir='ltr'><strong>et</strong></span> <span class='ocrx_word' id='word_1_366' title='bbox 2974 2249 3200 2315; x_wconf 87' lang='lat' dir='ltr'><strong>quodam</strong></span> <span class='ocrx_word' id='word_1_367' title='bbox 3232 2247 3515 2302; x_wconf 78' lang='lat' dir='ltr'><strong>intervallo</strong></span> 
     </span>
    </p>
   </div>
   <div class='ocr_carea' id='block_1_52' title="bbox 1953 2336 3512 2405">
    <p class='ocr_par' dir='ltr' id='par_1_52' title="bbox 1953 2336 3512 2405">
     <span class='ocr_line' id='line_1_52' title="bbox 1953 2336 3512 2405; baseline 0.001 -16"><span class='ocrx_word' id='word_1_368' title='bbox 1953 2336 2457 2403; x_wconf 80' lang='lat' dir='ltr'><strong>circumscripserit.</strong></span> <span class='ocrx_word' id='word_1_369' title='bbox 2489 2336 2578 2392; x_wconf 89' lang='lat' dir='ltr'><strong>Sic</strong></span> <span class='ocrx_word' id='word_1_370' title='bbox 2609 2350 2663 2392; x_wconf 90' lang='lat' dir='ltr'><strong>et</strong></span> <span class='ocrx_word' id='word_1_371' title='bbox 2699 2350 2775 2400; x_wconf 89' lang='lat' dir='ltr'><strong>tu,</strong></span> <span class='ocrx_word' id='word_1_372' title='bbox 2804 2340 3058 2405; x_wconf 88' lang='lat' dir='ltr'><strong>quoniam</strong></span> <span class='ocrx_word' id='word_1_373' title='bbox 3094 2354 3213 2405; x_wconf 71' lang='lat' dir='ltr'><strong>qua:</strong></span> <span class='ocrx_word' id='word_1_374' title='bbox 3250 2341 3299 2391; x_wconf 87' lang='lat' dir='ltr'><strong>in</strong></span> <span class='ocrx_word' id='word_1_375' title='bbox 3328 2340 3512 2392; x_wconf 89' lang='lat' dir='ltr'><strong>orbem</strong></span> 
     </span>
    </p>
   </div>
   <div class='ocr_carea' id='block_1_53' title="bbox 1954 2427 3513 2497">
    <p class='ocr_par' dir='ltr' id='par_1_53' title="bbox 1954 2427 3513 2497">
     <span class='ocr_line' id='line_1_53' title="bbox 1954 2427 3513 2497; baseline 0.003 -21"><span class='ocrx_word' id='word_1_376' title='bbox 1954 2436 2256 2488; x_wconf 82' lang='lat' dir='ltr'><strong>versantur,</strong></span> <span class='ocrx_word' id='word_1_377' title='bbox 2285 2428 2470 2480; x_wconf 88' lang='lat' dir='ltr'><strong>eodem</strong></span> <span class='ocrx_word' id='word_1_378' title='bbox 2506 2428 2757 2493; x_wconf 87' lang='lat' dir='ltr'><strong>redeunt,</strong></span> <span class='ocrx_word' id='word_1_379' title='bbox 2792 2442 2859 2481; x_wconf 89' lang='lat' dir='ltr'><strong>ne</strong></span> <span class='ocrx_word' id='word_1_380' title='bbox 2889 2427 2957 2480; x_wconf 93' lang='lat' dir='ltr'><strong>ob</strong></span> <span class='ocrx_word' id='word_1_381' title='bbox 2989 2429 3125 2481; x_wconf 86' lang='lat' dir='ltr'><strong>hanc</strong></span> <span class='ocrx_word' id='word_1_382' title='bbox 3160 2438 3336 2482; x_wconf 91' lang='lat' dir='ltr'><strong>motus</strong></span> <span class='ocrx_word' id='word_1_383' title='bbox 3366 2428 3513 2497; x_wconf 84' lang='lat' dir='ltr'><strong>ipso-</strong></span> 
     </span>
    </p>
   </div>
   <div class='ocr_carea' id='block_1_54' title="bbox 1956 2517 3509 2588">
    <p class='ocr_par' dir='ltr' id='par_1_54' title="bbox 1956 2517 3509 2588">
     <span class='ocr_line' id='line_1_54' title="bbox 1956 2517 3509 2588; baseline 0.003 -22"><span class='ocrx_word' id='word_1_384' title='bbox 1956 2529 2075 2567; x_wconf 87' lang='lat' dir='ltr'><strong>rum</strong></span> <span class='ocrx_word' id='word_1_385' title='bbox 2132 2517 2554 2583; x_wconf 70' lang='lat' dir='ltr'><strong>aequabilitatcm</strong></span> <span class='ocrx_word' id='word_1_386' title='bbox 2606 2519 2752 2573; x_wconf 90' lang='lat' dir='ltr'><strong>nullo</strong></span> <span class='ocrx_word' id='word_1_387' title='bbox 2806 2520 3093 2573; x_wconf 87' lang='lat' dir='ltr'><strong>interstitio</strong></span> <span class='ocrx_word' id='word_1_388' title='bbox 3132 2520 3509 2588; x_wconf 81' lang='lat' dir='ltr'><strong>interruptam,</strong></span> 
     </span>
    </p>
   </div>
   <div class='ocr_carea' id='block_1_55' title="bbox 1954 2603 3503 2674">
    <p class='ocr_par' dir='ltr' id='par_1_55' title="bbox 1954 2603 3503 2674">
     <span class='ocr_line' id='line_1_55' title="bbox 1954 2603 3503 2674; baseline 0.001 -18"><span class='ocrx_word' id='word_1_389' title='bbox 1954 2603 2087 2658; x_wconf 71' lang='lat' dir='ltr'><strong>falso</strong></span> <span class='ocrx_word' id='word_1_390' title='bbox 2116 2603 2421 2668; x_wconf 81' lang='lat' dir='ltr'><strong>arbitreris,</strong></span> <span class='ocrx_word' id='word_1_391' title='bbox 2461 2606 2714 2658; x_wconf 89' lang='lat' dir='ltr'><strong>mundmn</strong></span> <span class='ocrx_word' id='word_1_392' title='bbox 2742 2607 3001 2674; x_wconf 88' lang='lat' dir='ltr'><strong>principio</strong></span> <span class='ocrx_word' id='word_1_393' title='bbox 3031 2621 3096 2659; x_wconf 88' lang='lat' dir='ltr'><strong>ac</strong></span> <span class='ocrx_word' id='word_1_394' title='bbox 3130 2607 3233 2659; x_wconf 78' lang='lat' dir='ltr'><strong>[ine</strong></span> <span class='ocrx_word' id='word_1_395' title='bbox 3263 2606 3503 2659; x_wconf 86' lang='lat' dir='ltr'><strong>destitui.</strong></span> 
     </span>
    </p>
   </div>
   <div class='ocr_carea' id='block_1_56' title="bbox 1955 2694 3511 2767">
    <p class='ocr_par' dir='ltr' id='par_1_56' title="bbox 1955 2694 3511 2767">
     <span class='ocr_line' id='line_1_56' title="bbox 1955 2694 3511 2767; baseline -0.001 -18"><span class='ocrx_word' id='word_1_396' title='bbox 1955 2694 2162 2750; x_wconf 78' lang='lat' dir='ltr'><strong>Transit</strong></span> <span class='ocrx_word' id='word_1_397' title='bbox 2189 2698 2323 2751; x_wconf 78' lang='lat' dir='ltr'><strong>enim</strong></span> <span class='ocrx_word' id='word_1_398' title='bbox 2349 2698 2519 2765; x_wconf 83' lang='lat' dir='ltr'><strong>ﬁgura</strong></span> <span class='ocrx_word' id='word_1_399' title='bbox 2542 2697 2697 2767; x_wconf 82' lang='lat' dir='ltr'><strong>hujus</strong></span> <span class='ocrx_word' id='word_1_400' title='bbox 2717 2698 2896 2749; x_wconf 87' lang='lat' dir='ltr'><strong>mundi</strong></span> <span class='ocrx_word' id='word_1_401' title='bbox 2913 2698 2955 2751; x_wconf 86' lang='grc'>⁸.</span> <span class='ocrx_word' id='word_1_402' title='bbox 2978 2696 3061 2763; x_wconf 86' lang='grc' dir='ltr'>Ει,</span> <span class='ocrx_word' id='word_1_403' title='bbox 3086 2696 3284 2751; x_wconf 77' lang='lat' dir='ltr'><strong>Caelum</strong></span> <span class='ocrx_word' id='word_1_404' title='bbox 3302 2706 3347 2749; x_wconf 85' lang='lat' dir='ltr'><strong>et</strong></span> <span class='ocrx_word' id='word_1_405' title='bbox 3367 2706 3511 2749; x_wconf 80' lang='lat' dir='ltr'><strong>terra</strong></span> 
     </span>
    </p>
   </div>
   <div class='ocr_carea' id='block_1_57' title="bbox 1953 2786 3510 2853">
    <p class='ocr_par' dir='ltr' id='par_1_57' title="bbox 1953 2786 3510 2853">
     <span class='ocr_line' id='line_1_57' title="bbox 1953 2786 3510 2853; baseline 0.002 -17"><span class='ocrx_word' id='word_1_406' title='bbox 1953 2788 2244 2839; x_wconf 81' lang='lat' dir='ltr'><strong>transibunt</strong></span> <span class='ocrx_word' id='word_1_407' title='bbox 2264 2787 2304 2839; x_wconf 80' lang='grc'><strong>⁸.</strong></span> <span class='ocrx_word' id='word_1_408' title='bbox 2347 2788 2475 2853; x_wconf 77' lang='lat' dir='ltr'><strong>Qtue</strong></span> <span class='ocrx_word' id='word_1_409' title='bbox 2514 2802 2653 2839; x_wconf 90' lang='lat' dir='ltr'><strong>nunc</strong></span> <span class='ocrx_word' id='word_1_410' title='bbox 2682 2786 2915 2840; x_wconf 85' lang='lat' dir='ltr'><strong>breviter</strong></span> <span class='ocrx_word' id='word_1_411' title='bbox 2942 2787 3093 2841; x_wconf 90' lang='lat' dir='ltr'><strong>initio</strong></span> <span class='ocrx_word' id='word_1_412' title='bbox 3135 2787 3393 2841; x_wconf 67' lang='lat' dir='ltr'><strong>doctrinas</strong></span> <span class='ocrx_word' id='word_1_413' title='bbox 3427 2788 3510 2839; x_wconf 82' lang='lat' dir='ltr'><strong>di-</strong></span> 
     </span>
    </p>
   </div>
   <div class='ocr_carea' id='block_1_58' title="bbox 1955 2878 3512 2947">
    <p class='ocr_par' dir='ltr' id='par_1_58' title="bbox 1955 2878 3512 2947">
     <span class='ocr_line' id='line_1_58' title="bbox 1955 2878 3512 2947; baseline 0 -19"><span class='ocrx_word' id='word_1_414' title='bbox 1955 2878 2149 2931; x_wconf 87' lang='lat' dir='ltr'><strong>vinitus</strong></span> <span class='ocrx_word' id='word_1_415' title='bbox 2195 2878 2463 2945; x_wconf 70' lang='lat' dir='ltr'><strong>inspirata:</strong></span> <span class='ocrx_word' id='word_1_416' title='bbox 2501 2879 2802 2943; x_wconf 86' lang='lat' dir='ltr'><strong>traduntur,</strong></span> <span class='ocrx_word' id='word_1_417' title='bbox 2855 2878 3104 2947; x_wconf 81' lang='lat' dir='ltr'><strong>dogmata</strong></span> <span class='ocrx_word' id='word_1_418' title='bbox 3145 2878 3211 2931; x_wconf 86' lang='lat' dir='ltr'><strong>de</strong></span> <span class='ocrx_word' id='word_1_419' title='bbox 3258 2890 3512 2930; x_wconf 81' lang='lat' dir='ltr'><strong>consum—</strong></span> 
     </span>
    </p>
   </div>
   <div class='ocr_carea' id='block_1_59' title="bbox 1956 2962 3501 3034">
    <p class='ocr_par' dir='ltr' id='par_1_59' title="bbox 1956 2962 3501 3034">
     <span class='ocr_line' id='line_1_59' title="bbox 1956 2962 3501 3034; baseline 0 -15"><span class='ocrx_word' id='word_1_420' title='bbox 1956 2968 2210 3029; x_wconf 84' lang='lat' dir='ltr'><strong>matione,</strong></span> <span class='ocrx_word' id='word_1_421' title='bbox 2239 2968 2410 3034; x_wconf 82' lang='lat' dir='ltr'><strong>deque</strong></span> <span class='ocrx_word' id='word_1_422' title='bbox 2446 2967 2624 3019; x_wconf 90' lang='lat' dir='ltr'><strong>mundi</strong></span> <span class='ocrx_word' id='word_1_423' title='bbox 2651 2968 3026 3019; x_wconf 84' lang='lat' dir='ltr'><strong>immutatione</strong></span> <span class='ocrx_word' id='word_1_424' title='bbox 3059 2965 3397 3034; x_wconf 72' lang='lat' dir='ltr'><strong>prteciouut:</strong></span> <span class='ocrx_word' id='word_1_425' title='bbox 3434 2962 3501 3019; x_wconf 81' lang='lat' dir='ltr'><strong>In</strong></span> 
     </span>
    </p>
   </div>
   <div class='ocr_carea' id='block_1_60' title="bbox 1953 3056 3517 3128">
    <p class='ocr_par' dir='ltr' id='par_1_60' title="bbox 1953 3056 3517 3128">
     <span class='ocr_line' id='line_1_60' title="bbox 1953 3056 3517 3128; baseline -0.003 -17"><span class='ocrx_word' id='word_1_426' title='bbox 1953 3060 2211 3128; x_wconf 81' lang='lat' dir='ltr'><strong>principio</strong></span> <span class='ocrx_word' id='word_1_427' title='bbox 2247 3060 2367 3125; x_wconf 71' lang='lat' dir='ltr'><strong>fecit</strong></span> <span class='ocrx_word' id='word_1_428' title='bbox 2395 3058 2555 3111; x_wconf 82' lang='lat' dir='ltr'><strong>Deus.</strong></span> <span class='ocrx_word' id='word_1_429' title='bbox 2598 3058 2725 3125; x_wconf 64' lang='lat' dir='ltr'><strong>Quae</strong></span> <span class='ocrx_word' id='word_1_430' title='bbox 2754 3073 2781 3109; x_wconf 91' lang='lat' dir='ltr'><strong>a</strong></span> <span class='ocrx_word' id='word_1_431' title='bbox 2816 3067 3054 3124; x_wconf 70' lang='lat' dir='ltr'><strong>tempore</strong></span> <span class='ocrx_word' id='word_1_432' title='bbox 3096 3057 3304 3111; x_wconf 89' lang='lat' dir='ltr'><strong>initium</strong></span> <span class='ocrx_word' id='word_1_433' title='bbox 3348 3056 3517 3111; x_wconf 70' lang='lat' dir='ltr'><strong>duxe-</strong></span> 
     </span>
    </p>
   </div>
   <div class='ocr_carea' id='block_1_61' title="bbox 289 3141 1854 3229">
    <p class='ocr_par' dir='ltr' id='par_1_61' title="bbox 289 3141 1854 3222">
     <span class='ocr_line' id='line_1_61' title="bbox 289 3141 1854 3222; baseline 0.007 -30"><span class='ocrx_word' id='word_1_434' title='bbox 289 3141 369 3194; x_wconf 88' lang='grc' dir='ltr'><strong>Τά</strong></span> <span class='ocrx_word' id='word_1_435' title='bbox 390 3142 494 3193; x_wconf 74' lang='grc' dir='ltr'>ἀπὸ</span> <span class='ocrx_word' id='word_1_436' title='bbox 518 3142 707 3213; x_wconf 89' lang='grc' dir='ltr'>χρόνου</span> <span class='ocrx_word' id='word_1_437' title='bbox 746 3143 1023 3213; x_wconf 77' lang='grc' dir='ltr'>ἀρξάμενα</span> <span class='ocrx_word' id='word_1_438' title='bbox 1058 3144 1203 3197; x_wconf 83' lang='grc' dir='ltr'>πᾶσα</span> <span class='ocrx_word' id='word_1_439' title='bbox 1230 3146 1436 3217; x_wconf 79' lang='grc' dir='ltr'>ἀνάγκη</span> <span class='ocrx_word' id='word_1_440' title='bbox 1469 3148 1560 3201; x_wconf 72' lang='grc' dir='ltr'>καὶ</span> <span class='ocrx_word' id='word_1_441' title='bbox 1593 3148 1648 3201; x_wconf 81' lang='grc' dir='ltr'>ἐν</span> <span class='ocrx_word' id='word_1_442' title='bbox 1681 3150 1854 3222; x_wconf 85' lang='grc' dir='ltr'>χρόνῳ</span> 
     </span>
    </p>
   </div>
   <div class='ocr_carea' id='block_1_62' title="bbox 1957 3141 3516 3229">
    <p class='ocr_par' dir='ltr' id='par_1_62' title="bbox 1960 3144 3516 3215">
     <span class='ocr_line' id='line_1_62' title="bbox 1960 3144 3516 3215; baseline -0.004 -13"><span class='ocrx_word' id='word_1_443' title='bbox 1960 3158 2101 3214; x_wconf 89' lang='lat' dir='ltr'><strong>runt,</strong></span> <span class='ocrx_word' id='word_1_444' title='bbox 2134 3164 2195 3201; x_wconf 89' lang='lat' dir='ltr'><strong>ea</strong></span> <span class='ocrx_word' id='word_1_445' title='bbox 2226 3147 2279 3200; x_wconf 91' lang='lat' dir='ltr'><strong>in</strong></span> <span class='ocrx_word' id='word_1_446' title='bbox 2308 3155 2544 3215; x_wconf 89' lang='lat' dir='ltr'><strong>tempore</strong></span> <span class='ocrx_word' id='word_1_447' title='bbox 2566 3147 2727 3200; x_wconf 86' lang='lat' dir='ltr'><strong>etiam</strong></span> <span class='ocrx_word' id='word_1_448' title='bbox 2762 3160 2981 3201; x_wconf 89' lang='lat' dir='ltr'><strong>necesse</strong></span> <span class='ocrx_word' id='word_1_449' title='bbox 3005 3155 3089 3199; x_wconf 90' lang='lat' dir='ltr'><strong>est</strong></span> <span class='ocrx_word' id='word_1_450' title='bbox 3109 3144 3330 3199; x_wconf 90' lang='lat' dir='ltr'><strong>omnino</strong></span> <span class='ocrx_word' id='word_1_451' title='bbox 3354 3144 3516 3197; x_wconf 81' lang='lat' dir='ltr'><strong>inter-</strong></span> 
     </span>
    </p>
   </div>
   <div class='ocr_carea' id='block_1_63' title="bbox 290 3234 1848 3312">
    <p class='ocr_par' dir='ltr' id='par_1_63' title="bbox 290 3234 1848 3312">
     <span class='ocr_line' id='line_1_63' title="bbox 290 3234 1848 3312; baseline 0.007 -27"><span class='ocrx_word' id='word_1_452' title='bbox 290 3234 717 3304; x_wconf 76' lang='grc' dir='ltr'>συντελεσθῆναι.</span> <span class='ocrx_word' id='word_1_453' title='bbox 736 3237 795 3288; x_wconf 79' lang='lat' dir='ltr'><strong>Et</strong></span> <span class='ocrx_word' id='word_1_454' title='bbox 820 3235 933 3305; x_wconf 67' lang='lat'><strong>(98)</strong></span> <span class='ocrx_word' id='word_1_455' title='bbox 963 3236 1136 3307; x_wconf 82' lang='grc' dir='ltr'>ἀρχὴν</span> <span class='ocrx_word' id='word_1_456' title='bbox 1194 3236 1303 3307; x_wconf 80' lang='grc' dir='ltr'>ἔχει</span> <span class='ocrx_word' id='word_1_457' title='bbox 1332 3239 1605 3309; x_wconf 71' lang='grc' dir='ltr'>χρονικὴν,</span> <span class='ocrx_word' id='word_1_458' title='bbox 1638 3240 1711 3312; x_wconf 83' lang='grc' dir='ltr'>μὴ</span> <span class='ocrx_word' id='word_1_459' title='bbox 1740 3243 1848 3311; x_wconf 90' lang='grc' dir='ltr'>ἀμ-</span> 
     </span>
    </p>
   </div>
   <div class='ocr_carea' id='block_1_64' title="bbox 291 3325 1851 3406">
    <p class='ocr_par' dir='ltr' id='par_1_64' title="bbox 291 3325 1851 3406">
     <span class='ocr_line' id='line_1_64' title="bbox 291 3325 1851 3406; baseline 0.007 -30"><span class='ocrx_word' id='word_1_460' title='bbox 291 3325 525 3395; x_wconf 78' lang='grc' dir='ltr'>φιϐάλῃς</span> <span class='ocrx_word' id='word_1_461' title='bbox 559 3326 682 3395; x_wconf 75' lang='grc' dir='ltr'>περὶ</span> <span class='ocrx_word' id='word_1_462' title='bbox 736 3326 828 3378; x_wconf 80' lang='grc' dir='ltr'><strong>τού</strong></span> <span class='ocrx_word' id='word_1_463' title='bbox 874 3327 1076 3389; x_wconf 81' lang='grc' dir='ltr'>τέλους.</span> <span class='ocrx_word' id='word_1_464' title='bbox 1127 3328 1457 3398; x_wconf 83' lang='grc' dir='ltr'>Γεωμετρίαι</span> <span class='ocrx_word' id='word_1_465' title='bbox 1489 3332 1595 3402; x_wconf 87' lang='grc' dir='ltr'><strong>γάρ</strong></span> <span class='ocrx_word' id='word_1_466' title='bbox 1618 3335 1709 3385; x_wconf 67' lang='grc' dir='ltr'>καὶ</span> <span class='ocrx_word' id='word_1_467' title='bbox 1733 3336 1851 3406; x_wconf 84' lang='grc' dir='ltr'>ἀρι-</span> 
     </span>
    </p>
   </div>
   <div class='ocr_carea' id='block_1_65' title="bbox 289 3416 1855 3494">
    <p class='ocr_par' dir='ltr' id='par_1_65' title="bbox 289 3416 1855 3494">
     <span class='ocr_line' id='line_1_65' title="bbox 289 3416 1855 3494; baseline 0.003 -23"><span class='ocrx_word' id='word_1_468' title='bbox 289 3416 553 3488; x_wconf 69' lang='grc' dir='ltr'>θμητικαὶ</span> <span class='ocrx_word' id='word_1_469' title='bbox 585 3417 820 3488; x_wconf 86' lang='grc' dir='ltr'>μέθοδοι,</span> <span class='ocrx_word' id='word_1_470' title='bbox 848 3419 941 3469; x_wconf 71' lang='grc' dir='ltr'><strong>καὶ</strong></span> <span class='ocrx_word' id='word_1_471' title='bbox 970 3420 1023 3470; x_wconf 89' lang='grc' dir='ltr'>αἱ</span> <span class='ocrx_word' id='word_1_472' title='bbox 1043 3420 1165 3488; x_wconf 71' lang='grc' dir='ltr'>περὶ</span> <span class='ocrx_word' id='word_1_473' title='bbox 1186 3420 1293 3471; x_wconf 81' lang='grc' dir='ltr'><strong>τῶν</strong></span> <span class='ocrx_word' id='word_1_474' title='bbox 1339 3421 1569 3489; x_wconf 85' lang='grc' dir='ltr'>στερεῶν</span> <span class='ocrx_word' id='word_1_475' title='bbox 1599 3440 1855 3494; x_wconf 80' lang='grc' dir='ltr'>πραγμα-</span> 
     </span>
    </p>
   </div>
   <div class='ocr_carea' id='block_1_66' title="bbox 287 3508 1859 3585">
    <p class='ocr_par' dir='ltr' id='par_1_66' title="bbox 287 3508 1859 3585">
     <span class='ocr_line' id='line_1_66' title="bbox 287 3508 1859 3585; baseline 0.003 -23"><span class='ocrx_word' id='word_1_476' title='bbox 287 3510 449 3569; x_wconf 73' lang='grc' dir='ltr'>τεῖαι,</span> <span class='ocrx_word' id='word_1_477' title='bbox 476 3508 569 3561; x_wconf 77' lang='grc' dir='ltr'><strong>καὶ</strong></span> <span class='ocrx_word' id='word_1_478' title='bbox 614 3508 1095 3579; x_wconf 83' lang='grc' dir='ltr'>ἡπολυθρύλλητος</span> <span class='ocrx_word' id='word_1_479' title='bbox 1131 3510 1477 3581; x_wconf 83' lang='grc' dir='ltr'>ἀστρονομία,</span> <span class='ocrx_word' id='word_1_480' title='bbox 1508 3515 1540 3581; x_wconf 77' lang='grc' dir='ltr'>ἡ</span> <span class='ocrx_word' id='word_1_481' title='bbox 1568 3513 1859 3585; x_wconf 85' lang='grc' dir='ltr'>πολυάσχο-</span> 
     </span>
    </p>
   </div>
   <div class='ocr_carea' id='block_1_67' title="bbox 286 3597 1850 3671">
    <p class='ocr_par' dir='ltr' id='par_1_67' title="bbox 286 3597 1850 3671">
     <span class='ocr_line' id='line_1_67' title="bbox 286 3597 1850 3671; baseline 0.006 -23"><span class='ocrx_word' id='word_1_482' title='bbox 286 3597 379 3661; x_wconf 80' lang='grc' dir='ltr'><strong>λος</strong></span> <span class='ocrx_word' id='word_1_483' title='bbox 440 3600 757 3668; x_wconf 86' lang='grc' dir='ltr'>ματαιότης,</span> <span class='ocrx_word' id='word_1_484' title='bbox 811 3600 943 3669; x_wconf 75' lang='grc' dir='ltr'>πρὸς</span> <span class='ocrx_word' id='word_1_485' title='bbox 993 3603 1139 3652; x_wconf 83' lang='grc' dir='ltr'>ποῖον</span> <span class='ocrx_word' id='word_1_486' title='bbox 1193 3602 1623 3671; x_wconf 83' lang='grc' dir='ltr'>καταστρέφουσι</span> <span class='ocrx_word' id='word_1_487' title='bbox 1671 3603 1850 3669; x_wconf 78' lang='grc' dir='ltr'>τέλοςς</span> 
     </span>
    </p>
   </div>
   <div class='ocr_carea' id='block_1_68' title="bbox 290 3690 1855 3762">
    <p class='ocr_par' dir='ltr' id='par_1_68' title="bbox 290 3690 1855 3762">
     <span class='ocr_line' id='line_1_68' title="bbox 290 3690 1855 3762; baseline 0.004 -19"><span class='ocrx_word' id='word_1_488' title='bbox 290 3690 463 3761; x_wconf 85' lang='grc' dir='ltr'>Εἴπερ</span> <span class='ocrx_word' id='word_1_489' title='bbox 504 3691 551 3743; x_wconf 76' lang='lat' dir='ltr'><strong>oi</strong></span> <span class='ocrx_word' id='word_1_490' title='bbox 596 3692 722 3762; x_wconf 75' lang='grc' dir='ltr'>περὶ</span> <span class='ocrx_word' id='word_1_491' title='bbox 766 3691 936 3745; x_wconf 79' lang='grc' dir='ltr'>ταῦτα</span> <span class='ocrx_word' id='word_1_492' title='bbox 966 3690 1361 3754; x_wconf 80' lang='grc' dir='ltr'>ἐσπουδακότες</span> <span class='ocrx_word' id='word_1_493' title='bbox 1420 3694 1685 3755; x_wconf 72' lang='grc' dir='ltr'>συναῖδιον</span> <span class='ocrx_word' id='word_1_494' title='bbox 1718 3692 1855 3750; x_wconf 74' lang='grc' dir='ltr'>εἶναι</span> 
     </span>
    </p>
   </div>
   <div class='ocr_carea' id='block_1_69' title="bbox 291 3780 1854 3854">
    <p class='ocr_par' dir='ltr' id='par_1_69' title="bbox 291 3780 1854 3854">
     <span class='ocr_line' id='line_1_69' title="bbox 291 3780 1854 3854; baseline 0.007 -23"><span class='ocrx_word' id='word_1_495' title='bbox 291 3780 369 3849; x_wconf 82' lang='grc' dir='ltr'>τῷ</span> <span class='ocrx_word' id='word_1_496' title='bbox 412 3782 604 3854; x_wconf 82' lang='grc' dir='ltr'>κτίστῃ</span> <span class='ocrx_word' id='word_1_497' title='bbox 654 3781 761 3833; x_wconf 84' lang='grc' dir='ltr'>τῶν</span> <span class='ocrx_word' id='word_1_498' title='bbox 794 3782 929 3836; x_wconf 84' lang='grc' dir='ltr'>ὅλων</span> <span class='ocrx_word' id='word_1_499' title='bbox 966 3781 1083 3853; x_wconf 81' lang='grc' dir='ltr'>Θεῷ</span> <span class='ocrx_word' id='word_1_500' title='bbox 1128 3782 1220 3835; x_wconf 71' lang='grc' dir='ltr'><strong>καὶ</strong></span> <span class='ocrx_word' id='word_1_501' title='bbox 1250 3783 1339 3835; x_wconf 83' lang='grc' dir='ltr'><strong>τὸν</strong></span> <span class='ocrx_word' id='word_1_502' title='bbox 1376 3782 1647 3854; x_wconf 79' lang='grc' dir='ltr'>ὁρώμενον</span> <span class='ocrx_word' id='word_1_503' title='bbox 1672 3786 1854 3842; x_wconf 75' lang='grc' dir='ltr'>τοῦτον</span> 
     </span>
    </p>
   </div>
   <div class='ocr_carea' id='block_1_70' title="bbox 292 3872 1852 3947">
    <p class='ocr_par' dir='ltr' id='par_1_70' title="bbox 292 3872 1852 3947">
     <span class='ocr_line' id='line_1_70' title="bbox 292 3872 1852 3947; baseline 0.006 -25"><span class='ocrx_word' id='word_1_504' title='bbox 292 3872 495 3941; x_wconf 82' lang='grc' dir='ltr'>κόσμον</span> <span class='ocrx_word' id='word_1_505' title='bbox 517 3873 890 3944; x_wconf 72' lang='grc' dir='ltr'>διενοήθησαν,</span> <span class='ocrx_word' id='word_1_506' title='bbox 934 3874 1070 3946; x_wconf 84' lang='grc' dir='ltr'>πρὸς</span> <span class='ocrx_word' id='word_1_507' title='bbox 1110 3874 1206 3945; x_wconf 83' lang='grc' dir='ltr'>τὴν</span> <span class='ocrx_word' id='word_1_508' title='bbox 1241 3873 1410 3945; x_wconf 72' lang='grc' dir='ltr'>αὐτὴν</span> <span class='ocrx_word' id='word_1_509' title='bbox 1440 3875 1595 3941; x_wconf 84' lang='grc' dir='ltr'>δόξαν</span> <span class='ocrx_word' id='word_1_510' title='bbox 1624 3880 1852 3947; x_wconf 80' lang='grc' dir='ltr'>ἀγαγόν-</span> 
     </span>
    </p>
   </div>
   <div class='ocr_carea' id='block_1_71' title="bbox 365 3981 821 4045">
    <p class='ocr_par' dir='ltr' id='par_1_71' title="bbox 365 3981 821 4045">
     <span class='ocr_line' id='line_1_71' title="bbox 365 3981 821 4045; baseline 0.004 -11"><span class='ocrx_word' id='word_1_511' title='bbox 365 3981 387 4013; x_wconf 83' lang='grc'><strong><em>⁸</em></strong></span> <span class='ocrx_word' id='word_1_512' title='bbox 417 3981 581 4037; x_wconf 87' lang='lat' dir='ltr'><strong>lCor.</strong></span> <span class='ocrx_word' id='word_1_513' title='bbox 612 3998 707 4045; x_wconf 91' lang='lat' dir='ltr'><strong>vtt,</strong></span> <span class='ocrx_word' id='word_1_514' title='bbox 733 3983 821 4037; x_wconf 76' lang='lat' dir='ltr'><strong>5L</strong></span> 
     </span>
    </p>
   </div>
   <div class='ocr_carea' id='block_1_72' title="bbox 364 4099 1854 4171">
    <p class='ocr_par' dir='ltr' id='par_1_72' title="bbox 364 4099 1854 4171">
     <span class='ocr_line' id='line_1_72' title="bbox 364 4099 1854 4171; baseline 0 -17"><span class='ocrx_word' id='word_1_515' title='bbox 364 4100 480 4170; x_wconf 73' lang='lat'><strong>(23)</strong></span> <span class='ocrx_word' id='word_1_516' title='bbox 514 4100 661 4154; x_wconf 90' lang='lat' dir='ltr'><strong>Colb.</strong></span> <span class='ocrx_word' id='word_1_517' title='bbox 720 4105 986 4155; x_wconf 91' lang='lat' dir='ltr'><strong>secundus</strong></span> <span class='ocrx_word' id='word_1_518' title='bbox 1036 4101 1328 4171; x_wconf 85' lang='grc' dir='ltr'>πολύτιμον</span> <span class='ocrx_word' id='word_1_519' title='bbox 1379 4102 1568 4168; x_wconf 74' lang='grc' dir='ltr'>ὄνομα.</span> <span class='ocrx_word' id='word_1_520' title='bbox 1616 4099 1723 4152; x_wconf 75' lang='lat' dir='ltr'><strong>Nec</strong></span> <span class='ocrx_word' id='word_1_521' title='bbox 1781 4101 1854 4154; x_wconf 91' lang='lat' dir='ltr'><strong>ita</strong></span> 
     </span>
    </p>
   </div>
   <div class='ocr_carea' id='block_1_73' title="bbox 292 4171 1853 4238">
    <p class='ocr_par' dir='ltr' id='par_1_73' title="bbox 292 4171 1853 4238">
     <span class='ocr_line' id='line_1_73' title="bbox 292 4171 1853 4238; baseline -0.002 -12"><span class='ocrx_word' id='word_1_522' title='bbox 292 4172 463 4226; x_wconf 88' lang='lat' dir='ltr'><strong>multo</strong></span> <span class='ocrx_word' id='word_1_523' title='bbox 493 4180 609 4235; x_wconf 90' lang='lat' dir='ltr'><strong>post</strong></span> <span class='ocrx_word' id='word_1_524' title='bbox 636 4171 773 4224; x_wconf 90' lang='lat' dir='ltr'><strong>idem</strong></span> <span class='ocrx_word' id='word_1_525' title='bbox 803 4172 969 4225; x_wconf 84' lang='lat' dir='ltr'><strong>codex</strong></span> <span class='ocrx_word' id='word_1_526' title='bbox 1003 4188 1121 4223; x_wconf 89' lang='lat' dir='ltr'><strong>cum</strong></span> <span class='ocrx_word' id='word_1_527' title='bbox 1150 4171 1389 4225; x_wconf 83' lang='lat' dir='ltr'><strong>Combef.</strong></span> <span class='ocrx_word' id='word_1_528' title='bbox 1414 4171 1474 4223; x_wconf 83' lang='grc' dir='ltr'><strong>τὸ</strong></span> <span class='ocrx_word' id='word_1_529' title='bbox 1505 4171 1853 4238; x_wconf 72' lang='grc' dir='ltr'>ἀγαπητὸν...</span> 
     </span>
    </p>
   </div>
   <div class='ocr_carea' id='block_1_74' title="bbox 292 4239 1857 4310">
    <p class='ocr_par' dir='ltr' id='par_1_74' title="bbox 292 4239 1857 4310">
     <span class='ocr_line' id='line_1_74' title="bbox 292 4239 1857 4310; baseline -0.003 -14"><span class='ocrx_word' id='word_1_530' title='bbox 292 4241 530 4310; x_wconf 77' lang='grc' dir='ltr'>ἀξίωμα,</span> <span class='ocrx_word' id='word_1_531' title='bbox 561 4241 806 4310; x_wconf 72' lang='lat' dir='ltr'><strong>maiestas</strong></span> <span class='ocrx_word' id='word_1_532' title='bbox 823 4242 1079 4293; x_wconf 81' lang='lat' dir='ltr'><strong>amabilis.</strong></span> <span class='ocrx_word' id='word_1_533' title='bbox 1117 4241 1311 4294; x_wconf 86' lang='lat' dir='ltr'><strong>Ibidem</strong></span> <span class='ocrx_word' id='word_1_534' title='bbox 1340 4256 1476 4310; x_wconf 87' lang='lat' dir='ltr'><strong>unus</strong></span> <span class='ocrx_word' id='word_1_535' title='bbox 1511 4239 1653 4310; x_wconf 73' lang='lat' dir='ltr'><strong>Reg.</strong></span> <span class='ocrx_word' id='word_1_536' title='bbox 1679 4258 1857 4310; x_wconf 86' lang='grc' dir='ltr'>μετει-</span> 
     </span>
    </p>
   </div>
   <div class='ocr_carea' id='block_1_75' title="bbox 292 4308 1851 4380">
    <p class='ocr_par' dir='ltr' id='par_1_75' title="bbox 292 4308 1851 4380">
     <span class='ocr_line' id='line_1_75' title="bbox 292 4308 1851 4380; baseline 0 -17"><span class='ocrx_word' id='word_1_537' title='bbox 292 4308 503 4379; x_wconf 86' lang='grc' dir='ltr'>ληχόσι.</span> <span class='ocrx_word' id='word_1_538' title='bbox 561 4308 697 4361; x_wconf 79' lang='lat' dir='ltr'><strong>lnfra</strong></span> <span class='ocrx_word' id='word_1_539' title='bbox 730 4308 877 4362; x_wconf 84' lang='lat' dir='ltr'><strong>Bodl.</strong></span> <span class='ocrx_word' id='word_1_540' title='bbox 936 4326 1056 4363; x_wconf 89' lang='lat' dir='ltr'><strong>cum</strong></span> <span class='ocrx_word' id='word_1_541' title='bbox 1088 4310 1243 4364; x_wconf 86' lang='lat' dir='ltr'><strong>editis</strong></span> <span class='ocrx_word' id='word_1_542' title='bbox 1292 4309 1478 4380; x_wconf 78' lang='grc' dir='ltr'>ἐπειδὴ</span> <span class='ocrx_word' id='word_1_543' title='bbox 1536 4308 1720 4379; x_wconf 74' lang='grc' dir='ltr'>κύκλῳ</span> <span class='ocrx_word' id='word_1_544' title='bbox 1772 4326 1851 4363; x_wconf 90' lang='grc' dir='ltr'><strong>σε.</strong></span> 
     </span>
    </p>
   </div>
   <div class='ocr_carea' id='block_1_76' title="bbox 293 4380 1852 4449">
    <p class='ocr_par' dir='ltr' id='par_1_76' title="bbox 293 4380 1852 4449">
     <span class='ocr_line' id='line_1_76' title="bbox 293 4380 1852 4449; baseline -0.003 -14"><span class='ocrx_word' id='word_1_545' title='bbox 293 4380 460 4435; x_wconf 81' lang='lat' dir='ltr'><strong>Coisl.</strong></span> <span class='ocrx_word' id='word_1_546' title='bbox 495 4380 760 4432; x_wconf 85' lang='lat' dir='ltr'><strong>secundus</strong></span> <span class='ocrx_word' id='word_1_547' title='bbox 782 4381 836 4431; x_wconf 81' lang='grc' dir='ltr'>ὲν</span> <span class='ocrx_word' id='word_1_548' title='bbox 865 4380 1048 4449; x_wconf 84' lang='grc' dir='ltr'>κύκλῳ</span> <span class='ocrx_word' id='word_1_549' title='bbox 1065 4397 1143 4443; x_wconf 88' lang='grc' dir='ltr'><strong>σε,</strong></span> <span class='ocrx_word' id='word_1_550' title='bbox 1177 4380 1382 4433; x_wconf 84' lang='lat' dir='ltr'><strong>duabus</strong></span> <span class='ocrx_word' id='word_1_551' title='bbox 1413 4381 1593 4432; x_wconf 86' lang='lat' dir='ltr'><strong>itidem</strong></span> <span class='ocrx_word' id='word_1_552' title='bbox 1612 4381 1852 4434; x_wconf 83' lang='lat' dir='ltr'><strong>vocibus.</strong></span> 
     </span>
    </p>
   </div>
   <div class='ocr_carea' id='block_1_77' title="bbox 295 4449 1432 4516">
    <p class='ocr_par' dir='ltr' id='par_1_77' title="bbox 295 4449 1432 4516">
     <span class='ocr_line' id='line_1_77' title="bbox 295 4449 1432 4516; baseline 0 -13"><span class='ocrx_word' id='word_1_553' title='bbox 295 4451 368 4503; x_wconf 80' lang='lat' dir='ltr'><strong>At</strong></span> <span class='ocrx_word' id='word_1_554' title='bbox 408 4449 535 4516; x_wconf 78' lang='lat' dir='ltr'><strong>Reg.</strong></span> <span class='ocrx_word' id='word_1_555' title='bbox 568 4456 754 4501; x_wconf 70' lang='lat' dir='ltr'><strong>sextus</strong></span> <span class='ocrx_word' id='word_1_556' title='bbox 785 4452 937 4501; x_wconf 84' lang='lat' dir='ltr'><strong>unica</strong></span> <span class='ocrx_word' id='word_1_557' title='bbox 971 4466 1099 4504; x_wconf 85' lang='lat' dir='ltr'><strong>voce</strong></span> <span class='ocrx_word' id='word_1_558' title='bbox 1144 4450 1388 4503; x_wconf 87' lang='grc' dir='ltr'>κύκλωσε</span> <span class='ocrx_word' id='word_1_559' title='bbox 1420 4469 1432 4503; x_wconf 89' lang='lat'>:</span> 
     </span>
    </p>
   </div>
   <div class='ocr_carea' id='block_1_78' title="bbox 295 4517 1436 4583">
    <p class='ocr_par' dir='ltr' id='par_1_78' title="bbox 295 4517 1436 4583">
     <span class='ocr_line' id='line_1_78' title="bbox 295 4517 1436 4583; baseline 0.001 -10"><span class='ocrx_word' id='word_1_560' title='bbox 295 4520 446 4581; x_wconf 87' lang='lat' dir='ltr'><strong>dum,</strong></span> <span class='ocrx_word' id='word_1_561' title='bbox 476 4519 527 4569; x_wconf 90' lang='lat' dir='ltr'><strong>ni</strong></span> <span class='ocrx_word' id='word_1_562' title='bbox 565 4517 733 4573; x_wconf 75' lang='lat' dir='ltr'><strong>fallor.</strong></span> <span class='ocrx_word' id='word_1_563' title='bbox 768 4517 1017 4583; x_wconf 85' lang='grc' dir='ltr'>κυκλόσε,</span> <span class='ocrx_word' id='word_1_564' title='bbox 1046 4535 1145 4573; x_wconf 85' lang='lat' dir='ltr'><strong>non</strong></span> <span class='ocrx_word' id='word_1_565' title='bbox 1174 4520 1436 4575; x_wconf 87' lang='grc' dir='ltr'>κύκλωσε.</span> 
     </span>
    </p>
   </div>
   <div class='ocr_carea' id='block_1_79' title="bbox 378 4586 1857 4659">
    <p class='ocr_par' dir='ltr' id='par_1_79' title="bbox 378 4586 1857 4659">
     <span class='ocr_line' id='line_1_79' title="bbox 378 4586 1857 4659; baseline -0.002 -19"><span class='ocrx_word' id='word_1_566' title='bbox 378 4587 492 4659; x_wconf 62' lang='grc' dir='ltr'>(ει)</span> <span class='ocrx_word' id='word_1_567' title='bbox 523 4586 663 4659; x_wconf 80' lang='lat' dir='ltr'><strong>Editi</strong></span> <span class='ocrx_word' id='word_1_568' title='bbox 712 4586 995 4659; x_wconf 59' lang='lat' dir='ltr'><strong>magicum.</strong></span> <span class='ocrx_word' id='word_1_569' title='bbox 1024 4589 1089 4642; x_wconf 79' lang='lat' dir='ltr'><strong>At</strong></span> <span class='ocrx_word' id='word_1_570' title='bbox 1116 4601 1338 4655; x_wconf 84' lang='lat' dir='ltr'><strong>uterque</strong></span> <span class='ocrx_word' id='word_1_571' title='bbox 1373 4590 1501 4659; x_wconf 76' lang='lat' dir='ltr'><strong>Duc.</strong></span> <span class='ocrx_word' id='word_1_572' title='bbox 1536 4598 1584 4641; x_wconf 89' lang='lat' dir='ltr'><strong>et</strong></span> <span class='ocrx_word' id='word_1_573' title='bbox 1622 4586 1708 4639; x_wconf 90' lang='lat' dir='ltr'><strong>alii</strong></span> <span class='ocrx_word' id='word_1_574' title='bbox 1755 4587 1857 4659; x_wconf 82' lang='lat' dir='ltr'><strong>duo</strong></span> 
     </span>
    </p>
   </div>
   <div class='ocr_carea' id='block_1_80' title="bbox 300 4656 1855 4725">
    <p class='ocr_par' dir='ltr' id='par_1_80' title="bbox 300 4656 1855 4725">
     <span class='ocr_line' id='line_1_80' title="bbox 300 4656 1855 4725; baseline -0.001 -16"><span class='ocrx_word' id='word_1_575' title='bbox 300 4672 433 4712; x_wconf 85' lang='lat' dir='ltr'><strong>mss.</strong></span> <span class='ocrx_word' id='word_1_576' title='bbox 457 4656 758 4725; x_wconf 74' lang='grc' dir='ltr'>διαφεύγει.</span> <span class='ocrx_word' id='word_1_577' title='bbox 790 4656 982 4710; x_wconf 79' lang='lat' dir='ltr'><strong>Statim</strong></span> <span class='ocrx_word' id='word_1_578' title='bbox 1012 4674 1142 4711; x_wconf 88' lang='lat' dir='ltr'><strong>mss.</strong></span> <span class='ocrx_word' id='word_1_579' title='bbox 1174 4675 1263 4712; x_wconf 78' lang='lat' dir='ltr'><strong>sex</strong></span> <span class='ocrx_word' id='word_1_580' title='bbox 1294 4660 1385 4712; x_wconf 74' lang='grc' dir='ltr'><strong>καὶ</strong></span> <span class='ocrx_word' id='word_1_581' title='bbox 1410 4658 1553 4711; x_wconf 76' lang='grc' dir='ltr'>οὔτε.</span> <span class='ocrx_word' id='word_1_582' title='bbox 1582 4660 1736 4711; x_wconf 85' lang='lat' dir='ltr'><strong>Deest</strong></span> <span class='ocrx_word' id='word_1_583' title='bbox 1763 4656 1855 4709; x_wconf 86' lang='grc' dir='ltr'><strong>καί</strong></span> 
     </span>
    </p>
   </div>
   <div class='ocr_carea' id='block_1_81' title="bbox 299 4725 557 4781">
    <p class='ocr_par' dir='ltr' id='par_1_81' title="bbox 299 4725 557 4781">
     <span class='ocr_line' id='line_1_81' title="bbox 299 4725 557 4781; baseline -0.012 0"><span class='ocrx_word' id='word_1_584' title='bbox 299 4725 355 4781; x_wconf 86' lang='lat' dir='ltr'><strong>in</strong></span> <span class='ocrx_word' id='word_1_585' title='bbox 383 4727 557 4778; x_wconf 87' lang='lat' dir='ltr'><strong>editis.</strong></span> 
     </span>
    </p>
   </div>
   <div class='ocr_carea' id='block_1_82' title="bbox 376 4792 1859 4866">
    <p class='ocr_par' dir='ltr' id='par_1_82' title="bbox 376 4792 1859 4866">
     <span class='ocr_line' id='line_1_82' title="bbox 376 4792 1859 4866; baseline 0.002 -19"><span class='ocrx_word' id='word_1_586' title='bbox 376 4794 492 4866; x_wconf 71' lang='grc'><strong>(25)</strong></span> <span class='ocrx_word' id='word_1_587' title='bbox 519 4795 670 4866; x_wconf 70' lang='lat' dir='ltr'><strong>Colb.</strong></span> <span class='ocrx_word' id='word_1_588' title='bbox 698 4795 901 4866; x_wconf 81' lang='lat' dir='ltr'><strong>primtts</strong></span> <span class='ocrx_word' id='word_1_589' title='bbox 933 4796 1285 4866; x_wconf 40' lang='grc' dir='ltr'>εὑρεῖνηΜοι</span> <span class='ocrx_word' id='word_1_590' title='bbox 1317 4799 1454 4850; x_wconf 84' lang='lat' dir='ltr'><strong>idem</strong></span> <span class='ocrx_word' id='word_1_591' title='bbox 1504 4812 1606 4849; x_wconf 87' lang='lat' dir='ltr'><strong>ms.</strong></span> <span class='ocrx_word' id='word_1_592' title='bbox 1629 4796 1691 4847; x_wconf 83' lang='grc' dir='ltr'><strong>τὸ</strong></span> <span class='ocrx_word' id='word_1_593' title='bbox 1723 4792 1859 4860; x_wconf 79' lang='grc' dir='ltr'>εἶδος</span> 
     </span>
    </p>
   </div>
   <div class='ocr_carea' id='block_1_83' title="bbox 299 4861 1858 4935">
    <p class='ocr_par' dir='ltr' id='par_1_83' title="bbox 299 4861 1858 4935">
     <span class='ocr_line' id='line_1_83' title="bbox 299 4861 1858 4935; baseline 0.002 -18"><span class='ocrx_word' id='word_1_594' title='bbox 299 4861 593 4932; x_wconf 82' lang='grc' dir='ltr'>διαφεύγῃ.</span> <span class='ocrx_word' id='word_1_595' title='bbox 620 4864 758 4935; x_wconf 83' lang='lat' dir='ltr'><strong>Editi</strong></span> <span class='ocrx_word' id='word_1_596' title='bbox 784 4861 1081 4934; x_wconf 78' lang='grc' dir='ltr'>διαφεύγει,</span> <span class='ocrx_word' id='word_1_597' title='bbox 1111 4865 1220 4918; x_wconf 87' lang='lat' dir='ltr'><strong>Nec</strong></span> <span class='ocrx_word' id='word_1_598' title='bbox 1252 4869 1320 4918; x_wconf 90' lang='lat' dir='ltr'><strong>ita</strong></span> <span class='ocrx_word' id='word_1_599' title='bbox 1353 4867 1518 4921; x_wconf 90' lang='lat' dir='ltr'><strong>multo</strong></span> <span class='ocrx_word' id='word_1_600' title='bbox 1560 4874 1679 4935; x_wconf 81' lang='lat' dir='ltr'><strong>post</strong></span> <span class='ocrx_word' id='word_1_601' title='bbox 1726 4884 1858 4923; x_wconf 83' lang='lat' dir='ltr'><strong>mss.</strong></span> 
     </span>
    </p>
   </div>
   <div class='ocr_carea' id='block_1_84' title="bbox 303 4933 1419 5008">
    <p class='ocr_par' dir='ltr' id='par_1_84' title="bbox 303 4933 1419 5008">
     <span class='ocr_line' id='line_1_84' title="bbox 303 4933 1419 5008; baseline 0.003 -22"><span class='ocrx_word' id='word_1_602' title='bbox 303 4934 553 5008; x_wconf 69' lang='lat' dir='ltr'><strong>quinque</strong></span> <span class='ocrx_word' id='word_1_603' title='bbox 625 4933 847 5004; x_wconf 79' lang='grc' dir='ltr'>κέντρῳ.</span> <span class='ocrx_word' id='word_1_604' title='bbox 873 4933 1011 5008; x_wconf 49' lang='grc' dir='ltr'><strong>Ιῇιὶιὶ</strong></span> <span class='ocrx_word' id='word_1_605' title='bbox 1036 4938 1062 4990; x_wconf 84' lang='grc' dir='ltr'>ὁ</span> <span class='ocrx_word' id='word_1_606' title='bbox 1088 4935 1164 5004; x_wconf 82' lang='grc' dir='ltr'>τῷ</span> <span class='ocrx_word' id='word_1_607' title='bbox 1191 4938 1419 5008; x_wconf 77' lang='grc' dir='ltr'>κέντρῳ.</span> 
     </span>
    </p>
   </div>
   <div class='ocr_carea' id='block_1_85' title="bbox 376 5002 1859 5075">
    <p class='ocr_par' dir='ltr' id='par_1_85' title="bbox 376 5002 1859 5075">
     <span class='ocr_line' id='line_1_85' title="bbox 376 5002 1859 5075; baseline 0.004 -19"><span class='ocrx_word' id='word_1_608' title='bbox 376 5002 490 5073; x_wconf 76' lang='grc'>(26)</span> <span class='ocrx_word' id='word_1_609' title='bbox 524 5003 619 5075; x_wconf 69' lang='lat' dir='ltr'><strong>Sic</strong></span> <span class='ocrx_word' id='word_1_610' title='bbox 639 5002 873 5075; x_wconf 11' lang='lat' dir='ltr'><strong>uterque,</strong></span> <span class='ocrx_word' id='word_1_611' title='bbox 903 5004 1033 5058; x_wconf 89' lang='lat' dir='ltr'><strong>Duc.</strong></span> <span class='ocrx_word' id='word_1_612' title='bbox 1062 5015 1115 5059; x_wconf 90' lang='lat' dir='ltr'><strong>et</strong></span> <span class='ocrx_word' id='word_1_613' title='bbox 1136 5002 1145 5004; x_wconf 63' lang='grc'>⁷</span> <span class='ocrx_word' id='word_1_614' title='bbox 1164 5002 1453 5075; x_wconf 38' lang='lat' dir='ltr'><strong>Angli‘cget</strong></span> <span class='ocrx_word' id='word_1_615' title='bbox 1479 5004 1633 5061; x_wconf 88' lang='lat' dir='ltr'><strong>Colb.</strong></span> <span class='ocrx_word' id='word_1_616' title='bbox 1668 5020 1859 5062; x_wconf 75' lang='lat' dir='ltr'><strong>secun-</strong></span> 
     </span>
    </p>
   </div>
   <div class='ocr_carea' id='block_1_86' title="bbox 305 5071 1857 5144">
    <p class='ocr_par' dir='ltr' id='par_1_86' title="bbox 305 5071 1857 5144">
     <span class='ocr_line' id='line_1_86' title="bbox 305 5071 1857 5144; baseline 0.004 -20"><span class='ocrx_word' id='word_1_617' title='bbox 305 5071 407 5144; x_wconf 74' lang='lat' dir='ltr'><strong>dus</strong></span> <span class='ocrx_word' id='word_1_618' title='bbox 436 5088 557 5126; x_wconf 91' lang='lat' dir='ltr'><strong>eum</strong></span> <span class='ocrx_word' id='word_1_619' title='bbox 592 5072 967 5144; x_wconf 66' lang='lat' dir='ltr'><strong>Regiisprimo</strong></span> <span class='ocrx_word' id='word_1_620' title='bbox 996 5086 1048 5127; x_wconf 90' lang='lat' dir='ltr'><strong>et</strong></span> <span class='ocrx_word' id='word_1_621' title='bbox 1092 5071 1299 5144; x_wconf 77' lang='lat' dir='ltr'><strong>quinto.</strong></span> <span class='ocrx_word' id='word_1_622' title='bbox 1364 5074 1505 5127; x_wconf 88' lang='lat' dir='ltr'><strong>Editi</strong></span> <span class='ocrx_word' id='word_1_623' title='bbox 1548 5092 1674 5144; x_wconf 85' lang='lat' dir='ltr'><strong>cum</strong></span> <span class='ocrx_word' id='word_1_624' title='bbox 1704 5075 1857 5131; x_wconf 85' lang='lat' dir='ltr'><strong>Colb.</strong></span> 
     </span>
    </p>
   </div>
   <div class='ocr_carea' id='block_1_87' title="bbox 304 5142 1858 5212">
    <p class='ocr_par' dir='ltr' id='par_1_87' title="bbox 304 5142 1858 5212">
     <span class='ocr_line' id='line_1_87' title="bbox 304 5142 1858 5212; baseline 0.003 -18"><span class='ocrx_word' id='word_1_625' title='bbox 304 5142 479 5212; x_wconf 66' lang='lat' dir='ltr'><strong>primo</strong></span> <span class='ocrx_word' id='word_1_626' title='bbox 507 5142 694 5212; x_wconf 68' lang='grc' dir='ltr'>μηδενὶ</span> <span class='ocrx_word' id='word_1_627' title='bbox 730 5142 912 5210; x_wconf 87' lang='grc' dir='ltr'>μέσον,</span> <span class='ocrx_word' id='word_1_628' title='bbox 961 5142 1124 5199; x_wconf 48' lang='lat' dir='ltr'><strong>male:</strong></span> <span class='ocrx_word' id='word_1_629' title='bbox 1160 5144 1278 5199; x_wconf 76' lang='lat' dir='ltr'><strong>Mox</strong></span> <span class='ocrx_word' id='word_1_630' title='bbox 1330 5147 1493 5198; x_wconf 82' lang='lat' dir='ltr'><strong>editio</strong></span> <span class='ocrx_word' id='word_1_631' title='bbox 1542 5143 1701 5200; x_wconf 83' lang='lat' dir='ltr'><strong>Basil.</strong></span> <span class='ocrx_word' id='word_1_632' title='bbox 1739 5160 1858 5198; x_wconf 88' lang='lat' dir='ltr'><strong>cum</strong></span> 
     </span>
    </p>
   </div>
   <div class='ocr_carea' id='block_1_88' title="bbox 304 5210 1865 5284">
    <p class='ocr_par' dir='ltr' id='par_1_88' title="bbox 304 5210 1865 5284">
     <span class='ocr_line' id='line_1_88' title="bbox 304 5210 1865 5284; baseline 0.003 -23"><span class='ocrx_word' id='word_1_633' title='bbox 304 5210 457 5284; x_wconf 58' lang='lat' dir='ltr'><strong>golb.</strong></span> <span class='ocrx_word' id='word_1_634' title='bbox 495 5210 668 5284; x_wconf 62' lang='lat' dir='ltr'><strong>primo</strong></span> <span class='ocrx_word' id='word_1_635' title='bbox 696 5213 1082 5284; x_wconf 67' lang='grc' dir='ltr'>ἐγκαταλείπῃ,</span> <span class='ocrx_word' id='word_1_636' title='bbox 1121 5215 1250 5280; x_wconf 77' lang='lat' dir='ltr'><strong>Reg.</strong></span> <span class='ocrx_word' id='word_1_637' title='bbox 1307 5216 1575 5269; x_wconf 86' lang='lat' dir='ltr'><strong>secundus</strong></span> <span class='ocrx_word' id='word_1_638' title='bbox 1634 5218 1865 5282; x_wconf 67' lang='grc' dir='ltr'>ὲγκαταυ</span> 
     </span>
    </p>
   </div>
   <div class='ocr_carea' id='block_1_89' title="bbox 302 5278 1866 5355">
    <p class='ocr_par' dir='ltr' id='par_1_89' title="bbox 302 5278 1866 5355">
     <span class='ocr_line' id='line_1_89' title="bbox 302 5278 1866 5355; baseline 0.003 -22"><span class='ocrx_word' id='word_1_639' title='bbox 302 5278 699 5355; x_wconf 47' lang='grc' dir='ltr'>λίποιζΕιΙὶιὶο</span> <span class='ocrx_word' id='word_1_640' title='bbox 742 5278 931 5338; x_wconf 81' lang='lat' dir='ltr'><strong>Paris.</strong></span> <span class='ocrx_word' id='word_1_641' title='bbox 973 5278 1094 5337; x_wconf 70' lang='lat' dir='ltr'><strong>cuin</strong></span> <span class='ocrx_word' id='word_1_642' title='bbox 1141 5278 1407 5353; x_wconf 84' lang='lat' dir='ltr'><strong>aliquibus</strong></span> <span class='ocrx_word' id='word_1_643' title='bbox 1450 5300 1582 5339; x_wconf 85' lang='lat' dir='ltr'><strong>mss.</strong></span> <span class='ocrx_word' id='word_1_644' title='bbox 1636 5278 1866 5355; x_wconf 71' lang='grc' dir='ltr'>ἐγκατα-</span> 
     </span>
    </p>
   </div>
   <div class='ocr_carea' id='block_1_90' title="bbox 899 3984 1427 4047">
    <p class='ocr_par' dir='ltr' id='par_1_90' title="bbox 899 3984 1427 4047">
     <span class='ocr_line' id='line_1_90' title="bbox 899 3984 1427 4047; baseline 0.002 -10"><span class='ocrx_word' id='word_1_645' title='bbox 899 3984 919 4013; x_wconf 85' lang='grc'>⁶</span> <span class='ocrx_word' id='word_1_646' title='bbox 949 3984 1137 4039; x_wconf 83' lang='lat' dir='ltr'><strong>Matth.</strong></span> <span class='ocrx_word' id='word_1_647' title='bbox 1169 4001 1315 4047; x_wconf 79' lang='lat' dir='ltr'><strong>xxw,</strong></span> <span class='ocrx_word' id='word_1_648' title='bbox 1339 3985 1427 4038; x_wconf 73' lang='grc'><strong>55.</strong></span> 
     </span>
    </p>
   </div>
   <div class='ocr_carea' id='block_1_91' title="bbox 1475 4450 1856 4503">
    <p class='ocr_par' dir='ltr' id='par_1_91' title="bbox 1475 4450 1856 4503">
     <span class='ocr_line' id='line_1_91' title="bbox 1475 4450 1856 4503; baseline -0.003 0"><span class='ocrx_word' id='word_1_649' title='bbox 1475 4451 1567 4503; x_wconf 82' lang='lat' dir='ltr'><strong>sed</strong></span> <span class='ocrx_word' id='word_1_650' title='bbox 1613 4450 1856 4503; x_wconf 79' lang='lat' dir='ltr'><strong>scriben-</strong></span> 
     </span>
    </p>
   </div>
   <div class='ocr_carea' id='block_1_92' title="bbox 357 5366 1867 5503">
    <p class='ocr_par' dir='ltr' id='par_1_92' title="bbox 357 5366 1867 5503">
     <span class='ocr_line' id='line_1_92' title="bbox 357 5366 1867 5503; baseline 0.001 -32"><span class='ocrx_word' id='word_1_651' title='bbox 357 5366 489 5503; x_wconf 53' lang='grc' dir='ltr'><strong>Ἰξῆ)</strong></span> <span class='ocrx_word' id='word_1_652' title='bbox 509 5418 645 5474; x_wconf 85' lang='lat' dir='ltr'><strong>Editi</strong></span> <span class='ocrx_word' id='word_1_653' title='bbox 670 5434 790 5503; x_wconf 76' lang='lat' dir='ltr'><strong>cum</strong></span> <span class='ocrx_word' id='word_1_654' title='bbox 808 5420 940 5503; x_wconf 78' lang='lat' dir='ltr'><strong>Reg.</strong></span> <span class='ocrx_word' id='word_1_655' title='bbox 962 5420 1134 5488; x_wconf 86' lang='lat' dir='ltr'><strong>primo</strong></span> <span class='ocrx_word' id='word_1_656' title='bbox 1149 5430 1205 5503; x_wconf 67' lang='lat' dir='ltr'><strong>et</strong></span> <span class='ocrx_word' id='word_1_657' title='bbox 1224 5438 1345 5477; x_wconf 91' lang='lat' dir='ltr'><strong>cum</strong></span> <span class='ocrx_word' id='word_1_658' title='bbox 1373 5438 1528 5477; x_wconf 88' lang='lat' dir='ltr'><strong>sacro</strong></span> <span class='ocrx_word' id='word_1_659' title='bbox 1552 5433 1697 5503; x_wconf 73' lang='lat' dir='ltr'><strong>textu</strong></span> <span class='ocrx_word' id='word_1_660' title='bbox 1722 5441 1867 5494; x_wconf 84' lang='grc' dir='ltr'>παρ-</span> 
     </span>
    </p>
   </div>
   <div class='ocr_carea' id='block_1_93' title="bbox 305 5488 1863 5565">
    <p class='ocr_par' dir='ltr' id='par_1_93' title="bbox 305 5488 1863 5565">
     <span class='ocr_line' id='line_1_93' title="bbox 305 5488 1863 5565; baseline 0.003 -24"><span class='ocrx_word' id='word_1_661' title='bbox 305 5488 638 5565; x_wconf 67' lang='grc' dir='ltr'>ελεύσονται.</span> <span class='ocrx_word' id='word_1_662' title='bbox 681 5491 785 5565; x_wconf 30' lang='lat' dir='ltr'><strong>_A_t‘</strong></span> <span class='ocrx_word' id='word_1_663' title='bbox 814 5488 1051 5565; x_wconf 74' lang='lat' dir='ltr'><strong>quinque</strong></span> <span class='ocrx_word' id='word_1_664' title='bbox 1114 5492 1203 5545; x_wconf 87' lang='lat' dir='ltr'><strong>alii</strong></span> <span class='ocrx_word' id='word_1_665' title='bbox 1256 5508 1390 5565; x_wconf 55' lang='grc' dir='ltr'>ροβε.</span> <span class='ocrx_word' id='word_1_666' title='bbox 1425 5488 1863 5565; x_wconf 67' lang='grc' dir='ltr'>παρελεύσεται.</span> 
     </span>
    </p>
   </div>
   <div class='ocr_carea' id='block_1_94' title="bbox 311 5559 1527 5633">
    <p class='ocr_par' dir='ltr' id='par_1_94' title="bbox 311 5559 1527 5633">
     <span class='ocr_line' id='line_1_94' title="bbox 311 5559 1527 5633; baseline 0.003 -20"><span class='ocrx_word' id='word_1_667' title='bbox 311 5559 646 5633; x_wconf 71' lang='lat' dir='ltr'><strong>Hat_td_lo_nge</strong></span> <span class='ocrx_word' id='word_1_668' title='bbox 672 5559 1060 5633; x_wconf 49' lang='lat' dir='ltr'><strong>Colb.;primus</strong></span> <span class='ocrx_word' id='word_1_669' title='bbox 1099 5561 1527 5633; x_wconf 76' lang='grc' dir='ltr'>παραδεδομένα.</span> 
     </span>
    </p>
   </div>
   <div class='ocr_carea' id='block_1_95' title="bbox 380 5626 1855 5697">
    <p class='ocr_par' dir='ltr' id='par_1_95' title="bbox 380 5626 1855 5697">
     <span class='ocr_line' id='line_1_95' title="bbox 380 5626 1855 5697; baseline 0.002 -15"><span class='ocrx_word' id='word_1_670' title='bbox 380 5628 491 5697; x_wconf 72' lang='lat'><strong>(28)</strong></span> <span class='ocrx_word' id='word_1_671' title='bbox 522 5626 612 5682; x_wconf 69' lang='lat' dir='ltr'><strong>sae</strong></span> <span class='ocrx_word' id='word_1_672' title='bbox 631 5631 794 5684; x_wconf 90' lang='lat' dir='ltr'><strong>editio</strong></span> <span class='ocrx_word' id='word_1_673' title='bbox 820 5626 981 5684; x_wconf 81' lang='lat' dir='ltr'><strong>Basil.</strong></span> <span class='ocrx_word' id='word_1_674' title='bbox 1005 5646 1126 5685; x_wconf 85' lang='lat' dir='ltr'><strong>cum</strong></span> <span class='ocrx_word' id='word_1_675' title='bbox 1155 5626 1248 5686; x_wconf 77' lang='lat' dir='ltr'><strong>sex</strong></span> <span class='ocrx_word' id='word_1_676' title='bbox 1290 5626 1416 5685; x_wconf 74' lang='lat' dir='ltr'><strong>mss.</strong></span> <span class='ocrx_word' id='word_1_677' title='bbox 1454 5634 1519 5685; x_wconf 88' lang='lat' dir='ltr'><strong>At</strong></span> <span class='ocrx_word' id='word_1_678' title='bbox 1557 5632 1721 5687; x_wconf 90' lang='lat' dir='ltr'><strong>editio</strong></span> <span class='ocrx_word' id='word_1_679' title='bbox 1754 5632 1855 5685; x_wconf 79' lang='lat' dir='ltr'><strong>Pa-</strong></span> 
     </span>
    </p>
   </div>
   <div class='ocr_carea' id='block_1_96' title="bbox 311 5697 1854 5771">
    <p class='ocr_par' dir='ltr' id='par_1_96' title="bbox 311 5697 1854 5771">
     <span class='ocr_line' id='line_1_96' title="bbox 311 5697 1854 5771; baseline 0.002 -19"><span class='ocrx_word' id='word_1_680' title='bbox 311 5697 406 5752; x_wconf 87' lang='lat' dir='ltr'><strong>ris.</strong></span> <span class='ocrx_word' id='word_1_681' title='bbox 435 5700 662 5771; x_wconf 23' lang='grc' dir='ltr'>είᾼγάρ.</span> <span class='ocrx_word' id='word_1_682' title='bbox 709 5699 825 5754; x_wconf 73' lang='lat' dir='ltr'><strong>Mox</strong></span> <span class='ocrx_word' id='word_1_683' title='bbox 874 5701 1113 5771; x_wconf 76' lang='lat' dir='ltr'><strong>quinque</strong></span> <span class='ocrx_word' id='word_1_684' title='bbox 1155 5716 1286 5755; x_wconf 88' lang='lat' dir='ltr'><strong>mss.</strong></span> <span class='ocrx_word' id='word_1_685' title='bbox 1333 5703 1662 5770; x_wconf 75' lang='grc' dir='ltr'>ἀμφιδάλῃς.</span> <span class='ocrx_word' id='word_1_686' title='bbox 1714 5703 1854 5755; x_wconf 86' lang='lat' dir='ltr'><strong>Editi</strong></span> 
     </span>
    </p>
   </div>
   <div class='ocr_carea' id='block_1_97' title="bbox 307 5768 1853 5842">
    <p class='ocr_par' dir='ltr' id='par_1_97' title="bbox 307 5768 1853 5842">
     <span class='ocr_line' id='line_1_97' title="bbox 307 5768 1853 5842; baseline 0.003 -20"><span class='ocrx_word' id='word_1_687' title='bbox 307 5768 668 5842; x_wconf 67' lang='grc' dir='ltr'>ἀμφιϐάλλης.</span> <span class='ocrx_word' id='word_1_688' title='bbox 701 5771 851 5837; x_wconf 79' lang='lat' dir='ltr'><strong>Quod</strong></span> <span class='ocrx_word' id='word_1_689' title='bbox 872 5768 947 5826; x_wconf 84' lang='lat' dir='ltr'><strong>ait</strong></span> <span class='ocrx_word' id='word_1_690' title='bbox 970 5768 1340 5833; x_wconf 69' lang='lat' dir='ltr'><strong>(iambelisius,</strong></span> <span class='ocrx_word' id='word_1_691' title='bbox 1374 5768 1511 5828; x_wconf 76' lang='lat' dir='ltr'><strong>hanc</strong></span> <span class='ocrx_word' id='word_1_692' title='bbox 1554 5768 1731 5826; x_wconf 75' lang='lat' dir='ltr'><strong>Basilii</strong></span> <span class='ocrx_word' id='word_1_693' title='bbox 1762 5774 1853 5827; x_wconf 78' lang='lat' dir='ltr'><strong>do-</strong></span> 
     </span>
    </p>
   </div>
   <div class='ocr_carea' id='block_1_98' title="bbox 1954 3233 3516 3307">
    <p class='ocr_par' dir='ltr' id='par_1_98' title="bbox 1954 3233 3516 3307">
     <span class='ocr_line' id='line_1_98' title="bbox 1954 3233 3516 3307; baseline -0.006 -11"><span class='ocrx_word' id='word_1_694' title='bbox 1954 3242 2053 3297; x_wconf 90' lang='lat' dir='ltr'><strong>ire.</strong></span> <span class='ocrx_word' id='word_1_695' title='bbox 2084 3240 2137 3294; x_wconf 86' lang='lat' dir='ltr'><strong>Si</strong></span> <span class='ocrx_word' id='word_1_696' title='bbox 2168 3238 2463 3307; x_wconf 83' lang='lat' dir='ltr'><strong>temporale</strong></span> <span class='ocrx_word' id='word_1_697' title='bbox 2491 3238 2699 3291; x_wconf 89' lang='lat' dir='ltr'><strong>initiunt</strong></span> <span class='ocrx_word' id='word_1_698' title='bbox 2731 3250 3025 3304; x_wconf 87' lang='lat' dir='ltr'><strong>accepere,</strong></span> <span class='ocrx_word' id='word_1_699' title='bbox 3079 3248 3145 3287; x_wconf 85' lang='lat' dir='ltr'><strong>ne</strong></span> <span class='ocrx_word' id='word_1_700' title='bbox 3191 3233 3401 3287; x_wconf 78' lang='lat' dir='ltr'><strong>dubites</strong></span> <span class='ocrx_word' id='word_1_701' title='bbox 3449 3234 3516 3287; x_wconf 79' lang='lat' dir='ltr'><strong>de</strong></span> 
     </span>
    </p>
   </div>
   <div class='ocr_carea' id='block_1_99' title="bbox 1954 3325 3516 3400">
    <p class='ocr_par' dir='ltr' id='par_1_99' title="bbox 1954 3325 3516 3400">
     <span class='ocr_line' id='line_1_99' title="bbox 1954 3325 3516 3400; baseline -0.006 -13"><span class='ocrx_word' id='word_1_702' title='bbox 1954 3333 2079 3387; x_wconf 84' lang='lat' dir='ltr'><strong>ﬁne.</strong></span> <span class='ocrx_word' id='word_1_703' title='bbox 2113 3330 2246 3385; x_wconf 86' lang='lat' dir='ltr'><strong>Nam</strong></span> <span class='ocrx_word' id='word_1_704' title='bbox 2281 3332 2570 3400; x_wconf 81' lang='lat' dir='ltr'><strong>geometria</strong></span> <span class='ocrx_word' id='word_1_705' title='bbox 2591 3370 2606 3392; x_wconf 88' lang='lat'><strong>,</strong></span> <span class='ocrx_word' id='word_1_706' title='bbox 2640 3329 2873 3381; x_wconf 85' lang='lat' dir='ltr'><strong>rationes</strong></span> <span class='ocrx_word' id='word_1_707' title='bbox 2918 3326 3304 3391; x_wconf 67' lang='lat' dir='ltr'><strong>arithmeticae,</strong></span> <span class='ocrx_word' id='word_1_708' title='bbox 3340 3325 3516 3393; x_wconf 87' lang='lat' dir='ltr'><strong>inqui-</strong></span> 
     </span>
    </p>
   </div>
   <div class='ocr_carea' id='block_1_100' title="bbox 1954 3418 3515 3483">
    <p class='ocr_par' dir='ltr' id='par_1_100' title="bbox 1954 3418 3515 3483">
     <span class='ocr_line' id='line_1_100' title="bbox 1954 3418 3515 3483; baseline -0.006 -3"><span class='ocrx_word' id='word_1_709' title='bbox 1954 3426 2173 3480; x_wconf 75' lang='lat' dir='ltr'><strong>sitioaes</strong></span> <span class='ocrx_word' id='word_1_710' title='bbox 2203 3426 2269 3478; x_wconf 88' lang='lat' dir='ltr'><strong>de</strong></span> <span class='ocrx_word' id='word_1_711' title='bbox 2305 3424 2489 3478; x_wconf 84' lang='lat' dir='ltr'><strong>solidis</strong></span> <span class='ocrx_word' id='word_1_712' title='bbox 2512 3463 2526 3483; x_wconf 84' lang='lat'><strong>,</strong></span> <span class='ocrx_word' id='word_1_713' title='bbox 2558 3420 2883 3475; x_wconf 86' lang='lat' dir='ltr'><strong>astronomia</strong></span> <span class='ocrx_word' id='word_1_714' title='bbox 2921 3421 3055 3472; x_wconf 85' lang='lat' dir='ltr'><strong>adeo</strong></span> <span class='ocrx_word' id='word_1_715' title='bbox 3082 3418 3384 3483; x_wconf 79' lang='lat' dir='ltr'><strong>decantata,</strong></span> <span class='ocrx_word' id='word_1_716' title='bbox 3416 3432 3515 3471; x_wconf 84' lang='lat' dir='ltr'><strong>ne-</strong></span> 
     </span>
    </p>
   </div>
   <div class='ocr_carea' id='block_1_101' title="bbox 1956 3506 3516 3584">
    <p class='ocr_par' dir='ltr' id='par_1_101' title="bbox 1956 3506 3516 3584">
     <span class='ocr_line' id='line_1_101' title="bbox 1956 3506 3516 3584; baseline -0.004 -16"><span class='ocrx_word' id='word_1_717' title='bbox 1956 3514 2316 3584; x_wconf 88' lang='lat' dir='ltr'><strong>gotiosissima</strong></span> <span class='ocrx_word' id='word_1_718' title='bbox 2353 3513 2558 3565; x_wconf 75' lang='lat' dir='ltr'><strong>vanitas</strong></span> <span class='ocrx_word' id='word_1_719' title='bbox 2583 3552 2596 3575; x_wconf 90' lang='lat'><strong>,</strong></span> <span class='ocrx_word' id='word_1_720' title='bbox 2632 3510 2697 3563; x_wconf 87' lang='lat' dir='ltr'><strong>ad</strong></span> <span class='ocrx_word' id='word_1_721' title='bbox 2746 3508 2955 3579; x_wconf 89' lang='lat' dir='ltr'><strong>qualem</strong></span> <span class='ocrx_word' id='word_1_722' title='bbox 2998 3508 3156 3562; x_wconf 80' lang='lat' dir='ltr'><strong>linem</strong></span> <span class='ocrx_word' id='word_1_723' title='bbox 3210 3506 3516 3563; x_wconf 70' lang='lat' dir='ltr'><strong>divertunt?</strong></span> 
     </span>
    </p>
   </div>
   <div class='ocr_carea' id='block_1_102' title="bbox 1958 3600 3515 3672">
    <p class='ocr_par' dir='ltr' id='par_1_102' title="bbox 1958 3600 3515 3672">
     <span class='ocr_line' id='line_1_102' title="bbox 1958 3600 3515 3672; baseline -0.004 -15"><span class='ocrx_word' id='word_1_724' title='bbox 1958 3604 2234 3672; x_wconf 87' lang='lat' dir='ltr'><strong>Siquidem</strong></span> <span class='ocrx_word' id='word_1_725' title='bbox 2283 3603 2539 3656; x_wconf 80' lang='lat' dir='ltr'><strong>harumce</strong></span> <span class='ocrx_word' id='word_1_726' title='bbox 2588 3616 2764 3654; x_wconf 86' lang='lat' dir='ltr'><strong>rerum</strong></span> <span class='ocrx_word' id='word_1_727' title='bbox 2814 3601 3040 3654; x_wconf 90' lang='lat' dir='ltr'><strong>studiosi</strong></span> <span class='ocrx_word' id='word_1_728' title='bbox 3088 3601 3229 3653; x_wconf 86' lang='lat' dir='ltr'><strong>hunc</strong></span> <span class='ocrx_word' id='word_1_729' title='bbox 3259 3600 3515 3653; x_wconf 87' lang='lat' dir='ltr'><strong>mundum</strong></span> 
     </span>
    </p>
   </div>
   <div class='ocr_carea' id='block_1_103' title="bbox 1954 3692 3517 3761">
    <p class='ocr_par' dir='ltr' id='par_1_103' title="bbox 1954 3692 3517 3761">
     <span class='ocr_line' id='line_1_103' title="bbox 1954 3692 3517 3761; baseline -0.003 -14"><span class='ocrx_word' id='word_1_730' title='bbox 1954 3694 2217 3750; x_wconf 86' lang='lat' dir='ltr'><strong>visibilem</strong></span> <span class='ocrx_word' id='word_1_731' title='bbox 2251 3695 2637 3761; x_wconf 89' lang='lat' dir='ltr'><strong>sempiternum</strong></span> <span class='ocrx_word' id='word_1_732' title='bbox 2665 3706 2786 3746; x_wconf 91' lang='lat' dir='ltr'><strong>esse</strong></span> <span class='ocrx_word' id='word_1_733' title='bbox 2813 3706 2914 3746; x_wconf 89' lang='lat' dir='ltr'><strong>una</strong></span> <span class='ocrx_word' id='word_1_734' title='bbox 2948 3706 3069 3745; x_wconf 91' lang='lat' dir='ltr'><strong>cum</strong></span> <span class='ocrx_word' id='word_1_735' title='bbox 3102 3693 3381 3746; x_wconf 85' lang='lat' dir='ltr'><strong>conditore</strong></span> <span class='ocrx_word' id='word_1_736' title='bbox 3403 3692 3517 3743; x_wconf 85' lang='lat' dir='ltr'><strong>noi-</strong></span> 
     </span>
    </p>
   </div>
   <div class='ocr_carea' id='block_1_104' title="bbox 1954 3782 3511 3852">
    <p class='ocr_par' dir='ltr' id='par_1_104' title="bbox 1954 3782 3511 3852">
     <span class='ocr_line' id='line_1_104' title="bbox 1954 3782 3511 3852; baseline -0.002 -13"><span class='ocrx_word' id='word_1_737' title='bbox 1954 3802 2233 3841; x_wconf 89' lang='lat' dir='ltr'><strong>versorum</strong></span> <span class='ocrx_word' id='word_1_738' title='bbox 2280 3787 2385 3840; x_wconf 90' lang='lat' dir='ltr'><strong>Deo</strong></span> <span class='ocrx_word' id='word_1_739' title='bbox 2413 3787 2800 3852; x_wconf 79' lang='lat' dir='ltr'><strong>decreverunt;</strong></span> <span class='ocrx_word' id='word_1_740' title='bbox 2843 3786 3039 3839; x_wconf 92' lang='lat' dir='ltr'><strong>mundo</strong></span> <span class='ocrx_word' id='word_1_741' title='bbox 3070 3782 3477 3851; x_wconf 88' lang='lat' dir='ltr'><strong>circumscripto</strong></span> <span class='ocrx_word' id='word_1_742' title='bbox 3497 3824 3511 3847; x_wconf 89' lang='lat'><strong>,</strong></span> 
     </span>
    </p>
   </div>
   <div class='ocr_carea' id='block_1_105' title="bbox 1958 3874 3515 3948">
    <p class='ocr_par' dir='ltr' id='par_1_105' title="bbox 1958 3874 3515 3948">
     <span class='ocr_line' id='line_1_105' title="bbox 1958 3874 3515 3948; baseline -0.003 -15"><span class='ocrx_word' id='word_1_743' title='bbox 1958 3880 2241 3948; x_wconf 87' lang='lat' dir='ltr'><strong>eidemque</strong></span> <span class='ocrx_word' id='word_1_744' title='bbox 2289 3894 2485 3946; x_wconf 87' lang='lat' dir='ltr'><strong>corpus</strong></span> <span class='ocrx_word' id='word_1_745' title='bbox 2532 3892 2596 3931; x_wconf 77' lang='lat' dir='ltr'><strong>ex</strong></span> <span class='ocrx_word' id='word_1_746' title='bbox 2638 3879 2862 3932; x_wconf 88' lang='lat' dir='ltr'><strong>materia</strong></span> <span class='ocrx_word' id='word_1_747' title='bbox 2918 3886 3253 3932; x_wconf 78' lang='lat' dir='ltr'><strong>compactum</strong></span> <span class='ocrx_word' id='word_1_748' title='bbox 3297 3874 3515 3931; x_wconf 83' lang='lat' dir='ltr'><strong>babenti</strong></span> 
     </span>
    </p>
   </div>
   <div class='ocr_carea' id='block_1_106' title="bbox 1960 4102 2359 4157">
    <p class='ocr_par' dir='ltr' id='par_1_106' title="bbox 1960 4102 2359 4157">
     <span class='ocr_line' id='line_1_106' title="bbox 1960 4102 2359 4157; baseline -0.008 0"><span class='ocrx_word' id='word_1_749' title='bbox 1960 4102 2187 4157; x_wconf 87' lang='lat' dir='ltr'><strong>ctrinam</strong></span> <span class='ocrx_word' id='word_1_750' title='bbox 2231 4102 2359 4155; x_wconf 78' lang='lat' dir='ltr'><strong>nihil</strong></span> 
     </span>
    </p>
   </div>
   <div class='ocr_carea' id='block_1_107' title="bbox 1961 4169 3516 4239">
    <p class='ocr_par' dir='ltr' id='par_1_107' title="bbox 1961 4169 3516 4239">
     <span class='ocr_line' id='line_1_107' title="bbox 1961 4169 3516 4239; baseline 0.001 -13"><span class='ocrx_word' id='word_1_751' title='bbox 1961 4188 2101 4226; x_wconf 90' lang='lat' dir='ltr'><strong>mus.</strong></span> <span class='ocrx_word' id='word_1_752' title='bbox 2132 4173 2303 4225; x_wconf 84' lang='lat' dir='ltr'><strong>Causa</strong></span> <span class='ocrx_word' id='word_1_753' title='bbox 2333 4169 2508 4224; x_wconf 81' lang='lat' dir='ltr'><strong>autem</strong></span> <span class='ocrx_word' id='word_1_754' title='bbox 2530 4186 2626 4222; x_wconf 89' lang='lat' dir='ltr'><strong>cur</strong></span> <span class='ocrx_word' id='word_1_755' title='bbox 2651 4169 2957 4236; x_wconf 83' lang='lat' dir='ltr'><strong>itajudicet,</strong></span> <span class='ocrx_word' id='word_1_756' title='bbox 2988 4173 3099 4226; x_wconf 66' lang='lat' dir='ltr'><strong>haec</strong></span> <span class='ocrx_word' id='word_1_757' title='bbox 3124 4181 3225 4239; x_wconf 84' lang='lat' dir='ltr'><strong>est,</strong></span> <span class='ocrx_word' id='word_1_758' title='bbox 3251 4169 3390 4239; x_wconf 81' lang='lat' dir='ltr'><strong>quod</strong></span> <span class='ocrx_word' id='word_1_759' title='bbox 3418 4192 3516 4228; x_wconf 85' lang='lat' dir='ltr'><strong>au-</strong></span> 
     </span>
    </p>
   </div>
   <div class='ocr_carea' id='block_1_108' title="bbox 1960 4241 3511 4311">
    <p class='ocr_par' dir='ltr' id='par_1_108' title="bbox 1960 4241 3511 4311">
     <span class='ocr_line' id='line_1_108' title="bbox 1960 4241 3511 4311; baseline 0.001 -16"><span class='ocrx_word' id='word_1_760' title='bbox 1960 4242 2061 4308; x_wconf 81' lang='lat' dir='ltr'><strong>geli</strong></span> <span class='ocrx_word' id='word_1_761' title='bbox 2103 4243 2386 4311; x_wconf 86' lang='lat' dir='ltr'><strong>animaque</strong></span> <span class='ocrx_word' id='word_1_762' title='bbox 2434 4241 2711 4307; x_wconf 64' lang='lat' dir='ltr'><strong>coeperint,</strong></span> <span class='ocrx_word' id='word_1_763' title='bbox 2748 4256 2847 4294; x_wconf 89' lang='lat' dir='ltr'><strong>nec</strong></span> <span class='ocrx_word' id='word_1_764' title='bbox 2887 4249 3063 4293; x_wconf 86' lang='lat' dir='ltr'><strong>tamen</strong></span> <span class='ocrx_word' id='word_1_765' title='bbox 3111 4243 3219 4311; x_wconf 72' lang='lat' dir='ltr'><strong>sint</strong></span> <span class='ocrx_word' id='word_1_766' title='bbox 3278 4257 3511 4310; x_wconf 82' lang='lat' dir='ltr'><strong>unquam</strong></span> 
     </span>
    </p>
   </div>
   <div class='ocr_carea' id='block_1_109' title="bbox 1960 4310 3512 4381">
    <p class='ocr_par' dir='ltr' id='par_1_109' title="bbox 1960 4310 3512 4381">
     <span class='ocr_line' id='line_1_109' title="bbox 1960 4310 3512 4381; baseline 0.002 -17"><span class='ocrx_word' id='word_1_767' title='bbox 1960 4312 2201 4364; x_wconf 85' lang='lat' dir='ltr'><strong>desituri.</strong></span> <span class='ocrx_word' id='word_1_768' title='bbox 2229 4313 2333 4365; x_wconf 83' lang='lat' dir='ltr'><strong>Sed</strong></span> <span class='ocrx_word' id='word_1_769' title='bbox 2358 4313 2477 4381; x_wconf 91' lang='lat' dir='ltr'><strong>quis</strong></span> <span class='ocrx_word' id='word_1_770' title='bbox 2504 4326 2603 4363; x_wconf 90' lang='lat' dir='ltr'><strong>non</strong></span> <span class='ocrx_word' id='word_1_771' title='bbox 2649 4311 2786 4363; x_wconf 73' lang='lat' dir='ltr'><strong>ridet</strong></span> <span class='ocrx_word' id='word_1_772' title='bbox 2810 4311 3107 4364; x_wconf 68' lang='lat' dir='ltr'><strong>i&#39;nmerenti</strong></span> <span class='ocrx_word' id='word_1_773' title='bbox 3144 4310 3341 4365; x_wconf 87' lang='lat' dir='ltr'><strong>Basilio</strong></span> <span class='ocrx_word' id='word_1_774' title='bbox 3364 4315 3512 4367; x_wconf 88' lang='lat' dir='ltr'><strong>litem</strong></span> 
     </span>
    </p>
   </div>
   <div class='ocr_carea' id='block_1_110' title="bbox 1964 4381 3514 4451">
    <p class='ocr_par' dir='ltr' id='par_1_110' title="bbox 1964 4381 3514 4451">
     <span class='ocr_line' id='line_1_110' title="bbox 1964 4381 3514 4451; baseline 0.003 -18"><span class='ocrx_word' id='word_1_775' title='bbox 1964 4381 2168 4443; x_wconf 83' lang='lat' dir='ltr'><strong>inferri,</strong></span> <span class='ocrx_word' id='word_1_776' title='bbox 2195 4397 2314 4433; x_wconf 90' lang='lat' dir='ltr'><strong>cum</strong></span> <span class='ocrx_word' id='word_1_777' title='bbox 2369 4389 2576 4451; x_wconf 88' lang='lat' dir='ltr'><strong>constet</strong></span> <span class='ocrx_word' id='word_1_778' title='bbox 2603 4395 2724 4451; x_wconf 82' lang='lat' dir='ltr'><strong>eum</strong></span> <span class='ocrx_word' id='word_1_779' title='bbox 2770 4382 2869 4432; x_wconf 85' lang='lat' dir='ltr'><strong>hoc</strong></span> <span class='ocrx_word' id='word_1_780' title='bbox 2916 4381 3033 4451; x_wconf 87' lang='lat' dir='ltr'><strong>loco</strong></span> <span class='ocrx_word' id='word_1_781' title='bbox 3061 4396 3163 4432; x_wconf 90' lang='lat' dir='ltr'><strong>non</strong></span> <span class='ocrx_word' id='word_1_782' title='bbox 3215 4384 3278 4434; x_wconf 89' lang='lat' dir='ltr'><strong>de</strong></span> <span class='ocrx_word' id='word_1_783' title='bbox 3307 4384 3514 4451; x_wconf 85' lang='lat' dir='ltr'><strong>angelis</strong></span> 
     </span>
    </p>
   </div>
   <div class='ocr_carea' id='block_1_111' title="bbox 1964 4449 3509 4513">
    <p class='ocr_par' dir='ltr' id='par_1_111' title="bbox 1964 4449 3509 4513">
     <span class='ocr_line' id='line_1_111' title="bbox 1964 4449 3509 4513; baseline 0.001 -11"><span class='ocrx_word' id='word_1_784' title='bbox 1964 4460 2053 4503; x_wconf 88' lang='lat' dir='ltr'><strong>aut</strong></span> <span class='ocrx_word' id='word_1_785' title='bbox 2088 4456 2151 4504; x_wconf 87' lang='lat' dir='ltr'><strong>de</strong></span> <span class='ocrx_word' id='word_1_786' title='bbox 2189 4451 2387 4513; x_wconf 89' lang='lat' dir='ltr'><strong>anima,</strong></span> <span class='ocrx_word' id='word_1_787' title='bbox 2416 4450 2505 4503; x_wconf 84' lang='lat' dir='ltr'><strong>sed</strong></span> <span class='ocrx_word' id='word_1_788' title='bbox 2533 4451 2598 4502; x_wconf 91' lang='lat' dir='ltr'><strong>de</strong></span> <span class='ocrx_word' id='word_1_789' title='bbox 2632 4449 2758 4502; x_wconf 85' lang='lat' dir='ltr'><strong>solis</strong></span> <span class='ocrx_word' id='word_1_790' title='bbox 2782 4452 2939 4502; x_wconf 84' lang='lat' dir='ltr'><strong>rebus</strong></span> <span class='ocrx_word' id='word_1_791' title='bbox 2960 4450 3255 4503; x_wconf 87' lang='lat' dir='ltr'><strong>visibilibus</strong></span> <span class='ocrx_word' id='word_1_792' title='bbox 3278 4449 3509 4504; x_wconf 83' lang='lat' dir='ltr'><strong>locutum</strong></span> 
     </span>
    </p>
   </div>
   <div class='ocr_carea' id='block_1_112' title="bbox 1963 4518 3513 4587">
    <p class='ocr_par' dir='ltr' id='par_1_112' title="bbox 1963 4518 3513 4587">
     <span class='ocr_line' id='line_1_112' title="bbox 1963 4518 3513 4587; baseline 0.001 -15"><span class='ocrx_word' id='word_1_793' title='bbox 1963 4518 2164 4574; x_wconf 78' lang='lat' dir='ltr'><strong>fuisse?</strong></span> <span class='ocrx_word' id='word_1_794' title='bbox 2187 4520 2358 4587; x_wconf 86' lang='lat' dir='ltr'><strong>Ipsum</strong></span> <span class='ocrx_word' id='word_1_795' title='bbox 2383 4520 2660 4572; x_wconf 87' lang='lat' dir='ltr'><strong>audiamus</strong></span> <span class='ocrx_word' id='word_1_796' title='bbox 2681 4536 2693 4572; x_wconf 94' lang='lat'>:</span> <span class='ocrx_word' id='word_1_797' title='bbox 2718 4519 3010 4587; x_wconf 83' lang='lat' dir='ltr'><strong>Siquidem,</strong></span> <span class='ocrx_word' id='word_1_798' title='bbox 3046 4520 3237 4586; x_wconf 90' lang='lat' dir='ltr'><strong>inquit,</strong></span> <span class='ocrx_word' id='word_1_799' title='bbox 3266 4520 3513 4574; x_wconf 80' lang='lat' dir='ltr'><strong>harumce</strong></span> 
     </span>
    </p>
   </div>
   <div class='ocr_carea' id='block_1_113' title="bbox 1964 4588 3515 4655">
    <p class='ocr_par' dir='ltr' id='par_1_113' title="bbox 1964 4588 3515 4655">
     <span class='ocr_line' id='line_1_113' title="bbox 1964 4588 3515 4655; baseline 0.003 -16"><span class='ocrx_word' id='word_1_800' title='bbox 1964 4606 2132 4642; x_wconf 75' lang='lat' dir='ltr'><strong>rerum</strong></span> <span class='ocrx_word' id='word_1_801' title='bbox 2163 4591 2383 4642; x_wconf 80' lang='lat' dir='ltr'><strong>studiosi</strong></span> <span class='ocrx_word' id='word_1_802' title='bbox 2416 4588 2665 4640; x_wconf 80' lang='lat' dir='ltr'><strong>visibilem</strong></span> <span class='ocrx_word' id='word_1_803' title='bbox 2705 4589 2839 4639; x_wconf 81' lang='lat' dir='ltr'><strong>hunc</strong></span> <span class='ocrx_word' id='word_1_804' title='bbox 2867 4589 3115 4638; x_wconf 83' lang='lat' dir='ltr'><strong>mundum</strong></span> <span class='ocrx_word' id='word_1_805' title='bbox 3148 4591 3515 4655; x_wconf 79' lang='lat' dir='ltr'><strong>sempiternum</strong></span> 
     </span>
    </p>
   </div>
   <div class='ocr_carea' id='block_1_114' title="bbox 1963 4656 3513 4714">
    <p class='ocr_par' dir='ltr' id='par_1_114' title="bbox 1963 4656 3513 4714">
     <span class='ocr_line' id='line_1_114' title="bbox 1963 4656 3513 4714; baseline 0.003 -5"><span class='ocrx_word' id='word_1_806' title='bbox 1963 4677 2070 4711; x_wconf 68' lang='grc' dir='ltr'>εδκε</span> <span class='ocrx_word' id='word_1_807' title='bbox 2096 4676 2197 4712; x_wconf 82' lang='lat' dir='ltr'><strong>una</strong></span> <span class='ocrx_word' id='word_1_808' title='bbox 2232 4677 2345 4712; x_wconf 83' lang='lat' dir='ltr'><strong>cum</strong></span> <span class='ocrx_word' id='word_1_809' title='bbox 2369 4659 2633 4712; x_wconf 84' lang='lat' dir='ltr'><strong>conditore</strong></span> <span class='ocrx_word' id='word_1_810' title='bbox 2662 4657 3018 4708; x_wconf 79' lang='lat' dir='ltr'><strong>universorum</strong></span> <span class='ocrx_word' id='word_1_811' title='bbox 3040 4656 3144 4711; x_wconf 82' lang='lat' dir='ltr'><strong>Deo</strong></span> <span class='ocrx_word' id='word_1_812' title='bbox 3161 4660 3513 4714; x_wconf 79' lang='lat' dir='ltr'><strong>decreuerunt.</strong></span> 
     </span>
    </p>
   </div>
   <div class='ocr_carea' id='block_1_115' title="bbox 2390 4101 3515 4171">
    <p class='ocr_par' dir='ltr' id='par_1_115' title="bbox 2390 4101 3515 4171">
     <span class='ocr_line' id='line_1_115' title="bbox 2390 4101 3515 4171; baseline 0.006 -20"><span class='ocrx_word' id='word_1_813' title='bbox 2390 4102 2594 4171; x_wconf 80' lang='lat' dir='ltr'><strong>firmant</strong></span> <span class='ocrx_word' id='word_1_814' title='bbox 2622 4116 2753 4171; x_wconf 76' lang='lat' dir='ltr'><strong>esse,</strong></span> <span class='ocrx_word' id='word_1_815' title='bbox 2808 4101 2858 4153; x_wconf 91' lang='lat' dir='ltr'><strong>id</strong></span> <span class='ocrx_word' id='word_1_816' title='bbox 2892 4108 3093 4157; x_wconf 82' lang='lat' dir='ltr'><strong>temere</strong></span> <span class='ocrx_word' id='word_1_817' title='bbox 3129 4102 3331 4156; x_wconf 87' lang='lat' dir='ltr'><strong>dictum</strong></span> <span class='ocrx_word' id='word_1_818' title='bbox 3361 4115 3515 4171; x_wconf 79' lang='lat' dir='ltr'><strong>puta-</strong></span> 
     </span>
    </p>
   </div>
   <div class='ocr_carea' id='block_1_116' title="bbox 1890 4727 3503 4799">
    <p class='ocr_par' dir='ltr' id='par_1_116' title="bbox 1890 4727 3503 4799">
     <span class='ocr_line' id='line_1_116' title="bbox 1890 4727 3503 4799; baseline -0.001 -17"><span class='ocrx_word' id='word_1_819' title='bbox 1890 4743 1934 4796; x_wconf 81' lang='grc' dir='ltr'><strong>ι)</strong></span> <span class='ocrx_word' id='word_1_820' title='bbox 1964 4729 2093 4782; x_wconf 83' lang='lat' dir='ltr'><strong>Cum</strong></span> <span class='ocrx_word' id='word_1_821' title='bbox 2128 4730 2286 4799; x_wconf 82' lang='lat' dir='ltr'><strong>igitur</strong></span> <span class='ocrx_word' id='word_1_822' title='bbox 2314 4729 2486 4793; x_wconf 81' lang='lat' dir='ltr'><strong>angeli</strong></span> <span class='ocrx_word' id='word_1_823' title='bbox 2519 4738 2571 4780; x_wconf 88' lang='lat' dir='ltr'><strong>et</strong></span> <span class='ocrx_word' id='word_1_824' title='bbox 2594 4727 2783 4799; x_wconf 78' lang='lat' dir='ltr'><strong>anima</strong></span> <span class='ocrx_word' id='word_1_825' title='bbox 2802 4740 2895 4791; x_wconf 88' lang='lat' dir='ltr'><strong>per</strong></span> <span class='ocrx_word' id='word_1_826' title='bbox 2924 4740 2981 4779; x_wconf 86' lang='lat' dir='ltr'><strong>se</strong></span> <span class='ocrx_word' id='word_1_827' title='bbox 3008 4741 3110 4778; x_wconf 89' lang='lat' dir='ltr'><strong>non</strong></span> <span class='ocrx_word' id='word_1_828' title='bbox 3135 4728 3242 4799; x_wconf 87' lang='lat' dir='ltr'><strong>sint</strong></span> <span class='ocrx_word' id='word_1_829' title='bbox 3264 4740 3503 4796; x_wconf 86' lang='lat' dir='ltr'><strong>aspecta-</strong></span> 
     </span>
    </p>
   </div>
   <div class='ocr_carea' id='block_1_117' title="bbox 1964 4796 3518 4866">
    <p class='ocr_par' dir='ltr' id='par_1_117' title="bbox 1964 4796 3518 4866">
     <span class='ocr_line' id='line_1_117' title="bbox 1964 4796 3518 4866; baseline -0.001 -14"><span class='ocrx_word' id='word_1_830' title='bbox 1964 4801 2113 4855; x_wconf 87' lang='lat' dir='ltr'><strong>biles.</strong></span> <span class='ocrx_word' id='word_1_831' title='bbox 2148 4796 2243 4853; x_wconf 80' lang='lat' dir='ltr'><strong>nec</strong></span> <span class='ocrx_word' id='word_1_832' title='bbox 2263 4800 2430 4852; x_wconf 84' lang='lat' dir='ltr'><strong>oculis</strong></span> <span class='ocrx_word' id='word_1_833' title='bbox 2458 4797 2612 4866; x_wconf 80' lang='lat' dir='ltr'><strong>cerni</strong></span> <span class='ocrx_word' id='word_1_834' title='bbox 2643 4796 2868 4861; x_wconf 90' lang='lat' dir='ltr'><strong>possint,</strong></span> <span class='ocrx_word' id='word_1_835' title='bbox 2898 4810 3067 4866; x_wconf 85' lang='lat' dir='ltr'><strong>neque</strong></span> <span class='ocrx_word' id='word_1_836' title='bbox 3089 4799 3153 4850; x_wconf 93' lang='lat' dir='ltr'><strong>de</strong></span> <span class='ocrx_word' id='word_1_837' title='bbox 3184 4798 3304 4861; x_wconf 89' lang='lat' dir='ltr'><strong>hac,</strong></span> <span class='ocrx_word' id='word_1_838' title='bbox 3346 4813 3518 4866; x_wconf 84' lang='lat' dir='ltr'><strong>neque</strong></span> 
     </span>
    </p>
   </div>
   <div class='ocr_carea' id='block_1_118' title="bbox 1964 4864 3517 4935">
    <p class='ocr_par' dir='ltr' id='par_1_118' title="bbox 1964 4864 3517 4935">
     <span class='ocr_line' id='line_1_118' title="bbox 1964 4864 3517 4935; baseline -0.001 -15"><span class='ocrx_word' id='word_1_839' title='bbox 1964 4872 2028 4922; x_wconf 86' lang='lat' dir='ltr'><strong>de</strong></span> <span class='ocrx_word' id='word_1_840' title='bbox 2054 4869 2156 4921; x_wconf 91' lang='lat' dir='ltr'><strong>illis</strong></span> <span class='ocrx_word' id='word_1_841' title='bbox 2187 4868 2343 4921; x_wconf 88' lang='lat' dir='ltr'><strong>verba</strong></span> <span class='ocrx_word' id='word_1_842' title='bbox 2378 4867 2556 4919; x_wconf 79' lang='lat' dir='ltr'><strong>Basilii</strong></span> <span class='ocrx_word' id='word_1_843' title='bbox 2587 4864 2779 4919; x_wconf 87' lang='lat' dir='ltr'><strong>debent</strong></span> <span class='ocrx_word' id='word_1_844' title='bbox 2806 4865 2993 4931; x_wconf 86' lang='lat' dir='ltr'><strong>accipi.</strong></span> <span class='ocrx_word' id='word_1_845' title='bbox 3024 4865 3070 4918; x_wconf 87' lang='lat' dir='ltr'><strong>ls</strong></span> <span class='ocrx_word' id='word_1_846' title='bbox 3099 4867 3286 4920; x_wconf 89' lang='lat' dir='ltr'><strong>unicus</strong></span> <span class='ocrx_word' id='word_1_847' title='bbox 3323 4864 3517 4935; x_wconf 74' lang='lat' dir='ltr'><strong>scopas</strong></span> 
     </span>
    </p>
   </div>
   <div class='ocr_carea' id='block_1_119' title="bbox 1964 4934 3511 5006">
    <p class='ocr_par' dir='ltr' id='par_1_119' title="bbox 1964 4934 3511 5006">
     <span class='ocr_line' id='line_1_119' title="bbox 1964 4934 3511 5006; baseline -0.001 -15"><span class='ocrx_word' id='word_1_848' title='bbox 1964 4949 2046 4991; x_wconf 88' lang='lat' dir='ltr'><strong>est</strong></span> <span class='ocrx_word' id='word_1_849' title='bbox 2076 4937 2253 4991; x_wconf 89' lang='lat' dir='ltr'><strong>Patris</strong></span> <span class='ocrx_word' id='word_1_850' title='bbox 2279 4936 2581 5006; x_wconf 87' lang='lat' dir='ltr'><strong>gravissimi</strong></span> <span class='ocrx_word' id='word_1_851' title='bbox 2648 4950 2709 4987; x_wconf 88' lang='lat' dir='ltr'><strong>ac</strong></span> <span class='ocrx_word' id='word_1_852' title='bbox 2764 4934 3114 5003; x_wconf 85' lang='lat' dir='ltr'><strong>propositum,</strong></span> <span class='ocrx_word' id='word_1_853' title='bbox 3150 4945 3207 4987; x_wconf 92' lang='lat' dir='ltr'><strong>ut</strong></span> <span class='ocrx_word' id='word_1_854' title='bbox 3244 4934 3511 5000; x_wconf 87' lang='lat' dir='ltr'><strong>ostendat,</strong></span> 
     </span>
    </p>
   </div>
   <div class='ocr_carea' id='block_1_120' title="bbox 1964 5007 3513 5073">
    <p class='ocr_par' dir='ltr' id='par_1_120' title="bbox 1964 5007 3513 5073">
     <span class='ocr_line' id='line_1_120' title="bbox 1964 5007 3513 5073; baseline -0.001 -13"><span class='ocrx_word' id='word_1_855' title='bbox 1964 5007 2219 5061; x_wconf 85' lang='lat' dir='ltr'><strong>muudutit</strong></span> <span class='ocrx_word' id='word_1_856' title='bbox 2255 5022 2351 5072; x_wconf 86' lang='lat' dir='ltr'><strong>per</strong></span> <span class='ocrx_word' id='word_1_857' title='bbox 2378 5021 2437 5059; x_wconf 88' lang='lat' dir='ltr'><strong>se</strong></span> <span class='ocrx_word' id='word_1_858' title='bbox 2462 5014 2515 5058; x_wconf 85' lang='lat' dir='ltr'><strong>et</strong></span> <span class='ocrx_word' id='word_1_859' title='bbox 2546 5014 2731 5071; x_wconf 86' lang='lat' dir='ltr'><strong>suapte</strong></span> <span class='ocrx_word' id='word_1_860' title='bbox 2755 5013 2937 5057; x_wconf 89' lang='lat' dir='ltr'><strong>natura</strong></span> <span class='ocrx_word' id='word_1_861' title='bbox 2963 5016 3219 5056; x_wconf 64' lang='lat' dir='ltr'><strong>aeternum</strong></span> <span class='ocrx_word' id='word_1_862' title='bbox 3248 5021 3350 5059; x_wconf 87' lang='lat' dir='ltr'><strong>non</strong></span> <span class='ocrx_word' id='word_1_863' title='bbox 3373 5022 3513 5073; x_wconf 87' lang='lat' dir='ltr'><strong>esse,</strong></span> 
     </span>
    </p>
   </div>
   <div class='ocr_carea' id='block_1_121' title="bbox 1964 5073 3513 5145">
    <p class='ocr_par' dir='ltr' id='par_1_121' title="bbox 1964 5073 3513 5145">
     <span class='ocr_line' id='line_1_121' title="bbox 1964 5073 3513 5145; baseline -0.001 -15"><span class='ocrx_word' id='word_1_864' title='bbox 1964 5078 2057 5131; x_wconf 86' lang='lat' dir='ltr'><strong>sed</strong></span> <span class='ocrx_word' id='word_1_865' title='bbox 2091 5076 2350 5145; x_wconf 86' lang='lat' dir='ltr'><strong>quidquid</strong></span> <span class='ocrx_word' id='word_1_866' title='bbox 2386 5075 2597 5128; x_wconf 83' lang='lat' dir='ltr'><strong>visibile</strong></span> <span class='ocrx_word' id='word_1_867' title='bbox 2629 5075 2796 5145; x_wconf 78' lang='lat' dir='ltr'><strong>estin</strong></span> <span class='ocrx_word' id='word_1_868' title='bbox 2830 5073 3027 5145; x_wconf 76' lang='lat' dir='ltr'><strong>mundo</strong></span> <span class='ocrx_word' id='word_1_869' title='bbox 3052 5083 3212 5142; x_wconf 90' lang='lat' dir='ltr'><strong>atque</strong></span> <span class='ocrx_word' id='word_1_870' title='bbox 3239 5077 3513 5138; x_wconf 88' lang='lat' dir='ltr'><strong>sensibile,</strong></span> 
     </span>
    </p>
   </div>
   <div class='ocr_carea' id='block_1_122' title="bbox 1968 5141 3517 5215">
    <p class='ocr_par' dir='ltr' id='par_1_122' title="bbox 1968 5141 3517 5215">
     <span class='ocr_line' id='line_1_122' title="bbox 1968 5141 3517 5215; baseline 0.001 -16"><span class='ocrx_word' id='word_1_871' title='bbox 1968 5145 2020 5199; x_wconf 89' lang='lat' dir='ltr'><strong>id</strong></span> <span class='ocrx_word' id='word_1_872' title='bbox 2047 5141 2205 5199; x_wconf 80' lang='lat' dir='ltr'><strong>omne</strong></span> <span class='ocrx_word' id='word_1_873' title='bbox 2232 5141 2560 5215; x_wconf 66' lang='lat' dir='ltr'><strong>corruptioni</strong></span> <span class='ocrx_word' id='word_1_874' title='bbox 2614 5144 2908 5215; x_wconf 84' lang='lat' dir='ltr'><strong>subjacere.</strong></span> <span class='ocrx_word' id='word_1_875' title='bbox 2957 5141 3346 5215; x_wconf 32' lang='lat' dir='ltr'><strong>_Hane’_autem</strong></span> <span class='ocrx_word' id='word_1_876' title='bbox 3400 5147 3517 5215; x_wconf 77' lang='lat' dir='ltr'><strong>eius</strong></span> 
     </span>
    </p>
   </div>
   <div class='ocr_carea' id='block_1_123' title="bbox 1970 5210 3515 5283">
    <p class='ocr_par' dir='ltr' id='par_1_123' title="bbox 1970 5210 3515 5283">
     <span class='ocr_line' id='line_1_123' title="bbox 1970 5210 3515 5283; baseline 0.001 -16"><span class='ocrx_word' id='word_1_877' title='bbox 1970 5217 2045 5268; x_wconf 85' lang='lat' dir='ltr'><strong>rei</strong></span> <span class='ocrx_word' id='word_1_878' title='bbox 2075 5231 2293 5270; x_wconf 84' lang='lat' dir='ltr'><strong>causam</strong></span> <span class='ocrx_word' id='word_1_879' title='bbox 2320 5210 2547 5267; x_wconf 81' lang='lat' dir='ltr'><strong>Basilius</strong></span> <span class='ocrx_word' id='word_1_880' title='bbox 2580 5214 2692 5282; x_wconf 88' lang='lat' dir='ltr'><strong>ipse</strong></span> <span class='ocrx_word' id='word_1_881' title='bbox 2710 5210 2890 5266; x_wconf 84' lang='lat' dir='ltr'><strong>statim</strong></span> <span class='ocrx_word' id='word_1_882' title='bbox 2914 5210 3068 5264; x_wconf 80' lang='lat' dir='ltr'><strong>aﬂ‘ert</strong></span> <span class='ocrx_word' id='word_1_883' title='bbox 3097 5228 3111 5265; x_wconf 88' lang='lat'><strong>:</strong></span> <span class='ocrx_word' id='word_1_884' title='bbox 3138 5211 3249 5265; x_wconf 82' lang='lat' dir='ltr'><strong>Nec</strong></span> <span class='ocrx_word' id='word_1_885' title='bbox 3274 5216 3371 5267; x_wconf 85' lang='lat' dir='ltr'><strong>hoc</strong></span> <span class='ocrx_word' id='word_1_886' title='bbox 3400 5210 3515 5283; x_wconf 81' lang='lat' dir='ltr'><strong>qui-</strong></span> 
     </span>
    </p>
   </div>
   <div class='ocr_carea' id='block_1_124' title="bbox 1968 5284 3516 5351">
    <p class='ocr_par' dir='ltr' id='par_1_124' title="bbox 1968 5284 3516 5351">
     <span class='ocr_line' id='line_1_124' title="bbox 1968 5284 3516 5351; baseline 0.001 -14"><span class='ocrx_word' id='word_1_887' title='bbox 1968 5286 2107 5349; x_wconf 85' lang='lat' dir='ltr'><strong>dem,</strong></span> <span class='ocrx_word' id='word_1_888' title='bbox 2139 5285 2330 5351; x_wconf 86' lang='lat' dir='ltr'><strong>inquit,</strong></span> <span class='ocrx_word' id='word_1_889' title='bbox 2357 5284 2765 5337; x_wconf 81' lang='lat' dir='ltr'><strong>animadvertere</strong></span> <span class='ocrx_word' id='word_1_890' title='bbox 2796 5290 3098 5347; x_wconf 81' lang='lat' dir='ltr'><strong>potuerunt,</strong></span> <span class='ocrx_word' id='word_1_891' title='bbox 3145 5286 3283 5350; x_wconf 82' lang='lat' dir='ltr'><strong>quod</strong></span> <span class='ocrx_word' id='word_1_892' title='bbox 3314 5299 3516 5339; x_wconf 74' lang='lat' dir='ltr'><strong>necesse</strong></span> 
     </span>
    </p>
   </div>
   <div class='ocr_carea' id='block_1_125' title="bbox 1968 5352 3513 5423">
    <p class='ocr_par' dir='ltr' id='par_1_125' title="bbox 1968 5352 3513 5423">
     <span class='ocr_line' id='line_1_125' title="bbox 1968 5352 3513 5423; baseline -0.001 -17"><span class='ocrx_word' id='word_1_893' title='bbox 1968 5356 2035 5407; x_wconf 84' lang='lat' dir='ltr'><strong>sit</strong></span> <span class='ocrx_word' id='word_1_894' title='bbox 2066 5364 2249 5416; x_wconf 83' lang='lat' dir='ltr'><strong>totum,</strong></span> <span class='ocrx_word' id='word_1_895' title='bbox 2275 5356 2426 5420; x_wconf 83' lang='lat' dir='ltr'><strong>cujus</strong></span> <span class='ocrx_word' id='word_1_896' title='bbox 2458 5366 2626 5423; x_wconf 76' lang='lat' dir='ltr'><strong>partes</strong></span> <span class='ocrx_word' id='word_1_897' title='bbox 2650 5352 2965 5423; x_wconf 76' lang='lat' dir='ltr'><strong>corruptioui</strong></span> <span class='ocrx_word' id='word_1_898' title='bbox 2994 5363 3040 5423; x_wconf 77' lang='lat' dir='ltr'><strong>et</strong></span> <span class='ocrx_word' id='word_1_899' title='bbox 3081 5354 3358 5405; x_wconf 83' lang='lat' dir='ltr'><strong>mutationi</strong></span> <span class='ocrx_word' id='word_1_900' title='bbox 3385 5355 3513 5405; x_wconf 79' lang='lat' dir='ltr'><strong>sub-</strong></span> 
     </span>
    </p>
   </div>
   <div class='ocr_carea' id='block_1_126' title="bbox 1960 5420 3512 5492">
    <p class='ocr_par' dir='ltr' id='par_1_126' title="bbox 1960 5420 3512 5492">
     <span class='ocr_line' id='line_1_126' title="bbox 1960 5420 3512 5492; baseline 0.003 -20"><span class='ocrx_word' id='word_1_901' title='bbox 1960 5425 2160 5492; x_wconf 74' lang='lat' dir='ltr'><strong>jacent,</strong></span> <span class='ocrx_word' id='word_1_902' title='bbox 2189 5427 2356 5487; x_wconf 83' lang='lat' dir='ltr'><strong>ipsum</strong></span> <span class='ocrx_word' id='word_1_903' title='bbox 2386 5420 2587 5492; x_wconf 83' lang='lat' dir='ltr'><strong>quoque</strong></span> <span class='ocrx_word' id='word_1_904' title='bbox 2609 5422 2889 5490; x_wconf 84' lang='lat' dir='ltr'><strong>aliquando</strong></span> <span class='ocrx_word' id='word_1_905' title='bbox 2925 5420 3107 5473; x_wconf 81' lang='lat' dir='ltr'><strong>iisdem</strong></span> <span class='ocrx_word' id='word_1_906' title='bbox 3150 5423 3512 5489; x_wconf 77' lang='lat' dir='ltr'><strong>affectionibus</strong></span> 
     </span>
    </p>
   </div>
   <div class='ocr_carea' id='block_1_127' title="bbox 1968 5492 3513 5561">
    <p class='ocr_par' dir='ltr' id='par_1_127' title="bbox 1968 5492 3513 5561">
     <span class='ocr_line' id='line_1_127' title="bbox 1968 5492 3513 5561; baseline 0 -16"><span class='ocrx_word' id='word_1_907' title='bbox 1968 5495 2244 5546; x_wconf 75' lang='lat' dir='ltr'><strong>obnoxium</strong></span> <span class='ocrx_word' id='word_1_908' title='bbox 2289 5509 2418 5559; x_wconf 83' lang='lat' dir='ltr'><strong>esse,</strong></span> <span class='ocrx_word' id='word_1_909' title='bbox 2444 5505 2595 5561; x_wconf 79' lang='lat' dir='ltr'><strong>atque</strong></span> <span class='ocrx_word' id='word_1_910' title='bbox 2629 5492 2772 5545; x_wconf 75' lang='lat' dir='ltr'><strong>illius</strong></span> <span class='ocrx_word' id='word_1_911' title='bbox 2804 5501 2993 5556; x_wconf 82' lang='lat' dir='ltr'><strong>partes.</strong></span> <span class='ocrx_word' id='word_1_912' title='bbox 3027 5492 3196 5561; x_wconf 24' lang='lat' dir='ltr'><strong>AQund</strong></span> <span class='ocrx_word' id='word_1_913' title='bbox 3224 5506 3513 5560; x_wconf 87' lang='lat' dir='ltr'><strong>argumen-</strong></span> 
     </span>
    </p>
   </div>
   <div class='ocr_carea' id='block_1_128' title="bbox 1968 5559 3513 5633">
    <p class='ocr_par' dir='ltr' id='par_1_128' title="bbox 1968 5559 3513 5633">
     <span class='ocr_line' id='line_1_128' title="bbox 1968 5559 3513 5633; baseline 0 -18"><span class='ocrx_word' id='word_1_914' title='bbox 1968 5563 2111 5616; x_wconf 89' lang='lat' dir='ltr'><strong>tandi</strong></span> <span class='ocrx_word' id='word_1_915' title='bbox 2150 5578 2317 5633; x_wconf 89' lang='lat' dir='ltr'><strong>genus</strong></span> <span class='ocrx_word' id='word_1_916' title='bbox 2366 5559 2633 5631; x_wconf 26' lang='lat' dir='ltr'><strong>pace‘viri</strong></span> <span class='ocrx_word' id='word_1_917' title='bbox 2678 5561 2971 5633; x_wconf 73' lang='lat' dir='ltr'><strong>doctissimi</strong></span> <span class='ocrx_word' id='word_1_918' title='bbox 3010 5559 3235 5633; x_wconf 77' lang='lat' dir='ltr'><strong>dixerim</strong></span> <span class='ocrx_word' id='word_1_919' title='bbox 3291 5559 3513 5615; x_wconf 85' lang='lat' dir='ltr'><strong>multum</strong></span> 
     </span>
    </p>
   </div>
   <div class='ocr_carea' id='block_1_129' title="bbox 1959 5628 3516 5700">
    <p class='ocr_par' dir='ltr' id='par_1_129' title="bbox 1959 5628 3516 5700">
     <span class='ocr_line' id='line_1_129' title="bbox 1959 5628 3516 5700; baseline 0 -14"><span class='ocrx_word' id='word_1_920' title='bbox 1959 5628 2439 5687; x_wconf 57' lang='lat' dir='ltr'><strong>babere&#39;tnomeuti</strong></span> <span class='ocrx_word' id='word_1_921' title='bbox 2471 5644 2630 5700; x_wconf 89' lang='lat' dir='ltr'><strong>atque</strong></span> <span class='ocrx_word' id='word_1_922' title='bbox 2665 5630 2893 5684; x_wconf 90' lang='lat' dir='ltr'><strong>roboris.</strong></span> <span class='ocrx_word' id='word_1_923' title='bbox 2920 5628 3169 5700; x_wconf 80' lang='lat' dir='ltr'><strong>Basiliam</strong></span> <span class='ocrx_word' id='word_1_924' title='bbox 3196 5643 3410 5688; x_wconf 88' lang='lat' dir='ltr'><strong>secutus</strong></span> <span class='ocrx_word' id='word_1_925' title='bbox 3433 5643 3516 5687; x_wconf 90' lang='lat' dir='ltr'><strong>est</strong></span> 
     </span>
    </p>
   </div>
   <div class='ocr_carea' id='block_1_130' title="bbox 1958 5699 3372 5769">
    <p class='ocr_par' dir='ltr' id='par_1_130' title="bbox 1958 5699 3372 5769">
     <span class='ocr_line' id='line_1_130' title="bbox 1958 5699 3372 5769; baseline -0.001 -13"><span class='ocrx_word' id='word_1_926' title='bbox 1958 5701 2295 5766; x_wconf 73' lang='lat' dir='ltr'><strong>Ambrosius,</strong></span> <span class='ocrx_word' id='word_1_927' title='bbox 2340 5703 2430 5758; x_wconf 89' lang='lat' dir='ltr'><strong>lib.</strong></span> <span class='ocrx_word' id='word_1_928' title='bbox 2462 5719 2478 5756; x_wconf 90' lang='grc' dir='ltr'><strong>ι</strong></span> <span class='ocrx_word' id='word_1_929' title='bbox 2512 5699 2563 5755; x_wconf 73' lang='lat' dir='ltr'><strong>in</strong></span> <span class='ocrx_word' id='word_1_930' title='bbox 2593 5701 2847 5756; x_wconf 79' lang='lat' dir='ltr'><strong>Hexaem.</strong></span> <span class='ocrx_word' id='word_1_931' title='bbox 2872 5714 2990 5769; x_wconf 82' lang='lat' dir='ltr'><strong>pag.</strong></span> <span class='ocrx_word' id='word_1_932' title='bbox 3016 5699 3067 5763; x_wconf 89' lang='lat'><strong>6,</strong></span> <span class='ocrx_word' id='word_1_933' title='bbox 3100 5716 3246 5754; x_wconf 88' lang='lat' dir='ltr'><strong>num.</strong></span> <span class='ocrx_word' id='word_1_934' title='bbox 3287 5701 3372 5754; x_wconf 79' lang='grc'><strong>10.</strong></span> 
     </span>
    </p>
   </div>
  </div>
