4058 6456
527 376 586 434 Η
1908 382 1966 438 S.
2006 379 2248 436 BASlLll
2287 379 2504 436 MAGNI
3721 377 3784 432 l2

521 494 771 556 eamdem
795 494 1023 564 gloriam
1052 504 1217 568 atque
1245 495 1778 568 incomprehensibili
1821 505 2028 551 natura:
2047 504 2101 550 et

2206 509 2296 558 τες
2362 492 2473 562 (29)
2522 493 2612 546 τὸν
2677 491 3192 564 περιγεγραμμένον
3234 492 3326 544 καὶ
3379 492 3536 563 σῶμα
3585 491 3782 561 ἔχοντα

526 587 783 644 invisibili
824 588 1149 644 tribuentes.
1183 589 1259 645 Ne
1289 591 1392 646 hoc
1422 591 1639 661 quidem
1663 591 2098 645 animadvertere

523 690 820 751 potuerunt
845 722 860 744 ,
897 682 1039 756 quod
1078 695 1301 737 necesse
1340 683 1412 736 sit
1443 692 1493 736 et
1537 692 1706 737 totum
1738 681 1890 750 cujus
1917 693 2101 752 partes

523 773 858 841 eorruptioni
883 782 937 827 et
956 773 1239 828 mutationi
1265 774 1567 843 subiacent,
1590 776 1781 829 iisdem
1809 774 2101 844 aliquando

525 863 820 917 obnoxium
867 877 991 918 esse
1031 862 1412 918 aﬂ‘ectionibus
1439 905 1453 927 ,
1484 875 1648 933 atque
1679 864 1850 934 ipsius
1895 873 2096 933 partes.

520 953 629 1008 Sed
654 968 823 1021 usque
863 955 997 1009 adeo
1027 953 1367 1008 Evanuerunt
1408 957 1461 1008 in
1508 955 1919 1025 cogitationibus
1953 957 2098 1018 suis,

520 1053 570 1100 et
597 1045 934 1098 obscuratum
965 1055 1040 1100 est
1071 1047 1321 1114 insipiens
1355 1064 1445 1101 cor
1476 1065 1680 1111 eorum,
1714 1062 1760 1101 et
1785 1051 2012 1104 dicentes
2044 1065 2101 1104 se

518 1154 632 1192 esse
657 1141 917 1206 sapientes
946 1180 960 1200 ,
998 1141 1067 1193 ita
1108 1140 1262 1193 stulti
1285 1141 1413 1208 [acti
1443 1143 1624 1206 sunt",
1667 1152 1723 1193 ut
1749 1142 1840 1194 alii
1881 1142 2097 1209 quidem

521 1225 681 1280 simul
717 1241 838 1280 cum
867 1227 978 1282 Deo
1016 1228 1213 1281 caelum
1245 1231 1310 1284 ab
1335 1239 1538 1284 aeterno
1573 1231 1834 1285 exsistere
1864 1232 2100 1285 allirma-

522 1321 667 1385 rint;
696 1319 785 1373 alii
821 1334 947 1373 vero
977 1320 1104 1374 illud
1135 1323 1307 1386 ipsum
1333 1338 1392 1377 es
1424 1339 1454 1376 e
1489 1323 1652 1378 Deum
1686 1324 1800 1378 sine
1831 1325 2098 1393 principio

522 1414 718 1469 etsiue
742 1413 866 1475 line,
903 1422 1063 1483 atque
1093 1417 1505 1484 gubernationis
1546 1433 1722 1472 rerum
1761 1417 2096 1488 singularum

523 1516 745 1557 causam
778 1517 900 1558 esse
922 1507 1234 1559 statuerint.

592 1595 648 1649 4.
689 1594 941 1651 Proiecto
966 1597 1155 1651 isthmc
1196 1598 1478 1654 mundanae
1523 1602 1805 1671 sapientiae
1828 1602 1986 1670 copia
2020 1602 2100 1658 eis

523 1688 816 1759 aliquando
871 1691 1376 1746 condemnationem
1445 1704 1690 1749 accerset
1760 1697 2096 1765 graviorem,

521 1780 721 1848 quippe
747 1780 874 1849 quia
908 1783 1044 1836 adeo
1069 1792 1282 1836 acutum
1319 1784 1371 1837 in
1403 1786 1559 1838 vanis
1585 1786 1742 1840 rebus
1777 1795 2060 1841 cernentes
2081 1824 2095 1849 .

2205 585 2408 648 ὑλικὸν,
2457 588 2521 656 τῇ
2565 584 2922 656 ἀπεριλήπτῳ
2968 583 3063 638 καὶ
3122 584 3337 656 ἀοράτῳ
3394 585 3574 654 φύσει,
3633 585 3772 656 μηδὲ

2197 677 2453 730 τοσοῦτον
2479 676 2794 746 δυνηθέντες
2819 673 3159 746 ὲννοηθῆναι,
3202 677 3282 728 ὅτι
3300 669 3360 728 οὗ
3391 675 3610 746 τὰμέρη
3646 674 3782 744 $90-

2203 772 2324 839 ραῖς
2356 767 2450 820 καὶ
2477 767 2824 821 ἀλλοιώσεσιν
2860 768 3164 829 ὑπόκειται,
3189 764 3380 819 τούτου
3412 767 3508 818 καὶ
3556 765 3609 817 τὸ
3659 765 3786 818 ὅλον

2201 860 2413 931 ἀνάγκη
2443 861 2570 914 ποτὲ
2601 861 2669 913 τά
2716 858 2855 912 αὑτά
2885 859 3182 929 παθήματα
3212 860 3323 922 τοῖς
3348 859 3565 921 οἰκείοις
3619 858 3785 931 μέρε-

2203 972 2284 1008 σιν
2319 953 2636 1023 ὑποστῆναι.
2678 951 2836 1005 Ἀλλά
2870 951 3117 1005 τοσοῦτον
3152 948 3632 1019 Ἐματαιώθησαν
3658 949 3785 1014 τοῖς

2200 1044 2609 1114 διαλογισμοῖς
2649 1042 2866 1108 αὐτῶν,
2918 1043 3015 1096 καὶ
3048 1044 3375 1111 ἐσκοτίσθη
3411 1044 3448 1109 ὴ
3486 1043 3785 1107 ἀσύνετος

2201 1137 2398 1189 αὐτῶν
2431 1137 2664 1204 καρδία,
2708 1135 2805 1190 καὶ
2845 1134 3184 1205 φάσκοντες
3233 1135 3386 1188 εἶναι
3429 1133 3608 1201 σοφοὶ
3636 1134 3786 1202 ἐμω-

2194 1229 2535 1297 ράνθησαν,
2571 1228 2710 1280 ὥστε
2743 1231 2791 1281 oi
2833 1229 2929 1298 μὲν
2969 1229 3333 1299 συνυπάρχειν
3377 1227 3435 1293 ἐξ
3485 1226 3656 1279 ἀῖδίου
3703 1225 3786 1296 τῷ

2201 1321 2320 1390 Θεῷ
2347 1321 2439 1374 τὸν
2470 1322 2698 1392 οὐρανὸν
2720 1323 3083 1392 ἀπεφήναντο·
3120 1322 3168 1374 oi
3203 1321 3258 1374 δὲ
3290 1321 3450 1378 αὑτὸν
3485 1316 3624 1373 εἶναι
3649 1318 3786 1372 Θεὸν

2200 1416 2433 1486 ἀναρχόν
2467 1431 2523 1466 τε
2560 1414 2667 1482 (50)
2713 1415 2805 1465 καὶ
2835 1413 3210 1485 ἀτελεύτητον,
3255 1414 3472 1484 καὶτῆς
3495 1412 3604 1465 τῶν
3638 1411 3788 1465 κατὰ

2205 1506 2370 1576 μέρος
2403 1503 2717 1574 οἰκονομίας
2743 1503 2932 1555 αἴτιον.

2269 1601 2324 1653 4.
2350 1594 2530 1651 Ἦπου
2577 1597 2758 1658 αὐτοῖς
2798 1598 2829 1666 ἡ
2863 1595 3148 1666 περιουσία
3187 1598 3286 1667 τῆς
3328 1597 3422 1650 τοῦ
3458 1597 3659 1668 κόσμου
3696 1613 3788 1650 σοι

2201 1692 2328 1761 φίας
2372 1690 2684 1762 προσθήκην
2725 1688 2862 1741 οἴσει
2919 1689 3048 1740 ποτὲ
3092 1687 3192 1756 τῆς
3238 1689 3477 1760 χαλεπῆς
3520 1690 3791 1760 κατακρί-

2204 1801 2358 1848 σεως,
2385 1785 2468 1837 ὅτι
2494 1782 2666 1845 οὕτως
2699 1781 2790 1848 ὀξὺ
2816 1781 2943 1853 περὶ
2967 1781 3033 1834 τὰ
3063 1781 3264 1849 μάταια
3288 1779 3594 1847 βλέποντες,
3626 1783 3788 1835 ἑκόν-

521 1880 714 1938 suapte
744 1879 932 1937 sponte
960 1871 1012 1924 in
1043 1872 1389 1943 intelligenda
1417 1875 1640 1928 veritate
1665 1875 1922 1929 obcaecati
1947 1884 2094 1930 sunt.

2206 1893 2288 1938 τες
2329 1877 2463 1947 πρὸς
2494 1877 2591 1946 τὴν
2624 1875 2834 1932 σύνεσιν
2862 1874 2963 1943 τῆς
2994 1872 3249 1944 ἀληθείας
3288 1873 3784 1942 ἀπετυφλὼθησαν.

521 1960 623 2027 Qui
664 1976 828 2030 porro
856 1963 1027 2032 spatia
1058 1964 1416 2017 dimetiuntur
1447 1963 1747 2026 stellarum,
1787 1966 2095 2032 assignant-

519 2067 626 2122 que
656 2069 904 2122 qnzenam
939 2069 1155 2123 seraper
1190 2053 1502 2121 all’ulgeant,
1528 2064 1582 2108 et
1612 2070 1858 2121 qmcnam
1888 2064 2098 2122 septen-

520 2144 781 2198 trionales
813 2145 939 2210 sint,
981 2155 1037 2200 et
1081 2146 1170 2214 qui
1207 2147 1339 2200 sitas
1390 2147 1533 2200 circa
1570 2148 1872 2201 austrinum
1915 2148 2095 2217 polum

519 2235 706 2290 Stellas
737 2236 842 2291 illic
869 2237 1082 2306 quidem
1111 2239 1482 2292 habitantibus
1518 2239 1567 2310 5
1607 2241 1965 2310 conspicuas,
1999 2256 2097 2295 no-

521 2327 608 2382 bis
639 2343 764 2382 vero
797 2329 1008 2399 ignotas
1032 2331 1348 2384 describunt
1376 2371 1390 2395 ,
1425 2341 1479 2385 et
1504 2332 1840 2386 latitudinem
1885 2334 2095 2401 aquilo-

518 2436 704 2477 uarem
740 2439 802 2476 ac
832 2424 1112 2480 zodiacum
1137 2423 1397 2478 circulum
1425 2425 1724 2478 innumeris
1754 2426 1943 2494 spatiis
1965 2427 2099 2479 divi;-

521 2518 678 2580 dunt,
717 2526 772 2571 et
802 2527 1073 2575 astrorum
1107 2518 1504 2581 conversiones.
1536 2518 1905 2584 stabilitatem,
1936 2520 2099 2574 decli-

524 2609 795 2676 nationes,
829 2625 1125 2681 eorumque
1147 2613 1388 2665 omnium
1437 2613 1501 2665 ad
1538 2613 1713 2681 prima
1745 2613 1856 2668 loca
1893 2623 2095 2667 motum

521 2699 806 2770 diligenter
833 2700 1148 2763 observant,
1181 2709 1231 2754 et
1262 2712 1465 2769 quanto
1492 2711 1730 2771 tempore
1759 2704 2096 2770 unumquod-

520 2806 624 2858 que
649 2791 888 2846 siderum
937 2792 1244 2847 errantium
1281 2792 1569 2846 circuitum
1622 2808 1778 2846 suum
1835 2793 2092 2860 expleat:

520 2884 557 2939 li
582 2901 741 2939 unam
776 2901 841 2939 ex
868 2888 1120 2942 omnibus
1141 2895 1312 2940 artem
1338 2901 1442 2939 non
1481 2884 1735 2939 invenere
1755 2927 1768 2951 ,
1802 2900 1904 2954 qua
1935 2899 2101 2954 agno-

521 2986 737 3033 scerent
773 2979 939 3033 Deum
968 2994 1089 3034 esse
1118 2980 1354 3035 universi
1380 2979 1652 3048 opificem,
1689 2988 1744 3033 et
1772 2977 1980 3046 justum
2011 2978 2098 3046 ju-

519 3067 694 3121 dicem
723 3106 738 3131 ,
771 3069 1011 3124 actiones
1043 3072 1162 3126 vita:
1213 3088 1311 3141 pro
1361 3073 1556 3126 merito
1609 3080 2043 3126 remunerantem
2078 3089 2093 3137 ;

522 3176 698 3231 neque
745 3163 888 3218 banc
945 3166 1424 3219 consummationis
1471 3166 1859 3232 cogitationem
1909 3163 2094 3230 judicii

2214 1968 2353 2020 Ἀλλ’
2385 1970 2433 2019 οἱ
2468 1968 2576 2021 τῶν
2625 1969 2733 2037 (51)
2797 1967 3012 2038 ἄστρων
3050 1967 3117 2020 τὰ
3159 1966 3500 2036 διαστήματα
3540 1983 3792 2035 καταμε-

2199 2059 2484 2131 τροῦντες,
2524 2061 2614 2113 καὶ
2651 2062 2776 2122 τοὺς
2827 2062 3105 2129 ἀειφανεῖς
3152 2059 3332 2112 αὐτῶν
3371 2060 3464 2111 καὶ
3503 2056 3792 2128 ἀρκτῲους

2199 2153 2638 2225 ἀπογραφόμενοι
2680 2152 2810 2222 (3‘2),
2849 2154 2940 2206 καὶ
2968 2153 3081 2205 ὅσοι
3111 2153 3238 2224 περὶ
3274 2151 3362 2204 τὸν
3401 2150 3572 2203 νότιον
3623 2149 3794 2203 πόλον

2200 2245 2440 2316 κείμενοι
2486 2248 2598 2308 τοῖς
2635 2245 2733 2314 μέν
2783 2247 2887 2301 εἱσι
2923 2245 3183 2315 φανεροὶ,
3228 2247 3358 2315 ἡμῖν
3390 2245 3447 2297 δὲ
3481 2245 3790 2311 ἄγνωστοι·

2200 2339 2293 2392 καὶ
2337 2339 2545 2409 βόρειον
2586 2337 2823 2401 πλάτος,
2877 2339 2971 2390 καὶ
3018 2337 3278 2402 ζωδιακὸν
3330 2337 3524 2390 κύκλον
3573 2336 3797 2406 μυρίοις

2198 2432 2526 2500 διαστήμασι
2575 2429 2941 2501 διαιροῦντεςο
2989 2430 3083 2482 καὶ
3137 2429 3490 2500 ὲπαναφορὰς
3546 2429 3792 2501 ἄστρων,

2200 2521 2292 2573 καὶ
2342 2522 2698 2592 στηριγμοὺς,
2751 2522 2842 2574 καὶ
2883 2520 3227 2585 ἀποκλίσεις,
3284 2522 3378 2573 καὶ
3427 2520 3644 2573 πάντων
3689 2521 3795 2591 τὴν

2200 2613 2292 2664 ἐπὶ
2322 2613 2390 2664 τὰ
2419 2612 2804 2681 προηγούμενα
2840 2613 3055 2681 κίνησιν
3091 2613 3155 2665 δι’
3182 2613 3466 2683 ἀκριϐείας
3505 2615 3792 2683 τηρήσαν-

2199 2722 2290 2766 τες
2312 2720 2324 2733 ·
2358 2705 2452 2755 καὶ
2485 2703 2570 2755 διὰ
2600 2703 2766 2755 πόσου
2794 2704 2984 2773 χρόνου
3015 2706 3122 2757 τῶν
3157 2706 3522 2774 πλανωμένων
3554 2705 3796 2768 ’ἕκαστος

2200 2795 2297 2866 τὴν
2331 2795 2522 2847 ἑαυτοῦ
2549 2795 2793 2866 περίοδον
2817 2796 3084 2865 ἐκπληροῖ
3105 2814 3118 2827 ο
3157 2797 3283 2865 μίαν
3319 2796 3425 2848 τῶν
3460 2796 3648 2848 πασῶν
3683 2813 3796 2864 μη-

2202 2891 2368 2962 χανὴν
2410 2891 2509 2944 οὐκ
2550 2888 2769 2956 ἐξεῦρον
2816 2889 2952 2959 πρὸς
2999 2889 3059 2942 τὸ
3099 2889 3189 2941 τὸν
3216 2888 3349 2941 Θεὸν
3383 2890 3631 2958 ἐννοῆσαι
3675 2903 3796 2941 στοι-

2199 2983 2335 3052 ητὴν
2362 2980 2455 3036 τοῦ
2484 2981 2699 3044 παντὸς,
2731 2981 2824 3033 καὶ
2858 2979 3049 3051 κριτὴν
3074 2978 3300 3036 δίκαιον,
3329 2979 3425 3049 τὴν
3455 2978 3610 3042 ἀξίαν
3639 2976 3796 3032 ἀντί-

2199 3075 2343 3128 δοσιν
2374 3077 2484 3137 τοῖς
2520 3072 2876 3144 βεϐιωμένοις
2907 3073 3181 3144 ἐπάγοντα
3203 3089 3216 3102 ·
3252 3071 3374 3124 οὐδὲ
3412 3070 3490 3140 τῷ
3525 3071 3655 3140 περὶ
3686 3071 3795 3141 τῆς

2201 3168 2433 3238 κρίσεως
2460 3167 2601 3237 λόγῳ
2646 3167 2743 3237 τὴν
2772 3166 3060 3221 ἀκόλουθον
3091 3168 3190 3236 τῆς
3222 3163 3532 3227 συντελείας
3573 3164 3792 3217 ἔννοιαν

521 3253 783 3307 doctrinae
816 3264 1235 3308 consentanearn
1261 3255 1313 3306 in
1346 3256 1583 3307 animum
1608 3255 1709 3308 sibi
1739 3256 2062 3307 induxerunt
2084 3294 2097 3317 ,

2206 3257 2517 3325 ἐπιγνῶναι,
2545 3258 2623 3310 ὅτι
2655 3257 2867 3326 ἀνάγκη
2897 3253 3329 3324 μεταποιηθῆναι
3360 3253 3450 3306 τὸν
3479 3253 3710 3322 κόσμον,
3741 3252 3794 3304 εἰ

526 3347 786 3407 mundum
819 3343 1078 3399 videlicet
1120 3348 1434 3399 necessario
1501 3357 1764 3398 mutatum
1815 3346 1916 3408 iri,
1969 3347 2013 3399 si
2047 3355 2102 3400 et

524 3438 828 3500 anirtiarum
861 3447 1035 3492 status
1063 3438 1128 3491 ad
1160 3438 1319 3495 aliam
1357 3437 1480 3496 vitae
1512 3437 1775 3490 rationem
1805 3438 1874 3489 sit
1904 3435 2100 3490 transi-

526 3539 702 3583 turus.
736 3529 1196 3596 Quemadmodum
1229 3531 1371 3583 enim
1407 3544 1644 3596 praesens
1688 3528 1798 3580 vita
1849 3535 2096 3581 naturam

525 3621 649 3673 huic
681 3622 880 3678 nmmlo
908 3622 1119 3676 alllnem
1165 3624 1432 3676 habebat:
1475 3624 1546 3675 ita
1581 3635 1744 3676 etiam
1771 3622 1949 3677 futura
1981 3624 2100 3678 ani-

527 3728 738 3766 ιιιπιιιη
783 3724 1090 3768 nostrarum
1133 3714 1344 3768 vivendi
1381 3717 1517 3767 ratio
1560 3726 1760 3768 sortem
1806 3724 2096 3784 exceptura

525 3818 610 3863 est
635 3822 733 3862 suo
761 3809 925 3862 statui
954 3809 1384 3862 convenientem.
1418 3808 1486 3861 At
1514 3823 1639 3861 vero
1674 3817 1878 3861 tantum
1911 3807 2096 3872 abest,

529 3910 589 3952 ut
609 3899 664 3953 hi
690 3900 929 3952 studium
963 3901 1275 3966 impertiant
1305 3901 1455 3954 hisce
1480 3901 1824 3963 veritatibus,
1853 3901 2097 3952 utetiam

529 3988 716 4048 effusis
743 3990 1022 4044 cachinnis
1051 3990 1314 4044 irrideant
1337 4005 1451 4053 nos,
1489 4004 1611 4042 cum
1643 3991 1708 4042 de
1737 3989 1916 4042 mundi
1945 3988 2100 4057 hujus

526 4084 991 4140 consummatione
1038 4091 1092 4136 et
1137 4084 1202 4136 de
1248 4080 1426 4135 είερυιί
1474 4080 1890 4151 regeneratioue
1938 4084 2099 4136 verba

526 4175 776 4230 facimus.
807 4175 940 4230 Cum
993 4183 1171 4227 autem
1221 4173 1543 4244 principium
1604 4175 1894 4226 secundum
1938 4183 2100 4226 natu-

530 4284 643 4320 ram
675 4270 823 4337 prius
861 4277 1153 4330 statuatur,
1194 4283 1356 4335 quam
1404 4285 1488 4332 ea,
1527 4283 1643 4336 quae
1677 4266 1744 4320 ab
1777 4267 1893 4332 ipso
1939 4264 2101 4334 proli-

529 4362 835 4423 ciscuntur,
865 4361 1170 4415 necessario
1203 4369 1312 4414 tum
1355 4377 1478 4416 cum
1504 4363 1570 4416 de
1618 4361 1702 4414 his
1742 4377 1860 4430 qua:
1893 4376 1922 4413 a
1969 4370 2102 4415 tem-

527 4471 660 4526 pore
697 4453 932 4516 habent,
970 4454 1110 4522 quod
1151 4455 1280 4519 sint,
1318 4454 1641 4518 dissereret;
1681 4454 1820 4508 bane
1849 4455 2104 4510 omnibus

527 4548 840 4616 anteposuit
865 4560 1073 4609 vocem,
1109 4547 1356 4615 inquiens
1396 4563 1408 4599 :
1443 4545 1509 4602 In
1543 4547 1801 4614 principio
1831 4545 1972 4615 fecit.

657 4660 812 4716 Rom.
841 4678 878 4727 ι,
905 4663 998 4728 21,
1028 4661 1116 4715 22.

623 4785 714 4855 Ξθ)
742 4784 893 4838 Colh.
919 4784 1188 4838 secundus
1231 4785 1480 4852 ἄγοντες.
1514 4784 1621 4842 Nec
1662 4786 1733 4840 ita
1763 4784 1928 4838 multo
1979 4793 2100 4855 post
2133 4789 2177 4843 D

528 4844 1038 4927 Celli.'prinius_xal.
1069 4844 1347 4927 ἀσωμάτῳ
1379 4844 1559 4923 φύσει.

602 4924 715 4995 (50)
754 4927 844 4996 Sic
882 4923 1006 4977 libri
1035 4923 1262 4981 veteres.
1294 4923 1538 4996 Deest'te
1580 4929 1632 4979 in
1672 4926 1920 4996 vulgatis.

603 4994 714 5067 (3|)
750 4995 902 5051 Colb.
940 4999 1207 5067 secundus
1233 4995 1382 5050 ἄλλοι
1408 4995 1514 5049 τῶν
1550 5011 1561 5044 :
1593 4998 1676 5047 cui
1712 4994 1923 5051 lectioni
1965 4994 2110 5050 favet

531 5066 870 5127 EuStatliius,
897 5066 986 5135 qui
1032 5068 1111 5120 sic
1140 5071 1302 5122 vertit
1335 5083 1350 5121 :
1388 5067 1494 5121 Alii
1521 5067 1795 5120 stellarum
1830 5067 2110 5122 intervalla

531 5141 890 5191 dinumeraret.

604 5207 717 5278 (δί)
743 5205 817 5260 lta
847 5208 1059 5262 codices
1073 5218 1302 5279 septem.
1337 5208 1472 5262 Editi
1502 5207 1962 5279 ὑπογραφόμενοι.
1988 5209 2107 5263 Mox

532 5290 767 5347 quatuor
795 5293 923 5333 mss.
955 5280 1063 5333 εἰσὶ
1089 5278 1351 5348 κείμενοι.
1387 5280 1495 5333 Vox
1526 5279 1630 5333 εἰσί
1653 5278 1811 5332 deest
1846 5283 1893 5332 in
1920 5280 2111 5346 aliqui-

533 5350 636 5402 bus
665 5362 794 5400 mss.
827 5351 957 5402 etin
986 5351 1165 5404 editis.
1198 5351 1306 5405 lloe
1334 5351 1451 5415 ipso
1486 5352 1536 5401 in
1572 5351 1689 5402 loco
1718 5359 1943 5417 uterque
1980 5353 2107 5403 Duc.

534 5435 656 5472 cum
685 5429 910 5490 utroque
941 5420 1091 5475 Colb.
1123 5431 1178 5471 et
1211 5437 1330 5476 cum
1360 5420 1489 5486 Reg.
1517 5422 1702 5488 quinto
1736 5422 1848 5482 τοῖς
1876 5421 1971 5490 μέν
2005 5422 2111 5473 alat

535 5488 781 5561 φανεροί.
822 5487 961 5542 Editi
1015 5505 1152 5561 cumA
1197 5490 1326 5560 Reg.
1387 5487 1558 5561 primo
1619 5491 1724 5544 εἰσὶ
1773 5487 2107 5560 φαινόμενοι.

536 5559 689 5612 Haud
724 5561 1078 5630 longe_editio
1115 5559 1702 5630 rBa~il.7'd1=ox).ai:rth,
1765 5559 2108 5623 exclusiones,

536 5628 841 5698 corruptef
873 5628 1052 5691 Editio
1106 5629 1278 5685 Paris.
1316 5647 1438 5685 eum
1494 5634 1678 5684 “mltis
1712 5647 1839 5684 mss.
1889 5631 2113 5685 ἀποκλί-

535 5715 670 5761 σεις,
686 5703 988 5753 emendate.

601 5771 715 5839 (55)
743 5772 893 5843 Coll).
915 5772 1135 5843 primus
1168 5774 1371 5826 οἰκείαν
1405 5772 1499 5843 τὴν
1533 5775 1861 5826 κατάστασιν
1893 5772 2114 5836 ἀποδέξ-

525 5856 644 5895 οται
673 5842 766 5893 καὶ
787 5842 884 5911 τὴν
914 5840 1086 5910 λῆξιν,
1109 5849 1375 5914 proprium
1398 5840 1589 5897 statum
1612 5854 1656 5896 et
1675 5847 1844 5898 sedem
1876 5845 2118 5913 excipiet.

2208 3350 2386 3420 μέλλοι
2419 3351 2511 3402 καὶ
2567 3351 2600 3417 ἡ
2649 3349 2756 3401 τῶν
2800 3348 2985 3418 ψυχῶν
3041 3347 3368 3407 κατάστασις
3403 3346 3537 3415 πρὸς
3598 3345 3796 3416 ἕτερον

2203 3438 2342 3504 εἶδος
2392 3440 2535 3511 ζωῆς
2582 3439 2950 3510 μεταϐάλλειν.
3013 3438 3223 3507 Ὥσπερ
3280 3435 3388 3504 γὰρ
3435 3437 3468 3504 ἠ
3533 3436 3796 3506 παροῦσα

2203 3535 2315 3606 ζωὴ
2379 3532 2612 3600 συγγενῆ
2677 3531 2800 3600 ἔσχε
2864 3528 2956 3581 τοῦ
3021 3528 3226 3598 κόσμου
3272 3527 3460 3580 τούτου
3527 3525 3624 3596 τὴν
3688 3525 3795 3594 φύ-

2203 3641 2321 3686 σιν,
2370 3621 2640 3675 οὕτωκαὶ
2693 3622 2724 3690 ἠ
2779 3617 3042 3684 μέλλουσα
3081 3617 3188 3670 τῶν
3230 3617 3415 3688 ψυχῶν
3466 3616 3623 3686 ἡμῶν
3673 3616 3795 3669 δια-

2201 3717 2355 3786 γωγὴ
2404 3712 2607 3765 οἰκείαν
2662 3711 2772 3779 (55)
2823 3712 2887 3781 τῇ
2935 3710 3266 3765 καταστάσει
3316 3709 3636 3772 ὑποδέξεται
3687 3709 3793 3777 τὴν

2201 3808 2369 3879 λῆξιν.
2407 3808 2469 3860 Οἱ
2528 3806 2583 3859 δὲ
2633 3805 2882 3859 τοσοῦτον
2922 3807 3218 3876 ἀπέχουσιν
3272 3803 3346 3866 ὡς
3393 3802 3616 3873 ἀληθέσι
3669 3801 3798 3853 τοῦ·

2200 3920 2312 3965 τοις
2369 3900 2652 3972 προσέχειν
2679 3940 2692 3964 ,
2748 3899 2888 3952 ὥστε
2939 3899 3031 3950 καὶ
3087 3896 3290 3950 πλατὺν
3345 3896 3557 3962 γέλωτα
3620 3910 3794 3946 κατα-

2201 3994 2411 4065 χέουσιν
2463 3992 2619 4063 ὴμών
2666 3992 2794 4061 περὶ
2834 3988 3140 4051 συντελείας
3183 3987 3274 4040 τοῦ
3328 3986 3533 4055 κόσμου
3587 3983 3789 4036 τούτου

2202 4089 2296 4139 καὶ
2338 4084 2754 4152 παλιγγενεσίας
2799 4080 2997 4141 αἰῶνος
3038 4079 3512 4144 ἀπαγγελλόντων.
3564 4075 3793 4147 Ἐπειδὴ

2201 4179 2257 4232 δὲ
2288 4181 2319 4247 ἡ
2358 4177 2499 4246 ἀρχὴ
2535 4174 2676 4227 κατὰ.
2713 4172 2873 4241 φύσιν
2904 4169 3269 4243 προτέτακται
3311 4169 3418 4221 τῶν
3465 4168 3558 4218 ἀπ’
3587 4168 3786 4235 αὐτῆς,

2202 4267 2515 4336 ἀναγκαίως
2560 4265 2685 4334 περὶ
2734 4262 2841 4315 τῶν
2882 4263 2989 4316 ἀπὸ
3038 4262 3228 4333 χρόνου
3279 4259 3338 4312 τὸ
3387 4253 3525 4311 εἶναι
3555 4257 3796 4326 ἐχόντων

2203 4359 2603 4428 διαλεγόμενος,
2638 4355 2838 4424 ταύτην
2871 4356 3125 4408 ἁπάντων
3162 4350 3421 4422 προέταξε
3450 4350 3549 4422 τὴν
3580 4348 3791 4420 φωνὴν,

2205 4454 2373 4507 εἰπών
2400 4472 2412 4484 ’
2461 4453 2562 4505 Ἐν
2599 4449 2756 4519 ἀρχῇ
2786 4451 3076 4507 ἐποίησεν
3105 4446 3239 4516 (541.

2278 4785 2388 4857 (54)
2414 4782 2631 4857 Antiqui
2656 4783 2763 4857 duo
2797 4781 2914 4835 libri
2952 4780 3205 4857 ἐποίησεν
3234 4778 3435 4857 ὁιβεός.
3462 4776 3614 4857 l_llt_rd,
3638 4780 3789 4857 quod

2210 4849 2478 4924 sequitur,
2509 4849 2578 4924 ἦν
2609 4855 2716 4925 γάρ
2754 4870 2826 4917 τι,
2864 4863 2995 4925 e_to.,
3032 4849 3169 4925 male
3198 4868 3227 4904 a
3259 4849 3787 4925 COIIIilCﬁJOj‘CClPi

2213 4918 2357 4994 puiu.
2391 4918 2648 4991 Ejitsbme
2681 4918 2800 4979 Sunt
2834 4939 2846 4973 :
2880 4922 3070 4976 Basilii
3102 4925 3211 4974 haec
3244 4922 3525 4976 sententia,
3572 4918 3788 4973 στατο-

2213 4993 2328 5050 runt
2362 4998 2676 5054 communis,
2716 5003 2917 5045 creatos
2967 4993 3177 5059 angelos
3222 5001 3341 5044 ante
3387 4995 3634 5041 mundum
3667 5005 3787 5039 cor-

2212 5083 2446 5133 poreum,
2479 5070 2532 5118 in
2563 5081 2718 5134 quam
2751 5064 3011 5134 nihildum
3045 5070 3421 5134 statutitntest,
3457 5060 3544 5111 sed
3577 5060 3628 5108 in
3665 5075 3786 5111 car-

2216 5129 2384 5190 cerem
2439 5129 2735 5187 animarum
2792 5129 3637 5202 Origent'trnunt.Sed’propterea
3683 5145 3785 5182 nou

2219 5209 2400 5261 statim
2434 5208 2615 5260 debuit
2647 5199 3000 5258 Combetisius
3024 5200 3273 5253 Basiliam
3309 5213 3567 5265 reponere
3592 5199 3641 5250 in
3689 5217 3788 5251 ttu-

2220 5293 2370 5331 rnero
2396 5291 2602 5335 eorum.
2649 5278 2738 5341 qni
2788 5288 3041 5341 expresse
3089 5285 3142 5323 et
3188 5280 3564 5324 asseveranter
3598 5270 3787 5322 dit‘lllll

2221 5349 2439 5418 angelos
2461 5358 2585 5401 ante
2616 5347 2874 5418 mundum
2901 5343 3160 5418 visibilem
3187 5355 3615 5418 corporeumque
3649 5354 3788 5418 “esse

2221 5411 2452 5480 cre‘atos,
2474 5433 2592 5470 cum
2632 5414 2862 5468 Basilius
2909 5415 3043 5469 haut:
3070 5413 3374 5482 opinionem
3411 5426 3512 5460 non
3545 5411 3787 5476 proferat

2224 5501 2476 5557 tauquam
2526 5497 2725 5540 certam
2762 5498 2921 5551 atque
2980 5485 3353 5557 indubitatam,
3406 5482 3496 5532 sed
3531 5491 3784 5557 tanquam

2223 5551 2595 5618 \'t:ti:simileiu,
2649 5565 2701 5608 et
2752 5573 2908 5623 quam
2966 5555 3115 5606 ttutlli
3160 5552 3575 5623 :Irttpletrtattttlt'.
3629 5551 3787 5623 Addit

2221 5634 2384 5687 enirn.
2414 5629 2487 5690 ὡς
2513 5628 2676 5687 ἔοικε,
2707 5622 3055 5679 utverisimile
3083 5635 3177 5682 est,
3209 5637 3256 5672 ut
3288 5622 3506 5676 videtur.
3536 5622 3600 5671 ἰιι
3629 5622 3788 5680 conii-

2227 5717 2338 5752 cere
2368 5702 2503 5753 licet.
2545 5699 2672 5761 lmo,
2711 5699 2850 5766 quod
2879 5711 3016 5762 saepe
3043 5695 3122 5757 lit,
3160 5694 3205 5766 si
3246 5690 3392 5755 Illud,
3416 5691 3489 5752 ὼς
3515 5691 3680 5766 ἔοικε.
3717 5694 3783 5766 ita

2228 5773 2648 5841 interpretemur
2686 5786 2698 5820 :
2730 5763 2783 5820 ut
2836 5767 3022 5833 fertur,
3050 5775 3104 5818 ut
3155 5764 3345 5818 aiunt;
3386 5765 3555 5832 magis
3586 5763 3787 5832 patebit
