4058 6458
307 395 378 452 l3
1432 398 1714 453 HOMILlA
1750 397 1770 451 l
1813 397 1878 452 IN
1913 397 2402 453 HEXAEMERON.
3460 396 3532 455 ﬂ

378 512 434 567 5.
469 509 573 566 Ἦν
599 513 706 584 γάρ
736 530 807 577 τι,
831 514 915 578 ὡς
945 514 1084 568 ἔοικε
1110 558 1124 581 ,
1148 516 1240 569 καὶ
1271 516 1375 588 πρὸ
1403 516 1494 569 τοῦ
1530 519 1734 588 κόσμου
1764 516 1859 569 τού

2050 517 2102 570 5.
2145 515 2273 569 Nam
2297 526 2350 571 et
2384 524 2506 569 ante
2530 517 2673 570 hunc
2703 524 2976 580 manuum,
3014 525 3071 570 ut
3105 516 3390 572 verisimile
3423 529 3529 584 est,

297 621 417 669 του,
434 604 462 657 6
479 607 541 674 τῇ
565 605 660 673 μὲν
675 605 880 675 διανοίᾳ
901 608 933 670 ἡ
942 606 1054 676 μῶν
1072 607 1185 659 ἐστι
1205 606 1496 678 θεωρητὸν,
1522 609 1867 679 ἀνιστόρητον

299 697 358 748 δὲ
376 695 697 766 κατελείφθη
721 697 807 748 διὰ
827 697 886 749 τὸ
904 700 1013 760 τοῖς
1036 699 1403 768 εἰσαγομένοις
1428 699 1508 750 ἔτι
1540 700 1630 752 καὶ
1660 699 1869 768 νηπίοις

301 787 445 840 κατά
481 787 577 858 τὴν
616 788 814 855 γνῶσιν
841 789 1226 861 ἀνεπιτήδειον.
1258 786 1363 843 τΗν
1401 809 1482 853 τις
1527 792 1868 864 πρεσϐυτέρα

297 879 401 947 τῆς
454 877 546 929 τοῦ
579 878 782 948 κόσμου
820 880 1083 946 γενέσεως
1113 880 1440 943 κατάστασις
1476 886 1593 945 ταῖς
1640 885 1867 952 ὑπερκο-

301 968 485 1038 σμίοις
512 970 769 1038 δυνάμεσι
794 972 1093 1041 πρέπουσα,
1119 973 1150 1040 ἡ
1181 972 1528 1044 ὑπέρχρονος,
1561 978 1592 1044 ἡ
1616 976 1865 1056 αἰωνίαλή

297 1062 486 1124 ἀΐδιος.
511 1065 822 1134 Δημιουργή
834 1081 976 1133 ματα
991 1064 1046 1116 δὲ
1067 1065 1123 1117 ὲν
1151 1064 1284 1135 αὐτῇ
1311 1069 1337 1118 6
1353 1067 1455 1118 τῶν
1486 1068 1618 1120 ὅλων
1649 1069 1869 1138 κτίστης

296 1153 394 1206 καί
415 1153 736 1224 δημιουργὸς
765 1155 1076 1218 ἀπετέλεσε,
1104 1156 1215 1224 φῶς
1246 1159 1430 1226 νοητὸν
1454 1161 1656 1229 πρέπον
1685 1165 1747 1232 τῇ
1777 1179 1872 1230 μα-

297 1244 580 1315 καριότητι
626 1246 734 1298 τῶν
782 1244 1071 1313 φιλούντων
1120 1247 1208 1300 τὸν
1239 1248 1477 1319 Κύριον,
1519 1251 1614 1312 τὰς
1652 1251 1870 1318 λογικὰς

299 1337 394 1388 καὶ
441 1337 702 1407 ὀιοράτους
738 1336 961 1404 φύσεις,
1010 1339 1101 1388 καὶ
1150 1339 1326 1391 πᾶσαν
1372 1340 1468 1408 τὴν
1511 1341 1618 1394 τῶν
1668 1343 1869 1410 νοητῶν

293 1427 678 1498 διακόσμησιν,
707 1429 804 1479 ὅσα
834 1428 932 1497 τὴν
963 1428 1234 1499 ἡμετέραν
1269 1430 1502 1483 διάνοιαν
1533 1435 1865 1503 ὑπερϐαίνει,

295 1519 372 1576 ὧν
400 1525 516 1578 οὑδὲ
547 1524 640 1583 τὰς
668 1524 958 1592 ὀνομασίας
989 1523 1227 1595 ἐξευρεῖν
1256 1527 1496 1580 δυνατόν.
1538 1528 1723 1580 Ταῦτα
1755 1529 1865 1599 (55)

294 1613 391 1667 τοῦ
419 1617 644 1683 ἀοράτου
691 1615 895 1684 κόσμου
926 1618 1232 1688 συμπληροῖ
1273 1621 1369 1689 τὴν
1401 1620 1590 1672 οὐσίαν
1615 1661 1630 1683 ,
1672 1621 1746 1685 ὼς
1789 1621 1866 1673 δι-

295 1706 485 1759 δάσκει
522 1707 666 1775 ἡμᾶς
702 1709 730 1758 6
755 1707 964 1771 Παῦλος
990 1751 1003 1773 ,
1039 1709 1210 1777 λέγων
1230 1728 1241 1740 ·
1285 1712 1402 1764 Ὅτι
1429 1713 1498 1765 ἐν
1531 1712 1690 1778 αὐτῷ
1721 1714 1870 1766 ἐκτί-

294 1799 414 1862 σθη
443 1795 512 1848 τὰ
549 1794 760 1860 πάντα,
789 1799 904 1851 εἴτε
929 1801 1126 1867 ὁρατὰ,
1159 1802 1277 1854 εἴτε
1308 1802 1548 1870 ἀόρατα,
1583 1804 1700 1856 εἴτε
1747 1806 1872 1871 θρό-

1971 617 2088 662 erat
2124 607 2322 675 aliquid
2356 608 2492 676 quod
2531 615 2714 660 nostra
2750 608 2966 675 quidem
2994 606 3315 675 cogitatione
3343 621 3533 675 possu-

1970 712 2088 752 mus
2109 696 2343 766 assequi,
2368 695 2461 750 sed
2495 697 2856 751 narrationem
2890 696 3008 750 ideo
3041 693 3223 765 cﬂ'ugit
3253 735 3268 760 ,
3299 696 3442 764 quod
3479 696 3531 749 id

1971 788 2086 850 his,
2118 788 2208 856 qui
2262 787 2632 853 instituuntur,
2669 795 2897 854 suntque
2932 787 3107 840 adhuc
3132 787 3182 838 in
3223 785 3533 853 cognitione

1970 877 2229 941 infames,
2257 892 2592 946 nequaquam
2639 880 2983 947 congruebat.
3032 878 3162 932 Erat
3197 888 3367 932 status
3411 879 3532 947 qni-

1970 972 2089 1026 dam
2121 972 2304 1024 mundi
2344 981 2465 1025 ortu
2501 971 2790 1040 antiquior,
2827 971 3136 1026 caelestibus
3177 974 3530 1040 potestatibus

1970 1063 2290 1116 conveniens
2312 1102 2326 1126 ,
2378 1067 2764 1118 transcenderis
2802 1073 3005 1132 tempus
3047 1077 3209 1118 omne
3231 1104 3245 1128 ,
3275 1074 3528 1126 aeternus,

1970 1163 2276 1222 perpetuus.
2314 1152 2539 1224 Opificia
2580 1165 2758 1208 autem
2803 1155 3051 1208 conditor
3079 1163 3134 1207 et
3172 1153 3362 1206 artifex
3412 1167 3530 1206 om-

1970 1248 2114 1300 nium
2138 1262 2202 1300 eo
2226 1248 2278 1300 in
2302 1257 2443 1300 statu
2475 1245 2725 1315 perfecit,
2759 1247 3094 1317 spiritualem
3123 1247 3318 1310 lucem,
3345 1263 3529 1300 eorum

1969 1335 2058 1402 qui
2086 1336 2363 1390 Dominum
2397 1337 2619 1404 diligunt
2659 1336 2974 1389 beatitudini
3010 1352 3321 1400 consonam,
3364 1339 3530 1391 ratio-

1971 1425 2118 1477 nales
2146 1436 2198 1479 et
2222 1426 2519 1481 invisibiles
2552 1436 2792 1491 naturas,
2834 1438 2888 1480 et
2926 1428 3342 1498 intelligibilium
3378 1444 3532 1482 crea-

1972 1525 2209 1569 turarum
2245 1533 2364 1586 quia
2416 1528 2654 1572 nostrum
2708 1530 2921 1587 captum
2978 1526 3232 1589 superant
3280 1534 3528 1575 ornatum

1967 1621 2180 1660 omnem
2217 1627 2230 1662 :
2268 1625 2493 1676 quorum
2524 1626 2590 1664 ne
2625 1612 2839 1664 nomina
2876 1611 3087 1679 quidem
3127 1626 3408 1680 possumus
3438 1629 3531 1666 ex-

1971 1702 2230 1770 cogitare.
2254 1701 2377 1756 Hazc
2398 1703 2670 1770 complent
2691 1703 2978 1757 invisibilis
3005 1705 3186 1757 mumli
3211 1707 3526 1769 essentiam,

1975 1796 2116 1846 velut
2149 1810 2246 1848 nos
2295 1797 2450 1850 docet
2477 1793 2673 1848 Paulus
2701 1836 2715 1861 ,
2757 1797 2940 1850 dicens
2973 1816 2984 1849 :
3025 1798 3286 1862 Quoniam
3331 1799 3384 1850 in
3416 1798 3528 1864 ipso

296 1901 413 1948 νοι,
445 1884 565 1938 εἴτε
592 1888 952 1955 κυριότητες,
1000 1890 1117 1943 εἴτε
1163 1893 1358 1959 ἀρχαὶ,
1406 1893 1525 1946 εἴτε
1569 1893 1859 1958 ἐξουσίαι,

1970 1888 2180 1940 condita
2203 1899 2319 1941 sunt
2346 1891 2581 1943 universa
2600 1932 2614 1956 ,
2653 1891 2755 1943 sive
2782 1890 3005 1942 visibilia
3025 1931 3041 1955 ,
3080 1891 3184 1943 sive
3208 1891 3489 1945 invisibilia
3508 1929 3525 1955 ,

292 1976 415 2028 εἴτε
445 1975 747 2045 δυνάμεις,
779 1980 884 2031 εἴτε
913 1981 1162 2046 ἀγγέλων
1197 1983 1479 2052 στρατιαὶ,
1510 1984 1618 2036 εἴτε
1653 1986 1863 2056 ἀρχαγ-

293 2069 467 2136 γέλων
496 2070 804 2123 ὲπιστασίαι
827 2087 838 2098 ’
870 2071 956 2122 ὅτε
979 2071 1035 2121 δὲ
1063 2070 1167 2122 ἔδει
1191 2072 1375 2125 λοιπὸν
1413 2075 1508 2127 καὶ
1541 2075 1630 2128 τὸν
1664 2079 1866 2147 κόσμον

291 2160 483 2214 τοῦτον
531 2162 915 2232 ἐπεισαχθῆναι
952 2165 1062 2226 τοῖς
1103 2160 1253 2227 οὖσι,
1304 2169 1726 2238 προηγουμένως
1754 2170 1864 2239 (56)

297 2255 398 2322 μὲν
443 2253 806 2306 διδασκαλεῖον
837 2257 930 2308 καὶ
959 2258 1340 2328 παιδευτήριον
1371 2260 1475 2313 τῶν
1513 2259 1866 2332 ἀνθρωπίνων

290 2345 515 2416 ψυχῶν·
562 2347 750 2400 ἔπειτα
796 2349 976 2418 μέντοι
1024 2351 1116 2403 καὶ
1145 2351 1479 2415 ἁπαξαπλῶς
1519 2355 1733 2422 πάντων
1758 2355 1866 2407 τῶν

292 2443 351 2492 ὲν
402 2440 611 2506 γενέσει
660 2442 751 2493 καὶ
793 2441 963 2513 φθορᾷ
1007 2443 1305 2514 ἐπιτήδειον
1346 2445 1678 2515 ἐνδιαίτημα.
1725 2447 1867 2517 Συμ-

291 2536 436 2604 φυὴς
477 2534 584 2604 ἄρα
619 2534 696 2605 τῷ
725 2535 911 2604 κόσμῳ
946 2536 1037 2586 καὶ
1071 2539 1182 2597 τοῖς
1219 2539 1276 2589 ὲν
1312 2536 1459 2607 αὑτῷ
1493 2537 1653 2600 ζώοις
1680 2555 1740 2591 τε
1771 2539 1866 2591 καὶ

295 2629 482 2693 φυτοῖς
536 2629 567 2695 ἡ
621 2627 710 2677 τοῦ
756 2627 945 2695 χρόνου
993 2626 1217 2690 διέξοδος
1265 2628 1497 2698 ὑπέστη,
1536 2630 1863 2699 ἐπειγομένη

291 2720 381 2771 ἀεὶ
426 2719 518 2770 καὶ
564 2720 982 2789 παραρρέουσα,
1032 2721 1125 2771 καὶ
1169 2719 1413 2790 μηδαμοῦ
1450 2722 1726 2789 παυομένη
1771 2721 1864 2774 τοῦ

290 2810 516 2887 δρόμους
550 2813 617 2863 Ἣ
651 2812 767 2881 οὐχὶ
792 2811 1030 2875 τοιοῦτος
1056 2814 1082 2864 6
1116 2812 1302 2883 χρόνος
1322 2853 1335 2876 ,
1361 2805 1421 2864 οὗ
1450 2813 1507 2864 τὸ
1536 2814 1632 2883 μὲν
1663 2813 1862 2884 παρελ-

294 2901 386 2954 θὸν
443 2903 744 2973 ἠφανίσθη,
784 2903 846 2955 τὸ
892 2903 946 2956 δὲ
983 2903 1173 2972 μέλλον
1218 2902 1369 2956 οὑπω
1411 2905 1675 2974 πάρεστι,
1708 2905 1766 2957 τὸ
1808 2904 1864 2957 δὲ

294 2996 466 3064 παρὸν
502 2998 628 3067 πρὶν
673 2995 979 3066 γνωσθῆναι
1024 2996 1389 3067 διαδιδράσκει
1439 2998 1536 3066 τὴν
1580 2997 1860 3067 αἰσθησινς

294 3087 529 3156 Τοιαύτη
564 3088 620 3139 δέ
649 3105 731 3152 τις
760 3091 850 3141 καὶ
888 3089 997 3141 τῶν
1037 3089 1392 3157 γινομένωνή
1437 3089 1628 3157 φύσις,
1695 3090 1727 3158 ἢ
1777 3090 1866 3141 αὑ-

293 3178 559 3246 ξανομένη
617 3179 862 3240 πάντως,
918 3179 949 3248 ἦ
1003 3179 1294 3247 φθίνουσα,
1359 3179 1417 3231 τὸ
1465 3180 1520 3231 δὲ
1579 3180 1860 3250 ἱδρυμένον
1888 3219 1932 3279 c

294 3274 386 3324 καὶ
437 3271 692 3340 στάσιμον
742 3272 842 3322 οὑκ
894 3270 1142 3339 ἐπίδηλον
1189 3270 1400 3340 ἔχουσα.
1446 3273 1725 3341 Ἔπρεπεν
1768 3269 1859 3326 οὖν

291 3368 403 3428 τοῖς
435 3364 586 3428 ζώων
625 3380 679 3416 τε
721 3364 812 3416 καὶ
848 3363 1027 3430 φυτῶν
1074 3364 1344 3432 σώμασιν,
1388 3364 1547 3416 οἱονεὶ
1587 3365 1698 3433 (57)
1748 3365 1862 3436 ῥεύ-

294 3459 422 3530 ματί
447 3476 551 3510 τινι
591 3457 724 3526 πρὸς
763 3456 1006 3525 ἀνάγκην
1047 3457 1441 3526 ὲνδεδεμένοις,
1489 3457 1582 3509 καὶ
1626 3459 1691 3526 τῇ
1726 3456 1860 3527 πρὸς

292 3549 503 3614 γένεσιν
530 3547 561 3617 ἢ
595 3546 797 3617 φθορὰν
831 3546 1041 3618 ἀγούσῃ
1076 3547 1286 3614 κινήσει
1317 3544 1689 3612 συνεχομένοις
1709 3581 1722 3604 ,
1753 3543 1824 3594 ὑπ

289 3641 387 3708 τῆς
432 3639 522 3690 τοῦ
569 3639 758 3710 χρόνου
802 3639 1011 3706 φύσεως
1051 3635 1435 3706 περιέχεσθαι,
1482 3638 1710 3704 συγγενῆ
1746 3637 1856 3696 τοῖς

289 3729 691 3798 ἀλλοιουμένοις
726 3731 1057 3799 κεκτημένου
1087 3728 1194 3795 (58)
1226 3729 1323 3796 τὴν
1365 3726 1616 3795 ἰδιότητα.
1657 3725 1859 3778 Ἐντεῦ-

292 3823 383 3873 θεν
423 3823 634 3884 οἰκείως
671 3821 900 3874 ἐπέϐαλε
951 3820 1026 3888 τῷ
1061 3820 1188 3889 περὶ
1235 3817 1398 3870 αὑτὸν
1444 3817 1582 3886 λόγῳ
1621 3821 1647 3869 6
1681 3816 1856 3884 σοφῶς

293 3914 405 3981 (59)
454 3914 597 3982 ἡμᾶς
635 3914 727 3964 τοῦ
763 3913 964 3982 κόσμου
996 3913 1092 3981 τὴν
1132 3911 1340 3978 γένεσιν
1372 3909 1727 3971 ἐκδιδάσκων,
1777 3911 1855 3961 eis

288 4003 425 4058 πών·
472 4004 562 4055 Ἐν
601 4003 756 4071 ἀρχῇ
788 4003 1054 4070 ἐποίησε·
1091 4004 1387 4066 τουτέστιν,
1421 4005 1476 4054 ἐν
1509 4003 1647 4071 ἀρχῇ
1683 4001 1853 4071 ταύτῃ

287 4098 355 4164 τῇ
393 4093 532 4146 κατὰ
561 4093 767 4163 χρόνον.
800 4095 873 4146 Οὐ
895 4095 999 4165 γὰρ
1026 4094 1087 4166 δὴ
1116 4095 1253 4146 κατά
1281 4094 1699 4164 πρεσϐυγένειαν
1724 4093 1868 4146 πάνο.

289 4203 400 4240 των
435 4184 542 4237 τῶν
573 4185 880 4254 γενομένων
918 4188 1167 4256 προέχειν
1206 4187 1366 4238 αὑτὸν
1403 4177 1687 4256 μαρτυρῶν
1709 4186 1852 4252 λέγει

290 4280 349 4329 ἐν
404 4279 546 4348 ἀρχῇ
586 4277 884 4346 γεγονέναι,
922 4278 1054 4330 ἀλλά
1094 4280 1231 4347 μετὰ
1259 4279 1323 4331 τὰ
1357 4278 1559 4350 ἀόρατα
1594 4279 1686 4330 καὶ
1709 4276 1855 4329 νοού-

293 4387 430 4438 μενα
460 4371 565 4423 τῶν
604 4371 814 4460 ὁρατῶν
853 4371 1054 4424 τούτων
1102 4372 1194 4422 καὶ
1244 4369 1488 4439 αἰσθήσει
1521 4368 1736 4438 ληπτῶν
1762 4367 1857 4436 τὴν

287 4461 466 4532 ἀρχὴν
517 4463 614 4534 τῆς
661 4454 944 4534 ὑπάρξεως
999 4463 1283 4533 διηγεῖται.
1341 4461 1570 4530 Λέγεται
1619 4459 1715 4530 μὲν
1765 4454 1857 4513 οὖν

362 4623 384 4654 ⁸
415 4621 620 4677 Coloss.
651 4638 692 4687 ι.
725 4625 812 4678 16.

287 4785 549 4839 Basilium
574 4786 713 4841 hanc
746 4786 1066 4841 sententiam
1103 4800 1203 4838 non
1250 4786 1463 4854 proprie
1507 4786 1849 4854 prOposuisse
1884 4794 1926 4849 Ι)

287 4868 346 4906 ιιι
369 4871 540 4918 suam,
570 4858 662 4911 sed
691 4869 746 4910 ut
779 4858 1026 4910 aliorum.
1052 4856 1174 4910 Srio
1200 4855 1413 4923 quidem
1441 4871 1596 4908 voces
1622 4855 1694 4917 ὡς
1732 4855 1836 4907 ἐοι-

287 4942 350 4977 κε
383 4927 526 4976 [ϐιΙιΙί
569 4943 722 4993 posse
761 4929 1046 4996 aliquando
1073 4940 1126 4978 ut
1155 4936 1377 4991 constat,
1426 4928 1599 4991 plane,
1642 4926 1838 4992 utique,

287 4997 380 5049 sed
429 4996 541 5047 haec
569 4998 949 5062 interpretandi
987 4998 1121 5050 ratio
1156 5012 1276 5048 rara
1318 5006 1399 5047 est
1428 5007 1480 5046 et
1508 4996 1751 5060 insolita;
1789 5005 1843 5047 et

286 5065 459 5117 solum
495 5067 733 5118 adhiberi
766 5068 922 5120 debet
959 5077 1090 5128 tum,
1127 5082 1245 5119 cum
1277 5066 1445 5118 series
1480 5066 1739 5118 orationis
1769 5067 1839 5117 ita

285 5134 516 5202 posmlal
551 5153 564 5189 :
601 5137 648 5187 id
681 5139 818 5202 quod
847 5139 929 5189 hic
953 5138 1121 5187 locum
1158 5153 1258 5187 Ittm
1288 5136 1482 5187 habere
1506 5136 1702 5197 vident,
1729 5135 1844 5202 opi-

285 5219 407 5263 nor,
435 5221 638 5258 omnes.
666 5207 743 5258 Ad
775 5207 884 5259 haec
911 5206 1131 5258 Basilius
1155 5207 1296 5257 hom.
1321 5205 1374 5268 2,
1404 5220 1551 5256 num.
1578 5205 1626 5264 5,
1648 5220 1704 5257 se
1733 5206 1843 5270 ipse

283 5273 429 5326 clare
462 5289 524 5344 ac
547 5275 746 5328 diserte
785 5279 1036 5342 extillent,
1058 5278 1180 5326 dum
1209 5277 1282 5344 ait
1317 5290 1328 5324 :
1368 5274 1537 5344 Εἴπερ
1567 5290 1617 5324 τι
1645 5270 1710 5342 ἦν
1736 5274 1841 5343 πρὸ

283 5344 381 5414 τῆς
407 5343 661 5412 αἰσθητοῦ
692 5345 877 5397 τούτου
904 5348 995 5398 καὶ
1020 5343 1255 5414 φθαρτοῦ
1287 5345 1487 5414 κόσμου
1512 5343 1836 5406 συστάσεως,

286 5412 343 5466 Si
374 5415 496 5482 quid
525 5427 634 5467 erat
681 5427 796 5467 ante
830 5412 1246 5467 constitutionem
1278 5412 1454 5466 mundi
1492 5415 1647 5480 hujus
1675 5430 1834 5467 senst—

283 5483 400 5534 bilts
426 5494 578 5550 atque
628 5487 947 5552 corruptioni
998 5485 1230 5544 obnoxii,
1290 5498 1379 5536 ant
1415 5488 1456 5535 si
1495 5490 1646 5535 modo
1679 5484 1833 5550 fuerit

280 5555 568 5620 quidpiam,
591 5567 693 5608 etc.
727 5555 803 5607 Ex
833 5557 1026 5620 quibus
1051 5554 1383 5622 intelligitur,
1418 5553 1668 5605 Basilium
1697 5556 1836 5605 hanc

281 5625 347 5673 de
382 5625 690 5691 angelorum
724 5626 1144 5692 prieexsistentia
1165 5634 1482 5677 sententiam
1505 5625 1832 5686 dubitanter,

283 5705 785 5764 nuiL:_i_sseveiatiter
811 5697 1166 5764 proposuisse.

314 5832 321 5839 _
355 5760 583 5839 (35)_tta
621 5767 786 5839 editio
811 5760 968 5820 Bas’il.
1009 5776 1058 5820 et
1086 5777 1212 5819 mss.
1258 5773 1483 5832 septem.
1525 5763 1699 5817 Editio
1729 5764 1834 5818 Pa-

281 5833 376 5885 ris.
402 5833 569 5884 ταῦτα
599 5833 717 5904 γάρ.

1966 1983 2071 2032 sive
2102 1982 2296 2046 throni,
2327 1984 2436 2036 sive
2461 1978 2841 2036 dominationes
2861 2024 2876 2047 ,
2913 1985 3017 2037 sire
3047 1984 3393 2052 principatus,
3420 1986 3529 2039 sive

1966 2085 2262 2142 potestates,
2297 2080 2401 2133 sive
2425 2083 2642 2135 virtutes
2666 2080 2706 2146 ⁸,
2729 2081 2843 2136 sire
2873 2081 3183 2152 angelorum
3218 2085 3487 2138 exercitus
3505 2123 3522 2147 ,

1967 2168 2080 2222 sive
2119 2169 2559 2240 archangelorum
2594 2170 2944 2238 praefecturae.
2973 2172 3105 2226 Tutn
3129 2173 3342 2227 demum
3373 2190 3524 2242 opor-

1970 2261 2133 2323 tebat,
2169 2270 2220 2314 et
2251 2262 2389 2316 hunc
2431 2263 2684 2316 mundum
2724 2265 2883 2316 rebus
2909 2263 3018 2330 jam
3049 2267 3383 2321 exstantibus
3433 2266 3528 2320 ad-

1963 2351 2138 2422 jnngi,
2175 2353 2263 2422 qui
2300 2365 2444 2408 esset
2486 2355 2535 2408 in
2572 2354 2757 2424 primis
2795 2355 3020 2409 idoneus
3055 2355 3202 2410 locus
3239 2362 3527 2413 edocendis

1966 2444 2252 2498 animabus
2282 2445 2555 2498 hominum
2593 2455 2752 2513 atque
2795 2447 3138 2501 erudiendis:
3165 2447 3286 2500 dein
3321 2449 3369 2500 in
3408 2449 3528 2501 uni-

1967 2548 2200 2597 versum,
2251 2546 2503 2604 utaptum
2534 2538 2741 2589 cunctis
2768 2539 2927 2590 rebus
2951 2555 3069 2606 quae
3100 2543 3435 2608 generationi
3472 2552 3526 2596 et

1967 2629 2292 2698 corruptioni
2323 2631 2565 2684 obnoxia:
2612 2642 2756 2695 sunt,
2790 2632 3111 2684 domicilium
3143 2635 3301 2686 foret.
3337 2633 3527 2703 Itaque

1967 2717 2091 2772 huic
2127 2720 2322 2772 mundo
2368 2720 2753 2788 productisque
2787 2720 2839 2773 in
2893 2721 3006 2788 ipso
3058 2729 3168 2775 tum
3203 2723 3525 2780 animalibus

1967 2817 2074 2860 ttnn
2110 2807 2305 2875 plantis
2357 2809 2413 2878 6
2444 2806 2618 2862 amnis
2651 2809 2790 2862 facta
2821 2823 2903 2864 est
2945 2813 3206 2881 temporis.
3229 2817 3523 2880 L‘mccessio,

1964 2914 2080 2969 qua:
2104 2914 2316 2969 semper
2345 2911 2585 2970 urgetur,
2618 2900 3034 2971 prazterﬂuitqne
3054 2943 3069 2968 ,
3102 2918 3202 2958 nec
3224 2919 3459 2974 unquam
3491 2923 3522 2960 a

1965 3007 2120 3046 cursu
2151 2993 2397 3061 quiescit.
2441 2993 2630 3047 Annon
2670 2993 2927 3061 ejusmodi
2966 3004 3047 3049 est
3099 3006 3338 3064 tempus,
3373 2999 3524 3067 cujus

1964 3102 2087 3155 pars
2116 3087 2381 3155 prmterita
2412 3087 2648 3152 evanuit,
2685 3087 2863 3140 futura
2895 3090 3128 3142 nondum
3157 3089 3342 3152 adest,
3381 3106 3520 3156 prte-

1965 3189 2088 3227 sens
2121 3191 2334 3228 sensum
2375 3179 2523 3244 prius
2574 3177 2707 3246 fugit
2749 3192 2910 3245 quam
2956 3181 3348 3248 cognoscatur?
3381 3181 3520 3249 Quin

1963 3268 2123 3319 etiam
2159 3267 2277 3319 talis
2304 3269 2514 3320 exsistit
2546 3282 2731 3320 eorum
2769 3285 2887 3336 qua:
2918 3271 3050 3323 fiunt
3079 3283 3288 3335 natura,
3318 3285 3408 3326 aut
3428 3291 3522 3328 au-

1962 3374 2186 3427 gescens
2234 3361 2486 3425 omnino,
2540 3369 2633 3414 aut
2681 3361 2933 3416 deficiens
2963 3406 2977 3429 ,
3033 3379 3131 3418 nec
3175 3369 3521 3435 conspicuam

1965 3452 2270 3505 firmitatem
2296 3461 2385 3504 aut
2425 3452 2771 3507 stabilitatem
2797 3456 3060 3510 obtinens.
3099 3455 3281 3525 Itaque
3314 3461 3518 3513 anima-

1962 3542 2094 3595 li‘um
2124 3542 2479 3612 stirpiumquc
2504 3560 2752 3613 corpora,
2786 3561 2901 3614 qua:
2927 3549 2992 3601 ad
3017 3547 3302 3605 ﬂuxionem
3331 3566 3522 3621 quam-

1965 3635 2106 3704 piam
2139 3637 2460 3690 necessitate
2496 3639 2882 3708 astringuntur,
2921 3655 3145 3709 quasque
3182 3645 3400 3696 motioni
3431 3660 3522 3713 ge-

1961 3726 2256 3780 nerationis
2336 3730 2800 3799 corruptionisque
2868 3733 3218 3786 conciliatrici
3285 3735 3514 3789 obnoxia

1962 3827 2105 3882 sunt,
2133 3831 2232 3884 par
2254 3827 2368 3870 erat
2394 3833 2422 3868 a
2449 3819 2704 3885 temporis
2725 3831 2910 3873 natura
2936 3824 3317 3890 proprietatem
3345 3839 3517 3878 muta-

1961 3911 2156 3964 bilibus
2199 3921 2478 3980 cognatam
2522 3911 2752 3964 habente
2797 3915 3083 3968 contineri.
3126 3915 3259 3970 llinc
3290 3919 3379 3986 qui
3419 3933 3517 3973 nos

1963 4001 2142 4055 mundi
2175 4013 2350 4054 ortum
2402 4003 2667 4070 sapienter
2714 4007 2919 4070 edocet,
2959 4008 3258 4061 habendum
3305 4010 3369 4063 de
3401 4013 3516 4078 ipso

1959 4108 2259 4146 sermonem
2291 4103 2411 4162 apte
2441 4111 2720 4164 aggressus
2751 4109 2869 4164 est,
2897 4099 3079 4153 dicens
3106 4117 3120 4150 :
3163 4099 3227 4152 In
3255 4101 3513 4168 principio

1959 4182 2115 4250 fecit;
2145 4185 2247 4236 hoc
2274 4191 2375 4245 est,
2402 4184 2451 4236 in
2480 4199 2544 4239 eo
2576 4181 2829 4255 temporis
2852 4189 3131 4256 principio.
3166 4174 3380 4243 Etenim
3408 4205 3513 4244 non

1959 4275 2101 4343 quod
2144 4273 2397 4328 mundum
2442 4277 2600 4328 rebus
2639 4276 2884 4330 omnibus
2929 4278 3158 4332 conditis
3191 4279 3512 4348 antiquitate

1959 4369 2150 4435 praeire
2185 4376 2428 4432 testetur,
2455 4370 2529 4421 ait
2550 4384 2669 4422 eum
2696 4370 2748 4421 in
2790 4369 3050 4438 principio
3078 4367 3277 4424 factum
3307 4370 3510 4436 fuisse;

1961 4460 2052 4513 sed
2085 4470 2269 4513 narrat
2309 4461 2405 4516 has
2437 4475 2522 4513 res
2551 4460 2791 4516 visibiles
2823 4476 2885 4517 ac
2916 4463 3193 4517 sensibiles
3218 4471 3336 4530 post
3369 4463 3508 4516 invi-

2026 4782 2134 4854 (56)
2167 4781 2296 4852 Reg.
2345 4784 2562 4852 quintus
2602 4783 3026 4855 προηγούμενον.
3090 4787 3227 4841 Editi
3257 4796 3308 4840 et
3357 4790 3506 4844 multi

1954 4855 2550 4936 mss.‘7tpo~q‘{0'ottéuwc.
2587 4856 2706 4908 Mox
2746 4858 2897 4910 Uolb.
2937 4859 3143 4926 primus
3183 4856 3510 4931 τῶνήμετέ-

1981 4944 2054 4978 ων
2082 4943 2286 4980 ψυγων.

1950 4943 2054 4997 ρων
2082 4923 2286 4993 ψυχῶν.
2360 4923 2380 4927 γ’
2937 4923 2950 4926 ⁷
3333 4923 3366 4931 ’⁷

2018 4997 2124 5065 (5i)
2156 4997 2293 5050 ιη)άὶιί
2341 4988 2472 5065 οἷον.
2504 4994 2572 5048 At
2606 5011 2730 5049 mss.
2782 5007 3009 5065 quatuor
3061 4997 3244 5053 οἱονεί.
3301 4998 3498 5055 Statim

1947 5064 2329 5134 Colb.primus
2351 5064 2561 5131 γένεσιν
2591 5066 2685 5118 καὶ
2717 5064 2807 5133 φθέ

2020 5136 2132 5205 (58)
2158 5134 2254 5188 Hic
2308 5136 2448 5188 inter
2488 5152 2546 5189 se
2577 5138 2781 5188 variant
2811 5136 2975 5189 nostri
3009 5146 3117 5190 tum
3160 5138 3367 5193 calamo
3413 5156 3510 5194 no-

1951 5207 2067 5270 tati,
2108 5220 2213 5258 tum
2243 5206 2378 5278 typis
2413 5207 2840 5278 descriptilibri.
2878 5206 3052 5260 Editio
3091 5208 3251 5262 Basil.
3271 5218 3324 5261 et
3357 5210 3507 5278 Regii

1948 5278 2154 5344 primus
2175 5276 2504 5342 etseptimus
2528 5292 2648 5329 cum
2673 5275 2826 5329 Colb.
2856 5279 3088 5332 secundo
3106 5288 3159 5332 et
3188 5294 3306 5329 cum
3341 5275 3503 5334 CuiSl.

1947 5346 2128 5419 itidem
2148 5347 2377 5419 secundo
2395 5345 2922 5419 xsxrnuéwp._Eilitio
2940 5346 3118 5399 Paris.
3139 5348 3503 5419 κεκτημένης.

1942 5414 2093 5469 Colb.
2125 5416 2326 5489 primus
2354 5414 2695 5486 κεκτημένοι,
2737 5417 2866 5483 Heg.
2901 5427 3083 5489 sextus
3125 5414 3502 5489 κεκτημένοιςε

1944 5487 2095 5561 ltegii
2126 5485 2390 5538 secundus
2420 5499 2473 5561 et
2493 5491 2711 5561 quintus
2745 5503 2866 5539 cum
2895 5487 3056 5540 Cnisl.
3095 5485 3507 5561 ιιι-ιιιιοκεκτη-

1944 5557 2104 5625 μένου
2139 5568 2152 5603 :
2182 5571 2341 5623 quam
2386 5556 2631 5628 ultimam
2671 5556 2971 5609 lectionem.
3002 5556 3210 5613 caneris
3262 5556 3502 5628 praetuli-

1943 5641 2089 5686 mns;
2123 5640 2225 5696 non
2259 5626 2420 5696 quod,
2445 5629 2727 5677 conveniat
2777 5628 2945 5696 magis
2995 5643 3153 5693 qnam
3201 5626 3359 5683 lectio
3392 5641 3506 5681 aedt-

1943 5699 2100 5747 tionis
2139 5694 2477 5766 Parisiensis,
2507 5697 2601 5749 sed
2624 5698 2762 5762 quod
2788 5694 2990 5766 aliquot
3033 5701 3277 5754 codicum
3319 5713 3503 5754 aucto-

1943 5777 2099 5818 I'Iiilie
2134 5777 2354 5816 ηιιλιιιι·.

2018 5837 2124 5907 L159)
2155 5836 2227 5890 lea
2261 5850 2392 5890 mss.
2424 5837 2679 5903 quinque.
2713 5836 2852 5890 Editi
2879 5851 3003 5891 vero
3029 5841 3056 5891 ὁ
3089 5838 3268 5906 σοφός.
