4058 6438
550 347 624 404 45
1916 364 1971 421 S.
2010 366 2106 422 BA:

2212 368 2256 424 ιι
2297 370 2510 430 κΑοΝι
3726 384 3794 442 1³

546 463 731 522 εῖυίιθι
758 478 821 521 ac
846 465 1158 535 spirituales
1204 467 1465 527 exsistere
1493 471 1741 544 cepisse.
1790 474 1859 530 Et
1897 482 2106 548 quidem

2217 485 2357 557 ἀρχὴ
2383 488 2476 542 καὶ
2509 490 2544 560 ἡ
2569 490 2759 563 πρώτη
2785 491 3015 562 κίνησις·
3043 493 3138 559 ὡς,
3175 495 3354 565 Ἀρχὴ
3383 496 3527 552 ὀδοῦ
3559 496 3793 569 ἀγαθῆς

545 556 752 624 primus
794 557 961 610 etiam
1029 565 1205 613 motus
1249 558 1568 631 principium
1609 565 1850 622 dicitur:
1884 573 2111 642 exempli

546 663 712 702 causa
751 665 765 702 :
795 646 1122 716 Principium
1157 652 1254 706 vita
1273 656 1441 720 bonas,
1473 656 1647 726 facere
1677 661 1825 728 justa
1840 662 1882 718 ’.
1916 663 2044 718 Nam
2080 683 2108 720 a

541 737 702 808 iustis
725 740 1025 797 actionibus
1047 743 1280 812 primum
1308 762 1585 805 movemur
1605 751 1670 807 ad
1695 752 1908 808 beatam
1926 757 2108 813 vitam.

547 829 753 886 Rursus
790 834 1113 904 principium
1162 839 1324 892 etiam
1370 841 1569 896 dicitur
1615 845 1756 899 unde
1787 845 1846 899 iit
1875 846 2106 918 aliquid;

546 938 667 977 cum
691 925 896 979 scilicet
929 926 1070 980 aliud
1111 929 1260 988 inest.
1293 931 1372 984 uti
1404 932 1806 990 fundamentum
1850 937 1901 993 in
1930 940 2105 1005 domo,

543 1027 599 1069 et
630 1015 814 1070 carina
848 1017 902 1072 in
939 1024 1096 1084 navi;
1128 1019 1284 1088 juxta
1315 1039 1477 1091 quam
1506 1027 1872 1096 acceptionem
1908 1032 2104 1086 dictum

541 1113 664 1158 est:
707 1103 1032 1176 Principium
1061 1113 1352 1180 sapientiae,
1391 1116 1548 1168 timor
1582 1114 1795 1171 Domini
1833 1119 1897 1172 ‘°.
1931 1120 2108 1178 Pietas

543 1197 688 1251 enim
718 1208 801 1252 est
834 1201 974 1254 velut
1019 1204 1161 1257 basis
1189 1221 1254 1259 ac
1283 1206 1689 1263 fundamentum
1723 1211 1788 1265 ad
1823 1213 2108 1281 perfectio-

541 1302 686 1342 nem.
733 1290 823 1344 Est
860 1300 912 1346 et
948 1294 1309 1349 artiﬁcialium
1352 1314 1573 1368 operum
1617 1304 1938 1374 principium
1969 1322 2103 1374 ars;

542 1377 684 1432 sicut
712 1377 998 1437 Beseleelis
1032 1385 1317 1453 sapientia,
1343 1400 1564 1445 ornatus
1592 1394 1920 1451 tabernaculi
1955 1400 2104 1468 priu-

541 1469 742 1540 cipittm
785 1482 924 1527 erat.
954 1475 1093 1539 Quin
1126 1485 1180 1530 et
1220 1479 1362 1534 utilis
1395 1479 1519 1537 linis
1553 1498 1738 1539 eorum
1779 1503 1900 1555 quae
1935 1490 2101 1556 tiunt,

544 1564 860 1634 plerumque
903 1567 1174 1622 actionum
1210 1579 1310 1624 est'
1344 1572 1690 1642 principium,
1714 1579 1860 1632 verbi
1905 1583 2097 1652 gratia,

2213 578 2278 630 τὸ
2317 580 2511 634 ποιεῖν
2540 583 2758 636 δίκαια·
2812 585 2921 639 ἀπὸ
2963 586 3071 658 γὰρ
3118 587 3226 640 τῶν
3265 588 3490 644 δικαίων
3537 593 3792 663 πράξεων

2216 671 2430 741 πρῶτον
2476 675 2770 745 κινούμεθα
2813 677 2948 748 πρὸς
2975 678 3067 732 τὸν
3093 680 3359 751 μακάριον
3401 682 3536 752 βίον·
3572 683 3790 753 λέγεται

2212 764 2268 818 δὲ
2296 765 2436 838 ἀρχὴ
2485 768 2578 821 καὶ
2605 769 2724 823 ὅθεν
2770 769 2977 838 γίνεται
3017 789 3088 838 τι,
3123 773 3219 827 τοῦ
3248 774 3357 845 (40)
3392 777 3791 848 ἐνυπάρχοντος

2215 853 2365 925 αὐτῷ
2386 856 2594 928 ἑτέρου,
2618 858 2692 922 ὼς
2727 860 2818 912 ἐπὶ
2841 862 3016 925 οἰκίας
3045 863 3312 934 θεμέλιος,
3354 867 3447 919 καὶ
3479 869 3574 920 ἐπὶ
3599 869 3787 922 πλοίου

2213 947 2244 1016 ἡ
2284 945 2496 1017 τρόπις,
2537 948 2671 1002 καθὸ
2712 950 2944 1022 εἶρηται’
2993 953 3174 1024 Ἀρχὴ
3203 955 3420 1024 σοφίας
3446 959 3629 1025 φόϐος
3673 961 3790 1014 Kv-

2205 1038 2362 1104 ρίου.
2408 1035 2533 1093 Οἷον
2573 1041 2682 1112 γὰρ
2732 1046 2935 1115 κρηπὶς
2979 1048 3073 1101 καὶ
3113 1047 3311 1120 βάθρον
3344 1048 3455 1120 (41)
3497 1052 3632 1119 πρὸς
3684 1053 3788 1124 τὴν

2211 1131 2485 1186 τελείωσιν
2534 1136 2567 1205 ὴ
2611 1136 2883 1191 εὐλάὸεια.
2935 1140 3102 1212 Ἀρχὴ
3137 1142 3193 1196 δὲ
3245 1142 3478 1196 καὶτῶν
3522 1145 3789 1212 τεχνικῶν

2211 1220 2386 1291 ἔργων
2426 1226 2458 1296 ἠ
2493 1227 2678 1298 τέχνη·
2709 1230 2784 1295 ὡς
2818 1235 2851 1302 ἡ
2881 1234 3040 1302 σοφία
3076 1234 3359 1308 Βεσελεὴλ,
3389 1235 3482 1289 τοῦ
3519 1239 3646 1308 περὶ
3686 1237 3788 1308 τὴν

2213 1316 2417 1385 σκηνὴν
2451 1318 2677 1389 κόσμου.
2721 1322 2887 1394 Ἀρχὴ
2916 1325 2974 1377 δὲ
3001 1325 3251 1396 πράξεων
3298 1327 3558 1392 πολλάκις
3583 1332 3676 1382 καὶ
3724 1330 3789 1382 τὸ

2209 1403 2506 1477 εὔχρηστον
2526 1411 2674 1477 τέλος
2697 1414 2803 1467 τῶν
2841 1417 3157 1487 γινομένων·
3192 1418 3264 1481 ὡς
3281 1419 3379 1488 τῆς
3418 1420 3789 1492 ἐλεημοσύνης

2208 1497 2240 1564 ή
2272 1497 2424 1568 παρὰ
2450 1500 2583 1555 Θεοῦ
2612 1505 2867 1577 ἀποδοχὴ,
2928 1516 3023 1561 καὶ
3060 1509 3240 1578 πάσης
3287 1511 3386 1582 τῆς
3429 1514 3548 1565 κατ’
3582 1511 3790 1584 ἀρετὴν

2209 1589 2490 1661 ἐνεργείας
2521 1595 2580 1647 τὸ
2603 1595 2661 1648 ἐν
2686 1597 3036 1666 ἐπαγγελίαις
3050 1602 3408 1673 ἀποκείμενον
3433 1603 3606 1667 τέλος.

541 1658 869 1712 concilianda
915 1659 1004 1713 Dei
1035 1661 1203 1729 gratia
1250 1662 1601 1741 eleemosynae
1644 1670 1963 1740 principium
1991 1687 2090 1730 est.
2133 1676 2259 1734 item
2300 1658 2711 1753 promissorum
2772 1687 2915 1754 linis,
2975 1691 3201 1747 actionis
3227 1658 3592 1765 cujuscunque
3626 1711 3657 1751 a
3685 1695 3794 1748 vin-

542 1759 653 1823 ιιιιο
681 1751 1068 1820 proﬁciscentis
1092 1765 1174 1808 est
1197 1757 1542 1825 principium.

611 1840 664 1896 θ.
704 1839 835 1897 Cum
860 1843 1023 1914 igitur
1054 1855 1131 1900 tot
1154 1848 1326 1901 modis
1356 1849 1564 1903 dicatur
1590 1851 1908 1919 principium
1929 1897 1945 1922 ,
1975 1872 2102 1912 con-

2271 1865 2323 1919 6.
2356 1866 2722 1936 Τοσαυταχῶς
2749 1864 2840 1922 οὖν
2874 1868 3173 1942 λεγομένης
3205 1875 3304 1942 τῆς
3352 1875 3546 1945 ἀρχῆς,
3588 1877 3788 1934 σκόπει

541 1934 748 1990 sideres
777 1936 958 2002 velim,
989 1951 1124 1992 eane
1162 1953 1258 1994 vox
1294 1940 1521 2011 singulis
1548 1945 1868 2014 signiﬁcatis
1904 1966 2104 2004 conve-

543 2027 674 2079 niat.
703 2025 913 2082 Etenim
955 2043 986 2084 a
1017 2045 1125 2100 quo
1172 2039 1410 2101 tempore
1437 2044 1703 2091 structura
1741 2040 1920 2095 nmndi
1951 2041 2107 2110 hujus

540 2120 785 2189 coeperit.
810 2122 1018 2178 discere
1041 2135 1224 2190 potes;
1257 2126 1302 2180 si
1340 2129 1500 2181 modo
1534 2145 1599 2184 ex
1643 2137 1890 2199 prmsenti
1921 2136 1986 2190 ad
2009 2153 2104 2191 su-

539 2211 784 2282 periores
813 2222 997 2267 aetates
1020 2228 1360 2283 progressus,
1397 2218 1626 2284 primam
1655 2219 1882 2290 originis
1923 2226 2106 2280 mundi

540 2302 682 2355 diem
710 2301 950 2357 invenire
989 2303 1302 2358 contendas.
1347 2304 1459 2362 Hoc
1492 2323 1728 2380 namque
1759 2324 1916 2381 pacto
1953 2330 2107 2386 repe-

541 2392 684 2458 ries,
739 2392 881 2446 unde
928 2391 1055 2446 insit
1098 2395 1324 2462 tempori
1375 2407 1551 2454 motus
1591 2403 1840 2470 primus:
1890 2405 2104 2470 deinde,

540 2484 682 2551 quod
715 2493 969 2552 tauquam
1001 2483 1348 2541 fundamenta
1374 2491 1617 2558 quadam
1647 2504 1700 2547 et
1724 2492 1882 2548 bases
1909 2495 2104 2551 cmlum

539 2588 596 2631 ct
626 2586 766 2632 terra
800 2586 1117 2647 prastructa
1150 2579 1262 2632 sint
1292 2596 1306 2633 :
1335 2587 1444 2634 tum
1467 2621 1483 2646 ,
1522 2586 1662 2651 quod
1722 2587 1792 2639 sit
1845 2587 2104 2657 industria

543 2669 786 2738 quaedam
838 2671 978 2726 ratio
1007 2687 1146 2742 quze,
1199 2672 1276 2726 uti
1325 2672 1418 2727 tibi
1449 2689 1550 2728 vox
1602 2677 1846 2745 principii
1878 2678 2104 2745 iudicat,

541 2776 723 2815 rerum
749 2762 1038 2817 visibilium
1069 2771 1263 2833 praeest
1303 2765 1515 2819 ornatui
1553 2780 1614 2832 ac
1644 2765 1839 2823 ordini.
1865 2770 2104 2842 Denique

541 2853 909 2922 deprehendes
926 2857 1286 2928 excogitatum
1312 2856 1476 2913 fuisse
1494 2861 1749 2914 mumlum
1774 2877 1878 2914 non
1906 2873 2107 2918 temere

542 2959 717 3013 neque
745 2945 943 3001 frustra
971 2987 987 3010 .
1028 2949 1122 3004 sed
1167 2949 1231 3003 ad
1276 2949 1435 3005 linem
1489 2952 1776 3021 quemdam
1803 2954 1986 3009 utilem
2008 2995 2022 3019 ,
2052 2964 2107 3012 et

540 3049 735 3106 magno
784 3038 903 3092 usui
947 3040 1157 3094 cunctis
1201 3041 1364 3096 rebus
1413 3041 1696 3098 futurum:
1731 3045 1994 3114 siquidem
2023 3056 2104 3101 cst

543 3139 728 3180 revera
758 3128 1059 3184 animarum
1103 3131 1310 3186 ratione
1351 3133 1696 3201 praeditarum
1737 3139 2100 3206 gymnasium;

2207 1960 2255 2011 ei
2300 1958 2373 2031 μὴ
2427 1961 2563 2013 πᾶσι
2605 1963 2716 2025 τοῖς
2763 1963 3180 2034 σημαινομένοις
3235 1965 3266 2036 ή
3328 1966 3578 2036 παροῦσα
3631 1971 3788 2042 φωνὴ

2206 2051 2527 2122 ἐφαρμόσει.
2569 2053 2675 2108 Καὶ
2712 2053 2819 2127 γάρ
2853 2056 2945 2124 ἀφ’
3000 2051 3061 2110 οὗ
3106 2056 3296 2126 χρόνον
3354 2057 3558 2129 ἧρξατο
3609 2062 3644 2130 ή
3685 2062 3787 2116 τοῦ

2206 2145 2410 2216 κόσμου
2440 2146 2631 2200 τούτου
2673 2147 2948 2212 σύστασις,
2966 2149 3187 2203 δυνατόν
3221 2167 3302 2203 σοι
3343 2151 3553 2220 μαθεῖν,
3579 2153 3676 2205 ἐάν
3696 2171 3786 2222 γε,

2207 2239 2272 2292 ὲκ
2315 2235 2406 2291 τοῦ
2427 2238 2692 2310 παρόντος
2717 2241 2796 2301 εἰς
2819 2239 2879 2293 τὸ
2907 2241 3135 2294 κατόπιν
3165 2241 3521 2308 ἀναποδίζων,
3553 2244 3790 2314 φιλονει-

2207 2328 2381 2398 κήσης
2414 2328 2521 2400 (42)
2553 2329 2732 2401 εὑρεῖν
2746 2329 2841 2402 τὴν
2861 2331 3081 2404 πρώτην
3111 2335 3321 2408 ἡμέραν
3335 2337 3435 2406 τῆς
3461 2337 3554 2390 τοῦ
3575 2338 3789 2408 κόσμου

2207 2418 2490 2485 γενέσεως.
2525 2423 2794 2493 Εὑρήσεις
2839 2424 2947 2496 γὰρ
2992 2425 3182 2490 οὕτως,
3221 2429 3387 2483 πόθεν
3418 2429 3496 2501 τῷ
3531 2430 3710 2501 χρόνῳ
3749 2431 3784 2500 ή

2208 2509 2398 2581 πρώτη
2425 2511 2657 2580 κίνησις,
2698 2514 2908 2576 ἔπειτα,
2940 2517 3022 2570 ὅτι
3064 2519 3154 2570 κα)⁵
3185 2519 3346 2571 οἱονεὶ
3372 2519 3611 2590 θεμέλιοι
3637 2537 3791 2585 τινες

2207 2601 2303 2656 καὶ
2332 2602 2595 2672 κρηπῖδες
2631 2608 3147 2679 προκατεὸλήθησαν
3175 2612 3203 2663 ό
3249 2610 3476 2682 οὐρανὸς
3509 2613 3602 2665 καὶ
3627 2615 3660 2682 ή
3687 2613 3784 2683 γῆο

2205 2689 2344 2755 εἶτα,
2363 2693 2443 2745 ὅτι
2470 2691 2584 2745 ἔστι
2609 2710 2690 2755 τις
2707 2697 2948 2764 τεχνικὸς
2973 2697 3127 2764 λόγος
3153 2702 3180 2753 ό
3210 2701 3665 2773 καθηγησάμενος
3682 2704 3790 2774 τῆς

2203 2785 2313 2839 τῶν
2359 2785 2651 2856 ὁρωμένων
2678 2785 3106 2856 διακοσμήσεως,
3140 2789 3215 2852 ὡς
3246 2792 3578 2844 ἑνδείκνυταί
3607 2810 3690 2847 σοι
3747 2797 3782 2865 ἡ

2205 2876 2356 2946 φωνὴ
2384 2876 2484 2945 τῆς
2519 2875 2714 2947 ἀρχῆς·
2754 2878 2848 2930 καὶ
2887 2877 2948 2929 τὺ
2978 2878 3051 2949 μὴ
3072 2879 3192 2946 εἰκῆ
3235 2880 3367 2950 μηδὲ
3398 2881 3593 2951 μάτην,
3645 2882 3788 2938 ἀλλὰ

2205 2969 2342 3038 πρός
2369 2985 2421 3021 τι
2447 2967 2599 3032 τέλος
2623 2967 2896 3040 ὠφέλιμον
2926 2970 3020 3022 καὶ
3047 2970 3287 3040 μεγάλην
3314 2970 3500 3042 χρείαν
3535 2974 3650 3036 τοῖς
3664 2969 3786 3027 οὖσι

2207 3060 2684 3130 συνεισφερόμενον
2714 3060 3087 3132 ὲπινενοῆσθαι
3119 3060 3228 3132 (45)
3249 3062 3339 3116 τὸν
3369 3062 3590 3133 κόσμον,
3624 3063 3788 3136 είπερ

2205 3150 2280 3220 τῷ
2312 3150 2424 3204 ὄντι
2451 3151 2638 3223 ψυχῶν
2673 3153 2904 3222 λογικῶν
2932 3154 3300 3209 διδασκαλεῖον
3339 3155 3432 3210 καὶ
3454 3155 3788 3224 θεογνωσίας

543 3230 600 3274 et
628 3219 778 3275 locus
800 3229 881 3275 est
907 3221 961 3274 in
992 3236 1098 3290 quo
1122 3221 1214 3276 Dei
1242 3235 1584 3292 comparatur
1611 3230 1844 3296 cognitio
1871 3248 1884 3282 :
1909 3230 2103 3299 quippe

2210 3210 2322 3296 ιςὲτι
2351 3210 2757 3315 παιδευτήριον,
2787 3245 2875 3299 διὰ
2911 3245 3018 3299 τῶν
3050 3248 3339 3317 ὁρωμένων
3371 3249 3463 3302 καὶ
3507 3210 3788 3319 αίσθητῶν

541 3328 639 3382 per
671 3328 758 3370 res
789 3313 1028 3369 visibiles
1067 3315 1454 3386 sensibilesque
1496 3334 1616 3372 men
1643 3334 1728 3374 em
1759 3321 1911 3390 quasi
1946 3337 2103 3376 manu

539 3403 689 3457 ducit
710 3405 775 3459 ad
796 3403 1139 3481 invisibilium
1163 3407 1704 3475 contemplationem;
1733 3411 1809 3465 uti
1855 3413 1930 3466 ait
1967 3414 2106 3482 Αροο

543 3495 756 3550 stolus:
797 3495 1091 3550 Invisibilia
1139 3513 1172 3549 a
1213 3508 1457 3553 creatura
1494 3503 1708 3566 mundi,
1744 3519 1835 3571 per
1882 3521 1944 3557 ea
1983 3521 2102 3574 qua

2205 3333 2571 3402 χειραγωγίαν
2597 3333 2672 3405 τῷ
2695 3334 2770 3406 νῷ
2792 3336 3163 3406 παρεχόμενος
3209 3337 3320 3406 (44)
3374 3338 3508 3410 πρὸς
3532 3339 3632 3410 τὴν
3655 3338 3791 3391 θεω-

2207 3422 2327 3494 ρίαν
2358 3423 2465 3478 τῶν
2498 3427 2765 3498 ἀοράτων,
2819 3427 2961 3481 καθά
3011 3444 3176 3498 φησιν
3227 3431 3255 3481 ό
3300 3429 3642 3486 Ἀπόστολος.
3698 3430 3788 3483 ὅτι

2209 3515 2286 3569 Τὰ
2308 3515 2529 3583 ἀόρατα
2559 3518 2745 3571 αὐτοῦ
2771 3519 2888 3572 ἀπὸ
2913 3520 3164 3584 κτίσεως
3192 3520 3421 3587 κόσμου
3454 3521 3577 3587 τοῖς
3605 3522 3787 3590 ποιή-

543 3587 684 3654 :‘acta
718 3596 835 3639 sunt
859 3625 876 3647 ,
926 3586 1184 3640 intellecta
1231 3591 1706 3656 conspiciuntur“.
1737 3597 1847 3647 Aut
1877 3593 2106 3651 fortasse

2210 3623 2348 3676 μασι
2365 3610 2658 3676 νοούμενα
2691 3607 3024 3677 καθορᾶται.
3050 3611 3119 3664 Ἦ
3136 3609 3276 3681 τάχα
3303 3586 3389 3663 διὰ
3409 3611 3470 3664 τὸ
3495 3586 3788 3682 ἀκαριαῖον

543 3678 667 3747 quia
729 3675 1000 3747 opificium
1039 3677 1165 3730 illud
1210 3676 1264 3730 in
1311 3690 1581 3732 momento
1644 3691 1698 3734 et
1747 3684 1880 3736 citra
1943 3685 2103 3740 ullam

546 3770 801 3838 temporis
829 3785 1034 3825 moram
1062 3768 1362 3824 absolutum
1395 3781 1497 3831 est.
1519 3771 1636 3826 ideo
1654 3773 1854 3827 dictum
1877 3776 1928 3845 7
1961 3777 2058 3831 fuit
2090 3799 2103 3834 :

544 3861 614 3916 In
663 3864 920 3931 principio
966 3865 1127 3933 fecit;
1174 3863 1608 3934 quandoquidem
1654 3867 1975 3936 principium
2025 3879 2108 3924 est

543 3957 794 4025 quiddam
830 3956 1137 4023 insecabile,
1181 3973 1245 4012 ac
1286 3957 1637 4012 dimensionis
1669 3973 1877 4025 expers.
1910 3960 2109 4028 Quem-

543 4049 829 4102 admodum
869 4049 1010 4102 enim
1051 4050 1370 4121 principium
1420 4051 1556 4115 vite,
1597 4051 1828 4104 nondum
1870 4063 1953 4106 est
2000 4054 2106 4121 via,

543 4150 600 4195 et
634 4141 823 4194 domus
861 4143 1180 4212 principium
1207 4183 1222 4206 ,
1260 4158 1599 4213 nequaquam
1637 4144 1828 4198 domus
1862 4156 1943 4198 est
1975 4165 1989 4202 :
2029 4149 2110 4204 sic

545 4243 602 4286 et
636 4233 891 4301 temporis
936 4234 1258 4304 principium
1280 4276 1295 4302 ,
1331 4237 1565 4290 nondum
1616 4247 1826 4305 tempus
1860 4246 1977 4300 est,
2005 4239 2109 4293 imo

544 4340 718 4394 neque
745 4342 870 4395 pars
904 4327 1072 4397 ipsius
1112 4329 1352 4382 minima.
1381 4328 1528 4394 Quod
1557 4328 1602 4383 si
1636 4330 1906 4399 quispiam
1946 4331 2109 4384 alter-

543 4433 676 4473 cans
703 4419 848 4472 dicat
882 4421 1205 4489 principium
1250 4428 1459 4488 tempus
1488 4436 1638 4488 esse;
1677 4422 1724 4477 is
1761 4423 1862 4476 sibi
1900 4422 2024 4476 illud
2057 4424 2107 4478 in

2205 3701 2299 3754 καὶ
2345 3699 2573 3771 ἄχρονον
2611 3701 2709 3771 τῆς
2751 3701 3108 3774 δημιουργίας
3133 3703 3346 3775 είρηται
3382 3702 3463 3767 τὸ,
3500 3704 3596 3756 Ἐν
3622 3704 3790 3776 ἀρχῇ

2205 3791 2512 3857 ἐποίησεν,
2544 3792 2728 3865 ἐπειδὴ
2763 3794 2968 3865 ἀμερές
2997 3812 3051 3848 τι
3081 3796 3176 3849 καὶ
3210 3794 3586 3865 ἀδιάστατονή
3616 3797 3785 3868 ἀρῇ.

2218 3883 2304 3945 Ὠς
2335 3883 2440 3954 γὰρ
2467 3885 2500 3954 ἡ
2531 3885 2792 3955 ἀρχὴτῆς
2822 3885 2943 3939 ὁδοῦ
2967 3885 3119 3940 οὔπω
3151 3888 3288 3951 ὁδὸς,
3316 3887 3411 3940 καὶ
3442 3887 3474 3957 ἡ
3507 3886 3649 3958 ἁρχὴ
3683 3889 3789 3958 τῆς

2207 3974 2382 4036 οἰκίας
2414 3975 2512 4026 οὐκ
2541 3976 2705 4037 οἰκία,
2747 3975 2891 4029 οὓτω
2921 3978 3012 4030 καὶ
3039 3980 3071 4047 ἡ
3112 3978 3202 4030 τοῦ
3247 3979 3439 4048 χρόνου
3467 3978 3608 4050 ἀρχὴ
3629 3977 3790 4033 οὔπω

2208 4062 2418 4133 χρόνος,
2471 4063 2584 4116 ἀλλ’
2616 4064 2736 4117 οὐδὲ
2765 4067 2930 4136 μέρος
2962 4066 3126 4119 αὐτοῦ
3155 4067 3214 4117 τὸ
3260 4069 3557 4138 ἐλάχιστον.
3620 4068 3685 4121 Ei
3725 4070 3788 4123 δὲ

2209 4152 2526 4224 φιλονεικῶν
2554 4172 2638 4217 τις
2682 4155 2870 4227 χρόνον
2902 4152 3040 4209 εἶναι
3076 4156 3222 4222 λέγοι
3264 4159 3360 4226 τὴν
3390 4159 3585 4230 ἀρχὴν,
3614 4176 3786 4227 γινω-

2208 4247 2407 4311 σκέτω,
2440 4248 2519 4301 ὄτι
2553 4246 2814 4320 διαιρήσει
2839 4246 3006 4319 αὐτὴν
3045 4249 3122 4310 εἰς
3159 4247 3227 4300 τά
3259 4247 3352 4300 τοῦ
3392 4251 3580 4318 χρόνου
3617 4252 3785 4322 μέρη.

2209 4337 2392 4393 Ταῦτα
2435 4341 2492 4394 δέ
2520 4343 2686 4405 ἐστιν,
2730 4341 2892 4412 ἀρχὴ.
2929 4340 3021 4394 καὶ
3056 4338 3198 4409 μέσα
3243 4338 3376 4410 (45),
3409 4340 3503 4392 καὶ
3531 4337 3784 4413 τελευτή.

2222 4429 2420 4500 Ἀρχὴν
2449 4431 2506 4484 δὲ
2555 4434 2728 4503 ἀρχῆς
2765 4435 2999 4486 ἐπινοεῖν
3036 4430 3314 4496 παντελῶς
3357 4431 3783 4499 καταγέλαστον.

546 4511 801 4579 temporis
840 4520 1018 4580 partes
1060 4511 1400 4565 dividendum
1435 4526 1557 4566 esse
1601 4512 1758 4566 sciat.
1799 4512 1892 4567 Ha:
1926 4524 2106 4566 autem

2211 4523 2321 4576 Καὶ
2353 4526 2380 4576 ὀ
2409 4525 2704 4595 διχοτομῶν
2739 4526 2833 4597 τὴν
2861 4526 3033 4596 ἀρχὴν
3071 4524 3162 4580 δύο
3214 4527 3426 4597 ποιήσει
3461 4525 3578 4578 ἀντὶ
3629 4526 3783 4596 μιᾶς,

545 4615 689 4666 sunt,
732 4603 1076 4673 principium,
1123 4603 1394 4666 medium,
1427 4611 1482 4656 et
1524 4602 1665 4657 linis.
1701 4605 1860 4673 Atqui
1903 4604 2106 4673 princi-

574 4695 693 4748 I'um
728 4693 974 4764 principii
1004 4695 1310 4761 excogitare
1338 4710 1560 4765 prorsus
1591 4694 1875 4750 ridiculum
1907 4707 2007 4753 est.
2042 4697 2108 4752 Et

613 4871 636 4907 ’
672 4875 830 4932 Prov.
867 4889 977 4938 xvr,
1009 4873 1061 4928 5.
1138 4871 1180 4905 ⁸ο
1216 4871 1371 4926 Prov.
1401 4890 1441 4939 ι,
1466 4876 1519 4929 7.
1595 4872 1636 4904 “
1672 4871 1828 4927 Rom.
1864 4891 1903 4941 ι,
1943 4873 2034 4934 20.

620 5033 732 5105 (40)
760 5033 900 5088 Editi
933 5041 987 5088 et
1022 5047 1151 5087 mss.
1196 5030 1435 5105 nonnulli
1464 5031 1518 5084 τί
1546 5030 1638 5085 τοῦ
1683 5033 1837 5105 ἐνυπμ.
1875 5030 1973 5105 Alii
2011 5047 2106 5086 sex

547 5100 677 5161 mss.
706 5100 760 5158 τὶ
787 5105 1201 5174 ἐνυπάρχοντος.
1240 5100 1557 5174 Addidimus
1581 5116 1766 5174 vocem
1807 5101 1992 5174 ἐτέρου
2034 5118 2106 5174 rex

547 5175 700 5230 Colb.
731 5170 1141 5231 secundo'fMox
1170 5173 1304 5242 Reg.
1343 5172 1562 5241 quintus
1591 5171 1780 5244 ὥσπερ
1807 5170 1908 5226 ἐπὶ
1931 5173 2109 5236 οἰκίας

547 5245 804 5300 θεμέλιοι.

613 5265 951 5385 ῗῖίῗίξοόει
992 5310 1251 5385 Αϐοπιὺςΐτ
1289 5325 1433 5385 Δ(ιιιιιιΔ
1471 5311 1677 5385 duobus
1738 5313 1857 5385 aliis
1913 5311 2116 5385 ὑποὸάέ

551 5381 675 5455 θρα.
718 5381 801 5436 Ad
837 5381 1326 5455 marginem‘Coi‘sl:
1356 5381 1514 5455 primi
1563 5382 1616 5455 in
1660 5383 1871 5436 modum
1919 5381 2106 5455 scholii

555 5450 795 5522 apposita
820 5462 939 5522 sunt
976 5451 1087 5512 illa,
1127 5450 1432 5522 υποδάθρα,
1459 5451 1726 5522 θεμέλιος,
1759 5455 1874 5506 ἐστὶ
1917 5450 1973 5502 δὲ
2017 5453 2110 5506 καὶ

554 5519 693 5580 εἶδος
729 5519 1090 5587 ὑποδήματος.
1127 5519 1284 5580 illud,
1313 5519 1652 5591 ὦποϐἀθρα,
1693 5530 1784 5591 οδες
1809 5522 2114 5586 fundamen-

562 5597 692 5654 tum,
723 5596 795 5637 est
824 5602 1022 5653 quoque
1051 5603 1208 5654 genus
1239 5589 1595 5642 calceamenti.
1642 5589 1873 5643 Beseleel
1909 5601 2106 5654 autem,

565 5653 718 5725 cuius
739 5657 918 5706 statim
952 5653 1358 5725 commendatur
1392 5657 1670 5725 sapientia,
1711 5659 1798 5709 ille
1822 5670 1940 5711 erat
1976 5653 2112 5725 prai-

570 5722 756 5788 cipuus
783 5736 844 5773 ac
874 5722 1082 5786 sapiens
1109 5722 1323 5788 artifex,
1359 5724 1447 5786 qui
1478 5725 1755 5788 praefectus
1781 5725 1955 5780 fuerat
1978 5722 2112 5780 con-

576 5785 801 5842 lieicndo
824 5785 1186 5852 tabernaculo,
1210 5795 1346 5853 εις..
1369 5785 1532 5843 Exodi
1564 5805 1709 5844 xxxa.

2223 4615 2418 4684 μᾶλλον
2439 4615 2495 4666 δὲ
2521 4615 2715 4679 πολλὰς
2742 4618 2836 4670 καὶ
2860 4617 3141 4687 ἀπείρους,
3175 4619 3266 4671 τοῦ
3300 4618 3659 4690 διαιρεθέντος
3697 4621 3786 4675 ἀεὶ

2218 4709 2295 4770 είς
2341 4709 2500 4779 ἕτερα
2537 4711 2888 4782 τεμνομένου.
2919 4711 3033 4764 Ἵνα
3061 4711 3238 4766 τοίνυν
3272 4711 3608 4783 διδαχθῶμεν
3643 4713 3782 4785 ὁμοῦ

2287 5032 2400 5108 (42)
2435 5031 2569 5086 Editi
2615 5047 2736 5108 cum
2778 5032 2932 5108 Colb.
2963 5035 3196 5090 secundo
3227 5034 3643 5108 φιλονεικήσεις.
3675 5039 3783 5095 Alii

2215 5095 2608 5179 quinqtte_nt_ss.
2635 5102 3031 5179 φιλονεικήσῃς.

2290 5174 2402 5242 (45)
2432 5171 2610 5242 ςοόρχ
2641 5189 2776 5226 unus
2801 5171 3149 5229 ἐπινοεῖσθαι.

2293 5245 2405 5318 (44)
2436 5241 2572 5296 Etliti
2609 5245 3001 5318 παρεχόμενον.
3053 5245 3272 5314 Antiqui
3305 5255 3430 5301 octo
3465 5247 3584 5301 libri
3638 5267 3782 5316 παρ-

2220 5315 2477 5396 εχόμενος
2503 5331 2514 5366 :
2542 5329 2700 5396 quam
2733 5315 3057 5396 scripturam
3075 5331 3140 5369 ex
3167 5334 3230 5396 eo
3247 5333 3427 5372 veram
3441 5332 3567 5396 esse
3594 5315 3782 5375 intelli-

2254 5383 2564 5456 itur,_quod
2595 5397 2694 5437 vox
2738 5383 2941 5456 κόσμος
2981 5388 3354 5453 subaudiatur,
3388 5390 3455 5441 ad
3491 5403 3654 5456 quam
3691 5406 3781 5446 re.

2237 5454 2533 5528 errindebet
2563 5454 3086 5528 πίοι-παρεχόμενος.

2289 5523 2401 5592 (45)
2426 5523 2605 5578 Codex
2649 5523 3044 5581 Com'be'l‘.'cum
3095 5525 3217 5582 aliis
3254 5543 3345 5582 sex
3401 5543 3530 5583 mss.-
3572 5540 3626 5583 et
3654 5543 3778 5586 cum

2215 5595 2450 5671 editione
2470 5593 2630 5671 Basil.
2657 5595 2796 5671 μέσα
2828 5611 2841 5647 :
2874 5597 2961 5671 ubi
2993 5598 3241 5671 suppleas
3271 5598 3425 5671 velim
3456 5600 3616 5671 μέρη.
3649 5595 3780 5653 Edi-

2216 5664 2298 5733 tio
2323 5663 2496 5733 Paris.
2535 5663 2718 5730 μέσον.
2753 5668 2863 5720 Hoc
2915 5670 3029 5733 ipso
3061 5663 3112 5720 in
3170 5669 3291 5723 loco
3329 5663 3482 5726 Colb'.
3511 5663 3784 5730 secundus

2218 5732 2316 5784 καί
2337 5730 2638 5786 τελευταῖα.
2674 5734 2835 5790 Coisl.
2862 5730 3063 5796 primus
3090 5738 3240 5808 τέλη.
