4058 6446
548 402 617 459 19
1928 400 1987 456 S.
2026 398 2132 454 BA!

2235 399 2271 454 ll
2306 399 2521 457 MAGNI
3735 400 3807 459 9.0

549 526 603 580 in
635 538 798 578 causa
834 523 934 578 fuit
976 539 1074 579 cur
1102 534 1282 593 esset;
1316 525 1411 581 sed
1459 526 1533 579 uti
1584 526 1759 581 bonus
1805 526 1935 582 fecit
1975 525 2116 595 quod

2235 527 2329 597 γὰρ
2377 524 2488 594 (52)
2538 524 2657 592 οὐχὶ
2707 521 2956 593 τεχνίτην
3009 540 3088 577 σοι
3128 520 3327 587 ἔδειξεν
3362 522 3706 594 εμϐεσηκότα
3734 527 3801 595 τῇ

551 618 686 672 utile
717 626 831 683 est;
864 617 941 671 uti
973 618 1209 687 sapiens,
1243 616 1386 687 quod
1432 617 1857 688 pulcherrimum
1886 628 2007 685 est;
2041 617 2119 673 uti

552 718 763 777 potens,
793 708 936 777 quod
967 708 1257 762 maximum
1284 718 1388 763 est.
1422 708 1555 761 Nam
1595 711 1835 765 ostendit
1858 711 1956 765 tibi
1988 711 2121 765 arti-

553 799 707 852 llcem
746 806 950 852 tantum
982 812 1085 851 non
1113 812 1289 850 rerum
1318 798 1559 852 omnium
1586 800 1940 855 substantiam
1966 800 2123 855 inva-

552 892 789 953 dentem.
822 901 876 945 et
903 901 1085 961 partes
1118 891 1513 959 singulasinter
1540 908 1599 947 se
1630 903 2123 962 coagmentantem,

552 979 981 1050 elﬁcientemqne
1014 981 1325 1035 universum
1357 983 1617 1036 mundum
1653 986 1978 1037 concordem
2009 983 2112 1039 sibi

553 1082 610 1126 et
646 1087 941 1126 cnnsonum
983 1082 1144 1139 atque
1190 1073 1536 1127 coaciunum.
1592 1070 1659 1125 In
1698 1074 1955 1143 principio
2001 1073 2124 1141 fecit

554 1161 695 1216 Deus
724 1165 909 1216 cretum
931 1176 979 1216 et
1012 1174 1225 1215 terram.
1260 1163 1527 1217 Extremis
1568 1166 1775 1218 duobus
1800 1165 2126 1234 signiﬁcavit

554 1254 703 1309 orbis
738 1255 900 1309 t0tins
927 1255 1309 1318 substantiam,
1344 1256 1483 1307 casio
1508 1254 1726 1325 quidem
1760 1256 2001 1311 tribuens
2033 1270 2124 1309 or-

557 1354 646 1399 tus
696 1345 1105 1414 praerogativam
1138 1364 1152 1399 :
1182 1357 1379 1399 terram
1419 1362 1547 1400 vero
1588 1347 1798 1416 origine
1836 1350 2126 1403 secundam

555 1452 677 1492 esse
717 1450 982 1493 astruens.
1023 1437 1077 1491 Si
1128 1438 1255 1506 quid
1288 1450 1465 1492 autem
1504 1438 1556 1491 in
1596 1438 1715 1493 istis
1746 1441 1977 1493 medium
2023 1448 2126 1503 est,

557 1529 610 1584 id
638 1528 821 1598 utique
856 1545 959 1582 una
1002 1544 1122 1583 cum
1171 1529 1300 1597 ipsis
1332 1530 1526 1583 linibus
1555 1530 1754 1584 factum
1786 1540 1890 1587 est.
1928 1530 2133 1596 Quam—

556 1622 740 1677 obrem
793 1622 1001 1677 etiamsi
1054 1624 1119 1677 de
1174 1623 1395 1691 reliquis
1449 1623 1750 1684 elementis.
1805 1624 1945 1689 igne,
1988 1640 2129 1693 aqua

560 1723 618 1769 et
642 1729 769 1768 aere
798 1715 935 1768 nihil
980 1715 1199 1776 dixerit,
1237 1724 1351 1769 tute
1377 1724 1555 1770 tamen
1586 1716 1763 1770 omnia
1795 1717 1845 1770 in
1880 1718 2131 1774 omnibus

558 1803 788 1873 primum
839 1802 1093 1869 permista
1140 1803 1304 1856 fuisse
1350 1819 1446 1870 pro
1476 1813 1561 1857 tua
1598 1806 1815 1859 solertia
1856 1806 2126 1875 intellige;

2220 622 2377 693 οὐσίᾳ
2400 618 2506 672 τῶν
2529 619 2684 683 ὅλων,
2720 620 2814 671 καὶ
2842 617 2912 671 τὰ
2946 617 3064 671 καθ’
3101 617 3326 671 ἕκαστον
3359 617 3499 689 μέρη
3537 618 3672 689 πρὸς
3703 618 3804 674 ἀλ.

2220 712 2356 783 ληλα
2386 708 2809 782 συναρμόζοντα,
2834 709 2926 761 καὶ
2954 708 3013 761 τὸ
3045 710 3152 761 πᾶν
3194 708 3452 779 ὁμόλογον
3494 708 3671 780 ἑαυτῷ
3710 708 3809 764 καὶ

2225 804 2511 875 σύμφωνον
2558 802 2649 855 καὶ
2697 801 3029 872 ὲναρμονῐως
3072 801 3192 870 ἔχον
3251 800 3635 856 ἀποτελοῦντα.
3706 804 3809 857 ‘Er

2222 894 2382 965 ἀρχῇ
2412 893 2702 961 ἐποίησεν
2730 895 2761 945 ὁ
2796 892 2938 957 Θεὸς
2964 891 3072 944 τὸν
3100 890 3360 959 οὐρανὸν
3388 892 3485 945 καὶ
3518 892 3634 958 τὴν
3660 888 3801 961 γῆν.

2237 987 2332 1041 Ἐκ
2374 986 2465 1039 δύο
2508 984 2615 1037 τῶν
2665 984 2847 1055 ἄκρων
2898 983 3007 1052 (55)
3054 982 3147 1035 τοῦ
3196 982 3394 1044 παντὸς
3436 985 3533 1053 τὴν
3570 982 3808 1053 ὓπαρξιν

2226 1077 2577 1150 παρῃνίξατο,
2624 1075 2701 1145 τῷ
2740 1075 2836 1144 μὲν
2868 1074 3079 1146 οὐρανῷ
3123 1074 3188 1129 τὰ
3226 1075 3489 1146 πρεσϐεῖα
3528 1076 3625 1145 τῆς
3654 1075 3811 1143 γενέ-

2227 1188 2363 1233 σεως
2402 1168 2652 1231 ἀποδοὺς,
2690 1166 2787 1237 τὴν
2822 1166 2876 1219 δὲ
2927 1166 3032 1237 γῆν
3085 1166 3417 1238 δευτερεύειν
3451 1168 3687 1236 φάμενος
3736 1170 3805 1237 τῇ

2228 1262 2479 1334 ὑπάρξει.
2530 1260 2751 1323 Πάντως
2800 1258 2854 1310 δὲ
2902 1258 3011 1327 (54)
3052 1260 3146 1311 καὶ
3182 1257 3234 1310 εῐ
3267 1276 3319 1311 τι
3369 1258 3571 1312 τούτων
3619 1258 3806 1327 μέσον.

2229 1353 2631 1423 συναπεγενήθη
2674 1355 2788 1414 τοῖς
2830 1349 3075 1420 πέρασιν.
3116 1352 3275 1403 Ὥστε
3318 1350 3419 1403 κᾶν
3470 1350 3635 1421 μηδὲν
3677 1352 3809 1422 εἴπῃ

2230 1446 2356 1511 περὶ
2390 1444 2497 1496 τῶν
2527 1443 2835 1513 στοιχείων,
2873 1440 3071 1511 πυρὸς,
3111 1442 3204 1494 καὶ
3242 1441 3459 1508 ὕδατος,
3492 1444 3584 1495 καὶ
3622 1443 3811 1512 ἀέρος,

2229 1534 2364 1587 ἀλλὰ
2389 1535 2451 1586 σὺ
2495 1535 2559 1602 τῇ
2594 1532 2743 1602 παρὰ
2790 1529 2987 1584 σαυτοῦ
3027 1531 3235 1584 συνέσει
3271 1532 3419 1595 νόει,
3456 1532 3669 1602 πρῶτον
3712 1533 3813 1602 μὲν

2230 1626 2310 1678 ὅτι
2347 1625 2521 1679 πάντα
2549 1625 2605 1675 ἐν
2632 1625 2761 1674 πᾶσι
2797 1623 3079 1693 μέμικται,
3121 1623 3212 1675 καὶ
3240 1622 3296 1675 ἐν
3333 1627 3401 1694 γῇ
3433 1624 3684 1693 εὑρήσεις
3716 1624 3815 1676 καὶ

2232 1716 2395 1788 ὕδωρ,
2422 1716 2514 1768 καὶ
2544 1714 2701 1785 ἀέρα,
2726 1714 2820 1767 καὶ
2842 1712 2971 1784 πῦρ,
2992 1712 3103 1781 εἴγε
3131 1715 3194 1765 ἐκ
3217 1712 3378 1766 λίθων
3407 1716 3503 1785 μὲν
3528 1714 3640 1785 πῦρ
3663 1714 3816 1781 ἐξάλ-

2230 1808 2399 1870 λεται,
2437 1809 2500 1860 ὲκ
2528 1806 2743 1877 σιδήρου
2769 1804 2844 1869 δὲ,
2874 1806 2934 1869 ὂς
2963 1806 3056 1859 καὶ
3083 1805 3244 1868 αὐτὸς
3277 1806 3385 1858 ἀπὸ
3422 1808 3524 1877 γῆς
3561 1807 3672 1877 ἔχει
3715 1806 3815 1877 τὴν

559 1901 723 1961 atque
752 1892 886 1946 adeo
912 1906 1133 1958 aquam,
1162 1907 1450 1962 acremque
1484 1903 1539 1947 et
1570 1893 1747 1963 ignem
1778 1896 1829 1947 in
1871 1903 2014 1949 terra
2045 1910 2129 1950 re-

2235 1900 2466 1968 γένεσιν,
2502 1897 2612 1969 πῦρ
2640 1898 2868 1966 ἀφθονον
2900 1900 2956 1950 ἐν
3002 1900 3119 1961 ταῖς
3163 1898 3529 1969 παρατρίψεσι
3567 1900 3817 1967 πέφυκεν

558 1996 808 2052 perturus
828 2000 906 2038 es.
931 1982 1066 2039 Nam
1093 1998 1160 2039 ex
1187 1984 1454 2053 lapidibus
1487 1986 1706 2053 quidem
1734 1986 1871 2056 ignis
1900 1988 2081 2042 exsilit
2108 2004 2124 2040 :

558 2089 627 2128 ex
656 2073 798 2128 ferro
840 2088 992 2138 vero,
1022 2074 1162 2142 quod
1200 2074 1375 2142 ipsum
1417 2075 1580 2128 etiam
1608 2091 1639 2130 e
1670 2086 1815 2130 terra
1863 2077 2127 2147 originem

558 2165 750 2231 trahit,
790 2164 928 2233 ignis
975 2164 1256 2218 abundans
1290 2166 1342 2217 in
1371 2164 1583 2220 aﬂrictu
1614 2169 1851 2222 emicare
1882 2169 2040 2223 solet.
2073 2168 2129 2223 Id

558 2271 773 2326 quoque
816 2271 914 2324 par
940 2254 1103 2310 fuerit
1132 2258 1407 2322 admirari,
1444 2258 1715 2327 quomodo
1765 2260 1903 2329 ignis
1930 2262 2020 2330 qui
2044 2262 2129 2316 in-

559 2358 647 2405 est
689 2350 1027 2418 corporibus,
1059 2350 1110 2403 in
1145 2351 1277 2419 ipsis
1314 2352 1454 2406 citra
1500 2352 1886 2407 detrimentum
1940 2355 2129 2409 delite-

557 2450 675 2499 scat
708 2460 723 2496 :
759 2452 948 2497 contra
977 2456 1063 2506 ea,
1100 2458 1127 2494 a
1158 2444 1353 2511 quibus
1409 2455 1564 2499 antea
1603 2446 1941 2507 servabatur.
1968 2447 2133 2501 simul

558 2545 618 2587 ut
646 2533 793 2588 foras
821 2534 1051 2590 eductus
1082 2544 1185 2595 est,
1220 2537 1487 2590 absumat.
1532 2537 1913 2590 Demonstrant
1947 2546 2130 2591 autem

557 2636 847 2694 puteorum
908 2627 1144 2681 lossores
1194 2643 1346 2697 aqua:
1398 2641 1643 2680 naturam
1697 2638 1855 2683 terra:
1909 2629 2125 2683 insitam

555 2732 679 2772 esse
712 2734 726 2770 :
761 2719 888 2786 quin
920 2728 974 2772 et
1008 2721 1153 2775 aeris
1196 2730 1444 2773 naturam
1483 2730 1639 2775 terra:
1667 2720 1840 2775 inesse
1880 2735 2132 2792 compro—

556 2809 687 2864 bant
741 2812 954 2866 emissze
1006 2812 1109 2866 illae
1147 2828 1363 2867 sursum
1392 2828 1422 2867 e
1455 2822 1598 2866 terra
1654 2813 1964 2867 humectata
2002 2824 2055 2867 et
2090 2829 2119 2869 a

558 2901 674 2956 sole
697 2903 952 2956 calefacta
1007 2905 1394 2959 exhalationes.
1428 2906 1629 2961 Deinde
1658 2906 2007 2961 eum-emtum
2038 2922 2133 2959 na-

560 3002 681 3047 tura
733 2994 909 3049 locnm
949 3010 1243 3064 supernum
1286 3006 1536 3065 occupet,
1590 3007 1732 3051 terra
1772 3011 1900 3049 vero
1951 2997 2135 3049 intima

561 3086 635 3140 sit
663 3103 677 3140 :
705 3088 903 3157 quippe
936 3088 1185 3142 feruntur
1229 3091 1280 3141 in
1324 3089 1523 3142 caelum
1571 3087 1738 3152 levia;
1773 3087 1953 3157 gravia
2002 3102 2129 3142 vero

564 3193 633 3231 ex
668 3194 727 3231 se
760 3190 987 3248 vergunt
1018 3180 1070 3232 in
1107 3188 1332 3242 terrant,
1368 3194 1604 3248 cumque
1646 3180 1878 3233 maxime
1907 3191 2129 3233 contra-

2230 1988 2599 2058 άπολάμπειν.
2631 1989 2695 2039 Ὃ
2728 1988 2821 2040 καὶ
2844 1987 3121 2055 θαυμάσαι
3146 1986 3315 2052 ἄξιον,
3346 1987 3463 2048 πῶς
3494 1988 3552 2038 ὲν
3581 1988 3680 2056 μὲν
3701 1991 3818 2051 τοῖς

2232 2074 2477 2145 σώμασιν
2497 2074 2738 2146 ὑπάρχον
2784 2075 2895 2145 (53)
2922 2077 2983 2129 τὸ
3010 2076 3119 2147 πῦρ
3140 2116 3153 2138 ,
3192 2075 3442 2139 ἀϐλαϐῶς
3474 2077 3814 2146 ὲμφωλεύεν

2230 2166 2534 2238 προκληθὲν
2564 2165 2620 2218 δὲ
2646 2166 2737 2218 ἐπὶ
2768 2164 2828 2217 τὸ
2861 2164 2985 2231 ἔξω,
3020 2167 3387 2237 δαπανητικόν
3414 2169 3530 2220 ἐστι
3572 2166 3680 2220 τῶν
3716 2185 3820 2235 φυ-

2228 2260 2531 2315 λασσόντων
2562 2259 2716 2322 τέως.
2742 2259 2851 2329 Τὴν
2871 2259 2926 2311 δὲ
2952 2258 3044 2312 τοῦ
3073 2258 3263 2323 ὓδατος
3285 2259 3445 2328 φύσιν
3474 2260 3818 2330 ἐνυπάρχου-

2232 2367 2329 2403 σαν
2353 2352 2418 2420 τῇ
2447 2352 2515 2419 γῇ
2538 2351 2585 2401 οἱ
2610 2347 2914 2419 φρεωρύχοι
2938 2347 3270 2402 δεικνύουσι·
3299 2350 3392 2404 καὶ
3416 2349 3513 2421 τὴν
3541 2349 3636 2404 τοῦ
3656 2350 3819 2419 ἀέρος

2231 2441 2280 2492 οἱ
2311 2440 2419 2492 άπὸ
2450 2438 2826 2508 νενοτισμένης
2850 2438 3016 2509 αὐτῆς
3042 2440 3208 2509 ἀτμοὶ
3240 2441 3343 2493 ὑπὸ
3374 2440 3523 2510 ἡλίου
3560 2440 3819 2507 θαλφθείο

2234 2547 2332 2599 σης
2362 2529 2829 2599 ἀναπεμπόμενοι.
2861 2531 3087 2583 Ἔπειτα
3124 2530 3303 2600 μέντοι
3333 2532 3426 2585 καὶ
3453 2534 3500 2583 εἱ
3538 2531 3697 2598 φύσει
3722 2532 3819 2583 τὸν

2231 2622 2343 2675 ἄνω
2372 2621 2535 2674 τόπον
2568 2624 2596 2674 ό
2626 2622 2849 2693 οὐρανὸς
2882 2624 3099 2692 ἐπέχει,
3142 2625 3174 2690 ἡ
3219 2623 3273 2675 δὲ
3307 2624 3376 2692 γῆ
3410 2624 3470 2675 ea
3501 2623 3821 2677 κατώτατόν

2232 2714 2380 2765 ἐστι’
2409 2712 2541 2767 διότι
2583 2712 2674 2765 ἐπὶ
2715 2713 2814 2781 μὲν
2848 2714 2939 2767 τὸν
2986 2714 3210 2784 οὐρανὸν
3262 2714 3328 2767 τὰ
3364 2714 3539 2783 κοῦφα
3569 2714 3815 2785 φέρεται,

2232 2807 2324 2860 ἐπὶ
2357 2805 2414 2859 δὲ
2450 2805 2546 2877 τὴν
2575 2804 2679 2875 γῆν
2700 2804 2769 2858 τά
2793 2805 2962 2877 βαρέα
2993 2806 3201 2875 πέφυκε
3235 2807 3631 2879 καταρῤἑπειν,
3661 2809 3820 2861 ἐνανο

2230 2898 2469 2952 τιώτατα
2494 2899 2550 2952 δὲ
2576 2898 2825 2969 ἀλλήλοις
2853 2899 2912 2951 τὸ
2935 2898 3046 2953 ἄνω
3071 2899 3164 2953 καὶ
3184 2900 3242 2952 τὸ
3269 2900 3417 2954 κάτω
3442 2916 3453 2931 ·
3477 2902 3506 2953 ό
3530 2899 3638 2953 τῶν
3660 2899 3818 2953 πλεῖ-

2235 3004 2359 3041 στον
2390 2988 2691 3043 διεστώτων
2727 2989 2868 3043 κατὰ
2897 2991 2994 3060 τὴν
3033 2990 3194 3059 φύσιν
3218 2991 3591 3062 ἐπιμνησθεὶς,
3627 2992 3722 3045 καὶ
3748 2992 3821 3043 τά

2232 3080 2330 3151 τὴν
2358 3080 2527 3149 μέσην
2566 3080 2771 3141 τούτοις
2807 3081 3183 3150 ὲκπληροῦντα
3212 3080 3392 3150 χώραν
3421 3082 3819 3151 συνεκδοχικῶς

2238 3174 2640 3244 παρεσήμανεν.
2674 3170 2835 3223 Ὥστε
2855 3172 2929 3241 μὴ
2959 3170 3110 3241 ζήτει
3139 3172 3246 3241 (56)
3278 3174 3374 3241 τὴν
3403 3174 3509 3227 τῶν
3538 3173 3661 3227 καθ’
3690 3175 3819 3227 ’ἐκα-

563 3267 641 3322 ria
671 3269 779 3322 sint
820 3272 961 3323 inter
995 3284 1053 3323 se
1080 3286 1370 3340 supernum
1409 3282 1465 3327 et
1500 3271 1801 3334 infernum;
1837 3270 1926 3339 qui
1952 3286 2130 3326 rerum

2241 3286 2363 3323 στον
2391 3268 2721 3339 ἐπεξήγησιν
2741 3308 2755 3331 ,
2800 3266 2935 3322 ἀλλὰ
2974 3267 3040 3321 τά
3073 3269 3413 3339 σιωπηθέντα
3446 3271 3552 3324 νόει
3587 3270 3675 3325 διὰ
3704 3271 3822 3326 τῶν

560 3355 873 3426 longissime
911 3360 1051 3415 inter
1082 3375 1141 3415 se
1197 3372 1391 3415 natura
1428 3364 1763 3416 diversarum
1806 3362 2130 3415 mentionem

2236 3360 2601 3431 δηλωθέντων.

572 3446 725 3514 fecit,
760 3452 922 3503 etiam
992 3465 1054 3503 ea
1094 3466 1214 3519 qua:
1259 3452 1530 3520 regionem
1591 3451 1819 3503 mediam
1865 3450 1917 3502 in
1989 3452 2073 3504 bis
2143 3453 2376 3521 explent,
2419 3452 2709 3507 acervatim
2750 3451 3093 3521 signiﬁcavit.
3153 3452 3329 3519 Quare
3369 3469 3435 3506 ne
3481 3453 3820 3521 singulorum

566 3542 825 3609 exquiras
865 3544 1250 3609 narrationem,
1307 3544 1401 3598 sed
1452 3560 1513 3598 ea
1571 3559 1689 3612 qua:
1743 3552 1868 3598 sunt
1924 3544 2137 3597 silentio
2177 3549 2465 3614 prteterita,
2503 3561 2597 3612 per
2630 3562 2691 3599 ea
2731 3560 2849 3611 qu:e
2882 3546 3111 3597 indicata
3139 3554 3262 3596 sunt
3297 3544 3552 3611 intellige.

638 3633 693 3687 8.
737 3631 801 3685 In
837 3633 1092 3702 principio
1137 3633 1260 3700 fecit
1300 3633 1441 3687 Deus
1492 3633 1675 3688 calum
1714 3645 1759 3687 et
1807 3644 2022 3686 terram.
2056 3630 2142 3685 lu-

564 3725 791 3794 qnisitio
828 3739 947 3792 qua:
981 3724 1047 3777 de
1076 3724 1409 3792 singularum
1459 3740 1637 3777 rerum
1693 3727 1925 3779 essentia
1968 3726 2141 3790 fieret,

568 3815 684 3868 sive
727 3830 911 3867 earnm
954 3829 1073 3881 qua:
1102 3816 1202 3869 sub
1231 3826 1475 3867 nostram
1506 3817 2019 3887 contemplationem
2050 3834 2142 3872 ca-

570 3905 728 3967 dunt,
757 3905 871 3957 sive
911 3918 1100 3955 earum
1144 3920 1263 3971 quae
1288 3907 1488 3959 nostris
1517 3910 1764 3962 sensibus
1795 3910 2141 3978 objiciuntur,

568 4011 874 4051 sermonem
928 3996 1145 4066 longum
1191 4004 1245 4051 et
1284 4009 1661 4051 excurrentem
1689 3999 1739 4051 in
1775 4012 2014 4055 nostram
2052 4002 2134 4055 itt-

567 4091 1016 4157 terpretationetu
1073 4091 1387 4157 induceret,
1443 4093 1878 4160 quandoquidem
1935 4092 1988 4145 in
2039 4093 2141 4148 hoc

567 4181 904 4252 problemata
938 4184 1290 4250 expendenda
1318 4185 1479 4237 verba
1515 4184 1669 4253 plura
1708 4185 2025 4238 instituenda
2056 4200 2143 4239 es-

571 4284 694 4327 sent
743 4289 905 4342 quam
942 4276 992 4327 in
1041 4276 1286 4344 reliquis,
1331 4294 1451 4346 qua;
1502 4279 1569 4332 de
1623 4276 1857 4347 singulis
1902 4278 2144 4345 quarsitis

570 4364 676 4417 dici
708 4374 953 4431 possunt.
985 4366 1251 4422 Prmterea
1288 4369 1428 4422 haud
1479 4384 1657 4436 opera:
1712 4369 1943 4438 pretium
1978 4367 2145 4423 fuerit

570 4457 637 4509 ad
677 4457 933 4512 Ecclesize
980 4461 1391 4515 azdilicationem
1438 4462 1488 4515 in
1541 4462 1624 4515 his
1684 4471 1897 4530 tempus
1944 4472 2140 4515 terere.

569 4547 771 4604 Verum
832 4552 977 4605 circa
1040 4552 1163 4606 caeli
1198 4552 1487 4607 essentiam
1537 4552 1669 4607 satis
1706 4553 1858 4606 nobis
1912 4561 2038 4606 sunt
2077 4566 2138 4604 ea

571 4656 692 4708 qua:
736 4642 881 4696 dicta
916 4652 1041 4696 sunt
1072 4644 1139 4696 ab
1166 4644 1324 4706 lsaia,
1368 4645 1458 4713 qui
1498 4644 1809 4713 vulgaribus
1836 4646 2013 4698 verbis
2046 4660 2142 4697 na-

584 4739 717 4785 tura:
756 4734 924 4802 ipsius
954 4735 1315 4805 cognitionem
1346 4735 1699 4790 sullicientent
1742 4738 1895 4790 nobis
1928 4736 2139 4802 indidit,

581 4820 709 4876 dum
737 4824 907 4878 dixit:
938 4825 1037 4891 Qui
1065 4826 1297 4895 ﬁrmavit
1324 4827 1506 4881 caelum
1528 4828 1683 4897 quasi
1719 4826 1919 4895 fumum
1940 4829 2004 4891 ¹²,
2037 4828 2139 4881 hoc

643 4940 686 4972 "
712 4940 909 5006 lsa.t.t,
951 4943 1006 4997 6.

568 5063 717 5119 αὐτὸ
749 5061 925 5118 τοῦτο
952 5063 1065 5132 τὴν
1079 5063 1276 5118 αἰτίαν
1291 5062 1397 5116 τοῦ
1430 5058 1578 5115 εἶναι
1606 5060 1928 5130 παρέσχεν.
1955 5058 2115 5114 Verte
2138 5078 2151 5113 :

575 5134 700 5188 Non
727 5135 821 5187 hoc
852 5136 1019 5187 solum
1067 5134 1328 5201 prwslitit,
1361 5148 1575 5185 causam
1618 5147 1671 5184 ut
1718 5142 1847 5183 esset
1896 5132 2145 5197 mundus,

574 5207 626 5258 id
657 5218 760 5269 est,
805 5221 907 5259 non
938 5206 1133 5258 nmlam
1170 5214 1233 5257 et-
1251 5204 1555 5273 simplicem
1586 5205 1784 5273 mundo
1816 5204 2144 5254 creationem

574 5277 845 5342 pra‘stitit.
874 5277 963 5327 sed
987 5283 1044 5326 ut
1073 5276 1234 5325 bonus
1263 5272 1384 5340 fecit
1415 5272 1556 5342 quod
1588 5272 1714 5323 utile
1736 5283 1832 5337 est,
1853 5280 1907 5323 ut
1938 5273 2145 5338 sapiens

573 5340 712 5397 auod
734 5344 1162 5402 pulcherrimum.
1193 5344 1256 5395 ι).
1296 5342 1388 5394 Fr.
1411 5340 1693 5396 ΜΑΜΝυε.

648 5411 761 5481 (52)
795 5413 932 5466 Editi
960 5413 1240 5483 μονονουχὶ
1264 5411 1391 5481 γάρ.
1429 5414 1499 5462 At
1524 5427 1669 5483 mss:
1688 5425 1793 5483 non
1820 5410 2064 5483 patrciut
2091 5410 2142 5464 itt

577 5493 851 5536 contextu.
885 5480 1082 5537 Ibidem
1126 5480 1262 5553 unus
1288 5480 1457 5535 codex
1488 5480 1865 5553 εἰσϐεὸηκότα.
1905 5480 2144 5533 Subinde

575 5553 729 5607 Cclb.
764 5556 969 5620 primus
994 5554 1060 5605 τὰ
1085 5552 1417 5605 καθὲκαστα.

650 5622 763 5692 (55)
795 5623 966 5677 Edttio
1015 5625 1178 5676 Basil.
1213 5624 1323 5675 τῶν
1376 5620 1578 5692 ἀρχῶν,
1625 5638 1688 5673 ea:
1727 5621 1928 5672 duobus
1956 5620 2145 5685 princi-

579 5693 697 5762 piis.
733 5694 930 5746 Ibidem
978 5709 1104 5747 mss.
1163 5692 1258 5746 τοῦ
1294 5695 1513 5753 παντός.
1570 5692 1725 5745 Deest
1778 5692 2039 5745 articulus
2086 5693 2139 5745 iu

580 5763 830 5827 Vulgatis.
1239 5816 1247 5827 ,

652 5832 765 5901 (54)
788 5832 1003 5903 Antiqui
1024 5834 1141 5889 ltbri
1160 5841 1373 5897 πάντως
1393 5834 1467 5887 δέ.
1492 5832 1629 5889 Edit.
1657 5830 1826 5887 Paris.
1851 5835 2047 5894 παντὸς
2064 5830 2139 5885 δέ.

2309 3634 2360 3686 8.
2415 3635 2517 3688 Ἐν
2551 3633 2709 3703 ἀρχῇ
2743 3633 3032 3698 ἐποίησεν
3060 3635 3093 3685 ό
3130 3632 3273 3697 Θεὸς
3304 3632 3411 3685 τὸν
3438 3633 3701 3701 οὐρανὸν
3718 3634 3825 3689 καὶ

2239 3724 2352 3792 τὴν
2398 3723 2531 3793 γῆν.
2572 3724 2636 3776 Ἠ
2675 3722 2801 3792 περὶ
2840 3722 2940 3791 τῆς
2972 3721 3159 3785 οὐσίας
3200 3721 3397 3792 ἔρευνα
3444 3723 3677 3777 ἑκάστου
3710 3725 3826 3778 τῶν

2236 3818 2478 3888 ὅντων,ἢ
2519 3816 2625 3870 τῶν
2672 3814 2815 3869 κατὰ
2856 3814 3088 3886 θεωρίαν
3132 3814 3541 3867 ὑποπιπτόντων
3579 3819 3749 3885 ἡμῖν,
3788 3819 3821 3888 ἢ

2237 3906 2343 3961 τῶν
2391 3905 2762 3978 προκειμένων
2805 3904 2958 3974 ἡμῶν
3005 3907 3070 3973 τῇ
3113 3903 3391 3973 αἰσθήσει,
3458 3906 3669 3976 μακρὸν
3729 3908 3828 3960 καὶ

2242 3998 2623 4068 ἀπηρτημένον
2650 3997 2804 4063 λόγον
2825 3998 3101 4064 ἐπεισάγει
3129 4000 3193 4067 τῇ
3222 3996 3510 4067 ἐξηγήσει,
3536 3998 3611 4061 ὡς
3641 3999 3827 4051 πλείοο

2243 4108 2339 4153 νας
2366 4092 2422 4141 ὲν
2449 4092 2513 4158 τῇ
2545 4092 2669 4159 περὶ
2694 4088 2787 4141 τοῦ
2824 4088 3204 4157 προϐλήματος
3234 4090 3418 4143 τούτου
3445 4092 3647 4159 ’σκέψει
3692 4109 3827 4143 κατ·

2245 4180 2627 4238 αναλίσκεσθαι
2655 4181 2842 4248 λόγους
2864 4180 2969 4231 τῶν
3004 4179 3228 4243 λοιπῶν,
3270 4182 3367 4233 ὅσα
3410 4182 3684 4248 ἐνδέχεται
3721 4184 3824 4251 ρη-

2245 4277 2401 4346 θῆναι
2445 4274 2571 4344 περὶ
2607 4272 2835 4326 ἑκάστου
2874 4270 2981 4324 τῶν
3019 4271 3397 4344 ζητουμένωνσ
3431 4273 3568 4342 πρὸς
3597 4272 3657 4324 τὸ
3685 4272 3821 4343 (57),

2251 4366 2384 4438 μηδὲ
2413 4364 2684 4436 προύργου
2710 4382 2761 4417 τι
2794 4357 2930 4415 εἶναι
2964 4364 3041 4426 εἰς
3070 4362 3166 4433 τὴν
3187 4362 3287 4431 τῆς
3323 4361 3645 4435 Ἐκκλησίας
3678 4365 3826 4417 οἱκο-

2246 4459 2413 4529 δομὴν
2437 4459 2495 4511 τὸ
2522 4456 2649 4528 περὶ
2666 4456 2835 4509 ταῦτα
2858 4454 3323 4525 κατασχολεῖσθαι.
3365 4456 3520 4509 Ἀλλά
3561 4457 3691 4527 περὶ
3724 4457 3823 4526 μὲν

2246 4550 2345 4619 τῆς
2387 4550 2572 4613 οὐσίας
2610 4548 2701 4601 τοῦ
2749 4547 2975 4618 ούρανοῦ
3029 4548 3346 4619 ἀρκούμεθα
3378 4551 3489 4610 τοῖς
3536 4548 3687 4619 παρὰ
3724 4546 3821 4599 τοῦ

2258 4643 2478 4695 Ἡσαΐου
2500 4642 2806 4713 εἰρημένοις
2826 4660 2837 4670 '
2861 4641 2918 4703 ὃς
2945 4642 2999 4692 ὲν
3026 4641 3309 4702 ἰδιωτικοῖς
3353 4640 3591 4709 μασιν
3633 4638 3823 4708 ἱκανὴν

2244 4738 2375 4804 ἡμῖν
2398 4735 2495 4803 τῆς
2522 4734 2733 4803 φύσεως
2762 4733 2924 4787 αὐτοῦ
2970 4734 3065 4801 τὴν
3094 4732 3326 4785 διάνοιαν
3358 4730 3671 4801 ἐνεποίησεν
3692 4775 3705 4794 ,
3741 4732 3821 4781 εί-

2243 4824 2387 4875 πών·
2435 4825 2496 4878 '0
2530 4826 2867 4894 στερεώσας
2905 4825 3010 4878 τὸν
3062 4822 3321 4891 οὐρανὸν
3365 4824 3507 4876 ὡσεὶ
3560 4823 3817 4876 καπνόν·

2187 5062 2231 5117 D
2333 5060 2440 5132 (55)
2469 5060 2690 5115 Veteres
2713 5060 2819 5113 duo
2855 5060 2973 5132 libri
3003 5058 3327 5129 ἐνυπάρχον.
3363 5057 3653 5126 Aliquanto
3697 5068 3821 5126 post

2254 5149 2381 5188 mss.
2413 5130 2649 5185 nonnulli
2684 5133 2773 5183 ἐπὶ
2796 5133 2861 5185 τά
2896 5130 3020 5197 ἔξω.

2324 5204 2431 5273 (56)
2470 5202 2614 5255 Libri
2646 5201 2849 5269 Aatglici
2881 5218 2998 5253 cum
3036 5198 3186 5252 Coll).
3225 5199 3399 5273 primo
3434 5209 3488 5253 et
3516 5213 3637 5250 cum
3658 5199 3813 5273 μεθ.

2249 5268 2677 5343 sexto'qusiv...
2707 5268 2867 5325 νοεῖν.
2914 5272 2981 5323 At
3017 5280 3240 5343 uterque
3294 5271 3422 5343 Duc.
3470 5284 3590 5320 cum
3649 5268 3817 5323 Cois].

2292 5346 2425 5397 rimo
2456 5340 2509 5397 et
2540 5358 2660 5393 cum
2692 5344 2811 5395 aliis
2838 5341 3156 5409 quibusdam
3188 5354 3317 5393 mss.
3339 5340 3607 5408 vulgatam
3638 5349 3820 5391 tuetur

2292 5361 2425 5397 “Illo
2456 5361 2509 5397 el
2540 5361 2660 5393 cum
2692 5361 2811 5395 aliis
2838 5361 3156 5409 ‘llllUHSllillll
3188 5361 3317 5393 "ISS.
3340 5361 3607 5408 γυιεξιιιιιιι
3638 5361 3817 5391 tuemr

2251 5361 2535 5468 rectionem
2569 5427 2581 5462 :
2611 5413 2694 5463 cui
2728 5413 2939 5465 lectioni
2972 5419 3121 5462 vetus
3171 5410 3438 5475 interpres
3493 5409 3817 5462 Eustathius

2252 5488 2392 5538 favet
2424 5504 2436 5538 :
2471 5482 2591 5536 Non
2630 5499 2749 5549 ergo
2793 5498 3019 5544 quwras,
3059 5480 3249 5547 inquit,
3288 5482 3350 5529 de
3392 5481 3617 5548 singulis
3659 5481 3822 5529 ratio-

2253 5573 2364 5607 nem
2396 5572 2413 5608 :
2448 5556 2534 5607 sed
2566 5553 2656 5603 illa
2672 5569 2870 5621 quoque
2896 5567 3010 5621 qua!
3034 5550 3242 5601 silentio
3270 5552 3535 5613 Scriptura
3560 5549 3816 5617 prmleril,

2258 5642 2321 5678 εῖτ
2347 5623 2454 5683 liis,
2483 5639 2596 5686 qum
2626 5626 2790 5675 relata
2826 5634 2961 5677 sunt.
2997 5622 3199 5671 debebis
3229 5622 3511 5671 advertere.

2328 5695 2437 5765 (57)
2473 5695 2694 5748 (Lodices
2750 5692 2985 5747 nonnulli
3021 5691 3157 5761 πρὸς
3205 5689 3304 5759 τῷ.
3359 5690 3457 5743 Alii
3499 5704 3621 5745 cum
3655 5687 3819 5744 editis

2253 5768 2385 5838 πρὸς
2405 5766 2482 5817 τό.
