4058 6446
259 399 330 454 Ξ1
1395 392 1679 448 HOMILIA
1719 394 1738 447 1
1773 392 1811 449 li

1913 393 2368 451 IEXAEMERON.
3416 389 3492 446 ει

260 512 530 578 τουτέστι,
565 515 763 585 λεπτὴν
787 513 944 584 φύσιν
973 515 1064 567 καὶ
1092 513 1153 567 σι
1195 512 1415 583 στερεὰν
1443 511 1561 565 οὑδὲ
1601 513 1811 581 παχεῖαι

1929 524 2029 579 est,
2063 515 2154 584 qui
2200 523 2436 576 tenuem,
2477 527 2579 566 non
2623 511 2847 566 solidam
2900 524 3068 578 neque
3118 522 3356 562 crassam
3391 523 3491 561 na-

259 610 344 671 τις
362 605 460 679 τὴν
487 606 578 658 τοῦ
601 605 828 679 οὐρανοῦ
860 606 1116 660 σύστασιν
1149 603 1430 666 οὑσιώσας.
1465 604 1572 656 Καὶ
1594 605 1715 674 περὶ
1739 603 1830 657 τοῦ

261 700 538 769 σχήματος
570 698 625 750 δὲ
661 697 818 750 ἱκανὰ
846 698 976 767 ἡμῖν
1009 695 1077 748 τὰ
1103 693 1229 765 παρ’
1252 693 1414 747 αὑτοῦ
1437 733 1451 756 ,
1491 695 1731 758 εἰπόντος
1773 696 1830 746 ὲν

255 788 532 860 δοξολογίᾳ
563 786 694 840 Θεοῦ
716 803 730 818 ³
768 789 829 840 '0
859 787 1095 852 στήσας
1120 786 1225 839 τὸν
1263 784 1518 853 οὐρανὸν
1556 785 1696 838 ὡσεὶ
1725 802 1828 839 κα-

255 879 472 946 μάραν.
503 878 581 930 Τὰ
611 877 748 930 αὑτὰ
780 877 834 930 δὲ
856 875 1026 928 ταῦτα
1057 875 1147 926 καὶ
1171 875 1297 944 περὶ
1321 875 1418 942 τῆς
1454 873 1557 943 γῆς
1597 874 1829 944 συμϐου-

255 971 500 1041 λεύωμεν
548 970 657 1040 (58)
700 972 941 1030 ἑαυτοῖς,
995 967 1069 1037 μὴ
1131 967 1603 1038 πολυπραγμονεῖν
1661 968 1827 1037 αὐτῆς

253 1064 354 1132 τὴν
387 1061 571 1115 οὐσίαν
596 1063 716 1132 ἣτις
742 1060 866 1113 ποτέ
910 1061 1044 1120 ἐστι,
1085 1058 1217 1129 μηδὲ
1263 1057 1678 1128 κατατρίϐεσθαι
1714 1061 1827 1122 τοῖς

254 1158 533 1223 λογισμοῖς
554 1154 683 1206 αὐτὸ
702 1153 758 1204 τὸ
784 1149 1138 1218 ὑποκείμενον
1167 1148 1543 1219 ἐκζητοῦντας,
1572 1149 1702 1219 μηδὲ
1731 1148 1828 1220 ζη-

251 1249 367 1299 τεῖν
393 1263 511 1298 τινα
547 1246 703 1314 φύσιν
747 1243 947 1312 ἔρημον
981 1242 1276 1310 ποιοτήτων
1298 1281 1311 1304 ,
1343 1241 1528 1294 ἄποιον
1555 1241 1825 1311 ὑπάρχου-

254 1355 356 1390 σαν
393 1336 468 1407 τῷ
502 1335 699 1401 ἑαυτῆς
747 1333 905 1402 λόγῳ,
932 1332 1042 1385 ἀλλ’
1096 1327 1152 1384 εὖ
1180 1331 1394 1394 ειδέναι,
1431 1333 1512 1384 ὅτι
1555 1333 1730 1386 πάντα
1755 1333 1825 1387 τὰ

254 1429 386 1500 περὶ
406 1428 570 1496 αὐτὴν
589 1424 930 1494 θεωρούμενα
954 1427 1032 1486 εἰς
1054 1423 1141 1474 τὸν
1164 1422 1254 1475 τοῦ
1273 1419 1406 1474 εἶναι
1428 1425 1821 1478 κατατέτακται

249 1520 428 1587 λόγον,
462 1516 886 1587 συμπληρωτικὰ
911 1517 1008 1586 τῆς
1038 1517 1221 1578 οὐσίας
1253 1516 1582 1586 ὑπάρχοντα.
1620 1518 1711 1580 Εἰς
1732 1518 1822 1569 οὑ-

247 1612 338 1664 δὲν
359 1611 464 1679 γὰρ
485 1607 825 1677 καταλήξεις,
853 1608 1017 1660 ὲκάστ
1030 1625 1086 1677 ην
1109 1605 1216 1658 τῶν
1243 1606 1659 1676 ἐνυπαρχουσῶν
1684 1610 1815 1680 αὐτῇ

252 1701 548 1768 ποιοτήτων
575 1697 979 1768 ὑπεξαιρεῖσθαι
1019 1697 1094 1766 τῷ
1127 1697 1267 1766 λόγῳ
1305 1699 1656 1767 πειρώμενος.
1697 1699 1818 1751 Ἐὰν

245 1792 354 1859 γὰρ
392 1791 703 1861 ἀποστήσῃς
747 1789 807 1841 τὸ
855 1788 1053 1858 μέλαν,
1108 1788 1166 1839 τὸ
1198 1788 1418 1860 ψυχρὸν,
1461 1787 1520 1840 τὸ
1563 1788 1719 1858 βαρὺ,
1758 1790 1816 1843 τὸ

1933 615 2127 668 turam,
2162 605 2227 659 ad
2261 604 2684 659 constituendam
2722 603 2844 657 caeli
2892 600 3248 655 substantiam
3295 599 3485 653 condi-

1928 696 2028 749 dit.
2083 696 2157 750 De
2195 696 2360 763 ﬁgura
2390 708 2601 764 quoque
2626 691 2895 745 sulliciunt
2921 691 3078 743 nobis
3116 705 3233 756 qua:
3289 688 3401 757 ipse
3432 689 3487 743 in

1933 785 2024 838 Dei
2047 783 2434 854 gloriﬁcatione
2463 784 2633 838 dixit:
2663 781 2763 846 Qui
2794 781 2978 833 statuit
3010 781 3193 834 caelum
3217 780 3353 833 sicut
3390 795 3482 831 ca-

1927 876 2210 929 meram“.
2245 876 2508 930 Caeterum
2561 875 2675 928 hare
2713 875 2897 927 eadem
2933 884 2984 925 et
3028 873 3092 925 de
3133 879 3272 926 terra
3327 872 3485 926 nobis

1927 967 2029 1037 ipsi
2065 968 2405 1024 suadeamus.
2445 975 2502 1019 ut
2537 980 2602 1019 ne
2640 965 2811 1034 qualis
2850 965 3061 1018 tandem
3097 965 3168 1017 sit
3204 961 3320 1030 ejus
3348 961 3481 1016 sub-

1925 1060 2144 1123 stantia,
2187 1059 2449 1113 Curiosius
2495 1068 2914 1126 perscrutemnr,
2955 1056 3010 1126 9
3051 1070 3221 1124 neque
3259 1055 3310 1107 iu
3351 1055 3481 1109 sub-

1925 1147 2072 1217 jecto
2106 1147 2463 1216 perquirendo
2514 1147 2927 1200 ratiocinatione
2963 1143 3311 1212 defatigemur
3339 1163 3354 1198 :
3387 1159 3484 1198 ne-

1924 1256 2028 1312 que
2059 1250 2300 1294 naturam
2337 1242 2643 1309 quampiam
2677 1239 3025 1308 qualitatibus
3069 1239 3394 1300 destitutam,
3426 1245 3481 1292 et

1923 1333 2238 1403 qualitatum
2274 1347 2365 1386 sua
2415 1333 2577 1399 ipsius
2628 1331 2935 1387 conditione
2981 1342 3250 1399 expertem
3291 1329 3481 1399 exqui-

1923 1440 2105 1478 ramus
2135 1438 2148 1475 :
2178 1424 2268 1478 sed
2299 1426 2461 1487 probe
2489 1424 2723 1476 sciamus
2749 1423 2925 1476 omnia
2956 1435 3288 1490 quaecunque
3325 1421 3375 1473 in
3408 1434 3475 1474 ea

1921 1515 2349 1578 considerantur,
2413 1513 2476 1566 ad
2536 1513 2703 1582 ipsius
2735 1512 3025 1568 exsistendi
3061 1512 3319 1565 rationem
3348 1525 3474 1578 spe-

1919 1616 2102 1673 ctare,
2156 1607 2351 1675 quippe
2411 1621 2530 1674 qum
2586 1606 2752 1674 ipsius
2801 1603 3095 1672 compleant
3163 1602 3472 1657 essentiam.

1918 1697 2148 1761 Etenim,
2193 1697 2236 1750 si
2269 1695 2553 1766 qualitates
2584 1696 2837 1764 singulas,
2867 1711 2998 1764 quas
3019 1693 3242 1758 obtinet,
3275 1691 3478 1747 ratione

1918 1787 2132 1841 auferre
2163 1786 2396 1852 coneris,
2453 1803 2512 1842 es
2555 1788 2607 1840 in
2662 1789 2886 1841 nihilum
2924 1788 3214 1842 desiturus.
3262 1785 3395 1841 Nam
3429 1786 3475 1840 si

246 1882 470 1945 πυκνὸν,
497 1881 592 1945 τὰς
628 1881 767 1934 κατὰ
795 1880 979 1946 γεῦσιν
1010 1879 1416 1949 ἐνυπαρχούσας
1441 1881 1573 1950 αὐτῇ
1610 1880 1811 1952 ποιότης

1919 1878 2188 1932 amoveris
2229 1878 2635 1948 nigritudinem,
2692 1877 3065 1947 frigiditatem,
3131 1878 3477 1946 gravitatem,

240 1989 365 2036 τας,
392 1973 422 2041 ἦ
450 1972 501 2023 εἴ
525 1989 666 2033 τινες
702 1968 854 2022 ἄλλαι
890 1968 1016 2040 περὶ
1059 1968 1224 2037 αὐτὴν
1271 1966 1618 2037 θεωροῦνται,
1665 1968 1815 2021 οὐδὲν

245 2062 398 2116 ἔσται
425 2063 484 2115 τὸ
501 2062 852 2130 ὑποκείμενον
881 2059 1010 2127 (59).
1042 2057 1224 2110 Ταῦτά
1251 2074 1310 2109 τε
1340 2054 1431 2110 οὖν
1455 2058 1818 2110 καταλιπόντα

246 2174 331 2215 σε.
370 2156 500 2227 μηδὲ
527 2158 696 2208 ἐκεῖνο
742 2153 921 2222 ζητεῖν
953 2151 1235 2220 παραινῶ,
1270 2150 1362 2202 ἐπὶ
1396 2151 1539 2212 τίνος
1567 2149 1812 2217 ἕστηκεν.

256 2249 568 2316 Ὶλιγγιάσει
590 2247 696 2313 γὰρ
729 2245 820 2296 καὶ
848 2243 1019 2304 οὑτως
1050 2241 1322 2312 ἡδιὰνηια,
1350 2241 1482 2309 πρὸς
1508 2239 1656 2292 οὐδὲν
1687 2242 1813 2308 ὁμο-

241 2340 571 2408 λογούμενον
607 2337 778 2406 πέρας
815 2333 1098 2399 διεξιόντος
1140 2331 1232 2384 τοῦ
1269 2329 1546 2399 λογισμοῦ.
1600 2331 1722 2382 Ἐάν
1755 2347 1814 2382 τε

240 2431 353 2500 γὰρ
402 2430 539 2499 ἀέρα
595 2430 698 2497 φῇς
751 2423 1130 2494 ὑπεστρῶσθαι
1177 2422 1284 2492 (60)
1330 2421 1517 2474 πλάτει
1547 2421 1645 2490 τῆς
1687 2421 1811 2490 γῆς,

238 2522 556 2590 ἀπορήσεις,
583 2518 697 2578 πῶς
732 2519 763 2586 ή
798 2514 1045 2586 μαλθακὴ
1075 2514 1163 2566 καὶ
1188 2513 1477 2576 πολύκενος
1505 2513 1662 2580 φύσις
1688 2513 1813 2565 ἀντ-

240 2611 355 2679 έχει
399 2609 502 2662 ὑπὸ
557 2607 806 2661 τοσούτου
846 2607 1042 2678 βάρους
1093 2607 1507 2676 σιυνθλιϐομένη,
1550 2606 1662 2660 ἀλλ’
1696 2607 1815 2676 οὐχὶ

239 2699 580 2752 διολισθαίνει
634 2697 893 2750 πάντοθεν
941 2698 1036 2765 τὴν
1084 2695 1358 2767 συνίζησιν
1411 2695 1810 2763 ὑποφεύγουσα,

242 2794 335 2845 καὶ
364 2791 448 2844 ἀεὶ
475 2791 608 2862 πρὸς
635 2790 693 2842 τὸ
724 2789 832 2844 ἄνω
864 2787 1234 2856 ὑπερχεομένη
1279 2786 1371 2838 τοῦ
1406 2788 1811 2855 συμπιέζοντος.

238 2885 427 2944 Πάλιν,
460 2884 551 2936 ἐὰν
578 2881 777 2952 ὑποθῇς
820 2878 996 2946 ἑαυτῷ
1038 2877 1142 2944 (61)
1186 2877 1328 2946 ὕδωρ
1371 2873 1505 2930 εἶναι
1541 2877 1600 2928 τὸ
1624 2877 1815 2929 ὑποϐε-

237 2977 339 3047 ὅλη
350 2975 505 3046 μένον
533 2978 594 3043 τῇ
619 2977 708 3042 γῇ.
741 2974 831 3024 καὶ
854 2971 1022 3033 οὕτως
1056 2969 1421 3040 ὲπιζητήσεις,
1449 2967 1566 3031 πῶς
1587 2969 1648 3021 τὸ
1674 2969 1808 3039 βαρὺ

238 3067 335 3120 καὶ
379 3066 577 3118 πυκνὸν
623 3066 682 3115 οὑ
725 3061 957 3114 διαδύνει
999 3061 1092 3114 τοῦ
1140 3061 1359 3125 ὓδατος,
1404 3061 1515 3114 ἀλλ’
1565 3062 1670 3113 ὑπὸ
1710 3061 1811 3130 τῆς

235 3155 628 3224 ἀσθενεστέρας
652 3154 866 3223 φύσεως
891 3154 952 3205 τὸ
980 3153 1228 3207 τοσοῦτον
1269 3153 1568 3224 ὑπερφέρον
1593 3152 1669 3222 τῷ
1712 3151 1808 3222 βά-

237 3265 324 3319 ρει
359 3249 662 3317 κρατεῖται·
710 3246 844 3316 πρὸς
875 3247 936 3299 τὸ
977 3247 1069 3299 καὶ
1117 3246 1226 3316 (62)
1276 3245 1438 3297 αὑτοῦ
1475 3245 1566 3298 τοῦ
1621 3246 1806 3310 ἱδατος

234 3338 334 3406 τὴν
361 3337 520 3409 ἕδραν
572 3337 868 3407 ἐπιζητεῖν,
915 3339 1008 3390 καὶ
1043 3336 1200 3389 πάλιν
1234 3336 1510 3405 διαπορεῖν
1541 3336 1644 3388 τίνι
1689 3353 1808 3388 στε-

233 3427 386 3498 γανῷ
421 3430 513 3483 καὶ
551 3430 906 3500 ἀντερείδοντι
958 3429 986 3479 ὁ
1022 3426 1324 3489 τελευταῖος
1379 3424 1539 3478 αὑτοῦ
1594 3426 1809 3496 πυθμὴν

233 3520 524 3572 ὲπιόαίνει.

308 3701 360 3754 9.
398 3701 521 3752 Ἐὰν
560 3701 615 3753 δὲ
660 3701 843 3770 ἕτερον
899 3698 1053 3769 σῶμα
1094 3698 1188 3768 τῆς
1240 3699 1341 3767 γῆς
1394 3696 1809 3768 ἐμϐριθέστερον

233 3791 408 3861 ὑποθῇ
440 3791 666 3843 κωλύειν
689 3792 782 3859 τὴν
815 3791 916 3861 γῆν
951 3791 1085 3861 πρὸς
1119 3792 1179 3842 τὺ
1209 3791 1356 3843 κάτω
1395 3793 1618 3860 χωρεῖν,
1657 3789 1810 3841 ἐνθυ-

236 3885 458 3957 μηθήσῃ
487 3884 707 3936 κάκεῖνο
748 3884 933 3952 ὁμοίου
973 3884 1115 3945 τινὸς
1153 3883 1357 3936 δεῖσθαι
1399 3882 1491 3934 τοῦ
1530 3883 1809 3949 στέγοντος

229 3977 330 4031 καὶ
363 3975 435 4046 μὴ
471 3973 665 4035 ἐῶντος
697 3973 828 4026 αὑτὸ
861 3973 1240 4028 καταπίπτειν.
1274 3974 1388 4026 Κᾶν
1419 3990 1468 4025 τι
1497 3971 1806 4044 δυνηθῶμεν

233 4070 428 4138 ἐκείνῳ
477 4066 890 4136 συμπλάσαντες
937 4064 1249 4126 ὑποθεῖναι,
1293 4064 1351 4116 τὸ
1399 4065 1603 4115 ἐκείνου
1650 4064 1806 4115 πάλιν

233 4161 565 4230 ἁντέρεισμα
606 4159 634 4210 ὁ
681 4157 803 4222 νοῦς
833 4157 986 4226 ἡμῶν
1022 4154 1358 4224 ἐπιζητήσει,
1405 4155 1496 4207 καὶ
1526 4153 1696 4216 οὕτως
1729 4157 1806 4218 εἰς

232 4253 461 4322 ἄπειρον
505 4249 885 4319 ἐκπεσούμεθα
918 4248 1048 4313 (65),
1114 4251 1226 4311 τοῖς
1283 4247 1369 4300 ἀεὶ
1406 4247 1807 4317 εὑρισκομένοις

236 4343 456 4412 βάθροις
484 4344 648 4414 ἕτερα
678 4341 838 4395 πάλιν
871 4341 1225 4401 ἐπινοοῦντες.
1250 4340 1358 4392 Καὶ
1381 4341 1487 4408 ὅσῳ
1512 4339 1602 4390 ἐπὶ
1626 4339 1807 4391 πλεῖον

230 4433 311 4502 τῷ
344 4435 484 4505 λόγῳ
535 4436 827 4508 προῖεμεν,
862 4432 1098 4500 τοσούτῳ
1151 4432 1368 4500 μείζονα
1416 4432 1513 4502 τὴν
1567 4449 1807 4502 συνερει-

234 4524 426 4592 στικὴν
482 4523 893 4593 ἀναγκαζόμεθα
945 4521 1052 4592 (64)
1104 4520 1328 4589 δύναμιν
1390 4520 1722 4588 ὑπεισάγειν,
1770 4522 1802 4592 ἢ

1916 1970 2256 2036 densitatem,
2304 1980 2356 2025 et
2409 1971 2700 2041 qualitates
2738 1971 2904 2037 ipsius
2955 1968 3020 2022 ad
3059 1977 3268 2036 gustum
3301 1968 3474 2036 perti-

1916 2072 2120 2127 nentes,
2153 2070 2245 2115 aut
2276 2063 2318 2117 si
2356 2078 2474 2131 quae
2501 2063 2619 2116 alia:
2654 2062 2705 2116 in
2739 2077 2799 2116 ea
2828 2060 3250 2128 conspiciuntur,
3286 2073 3478 2125 super-

1913 2151 2016 2204 erit
2042 2151 2339 2220 subjectum
2372 2152 2600 2205 nullum.
2640 2150 2734 2205 His
2784 2151 2946 2221 igitur
2969 2148 3204 2212 omissis,
3243 2163 3311 2202 ne
3344 2147 3475 2201 illud

1920 2243 2130 2312 quidem
2180 2244 2557 2311 inquiremlum
2611 2258 2822 2307 moueo,
2858 2241 3108 2296 videlicet
3154 2254 3318 2309 super
3367 2255 3476 2307 quo

1912 2344 2016 2387 stet
2065 2333 2394 2388 fulcimento.
2429 2332 2558 2386 Nam
2604 2343 2658 2387 et
2698 2336 2798 2388 hoc
2840 2340 2994 2402 pacto
3026 2331 3290 2400 vertigine
3323 2345 3477 2384 mens

1914 2426 2199 2492 laborabit,
2227 2425 2657 2496 quandoquidem
2691 2425 2756 2478 ad
2788 2435 2993 2478 certum
3047 2423 3248 2476 nullum
3306 2420 3467 2473 linem

1914 2526 2235 2583 perventura
2274 2527 2354 2569 est
2385 2516 2744 2569 ratiocinatio.
2792 2515 2917 2569 Sive
2949 2517 3090 2570 enim
3135 2529 3312 2568 aerem
3345 2512 3473 2565 lati-

1914 2607 2084 2660 tudini
2123 2616 2278 2662 terra:
2325 2608 2655 2662 substratum
2685 2622 2808 2661 csse
2839 2608 3080 2673 dixeris;
3115 2606 3353 2674 ambiges
3383 2602 3480 2674 qu!

1915 2700 2028 2754 fieri
2061 2699 2227 2769 possit
2265 2708 2322 2753 ut
2365 2709 2554 2756 natura
2603 2699 2781 2753 mollis
2811 2699 3074 2768 valdeque
3118 2698 3293 2752 inanis
3325 2708 3478 2751 tanto

1913 2791 2147 2857 pondere
2177 2804 2484 2858 compressa
2517 2792 2802 2853 renitatur,
2837 2800 2888 2844 et
2932 2806 3034 2843 non
3067 2791 3243 2857 potius
3272 2788 3477 2841 dilaba-

1913 2889 2001 2932 tur
2028 2881 2321 2942 undelibet,
2350 2882 2489 2935 banc
2532 2881 2724 2934 molem
2762 2883 3130 2936 subsidentem
3163 2880 3469 2951 aufugiens,

1910 2985 2074 3038 seque
2129 2984 2339 3025 sursum
2379 2982 2637 3040 perpetuo
2677 2987 2842 3041 super
2865 2973 2915 3024 id
2955 2973 3095 3040 quod
3129 2973 3294 3041 ipsam
3323 2987 3471 3026 com-

1911 3061 2094 3132 primit
2124 3060 2448 3117 diil‘undens.
2488 3062 2743 3127 Rursum,
2792 3064 2836 3117 si
2876 3079 3069 3132 aquam
3101 3076 3258 3117 terra:
3294 3063 3476 3130 subje«

1913 3164 2050 3205 ctam
2081 3167 2198 3206 esse
2227 3162 2400 3206 tecum
2435 3153 2710 3217 statueris,
2747 3153 2906 3206 etiam
2941 3155 3019 3206 sic
3053 3154 3310 3220 inquircs,
3340 3168 3474 3222 quo-

1835 3225 1876 3283 C
1911 3245 2067 3298 modo
2097 3259 2256 3314 grave
2287 3255 2340 3298 et
2365 3245 2589 3297 densum
2619 3260 2814 3314 corpus
2849 3262 2953 3298 non
2987 3256 3230 3315 penetret
3254 3263 3471 3316 aquam,

1911 3337 2002 3392 sed
2042 3350 2125 3389 res
2149 3340 2302 3404 longe
2326 3338 2539 3404 gravior
2568 3353 2596 3390 a
2631 3339 2891 3391 debiliore
2922 3351 3109 3392 natura
3142 3339 3470 3393 detineatur.

1909 3427 1988 3481 Ad
2027 3426 2139 3481 ιιωο
2186 3429 2351 3494 ipsius
2402 3427 2566 3480 etiam
2608 3443 2760 3495 aqua:
2805 3429 3156 3497 investigabis
3194 3432 3382 3493 basim,
3412 3445 3476 3484 ac

1920 3532 2134 3570 rursum
2165 3519 2453 3584 dubitabis,
2481 3519 2692 3571 cuinam
2727 3519 2899 3572 solido
2936 3529 2989 3573 et
3017 3521 3263 3576 renitenti
3303 3519 3475 3575 fulcro

1910 3612 2157 3664 ultimum
2187 3612 2300 3676 ejus
2327 3613 2549 3666 fundum
2584 3615 2885 3668 incumbat.

1978 3702 2030 3758 9.
2075 3702 2224 3770 Quod
2255 3705 2296 3758 si
2330 3720 2500 3773 ponas
2525 3706 2666 3760 aliud
2709 3721 2904 3775 corpus
2934 3720 3054 3760 esse
3086 3714 3224 3760 terra
3255 3707 3471 3774 gravius

1909 3806 1971 3847 ac
1995 3793 2241 3860 solidius,
2274 3811 2378 3862 quo
2423 3805 2563 3847 terra
2603 3810 2669 3847 ne
2699 3796 2765 3847 ad
2802 3796 2905 3847 ima
2951 3795 3161 3847 decidat
3212 3795 3473 3863 impedia-

1911 3894 2023 3950 tur;
2069 3886 2120 3939 iu
2176 3887 2408 3938 animum
2456 3885 2770 3941 inducturus
2819 3901 2879 3940 es
2928 3886 3054 3939 illud
3104 3888 3264 3941 etiam
3293 3886 3474 3954 aliquo

1909 3976 2014 4029 alio
2055 3975 2214 4029 simili
2269 3976 2527 4042 indigere,
2574 3980 2716 4046 quod
2766 3979 2993 4033 alterum
3051 3975 3338 4038 sull‘ulciat,
3372 3991 3474 4032 nec

1908 4081 2162 4121 corruere
2190 4067 2354 4124 sinat.
2378 4069 2440 4121 Et
2467 4070 2510 4122 si
2536 4069 2825 4123 coniictum
2861 4071 2988 4137 quid
3019 4070 3092 4122 illi
3122 4072 3467 4123 substernere

1909 4160 2223 4226 poterimus,
2257 4175 2443 4213 rursus
2469 4160 2585 4228 ejus
2627 4161 2853 4214 rulerqu
2887 4176 3044 4214 tuens
3078 4172 3259 4212 nostra
3289 4161 3471 4227 inqui-

1910 4260 2018 4314 ret;
2043 4256 2200 4315 atque
2233 4249 2331 4301 hoc
2367 4251 2520 4301 modo
2571 4249 2622 4299 in
2673 4249 2938 4300 infinitum
2989 4248 3306 4310 dilabetnur,
3330 4263 3475 4301 sent-

1909 4354 2007 4407 per
2041 4350 2234 4408 praeter
2266 4341 2478 4392 inventa
2511 4340 2879 4404 fundamenta,
2912 4341 3014 4392 alia
3045 4354 3229 4393 rursus
3252 4341 3472 4409 excogi-

1913 4439 2109 4484 tantes.
2137 4431 2202 4484 Et
2223 4441 2424 4499 quanto
2450 4431 2657 4501 longius
2682 4432 2889 4486 ratione
2916 4432 3313 4501 progredimur,
3353 4442 3473 4484 tan-

1914 4529 1964 4573 to
1993 4522 2249 4588 majorem
2304 4522 2578 4576 renitendi
2610 4537 2674 4576 ae
2709 4521 3046 4576 Sttﬂ‘nlciendi
3077 4523 3184 4576 vim
3221 4522 3465 4592 cogimur

234 4616 373 4687 πρὸς
395 4614 514 4669 ὅλον
542 4615 678 4684 ὁμοῦ
717 4615 1001 4684 δυνήσεται
1047 4613 1105 4667 τὺ
1148 4611 1540 4682 ὑπερκεῖμενον
1573 4613 1810 4664 ἀντιϐαί-

1915 4613 2188 4678 inducere,
2221 4629 2340 4684 quin
2371 4616 2467 4671 toti
2515 4616 2676 4671 simul
2731 4615 2855 4672 moli
2901 4615 3253 4685 superpositas
3301 4615 3472 4684 possit

308 4767 351 4798 ¹³
379 4767 482 4820 lsa.
513 4782 600 4830 ιι,
630 4763 718 4818 22.

307 4926 419 4997 (58)
450 4927 628 4982 Codex
676 4926 929 4998 Combef.
968 4924 1401 4998 et_unusiDuc._
1451 4937 1572 4979 cum
1637 4926 1803 4998 Regio

230 4996 390 5053 sesto
423 5009 474 5047 et
504 5014 623 5050 cum
649 5000 886 5052 editione
914 4996 1074 5051 Basil.
1105 4996 1562 5116 συμϐουλεὺοὲιεν.

307 5069 417 5116 (ενι
450 5066 579 5116 Rea.
613 5079 795 5116 sextus
845 5081 897 5116 ot
942 5070 1092 5116 (λιιι).
1139 5069 1342 5116 primus
1370 5065 1430 5116 οὑ
1469 5065 1526 5116 ὲν

307 5069 417 5127 (5‘))
450 5066 579 5131 Reg.
613 5079 795 5120 sextus
845 5081 897 5122 et
942 5070 1092 5123 (λιιι).
1137 5069 1342 5133 primus
1370 5065 1526 5117 οὐδὲν
1565 5067 1718 5121 ἔσται
1743 5067 1804 5120 τὸ

231 5137 674 5207 ὑπολειπόμενον,
709 5138 846 5206 quod
874 5147 1122 5204 superest,
1161 5137 1291 5188 nihil
1335 5137 1457 5199 erit,
1511 5152 1624 5207 st-u.
1676 5139 1802 5189 nihil

229 5205 508 5271 supererit.
545 5205 645 5259 Alii
697 5205 826 5261 mss.
855 5220 904 5261 et
937 5211 1061 5263 editi
1093 5207 1242 5259 οὐδὲν
1292 5207 1438 5259 ἔσται
1482 5205 1543 5258 τὸ
1580 5207 1799 5260 ὑποκεί-

233 5294 412 5348 μενον.
444 5275 613 5348 ΙςΙε-ι,
640 5288 691 5328 ιιι
711 5278 1004 5348 loquuntur
1033 5279 1350 5347 phlosnphi,
1385 5276 1584 5328 nullum
1611 5295 1794 5345 super-

227 5349 328 5401 erit
363 5347 670 5416 subjectum.
707 5347 801 5400 Est
851 5350 1112 5415 hodieque
1151 5348 1357 5416 magnis
1399 5348 1536 5397 inter
1560 5349 1798 5412 philoso-

232 5418 372 5487 phos
410 5417 610 5483 agitata
653 5422 1082 5472 contentionibus
1111 5415 1354 5488 qua-stin,
1381 5418 1519 5469 sitne
1557 5419 1800 5484 corporis

233 5490 410 5540 fortun
445 5489 634 5540 eniitas
667 5490 933 5555 quaedam,
970 5507 1032 5542 an
1087 5487 1254 5540 solum
1279 5487 1523 5539 diversus
1571 5491 1800 5551 partium

231 5561 389 5619 situs,
428 5568 626 5616 motux',
676 5573 780 5610 etc.
841 5559 1059 5611 Videtur
1106 5558 1334 5611 Basilius
1369 5567 1460 5608 aut
1517 5557 1674 5621 nihil,
1710 5569 1804 5612 aut

231 5644 337 5682 ιιοιι
370 5629 438 5679 ita
473 5631 694 5680 multum
731 5643 757 5680 τι
798 5629 1185 5682 recentioribus
1209 5627 1513 5681 dissentire.

307 5697 419 5765 (60)
475 5695 610 5770 Editi
650 5697 1063 5770 ὑποστόρεσθαι,
1100 5709 1368 5770 corrupte.
1421 5695 1600 5750 Culex
1662 5713 1797 5770 unus

233 5767 658 5838 ὑπεστορῆσθαι,
685 5767 934 5838 cortupte
957 5785 1189 5838 quoque.
1222 5769 1322 5821 Alii
1348 5776 1456 5838 tres
1507 5782 1635 5819 mss.
1663 5769 1794 5821 ὑπε-

235 5836 543 5909 στορέσθαι,
576 5852 676 5891 non
710 5836 868 5894 male.
905 5836 1147 5896 Δι’(ΖοὶδΙ.
1170 5836 1793 5910 ρι’ἰιιιιιεὺπεστρ‹7›σθαε,

1910 4929 2119 4983 melius.
2153 4927 2444 4996 Aliquanto
2476 4933 2596 4992 post
2631 4938 2722 4978 sex
2757 4941 2886 4980 mss.
2915 4925 3146 4996 ἀντέχει.
3183 4923 3320 4979 Editi
3349 4940 3470 4977 cum

1910 5001 2060 5053 Colb.
2103 5001 2337 5053 secundo
2368 4997 2589 5069 ἀντέχῃ.
2614 4997 2848 5051 Subinde
2882 4997 3087 5066 aliquot
3114 5011 3244 5050 mss.
3277 5011 3474 5050 παντα-

1910 5069 2085 5122 γόθεν.

1909 5087 2097 5210 XO???)
2132 5140 2219 5193 Sic
2251 5149 2479 5210 uterque
2510 5135 2793 5210 Duorum
2822 5137 2942 5210 aliis
2970 5134 3140 5210 tribus
3172 5135 3470 5210 codicibus.

1911 5205 2361 5269 Colb.'secumlus
2406 5205 2634 5277 σεαυτῷ.
2661 5207 2833 5259 Editio
2864 5207 3037 5260 Paris.
3065 5205 3214 5277 αὑτῷ

1980 5279 2334 5350 (62)Αιιιί‹ιιιί
2376 5278 2482 5350 duo
2533 5274 2650 5350 libri
2700 5277 2834 5349 πρὸς
2881 5277 2958 5347 τῷ
2988 5275 3101 5329 καί.
3153 5274 3318 5328 Paulo
3351 5284 3473 5344 post

1907 5347 2080 5407 codex“
2112 5365 2245 5400 unus
2284 5350 2363 5412 ei;
2394 5348 2454 5399 τὸ
2483 5347 2650 5400 κάτω.

1977 5420 2088 5488 (b3)
2127 5419 2357 5483 Uterque
2399 5419 2550 5472 Coll».
2581 5415 2987 5486 ὲμπεσούμεθα.
3036 5413 3157 5468 Mox
3187 5414 3313 5467 editi
3347 5428 3468 5488 cum

1905 5483 2133 5559 utroque
2177 5488 2328 5544 Colb.
2383 5483 2662 5557 προΐεμεν.
2713 5483 3086 5555 Αιὶἴρυιιιιιιη
3141 5499 3269 5538 mss.
3322 5483 3473 5554 προτο-

1948 5579 2025 5614 εν.

1906 5579 2085 5703 Ϋδῖἐι)
2118 5631 2348 5703 Veteres,
2380 5631 2584 5697 aliquot
2616 5629 2732 5681 libri
2767 5626 3218 5703 alyn-{mapng
3270 5623 3467 5703 “gi-lenm.

1905 5694 2198 5771 Regii'tres
2227 5702 2454 5755 codices
2473 5694 2603 5771 'cum
2639 5716 2742 5752 uno
2773 5694 2927 5752 Colb.
2967 5694 3300 5763 ἐπεισάγειν.
3330 5694 3469 5749 Ειιίιι

1899 5770 2021 5826 cum
2054 5788 2158 5827 uno
2182 5789 2308 5832 tns.,
2346 5770 2681 5838 ὑπεισὰγειν.
