4058 6438
579 363 652 418 93
1897 374 1954 430 S.
2000 373 2144 428 BAbl

2282 374 2496 430 MAGNI
3745 379 3819 436 25

571 473 763 527 obniti.
795 473 1151 540 Quamobrem
1202 479 1413 533 modum
1473 481 1709 552 finesque
1748 489 1912 541 menti
1963 491 2134 559 impo-

2246 509 2368 545 νειν.
2396 491 2495 544 Διιά
2530 483 2688 545 τοῦτο
2715 491 2870 559 ὄρους
2901 491 3085 556 ἐπίθες
3119 492 3181 562 τῇ
3216 491 3443 564 διανοίᾳ,
3481 495 3690 566 μήποτέ
3720 512 3820 549 σου

572 578 672 626 ne;
705 578 771 618 ne
803 566 1020 635 quando
1059 569 1424 626 curiositatem
1482 583 1649 640 tuam,
1691 577 1783 646 qui
1834 577 2135 650 incompre-

572 650 854 708 hensibilia
906 659 1292 724 perscrutaris.
1340 661 1625 730 redarguat
1659 665 1774 721 Jobi
1817 673 2079 725 sententia
2116 691 2132 726 :

573 758 705 799 neve
737 754 788 798 tu
820 759 1032 816 quoque
1054 749 1121 801 ab
1144 765 1209 803 eo
1239 750 1602 823 interrogeris.
1629 754 1797 824 Super
1825 775 1928 828 quo
1951 763 2134 815 circuli

572 837 687 904 ejus
722 835 817 904 ﬁxi
857 839 958 892 sint
989 837 1052 890 "‘.
1095 838 1197 892 Sed
1229 842 1329 895 etsi
1365 846 1415 896 iu
1450 843 1679 900 Psalmis
1711 848 2004 918 aliquando
2031 868 2128 905 att-

573 929 737 986 dieris
765 949 778 986 :
818 930 926 1001 Ego
955 932 1265 1000 conﬁrmavi
1303 937 1574 992 columnas
1605 941 1719 1006 ejus
1745 941 1819 1009 ";
1853 947 1958 999 vim
1991 945 2133 998 illam

571 1037 678 1091 qua
709 1025 761 1078 in
788 1038 886 1078 suo
939 1034 1080 1077 statu
1117 1027 1486 1093 confirmatur,
1513 1031 1793 1090 columnas
1822 1038 1992 1090 dictas
2017 1052 2137 1092 esse

571 1127 722 1186 puta.
757 1115 888 1169 Nam
916 1117 1045 1172 illud
1079 1135 1090 1168 :
1124 1119 1295 1186 Super
1311 1124 1481 1176 maria
1509 1123 1878 1190 [undaviteam
1907 1131 1950 1160 “
1976 1130 2136 1198 :quid

573 1208 716 1263 aliud
746 1209 1034 1277 signiﬁcat,
1067 1226 1229 1280 qnam
1265 1228 1417 1283 aqua:
1445 1225 1691 1271 naturam
1721 1222 1950 1288 undique
1983 1233 2138 1276 terra:

573 1311 692 1354 esse
736 1300 1162 1357 circumfusam?
1194 1303 1471 1371 Quomodo
1523 1306 1690 1378 igitur
1721 1325 1856 1377 aqua
1894 1314 2139 1382 quamvis

571 1393 640 1445 sit
670 1390 856 1464 ﬂuida,
889 1403 944 1448 et
989 1397 1042 1449 in
1071 1396 1276 1454 declive
1307 1409 1497 1467 suapte
1527 1411 1720 1454 natura
1761 1402 1987 1471 feratur,
2023 1421 2139 1460 ina-

573 1494 663 1538 net
686 1499 970 1554 suspensa,
1000 1497 1055 1542 et
1077 1503 1344 1557 nusquam
1379 1491 1601 1548 deﬂuit?
1628 1494 1703 1548 Tu
1725 1511 1854 1552 vero
1877 1514 1981 1554 non
2005 1513 2137 1553 cou-

570 1579 778 1634 sideras
805 1583 947 1650 quod
1000 1593 1141 1637 terra
1195 1600 1290 1653 per
1335 1601 1395 1641 se
1436 1603 1717 1656 suspensa,
1750 1593 1993 1647 eamdem
2047 1603 2140 1649 ast

572 1672 735 1726 etiam
770 1674 945 1729 adhuc
974 1675 1236 1746 majorem
1274 1680 1450 1748 pariat
1497 1680 1688 1735 rationi
1739 1684 2019 1739 litesttandi
2058 1684 2136 1737 lo-

571 1778 714 1828 cum,
740 1768 1170 1838 quandoquidem
1205 1782 1394 1826 natura
1426 1775 1643 1842 gravior
1672 1786 1776 1831 est.
1802 1775 2000 1831 Verum
2033 1777 2140 1848 lo

576 1871 797 1914 necesse
837 1869 941 1924 est,
988 1861 1102 1917 sive
1143 1871 1342 1917 terram
1378 1880 1476 1934 per
1510 1865 1743 1935 seipsam
1795 1843 2132 1923 concesse—ri:
2169 1843 2210 1896 Β

574 1956 694 2003 mus
715 1952 1030 2014 consistere.
1055 1953 1169 2007 sive
1199 1968 1364 2022 super
1392 1970 1563 2025 aquas
1587 1957 1782 2026 jactari
1807 1958 2132 2024 dixerimus,

576 2054 847 2110 nunquam
877 2042 944 2097 de
981 2044 1068 2113 pia
1104 2046 1379 2100 sententia
1411 2048 1710 2115 discedere,
1743 2051 1836 2104 sed
1872 2050 2026 2106 fateri
2059 2053 2136 2108 si-

583 2130 693 2184 mul
722 2133 900 2186 omnia
937 2149 1034 2202 per
1061 2137 1356 2192 conditoris
1385 2139 1679 2208 potentiam
1711 2143 1998 2199 contineri.
2031 2144 2136 2198 Ita-

579 2234 689 2291 que
721 2231 833 2277 tum
871 2224 1024 2278 nobis
1067 2226 1195 2295 ipsis
1229 2237 1342 2282 tum
1389 2227 1511 2282 aliis
1551 2229 1965 2302 iuterrogaturis
2015 2248 2133 2300 nos,

575 2327 684 2380 quo
729 2313 900 2369 fulcro
951 2316 1138 2386 ingens
1187 2317 1312 2372 illud
1354 2334 1453 2374 nec
1515 2319 1608 2376 ulli
1655 2323 1932 2377 ferendum
1975 2331 2133 2377 terra:

571 2420 709 2459 ouus
729 2405 967 2461 innisum
994 2409 1084 2472 sit,
1111 2411 1352 2468 dicamus
1378 2414 1493 2468 haec
1511 2425 1746 2483 Oportet:
1768 2415 1832 2468 In
1851 2431 2010 2468 manu
2037 2415 2131 2470 Dei

571 2505 692 2548 sunt
713 2495 842 2562 ﬁnes
866 2505 1019 2551 terra
1038 2499 1099 2552 ".
1123 2499 1232 2553 Hoc
1254 2503 1408 2556 nobis
1437 2505 1762 2569 tutissimum
1787 2514 1870 2558 est
1893 2505 1957 2558 ad
1989 2520 2140 2561 com-

574 2587 863 2657 parandam
890 2588 1320 2661 intelligentiam,
1343 2601 1392 2647 et
1417 2595 1749 2650 auditoribus
1782 2597 2139 2654 conducibile.

647 2698 730 2754 l0.
770 2698 888 2754 Jam
919 2716 1045 2756 vero
1070 2703 1276 2776 physici
1309 2705 1548 2760 nonnulli
1583 2705 1744 2760 etiam
1777 2706 1845 2761 ob
1877 2707 2142 2778 ejusmodi

572 2805 764 2847 causas
800 2800 997 2848 terram
1041 2794 1368 2850 immobilem
1408 2814 1627 2854 manere
1660 2815 1852 2871 magno
1888 2816 2006 2856 cum
2045 2817 2140 2874 ap-

576 2894 764 2953 paratu
816 2883 1102 2938 verborum
1156 2884 1358 2939 dicunt.
1417 2886 1677 2941 Nimirum
1723 2889 1864 2958 quod
1917 2893 2142 2946 mediam

574 2974 724 3028 orbis
759 2975 1030 3044 regionem
1061 2978 1360 3047 occupavit,
1387 2986 1439 3032 et
1468 2978 1608 3046 quod
1639 2992 1743 3046 quo
1772 2993 1830 3032 se
1863 2983 2030 3049 magis
2064 2984 2145 3034 in-

573 3066 755 3130 cliuet,
782 3083 883 3120 non
913 3068 1094 3133 habet,
1116 3079 1297 3138 utpote
1325 3071 1389 3123 ab
1412 3071 1669 3125 extremis
1695 3071 1974 3138 aequaliter
1997 3071 2141 3125 omni

2234 583 2337 653 τῆς
2374 580 2904 654 πολυπραγμοσύνης
2945 583 2974 634 ὀ
3018 583 3111 636 τοῦ
3154 583 3272 637 Ἰὼϐ
3312 582 3468 651 λόγος
3503 585 3819 656 καθάψηται

2237 672 2693 743 περισκοποῦντος
2734 673 2800 726 τά
2839 674 3218 745 ἀκατάληπτα,
3249 675 3340 730 καὶ
3368 677 3651 750 ἐρωτηθῇς
3682 672 3817 750 παρ’

2235 763 2398 816 αὑτοῦ
2427 763 2521 817 καὶ
2545 763 2630 825 σὺ,
2680 765 2802 817 Ἐπὶ
2841 765 3004 831 τίνος
3044 766 3158 836 (65)
3187 773 3239 822 οἱ
3266 768 3458 838 κρίκοι
3483 772 3674 840 αὐτῆς
3721 788 3821 823 πε-

2235 853 2522 922 πήγασιν.
2570 854 2728 909 Ἀλλά
2756 857 2856 911 κάν
2879 873 3007 910 ποτε
3030 859 3087 910 ὲν
3114 858 3345 930 ψαλμοῖς
3373 857 3632 930 ἀκούσῃς’
3676 861 3820 932 Ἐγὼ

2235 942 2572 1012 ἐστερέωσα
2609 945 2750 1011 τοὺς
2792 950 3058 1014 στύλους
3092 949 3317 1017 αὐτῆς·
3359 952 3461 1023 τὴν
3493 957 3819 1025 συνεκτικὴν

2236 1035 2408 1105 αὐτῆς
2453 1036 2679 1105 δύναμιν
2726 1039 2948 1104 στύλους
2994 1039 3242 1112 εἰρῆσθαι
3271 1044 3509 1113 νόμισον.
3557 1043 3631 1096 Τὸ
3681 1048 3817 1117 γὰρ,

2249 1125 2374 1180 Ἐπί
2426 1127 2752 1183 θωασσῶν
2783 1131 3176 1200 ἐθεμελίωσεν
3211 1135 3439 1202 αὐτὴν,
3473 1137 3526 1190 τί
3573 1135 3742 1208 δηλοῖ,
3782 1141 3817 1210 ἢ

2236 1217 2296 1270 τὸ
2329 1218 2592 1272 πάντοθεν
2619 1219 3005 1288 περικεχύσθαι
3041 1224 3105 1293 τῇ
3137 1223 3204 1292 γῇ
3240 1220 3337 1292 τὴν
3362 1224 3456 1277 τοῦ
3489 1225 3680 1288 ὓδατος
3715 1225 3787 1292 φῦ
3807 1255 3821 1264 -

2239 1326 2322 1363 σιν
2343 1326 2356 1374 ;
2393 1311 2516 1376 Πῶς
2548 1307 2639 1365 οὖν
2663 1311 2819 1380 ῥυτὸν
2844 1313 3086 1386 ὑπάρχον
3109 1315 3169 1368 τὸ
3195 1313 3337 1384 ὕδωρ
3363 1316 3457 1367 καὶ
3481 1319 3573 1370 ὲπὶ
3597 1317 3658 1370 τὸ
3683 1333 3822 1386 πρα-

2239 1405 2332 1467 νὲς
2363 1407 2601 1474 πεφυκὸς
2634 1407 3014 1472 καταπίπτειν,
3061 1411 3207 1480 μένει
3239 1411 3689 1482 ἀπαιωρούμενον
3723 1412 3822 1466 καὶ

2241 1495 2480 1567 οὐδαμοῦ
2504 1497 2768 1569 ἀπορρέον
2795 1515 2809 1560 ;
2846 1499 2917 1551 Σὺ
2949 1499 3006 1553 δὲ
3024 1502 3085 1554 οὐ
3114 1501 3301 1573 λογίζῃ
3331 1499 3464 1570 (66),
3498 1504 3579 1554 ὅτι
3608 1507 3708 1574 τὴν
3730 1505 3822 1558 αὑ-

2241 1587 2393 1658 τὴνῆ
2429 1590 2521 1642 καὶ
2572 1589 2645 1642 ἔτι
2695 1589 2915 1641 πλείονα
2960 1592 3192 1663 ἀπορίαν
3231 1591 3310 1662 τῷ
3350 1590 3493 1662 λόγῳ
3524 1595 3754 1664 παρέχει
3787 1597 3822 1666 ἡ

2238 1681 2307 1749 γῆ
2329 1679 2448 1732 καθ’
2473 1682 2670 1752 ἑαυτὴν
2692 1682 3037 1752 κρεμαμένη,
3063 1683 3335 1755 βαρυτέρα
3361 1684 3462 1756 τὴν
3484 1682 3645 1754 φύσιν
3659 1683 3820 1740 οὖσα.

2253 1770 2410 1824 Ἀλλά
2450 1773 2700 1842 ἀνάγκη,
2747 1771 2847 1824 κᾶν
2877 1771 2981 1841 γῆν
3030 1774 3148 1826 καθ’
3195 1777 3390 1849 ἑαυτὴν
3433 1772 3571 1830 εἶναι
3616 1775 3818 1846 δῶμεν,

2238 1861 2340 1915 κᾶν
2389 1862 2483 1915 ἐπὶ
2519 1862 2612 1916 τοῦ
2662 1863 2853 1926 ὓδατος
2916 1862 3085 1933 αὐτὴν
3145 1865 3507 1921 ἀποσαλεύειν
3553 1868 3822 1937 εἴπωμεν,

2240 1953 2488 2024 μηδαμοῦ
2509 1955 2808 2025 ἀναχωρεῖν
2830 1955 2924 2024 τῆς
2946 1954 3200 2019 εὐσεϐοῦς
3214 1956 3469 2024 διανοίας,
3489 1960 3625 2013 ἀλλά
3646 1959 3825 2012 πάντα

2236 2044 2372 2116 ὁμοῦ
2419 2045 2840 2114 συγκρατεῖσθαι
2871 2045 3154 2116 ὁμολογεῖν
3184 2051 3248 2120 τῇ
3295 2049 3521 2121 δυνάμει
3561 2051 3656 2105 τοῦ
3703 2052 3824 2104 κτίο

2240 2150 2448 2197 σαντος.
2499 2132 2684 2187 Ταῦτα
2727 2131 2818 2189 οῦν
2863 2135 2967 2208 χρὴ
3003 2137 3213 2201 ἑαυτοῖς
3264 2155 3321 2190 τε
3357 2138 3540 2206 λέγειν
3571 2142 3664 2193 καὶ
3708 2144 3824 2204 τοῖς

2235 2222 2565 2295 διερωτῶσιν
2611 2224 2778 2294 ἡμᾶς,
2825 2226 2918 2278 ἐπὶ
2964 2227 3109 2289 τίνος
3153 2226 3215 2279 τὸ
3255 2226 3480 2279 ἄπλετον
3531 2229 3690 2282 τοῦτο
3733 2230 3819 2284 κα)

2239 2313 2510 2386 ἀφόρητον
2537 2316 2634 2386 τῆς
2659 2316 2764 2387 γῆς
2792 2318 3106 2389 ὲρήρεισται
3135 2316 3317 2388 βάρος,
3343 2319 3424 2370 ὅτι
3459 2319 3554 2371 Ἐν
3574 2317 3651 2386 τῇ
3671 2322 3824 2388 χειρί

2239 2409 2346 2463 τοῦ
2374 2409 2522 2464 Θεοῦ
2568 2409 2678 2479 (67)
2712 2411 2784 2462 τὰ
2809 2409 3030 2476 πέρατα
3071 2407 3180 2475 τῆς
3208 2407 3338 2476 γῆς.
3376 2407 3547 2462 Τοῦτο
3579 2410 3821 2478 ἀσφαλέ-

2243 2517 2436 2554 στατον
2475 2503 2608 2570 ἡμῖν
2645 2499 2781 2571 πρὸς
2818 2500 3000 2569 νόησιν
3050 2501 3142 2552 κα)⁵
3199 2499 3471 2570 ὠφέλιμον
3513 2504 3625 2564 τοῖς
3658 2501 3825 2555 ἀκού-

2240 2609 2410 2645 ουσιν.

2315 2705 2401 2760 10.
2447 2704 2584 2777 Ἤδη
2621 2703 2680 2758 δέ
2705 2722 2846 2768 τινες
2873 2703 2980 2776 (68)
3006 2705 3115 2758 τῶν
3148 2703 3392 2774 φυσικῶν
3423 2705 3516 2759 καὶ
3546 2707 3826 2770 τοιαύταις

2245 2797 2444 2860 αἰτίαις
2480 2795 2582 2868 τὴν
2612 2797 2713 2868 γῆν
2756 2797 3010 2868 ἀκίνητον
3067 2797 3248 2869 μένειν
3295 2797 3820 2868 κατακομψεύονται.

2259 2890 2344 2952 Ὦς
2369 2891 2475 2960 ἀρα
2507 2889 2595 2942 διά
2624 2890 2684 2942 τὸ
2715 2889 2811 2959 τὴν
2844 2891 3014 2960 μέσην
3058 2889 3150 2943 τοῦ
3177 2891 3376 2954 παντὸς
3404 2891 3681 2960 εἰληφέναι
3715 2889 3826 2960 χὼ-

2249 2996 2368 3051 ραν,
2400 2981 2493 3032 καὶ
2516 2980 2602 3033 διὰ
2631 2980 2728 3050 τὴν
2760 2979 2879 3048 ἴσην
2912 2981 3172 3034 πάντοθεν
3205 2979 3338 3050 πρὸς
3375 2981 3436 3032 τὸ
3479 2982 3647 3050 ἄκρον
3688 2980 3828 3031 ἀπόο

2248 3085 2453 3135 στασιν,
2471 3071 2569 3121 οὐκ
2585 3069 2811 3138 ἔχουσαν
2833 3071 2963 3122 ὅπου
2983 3070 3182 3139 μᾶλλον
3203 3069 3491 3138 ἀποκλιθῇ,
3511 3069 3828 3136 ἀναγκαίως

575 3172 640 3212 ex
678 3167 826 3226 parte
853 3158 1073 3222 dissita;
1109 3160 1232 3213 hinc
1260 3174 1376 3214 eam
1410 3160 1461 3213 in
1494 3162 1667 3230 seipsa
1697 3163 2001 3216 necessario
2029 3177 2144 3230 per-

2254 3160 2433 3230 μένειν
2467 3161 2552 3229 ἐφ’
2583 3160 2800 3229 ἑαυτῆς,
2835 3160 3092 3213 ἀδύνατον
3123 3162 3259 3231 αὐτῇ
3291 3159 3570 3221 παντελῶς
3603 3159 3702 3229 τὴν
3734 3158 3826 3212 ὲπί

577 3267 795 3306 manere
847 3263 1193 3316 asseverant,
1258 3269 1377 3307 cum
1430 3253 1821 3323 circumjacens
1877 3255 2146 3310 undelibet

575 3341 854 3410 aequalitas
883 3341 1062 3404 faciat.
1096 3353 1154 3395 ut
1183 3357 1284 3396 uoo
1315 3344 1710 3413 queatomuino
1741 3344 1792 3397 in
1830 3345 1987 3398 ullam
2021 3362 2146 3416 par-

577 3443 685 3487 tem
723 3433 1014 3487 declinare.
1055 3433 1405 3489 Contcudunt
1450 3435 1633 3490 itidem
1672 3447 1867 3491 terram
1911 3440 2142 3494 medium

575 3524 750 3580 locum
782 3539 885 3579 non
911 3534 1076 3590 sorte,
1107 3539 1280 3594 neque
1306 3541 1432 3579 casu
1463 3537 1672 3579 nactam
1698 3542 1852 3590 esse;
1881 3529 1971 3581 sed
2004 3530 2146 3583 hunc

575 3631 698 3670 esse
735 3626 888 3669 terra:
932 3617 1228 3670 naturalem
1275 3631 1337 3671 ac
1384 3618 1744 3672 necessarium
1784 3619 1966 3671 situm.
2012 3618 2142 3672 Nam

576 3722 700 3760 cum
751 3705 973 3761 caeleste
1026 3721 1221 3775 corpus
1276 3708 1548 3777 regionem
1602 3717 1898 3763 extremam
1933 3722 2145 3762 sursum

579 3812 792 3852 versum
824 3798 1096 3862 obtineat;
1130 3812 1463 3867 quascunque
1513 3814 1663 3864 sane,
1709 3799 1977 3868 inquiunt,
2016 3815 2148 3868 pon-

581 3890 710 3944 dera
759 3904 820 3943 es
873 3888 1122 3958 superuis
1153 3889 1292 3944 elabi
1336 3891 1696 3961 posuerimus,
1731 3907 1790 3944 ea
1821 3890 2056 3959 undique
2086 3889 2150 3944 ad

582 3980 817 4035 medium
860 3978 1192 4034 deferentur.
1237 3980 1302 4034 Et
1342 3991 1511 4046 certe,
1558 3983 1611 4036 lu
1657 3981 1798 4051 quod
1839 3981 2155 4036 deferuntur

583 4079 785 4140 partes,
818 4070 867 4121 in
901 4070 951 4123 id
978 4067 1163 4139 utique
1188 4071 1349 4124 etiam
1381 4080 1548 4125 totum
1579 4072 1910 4127 detrudetur.
1939 4071 2151 4125 Etenim

582 4162 628 4216 si
679 4161 902 4231 lapides,
934 4171 988 4214 et
1033 4161 1198 4230 ligna,
1246 4175 1300 4217 et
1349 4164 1625 4216 terrestria
1673 4164 1854 4216 omnia
1903 4165 2151 4216 deorsum

2247 3271 2299 3306 τι
2353 3252 2522 3325 ῥοπὴν
2565 3252 2661 3323 τῆς
2703 3252 3038 3323 πανταχόθεν
3081 3253 3470 3325 περικειμένης
3506 3253 3826 3323 ὁμοιότητος

2248 3345 2598 3416 ἐμποιούσης.
2629 3345 2737 3417 Τὴν
2767 3345 2822 3399 δὲ
2850 3345 3018 3417 μέσην
3045 3345 3226 3417 χώραν
3259 3347 3332 3417 μὴ
3362 3345 3828 3415 ἀποκληρωτικῶς

2248 3437 2345 3507 τὴν
2377 3442 2498 3508 γῆν,
2538 3437 2671 3508 μηδὲ
2697 3441 2760 3490 ὲκ
2788 3437 2880 3490 τοῦ
2907 3437 3209 3507 αὐτομάτου
3247 3437 3452 3506 λαχεῖν,
3498 3437 3636 3489 ἀλλά
3667 3452 3827 3504 φυσι-

2250 3527 2349 3596 κὴν
2400 3524 2536 3579 εἶναι
2584 3528 2789 3596 ταύτην
2834 3531 2899 3598 τῇ
2933 3532 3001 3598 γῇ
3044 3529 3136 3580 καὶ
3182 3527 3484 3593 ἀναγκαίαν
3523 3527 3621 3598 τὴν
3653 3526 3828 3580 θέσιν.

2249 3616 2353 3668 Τοῦ
2395 3618 2504 3687 γάρ
2553 3619 2803 3688 οὐρανίου
2850 3619 3100 3688 σώματος
3146 3619 3242 3688 τὴν
3273 3620 3507 3688 ἐσχάτην
3536 3619 3720 3688 χώραν
3755 3619 3831 3682 ὡς

2250 3713 2380 3781 πρὸς
2425 3711 2484 3764 τὸ
2509 3711 2621 3764 ἀνω
2657 3711 2998 3780 κατέχοντος,
3034 3711 3176 3781 ἅπερ
3203 3711 3289 3770 ἂν,
3321 3711 3484 3781 φησὶν
3515 3711 3653 3779 (63),
3698 3714 3833 3767 ὑπο-

2251 3803 2469 3875 θὼμεθα
2505 3803 2641 3875 βάρη
2667 3804 2952 3856 ἐκπίπτειν
2987 3802 3094 3855 ἀπὸ
3122 3802 3226 3855 τῶν
3253 3805 3382 3864 ἀνω,
3419 3803 3590 3856 ταῦτα
3621 3823 3832 3859 παντα-

2251 3896 2404 3966 χόθεν
2449 3897 2540 3949 ἐπ).
2589 3895 2649 3948 τὺ
2693 3895 2855 3966 μέσον
2891 3895 3355 3966 συνενεχθήσεται.
3403 3897 3518 3964 Ἐφ’
3547 3899 3685 3969 ὅπερ
3719 3899 3833 3970 (70)

2253 3989 2294 4042 δ’
2334 3988 2398 4042 ἂν
2437 3989 2504 4042 τά
2541 3990 2679 4060 μέρη
2720 3989 2970 4060 φέρηται,
3008 3989 3099 4042 ἐπὶ
3139 3989 3298 4042 τοῦτο
3331 3991 3424 4043 καὶ
3457 3990 3514 4043 τὸ
3554 3991 3675 4046 ὅλον
3709 4010 3836 4056 συν-

2253 4079 2556 4149 ωσθήσεται
2577 4079 2836 4150 δηλονότι.
2865 4079 2997 4132 mea
3013 4078 3147 4132 λίθοι
3171 4082 3263 4132 καὶ
3293 4079 3421 4144 ξύλα
3451 4083 3540 4132 καὶ
3567 4081 3635 4132 τά
3653 4081 3835 4151 γεηρά

2256 4170 2434 4222 πάντα
2461 4170 2684 4241 φέρεται
2717 4171 2851 4240 πρὸς
2881 4171 2940 4223 τὸ
2965 4171 3134 4230 κάτω,
3167 4169 3304 4238 αὕτη
3330 4169 3394 4222 ἂν
3425 4169 3508 4238 εἴη
3532 4172 3625 4223 καὶ
3645 4175 3710 4242 τῇ
3735 4171 3836 4244 ὅλῃ

583 4268 777 4308 versus
821 4261 1101 4316 corruunt,
1142 4252 1231 4306 hic
1269 4253 1456 4321 utique
1487 4252 1837 4306 fueritetiam
1870 4253 1961 4307 toti
1996 4264 2154 4306 terra!

585 4345 834 4415 proprius
872 4358 935 4397 ac
971 4344 1295 4398 conveniens
1337 4344 1472 4398 situs
1504 4361 1518 4397 :
1565 4354 1617 4397 at
1655 4345 1697 4398 si
1735 4345 1863 4413 quid
1893 4343 2086 4397 levium
2123 4357 2153 4397 e

2253 4262 2320 4330 γῇ
2351 4262 2524 4314 οἰκεῖα
2557 4260 2651 4312 καὶ
2675 4263 3026 4332 προσήκουσα
3063 4261 3210 4321 θέσις
3229 4277 3242 4289 ⁸
3267 4261 3367 4313 κᾶν
3397 4279 3446 4313 τι
3480 4261 3587 4313 τῶν
3613 4265 3837 4332 κούφων

2255 4349 2486 4418 φέρηται
2527 4348 2632 4402 ἀπὸ
2673 4348 2765 4401 τοῦ
2804 4349 2988 4419 μέσου,
3015 4347 3258 4417 δηλονότι
3291 4348 3426 4419 πρὸς
3471 4348 3531 4400 τὸ
3559 4348 3836 4402 ἀνώτατον

588 4436 763 4490 medio
813 4436 1104 4500 evebatur,
1152 4434 1393 4504 profecto
1451 4451 1699 4505 suprema
1752 4444 1917 4504 petet.
1973 4434 2144 4500 Quare

2256 4438 2628 4508 κινηθήσεται.
2684 4441 2846 4492 Ὥστε
2884 4440 3058 4492 οἰκεία
3101 4441 3240 4511 φορά
3282 4443 3390 4503 τοῖς
3431 4439 3760 4510 βαρυτάτοις
3801 4445 3836 4512 ὴ

588 4526 752 4581 motio
778 4526 1026 4581 deorsum
1064 4527 1306 4589 tendens,
1338 4527 1577 4597 gravium
1607 4536 1692 4581 est
1737 4528 1984 4597 propria;
2030 4527 2144 4580 infi-

2257 4528 2391 4599 πρὸς
2433 4529 2495 4582 τὸ
2543 4529 2723 4582 κάτω·
2759 4531 2910 4583 κάτω
2948 4531 3005 4582 δὲ
3045 4531 3072 4582 ὀ
3104 4529 3260 4594 λόγος
3311 4529 3474 4600 μέσον
3508 4529 3698 4594 ἔδειξε.
3742 4531 3836 4602 Μὴ

589 4631 732 4668 nium
761 4627 962 4682 autem,
991 4618 1223 4671 medium
1259 4632 1378 4672 esse
1407 4633 1471 4672 ex
1510 4619 1664 4672 dictis
1689 4631 1853 4688 patet.
1887 4618 1963 4672 Ne
1995 4619 2144 4686 igitur

2260 4616 2352 4673 οῦν
2383 4619 2668 4692 θαυμάσῃς
2707 4623 2754 4674 εἰ
2789 4621 3035 4693 μηδαμοῦ
3066 4621 3317 4675 ἐκπίπτει
3352 4622 3385 4692 ἡ
3421 4620 3515 4691 γῆ,
3558 4621 3658 4692 τὴν
3695 4623 3836 4676 κατὰ

590 4706 826 4772 mireris,
857 4708 902 4762 si
934 4723 1198 4778 nusquam
1227 4710 1441 4764 excidat
1469 4721 1632 4777 terra,
1662 4712 1855 4781 quippe
1889 4727 2005 4779 qua:
2044 4727 2144 4767 nte-

2262 4713 2422 4781 φύσιν
2461 4713 2641 4787 χώραν
2687 4715 2746 4768 τὸ
2791 4715 2951 4786 μέσον
3003 4714 3216 4784 ἔχουσα.
3269 4714 3426 4766 Πᾶσα
3476 4714 3584 4785 γάρ
3616 4715 3833 4788 ἀνάγκη

659 4893 704 4926 ⁸⁵
729 4894 831 4952 Job
856 4911 1086 4962 xxxviii,
1115 4894 1169 4952 6.
1253 4899 1295 4931 ¹⁵
1336 4898 1476 4955 Psal.
1509 4915 1688 4966 uxtv,
1721 4900 1774 4954 ι.
1870 4900 1914 4932 ⁸⁸
1945 4899 2088 4954 Psal.
2119 4917 2144 4954 ι

2246 4917 2278 4964 I,
2311 4899 2368 4953 2.
2446 4898 2486 4929 ¹⁷
2523 4897 2662 4953 Psal.
2691 4911 2832 4964 κων,
2862 4896 2916 4952 2.

659 5075 772 5146 (65)
796 5075 913 5146 Illa,
953 5076 1046 5130 ἐπὶ
1087 5075 1252 5141 τίνος,
1279 5083 1415 5136 etc.,
1447 5077 1737 5146 desumpta,
1756 5087 1880 5131 sunt
1916 5092 1982 5132 ex
2024 5077 2149 5140 Job,

589 5145 820 5211 usu",
850 5145 906 5211 6,
942 5158 1001 5200 ut
1030 5149 1206 5216 legere
1232 5156 1316 5200 est
1347 5148 1485 5211 apud
1519 5145 1682 5198 LAX.
1716 5145 1822 5216 Sied
1875 5148 2063 5216 Aquila
2101 5157 2156 5202 et.

591 5163 820 5211 sxxvm,
850 5163 906 5211 ο,
942 5163 1001 5200 ιιι
1031 5163 1076 5200 te.
1116 5163 1206 5201 ere
1232 5163 1316 5200 εει
1347 5163 1485 5211 apud
1519 5163 1682 5198 mut.
1716 5163 1822 5198 aea
1875 5163 2063 5216 aquila
2101 5163 2156 5202 et

591 5216 892 5270 Theodotio
937 5232 1004 5271 ex
1058 5163 1616 5285 l'febraaoverteruut,
1646 5217 1702 5269 αί
1741 5215 1948 5285 βάσεις,
1984 5221 2157 5272 bases.

594 5285 702 5339 Nec
722 5285 880 5340 aliter
912 5286 1105 5355 legitur
1129 5287 1182 5339 in
1215 5284 1460 5355 Vulgata,
1495 5283 1667 5351 Super
1690 5283 1792 5354 quo
1839 5291 1986 5341 bases
2012 5290 2160 5341 illius

593 5355 833 5409 solidatae
862 5367 982 5409 sunt
1001 5358 1026 5409 ?
1055 5355 1410 5427 Symmacbus
1425 5357 1474 5408 οἱ
1495 5355 1834 5427 κατάπηγες,
1855 5358 1983 5427 pali.
2005 5359 2164 5412 Plura

597 5427 686 5492 qui
707 5428 883 5498 cupit.
912 5436 1076 5498 notas
1101 5427 1280 5498 Ducasi
1318 5425 1501 5498 legere
1515 5425 1712 5498 potest.
1741 5437 1793 5480 et
1823 5425 2086 5498 Hexapla.

2333 5074 2447 5146 (68)
2476 5074 2626 5142 Quod
2661 5074 2738 5128 ait
2769 5073 2998 5130 Basilius
3022 5071 3260 5146 sensisse
3287 5071 3546 5141 quosdam
3592 5071 3836 5144 philoso-

2260 5148 2394 5216 phos
2429 5144 2495 5201 de
2553 5146 2759 5216 telluris
2788 5144 3071 5216 quiete._id
3117 5144 3324 5212 pariter
3361 5153 3547 5216 nostra
3595 5155 3756 5199 :etate
3804 5159 3833 5196 a

2263 5214 2585 5285 quibusdam
2617 5214 2946 5269 defenditur.
2985 5214 3116 5268 Nam
3157 5223 3338 5285 utrum
3372 5215 3594 5269 terrain
3643 5223 3833 5266 centro

2269 5283 2450 5339 mundi
2483 5289 2698 5340 immota
2728 5294 2967 5350 maneat,
3000 5302 3064 5337 an
3091 5283 3170 5337 sol
3208 5285 3350 5337 hunc
3373 5285 3532 5337 situm
3566 5285 3828 5347 obtineat,

2267 5357 2496 5424 quaestio
2521 5366 2604 5410 est
2652 5356 2945 5408 etiamnum
2998 5355 3137 5408 inter
3182 5353 3526 5422 philosophos
3564 5368 3829 5424 pemuam

2272 5423 2524 5489 celebris,
2561 5436 2614 5479 et
2649 5440 2838 5489 magna
2879 5425 3129 5490 utrinque
3155 5425 3502 5480 contentione
3529 5423 3760 5490 agitata.

667 5495 779 5563 (tib)
814 5492 1325 5564 Veteres'quinque
1374 5492 1527 5550 'libri'
1568 5494 1776 5568 λογίζῃ.
1813 5498 1952 5552 Editi
1979 5492 1988 5498 ’
2013 5498 2144 5567 λογίι

2269 5497 2453 5573 __(_69)
2507 5497 2680 5573 [ditio
2720 5494 2885 5573 Basil.
2941 5505 3124 5573 etusex
3178 5492 3594 5573 [πεδηᾶπεράν
3649 5508 3832 5573 φησιν.

632 5561 771 5628 οιςῷ
1105 5561 1120 5564 ⁷
1239 5561 1254 5564 ’
1642 5561 1651 5566 ⁷
1729 5561 1757 5568 ’⁷
2086 5561 2098 5567 ⁷

2269 5561 2444 5623 Editto
2507 5566 2678 5620 Paris.
2732 5564 2917 5634 φασίν.
2975 5565 3170 5619 Ibidem
3226 5561 3378 5616 Colb.
3438 5561 3645 5632 primus
3695 5562 3835 5633 βάρη

671 5634 971 5708 (67)_Colb.
996 5636 1198 5703 primus
1239 5635 1363 5708 "ihs
1402 5637 1469 5708 ἐν
1496 5637 1564 5708 τῇ
1612 5636 1879 5708 χειρὶώτοῦ
1908 5638 2040 5691 Θεοῦ
2069 5638 2144 5692 πέε

2269 5638 2579 5708 ἐμπίπτειν.
2940 5704 2950 5708 _
3267 5703 3275 5708 _
3323 5703 3335 5708 ,
3393 5704 3404 5708 _

597 5691 782 5786 initae:
802 5704 926 5758 Ὅτι
956 5691 1012 5759 ὲν
1030 5706 1281 5786 χειρὶ
1312 5691 1566 5786 αὑτοῦιτά
1597 5691 1720 5778 π’έρί
1752 5706 1886 5786 Quia
1920 5710 1974 5760 in
2007 5726 2164 5763 manu

2343 5707 2454 5776 (70)
2507 5705 2579 5758 Ita
2634 5721 2726 5760 sex
2762 5720 2891 5759 mss.
2927 5704 2992 5756 At
3036 5703 3288 5776 editixat
3320 5703 3406 5770 ἐφ’
3459 5704 3616 5775 ὅπερ.
3672 5701 3837 5758 Paulo

602 5776 699 5831 Dei
718 5784 794 5831 est
823 5791 982 5830 mare.
1023 5776 1158 5840 Quia
1186 5779 1238 5829 in
1271 5794 1424 5830 utaut:
1449 5777 1561 5844 ejus
1591 5776 1710 5831 sunt
1746 5778 1896 5846 ﬁnes,
1920 5791 2024 5834 etc.

2274 5773 2394 5846 post
2416 5776 2563 5832 (lolb.
2599 5778 2864 5832 secundus
2900 5773 3375 5844 συνωθισθήσεται.
