4058 6458
245 398 321 453 9-3
1375 400 1659 455 HOMILIA
1695 400 1713 453 Ι
1748 398 1813 453 ΙΝ

1935 399 2353 458 :XAEMERON.
3416 400 3489 457 26

251 518 435 589 μένειν
470 514 639 591 αὐτὴν
668 515 808 570 κατὰ
840 516 1042 588 χώραν,
1072 516 1104 587 ἢ
1136 517 1283 589 παρὰ
1315 516 1475 585 φύσιν
1502 515 1829 586 κινουμένην

1935 519 2074 573 dium
2131 517 2301 573 locum
2355 529 2561 574 natura!
2613 532 2725 573 sum
2776 519 3185 574 convenientem
3242 529 3489 591 occupet.

248 607 351 673 τῆς
414 606 619 670 οίκείας
665 606 826 676 ἔδρας
877 606 1209 670 ἐξίστασθαι.
1265 607 1482 661 Τούτων
1538 606 1581 658 δ’
1629 608 1693 660 ἂν
1748 623 1829 660 σοι

248 698 383 767 δοκῇ
426 697 536 769 (71)
565 716 617 752 τι
654 697 876 751 πιθανὸν
919 695 1055 751 εἶναι
1102 699 1207 753 τῶν
1246 700 1567 769 εἰρημένων,
1611 699 1702 751 ἐπὶ
1732 699 1830 771 τὴν

247 788 397 841 οὕτω
424 791 594 844 ταῦτα
632 789 1028 862 διαταξαμένην
1064 792 1178 861 (72)
1210 790 1302 843 τοῦ
1338 790 1471 844 Θεοῦ
1516 790 1703 859 σοφίαν
1738 810 1831 863 με-

247 880 415 944 τάθες
444 885 504 936 τὸ
532 880 734 951 θαῦμα.
770 883 843 936 Οὐ
868 882 975 954 γὰρ
1000 883 1312 937 ἐλαττοῦται
1338 886 1370 955 ἡ
1404 883 1494 937 ἐπὶ
1523 886 1635 945 τοῖς
1673 885 1828 953 μεγί-

251 989 401 1038 στοις
434 974 711 1044 ἔκπληξις,
751 977 973 1029 ἐπειδὰν
1003 979 1029 1030 ό
1061 976 1261 1046 τρόπος
1291 978 1411 1030 καθ’
1442 978 1501 1029 ὃν
1534 976 1739 1045 γίνεταί
1773 997 1825 1031 τι

248 1064 361 1118 τῶν
385 1065 698 1138 παραδόξων
716 1067 972 1138 ὲξευρεθῇ
997 1084 1010 1097 ·
1034 1069 1081 1117 εἰ
1106 1066 1161 1118 δὲ
1193 1067 1287 1138 μὴ,
1311 1069 1445 1121 ἀλλὰ
1463 1068 1524 1119 τό
1540 1084 1602 1135 γε
1624 1067 1827 1123 ἁπλοῦν

248 1160 354 1229 τῆς
381 1160 613 1222 πίστεως
654 1160 995 1231 ἰσχυρότερον
1037 1158 1175 1212 ἔστω
1206 1160 1312 1213 τῶν
1345 1158 1580 1229 λογικῶν
1610 1160 1828 1215 ἀποδεί-

250 1251 410 1317 ξεων.

1929 609 2158 666 Omnino
2204 611 2347 664 enim
2400 614 2568 682 ipsam
2627 609 2677 662 in
2729 624 2795 664 eo
2841 611 2958 666 loco
3010 624 3225 664 manere
3272 624 3493 664 necesse

1930 699 2111 767 fuerit,
2152 712 2241 757 aut
2289 715 2407 755 eam
2452 713 2648 771 prteter
2692 711 2938 755 naturam
2976 712 3178 756 mutam
3215 715 3243 752 a
3280 704 3492 769 propria

1929 793 2053 847 sede
2087 793 2367 848 dimoveri.
2408 791 2523 847 Jam
2564 796 2605 850 si
2645 792 2771 864 quid
2801 807 2985 845 eorum
3013 810 3129 861 qua:
3164 793 3307 848 dicta
3347 802 3492 855 sunt,

1928 885 2204 954 probabile
2232 886 2327 940 tibi
2354 885 2618 949 videatur,
2650 887 2713 940 ad
2749 886 2840 940 Dei
2871 884 3207 951 sapientiam,
3236 900 3354 955 qua:
3381 885 3491 939 bace

1934 976 2005 1029 ita
2059 976 2365 1043 ordinavit,
2424 975 2831 1030 admirationem
2887 976 3139 1029 transfer.
3198 977 3296 1041 Qut
3348 978 3494 1031 enim

1935 1068 2198 1120 maximas
2239 1070 2307 1121 ob
2348 1083 2435 1121 res
2484 1066 2693 1119 accedit
2744 1077 2950 1136 stupor,
2992 1081 3329 1136 nequaquam
3379 1068 3496 1121 ideo

1934 1160 2193 1215 minuitur
2226 1161 2368 1228 quod
2415 1162 2605 1215 modus
2644 1173 2750 1228 quo
2792 1161 2919 1226 quid
2959 1164 3052 1214 liat
3089 1161 3495 1228 stupendorum,

1942 1252 2261 1305 adinveutus
2296 1259 2410 1313 est;
2462 1250 2544 1303 sin
2585 1249 2782 1313 minus,
2816 1246 3000 1302 saltem
3030 1250 3151 1305 lidei
3185 1246 3501 1317 simplicitas

249 1343 374 1413 plus
441 1342 631 1396 lubeat
704 1341 932 1404 roboris,
964 1358 1122 1409 quam
1164 1359 1281 1411 quae
1308 1359 1371 1398 ex
1406 1342 1611 1398 ratione
1639 1353 1890 1412 petuntur
1929 1344 2431 1400 demonstrationes.

326 1436 415 1488 11.
457 1437 536 1488 Τὰ
562 1435 701 1487 αὐτὰ
734 1434 789 1487 δὲ
819 1435 989 1490 ταῦτα
1029 1437 1143 1504 (75)
1190 1437 1282 1488 καὶ
1327 1436 1451 1507 περὶ
1485 1436 1713 1507 ούρανοῦ
1758 1436 1835 1488 εἴ·

249 1543 475 1597 ποιμεν,
523 1528 603 1579 ὅτι
631 1527 1063 1595 πολυφωνότατοι
1108 1530 1477 1594 πραγματεῖαι
1513 1529 1623 1587 τοῖς
1653 1526 1833 1595 σοφοῖς

248 1617 345 1671 τοῦ
385 1620 588 1690 κόσμου
629 1620 755 1690 περὶ
788 1619 888 1687 τῆς
927 1616 1181 1686 οὐρανίου
1214 1616 1428 1683 φύσεως
1461 1616 1830 1688 καταϐέϐλην-

248 1728 363 1765 ται.
421 1713 530 1765 Καὶ
564 1714 612 1764 οἱ
650 1713 747 1781 μὲν
788 1709 1039 1762 σύνθετον
1084 1709 1246 1762 αὑτὸν
1300 1711 1365 1763 ὲκ
1413 1709 1521 1763 τῶν
1552 1711 1829 1782 τεσσάρων

251 1804 535 1873 στοιχείων
565 1804 870 1873 εἰρήκασιν,
917 1802 991 1865 ὡς
1025 1803 1193 1856 ἁπτὸν
1224 1804 1351 1857 ὂντα
1388 1805 1481 1856 καὶ
1501 1804 1711 1876 ὁρατὸν,
1736 1805 1828 1856 καὶ

254 1897 554 1967 μετέχοντα
602 1895 705 1964 γῆς
743 1895 839 1965 μὲν
880 1895 966 1949 διὰ
1006 1894 1103 1964 τὴν
1137 1895 1475 1957 ἀντιτυπίαν,
1531 1896 1700 1965 πυρὸς
1749 1896 1825 1959 δὲ,

249 1986 341 2038 διὰ
364 1986 426 2037 τὸ
454 1985 805 2056 καθορᾶσθαι,
840 1986 946 2038 τῶν
971 1984 1026 2037 δὲ
1052 1983 1252 2036 λοιπῶν
1280 1983 1369 2036 διὰ
1398 1984 1497 2055 τὴν
1531 1983 1674 2054 μίξιν
1694 1984 1826 2053 (74)·

250 2080 303 2130 οἱ
343 2077 399 2130 δὲ
446 2077 633 2129 τοῦτον
670 2076 745 2140 ὼς
776 2076 1037 2129 ἀπίθανον
1089 2075 1474 2146 παρωσάμενοι
1513 2076 1605 2128 τὸν
1652 2075 1827 2143 λόγον,

2004 1439 2089 1491 il.
2135 1437 2256 1490 llaec
2297 1438 2485 1491 eadem
2523 1435 2590 1491 de
2620 1434 2757 1489 coelo
2792 1449 3004 1504 quoque
3034 1433 3349 1497 dixerimus.
3389 1435 3498 1491 cla-

1931 1528 2262 1582 mosissimas
2291 1526 2498 1580 scilicet
2522 1542 2586 1581 ac
2616 1527 3029 1581 verbosissimas
3056 1526 3121 1580 de
3150 1525 3270 1580 caeli
3304 1537 3497 1582 natura

1929 1634 1957 1673 a
2001 1620 2179 1672 nmndi
2232 1618 2567 1689 sapientibus
2608 1618 2913 1687 propositas
2957 1616 3126 1671 fuisse
3169 1627 3499 1672 commenta-

1930 1711 2125 1767 ti0ne:;.
2172 1711 2273 1765 Alii
2322 1712 2541 1779 quidem
2598 1711 2773 1780 ipsum
2818 1724 2882 1762 ex
2933 1719 3167 1779 quatuor
3218 1707 3502 1765 elementis

1928 1800 2217 1857 conﬂatum
2250 1816 2369 1854 esse
2403 1802 2585 1855 dixere
2621 1820 2633 1854 :
2668 1802 2864 1870 quippe
2893 1816 3013 1855 cum
3052 1801 3104 1853 in
3142 1800 3391 1870 tangendi
3435 1815 3500 1854 ac

1931 1894 2184 1949 cernendi
2218 1907 2438 1949 sensum
2473 1892 2651 1955 cadat,
2685 1893 2861 1959 sitque
2892 1902 3048 1944 terra:
3081 1891 3298 1960 quidem
3336 1892 3502 1961 parti-

1930 2001 2055 2054 ceps
2097 1989 2165 2040 ob
2209 1986 2573 2050 soliditatem;
2624 1984 2760 2053 ignis
2812 1998 2959 2047 vero,
2988 1983 3111 2053 quia
3143 1984 3498 2051 conspicitur;

1934 2075 2259 2143 reliquorum
2315 2078 2553 2141 tandem,
2592 2077 2660 2131 ob
2707 2076 3012 2130 mistnratn.
3052 2076 3153 2129 Alii
3187 2085 3366 2129 autem
3400 2074 3501 2129 bac

250 2173 513 2243 πέμπτην
556 2169 678 2224 τινὰ
719 2167 969 2240 σώματος
996 2168 1156 2238 φύσιν
1199 2171 1277 2233 είς
1309 2168 1538 2240 ούρανοῦ
1572 2167 1831 2223 σύστασιν

1935 2169 2203 2236 opinione,
2253 2180 2510 2237 tanquam
2559 2183 2678 2237 quae
2721 2168 3027 2222 verisimilis
3068 2182 3172 2221 non
3212 2177 3372 2232 esset,
3417 2182 3503 2221 re-

250 2264 462 2318 οἴκοθεν
485 2266 575 2317 καὶ
600 2266 729 2334 παρ’
756 2263 961 2316 ἑαυτῶν
994 2262 1103 2332 (735)
1133 2261 1622 2331 ἀποσχεδιάσαντες
1655 2264 1832 2314 ὲπεισ-

251 2357 480 2426 ήγαγον.
517 2356 626 2409 Καὶ
652 2355 765 2407 ἐστι
789 2371 841 2406 τι
870 2354 997 2423 παρ’
1037 2354 1219 2414 αὐτοῖς
1252 2353 1310 2404 τὸ
1336 2352 1573 2426 αίθέριον
1599 2353 1778 2421 σῶμα,
1803 2354 1832 2406 ὃ

256 2448 394 2516 μήτε
429 2445 561 2514 πῦρ,
613 2445 765 2513 φασὶ,
821 2443 957 2513 μήτε
1006 2442 1133 2513 ἀὴρ,
1180 2443 1315 2513 μήτε
1354 2446 1446 2512 γῆ,
1502 2443 1634 2511 μήτε
1666 2440 1829 2510 ὕδωρ,

257 2538 397 2609 μήτε
426 2536 561 2599 ὅλως
590 2537 727 2606 ὅπερ
749 2535 807 2588 ἒν
830 2534 936 2588 τῶν
962 2533 1147 2587 ἁπλῶν
1166 2551 1179 2563 θ
1215 2534 1350 2587 διότι
1379 2535 1489 2595 τοῖς
1518 2533 1614 2602 μὲν
1646 2533 1832 2595 ἁπλοῖς

252 2628 429 2682 οἰκεία
461 2627 725 2697 κίνησιςή
756 2626 842 2678 ἐπ’
866 2623 1101 2687 εὐθείας,
1122 2622 1230 2675 τῶν
1268 2622 1366 2693 μὲν
1400 2622 1615 2691 κούφων
1648 2624 1740 2676 ὲπὶ
1772 2624 1833 2676 τὸ

254 2722 369 2773 ἄνω
398 2719 734 2791 φερομένων,
764 2716 872 2770 τῶν
925 2716 982 2769 δὲ
1029 2714 1238 2786 βαρέων
1273 2713 1366 2768 ἐπὶ
1401 2714 1463 2768 τὸ
1491 2716 1655 2770 κάτω.
1696 2714 1831 2768 Οὔτε

254 2811 312 2863 δὲ
344 2811 403 2861 τὸ
434 2810 546 2862 άνω
588 2810 681 2862 καὶ
710 2809 770 2861 τὸ
797 2808 947 2861 κάτω
970 2810 1036 2879 τῇ
1069 2808 1299 2877 κυκλικῇ
1335 2807 1665 2877 περιδινήσει
1696 2806 1832 2860 ταύ-

254 2901 320 2953 τὸ
342 2918 353 2928 ·
400 2902 491 2953 καὶ
530 2900 666 2961 ὅλως
707 2900 807 2964 τὴν
852 2898 1067 2951 εὐθείαν
1098 2897 1208 2967 (76)
1244 2898 1379 2967 πρὸς
1406 2898 1504 2967 τὴν
1543 2900 1599 2949 ὲν
1626 2899 1705 2968 τῷ
1736 2898 1834 2951 κύ·

255 2994 370 3064 κλῳ
404 2991 703 3063 περιφορὰν
734 2988 988 3057 πλείστην
1016 2988 1312 3040 ἀπόστασιν
1346 2986 1508 3056 ἔχειν.
1533 2983 1633 3039 Ὧν
1674 2988 1731 3040 δὲ
1776 2990 1833 3040 αἱ

256 3086 398 3138 κατὰ
463 3083 622 3153 φύσιν
677 3083 916 3153 κινήσεις
971 3078 1418 3149 πορηλλαγμέναι
1479 3078 1830 3149 τυγχάνουσι,

1926 2260 2089 2330 jeCta,
2118 2260 2361 2327 quintam
2390 2260 2679 2330 quamdam
2721 2261 2963 2327 corporis
2996 2268 3244 2312 naturam
3280 2260 3345 2311 ad
3373 2273 3503 2311 eon-

1931 2352 2255 2409 stituendum
2297 2353 2492 2409 cmlum
2531 2363 2725 2423 suopte
2769 2352 3003 2423 ingenio,
3028 2361 3083 2405 et
3121 2366 3150 2404 a
3189 2350 3384 2419 seipsis
3424 2360 3502 2405 te-

1932 2460 2078 2499 mere
2126 2454 2286 2514 atqne
2330 2445 2629 2498 inconsulte
2684 2445 3123 2497 introduxerunt.
3161 2442 3255 2496 Est
3281 2451 3334 2496 et
3362 2442 3501 2511 apud

1933 2535 2078 2602 ipsos
2117 2536 2410 2587 :etliereum
2458 2534 2555 2602 ιι
2609 2534 2876 2603 quoddam
2911 2549 3126 2603 corpus,
3155 2534 3298 2601 quod
3327 2546 3505 2602 neque

1934 2627 2111 2695 ignem
2157 2625 2344 2679 dicunt
2393 2640 2536 2689 esse,
2590 2639 2763 2692 neque
2811 2638 3013 2687 aerem,
3060 2638 3232 2692 neque
3283 2633 3503 2689 temtm,

1934 2732 2033 2772 nec
2063 2731 2279 2786 aquam,
2318 2731 2418 2770 nec
2456 2716 2746 2786 quidquam
2786 2718 3005 2771 omnino
3034 2730 3099 2771 ex
3142 2714 3503 2782 simplicibus.

1934 2820 2215 2882 propterea
2256 2809 2396 2878 quod
2448 2811 2698 2880 proprius
2731 2809 3056 2878 simplicium
3100 2817 3279 2864 motus
3320 2817 3504 2864 rectus

1932 2911 2035 2970 est,
2068 2900 2275 2957 levibus
2299 2900 2516 2968 quidem
2549 2915 2782 2965 sursum,
2812 2900 3069 2967 gravibus
3097 2912 3227 2954 vero
3252 2899 3505 2954 deorsum

1937 2993 2297 3047 tendentibus.
2341 2988 2525 3058 Neque
2558 3004 2685 3043 vero
2715 3004 2931 3043 sursum
2971 3003 3035 3043 ac
3069 2988 3321 3044 deorsum
3352 2986 3503 3055 ferri,

1937 3084 2076 3139 idem
2123 3094 2205 3137 est
2246 3094 2407 3153 atque
2457 3082 2508 3135 in
2553 3082 2740 3137 orbem
2784 3082 3024 3145 versari;
3076 3089 3131 3135 et
3183 3080 3235 3134 in
3271 3095 3505 3142 summa,

254 3175 459 3227 τούτων
486 3174 720 3244 ἀνάγκη,
751 3173 903 3241 φασὶ,
945 3168 1323 3241 παρηλλάχθαι
1367 3168 1462 3223 καὶ
1499 3168 1596 3231 τὰς
1628 3170 1832 3233 οὐσίας.

1940 3182 2143 3228 rectum
2190 3182 2243 3225 et
2289 3174 2528 3227 orbicuin
2572 3182 2774 3225 motum
2815 3170 3104 3241 plurimum
3137 3171 3277 3225 inter
3314 3185 3372 3225 se
3397 3168 3505 3225 dif-

269 3267 429 3319 Ἀλλὰ
461 3267 565 3337 μὴν
603 3266 724 3319 οὐδὲ
750 3268 814 3317 ὲκ
837 3264 946 3317 τῶν
974 3264 1201 3335 πρώτων
1234 3263 1521 3333 σωμάτων,
1548 3261 1582 3316 ἃ
1602 3261 1665 3333 δὴ
1698 3279 1837 3316 στοιο

253 3361 378 3427 χεῖα
414 3356 706 3426 καλοῦμεν,
753 3354 1003 3408 σύνθετον
1048 3350 1185 3407 εἶναι
1216 3354 1438 3407 δυνατὸν
1480 3356 1610 3425 ἡμῖν
1645 3353 1837 3405 ames-

255 3450 379 3502 σθαι
407 3449 497 3502 τὸν
521 3447 770 3517 οὐρανὸν,
800 3446 877 3516 τῷ
912 3446 978 3498 τὰ
1008 3449 1072 3499 ὲκ
1095 3446 1366 3517 διαφόρων
1401 3446 1735 3519 συγκείμενα
1762 3444 1837 3517 μὴ

253 3542 515 3597 δύνασθαι
561 3542 773 3613 ὁμαλὴν
832 3540 924 3593 καὶ
978 3540 1233 3595 ἁϐίαστον
1272 3543 1415 3613 ἔχειν
1455 3542 1553 3614 τὴν
1599 3543 1835 3614 κίνησιν,

253 3636 487 3690 ἑκάστου
509 3634 618 3688 τῶν
641 3634 1051 3705 ἐνυπαρχόντων
1078 3634 1263 3686 ἁπλῶν
1304 3638 1416 3697 τοῖς
1439 3635 1711 3698 συνθέτοις
1740 3635 1836 3689 άλ-

254 3727 356 3799 λην
395 3728 489 3781 καὶ
516 3727 680 3797 ἄλλην
718 3726 891 3798 ὁρμὴν
928 3726 1074 3796 παρὰ
1106 3726 1203 3793 τῆς
1235 3724 1447 3793 φύσεως
1473 3724 1703 3794 ἔχοντος.
1748 3726 1837 3779 Atb

256 3818 475 3889 πρῶτον
505 3820 600 3889 μὲν
630 3820 859 3889 καμάτῳ
900 3819 1180 3888 συνέχεται
1210 3818 1267 3869 ὲν
1290 3820 1356 3887 τῇ
1388 3820 1600 3885 συνεχεῖ
1626 3820 1837 3888 κινήσει

254 3911 327 3967 τὰ
354 3912 601 3974 σύνθετα,
644 3912 731 3964 διὰ
770 3912 831 3965 τὸ
866 3912 993 3983 μίαν
1023 3911 1236 3981 κίνησιν
1273 3908 1631 3981 μὴδύνασθαι
1674 3914 1838 3964 πᾶσιν

255 4004 597 4075 εὐάρμοστον
630 3999 771 4056 εἷναι
806 4006 898 4059 καὶ
925 4005 1085 4075 φίλην
1109 4007 1221 4067 τοῖς
1244 4002 1507 4064 ἐναντίοις
1526 4017 1541 4031 ⁶
1579 4000 1714 4055 ἀλλὰ
1741 4002 1839 4073 τὴν

252 4094 336 4166 τῷ
392 4094 577 4165 κούφῳ
625 4095 827 4149 οἰκείαν
881 4096 1145 4167 πολεμίαν
1198 4091 1339 4150 εἶναι
1389 4093 1467 4165 τῷ
1528 4092 1833 4163 βαρυτάτῳ.

258 4186 429 4239 Ὀτλν
467 4186 565 4254 μὲν
596 4185 703 4256 γὰρ
745 4185 881 4256 πρὸς
913 4184 984 4238 τὰ
1015 4185 1126 4239 άνω
1156 4184 1453 4255 κινώμεθα,
1498 4181 1841 4253 βαρυνόμεθα

247 4276 337 4347 *τῷ
380 4276 606 4343 γεώδει·
638 4277 767 4330 ὅταν
813 4277 871 4330 δὲ
903 4276 1037 4348 «pb;
1080 4277 1150 4331 τὰ
1194 4278 1342 4331 κάτω
1377 4274 1489 4345 (77)
1523 4273 1838 4345 φερώμεθα,

257 4369 557 4442 βιαζόμεθα
585 4372 645 4424 τὸ
668 4370 933 4442 πυρῶδες,
969 4370 1121 4440 παρὰ
1144 4370 1305 4438 φύσιν
1338 4368 1467 4421 αὐτὸ
1497 4350 1632 4438 πρὸς
1660 4365 1721 4419 τὸ
1744 4365 1842 4419 κά-

257 4465 348 4516 τω’
387 4461 765 4525 καθέλκοντες.
815 4463 879 4515 Ἦ
913 4462 970 4515 δὲ
1010 4460 1146 4532 πρὸς
1178 4460 1244 4513 τὰ
1271 4459 1485 4513 ἐναντία
1512 4458 1695 4528 διολκὴ
1733 4457 1840 4511 τῶν

1934 3265 2075 3320 ferre
2121 3274 2361 3319 censent.
2400 3263 2640 3328 Quorum
2687 3274 2865 3317 autem
2919 3264 3184 3318 motiones
3213 3262 3503 3317 secundum

1936 3369 2182 3412 naturam
2222 3357 2452 3411 diversae
2499 3365 2646 3419 sunt,
2690 3356 2883 3408 borum
2928 3354 3090 3407 etiam
3140 3366 3363 3407 necesse
3397 3362 3507 3417 est,

1936 3451 2205 3521 inquiunt,
2238 3450 2527 3506 essentiam
2555 3462 2676 3503 esse
2715 3448 3008 3502 diversam.
3042 3442 3149 3501 Sed
3191 3460 3257 3499 ne
3293 3459 3356 3499 ex
3397 3444 3509 3515 pri-

1936 3546 2041 3598 mis
2062 3543 2276 3613 quidem
2307 3542 2623 3611 corporibus
2650 3554 2769 3609 qua:
2796 3538 3061 3593 elementa
3094 3552 3366 3602 vocamus,
3393 3552 3505 3611 οφ·

1936 3633 2047 3689 lum
2083 3635 2350 3702 componi,
2380 3641 2618 3686 statuere
2658 3644 2977 3698 possumus;
3019 3643 3085 3683 eo
3116 3629 3258 3698 quod
3292 3642 3356 3683 ea
3388 3642 3509 3698 qua

1936 3741 2000 3782 es
2052 3725 2281 3780 diversis
2323 3730 2594 3785 constant,
2647 3730 2853 3775 motum
2904 3720 2996 3789 qui
3051 3720 3388 3788 aequabiliter
3440 3734 3506 3774 ac

1937 3816 2055 3871 sine
2097 3816 2146 3869 vi
2187 3816 2400 3878 edatur,
2435 3813 2635 3867 habere
2675 3825 2781 3865 non
2828 3820 3087 3878 possunt;
3130 3825 3253 3864 cum
3299 3808 3507 3874 singula

1936 3925 2056 3979 qua:
2101 3910 2151 3963 in
2197 3907 2515 3975 compositis
2562 3905 2744 3958 insunt
2789 3902 3091 3968 simplicia,
3135 3902 3298 3955 alium
3347 3911 3510 3969 atque

1938 4000 2099 4053 alium
2140 4014 2170 4051 a
2216 4010 2409 4049 natura
2454 3995 2759 4048 sortiantur
2795 3991 3073 4060 impetum.
3113 3988 3378 4056 Quocirca
3420 4003 3511 4045 res

1938 4090 2249 4159 composita:
2288 4088 2518 4157 primum
2554 4084 2771 4155 quidem
2806 4083 2858 4137 in
2889 4083 3147 4137 continuo
3183 4092 3330 4137 motu
3366 4095 3510 4151 ωετο

1940 4179 2305 4241 continentur,
2345 4174 2489 4244 quod
2531 4190 2669 4229 unus
2717 4182 2895 4229 motus
2931 4172 3181 4227 omnibus
3222 4173 3510 4227 contrariis

1942 4284 2047 4323 non
2083 4276 2258 4337 potest
2290 4281 2561 4337 congruus
2595 4280 2715 4320 esse
2742 4274 2797 4317 et
2821 4264 3028 4318 amicus
3062 4281 3075 4317 :
3109 4263 3203 4319 sed
3234 4264 3278 4319 is
3302 4264 3390 4334 qui
3432 4263 3509 4319 rei

1942 4360 2075 4414 levis
2130 4360 2379 4429 proprius
2426 4367 2530 4423 est,
2593 4356 2928 4427 gravissima:
2984 4356 3323 4413 adversatur.
3372 4355 3508 4411 Cum

1941 4453 2083 4506 enim
2102 4468 2312 4506 sursum
2334 4465 2519 4506 versus
2555 4464 2849 4513 movemur,
2898 4463 2991 4518 per
3023 4448 3075 4502 id
3101 4447 3242 4516 quod
3274 4460 3509 4502 terrenm

258 4554 540 4625 στοιχείων
567 4552 915 4617 διαπτώσειὶκ
940 4556 1086 4606 ἐστιν
1110 4553 1351 4623 ἀφορμή.
1371 4552 1444 4603 Τὸ
1464 4549 1572 4620 γὰρ
1599 4551 1832 4618 ἠναγκα-

1942 4553 2042 4608 est,
2088 4557 2408 4612 gravaneur;
2459 4555 2579 4594 cum
2623 4555 2749 4594 vero
2789 4541 3040 4592 deorsum
3074 4536 3357 4601 volvimur,
3402 4538 3509 4591 vim

257 4648 456 4717 σμένον
479 4648 571 4700 καὶ
596 4649 746 4716 παρὰ
782 4645 961 4714 φύσιν,
999 4647 1085 4699 ἐπ’
1108 4644 1283 4711 ὀλίγον
1306 4641 1576 4711 ἁντισχὺν,
1601 4643 1694 4693 καὶ
1718 4640 1837 4693 τοῦ-

255 4754 319 4790 το
350 4736 539 4806 βιαίως
570 4736 665 4789 καλ⁵
699 4736 870 4806 μόλις,
904 4736 1039 4806 ταχὺ
1072 4733 1288 4803 διελύθη
1321 4751 1399 4797 εις
1419 4732 1486 4785 τὰ
1529 4730 1588 4796 ὲξ
1615 4724 1688 4787 ὦν
1719 4747 1840 4783 συν-

255 4823 417 4895 ετέθη
462 4825 593 4894 (78).
632 4825 861 4879 ἑκάστου
896 4824 1003 4877 τῶν
1045 4822 1404 4876 συνελθόντων
1450 4820 1585 4891 πρὸς
1632 4817 1729 4889 τὴν
1757 4820 1839 4871 οἱα

256 4916 414 4968 κείαν
443 4915 623 4987 χώραν
651 4915 981 4977 ἐπανιόντος.
1013 4913 1110 4966 Διὰ
1140 4915 1236 4982 μὲν
1257 4913 1320 4985 δὴ
1344 4910 1567 4972 ταύτας,
1592 4908 1667 4971 ὥς
1684 4925 1836 4975 φασι,

255 5008 366 5063 τῶν
396 5007 671 5078 λογισμῶν
716 5008 814 5071 τὰς
857 5006 1122 5076 ἀνάγκας,
1163 5005 1290 5069 τοὺς
1340 5004 1447 5057 τῶν
1487 5001 1837 5073 προαγόντων

341 5208 452 5281 (7|)
496 5206 749 5281 Voculam
812 5204 870 5281 bé
938 5218 1004 5258 ex
1067 5200 1276 5281 duobus
1328 5215 1459 5281 mss.
1504 5201 1825 5256 addidimus.

261 5271 378 5335 Hui:
408 5271 522 5341 ipso
552 5283 605 5332 in
639 5278 755 5331 loco
795 5276 899 5329 duo
928 5289 1056 5328 tnss.
1095 5289 1175 5324 σοι
1204 5271 1408 5341 δοκοίη.

332 5298 378 5333 it:
408 5296 420 5330 1
462 5296 522 5333 30
552 5296 605 5332 Ill
640 5296 755 5331 loco
795 5296 899 5329 uuo
928 5296 1056 5328 mss.
1095 5296 1175 5324 σοι
1204 5296 1408 5341 οοχοιη.

332 5296 971 5420 (72;)Antiqui‘duo‘libri
997 5341 1157 5420 obsto
1186 5342 1262 5420 τά
1300 5342 1475 5396 πάντα
1507 5340 1648 5393 διατ.
1711 5340 1827 5395 Mox

262 5412 368 5477 duo
406 5412 533 5489 mss.
564 5412 781 5489 εὑρεθῇ.
814 5414 962 5489 Alius
994 5412 1322 5489 έξευρεθείη.

331 5490 443 5553 175)
478 5483 705 5544 Codices
728 5483 833 5542 duo
858 5483 928 5536 τὰ
951 5484 1090 5537 αὐτὰ
1108 5483 1164 5536 δὲ
1202 5483 1396 5537 πάντα.

333 5549 444 5628 (74³)
471 5560 648 5614 Codex
673 5557 915 5613 Combef.
933 5554 1134 5628 λοιπῶν
1159 5553 1245 5606 διὰ
1264 5553 1359 5625 τὴν
1396 5549 1825 5628 μέθεξιν-00111-

260 5620 484 5687 heluius
518 5640 668 5683 notat
734 5631 873 5682 lianc
919 5627 1225 5693 opinionem
1282 5620 1407 5677 esse
1445 5621 1727 5686 Platonis,
1772 5621 1824 5674 in
1928 5620 2102 5693 altera
2132 5632 2231 5693 ms.

264 5700 462 5757 Timeo
487 5714 504 5751 :
533 5708 871 5765 sequentem,
900 5696 1222 5749 Aristotelis.

332 5770 445 5834 (75)
484 5758 637 5824 0015.
674 5758 879 5836 primus
904 5766 1314 5839 «ap‘_éauzoi;._
1343 5760 1677 5839 Mox__e_di(ig
1718 5758 1822 5839 Ba-

264 5830 351 5899 sil.
416 5830 464 5898 et
510 5830 746 5912 quinque
802 5852 910 5891 mss
986 5830 1136 5907 ἓιῦρ.
1185 5834 1334 5907 φησί.
1405 5832 1580 5889 Ιιιιιὶιὶο
1638 5830 1814 5887 Paris.

1946 4633 2170 4689 facimus
2199 4636 2376 4703 igneo,
2406 4634 2601 4703 quippe
2631 4633 2721 4701 qui
2758 4632 2932 4698 ipsum
2958 4628 3209 4683 deorsum
3237 4629 3511 4683 trahemus

1949 4738 2142 4795 praeter
2180 4735 2446 4779 naturam.
2486 4723 2610 4778 Haec
2646 4734 2824 4776 autem
2870 4720 3253 4775 elementorum
3300 4720 3351 4773 in
3380 4732 3513 4774 con-

1949 4818 2112 4872 traria
2145 4818 2445 4880 distractio,
2477 4817 2647 4870 ruinae
2678 4823 2734 4869 et
2765 4812 3132 4869 dissolutionis
3172 4827 3331 4868 causa
3370 4811 3515 4866 exsi-

1946 4910 2057 4962 stit.
2097 4907 2246 4973 Quod
2289 4906 2432 4961 enim
2477 4914 2727 4959 coactum
2773 4912 2875 4966 est,
2918 4915 2971 4957 et
3012 4910 3205 4971 praeter
3244 4909 3511 4962 naturam,

1946 5014 2063 5053 cum
2094 5014 2279 5068 parum
2323 4998 2559 5059 resistat,
2591 4995 2750 5064 idque
2788 4995 3049 5048 violenter
3075 5002 3129 5048 et
3163 5005 3325 5062 aegre,
3361 4990 3511 5046 brevi

1935 5214 2121 5335 φαὲίῆ
2153 5265 2333 5319 Codex
2389 5265 2594 5387 unum;
2630 5261 2906 5317 εὐθεῖα....
2963 5259 3101 5329 ἔχει.
3146 5256 3260 5312 Hoc
3298 5257 3417 5328 ipso
3451 5256 3508 5310 in

1936 5336 2057 5387 loco
2078 5337 2230 5387 Colb.
2267 5336 2532 5387 secundus
2600 5333 2899 5387 ποστασίαν
2929 5330 3095 5387 ἐγειν.
3131 5326 3306 5387 lCod.
3346 5325 3453 5382 476
3483 5341 3508 5381 ι

1936 5325 2057 5391 loco
2078 5337 2230 5391 Colb.
2267 5336 2532 5388 secundus
2560 5325 2899 5387 άποστασίαν
2929 5325 3095 5401 ἔχειν.
3131 5325 3453 5401 [(ὶοϋίιτϐ
3483 5341 3515 5381 ι

1940 5407 2228 5477 recentiori
2250 5421 2423 5477 manu,
2445 5404 2603 5477 ἔχει.]

2006 5477 2119 5545 (77)
2157 5476 2210 5529 ln
2264 5466 2533 5542 aliquibus
2584 5466 2715 5527 inss.
2772 5473 2980 5545 legitur:
3010 5470 3146 5541 πρὸς
3304 5466 3417 5521 ἄνω

1932 5539 2069 5619 πρὸς
2102 5539 2174 5600 ’τὴ
2224 5539 2893 5619 sti-ctohAliquantuintra
2949 5539 3081 5612 Reg.
3132 5539 3341 5608 primus
3389 5552 3516 5594 cum

2271 5615 2647 5687 μεθέλκοντες.

1999 5689 2112 5758 (78)
2160 5679 2385 5743 Codices
2444 5689 2552 5743 duo
2609 5686 2668 5751 ἐξ
2740 5680 2815 5742 ὧν
2878 5682 3163 5751 σύγκειται
3221 5679 3317 5733 καὶ
3389 5692 3518 5734 συν-

1928 5758 2112 5837 ετέθη,
