4058 6448
242 373 317 430 29
1361 371 1644 428 tlUMlLlA
1684 373 1724 427 ιι
1764 370 1832 428 1N
1875 365 2374 427 HEXAEMERON.
3430 375 3500 430 3t)

243 489 313 558 τῇ
357 485 578 558 βοηθείᾳ.
615 485 707 539 τοῦ
736 486 1071 558 Πνεὺματος,
1109 488 1202 541 καὶ
1229 487 1378 540 αὐτοὶ
1400 488 1499 541 οὐκ
1532 487 1822 559 ἀπόϐλητοι

1929 486 2222 554 segniores.
2253 484 2407 549 Nam,-
2440 483 2650 538 tametsi
2686 499 2863 540 rerum
2902 499 3006 540 non
3040 499 3325 555 possumus
3355 501 3502 540 asse-

244 582 527 644 παντελῶς
559 580 952 653 κριθησόμεθα,
981 581 1074 633 καὶ
1103 583 1166 649 τῇ
1198 580 1456 650 συνεργίᾳ
1482 581 1582 650 τῆς
1604 580 1823 652 χάριτος

241 673 536 742 οἰκοδομήν
567 689 687 725 τινα
718 674 783 741 τῇ
830 671 1124 740 Ἐκκλησία
1157 669 1249 722 τοῦ
1277 670 1410 722 Θεοῦ
1454 670 1818 740 παρεξόμεθα.

256 766 317 816 'H
341 763 408 814 δὲ
437 762 510 831 γῆ
540 763 638 830 ἦν,
671 764 852 832 φησὶν,
883 763 1131 828 ἀόρατος
1153 762 1247 814 καὶ
1271 762 1817 824 ἁκατασκεύαστος.

242 857 370 918 Πῶς
405 856 733 925 ἀμφοτέρων
785 855 1061 924 ὁμοτίμως
1101 854 1406 923 γενομένων
1451 854 1680 923 οὐρανοῦ
1728 855 1821 906 καὶ

241 947 369 1016 γῆς,
409 948 437 998 6
477 948 573 1016 μὲν
601 946 828 1015 οὐρανὸς
858 945 1190 1015 ἀπηρτίσθη,
1241 948 1274 1015 ἡ
1317 945 1371 998 δὲ
1415 947 1483 1016 γῆ
1521 947 1596 999 ἔτι
1626 945 1821 1014 ἀτελής

242 1041 362 1091 ἐστι
395 1040 489 1091 καὶ
519 1038 908 1108 ἀνεξέργαστος
945 1037 1086 1105 (86);
1137 1037 1206 1090 ’Ἡ
1250 1037 1406 1101 ὅλως,
1451 1039 1503 1090 τί
1532 1038 1590 1090 τὸ
1617 1038 1821 1091 ἀκατά·

243 1145 437 1182 σκευον
468 1129 577 1200 (87)
605 1130 701 1198 τῆς
730 1129 861 1198 γῆς;
895 1130 986 1180 καὶ
1031 1128 1116 1181 διὰ
1161 1129 1322 1182 ποίαν
1366 1130 1541 1182 αἰτίαν
1590 1131 1821 1200 ἀόρατος

238 1218 345 1292 ἦν;
379 1223 532 1274 Ἐστι
568 1221 663 1291 μὲν
693 1215 784 1273 οὖν
811 1220 987 1272 τελεία
1023 1222 1329 1291 κατασκευὴ
1358 1221 1508 1291 γῆςή
1537 1222 1628 1273 ἀπ’
1652 1222 1820 1292 αὐτῆς

243 1312 496 1382 εὐθηνία·
553 1310 734 1378 φυτῶν
790 1311 1139 1364 παντοδαπῶν
1188 1311 1538 1381 β).αστήσεις’
1591 1311 1821 1382 δένδρων

243 1404 592 1475 ὑψηλοτάτων
647 1403 906 1474 προϐολαὶ
955 1404 1245 1475 καρπίμων
1299 1422 1356 1456 τε
1399 1405 1489 1456 καὶ
1523 1406 1816 1476 ἀκάρπωψ

238 1497 420 1549 ἀνθῶν
453 1495 693 1565 εὔχροιαι
733 1497 826 1548 καὶ
874 1497 1118 1548 εὐωδίαι⁸
1163 1497 1253 1550 καὶ
1286 1498 1385 1549 ὅσα
1433 1499 1627 1569 μικρὸν
1661 1499 1819 1552 ὓστε-

244 1606 336 1658 ρον
375 1587 484 1653 (88)
521 1585 699 1655 μέλλει
730 1585 806 1654 τῷ
831 1588 1206 1655 προστάγματι
1241 1584 1334 1638 τοῦ
1362 1586 1496 1639 Θεοῦ
1538 1589 1822 1640 ἐπανατεί-

240 1681 408 1732 λειντα
455 1680 520 1747 τῇ
561 1680 629 1748 γῇ
675 1677 772 1748 τὴν
820 1678 1233 1748 γεννησαμένην
1288 1682 1673 1748 κατακοσμεῖν.
1723 1672 1820 1732 Ὦν

239 1770 428 1839 ἐπειδὴ
455 1770 604 1822 οὐδὲν
631 1768 785 1821 οὔπω
821 1765 907 1838 ἦν,
946 1769 1318 1822 ἀκατάσκευον
1344 1771 1510 1841 αὐτὴν
1538 1769 1760 1832 εἰκότως
1792 1773 1820 1823 6

1926 575 2016 642 qui
2047 575 2392 645 dignitatem;
2441 583 2642 640 tamen,
2689 576 2734 628 si
2787 592 2814 628 a
2872 574 3161 644 Scriptura:
3203 577 3498 645 proposito,

1927 664 2132 734 Spiritu
2174 667 2486 730 auxiliante,
2535 682 2638 720 non
2690 667 3024 731 excidamus,
3056 670 3219 722 etiam
3257 669 3358 736 ipsi
3390 684 3497 724 non

1925 759 2147 812 omnino
2193 757 2484 825 rejeCtanei
2524 757 2912 825 judicabimur;
2967 776 3028 813 ac
3079 763 3252 830 gratia
3305 777 3500 828 coope-

1925 861 2098 912 rante,
2153 863 2256 902 no"
2302 850 2433 904 nihil
2483 853 2855 920 przestabimus
2895 853 3265 907 ardilicationis
3311 854 3497 909 Eccle-

1924 943 2018 996 sia:
2061 943 2172 997 Dei.
2216 941 2374 996 Terra
2431 955 2630 1008 autem,
2698 944 2896 1014 inquit,
2948 956 3057 998 erat
3120 949 3395 1001 invisibilis
3448 959 3498 1003 et

1923 1035 2288 1103 incomposita.
2361 1034 2642 1101 Quomodo
2699 1037 2927 1090 conditis
2986 1037 3188 1106 pariter
3250 1041 3499 1110 utrisque

1923 1126 2061 1180 caelo
2114 1135 2167 1178 et
2215 1135 2390 1189 terra,
2441 1127 2636 1180 caelum
2681 1129 2898 1196 quidem
2956 1129 3210 1184 omnibus
3256 1131 3498 1186 numeris

1923 1218 2227 1272 absolutum
2261 1229 2366 1281 est,
2404 1227 2544 1272 terra
2583 1233 2711 1273 vero
2749 1220 2924 1275 adhuc
2967 1222 3284 1290 imperfecta
3327 1234 3409 1277 est
3447 1234 3500 1279 et

1923 1307 2109 1360 rudis?
2140 1309 2244 1360 Aut
2270 1307 2512 1370 omnino,
2538 1308 2663 1375 quid
2691 1318 2770 1361 est
2800 1320 2941 1362 terra
2991 1310 3381 1378 incomposita?
3407 1322 3496 1366 aut

1922 1399 1990 1452 ob
2035 1414 2193 1468 quam
2239 1416 2456 1455 causam
2501 1407 2618 1453 erat
2670 1402 2988 1455 invisibilis?
3042 1404 3182 1457 Sane
3226 1403 3500 1472 perfectus

1925 1502 2082 1545 terra:
2117 1503 2407 1562 apparatus
2442 1495 2551 1562 ipsa
2589 1494 2729 1547 illius
2764 1494 3012 1548 fertilitas
3048 1504 3150 1556 est,
3181 1495 3492 1564 generatio-

1926 1599 2021 1638 nes
2083 1601 2526 1654 quarumcunqne
2561 1587 2881 1655 plantarum,
2923 1588 3308 1642 altissimarum
3343 1591 3498 1643 arbo-

1923 1691 2040 1730 rum
2083 1688 2190 1729 tum
2244 1678 2624 1747 frugiferarum
2687 1690 2798 1732 tum
2857 1679 3267 1735 infecundarum
3311 1693 3496 1746 ortus;

1923 1766 2110 1822 ﬂorum
2147 1768 2356 1824 colores
2390 1771 2616 1837 speciosi
2651 1785 2713 1824 ac
2746 1771 2940 1824 odores
2967 1773 3130 1840 grati,
3159 1784 3212 1826 et
3239 1788 3497 1842 qumcnn-

239 1861 398 1928 λόγος
428 1861 695 1931 ὠνόμασε.
735 1860 815 1911 Τὰ
853 1858 992 1913 αὐτὰ
1020 1860 1075 1912 δὲ
1104 1859 1276 1913 ταῦτα
1309 1860 1402 1912 καὶ
1433 1861 1558 1931 περί
1594 1860 1701 1929 (89)
1734 1862 1822 1913 οὑ-

1933 1875 2038 1929 que
2069 1860 2224 1930 paulo
2247 1872 2366 1932 post
2399 1863 2488 1916 Dei
2515 1864 2668 1931 jussu
2698 1879 2726 1917 e
2757 1873 2898 1918 terra
2921 1868 3244 1934 emergentia
3278 1869 3500 1936 genitri-

244 1952 403 2022 ρανοῦ
428 1953 675 2021 εἴποιμεν
696 1971 704 1980 ·
734 1953 814 2004 ὅτι
836 1952 936 2004 οὐκ
953 1950 1268 2021 ἐξείργαστο
1320 1950 1470 2003 οὔπω
1497 1953 1615 2004 οὐδὲ
1640 1953 1820 2016 αὐτὸς,

236 2046 360 2099 οὐδὲ
378 2047 469 2098 τὸν
494 2047 689 2097 οἰκεῖον
719 2043 1008 2112 ἀπειλήφει
1039 2045 1260 2112 κόσμον,
1293 2043 1388 2094 άτε
1415 2044 1581 2112 μήπω
1610 2045 1720 2114 (90)
1745 2063 1824 2097 σε·

238 2139 379 2211 λήνῃ
401 2141 535 2208 μήτε
556 2137 691 2206 ἡλίῳ
713 2134 1208 2204 περιλαμπόμενος,
1230 2133 1362 2202 μηδὲ
1388 2135 1495 2195 τοῖς
1521 2137 1696 2204 χοροῖς
1715 2135 1821 2188 τῶν

237 2233 457 2301 ἄστρων
481 2226 936 2296 κατεστεμμένος.
972 2222 1138 2277 Οὔπω
1159 2222 1268 2292 γάρ
1295 2224 1465 2276 ταῦτα
1492 2225 1602 2293 (91)
1637 2225 1822 2292 ἐγεγό-

238 2341 341 2376 νει.
381 2323 539 2372 Ὥστε
566 2320 660 2386 οὐχ
695 2318 1030 2388 ἁμαρτήσεις
1051 2317 1146 2386 τῆς
1172 2317 1444 2387 ἀληθείας,
1477 2317 1579 2370 κᾶν
1609 2318 1700 2370 τὸν
1733 2320 1824 2372 οὑ-

243 2415 405 2488 ρανὸν
436 2413 807 2467 ἀκατάσκευον
836 2411 1014 2481 εἴπῃς.
1058 2409 1312 2479 Ἀόρατον
1334 2410 1390 2462 δὲ
1413 2409 1507 2480 τὴν
1529 2411 1630 2480 γῆν
1659 2427 1824 2481 προσ-

241 2511 361 2561 εἰπε
407 2505 493 2558 διὰ
521 2506 613 2558 δύο
648 2505 825 2567 αἰτίας
849 2520 861 2532 ο
897 2504 930 2573 ἦ
972 2503 1052 2556 ὃτι
1101 2502 1251 2555 οὔπω
1275 2499 1341 2572 ἦν
1367 2503 1534 2572 αὐτῆς
1569 2506 1596 2556 6
1628 2502 1824 2576 θεατὴς

239 2595 528 2664 ἅνθρωπος
555 2593 687 2662 (9%),
713 2593 744 2663 ἢ
787 2595 866 2645 ὅτι
898 2591 1227 2661 ὑποϐρύχιος
1263 2588 1396 2644 οὖσα
1423 2593 1486 2645 ὲκ
1509 2593 1601 2645 τοῦ
1634 2595 1825 2646 ὲπιπο-

242 2687 496 2750 λάζοντος
539 2691 602 2756 τῇ
628 2687 918 2754 ἐπιφανείᾳ
969 2683 1160 2746 ὓδατος
1200 2686 1300 2736 οὐκ
1335 2685 1561 2754 ἠδύνατο
1589 2685 1823 2755 καθορᾶ-

244 2780 390 2832 σθαι.
439 2778 604 2831 υῦπω
643 2778 751 2848 γὰρ
787 2773 854 2846 ἦν
886 2775 1216 2844 συναχθέντα
1247 2777 1314 2828 τὰ
1344 2775 1509 2828 ὕδατα
1548 2778 1625 2839 εἰς
1659 2775 1728 2828 τά
1748 2777 1823 2828 ol-

241 2877 368 2925 κεῖα
400 2873 736 2939 συστήματα,
788 2868 929 2938 ἅπερ
979 2867 1202 2937 ὕστερον
1249 2866 1277 2918 6
1322 2867 1454 2929 Θεὸς
1504 2865 1823 2936 συναγαγὼν

243 2961 652 3034 προσηγόρευσε
693 2960 984 3022 θαλάσσας.
1038 2959 1289 3029 Ἀὁρατον
1327 2955 1420 3012 οὖν
1473 2959 1524 3012 τί
1564 2963 1714 3027 tm;
1752 2961 1824 3014 Τὸ

246 3056 365 3124 μὲν,
395 3055 421 3106 ὃ
455 3055 526 3124 μὴ
547 3055 786 3122 πέφυκεν
809 3053 1102 3122 ὀφθαλμοῖς
1139 3053 1338 3122 σαρκὸς
1363 3054 1717 3125 καθορᾶσθαι,
1749 3055 1824 3118 ὡς

1926 1969 2042 2008 cem
2073 1971 2224 2009 suam
2263 1967 2416 2010 erant
2446 1968 2726 2013 ornatura.
2761 1958 2997 2022 Quarum
3029 1975 3209 2012 rerum
3241 1961 3496 2029 quoniam

1925 2047 2186 2100 nihildum
2234 2059 2372 2110 erat,
2419 2049 2613 2103 merito
2659 2048 2937 2117 Scriptura
2985 2051 3154 2119 ipsam
3204 2052 3500 2106 nominavit

1925 2136 2359 2206 incompositam.
2405 2138 2529 2194 Hme
2566 2142 2752 2194 eadem
2791 2151 2845 2194 et
2885 2143 2951 2194 de
2985 2142 3126 2196 coelo
3165 2143 3495 2208 dixerimus;

1924 2231 2356 2298 quandoquidem
2403 2234 2485 2288 vel
2538 2249 2709 2302 lpSllm
2757 2236 2997 2286 nondum
3039 2244 3158 2287 erat
3201 2235 3494 2295 excultum,

1926 2335 2100 2389 neque
2146 2322 2425 2391 proprium
2480 2333 2757 2392 receperat
2803 2335 3072 2390 omatum,
3127 2333 3309 2393 utpote
3356 2327 3498 2393 quod

1926 2408 2163 2459 nondum
2199 2408 2311 2463 sole
2347 2419 2439 2462 aut
2482 2411 2606 2464 luna
2657 2411 3075 2480 splendesceret,
3114 2428 3286 2481 neque
3327 2423 3500 2468 astro-

1927 2511 2046 2551 rum
2081 2499 2264 2553 choris
2292 2512 2665 2556 coronaretur.
2704 2502 2940 2557 Necdum
2977 2507 3119 2560 enim
3153 2506 3337 2559 istltmc
3371 2521 3499 2559 con-

1925 2589 2036 2642 dita
2088 2601 2262 2646 erant.
2320 2593 2496 2659 Quare
2540 2609 2569 2647 a
2622 2597 2850 2651 veritate
2902 2613 3006 2651 non
3051 2599 3412 2662 aberraveris,
3453 2599 3499 2652 si

1924 2679 2123 2732 ccelum
2168 2697 2383 2752 quoque
2435 2685 2635 2738 dixeris
2684 2686 2849 2740 fuisse
2897 2687 3331 2756 incompositum.
3365 2687 3498 2741 Ter-

1925 2787 2039 2826 ram
2076 2785 2254 2828 autem
2298 2777 2431 2830 duas
2466 2779 2536 2833 ob
2571 2795 2761 2833 causas
2793 2781 3083 2848 appellavit
3129 2781 3497 2848 invisibilem;

1927 2874 2020 2919 aut
2049 2869 2188 2934 quod
2221 2871 2457 2923 nondum
2493 2885 2633 2926 esset
2662 2875 2750 2942 qui
2790 2889 2908 2928 eam
2946 2874 3286 2941 conspiceret
3317 2874 3498 2938 homo,

1927 2967 2018 3012 aut
2041 2960 2181 3026 quod
2210 2975 2271 3013 ea
2312 2964 2477 3016 videri
2526 2965 2625 3034 l3
2659 2968 2879 3020 minime
2917 2977 3114 3036 posset.
3151 2969 3347 3036 quippe
3381 2984 3502 3037 qua:

1928 3052 2082 3118 aquis
2131 3067 2294 3121 super
2346 3056 2513 3124 ipsius
2565 3060 2900 3128 snperliciem
2949 3061 3314 3114 innatantibus
3355 3071 3502 3115 esset

241 3148 271 3198 6
300 3146 423 3209 νοῦς
448 3149 475 3198 ό
493 3146 759 3216 ἡμέτερος
778 3162 790 3173 ’
823 3144 882 3196 τὸ
904 3143 980 3205 δὲ,
1008 3143 1036 3194 ὅ
1061 3146 1126 3212 τῇ
1152 3143 1307 3210 φύσει
1334 3145 1526 3212 ὁρατὸν
1559 3145 1821 3215 ὑπάρχον,

1930 3144 2232 3199 submersa.
2273 3145 2519 3201 Nondum
2550 3151 2690 3203 enim
2723 3161 2880 3204 erant
2926 3167 3078 3221 aqua:
3127 3153 3178 3206 in
3225 3168 3349 3207 suas
3392 3164 3503 3207 sta-

243 3237 332 3288 διά
361 3235 455 3304 τὴν
493 3233 876 3303 ἐπιπρόσθεσιν
905 3231 998 3282 τοῦ
1027 3232 1373 3299 ἐπικειμένου
1397 3233 1546 3302 αὐτῷ
1571 3233 1821 3302 σώματος

243 3327 673 3397 ἀποκρύπτεται,
712 3327 786 3387 ὡς
823 3327 850 3377 6
883 3328 940 3378 ἐν
965 3324 1043 3395 τῷ
1074 3323 1219 3394 βυθῴ
1247 3323 1480 3394 σίδηρος.
1517 3325 1652 3377 Καθ’
1675 3325 1702 3375 ὃ
1732 3340 1820 3394 ση-

247 3418 572 3488 μαινόμενον
599 3415 690 3469 νῦν
727 3416 956 3486 ἀόρατον
989 3414 1271 3485 ἡγούμεθα
1305 3413 1700 3486 προσειρῆσθαι
1720 3417 1819 3486 τὴν

245 3510 349 3578 γῆν
367 3509 775 3579 καλυπτομένην
794 3509 898 3561 ὑπὸ
915 3508 1005 3562 τοῦ
1029 3508 1236 3571 ὕδατος.
1261 3509 1490 3560 Ἔπειτα
1509 3509 1708 3577 μέντοι,
1726 3511 1821 3561 καὶ

247 3603 416 3671 μήπω
460 3601 552 3654 τοῦ
596 3602 772 3670 φωτὸς
810 3600 1146 3671 γενηθέντος,
1205 3600 1355 3652 οὐδὲν
1392 3596 1458 3669 ἦν
1509 3599 1818 3666 θαυμαστὸν

243 3697 344 3763 τὴν
388 3696 444 3745 ἐν
481 3695 654 3764 σκότῳ
689 3694 798 3761 (95)
827 3693 1104 3763 κειμένην,
1140 3691 1230 3745 διά
1256 3691 1317 3743 τὶ.
1353 3689 1653 3758 ἀσώτιστον
1686 3689 1823 3744 εἶναι

242 3786 336 3839 τὸν
378 3785 518 3854 ὑπὲρ
543 3786 710 3854 αὐτῆς
738 3785 894 3854 ἀέρα,
923 3786 1153 3855 ἀόρατον
1193 3784 1286 3837 καὶ
1313 3783 1452 3836 κατά
1487 3783 1642 3836 τοῦτο
1677 3784 1826 3856 ποιρά

243 3879 348 3945 τῆς
384 3877 604 3949 Γραφῆς
633 3877 1048 3947 προσειρῆσθαι.

1931 3233 2102 3288 tiones
2142 3251 2480 3305 congregata:
2522 3258 2535 3291 :
2583 3256 2718 3307 quas
2762 3253 2946 3309 postea
2999 3255 3314 3312 aggregatas
3361 3244 3502 3300 Deus

1929 3325 2095 3376 maria
2149 3331 2492 3396 nuncupavit.
2539 3329 2806 3387 lnvisibile
2858 3335 3018 3398 igitur
3061 3335 3187 3405 quid
3234 3337 3354 3389 est?
3388 3337 3505 3391 Ali-

1928 3419 2141 3486 quando
2188 3421 2400 3489 quidem
2449 3423 2500 3476 id
2549 3425 2687 3491 quod
2729 3443 2793 3480 ex
2833 3441 2890 3480 se
2929 3427 3098 3481 oculis
3139 3429 3318 3482 carnis
3354 3429 3501 3483 cerni

1929 3525 2033 3562 non
2072 3522 2265 3577 potest,
2292 3512 2586 3578 cujnsmodi
2623 3526 2704 3570 est
2741 3533 2890 3572 mens
2923 3530 3102 3572 nostra
3157 3539 3168 3572 :
3213 3519 3504 3589 aliquando

1929 3615 2059 3652 vero
2104 3604 2152 3653 id
2198 3607 2338 3670 quod
2391 3620 2456 3658 ex
2502 3616 2693 3660 natura
2746 3625 2842 3662 sna
2891 3619 3065 3676 potest
3109 3613 3363 3678 conspici,
3407 3613 3502 3666 sed

1932 3693 2297 3747 incumbentis
2327 3697 2374 3749 ei
2426 3698 2665 3767 corporis
2710 3700 3012 3754 occultatur
3053 3703 3353 3770 interiectu,
3392 3704 3504 3758 vel-

1933 3784 2008 3836 uti
2073 3782 2297 3848 ferrum,
2327 3789 2465 3855 quod
2502 3790 2550 3840 in
2588 3789 2695 3843 imo
2724 3795 2931 3861 gurgite
2957 3791 3118 3859 jacet.
3152 3791 3308 3844 Juxta
3341 3807 3503 3861 quam

1932 3879 2227 3941 notionem,
2262 3893 2402 3931 nunc
2445 3879 2768 3934 invisibiletn
2815 3883 3061 3936 ducimus
3099 3893 3342 3935 vocatam
3385 3896 3506 3936 esse

247 3985 476 4034 terram,
510 3982 692 4039 utpote
735 3986 854 4040 quae
897 3971 963 4022 ab
998 3972 1155 4040 aquis
1192 3970 1577 4026 occultaretur.
1623 3971 1822 4024 Deinde
1861 3986 1989 4025 vero
2052 3989 2172 4027 cum
2237 3974 2464 4027 necdum
2497 3988 2639 4030 esset
2677 3976 2814 4029 facta
2849 3977 2959 4038 lux,
2998 3978 3130 4031 nihil
3160 3987 3276 4031 erat
3307 3978 3426 4030 miri
3456 3978 3502 4031 si

247 4078 392 4122 terra
426 4068 477 4120 in
511 4065 744 4121 tenebris
773 4067 895 4132 sita,
929 4067 1071 4135 quod
1135 4080 1228 4120 aer
1297 4081 1459 4137 super
1521 4082 1639 4120 eam
1668 4083 1770 4120 non
1810 4067 2225 4134 illutninaretur,
2272 4071 2339 4124 ob
2378 4071 2429 4125 id
2467 4071 2628 4125 etiam
2673 4087 2701 4122 a
2746 4071 3022 4142 Scriptura
3094 4073 3376 4128 invisibilis
3410 4088 3505 4141 ap-

247 4166 446 4236 pellata
480 4167 568 4218 sit.

321 4258 375 4311 2.
434 4259 568 4312 Ἀλλ’
610 4260 657 4310 οἱ
705 4259 1129 4328 παραχαράκται
1163 4257 1261 4328 τῆς
1305 4257 1577 4328 ἀληθείας,
1610 4258 1656 4309 οἱ
1707 4255 1826 4326 οὐχ).

245 4355 316 4419 τῇ
345 4351 530 4420 Γραφῇ
561 4353 651 4404 τὸν
677 4354 881 4405 ὲαυτων
909 4353 1032 4406 νοῦν
1059 4353 1370 4405 ἀκολουθεῖν
1401 4352 1824 4412 ἐκδιδάσκοντες,

245 4439 386 4492 ἀλλά
418 4441 552 4509 πρὸς
576 4441 634 4491 τὸ
663 4443 856 4494 οἰκεῖον
885 4442 1128 4513 βούλημα
1158 4443 1254 4513 τὴν
1283 4443 1518 4496 διάνοιαν
1551 4441 1658 4494 τῶν
1694 4442 1828 4511 Γρα-

246 4531 366 4600 φῶν
407 4531 841 4601 διαστρέφοντες,
880 4536 977 4606 τὴν
1022 4534 1152 4605 ὓλην
1188 4536 1320 4602 φασὶ
1359 4535 1444 4586 διὰ
1479 4535 1585 4586 τῶν
1628 4532 1825 4597 λέξεων

2002 4254 2058 4307 2.
2090 4254 2157 4307 At
2191 4269 2319 4308 vero
2357 4254 2602 4310 veritatis
2631 4256 3022 4311 adulteratores
3055 4256 3144 4324 qui
3174 4273 3323 4310 suam
3355 4258 3504 4327 ipso-

1937 4362 2056 4401 rum
2108 4359 2346 4402 mentem
2384 4349 2680 4416 Seripturae
2730 4350 3109 4416 obtemperare
3160 4364 3500 4418 nequaquam

1935 4443 2150 4502 docent,
2207 4444 2300 4495 sed
2349 4443 2414 4494 ad
2476 4440 2748 4509 propriam
2803 4442 3126 4493 sententiam
3179 4444 3504 4509 detorquent

1934 4532 2344 4601 Scripturarum
2384 4548 2623 4597 sensum,
2650 4532 2935 4586 materiam
2968 4532 3113 4586 hisce
3155 4533 3502 4586 verbiSaiunt

246 4623 455 4677 τούτων
499 4602 960 4694 παραδηλοῦσθαι.
1004 4602 1150 4697 Αὕτη
1185 4628 1323 4699 γὰρ,
1370 4627 1501 4696 φασὶ
1539 4627 1684 4695 (94),
1734 4629 1822 4680 καὶ

1934 4625 2246 4694 signiﬁcari.
2277 4623 2402 4677 Ha-c
2428 4623 2593 4686 enim,
2631 4624 2899 4692 inquiunt,
2950 4631 3032 4675 est
3061 4631 3113 4676 et
3138 4620 3423 4676 invisibilis
3447 4632 3504 4676 et

246 4714 481 4782 ἀόρατος
514 4719 577 4786 τῇ
611 4716 765 4785 φύσει
812 4717 904 4768 καὶ
937 4719 1432 4784 ἀκατασκεύαστος,
1465 4717 1652 4780 ἄποιος
1691 4715 1824 4773 οὖσα

325 4919 436 4987 (86)
460 4917 637 4972 Codex
675 4937 811 4974 unus
849 4937 968 4976 cum
1011 4920 1170 4974 editis
1215 4920 1542 4989 ἀνέργαστος
1582 4921 1674 4974 καὶ
1723 4921 1820 4974 ἀν-

247 4993 604 5062 απάρτιστος.
641 4993 742 5042 Alii
772 5010 862 5045 sex
890 5008 1015 5044 mss.
1048 5003 1100 5041 ut
1131 4991 1180 5040 in
1210 5005 1486 5062 cjmut-xtu.

326 5061 436 5129 (87)
468 5064 686 5129 Antiqui
743 5073 868 5113 octo
918 5063 1034 5114 libri
1064 5061 1453 5115 ἀκατάσκευον.
1504 5061 1644 5116 Editi
1698 5077 1819 5115 cum

247 5129 417 5183 Coisl.
463 5136 633 5198 primu
667 5133 1167 5185 ἀκατασκεύαστον.

329 5201 438 5270 (88)
469 5205 647 5256 Codex
680 5219 814 5254 unus
847 5206 946 5256 ὅσα
980 5203 1188 5274 μικρῶς
1221 5201 1334 5274 μετ’
1365 5200 1540 5268 ὀλίγον
1574 5198 1817 5274 ὕστερον.

249 5272 361 5326 Nec
394 5274 464 5324 ita
506 5277 670 5325 multo
713 5274 846 5324 iulia
897 5272 1018 5325 octo
1073 5272 1197 5324 mss.
1247 5273 1620 5324 ἀκατάσκευον
1655 5273 1820 5340 αὐτὴν

247 5343 476 5404 εἰκότως
498 5345 525 5394 6
556 5345 729 5411 λόγος.
760 5343 890 5396 liditi
919 5343 1392 5396 ἀκατασκεύαστον
1426 5344 1592 5412 αὐτὴν
1619 5344 1646 5392 6
1675 5343 1829 5409 λόγος

246 5414 496 5475 εἰκότως.
525 5413 687 5468 Coisl.
723 5418 929 5480 primus
958 5413 1434 5466 ἀκατασκεύαστον
1469 5413 1635 5483 αὐτὴν
1681 5414 1826 5465 εικό-

245 5501 360 5540 τως
392 5487 437 5537 ὁ.

327 5556 438 5622 (8!!)
469 5553 692 5609 Codices
723 5565 925 5622 septem
950 5553 1053 5606 κᾶν
1077 5555 1222 5625 περί.
1259 5551 1393 5625 Editi
1427 5568 1546 5606 cum
1591 5567 1696 5605 uno
1734 5563 1828 5607 aut

248 5625 427 5678 altero
457 5642 582 5679 mss.
618 5627 712 5677 καὶ
750 5627 898 5695 περί,
931 5625 1037 5679 Vox
1070 5623 1220 5677 οΰπω
1254 5623 1410 5693 paulo
1461 5631 1582 5693 post
1635 5637 1824 5679 recens

250 5698 486 5749 accessit
517 5713 580 5748 ex
614 5710 706 5747 sex
746 5698 1044 5749 codicibus.

331 5767 441 5832 (90)
481 5766 701 5819 Veteres
737 5770 973 5832 quinque
1000 5767 1118 5818 libri
1156 5765 1249 5818 ἆτε
1284 5766 1473 5836 μήπω.
1510 5764 1647 5836 Editi
1688 5780 1812 5820 cum

248 5837 417 5892 Cotsl.
450 5841 622 5905 primo
653 5838 745 5903 ὅγε
770 5838 954 5906 μήπω.
991 5837 1140 5891 Alius
1174 5835 1517 5902 ςοΔεκῶσγε
1557 5835 1740 5905 μήπω.

1935 4718 2291 4786 incomposita
2343 4725 2531 4784 suapte
2581 4724 2775 4769 natura
2817 4732 2831 4767 :
2883 4714 3080 4784 quippe
3124 4726 3245 4764 cum
3298 4726 3362 4765 ex
3404 4728 3502 4766 sua

1999 4920 2108 4989 (9|)
2151 4919 2461 4992 Editiofntw
2495 4923 2601 4992 γὰρ
2635 4920 2794 4974 αὐτά.
2838 4920 2907 4971 At
2950 4933 3083 4992 mss.
3144 4919 3380 4992 quinque
3426 4919 3500 4972 uti

1928 4991 1978 5043 in
2008 4988 2281 5044 contextu.
2323 4993 2437 5043 Mox
2473 4988 2597 5044 mss.
2629 5004 2750 5043 m-to
2789 4990 3179 5044 ἀκατάσκευον.
3213 4988 3351 5040 Ειιίιῐ
3381 5003 3500 5042 eum

1926 5060 2088 5114 Coisl.
2129 5063 2298 5124 primo
2335 5062 2834 5114 ἀκατασκεύαστον.

2001 5131 2108 5199 (9:2)
2146 5133 2233 5183 Sic
2267 5135 2468 5199 antiqui
2514 5144 2715 5196 septem
2766 5132 2911 5184 libri.
2946 5129 3056 5187 Vlix
3107 5127 3395 5198 ἄνθρωπος
3449 5131 3500 5180 in

1929 5201 2086 5253 editis
2121 5202 2546 5256 desiderabatur.
2581 5201 2724 5257 Infra
2772 5203 2926 5257 Culb.
2969 5202 3234 5256 secundus
3270 5199 3500 5252 ἐκάλεσε

1929 5269 2223 5332 θαλάσσας.

2016 5345 2124 5410 (95)
2159 5341 2299 5394 Ιιιιίιὶ
2334 5350 2388 5394 ει
2436 5340 2542 5396 duo
2576 5359 2702 5397 mss.
2757 5344 2814 5395 ὲν
2838 5342 3045 5413 κόσμῳ,
3074 5341 3124 5394 in
3161 5341 3372 5401 mundo,
3410 5340 3503 5392 de-

1934 5425 2175 5482 pravate.
2235 5415 2302 5465 At
2331 5413 2479 5480 llegii
2521 5416 2625 5466 duo
2673 5429 2790 5466 cum
2823 5413 2974 5468 Colb.
3020 5413 3254 5482 secundo
3285 5422 3338 5462 et
3377 5425 3500 5470 cum

1933 5481 2095 5537 Coisl.
2125 5483 2306 5535 itidem
2343 5485 2577 5537 secundo
2621 5487 2677 5536 ὲν
2706 5483 2903 5553 σκότῳ,
2946 5485 3003 5534 in
3035 5481 3280 5542 latebris,
3316 5494 3500 5553 cmen-

1932 5555 2074 5606 date.
2101 5553 2278 5606 Codex
2300 5554 2540 5606 Contbef.
2567 5565 2618 5606 et
2649 5555 2738 5606 alii
2765 5549 2866 5608 duo
2899 5569 3026 5606 mss.
3057 5553 3116 5604 ἐν
3158 5554 3356 5604 σκότει.
3389 5549 3499 5603 Nec

1931 5624 2004 5676 ita
2049 5623 2215 5675 multo
2259 5634 2377 5687 post
2428 5626 2664 5691 quinque
2704 5640 2834 5677 mss.
2886 5639 3006 5676 cum
3059 5624 3290 5679 editione
3337 5617 3498 5673 Basil.

1929 5693 2304 5766 ἀόρατονλκαί.
2335 5694 2508 5766 ιαξςίἱιιο
2544 5694 2715 5748 Paris.
2738 5695 2829 5746 καὶ
2862 5694 3112 5766 ἀόρατον.

1957 5835 1968 5845 _
1999 5750 2123 5834 ’(94)
2153 5764 2325 5884 ιῗώιιο
2358 5763 2521 5820 Basil.
2555 5781 2674 5820 cum
2713 5780 2805 5821 sex
2841 5750 2969 5822 mss.
3004 5764 3155 5835 φησί.
3200 5750 3376 5820 Εάιιίο
3401 5757 3502 5812 Pa-

1957 5852 2019 5884 IS.
2063 5851 2170 5884 ωασ
2200 5873 2213 5884 .

1926 5850 2019 5891 ris.
2063 5850 2213 5903 φασι.
