4058 6440
598 368 661 427 5|
1910 365 1969 421 S.
2010 363 2253 420 BASlLll
2288 363 2501 421 MAGNI
3767 365 3841 421 ετ

600 482 777 555 ipsius
808 480 1121 538 conditione
1154 490 1339 535 careat
1377 495 1698 551 quacunque
1731 480 2029 551 qualitate,
2076 490 2161 534 at-

2271 477 2343 550 τῷ
2374 480 2568 551 ἑαυτῆς
2616 478 2780 550 λόγῳ,
2824 478 2917 533 κα)⁸
2963 477 3162 543 παντὸς
3207 479 3381 541 εἴδους
3420 478 3517 531 καὶ
3557 481 3837 548 σχήματος

605 590 711 647 que
734 576 801 630 ab
828 578 976 631 omni
1010 573 1185 629 forma
1230 589 1294 628 ac
1326 574 1494 639 ﬁgura
1536 576 1607 629 sit
1658 584 1951 645 separata;
2002 587 2161 641 quam

606 677 937 737 assumptam
971 682 1071 736 pro
1105 680 1201 720 sua
1228 665 1489 734 sapientia
1535 665 1890 721 conformavit
1928 663 2121 719 artifex
2148 707 2165 731 ,

607 758 738 815 etin
759 758 1004 812 ordinem
1027 756 1249 826 redegit,
1275 764 1329 809 et
1353 756 1423 809 ita
1450 770 1546 825 per
1576 757 1744 825 ipsam
1770 770 1947 810 rerum
1978 757 2165 811 visibi-

608 846 739 901 lium
778 847 1039 901 esaentias
1071 845 1366 899 constituit.
1402 845 1552 909 Quod
1585 844 1632 899 si
1666 844 1897 913 ingenita
1923 854 2002 899 est
2033 844 2166 912 bac,

609 938 838 1006 primum
856 936 1071 1006 quidem
1098 950 1197 1004 par
1222 934 1270 990 ei
1293 950 1357 990 ac
1380 935 1489 989 Deo
1511 935 1685 989 honor
1718 935 2030 990 tribuendus
2054 946 2167 990 est:

608 1027 1043 1097 quandoquidem
1100 1025 1290 1081 eodem
1342 1025 1683 1095 antiquitatis
1755 1026 1877 1094 jure
1938 1027 2171 1096 dignabi-

611 1131 718 1175 tur.
747 1118 865 1189 Quo
894 1118 1022 1188 quid
1049 1117 1221 1187 magis
1250 1116 1472 1187 impium
1500 1130 1623 1173 esse
1648 1117 1863 1187 possit?
1891 1120 2171 1171 materiam

607 1209 815 1265 scilicet
854 1208 1131 1277 qualitatis
1165 1222 1231 1263 ac
1276 1207 1459 1263 forma:
1502 1218 1818 1276 expertem,
1867 1217 2169 1263 extremam

608 1298 778 1368 ipsam
804 1298 1225 1362 deformitatem,
1262 1296 1560 1353 fmditatem
1598 1299 1769 1367 ipsam
1807 1298 1975 1368 ﬁgura
2010 1300 2174 1354 desti-

609 1398 779 1445 tutam
814 1389 968 1461 (ipsis
996 1389 1139 1444 enim
1172 1404 1362 1445 eorum
1394 1399 1517 1443 utor
1559 1390 1853 1460 vocabulis)
1890 1391 2003 1460 pari
2045 1392 2168 1446 cum

606 1482 834 1551 sapienti
856 1490 911 1536 et
942 1490 1155 1551 potente
1190 1496 1254 1536 ac
1292 1480 1615 1550 perpulchra
1642 1483 1833 1552 opiliee
1854 1498 1917 1538 ac
1953 1485 2169 1537 univer-

609 1588 791 1629 sorum
828 1574 1106 1628 conditore
1138 1575 1494 1644 praerogativa
1527 1588 1590 1627 ac
1630 1573 1887 1643 dignitate
1932 1575 2168 1631 cohone-

608 1666 742 1720 stari
765 1665 789 1721 ἲ
816 1666 1017 1722 Deinde
1049 1665 1265 1735 quidem
1297 1666 1341 1720 si
1367 1674 1512 1719 tanta
1540 1676 1621 1719 est
1653 1666 1874 1720 materia
1911 1675 1969 1721 ut
2003 1677 2167 1721 totam

610 1756 704 1812 Dei
735 1758 995 1826 suscipiat
1018 1758 1298 1813 scientiam
1324 1774 1339 1822 ;
1370 1763 1423 1810 et
1449 1756 1526 1811 sic
1554 1755 1737 1826 aliquo
1761 1766 1917 1827 pacto
1937 1758 2041 1829 ipsi
2073 1758 2166 1815 Dei

608 1850 885 1920 potentia,
915 1864 1033 1918 qua:
1056 1848 1367 1919 investigari
1400 1848 1605 1918 nequit,
1640 1827 1996 1905 substantiam
2026 1851 2167 1907 illius
2202 1827 2243 1881 Β

607 1941 962 2011 cquiparant,
994 1956 1116 1996 cum
1143 1954 1357 1996 omnem
1389 1940 1481 1997 Dei
1518 1940 1925 2009 intelligentiam
1955 1954 2055 2009 per
2084 1957 2168 1996 se-

609 2032 776 2102 ipsam
815 2032 1028 2087 abunde
1055 2032 1222 2100 possit
1251 2032 1486 2086 dimetiri
1518 2049 1530 2085 :
1558 2031 1603 2085 si
1632 2032 2013 2099 vero,materia
2042 2047 2162 2102 epe-

608 2124 820 2178 ratione
851 2122 942 2178 Dei
976 2122 1201 2177 inferior
1229 2132 1334 2185 est,
1363 2123 1443 2176 sic
1471 2122 1638 2176 etiam
1683 2122 1796 2177 haec
1820 2122 1901 2176 eis
1931 2124 2091 2177 verba
2118 2125 2169 2177 in

608 2213 894 2269 absurdius
926 2213 1229 2268 convicium
1262 2222 1560 2275 vertentur,
1603 2213 1801 2283 quippe
1823 2214 1913 2282 qui
1940 2214 2105 2269 Deum
2138 2230 2169 2269 a

608 2305 951 2377 perﬁciendis
992 2316 1047 2359 et
1091 2304 1432 2360 absolvendis
1478 2306 1592 2361 suis
1640 2306 1895 2374 operibus
1951 2318 2171 2375 propter

608 2396 849 2450 materie
887 2394 1157 2450 defectum
1191 2396 1503 2451 abarceant.
1550 2395 1749 2450 Verum
1799 2394 1920 2450 illos
1959 2394 2171 2464 decepit

604 2483 854 2543 humana
890 2493 1096 2541 natura
1134 2484 1334 2553 inopia.
1379 2485 1446 2538 Et
1490 2486 1743 2553 quoniam
1783 2500 1876 2540 ars
1920 2485 2172 2554 quaelibet

606 2579 749 2648 apud
770 2593 871 2633 nos
891 2578 1038 2633 circa
1068 2577 1304 2646 aliquam
1336 2574 1616 2631 materiam
1658 2576 1951 2648 separatim
1984 2592 2168 2632 versa-

608 2674 719 2733 tur,
746 2665 896 2721 velut
928 2680 1021 2722 ars
1056 2664 1282 2721 ferraria
1312 2666 1457 2721 circa
1482 2666 1682 2721 ferrum
1702 2706 1719 2732 ,
1763 2666 1990 2738 lignaria
2042 2684 2170 2724 vero

604 2757 752 2813 circa
784 2756 923 2826 ligna
956 2775 971 2824 ;
1011 2767 1173 2825 atque
1200 2756 1251 2810 in
1279 2756 1365 2812 bis
1390 2756 1537 2811 aliud
1560 2765 1645 2811 est
1669 2754 1998 2825 subjectum,
2024 2757 2168 2811 aliud

605 2847 801 2910 forma.
826 2847 970 2901 aliud
1003 2848 1054 2901 id
1084 2847 1225 2905 ouod
1250 2862 1315 2902 ex
1362 2847 1531 2901 forma
1560 2846 1845 2903 conﬁcitur
1886 2865 1902 2903 :
1938 2857 1993 2904 et
2042 2852 2167 2918 quia

605 2938 833 2993 materia
864 2937 1077 3007 quidem
1132 2936 1436 2993 forinsecus
1465 2940 1777 3004 assumitur,
1808 2939 1877 2993 ab
1898 2949 2017 2993 arte
2042 2954 2171 2993 vero

604 3039 827 3099 aptatur
856 3028 1056 3093 forma,
1089 3026 1314 3083 ell'ectds
1347 3039 1526 3082 autem
1571 3042 1636 3081 ex
1667 3027 1929 3097 utrisque,
1953 3044 2019 3084 ex
2050 3046 2168 3084 ma-

604 3123 741 3177 teria
767 3120 974 3176 scilicet
990 3130 1045 3176 et
1066 3135 1130 3176 ex
1162 3118 1334 3175 forma
1369 3121 1742 3191 componitur;
1770 3120 1850 3177 sic
1873 3122 2037 3177 etiam
2061 3123 2169 3177 eai-
2195 3158 2239 3215 ο

604 3213 833 3271 stimant
857 3212 911 3267 in
939 3211 1123 3266 divino
1149 3214 1385 3280 Opiﬁcio,
1414 3214 1598 3268 mundi
1639 3214 1852 3283 quidem
1877 3214 2100 3283 ﬁguram
2128 3232 2159 3270 a

605 3302 872 3373 sapientia
921 3300 1223 3356 conditoris
1274 3302 1649 3357 universorum
1691 3316 1813 3356 esse
1845 3302 2120 3357 inductam
2151 3343 2168 3365 .

606 3392 889 3448 materiam
918 3399 1102 3445 autem
1141 3390 1483 3444 extrinsecus
1519 3388 1766 3443 Creatori
1798 3390 2076 3445 advectam
2108 3407 2172 3446 ac

606 3484 905 3555 subjectam
947 3484 1132 3549 fuisse,
1180 3487 1544 3553 mundumque
1591 3481 1946 3551 compositum
1996 3485 2171 3538 exsti-

608 3578 760 3644 tisse,
810 3586 996 3647 utpote
1050 3577 1143 3647 qui
1182 3575 1483 3643 subjectum
1524 3584 1581 3631 et
1625 3574 1915 3631 essentiam
1956 3574 2174 3631 aliunde

606 3666 826 3730 babeat,
858 3665 1083 3736 ﬁguram
1122 3680 1248 3719 vero
1269 3682 1332 3719 ac
1360 3665 1587 3720 formam
1636 3682 1666 3719 ιι
1723 3666 1834 3722 Deo
1873 3669 2167 3739 acceperit.

607 3755 745 3812 Hinc
776 3767 955 3811 autem
996 3755 1076 3820 ﬁt,
1108 3764 1165 3807 ut
1197 3756 1365 3810 Deum
1395 3771 1644 3827 magnum
1680 3761 2049 3814 constitutioni
2082 3776 2169 3815 re-

606 3862 725 3903 rum
754 3846 1034 3917 pmfuisse
1063 3845 1412 3920 lﬂnegent:
1460 3848 1556 3901 sed
1583 3860 1705 3902 eum
1740 3856 1990 3913 tanquam
2020 3864 2171 3920 sym-

604 3940 787 3998 bolam
827 3940 1115 4011 quamdam
1157 3940 1515 4009 supplentem,
1555 3939 1819 3994 modicam
1880 3941 2171 4009 quamdam

606 4032 909 4103 portionem
950 4033 1018 4088 ad
1066 4048 1249 4088 rerum
1292 4032 1696 4103 generationem
1721 4031 1791 4088 de
1835 4031 2017 4103 seipse
2047 4047 2174 4088 eon-

610 4124 799 4181 tulisse
828 4143 843 4179 :
870 4126 1304 4195 quandoquidem
1348 4141 1457 4195 pra:
1508 4124 1980 4195 ratiocinationum
2014 4128 2171 4199 igno-

607 4218 837 4283 bilitate,
865 4216 933 4271 ad
960 4216 1208 4271 veritatis
1235 4217 1621 4271 sublimitatem
1658 4219 1927 4287 respicere
1954 4234 2063 4275 non
2083 4235 2173 4289 po-

610 4319 793 4373 tuere;
818 4310 943 4379 quia
975 4318 1121 4365 artes
1146 4306 1235 4361 hic
1270 4309 1497 4362 materia
1536 4318 1662 4363 sunt
1690 4311 2043 4377 posteriores,
2085 4321 2173 4365 ut-

609 4410 734 4469 pate
766 4398 835 4453 ob
879 4414 1009 4453 usus
1056 4398 1435 4453 necessitatem
1493 4397 1546 4450 in
1609 4399 1775 4454 vitam
1822 4400 2165 4457 introductae.

2270 572 2667 642 κεχωρισμένη,
2716 573 2781 643 ἠν
2816 570 3146 641 παραλαϐὼν
3181 572 3210 622 ὁ
3244 571 3491 641 τεχνίτης
3526 574 3595 641 τῇ
3642 570 3838 624 ἑαυτοῦ

2272 661 2433 731 σοφίᾳ
2468 660 2774 731 ἐμόρφωσε,
2804 663 2896 714 καὶ
2937 663 3016 723 είς
3047 660 3198 725 τάξιν
3237 662 3433 731 ἠγαγε,
3469 663 3560 714 καὶ
3597 662 3743 714 οὓτω
3770 662 3839 713 δι’

2276 751 2447 820 αὑτῆς
2478 751 2703 803 οὑσίωσε
2742 751 2810 803 τὰ
2850 750 3122 822 ὁρώμενα.
3156 752 3217 803 El
3270 752 3370 821 μὲν
3406 747 3499 804 οὖν
3544 751 3839 822 ἀγέννητος

2268 841 2428 913 αῦτη,
2477 842 2692 913 πρῶτον
2731 842 2828 914 μὲν
2875 844 3133 914 ὁμότιμος
3179 842 3255 913 τῷ
3310 842 3450 914 Θεῷ,
3500 843 3608 897 τῶν
3658 845 3843 897 αὑτῶν

2269 932 2573 1002 πρεσϐείων
2613 931 2725 1001 (95)
2770 932 3084 1004 ἀξιουμένη.
3130 928 3205 987 Οὑ
3248 933 3300 985 τί
3342 932 3409 988 ἂν
3461 934 3670 1003 γένοιτο
3711 938 3843 988 ἀσε·

2271 1020 2551 1093 ϐέστερον,
2598 1022 2701 1092 τὴν
2750 1022 2958 1086 ἄποιον,
3008 1023 3105 1095 τὴν
3150 1024 3403 1089 ἀνείδεον,
3448 1024 3546 1096 τὴν
3604 1026 3844 1099 ἐσχάτην

2272 1111 2563 1182 ἀμορφίαν,
2596 1112 2657 1165 τὸ
2701 1112 3067 1167 ἀδιατύπωτον
3117 1109 3303 1185 αἶσχος
3344 1118 3485 1179 (τοῖς
3524 1116 3635 1187 γὰρ
3662 1115 3844 1170 αὑτῶν

2273 1203 2492 1256 ἐκείνων
2547 1203 2659 1273 (96)
2716 1206 3065 1275 προσρήμασι
3133 1206 3446 1279 κέχρημαι)
3498 1208 3598 1279 τῆς
3664 1208 3840 1279 αὐτῆς

2273 1294 2556 1365 προεδρίας
2622 1296 2903 1361 ἀξιοῦσθαι
2965 1296 3041 1368 τῷ
3107 1298 3255 1370 σοφῷ
3312 1302 3406 1354 καὶ
3465 1300 3681 1371 δυνατῷ
3752 1303 3847 1354 καὶ

2273 1386 2535 1458 παγκάλῳ
2560 1388 2871 1461 δημιουργῷ
2902 1390 2995 1442 καὶ
3027 1391 3219 1465 κτίστῃ
3244 1390 3352 1445 τῶν
3389 1392 3563 1459 ὅλων;
3607 1393 3847 1446 Ἔπειτα

2271 1479 2321 1531 εί
2357 1479 2455 1549 μὲν
2494 1480 2726 1551 τοσαύτη
2773 1482 2922 1535 ἐστὶν
2968 1481 3102 1550 (9⁸1),
3141 1482 3282 1536 ὥστε
3323 1484 3452 1554 ὅλην
3485 1482 3846 1554 ὑποδέχεσθαι

2269 1573 2364 1625 τοῦ
2393 1571 2527 1625 Θεοῦ
2555 1572 2651 1643 τὴν
2680 1576 2987 1645 ἐπιστήμην
3005 1592 3019 1606 δ
3050 1576 3144 1627 καὶ
3170 1575 3331 1637 οὕτω,
3361 1577 3561 1648 τρόπον
3597 1576 3745 1641 τινὰ,
3776 1578 3846 1647 τῇ

2270 1660 2656 1733 ἀνεξιχνιάστῳ
2709 1664 2801 1717 τοῦ
2850 1664 2985 1718 Θεοῦ
3046 1664 3271 1735 δυνάμει
3317 1665 3847 1737 ἀντιπαρεξάγουσιν

2272 1755 2441 1825 αὐτῆς
2480 1754 2577 1825 τὴν
2615 1754 2926 1820 ὑπόστασιν,
2972 1756 3128 1827 εἴπερ
3164 1755 3383 1827 ἐξαρκεῖ
3415 1757 3542 1825 ὃλην
3573 1757 3668 1811 τοῦ
3708 1756 3845 1811 Θεοῦ

2270 1848 2368 1917 τὴν
2398 1848 2610 1900 σύνεσιν
2639 1846 2706 1899 δι’
2731 1847 2927 1917 ἑαυτῆς
2957 1849 3274 1917 ἑκμετρείν·
3302 1849 3351 1899 εί
3384 1847 3441 1900 δὲ
3468 1848 3706 1902 ἐλάττων
3733 1849 3845 1917 (98)

2272 1939 2305 2007 ἡ
2337 1937 2435 2008 ῦλη
2473 1940 2571 2009 τῆς
2597 1939 2690 1993 τοῦ
2738 1938 2874 1993 Θεοῦ
2917 1939 3228 2011 ἐνεργείας,
3273 1940 3365 1992 καὶ
3396 1938 3565 2003 οὕτως
3604 1943 3683 2003 είς
3729 1944 3850 1995 ἀτο-

2273 2030 2519 2101 πωτέραν
2567 2032 2910 2105 βλασφημίαν
2942 2034 3121 2097 αὑτοῖς
3168 2035 3196 2086 ό
3240 2032 3395 2102 λόγος
3436 2030 3547 2102 (99)
3591 2048 3849 2105 περιτρα-

2272 2121 2525 2189 πήσεται,
2561 2121 2628 2173 δι’
2653 2122 2858 2175 ἔνδειαν
2884 2121 3017 2190 ὑλης
3040 2124 3317 2193 ἄπρακτον
3350 2121 3444 2176 καὶ
3482 2122 3849 2194 ἀνενέργητον

2268 2206 2378 2259 τῶν
2428 2207 2646 2261 οίκείων
2685 2208 2862 2281 ἔργων
2894 2211 2985 2264 τὸν
3013 2210 3144 2264 Θεὸν
3200 2212 3553 2282 κατεχόντων.
3598 2211 3739 2264 Ἀλλ’
3765 2212 3851 2279 ἑξ-

2270 2297 2517 2369 ηπάτησε
2540 2298 2650 2369 γὰρ
2669 2301 2864 2361 αὑτοὺς
2882 2300 2979 2369 τῆς
3002 2301 3346 2374 ἀνθρωπίνης
3370 2302 3581 2372 φύσεως
3602 2305 3634 2374 ἡ
3664 2303 3846 2356 πενία.

2268 2388 2379 2442 Καὶ
2412 2390 2600 2462 ἐπειδὴ
2635 2392 2765 2463 παρ’
2792 2394 2926 2463 ἡμῖν
2954 2394 3158 2464 ἑκάστη
3194 2394 3355 2465 τέχνη
3390 2396 3518 2467 περί
3557 2413 3679 2449 τινα
3715 2395 3851 2467 ὓλην

2269 2480 2663 2551 ἀφωρισμένως
2704 2484 3019 2555 ὴσχόληται,
3048 2480 3159 2540 οἷον
3191 2486 3524 2559 χαλκευτικὴ
3574 2489 3675 2560 μὲν
3709 2491 3845 2563 περὶ

2267 2572 2360 2626 τὸν
2409 2572 2647 2644 σίδηρον,
2700 2576 2985 2648 τεκτονικὴ
3036 2576 3095 2632 δὲ
3136 2580 3264 2652 περὶ
3300 2580 3368 2635 τά
3420 2580 3584 2645 ξύλα·
3637 2584 3735 2636 καὶ
3788 2584 3849 2636 ἐν

2267 2661 2480 2726 τούτοις
2511 2662 2639 2718 ἀλλο
2672 2665 2770 2733 μιν
2797 2666 2848 2717 τί
2877 2668 2949 2735 (i)
2976 2670 3089 2721 ἑστι
3114 2668 3175 2722 τδ
3216 2671 3593 2742 ὑποκείμενον,
3629 2672 3759 2728 ἀλλο
3788 2673 3850 2727 δὲ

2266 2755 2328 2809 τὸ
2367 2752 2536 2821 εῐδος,
2581 2755 2709 2810 ἄλλο
2734 2755 2789 2808 δὲ
2819 2756 2880 2809 τὸ
2925 2758 2990 2809 ἐκ
3024 2759 3117 2811 τοῦ
3152 2761 3327 2824 εἴδους
3378 2764 3843 2834 ἀποτελούμενον

2270 2848 2363 2901 καὶ
2412 2847 2558 2902 εστιν
2596 2850 2629 2919 ἡ
2670 2849 2767 2920 μὲν
2796 2847 2894 2920 ῦλη
2930 2845 3128 2915 ῑξωθεν
3174 2854 3739 2926 παραλαμϐανομένη,
3785 2860 3849 2910 τὸ

2267 2935 2322 2992 δὲ
2366 2935 2503 3003 εἶδος
2554 2940 2703 3013 παρά
2748 2942 2849 3013 τῆς
2886 2942 3081 3013 τέχνης
3130 2944 3594 3015 ἑφαρμοζόμενον,
3645 2946 3849 3001 ἀποτέο

2269 3027 2442 3099 λεσμα
2474 3029 2531 3082 δὲ
2559 3029 2620 3083 τὸ
2658 3030 2717 3095 ἐξ
2758 3032 2958 3103 ἀμφοῖν
3002 3033 3385 3103 συντιθέμενον
3418 3033 3482 3087 lx
3526 3051 3587 3087 τε
3625 3035 3720 3089 τοῦ
3766 3037 3850 3089 sl-

2269 3116 2388 3179 δους
2419 3118 2637 3190 καὶτῆς
2665 3120 2824 3192 ὑλης⁸
2856 3122 3029 3189 οὕτως
3066 3124 3267 3179 οίονται
3297 3126 3391 3179 καὶ
3423 3127 3518 3180 ἐπὶ
3543 3126 3647 3197 τῆς
3681 3127 3835 3194 θείας

2273 3207 2651 3280 δημιουργίας,
2694 3212 2755 3265 τὸ
2794 3214 2892 3283 μὲν
2926 3215 3111 3287 σχῆμα
3153 3216 3249 3271 τοῦ
3284 3218 3488 3289 κόσμου
3547 3220 3703 3293 παρά
3745 3221 3849 3291 τῆς

2271 3300 2465 3368 σοφίας
2506 3300 2745 3371 ιπῆχθαι
2788 3303 2864 3374 (2)
2910 3304 3005 3358 τοῦ
3035 3307 3260 3378 ποιητοῦ
3310 3310 3417 3363 τῶν
3455 3310 3616 3375 ὅλων,
3661 3312 3759 3383 τὴν
3788 3312 3849 3369 5t

2273 3388 2403 3456 ὓλην
2438 3390 2637 3455 ἔξωθεν
2673 3393 3075 3465 ὑποϐεϐλῆτθαι
3113 3397 3192 3469 τῷ
3236 3400 3513 3468 κτίσαντι,
3549 3405 3646 3458 καὶ
3687 3422 3849 3474 γεγεο

2273 3479 2469 3549 νῆσθαι
2518 3480 2613 3534 τὸν
2659 3484 2860 3554 κόσμον
2908 3488 3179 3554 σύνθετον,
3221 3492 3281 3546 τὸ
3338 3494 3435 3563 μὲν
3489 3497 3850 3569 ὑποκείμενον

2274 3570 2367 3621 καὶ
2403 3571 2501 3642 τὴν
2528 3572 2713 3625 οὑσίαν
2762 3574 3030 3645 ἑτέρωθεν
3068 3576 3280 3647 έχοντα,
3318 3581 3380 3633 τὸ
3420 3582 3477 3637 δὲ
3520 3583 3709 3655 σχῆμα
3752 3588 3850 3641 καὶ

2270 3662 2368 3733 τὴν
2407 3662 2619 3735 μορφὴν
2644 3664 2797 3737 παρὰ
2832 3663 2970 3718 Θεοῦ
3014 3667 3407 3739 προσλαϐόντα.
3441 3674 3535 3727 Ἐκ
3559 3676 3617 3729 δὲ
3655 3677 3849 3733 τούτου

2271 3755 2453 3818 αὐτοῖς
2494 3756 2725 3827 ὑπάρχει
2765 3756 3043 3829 ἀρνεῖσθαι
3093 3758 3193 3830 μὲν
3233 3761 3326 3814 τὸν
3369 3762 3542 3832 μέγαν
3570 3764 3704 3820 Θεὸν
3747 3769 3849 3838 τῆς

2274 3847 2577 3911 συστάσεως
2614 3848 2721 3901 τῶν
2749 3849 2916 3903 ὄντων
2948 3852 3372 3923 προεστηκέναι,
3402 3848 3515 3907 οἷον
3556 3855 3612 3907 δὲ
3648 3858 3848 3929 ἐράνου

2272 3936 2415 3999 τινὸς
2458 3936 2765 4008 πληρωτὴν,
2806 3938 2993 4009 ὀλίγην
3038 3942 3162 3996 τινὰ
3211 3946 3407 4015 μοῖραν
3454 3947 3536 4010 είς
3587 3946 3687 4020 τὴν
3736 3949 3851 4003 τῶν

2273 4025 2439 4080 όντων
2477 4028 2689 4096 γένεσιν
2723 4032 2853 4099 παρ’
2889 4032 3081 4086 ἑαυτοῦ
3116 4035 3556 4107 συμϐεϐλῆσθαι’
3587 4041 3651 4094 οὑ
3688 4041 3852 4111 δυνη-

2275 4116 2457 4181 θέντες
2487 4119 2573 4172 διά
2614 4120 2888 4191 λογισμῶν
2916 4124 3282 4194 ταπεινότητα
3311 4128 3448 4197 πρὸς
3487 4129 3549 4180 τὸ
3590 4130 3727 4198 ὕψος
3771 4133 3848 4203 (5)

2273 4210 2483 4265 ἀπιδεῖν
2529 4213 2627 4283 τῆς
2680 4213 2965 4284 ἀληθείαςο
3008 4215 3089 4268 ὅτι
3131 4215 3365 4269 ἐνταῦθα
3410 4218 3508 4287 μιν
3554 4222 3611 4272 al
3660 4223 3850 4291 τέχναι

2274 4304 2382 4358 τῶν
2433 4303 2575 4360 ὑλῶν
2636 4304 2892 4378 ὕστεραι,
2933 4304 3022 4360 διά
3066 4307 3129 4361 τὸ
3172 4308 3463 4377 ἀναγκαῖον
3512 4309 3611 4381 τῆς
3660 4312 3850 4382 χρείας

2275 4397 2721 4467 παρεισαχθεῖσαι
2765 4399 2843 4471 τῷ
2882 4399 2997 4472 βίῳ.
3043 4401 3115 4455 Τὸ
3163 4402 3261 4471 μὲν
3294 4404 3403 4477 γὰρ
3448 4403 3594 4475 ἔριον
3641 4410 3852 4476 προὺπο-

608 4490 759 4545 Lana
779 4489 923 4543 enim
963 4489 1109 4558 prius
1142 4490 1347 4544 exstitit
1380 4505 1510 4546 :ars
1551 4504 1679 4545 vero
1710 4493 1936 4547 textoris
1960 4508 2171 4550 succes-

2276 4487 2465 4559 ἦρχεν,
2504 4492 2537 4559 ἡ
2574 4490 2630 4544 δὲ
2698 4493 2963 4563 ὑφαντικὴ
3025 4494 3334 4562 ἐπεγένετο,
3380 4497 3442 4549 τὸ
3477 4497 3579 4567 τῆς
3629 4498 3851 4568 φύσεως

610 4579 703 4648 sit,
725 4580 991 4637 defectum
1044 4590 1252 4635 natura;
1296 4596 1363 4635 ex
1403 4596 1462 4637 se
1495 4582 1782 4653 expletura
1842 4582 1932 4639 Sic
1964 4584 2167 4655 lignum

608 4673 826 4744 quidem
853 4683 971 4729 erat
1000 4689 1015 4726 :
1042 4687 1107 4727 ac
1138 4674 1433 4729 succedens
1460 4690 1550 4729 ars
1577 4675 1827 4745 lignaria,
1859 4678 2083 4730 materia
2108 4678 2172 4731 ad

613 4779 745 4821 usus
774 4764 1016 4831 quotidie
1041 4763 1308 4833 expetitos
1327 4762 1681 4832 conformata,
1714 4764 1982 4835 lignorum
2016 4766 2171 4821 nobis

610 4856 849 4914 ostendit
881 4858 1187 4923 utilitatem,
1223 4856 1407 4912 nautis
1438 4870 1670 4923 remum,
1708 4857 1961 4927 agricolis
1998 4861 2175 4912 venti-

682 5084 793 5160 (95)
826 5085 1016 5160 _Editi_o
1074 5084 1562 5160 Paris._bpdctpoc
1623 5087 1775 5141 ἔσται
1831 5088 1940 5142 τῶν
1992 5085 2169 5143 αὑτῶν

610 5155 934 5227 πρεσϐείων.
958 5156 1025 5210 Δί
1050 5158 1215 5211 editio
1254 5155 1413 5213 Basil.
1451 5155 1522 5213 ita
1548 5168 1603 5211 ut
1636 5160 1918 5213 edidimus.

682 5225 795 5295 (96)
819 5227 910 5280 Sic
937 5238 1138 5295 septem
1175 5242 1303 5283 mss.
1348 5229 1460 5283 Vox
1486 5229 1709 5283 εκείνων
1753 5229 1804 5283 in
1841 5228 2000 5284 editis
2027 5229 2173 5284 desi-

616 5294 900 5436 ὀὲῖθῧῗια
929 5364 1095 5436 codex
1134 5366 1376 5422 Combel'.
1403 5378 1458 5422 et
1486 5367 1574 5421 alii
1606 5379 1828 5436 septem.
1861 5368 2039 5422 Editin
2068 5366 2169 5422 Pa-

619 5430 714 5505 ris.
751 5432 936 5505 [πειτα
972 5434 1029 5505 δε
1056 5436 1287 5505 τοσαύτη
1327 5438 1500 5491 ἔσται.
1552 5430 1727 5494 Editto
1784 5438 1947 5491 Basil.
1986 5436 2175 5493 ἒπειτα

625 5497 981 5581 μξνίεοσαύτη
1018 5504 1183 5560 εστίν.
1223 5497 1339 5558 ub:
1365 5510 1515 5562 Colb.
1541 5511 1742 5563 britnus
1767 5508 1994 5581 δυνάμει
2045 5510 2167 5562 ἀντ-

625 5566 995 5631 επξάγουσιν.

723 5634 813 5709 98)
840 5632 950 5695 Illa,
986 5638 1115 5709 sibi
1141 5642 1396 5705 ίλάττων,
1437 5645 1508 5697 ita
1554 5646 1619 5697 ad
1651 5646 1871 5698 verbum
1904 5648 2169 5709 interpre~

639 5706 734 5779 tati
758 5716 981 5779 sumus:
1010 5706 1054 5779 si
1078 5723 1191 5757 vero
1224 5711 1440 5760 materia
1474 5712 1773 5776 operatione
1821 5713 1913 5765 Dei
1947 5706 2171 5779 inferior

641 5775 737 5823 est,
764 5766 863 5820 hoc
879 5778 979 5831 est,
1010 5772 1055 5821 si
1080 5789 1193 5825 vero
1215 5779 1433 5828 materia
1452 5766 1524 5831 est
1546 5780 1812 5833 deterioris
1840 5766 2171 5847 conditionis,

2278 4577 2458 4630 ἐνδέον
2492 4582 2619 4649 παρ’
2648 4582 2843 4652 ἑαυτῆς
2888 4583 3255 4656 ἐκπληροῦσα.
3301 4588 3410 4641 Καὶ
3443 4587 3505 4641 τὸ
3550 4590 3648 4657 μὲν
3691 4589 3849 4654 ξύλον

2278 4668 2367 4743 ἦν,
2396 4672 2675 4743 τεκτονικὴ
2714 4674 2769 4726 δὲ
2803 4675 3212 4748 παραλαϐοῦσα,
3254 4679 3393 4751 πρὸς
3420 4679 3498 4748 (4)
3528 4679 3625 4749 τὴν
3654 4680 3848 4753 ἀπιζη-

2277 4764 2547 4835 τουμένην
2596 4765 2854 4819 ἑκάστοτε
2894 4768 3077 4838 χρείαν
3126 4768 3500 4841 διαμορφοῦσα
3546 4769 3643 4841 τὴν
3688 4772 3843 4843 ὓλην,

2277 4860 2375 4929 τὴν
2432 4858 2758 4930 εὐχρηστίαν
2791 4862 2922 4931 ἡμῖν
2964 4862 3072 4917 τῶν
3124 4862 3294 4927 ξύλων
3336 4863 3610 4932 ὑπέδειξε,
3653 4864 3846 4936 κώπην

2275 5105 2430 5157 quam
2466 5101 2520 5144 ut
2560 5091 2650 5144 Dei
2675 5094 2905 5158 operatio
2930 5094 2998 5145 ad
3020 5108 3134 5145 eam
3160 5108 3271 5146 sese
3296 5099 3560 5146 extendat.

2347 5158 2454 5233 (99)
2486 5161 2707 5233 iEtiitio_
2728 5159 2889 5215 Basil.
2931 5163 3227 5233 petautirqui
3268 5179 3362 5217 sex
3410 5165 3533 5217 tibri
3581 5163 3765 5229 αὐτοῖς
3817 5167 3841 5219 ἑ

2276 5228 2450 5297 λόγοςζ
2481 5232 2655 5284 Editio
2684 5230 2855 5287 Paris.
2884 5231 3060 5285 αὑτῶν
3083 5234 3110 5283 ό
3134 5228 3310 5301 λόγος.

2350 5302 2425 5369 (1)
2466 5302 2539 5355 Ita
2572 5302 2782 5355 codices
2806 5314 3031 5367 septem.
3066 5303 3223 5355 Deest
3249 5319 3301 5354 τι
3333 5304 3383 5355 in
3414 5301 3667 5369 vulgatis.

2280 5371 2605 5493 ageam.
2636 5372 2841 5439 primus
2865 5370 3125 5441 ὑπῆχθαι.
3157 5372 3277 5427 Mox
3327 5374 3468 5427 idem
3524 5374 3695 5428 codex
3754 5373 3849 5445 βε.

2632 5511 2837 5578 primus
2888 5512 2967 5574 είς
3003 5512 3065 5565 τὸ
3110 5509 3263 5581 ὕψος.
3302 5510 3468 5565 Paulo
3523 5522 3647 5582 post
3689 5511 3844 5569 ϐου).

2345 5583 2539 5633 cundus
2570 5580 3037 5633 παρεισήνθησαν.

2276 5583 2539 5634 Secundus
2570 5583 3037 5652 παρεισήχθησαν.

2278 5719 2290 5724 _
2347 5650 2829 5724 (4)ΑΕ‹1ἰιίιιλΡπίςλ.
2854 5650 3251 5724 _mpaia606ea
3280 5652 3371 5706 xui
3398 5650 3555 5722 πρός.
3590 5649 3697 5705 Sed
3717 5666 3851 5724 enn-

2272 5719 2477 5793 juuctio
2507 5719 2598 5793 καί
2630 5721 2679 5793 in
2713 5721 2896 5793 multis
2944 5719 3073 5778 inss.
3100 5741 3204 5779 non
3237 5719 3527 5793 reperitur,
3555 5736 3736 5792 neque
3789 5721 3848 5778 in

2278 5787 2511 5843 editione
2542 5787 2853 5844 Basileeusi.
