4058 6464
291 384 365 440 33
1424 379 1710 434 llOMildA
1753 379 1793 432 ll
1837 379 1901 432 l-N
1946 377 2445 435 IIEXAEMERON.
3487 383 3557 438 δι

292 500 397 568 μὲν
439 495 699 559 ναύταις,
733 497 998 565 γεωργοῖς
1043 496 1097 549 δὲ
1133 496 1318 558 πτύον,
1370 495 1616 558 ὁπλίταις
1651 494 1705 546 δὲ
1747 494 1871 564 δόρυ

1985 493 2221 560 labrum,
2252 504 2306 549 et
2335 496 2563 552 armatis
2592 496 2854 553 militibus
2874 499 3084 554 hastam
3116 500 3559 560 subministrans.

288 587 664 660 παρεχομένη.
703 587 760 640 '0
799 586 856 638 δὲ
889 587 1042 651 Θεὸς,
1075 586 1202 657 πρίν
1240 603 1291 638 τι
1326 586 1434 637 τῶν
1479 586 1572 638 νῦν
1609 585 1683 652 (5)
1732 586 1873 654 ὁρω-

291 685 470 756 μένων
521 680 805 750 γενέσθαι,
855 682 934 745 εἰς
968 679 1090 733 νοῦν
1144 679 1440 748 βαλόμενος
1491 679 1582 730 καὶ
1626 677 1875 746 ὁρμήσας

284 777 520 844 ἀγαγεῖν
555 777 635 837 εἰς
683 774 895 842 γένεσιν
941 773 1007 826 τά
1060 773 1134 843 μὴ
1181 772 1346 835 ὄντα,
1391 770 1526 842 ὁμοῦ
1565 789 1624 823 τε
1656 772 1875 842 ἐνόησεν

284 869 471 920 ὁποῖόν
496 884 617 919 τινα
643 865 749 937 χρὴ
777 866 867 918 τὸν
895 865 1098 935 κόσμον
1130 859 1295 926 εἶναι,
1321 866 1413 918 καὶ
1439 863 1517 933 τῷ
1548 863 1680 916 εἴδει
1709 865 1874 917 αὐτοῦ

285 961 389 1030 τὴν
424 959 770 1030 ἁρμόζουσαν
818 956 950 1028 ὕλην
996 957 1453 1027 συναπεγέννησε.
1501 957 1612 1009 Καὶ
1660 956 1877 1028 οὐρανῷ

288 1051 391 1119 μὲν
427 1051 674 1122 ἀφώρισε
721 1049 818 1121 τὴν
849 1049 1062 1120 οὐρανῷ
1106 1050 1426 1122 πρέπουσαν
1455 1049 1651 1119 φύσινο
1699 1049 1774 1119 τῷ
1819 1050 1874 1102 δὲ

288 1140 389 1209 τῆς
431 1141 536 1210 γῆς
568 1141 808 1210 σχήματι
837 1141 936 1210 τὴν
971 1141 1177 1193 οἰκείαν
1206 1141 1341 1210 αὕτῇ
1378 1142 1473 1194 καὶ
1516 1141 1875 1210 ὀφειλομένην

284 1229 476 1282 οὐσίαν
505 1228 768 1282 ὑπέϐαλε.
797 1227 916 1300 Πῦρ
945 1229 999 1282 δὲ
1028 1230 1120 1281 καὶ
1163 1227 1306 1300 ὕδωρ
1341 1231 1434 1282 καὶ
1479 1231 1615 1302 ἀέρα
1655 1231 1875 1299 διεσχη-

293 1321 488 1391 μάτισέ
526 1338 585 1373 τε
610 1322 685 1384 ὡς
709 1320 783 1390 (6)
813 1320 1082 1383 ἐϐούλετο,
1113 1321 1204 1373 καὶ
1234 1321 1314 1384 εἰς
1343 1322 1531 1375 οὐσίαν
1561 1323 1767 1393 ἤγαγεν
1800 1324 1875 1387 ὡς

281 1416 316 1466 ὁ
363 1413 590 1466 ἑκάστου
644 1412 800 1481 λόγος
844 1414 951 1464 τῶν
1001 1411 1302 1482 γινομένων
1351 1413 1570 1484 ἀπῄτει.
1617 1415 1778 1467 Ὄλον
1820 1415 1877 1467 δὲ

285 1507 378 1557 τὸν
430 1505 630 1574 κόσμον
679 1505 1043 1574 ἀνομοιομερῆ
1082 1505 1418 1575 τυγχάνοντα
1463 1507 1724 1578 ἀρῤήκτῳ
1771 1509 1876 1560 τινὶ

289 1597 472 1665 φιλίας
500 1597 683 1668 δεσμῷ
734 1598 811 1666 (7)
855 1599 934 1660 εἰς
977 1597 1106 1666 μίαν
1154 1598 1439 1653 κοινωνίαν
1471 1601 1564 1652 καὶ
1609 1601 1877 1670 ἁρμονίαν

291 1688 612 1758 συνέδησεν·
645 1688 785 1740 ὥστε
827 1688 920 1742 καὶ
954 1688 1023 1741 τὰ
1054 1690 1303 1744 πλεῖστον
1346 1693 1590 1763 ἀλλήλων
1615 1698 1682 1764 τῇ
1731 1694 1876 1747 θέσει

284 1780 613 1850 διεστηκότα
648 1780 887 1850 ἡνῶσθαι
910 1782 1086 1835 δοκεῖν
1105 1783 1190 1836 διὰ
1217 1784 1315 1853 τῆς
1346 1785 1709 1855 συμπαθείας.
1740 1786 1878 1838 Παυ-

1983 589 2051 640 At
2071 601 2200 642 vero
2225 588 2386 652 Deus,
2412 590 2726 659 priusquam
2746 591 3017 662 quidpiam
3040 607 3224 648 eorum
3260 609 3379 664 quas
3420 613 3563 653 nunc

1984 680 2235 733 videnlur
2269 681 2609 747 exstitisset,
2655 699 2777 738 cum
2827 685 2880 737 in
2916 685 3156 740 animum
3219 689 3561 755 induxisset,

1983 773 2373 840 statuissetque
2398 790 2460 830 ea
2493 791 2613 845 quae
2645 791 2749 830 non
2779 788 2936 832 erant
2960 781 3009 831 in
3041 779 3218 834 lucem
3245 785 3405 837 edere
3439 806 3450 839 :
3491 786 3567 838 si-

1987 864 2093 918 mul
2117 875 2281 934 atque
2304 867 2559 936 cogitavit
2580 870 2792 938 qualem
2806 887 2932 925 nam
2966 873 3224 927 mundum
3258 890 3382 930 esse
3412 893 3572 946 opor-

1985 964 2144 1020 teret,
2207 959 2490 1012 materiam
2549 960 2738 1014 forma:
2794 962 2962 1030 ipsius
2993 965 3404 1020 convenientem
3443 983 3569 1036 pro-

1987 1049 2161 1104 duxit.
2197 1052 2263 1106 Et
2299 1052 2441 1108 ccelo
2489 1055 2708 1123 quidem
2766 1065 3008 1109 naturam
3051 1058 3364 1128 assignavit,
3422 1062 3566 1115 ccelo

1988 1141 2400 1196 convenientem
2435 1160 2449 1196 :
2495 1144 2683 1214 ﬁgura
2723 1161 2852 1199 vero
2885 1154 3040 1200 terra:
3078 1164 3372 1215 congruam
3415 1152 3566 1205 debi-

1988 1240 2203 1298 tamque
2233 1234 2594 1288 substantiam
2629 1238 2879 1305 subjecit.
2906 1238 3084 1307 ignem
3112 1252 3318 1306 autem,
3349 1258 3567 1312 aquam-

1984 1337 2090 1390 que
2119 1330 2170 1376 et
2192 1338 2397 1390 aerem,
2435 1328 2510 1378 uti
2552 1328 2752 1394 voluit,
2796 1331 3155 1386 conformavit
3182 1374 3198 1399 ,
3250 1346 3306 1389 et
3341 1339 3406 1390 ad
3436 1339 3564 1392 sub-

1985 1415 2240 1466 stantiam
2281 1418 2484 1480 evexit,
2527 1429 2683 1486 prout
2713 1422 3041 1490 singularum
3094 1440 3272 1479 rerum
3310 1443 3432 1495 qua:
3464 1430 3564 1484 fie-

1987 1507 2135 1571 bant,
2163 1507 2300 1563 ratio
2326 1511 2652 1578 postulabat.
2678 1513 2944 1568 Czetcrum
2974 1519 3233 1572 unmdum
3270 1530 3439 1576 totum
3477 1525 3563 1579 di-

1987 1601 2160 1654 versis
2209 1602 2457 1670 partibus
2505 1613 2846 1659 constantem
2914 1608 3271 1667 indissolubili
3322 1615 3560 1683 quodam

1986 1693 2236 1746 amicitia:
2267 1694 2482 1750 vinculo
2511 1697 2562 1749 in
2596 1713 2754 1751 unam
2788 1701 3100 1754 societatem
3133 1713 3187 1756 et
3214 1705 3560 1761 harmoniam

1986 1782 2257 1852 colligavit
2287 1801 2300 1836 :
2337 1786 2469 1839 adeo
2503 1797 2560 1839 ut
2585 1804 2646 1841 ea
2675 1793 2835 1844 etiam
2867 1807 2984 1861 qute
3017 1793 3302 1862 plurimum
3328 1799 3470 1853 inter
3497 1815 3554 1854 se

292 1872 581 1926 σάσθωσαν
620 1868 716 1926 οὖν
750 1874 990 1943 μυθικῶν
1031 1876 1388 1946 πλασμάτων,
1432 1879 1490 1930 ἐν
1528 1881 1593 1947 τῇ
1626 1878 1871 1948 ἀσθενείᾳ

1982 1873 2086 1926 situ
2114 1875 2335 1942 distant,
2357 1877 2605 1949 coniungi
2635 1895 2731 1948 per
2760 1896 3079 1938 concentum
3100 1888 3400 1944 videantur.
3428 1893 3563 1948 Ces-

294 1964 403 2018 τῶν
441 1964 656 2018 οἰκείων
684 1965 960 2037 λογισμῶν
990 1968 1089 2037 τὴν
1118 1967 1503 2036 ἀκατάληπτον
1537 1969 1777 2031 διανοίας
1805 1969 1880 2038 (8)

294 2056 390 2109 καὶ
429 2057 632 2125 ἄφατον
676 2059 954 2120 παντελῶς
1000 2058 1312 2130 ἀνθρωπίνῃ
1350 2064 1500 2132 φωνῇ
1534 2061 1764 2132 δύναμιν
1794 2065 1884 2114 ὲκ-

293 2149 640 2219 μετροῦντες.

363 2324 416 2378 5.
471 2325 792 2391 Ἐποίησεν
845 2329 877 2377 ό
933 2327 1080 2393 Θεὸς
1130 2330 1234 2381 τὸν
1293 2329 1552 2396 οὐρανὸν
1611 2330 1708 2382 καὶ
1767 2330 1881 2396 τὴν

294 2414 439 2483 rip"
479 2417 576 2466 οὐκ
616 2414 673 2478 ἐξ
716 2417 966 2485 ἡμισείας
1013 2421 1292 2490 ἑκάτερον,
1337 2420 1450 2472 ἀλλ’
1488 2420 1607 2472 ὅλον
1655 2421 1881 2492 οὐρανὸν

295 2511 390 2558 καὶ
427 2504 552 2574 όλην
583 2507 707 2575 γῆν,
753 2508 919 2579 αὐτὴν
959 2511 1056 2580 τὴν
1097 2510 1280 2562 οὐσίαν
1306 2511 1382 2579 τῷ
1424 2510 1555 2563 εἴδει
1594 2513 1882 2582 συνειλημ-

301 2596 486 2665 ιιένην.
541 2598 675 2666 Οὕχί
736 2598 844 2668 γάρ
898 2599 1192 2668 σχημάτων
1249 2601 1395 2652 ἐστὶν
1458 2602 1715 2672 εὑρέτης,
1766 2602 1879 2654 ἀλλ’

295 2692 464 2761 αὐτῆς
498 2693 597 2762 τῆς
621 2692 835 2761 φύσεως
859 2693 966 2746 τῶν
989 2694 1155 2745 ὄντων
1181 2695 1242 2764 δη
1254 2695 1530 2766 μιουργός.
1567 2696 1716 2748 Ἐπεὶ
1743 2699 1879 2749 ἀπο-

290 2783 662 2853 κρινέσθωσαν
692 2785 767 2855 (9)
793 2787 946 2854 ἡμῖν,
984 2785 1100 2845 πῶς
1139 2785 1390 2856 ἀλλήλοις
1427 2787 1714 2856 συνέτυχον
1748 2789 1780 2856 ἦ
1817 2805 1876 2838 τε

285 2876 553 2946 δραστικὴ
590 2876 682 2928 τοῦ
729 2876 862 2929 Θεοῦ
909 2877 1134 2948 δύναμις
1177 2881 1270 2931 καὶ
1311 2882 1341 2947 ἡ
1393 2879 1667 2949 παθητικὴ
1715 2879 1877 2948 φύσις

291 2967 393 3036 τῆς
425 2967 583 3036 ὕλης·
616 2971 647 3038 ἡ
689 2969 784 3039 μὲν
813 2969 874 3021 τὸ
907 2969 1262 3038 ὑποκείμενον
1309 2972 1658 3042 παρεχομένη
1709 2976 1876 3043 χωρὶς

293 3059 530 3129 μορφῆς,
571 3062 599 3111 ὁ
642 3061 696 3112 δὲ
729 3060 836 3112 τῶν
870 3060 1165 3130 σχημάτων
1224 3061 1321 3133 τὴν
1376 3064 1687 3134 ἐπιστήμην
1739 3065 1876 3133 ἔχων

292 3151 422 3203 ἄνευ
448 3153 546 3220 τῆς
579 3152 730 3222 ὕλης,
768 3152 832 3204 ἵν’
860 3154 1103 3226 ἐκατέρῳ
1127 3156 1189 3207 τὸ
1235 3157 1410 3210 ἐνδέον
1454 3161 1603 3229 παρά
1648 3160 1874 3232 θατέρου

292 3242 518 3311 γένηται
543 3258 556 3272 ⁸
586 3242 663 3312 τῷ
700 3243 797 3314 μὲν
839 3244 1158 3318 δημιουργῷ
1193 3249 1253 3300 τὸ
1287 3249 1430 3318 ἔχειν
1465 3251 1598 3304 ὅπου
1650 3255 1746 3323 τὴν
1785 3255 1875 3306 τέ-

293 3350 427 3404 χνην
456 3334 850 3408 ὲνεπιδείξηται
880 3339 1013 3408 (10),
1046 3343 1110 3410 τῇ
1143 3339 1198 3391 δὲ
1230 3340 1328 3410 ὕλῃ
1359 3340 1418 3392 τὸ
1448 3343 1744 3396 ἀποθέσθαι
1775 3348 1872 3414 τὴν

289 3425 570 3494 ἀμορφίαν
619 3428 710 3480 καὶ
756 3428 850 3481 τοῦ
887 3430 1060 3492 εἴδους
1093 3430 1189 3500 τὴν
1223 3432 1497 3503 στέρησιν.
1541 3435 1699 3487 ’Λλλά
1744 3439 1873 3508 περὶ

294 3518 394 3589 μὲν
455 3520 656 3572 τούτων
690 3521 782 3572 ἐπὶ
844 3521 1128 3575 τοσοῦτον-
1182 3524 1316 3595 πρὸς
1356 3525 1410 3577 δὲ
1471 3527 1530 3580 τὸ
1579 3526 1638 3592 ἐξ
1697 3530 1869 3600 ἀρχῆς

293 3611 624 3681 ἐπανίωμεν.
664 3612 730 3666 Ἣ
757 3613 825 3665 δὲ
848 3613 921 3684 γῆ
954 3612 1030 3684 ἦν
1053 3616 1304 3684 ἀόρατος
1329 3619 1426 3671 καὶ
1461 3621 1875 3676 ἀκατασκεύω-

291 3719 441 3767 στος
491 3703 625 3773 (Η).
669 3705 887 3768 Εἰπὼν,
947 3708 1048 3759 Ἐν
1097 3707 1254 3775 ἀρχῇ
1307 3709 1596 3777 ἐποίησεν
1638 3716 1669 3765 ό
1729 3714 1874 3778 Θεὸς

293 3791 400 3843 τὸν
446 3795 706 3859 οὐρανὸν
747 3799 843 3848 καὶ
889 3799 1002 3863 τὴν
1050 3797 1197 3866 γῆν,
1250 3800 1416 3853 πολλὰ
1463 3803 1870 3872 ἀπεσιώπησεν,

292 3883 458 3952 ὕδωρ,
485 3885 642 3954 ἀέρα,
673 3887 804 3956 πῦρ,
830 3888 896 3939 τὰ
923 3891 984 3939 ὲκ
1010 3891 1212 3942 τούτων
1243 3894 1663 3963 ἀπογεννώμενα
1692 3897 1835 3966 πάθη
1855 3913 1869 3926 ’

288 3973 326 4027 ἃ
362 3973 537 4026 πάντα
589 3975 688 4043 μὲν
737 3977 810 4039 ὡς
861 3980 1295 4049 συμπληρωτικὰ
1347 3985 1440 4034 τοῦ
1492 3987 1694 4055 κόσμου
1746 4005 1871 4039 συν-

289 4068 500 4138 υπέστη
534 4068 613 4138 τῷ
644 4071 806 4123 παντὶ
841 4072 1081 4142 δηλονότι
1113 4073 1220 4141 (12)
1245 4092 1258 4104 ·
1287 4076 1556 4146 παρέλιπε
1583 4079 1636 4130 δὲ
1662 4083 1692 4149 ἡ
1733 4083 1871 4134 ἱστο-

291 4158 406 4227 ρία,
436 4158 526 4210 τὸν
556 4161 818 4232 ἡμέτερον
846 4163 968 4214 νοῦν
994 4164 1343 4233 γυμνάζουσα
1375 4167 1508 4237 πρὸς
1533 4171 1867 4239 ἑντρέχειαν,

287 4249 350 4313 ἐξ
394 4250 589 4318 ὀλίγων
635 4253 897 4323 ἀφορμῶν
959 4257 1302 4328 παρεχομένη
1357 4259 1756 4327 ἐπιλογίζεσθαι
1805 4265 1872 4315 τὰ

287 4340 605 4410 λειπόμενα.
648 4344 798 4397 Ἐπεὶ
827 4342 919 4398 οὖν
961 4347 1058 4399 οὐκ
1096 4347 1309 4420 εἴρηται
1356 4352 1481 4420 περί
1520 4352 1613 4404 τοῦ
1659 4352 1868 4417 ὕδατος,

286 4435 372 4486 ὅτι
417 4435 670 4501 ἐποίησεν
707 4438 734 4488 ὁ
769 4436 921 4499 Θεὸς,
954 4439 1164 4507 εἴρηται
1205 4441 1280 4502 δὲ,
1328 4443 1408 4494 ὃτι
1454 4444 1681 4514 ἀόρατος
1722 4442 1789 4515 ἦν
1838 4450 1869 4518 ἡ

287 4527 396 4594 γῆ·
443 4527 632 4579 σκόπει
683 4529 747 4580 σὺ
788 4527 930 4580 κατὰ
979 4529 1200 4582 σεαυτὸν
1244 4531 1349 4583 τίνι
1400 4535 1868 4604 παραπετάσματι

368 4744 444 4817 (5)
476 4748 653 4805 Codex
715 4753 958 4807 Combef.
991 4764 1039 4807 et
1095 4756 1182 4809 alii
1244 4770 1338 4810 sex
1370 4755 1476 4809 τῶν
1503 4756 1596 4810 νῦν
1658 4760 1857 4814 Vocula
1893 4768 1935 4820 D

293 4835 392 4872 νυν
415 4820 467 4870 in
498 4822 655 4895 editis
681 4823 1038 4895 deerat.7l\iox
1065 4826 1227 4880 Coisl.
1261 4826 1468 4895 primus
1501 4839 1554 4880 et
1577 4829 1727 4884 Colb.
1773 4833 1858 4884 iti-

292 4891 822 4968 dein-primusfunt
877 4894 1056 4962 Regiis
1119 4891 1353 4968 quatuor
1394 4895 1720 4968 βαλόμενος,
1765 4913 1859 4956 aut

289 4959 635 5036 βαλλόμενος.
670 4960 807 5036 Editi
848 4959 1186 5036 etdqums's.
1226 4959 1536 5036 λαϐόμενοςξ

362 5032 438 5101 (ti)
467 5030 681 5106 Antiqui
729 5049 822 5089 sex
879 5034 997 5088 libri
1025 5030 1441 5106 διεσχημάτισέν
1472 5030 1530 5092 τέ
1561 5040 1655 5103 ὡς.
1715 5041 1855 5097 Editi

287 5100 748 5170 κατεσχημάτισε.

363 5172 437 5239 (7)
463 5171 614 5249 Colit.
635 5240 646 5249 _
671 5175 874 5249 primus
904 5185 957 5227 et
995 5173 1178 5249 Coisl_._
1200 5181 1468 5249 secundus
1514 5191 1566 5231 et
1597 5180 1685 5233 alii
1719 5197 1854 5249 qua-

289 5241 592 5318 tuorlﬂegii
623 5240 882 5318 ἀρρῄκτω
918 5246 1024 5318 τινί
1068 5244 1246 5318 φιλίας
1294 5246 1477 5318 θεσμῷ
1502 5289 1515 5311 ,
1566 5240 1856 5305 ἱηυίηεῖὺιιὶ

286 5310 794 5388 quadaptanticitiiv
826 5310 955 5388 lege.
986 5310 1165 5388 [fidi-tio,
1192 5315 1355 5369 Basil.
1384 5310 1509 5373 eum
1539 5320 1704 5376 Coisl.
1745 5324 1850 5388 pri-

288 5379 377 5436 I‘no
408 5379 757 5457 ἀρῤήτῳξινὶ
781 5379 959 5457 φιλίας
993 5387 1196 5456 θεσμῷ,
1224 5389 1422 5457 occulta
1454 5392 1680 5457 quadam
1716 5379 1851 5444 a'mi-

286 5452 582 5534 ciliwleqe.
631 5452 810 5534 Editio
865 5455 1037 5534 Pa_ris_.
1080 5452 1228 5534 enin.
1269 5455 1397 5534 lteg.
1444 5452 1636 5534 quarto
1679 5463 1851 5534 ἀρρή-

286 5539 400 5591 κτῳ
437 5521 541 5572 τινὶ
567 5522 754 5597 ,φιλίας
781 5523 982 5594 δεσμῷ,
1012 5521 1370 5581 ἱηιίιεδοίιιὺὶίῖ
1407 5521 1630 5597 quodam
1664 5521 1849 5585 adtici-

286 5593 375 5643 tiae
403 5591 607 5667 vincu{o
637 5609 653 5643 :
681 5609 841 5658 quam
880 5591 1203 5663 εει-φυηρ...
1250 5599 1369 5648 idco
1419 5591 1592 5652 secuti
1635 5614 1847 5667 Sumus,

286 5667 430 5728 quod
459 5664 528 5713 ita
561 5659 747 5739 legerit
793 5659 1264 5739 vetus_ii_i_t_u_-.rpres
1315 5667 1651 5739 Eustathius.
1693 5659 1850 5739 cujus

285 5732 400 5784 hac
434 5741 555 5853 sunt
588 5732 773 5798 verba,
817 5734 1199 5790 inviolabitibus
1235 5738 1513 5807 cujusdam
1557 5732 1849 5798 concordiis

285 5817 430 5853 ωηιξη
459 5817 520 5853 is.

283 5817 520 5855 mutuus.

605 5899 868 5957 PATBUL.
909 5901 1024 5958 (in.
1087 5901 1316 5959 XXIX.

1985 1977 2106 2022 sent
2139 1969 2300 2038 igitur
2331 1986 2360 2023 a
2392 1971 2651 2027 fabulosis
2671 1979 2992 2033 COIllmellliS
3025 1979 3084 2043 ii,
3119 1981 3210 2049 qui
3238 1993 3560 2050 potestatem

1987 2061 2151 2114 menti
2205 2065 2830 2134 incomprehensibiletn,
2882 2078 2934 2123 et
2981 2086 3143 2140 quam
3196 2073 3430 2128 humana
3457 2091 3562 2130 vox

1985 2154 2289 2220 exprimere
2320 2157 2466 2209 nullo
2493 2159 2651 2212 modo
2687 2162 2876 2227 possit,
2918 2163 3308 2232 cogitationum
3339 2182 3560 2221 suarum

1985 2242 2356 2300 imbecillitate
2380 2247 2766 2306 admetiuutur.

2053 2336 2104 2389 5.
2141 2335 2291 2390 Fecit
2326 2339 2464 2392 Deus
2496 2342 2677 2396 celum
2702 2355 2747 2396 et
2776 2355 3007 2412 terram;
3053 2357 3338 2419 utrumque
3364 2369 3468 2406 non
3495 2369 3561 2409 ex

1985 2428 2203 2483 dimidia
2229 2443 2404 2498 parte,
2433 2435 2524 2487 sed
2559 2443 2726 2488 totum
2769 2439 2990 2504 coelum,
3034 2452 3310 2512 totamque
3336 2456 3559 2513 terram,

1985 2520 2155 2587 ipsam
2210 2525 2573 2579 substantiam
2611 2544 2732 2581 cum
2791 2531 2965 2586 forma
3019 2534 3388 2602 conjunctam.
3441 2537 3558 2594 Nan

1984 2613 2127 2666 enim
2189 2616 2443 2671 inventor
2480 2631 2559 2672 cst
2611 2621 2928 2690 figurarum,
2985 2625 3077 2679 sed
3129 2627 3298 2696 ipsius
3355 2642 3563 2688 natura:

1985 2719 2162 2757 rerum
2187 2706 2390 2774 opifex.
2417 2709 2631 2777 Alioqui
2668 2715 3028 2780 respondeant
3077 2717 3230 2771 nobis
3255 2758 3269 2780 ,
3322 2734 3558 2788 quonam

1985 2804 2139 2863 pacto
2178 2797 2318 2851 inter
2340 2811 2400 2853 se
2434 2810 2544 2852 tum
2577 2801 2817 2856 effectrix
2862 2805 2952 2858 Dei
2989 2809 3250 2875 potentia,
3286 2819 3397 2865 tum
3430 2829 3560 2881 pas-

1983 2887 2096 2940 siva
2131 2891 2374 2943 matcriei
2414 2902 2602 2946 natura
2631 2898 3005 2961 convenerint,
3033 2900 3144 2954 haec
3179 2903 3394 2968 quidem
3433 2909 3558 2962 abs-

1982 2993 2087 3046 que
2111 2977 2278 3032 forma
2311 2981 2614 3048 subjectum
2648 2989 2930 3053 exhibens,
2966 2990 3054 3044 ille
3089 3007 3215 3046 vero
3242 2996 3357 3049 sine
3388 3009 3556 3054 mate-

1984 3072 2060 3122 ria
2097 3071 2378 3125 scientiam
2406 3075 2608 3130 habens
2641 3078 2960 3147 figurarum,
2995 3092 3053 3136 ut
3101 3083 3152 3138 id
3201 3090 3340 3156 quod
3374 3092 3560 3148 defue-

1982 3162 2052 3215 rit
2072 3162 2250 3227 alteri,
2277 3165 2346 3220 ab
2376 3168 2546 3222 altero
2576 3171 2860 3238 tribuatur,
2895 3176 3073 3244 Opifici
3101 3179 3339 3247 quidem,
3373 3194 3431 3235 ut
3461 3185 3558 3238 ha-

1982 3256 2107 3310 beat
2154 3259 2296 3313 unde
2325 3261 2597 3330 specimen
2645 3267 2735 3319 det
2767 3281 2878 3320 sum
2907 3270 3041 3323 artis
3073 3291 3084 3324 :
3127 3275 3370 3328 materiei
3406 3291 3554 3342 vero,

1982 3349 2121 3401 unde
2147 3349 2548 3406 deformitatem
2586 3364 2640 3408 et
2682 3357 2867 3412 formae
2904 3361 3263 3428 privationem
3295 3367 3550 3435 deponat.

1979 3437 2086 3492 Sed
2115 3439 2179 3492 de
2203 3443 2286 3495 bis
2314 3444 2596 3499 hactenus.
2623 3445 2738 3500 Jam
2770 3450 2836 3503 ad
2881 3458 3214 3520 propositum
3246 3460 3552 3517 redeamus.

1979 3528 2113 3582 Erat
2164 3545 2338 3586 autem
2396 3545 2535 3588 terra
2584 3538 2858 3594 invisibilis
2901 3561 2962 3596 ac
3006 3547 3366 3616 incomposita.
3419 3553 3553 3609 Cum

1978 3623 2148 3688 dixit:
2185 3625 2250 3678 In
2277 3628 2534 3697 principio
2559 3631 2679 3698 fecit
2702 3633 2840 3688 Deus
2859 3638 3043 3691 caelum
3060 3650 3108 3692 et
3136 3651 3353 3708 terram,
3387 3647 3551 3701 multa

1981 3714 2169 3780 tacuit,
2205 3731 2422 3784 aquam,
2460 3735 2664 3787 aerem,
2728 3725 2928 3793 ignem,
2981 3743 3317 3803 emergentes
3354 3750 3415 3788 ex
3468 3737 3552 3791 his

1977 3803 2327 3864 affectiones:
2369 3826 2487 3878 qua:
2527 3828 2659 3870 sane
2701 3819 2903 3882 omnia,
2951 3831 3206 3892 tanquam
3243 3840 3361 3895 quae
3393 3844 3553 3884 mun-

1977 3895 2103 3947 dum
2149 3902 2472 3969 compleant,
2510 3909 2691 3973 procul
2721 3911 2883 3965 dubio
2907 3929 3011 3967 una
3044 3929 3164 3970 cum
3195 3920 3555 3978 universitate

1976 4003 2154 4041 rerum
2211 3993 2605 4064 substiterunt;
2643 4003 2845 4058 omissa
2878 4017 3002 4060 sunt
3054 4019 3232 4064 autem
3265 4013 3451 4069 isthmc
3483 4019 3553 4072 ab

1978 4082 2225 4147 historia,
2258 4097 2315 4138 ut
2341 4088 2464 4143 dum
2502 4093 2708 4162 reliqua
2739 4112 2803 4150 ex
2833 4101 3020 4163 paucis
3072 4105 3406 4171 argumentis
3438 4117 3548 4160 tra-

1977 4176 2051 4228 dit
2079 4178 2414 4248 :estimanda,
2445 4194 2676 4238 mentem
2706 4197 2946 4243 nostram
2998 4193 3064 4248 ad
3107 4194 3428 4252 industriam
3471 4201 3552 4255 di-

1977 4264 2360 4336 ligentiamque
2407 4284 2677 4329 exerceat.
2731 4276 2918 4346 Itaque
2944 4297 3067 4336 cum
3111 4285 3315 4340 dictum
3345 4304 3447 4342 non
3480 4291 3550 4346 sit

1977 4355 2143 4410 Deum
2176 4374 2368 4427 aquam
2407 4360 2640 4419 fecisse:
2691 4370 2786 4423 sed
2818 4370 3018 4426 dictum
3070 4373 3173 4444 15
3221 4379 3292 4432 sit
3346 4391 3546 4436 terram

1975 4445 2142 4500 fuisse
2175 4446 2536 4516 invisibilem;
2575 4462 2687 4508 tute
2720 4464 2892 4509 tecum
2921 4469 3107 4524 reputa
3145 4478 3251 4531 quo
3282 4464 3552 4522 velamine

1973 4548 2160 4606 operta
2198 4554 2303 4592 non
2353 4553 2654 4596 appareret.
2707 4542 2895 4614 Neque
2937 4548 3100 4619 igitur
3155 4552 3296 4622 ignis
3330 4557 3550 4624 Operire

2038 4765 2111 4835 (8)
2149 4766 2325 4819 Editio
2358 4766 2519 4821 Basil.
2553 4781 2606 4823 et
2635 4770 2786 4825 Bodl.
2833 4782 2880 4828 et
2927 4775 3018 4828 alii
3050 4778 3220 4832 nostri
3258 4793 3392 4835 mss.
3427 4781 3546 4834 δια-

1966 4834 2153 4917 νοίαις.
2197 4836 2517 4917 βιΙίιίοΙνειῸ
2549 4841 2719 4893 I’aris.
2747 4842 2976 4917 διανοίᾳ.
3004 4845 3121 4900 illex
3152 4848 3302 4902 Colb.
3338 4834 3545 4917 primus

1965 4905 2279 4977 ἀνθρωπίνῃ
2317 4909 2497 4975 φύσει,
2535 4918 2582 4961 et
2610 4927 2766 4979 quam
2806 4905 3037 4967 ltum-anu
3069 4929 3261 4972 natura
3324 4905 3544 4975 ἡαπ-νοτε

1966 4979 2108 5027 nullo
2142 4987 2292 5029 modo
2315 4982 2496 5044 possit.

2037 5046 2112 5114 (9)
2136 5047 2376 5126 _Veteres_
2400 5050 2606 5116 aliquot
2636 5052 2756 5105 libri
2789 5054 3307 5126 ἀποκρινάσθωσαν.
3358 5061 3542 5116 Codex

1964 5117 2096 5168 alius
2133 5115 2332 5189 Errata;
2355 5115 2552 5189 ἀποκίρ.

2035 5186 2145 5269 (10)
2180 5188 2269 5269 'S'ic
2305 5186 2688 5269 Regii-liuittttts
2717 5196 3062 5269 ct_quintus.
3123 5197 3253 5269 lleg.
3315 5214 3541 5268 quartus

1964 5256 2368 5337 évsmb‘sigent.
2409 5260 2546 5312 Editi
2594 5278 2716 5337 cum
2776 5256 2930 5320 Colb.
2990 5256 3232 5322 secunth
3273 5256 3539 5337 ἐτέιδείξεξ

1961 5342 2069 5377 ται.
2286 5331 2489 5410 primus
2521 5346 2658 5410 cum?
2684 5333 2819 5410 Reg.
2876 5337 3035 5388 tertio
3069 5338 3430 5410 ἐπιδείξηται.

2032 5398 2288 5476 (11).ΙΙΙιι,
2350 5400 2382 5468 ἡ
2517 5403 2585 5471 γῆ
2615 5399 2698 5476 ,ἦν
2749 5398 2979 5476 ἀόρατος
3022 5411 3112 5460 καὶ
3156 5398 3542 5467 ἀκατασκεύα-

1959 5483 2103 5530 στος,
2141 5468 2335 5522 desunt
2361 5468 2584 5538 quidem
2609 5468 2665 5527 in
2705 5468 2860 5530 editis
2894 5492 2905 5525 :

1960 5538 2323 5604 reperiuntur.

2030 5608 2140 5684 (l2)
2171 5606 2353 5684 podex
2403 5608 2558 5684 Bodl.
2600 5625 2654 5668 et
2706 5624 2938 5684 quatuor
2966 5618 3053 5670 alii
3119 5636 3240 5674 cum
3301 5625 3538 5680 editione

1959 5675 2122 5760 gas”.
2167 5677 2428 5734 δηλονότι.
2479 5681 2657 5740 Editio
2705 5675 2878 5742 Paris.
2931 5699 2984 5742 el
3034 5691 3138 5744 duo
3195 5675 3323 5746 tttbs.

1960 5764 2060 5799 οτι.

2955 5481 3046 5532 sed
3081 5480 3130 5531 iu
3161 5494 3365 5551 septem
3407 5501 3536 5539 mss.

3109 5924 3146 5981 Ξ.)
