4058 6446
249 381 318 440 37
1357 379 1643 434 NOMINA
1681 379 1724 434 ll
1766 379 1833 432 ΙΝ
1877 377 2370 434 IIEXAEMERON.
3437 375 3508 432 33

255 503 452 557 πεδὸνα
478 521 558 565 τις
581 501 687 554 τῶν
734 493 1068 566 Ἐκκλησιῶν
1098 491 1408 566 προσειπὼν
1447 493 1545 561 οὐχ
1583 492 1832 564 ἁμαρτή-

1950 493 2164 556 ;ἰιιτυηι,
2209 509 2240 546 a
2276 496 2472 549 decoro
2524 506 2629 548 non
2687 489 2993 546 aberrabit?
3045 491 3184 560 Quid
3239 493 3424 562 procul
3479 510 3507 545 a

259 615 405 649 σεται
438 596 550 666 (9-0)
583 592 673 645 τοῦ
713 591 1116 662 προσήκοντοςῖ
1148 588 1212 639 Τί
1256 584 1472 654 μακρὰν
1514 585 1836 656 ἀποτρέχεις

252 688 352 757 τῆς
378 685 656 755 ἀληθείας,
701 680 977 750 ἄνθρωπε,
1018 676 1274 748 ἀφορμὰς
1325 673 1535 744 σεαυτῷ
1582 677 1679 744 τῆς
1728 677 1836 727 ἀπ-

250 777 451 838 ωλείας
476 771 705 824 ἐπινοῶν
724 788 737 834 ',
767 768 995 832 Ἀπλοῦς
1011 772 1038 822 ὁ
1055 767 1230 834 λόγος,
1249 763 1339 815 καὶ
1361 766 1524 816 πᾶσιν
1549 761 1833 833 εὔληπτος.

266 870 541 933 ’Λύδι-(ιτος
569 859 645 930 ἦν
676 865 712 928 ἡ
745 860 839 930 γῆ,
867 860 1018 935 gandi.
1048 859 1143 919 Τίς
1173 859 1206 924 ἡ
1230 855 1376 907 αἰτία
1401 872 1414 920 ;
1445 853 1662 922 Ἐπειδὴ
1675 857 1837 908 ἄϐυσ-

254 976 348 1008 σον
395 951 539 1019 εἶχεν
580 953 1014 1016 ἐπιπολάζουσαν
1045 950 1230 1018 ἑαυτῇ.
1277 947 1537 1000 ’Λϐυσσου
1579 946 1634 999 δὲ
1664 947 1837 1000 ἔννοια

250 1049 372 1112 τίς;
405 1047 588 1120 ’Ὑδωρ
632 1047 764 1100 πολῦ
800 1044 1120 1110 δυσέφικτον
1160 1040 1278 1111 ἔχον
1329 1039 1522 1095 ἑαυτοῦ
1569 1039 1626 1091 τὸ
1662 1040 1837 1110 πέρας

253 1144 351 1195 ἐπὶ
377 1144 436 1197 τὸ
469 1146 636 1198 κάτω.
688 1139 825 1192 Ἀλλ’
850 1138 1094 1206 ἔγνωμεν
1125 1137 1290 1191 πολλά
1322 1138 1426 1189 τῶν
1454 1135 1715 1204 σωμάτων
1745 1133 1839 1186 καί

251 1236 322 1288 δι’
349 1237 538 1298 ὓδατος
573 1233 895 1303 λεπτοτέρου
933 1233 1026 1285 καί⁵
1057 1230 1310 1301 διαυγοῦς
1341 1226 1600 1289 πολλάκις
1625 1228 1838 1294 διαφαι-

253 1331 476 1400 νόμενοι.
525 1325 650 1389 ῐΙῶς
679 1322 771 1379 οὖν
802 1325 951 1376 οὐδὲν
990 1325 1152 1397 μέρος
1193 1325 1292 1392 τῆς
1317 1322 1420 1389 γῆς
1455 1319 1541 1373 διὰ
1571 1321 1679 1372 τῶν
1717 1317 1839 1369 ὑδά-

253 1439 366 1474 των
409 1418 715 1481 ἐδείκνυτος
745 1418 867 1468 ’Ότι
906 1415 1160 1487 άλαμπὴς
1202 1414 1278 1465 ἔτι
1322 1413 1415 1466 καὶ
1457 1410 1839 1480 ἐσκοτισμένος

255 1513 373 1581 (ΞΙ)
403 1506 469 1581 ἦν
495 1510 522 1560 ὁ
549 1511 684 1578 ὑπὲρ
707 1505 874 1559 αὐτοῦ
904 1507 1200 1577 κεχυμένος
1231 1504 1358 1574 ἀήρ.
1402 1505 1582 1567 ’Λκτὶς
1613 1503 1710 1570 μὲν
1731 1499 1839 1568 γὰρ

253 1602 432 1672 ἡλίου,
463 1601 526 1654 δι’
564 1600 768 1653 ὑδάτων
795 1598 1164 1666 διικνουμένη,
1190 1593 1428 1648 δείκνυσι
1461 1594 1716 1655 πολλάκις
1743 1596 1842 1658 τὰς

256 1697 319 1748 ἐν
348 1695 424 1765 τῷ
455 1693 606 1765 βάθει
630 1691 864 1762 ψηφῖδας
890 1709 902 1721 ο
939 1693 995 1741 ἐν
1026 1688 1180 1740 νυκτὶ
1225 1688 1282 1741 δέ
1316 1705 1398 1749 τις
1435 1685 1626 1756 βαθείᾳ.
1669 1687 1840 1739 οὐδενὶ

255 1787 326 1842 ἂν
356 1789 541 1858 τρόπῳ
572 1784 640 1837 τὰ
667 1784 770 1835 ὑπὸ
794 1784 854 1834 τὸ
895 1780 1040 1852 ὕδωρ
1075 1781 1296 1833 κατίδοι.
1328 1780 1491 1832 ’Ὥστε
1535 1777 1628 1831 τοῦ
1672 1779 1836 1848 ἀέρα-

255 1901 352 1935 τον
386 1876 522 1931 εἶναι
555 1877 651 1948 τὴν
695 1879 798 1946 γῆν
834 1873 1334 1928 κατασκευαστικὸν
1380 1874 1494 1926 ἐστι
1535 1873 1594 1925 τὸ
1638 1873 1840 1938 ἐπαγό-

261 1989 446 2045 μενον,
489 1972 567 2023 ὅτι
591 1972 683 2023 καὶ
715 1967 948 2029 ἄϐυσσος
973 1963 1093 2036 ἦνή
1124 1967 1393 2035 ἐπέχουσα
1426 1966 1558 2036 (22),
1591 1966 1683 2019 καὶ
1703 1963 1840 2035 αὕτη

259 2061 640 2132 ἐσκοτισμένη.
689 2058 825 2111 Οὗτε
885 2053 977 2111 οὖν
1017 2057 1248 2120 ἄϐυσσος
1308 2057 1589 2127 δυνάμεων
1638 2057 1840 2124 πλῆοςς

261 2153 676 2224 ἀντικειμένων,
704 2151 779 2214 ὥς
820 2168 964 2213 τινες
1014 2149 1448 2220 ἐς-αντάσθησαν,
1498 2149 1620 2201 οὔτε
1655 2149 1841 2212 σκότος

263 2248 466 2320 ἀρχικὴ
519 2264 602 2310 τις
636 2246 729 2299 καὶ
787 2243 998 2315 πονηρὰ
1047 2243 1276 2310 δύναμις
1321 2242 1722 2313 ἀντεξαγομένη
1764 2241 1842 2313 τῷ

262 2341 471 2410 ἀγαθῷ.
509 2339 612 2393 Δύο
643 2337 751 2408 γὰρ
785 2336 1100 2401 ἐξισάζοντα
1143 2335 1393 2405 ἀλλήλοις
1435 2337 1552 2389 κατ’
1584 2335 1840 2387 ἐναντίω-

265 2452 352 2486 σιν
377 2431 649 2501 φθαρτικὰ
675 2431 826 2482 ἔσται
855 2431 1071 2492 πάντως
1100 2430 1196 2499 τῆς
1220 2428 1465 2497 ἀλλήλων
1497 2429 1807 2488 συστάσεως
1827 2443 1839 2456 ·

265 2520 698 2589 καὶ-πράγματα
741 2518 851 2582 ἐξει
881 2517 1142 2588 διηνεκῶς
1177 2519 1269 2569 καὶ
1298 2515 1521 2586 παρέξει
1555 2514 1846 2578 ἀπαύστως

266 2613 405 2685 πρὸς
431 2611 632 2684 ἄλληλα
663 2610 993 2680 συνεχόμενα
1019 2608 1096 2678 τῷ
1119 2608 1356 2678 πολέμῳ.
1395 2607 1511 2660 Κᾶν
1535 2605 1846 2679 ὑπερϐάλλῃ

263 2706 493 2775 δυνάμει
533 2703 642 2756 τῶν
670 2701 1062 2772 ἀντικειμένων
1089 2698 1283 2769 (23,1?)
1316 2698 1524 2768 ἓτερον,
1554 2698 1847 2766 δαπανητιο

266 2797 363 2850 κδν
396 2797 455 2860 ἐξ
480 2797 716 2857 ἅπαντος
741 2793 833 2846 τοῦ
858 2791 1222 2863 κρατηθέντος
1248 2789 1641 2858 γίνεται.”Ωστε
1668 2793 1716 2843 εἰ
1750 2789 1847 2859 μὲν

270 2889 558 2958 ἰσόρροπον
605 2885 818 2954 λέγουσι
855 2885 950 2937 τοῦ
995 2884 1166 2936 κακοῦ
1221 2884 1316 2954 τὴν
1358 2883 1493 2954 πρὸς
1543 2881 1603 2935 τὸ
1646 2880 1848 2950 ἀγαθον

267 2979 603 3041 ἐναντίωσιν,
631 2977 905 3030 ἄπαυστον
937 2977 1216 3042 εἰσάγουσι
1241 2974 1473 3042 πόλεμον
1506 2976 1598 3027 καὶ
1627 2973 1846 3043 διηνεκῆ

267 3074 366 3143 τὴν
399 3072 623 3143 φθορὰν,
652 3069 994 3142 κρατούντων
1022 3069 1079 3119 ἐν
1115 3067 1268 3138 μέρει
1309 3067 1400 3120 καὶ
1433 3066 1843 3136 κρατουμένων·

267 3165 402 3218 εἰδὲ
443 3164 698 3235 ὑπερέχει
744 3162 971 3234 δυνάμει
1016 3160 1074 3213 τὸ
1105 3158 1327 3228 ἀγαθὸν,
1376 3159 1459 3220 τίς
1500 3159 1531 3228 ἡ
1571 3156 1715 3209 αἰτία
1754 3156 1846 3208 τοῦ

265 3257 367 3329 τὴν
408 3256 568 3328 φύσιν
612 3255 705 3309 τοῦ
743 3257 912 3309 κακοῦ
965 3253 1038 3324 μὴ
1079 3251 1359 3315 παντελῶς
1395 3249 1737 3323 ἀνῃρῆσθαι;
1784 3249 1848 3301 El

265 3350 346 3412 δὲ,
380 3349 408 3400 ὃ
443 3349 514 3418 μὴ
551 3348 661 3418 (24)
693 3347 852 3416 Θέμις
893 3347 1086 3404 εἰπεῖν,
1131 3343 1395 3413 θαυμάζω
1424 3342 1540 3404 πῶς
1567 3342 1687 3412 οὐχὶ
1721 3339 1850 3410 φεύ-

267 3455 456 3508 γουσιν
483 3438 634 3489 αὐτοὶ
663 3437 886 3497 ἑαυτοὺς
916 3435 1049 3502 πρὸς
1077 3433 1250 3496 οὕτως
1285 3433 1576 3503 ἀθεμίτους
1606 3433 1849 3503 βλασφη-

270 3531 402 3601 μίας
437 3528 850 3598 ὑποφερόμενοι.
896 3525 970 3578 Οὐ
1029 3523 1133 3594 μὴν
1165 3523 1283 3575 οὐδὲ
1316 3524 1466 3593 παρά
1504 3523 1636 3575 Θεοῦ
1661 3525 1720 3575 τὸ
1753 3538 1851 3576 κα-

267 3624 364 3676 κὸν
393 3622 490 3692 τὴν
525 3621 734 3689 γένεσιν
760 3619 904 3689 ἔχειν
935 3617 1156 3680 εὐσεϐές
1179 3617 1294 3669 ἐστι
1328 3616 1527 3683 λέγειν,
1556 3614 1641 3667 διὰ
1665 3615 1723 3668 τὸ
1759 3633 1851 3686 μη-

263 3715 356 3767 δὲν
390 3713 497 3766 τῶν
536 3711 794 3765 ἐναντίων
829 3709 981 3780 παρά
1010 3707 1105 3760 τοῦ
1142 3708 1386 3760 ἐναντίου
1414 3705 1678 3776 γίνεσθαι.
1713 3703 1849 3757 Οὔτε

265 3806 379 3876 γὰρ
413 3807 446 3876 ἠ
469 3804 581 3876 ζωὴ
607 3803 835 3858 θάνατον
859 3802 1043 3872 γεννᾷ,
1074 3799 1195 3853 οὔτε
1219 3799 1278 3852 τὸ
1309 3798 1497 3861 σκότος
1515 3797 1691 3866 φωτός
1706 3799 1850 3849 ἐστιν

266 3896 434 3967 ἀρχὴ.
467 3896 589 3948 οὒτε
629 3897 660 3965 ἡ
701 3894 853 3957 νόσος
889 3892 1102 3962 ὑγιείας
1135 3890 1488 3961 δημιουργὸς,
1521 3889 1634 3942 ἀλλ’
1661 3890 1717 3940 ἐν
1754 3888 1851 3957 μὲν

265 3992 388 4050 ταῖς
423 3987 742 4057 μεταϐολαῖς
771 3985 877 4038 τῶν
905 3985 1198 4037 διαθέσεων
1219 3985 1284 4035 ἐκ
1309 3983 1415 4034 τῶν
1442 3981 1694 4033 ἐναντίων
1719 3980 1853 4050 πρὸς

264 4080 334 4132 τὰ
370 4076 587 4130 ἐναντία
616 4079 671 4129 αί
708 4077 1065 4147 μεταστάσεις
1089 4093 1101 4103 ·
1137 4076 1194 4126 ἐν
1222 4074 1277 4126 δὲ
1307 4077 1425 4136 ταῖς
1449 4071 1726 4139 γενέσεσιν
1754 4070 1854 4124 οὐκ

265 4177 332 4226 ἐκ
357 4172 465 4225 τῶν
496 4171 778 4233 ἐναντίων,
814 4168 927 4222 ἀλλ’
954 4170 1020 4220 ἐκ
1048 4167 1154 4220 τῶν
1187 4165 1462 4237 ὁμογενῶν
1494 4165 1717 4216 ἕκαστον
1746 4161 1853 4214 τῶν

264 4263 571 4334 γινομένων
628 4261 976 4334 προέρχεται.
1025 4260 1086 4312 Εἰ
1131 4259 1332 4321 τοίνυν,
1367 4259 1499 4326 φησι
1533 4256 1667 4326 (25),
1716 4257 1854 4326 μήτε

264 4359 585 4426 ἀγέννητον,
635 4353 788 4428 παρὰ
818 4352 954 4408 Θεοῦ
996 4351 1239 4421 γεγονὸς,
1286 4352 1447 4405 πόθεν
1480 4351 1590 4420 ἔχει
1630 4349 1726 4420 τὴν
1755 4349 1856 4418 φυ-

269 4469 356 4504 σιν
382 4467 396 4514 ;
422 4450 494 4501 Τὸ
524 4448 632 4519 γὰρ
654 4444 792 4501 εἶναι
825 4446 895 4499 τὰ
929 4445 1076 4499 κακά
1102 4444 1274 4507 οὐδεὶς
1307 4445 1526 4514 ἀντερεῖ
1547 4441 1654 4495 τῶν
1690 4458 1852 4512 μετεο

1939 587 2174 641 veritate
2215 587 2446 650 recedis,
2476 603 2510 641 ο
2536 587 2718 648 homo,
2743 585 2838 638 tibi
2877 584 2974 653 ipsi
3004 584 3152 638 exitii
3185 596 3378 638 causas
3417 600 3510 637 er.-

1941 675 2227 745 cogitans?
2257 673 2494 744 Simplex
2538 688 2620 730 est
2657 674 2847 740 dictio,
2876 682 2928 728 et
2965 674 3032 727 ab
3074 676 3324 729 omnibus
3363 688 3512 728 com-

1940 765 2200 834 prehendi
2234 765 2391 820 facile
2414 776 2611 832 potest.
2643 768 2796 833 Erat,
2832 766 3024 835 inquit,
3052 767 3327 820 invisibilis
3353 775 3517 820 terra.

1941 857 2200 922 Quanam
2249 865 2332 911 est
2383 856 2587 910 causa?
2623 856 2755 922 Quia
2799 855 3186 912 circumfusam
3221 857 3319 911 sibi
3357 861 3516 926 abys-

1942 964 2062 1003 sum
2116 947 2367 1003 habebat.
2415 949 2551 1017 Quid
2589 959 2768 1002 autem
2814 954 3041 1022 altyssus
3081 950 3519 1019 significat?Co-

1941 1044 2148 1112 piosatn
2203 1056 2441 1111 aquam,
2494 1041 2651 1110 cujus
2705 1041 2902 1096 fundus
2951 1046 3040 1098 vix
3097 1053 3274 1115 potest
3327 1042 3519 1112 attingi

1942 1136 2195 1190 deorsum
2232 1150 2438 1190 versus.
2484 1138 2555 1190 At
2597 1135 2871 1202 complura
2913 1150 3135 1205 corpora
3167 1153 3265 1206 per
3303 1147 3518 1192 tenuent

1941 1235 1998 1279 et
2043 1225 2464 1280 translucentcm
2525 1241 2723 1296 aquam
2774 1227 2976 1280 scimus
3022 1241 3127 1280 non
3167 1243 3288 1281 raro
3323 1227 3516 1283 videri.

1947 1318 2052 1388 16
2083 1316 2366 1383 Quomodo
2399 1317 2564 1386 igitur
2589 1318 2732 1371 nulla
2768 1326 2926 1371 terra:
2950 1333 3077 1387 pars
3102 1318 3202 1371 sub
3243 1328 3518 1386 aspectum

1942 1413 2170 1464 cadebat
2222 1427 2314 1480 per
2368 1411 2574 1480 aquas?
2604 1411 2737 1477 Quia
2783 1410 2987 1466 etl‘usus
3036 1425 3199 1480 super
3241 1425 3362 1465 eam
3401 1424 3518 1475 aer,

1942 1503 2205 1556 obscurus
2247 1502 2426 1556 adhuc
2480 1513 2621 1568 erat,
2654 1513 2708 1557 et
2760 1505 2996 1559 tenebris
3046 1504 3332 1558 obductus.
3384 1504 3504 1558 Nar

1944 1594 2072 1647 solis
2111 1593 2294 1647 radius
2335 1609 2458 1648 cum
2508 1611 2604 1664 per
2652 1609 2823 1664 aquas
2856 1607 3124 1665 penetrat,
3154 1610 3294 1664 saepe
3328 1595 3380 1649 in
3412 1595 3524 1648 ini;

1944 1687 2158 1756 gurgite
2188 1685 2426 1741 ealculus
2450 1688 2721 1752 ostendit;
2756 1698 2812 1742 at
2837 1703 2964 1742 vero
2995 1691 3044 1742 in
3076 1689 3337 1758 profunda
3365 1699 3524 1743 nocte

1947 1794 2105 1831 nemo
2152 1793 2215 1831 ca
2257 1793 2378 1847 quae
2415 1777 2516 1832 sub
2561 1794 2698 1848 aqua
2727 1788 2871 1844 sunt,
2898 1778 3005 1832 ullo
3030 1791 3186 1848 pacto
3213 1781 3397 1834 videre
3428 1794 3525 1848 po-

1947 1880 2073 1923 test.
2110 1871 2295 1938 ltaque
2329 1873 2378 1926 id
2408 1873 2553 1942 quod
2590 1873 2958 1944 subjungitur,
2990 1873 3218 1943 abyssus
3245 1873 3525 1928 incumbe-

1947 1962 2052 2021 b‘at,
2091 1973 2144 2015 et
2174 1977 2234 2015 ea
2279 1974 2396 2015 erat
2446 1966 2686 2019 tenebris
2735 1966 2987 2032 obducta,
3027 1967 3077 2020 in
3122 1979 3284 2020 causa
3319 1974 3401 2020 est
3428 1980 3526 2019 cur

1950 2062 2090 2106 terra
2126 2053 2290 2107 fuerit
2321 2054 2627 2109 invisibilis.
2662 2055 2845 2124 Neque
2874 2059 3038 2126 igitur
3068 2059 3298 2128 abyssus
3330 2057 3525 2111 adrer-

1949 2146 2216 2200 sariarum
2246 2155 2574 2216 potestatum
2602 2159 2687 2204 est
2717 2150 3021 2215 multitudo,
3048 2160 3106 2204 ut
3136 2150 3356 2220 quidam
3388 2151 3526 2204 ima-

1949 2240 2115 2309 ginati
2158 2248 2286 2294 sunt
2319 2257 2332 2293 :
2370 2255 2545 2310 neque
2597 2241 2832 2297 tenebrae
2873 2253 2998 2297 sunt
3030 2243 3344 2315 principalis
3375 2258 3527 2314 quat-

1950 2335 2071 2386 dam
2116 2348 2180 2387 ac
2228 2333 2368 2386 mala
2418 2337 2682 2403 potentia,
2725 2337 2865 2390 bono
2907 2338 3171 2404 opposita.
3215 2337 3330 2391 Duo
3378 2336 3524 2391 enim

1957 2427 2098 2479 inter
2145 2440 2204 2480 se
2251 2426 2638 2481 contrarietate
2676 2427 2826 2496 paria
2873 2436 3057 2481 mutuo
3090 2443 3242 2482 suam
3276 2439 3524 2482 naturam

1948 2519 2264 2584 destruent;
2313 2533 2376 2572 ac
2418 2517 2789 2574 indesinenter
2816 2521 3054 2588 capient,
3085 2519 3525 2590 exhibebuntqne

1949 2607 2243 2672 molestias,
2275 2609 2390 2678 jugi
2438 2610 2582 2664 i'uter
2611 2624 2670 2664 se
2725 2609 2869 2664 bello
2924 2609 3219 2679 implicata.
3272 2609 3427 2677 Quod
3481 2612 3524 2664 si

1950 2700 2350 2754 adversantium
2378 2700 2612 2756 alterum
2639 2701 2796 2756 alteri
2822 2703 3027 2758 viribus
3058 2713 3301 2772 praestet,
3323 2704 3524 2757 victum

1949 2792 2169 2842 omnino
2201 2792 2455 2847 absumit.
2488 2792 2601 2860 Qua
2615 2809 2671 2849 re
2699 2796 2742 2848 si
2773 2797 2898 2848 mali
2935 2797 3372 2850 contrarietatem
3402 2810 3524 2848 cum

1952 2878 2092 2932 bono
2132 2880 2464 2949 arquilibrem
2524 2898 2648 2937 esse
2695 2885 2909 2947 dicant,
2965 2884 3280 2938 continuum
3329 2884 3524 2937 bellum

1952 2981 2376 3042 perpetuamque
2411 2974 2814 3043 corruptionem
2859 2976 3149 3041 inducunt;
3186 2979 3524 3046 quandoqui-

1951 3063 2070 3117 dem
2126 3065 2322 3132 partim
2372 3065 2634 3129 vincunt,
2693 3067 2888 3134 partim
2937 3067 3247 3133 vincuntur.
3309 3068 3428 3123 iam
3478 3069 3528 3122 si

1954 3157 2157 3209 viribus
2186 3156 2461 3227 praepollet
2488 3157 2723 3223 bonum;
2758 3161 2885 3229 quid
2918 3159 3016 3214 fuit
3047 3176 3245 3224 causae,
3275 3175 3376 3216 cur
3402 3161 3525 3214 mali

1955 3258 2143 3301 natura
2186 3265 2290 3301 non
2341 3248 2578 3304 funditus
2610 3251 2822 3305 sublata
2871 3253 2982 3305 sit?
3025 3251 3120 3306 Sin
3169 3252 3348 3315 aliter,
3385 3255 3527 3322 quod

1954 3357 2059 3397 non
2095 3341 2216 3394 licet
2243 3343 2444 3402 dicere,
2475 3345 2643 3397 miror
2678 3344 2950 3414 quoinodo
2984 3361 3042 3399 se
3068 3345 3165 3415 ipsi
3190 3361 3296 3400 non
3333 3346 3530 3401 abhor-

1956 3443 2129 3494 reant,
2163 3435 2228 3487 ad
2268 3445 2372 3488 tam
2412 3434 2641 3490 nefanda
2672 3436 2951 3492 maledicta
2985 3437 3204 3507 delapsi.
3247 3440 3313 3493 At
3358 3456 3530 3510 neque

1955 3526 2153 3577 malum
2190 3542 2218 3579 a
2258 3525 2364 3580 Deo
2399 3539 2715 3596 generatum
2751 3545 2894 3593 esse,
2927 3531 3106 3585 dicere
3139 3531 3220 3586 fas
3257 3541 3362 3598 est,
3403 3549 3528 3602 pro-

1953 3626 2137 3686 pterea
2186 3619 2326 3685 quod
2368 3620 2571 3673 nullum
2611 3622 2943 3676 contrarium
2978 3639 3007 3675 a
3044 3623 3314 3676 contrario
3344 3623 3532 3692 gignao

1953 3719 2060 3765 tur.
2093 3709 2279 3779 Neque
2313 3712 2458 3765 enim
2494 3713 2602 3765 vita
2635 3723 2862 3768 mortem
2893 3726 3132 3783 generat,
3171 3727 3348 3783 neque
3383 3721 3532 3767 tene-

1954 3801 2062 3856 bra:
2110 3803 2244 3858 lucis
2292 3805 2617 3874 principium
2669 3815 2815 3870 sunt,
2863 3822 3036 3876 neque
3085 3808 3304 3861 morbus
3350 3808 3532 3876 opifex

1952 3907 2033 3948 est
2070 3898 2322 3951 sanitatis
2356 3917 2368 3952 :
2404 3897 2496 3951 sed
2543 3899 2592 3950 in
2628 3896 2972 3951 aﬁ‘ectionum
3001 3898 3534 3968 commutationibus,

1952 4003 1982 4039 e
2009 3989 2299 4041 contrariis
2329 3991 2394 4040 ad
2433 3990 2704 4041 contraria
2751 3989 2884 4042 fiunt
2933 3988 3279 4045 transitiones
3312 4011 3324 4044 :
3359 3990 3411 4044 in
3447 4005 3536 4060 ge-

1954 4078 2329 4132 nerationibus
2377 4093 2526 4145 vero,
2571 4094 2657 4134 res
2702 4081 2927 4151 singula:
2967 4095 3086 4150 qua
3121 4081 3277 4146 ﬁunl,
3310 4069 3414 4135 non
3463 4097 3532 4136 ex

1953 4169 2266 4232 contrariis,
2291 4168 2384 4224 sed
2428 4185 2493 4224 ex
2538 4173 2930 4240 congeneribus
2969 4173 3358 4240 producuntur.
3401 4173 3535 4228 Pro-

1955 4259 2101 4324 inde,
2132 4261 2402 4330 inquiunt,
2427 4264 2472 4316 si
2505 4279 2678 4333 neque
2723 4264 3022 4334 ingenitum
3062 4276 3143 4319 est
3182 4265 3404 4330 malum,
3438 4282 3532 4321 tte-

1956 4367 2060 4420 que
2103 4368 2134 4407 a
2183 4353 2294 4408 Deo
2343 4356 2608 4424 genitum,
2659 4355 2801 4410 unde
2850 4345 3100 4410 naturam
3155 4356 3358 4411 habet?
3391 4355 3530 4410 Nam

1966 4445 2104 4499 mala
2136 4461 2256 4501 esse
2287 4462 2446 4501 nemo
2475 4447 2598 4500 vita:
2631 4448 2900 4518 particeps
2931 4448 3226 4518 negaverit.
3259 4446 3397 4514 Quid
3429 4448 3533 4517 igi-

267 4546 474 4616 χόντων
505 4540 602 4594 τοῦ
635 4539 773 4608 βίου.
805 4535 980 4592 Τίοῦν
1004 4554 1183 4608 φαμεν
1208 4554 1223 4602 ;
1253 4537 1376 4589 Ὅτι
1408 4536 1470 4588 τὸ
1507 4534 1674 4588 κακόν
1707 4535 1843 4586 ἐστιν

1958 4547 2046 4590 tur
2073 4537 2347 4593 dicimus?
2381 4538 2576 4592 Malum
2622 4539 2836 4593 scilicet
2878 4554 2984 4592 non
3020 4538 3378 4592 substantiam
3411 4554 3533 4592 esse

266 4635 393 4706 οὐχὶ
423 4632 578 4687 οὐσία
613 4628 765 4696 ζῶσα
795 4629 889 4682 καὶ
932 4627 1195 4698 ἔμψυχος,
1225 4625 1361 4680 ἀλλά
1386 4625 1623 4706 διάθεσις
1654 4627 1710 4677 ὲν
1749 4623 1848 4693 qm-

269 4689 370 4798 χῇλ
383 4689 638 4787 ἐναντίως
664 4723 862 4792 ἔχουσα
911 4689 1046 4792 πρὸς
1083 4689 1321 4791 ἀρετὴν,
1350 4718 1435 4770 δια
1466 4719 1560 4788 τὴν
1588 4689 1716 4769 ΧἾάττὸ
1752 4689 1846 4768 τοῦ

271 4818 438 4873 καλοῦ
472 4817 784 4870 ἀπόπτωσιν
813 4815 925 4875 τοῖς
956 4809 1218 4882 ῥᾳθύμοις
1247 4808 1592 4878 ἐγγινομένη.

344 4909 397 4963 ὕ.
427 4909 516 4978 Μὴ
544 4908 720 4960 τοίνυν
753 4904 950 4970 ἔξωθεν
994 4901 1054 4953 τὸ
1109 4901 1276 4954 κακὸν
1318 4899 1663 4972 περισκόπει,
1716 4896 1848 4966 μηδὲ

345 5109 458 5180 (20)
486 5111 708 5180 Antiqui
755 5120 864 5165 tres
889 5109 1009 5163 libri
1041 5110 1441 5180 ἁμαρτήσεται.
1469 5108 1618 5180 Editi
1663 5109 1842 5180 ἀμαρ-

267 5177 448 5252 τήσει.
501 5177 654 5252 Colb.
703 5182 910 5250 primus
956 5177 1265 5252 ἁμαρτήσει
1295 5178 1430 5252 Δτοῦ⁸
1462 5177 1844 5252 δέοντοςζΜόι

267 5247 423 5305 (Iolb.
445 5247 734 5312 secundus,
765 5247 1021 5321 ἀφορμὰς
1047 5247 1230 5320 σαυτῷ
1257 5250 1355 5319 τῆς
1409 5247 1684 5312 ἀσεϐείας,
1745 5252 1846 5301 im-

267 5323 478 5386 pietatis
514 5321 832 5374 occasiones.

344 5390 728 5461 (21)_Veteres
793 5391 897 5444 duo
961 5390 1083 5446 libri
1143 5389 1604 5461 διεσκοτισμένος.
1644 5387 1845 5442 Ibidem

270 5459 445 5515 editio
480 5459 644 5514 Basil.
679 5469 734 5514 et
768 5469 998 5527 quatu0r
1054 5475 1186 5516 mss.
1236 5460 1387 5528 Regii
1426 5459 1548 5514 eum
1611 5470 1841 5525 utroque

269 5531 422 5585 Colb.
453 5533 482 5584 ὁ
517 5531 654 5600 ὑπὲρ
693 5529 856 5584 αὑτοῦ
883 5545 896 5558 ·
946 5546 1065 5600 quae
1094 5546 1194 5584 vox
1240 5530 1402 5583 αὑτοῦ
1447 5531 1634 5584 referri
1667 5538 1842 5600 potest

271 5601 343 5672 ad
372 5616 554 5655 vocem
579 5597 743 5672 ὕδωρ,
775 5615 894 5672 qua:
919 5597 1079 5672 paulo
1111 5612 1234 5655 ante
1263 5603 1475 5672 legitur.
1519 5601 1692 5654 Editio
1739 5597 1844 5672 Pa-

273 5671 369 5726 ris.
397 5672 592 5742 ήύπὲρ
618 5671 807 5741 αὐτῆς.
832 5671 1184 5742 Arbitrantur
1226 5680 1402 5724 autem
1466 5671 1556 5742 ita.
1583 5671 1842 5725 emenda-

273 5748 395 5823 tum.
418 5738 486 5822 ab
517 5738 715 5810 aliquo,
746 5738 854 5823 qui.
875 5741 974 5820 sibi
1001 5739 1136 5823 falso
1168 5738 1528 5823 persuasissel
1586 5755 1839 5823 necessa-

275 5811 359 5865 rio
383 5811 482 5881 legi
511 5823 760 5881 oportere
795 5810 988 5880 αὐτῆς,
1015 5819 1074 5866 ιιι
1100 5810 1200 5866 Μό
1237 5825 1528 5878 pronomen
1567 5811 1632 5865 ad
1654 5824 1838 5864 vocem

1957 4629 2250 4693 viventem,
2281 4637 2376 4682 aut
2423 4629 2718 4682 animatam
2758 4630 2900 4686 :sed
2951 4632 3148 4684 animae
3190 4628 3531 4685 aﬂ'ectionem

1954 4715 2143 4768 virtuti
2175 4716 2532 4780 contrariam,
2561 4719 2848 4773 desidiosis
2885 4734 2948 4772 ac
2975 4719 3254 4784 inertibus,
3284 4729 3534 4790 propter-

1956 4823 2016 4860 ea
2044 4809 2187 4875 quod
2217 4822 2246 4859 a
2283 4807 2422 4862 bono
2453 4810 2789 4876 deciderunt,
2825 4813 3068 4866 inditam.

2027 4898 2082 4952 5.
2125 4897 2317 4952 Malunt
2377 4901 2554 4969 itaque
2614 4902 2912 4958 forinsecus
2970 4919 3036 4957 ne
3096 4905 3528 4973 circumspicias,

1949 5111 2019 5181 γῆ
2052 5112 2362 5167 referretur.
2397 5111 2564 5166 Paulo
2597 5111 2735 5166 infra
2767 5113 3010 5182 quinque
3038 5126 3167 5166 mss.
3202 5113 3360 5184 ἡλίου
3411 5114 3531 5168 065t-

1945 5198 2134 5373 ζωέέὶ)
2190 5253 2329 5308 Editi
2391 5249 2460 5324 ἦν
2530 5252 2820 5325 ἐπέχουσα.
2885 5250 2955 5303 At
3013 5266 3144 5305 mss.
3203 5269 3293 5309 se:
3350 5256 3384 5325 ἡ
3433 5255 3534 5308 ἐπ.

1983 5338 2168 5373 νουσα.

1983 5338 2341 5465 ξῗξὲῗοεάίιίο
2395 5395 2570 5448 Paris.
2601 5394 2696 5465 τοῦ
2747 5393 3146 5465 ἀντικειμένου.
3178 5394 3366 5465 Editio
3404 5409 3534 5446 vero

1957 5458 2127 5517 Basil.’
2145 5475 2198 5518 et
2231 5465 2403 5519 codex
2451 5463 2696 5519 Combcf.
2741 5481 2860 5517 cum
2898 5458 3018 5520 aliis
3053 5477 3260 5534 septem
3303 5464 3412 5516 τῶν
3439 5468 3534 5518 ἀν-

1955 5535 2297 5606 τικειμένων.
2335 5536 2488 5592 Colb.
2523 5535 2727 5604 prinms
2759 5534 2835 5606 τῷ
2864 5535 3248 5606 ἀντικειμένῳ.

2023 5604 2135 5677 (ἓξ)
2169 5607 2226 5677 l_u
2260 5623 2387 5658 mss.
2424 5621 2528 5659 non
2564 5607 2746 5674 paucis
2779 5604 3021 5674 legitura
3051 5604 3208 5677 μηδέ.

1951 5675 2138 5811 “(3:5)
2175 5673 2248 5730 Ita
2282 5693 2413 5731 mss.
2471 5673 2595 5730 cum
2642 5673 2878 5732 editione
2914 5673 3082 5733 Basil.
3115 5673 3324 5732 'Editio
3356 5675 3530 5733 Paris.
