4058 6446
497 364 562 417 59
1848 361 1901 415 S.
1948 362 2093 416 BASI

2229 361 2439 413 MAGNI
3702 365 3773 420 40

499 498 635 536 neve
677 483 1058 552 pritnigeuiaut
1097 482 1384 551 quaunlam
1432 483 1778 554 malignitatis
1825 491 2071 536 naturam

2202 480 2471 552 ιρχὲγονόν
2507 497 2627 532 τινα
2661 476 2820 546 φύσιν
2862 480 3122 551 πονηρίας
3158 476 3269 547 (‘26)
3296 478 3566 547 φαντάζου
3592 493 3603 505 ·
3636 478 3776 531 ἀλλὰ

499 574 919 627 comminiscare
954 590 966 625 :
1010 574 1103 627 Sed
1143 588 1254 627 sua!
1294 575 1524 643 quisque
1559 574 1778 628 malitia:
1809 588 1864 628 se
1902 573 2073 641 ipsum

498 674 761 734 agnoscat
794 674 1089 719 auctorem.
1128 666 1261 719 Nam
1298 681 1511 735 semper
1549 682 1736 721 eorum
1772 681 1888 735 qua:
1921 666 2075 730 fiunt,

503 755 606 809 alia
633 754 849 825 quidem
887 770 915 808 a
949 765 1137 811 natura
1175 756 1326 810 nobis
1364 759 1707 826 contingunt,
1736 767 1794 811 ut
1831 765 2079 811 senectus

502 856 558 902 et
612 848 955 902 infirmitates
991 866 1005 903 :
1041 848 1144 902 alia
1198 863 1326 902 vero
1374 864 1403 903 a
1444 863 1593 914 casu,
1637 857 1764 917 puta
1818 848 2078 917 inopinati

505 942 861 1009 quarumdam
896 956 1076 996 rerum
1107 953 1250 1011 sa‘pe
1286 943 1547 1003 tristium,
1576 948 1674 995 aut
1719 942 1880 994 etiam
1931 939 2078 993 laua-

504 1046 624 1087 rum
676 1040 925 1097 eventus,
965 1048 1028 1087 ex
1081 1031 1274 1088 alienis
1332 1032 1615 1103 principiis
1677 1032 2077 1086 adnascentes:

503 1127 650 1180 velut
699 1137 918 1196 puteum
980 1124 1230 1191 fodienti,
1278 1125 1517 1180 thesauri
1573 1124 1832 1189 inventio,
1874 1133 1968 1178 aut
2014 1125 2082 1179 ad

507 1217 681 1273 forum
746 1217 1151 1287 progredienti,
1216 1216 1386 1271 rabidi
1438 1218 1590 1273 canis
1641 1232 1929 1281 occursus;
1980 1217 2083 1272 alia

508 1312 720 1366 tandem
766 1312 818 1364 in
868 1322 1053 1367 nostra
1088 1320 1356 1381 potestate
1382 1320 1435 1365 et
1465 1310 1693 1365 arbitrio
1722 1320 1848 1365 sunt
1883 1312 2081 1379 posita,

505 1416 562 1460 ut
614 1408 940 1477 cupiditates
993 1421 1274 1475 superare,
1314 1414 1408 1460 aut
1456 1405 1823 1474 voluptatibus
1864 1406 2082 1462 modum

506 1514 610 1553 non
647 1514 847 1567 ponere
887 1520 898 1552 :
933 1498 1081 1553 velut
1116 1498 1254 1552 iram
1298 1496 1601 1561 continere,
1633 1495 1717 1551 vel
1746 1496 1802 1550 in
1838 1510 1958 1551 eum
1994 1500 2083 1568 qui

506 1590 702 1661 injuria
755 1589 1073 1655 lacessivit,
1124 1604 1346 1645 manum
1398 1591 1671 1661 injicere:
1710 1591 1837 1645 item
1897 1604 2087 1646 verum

504 1681 684 1735 dicere
724 1691 817 1736 aut
866 1682 1086 1737 mentiri
1128 1699 1142 1737 :
1176 1692 1519 1738 mansuetum
1570 1684 1813 1738 moribus
1868 1698 1990 1739 esse
2031 1691 2089 1738 et

507 1774 875 1840 moderatum,
909 1786 1004 1829 aut
1035 1774 1300 1830 tumidum
1330 1784 1383 1829 et
1410 1776 1664 1846 superbia
1695 1774 1919 1832 elatum.
1952 1775 2089 1843 Quo-

508 1880 627 1919 rum
676 1866 861 1935 itaque
914 1873 968 1918 tu
1018 1866 1134 1935 ipse
1177 1866 1429 1920 dominus
1462 1845 1542 1929 es,
1579 1879 1712 1921 cave
1744 1881 1952 1935 quaeras
1992 1864 2088 1918 bo-
2118 1845 2163 1900 Β

509 1969 628 2008 rum
676 1956 941 2025 principia
988 1956 1088 2026 17
1145 1956 1363 2011 aliunde
1404 1970 1419 2009 :
1460 1956 1556 2011 sed
1612 1958 1811 2011 malum
1875 1955 2090 2025 proprie

507 2048 713 2101 dictum
766 2048 983 2101 noveris
1041 2065 1071 2101 a
1123 2047 1442 2103 voluntariis
1497 2049 1740 2120 lapsibus
1796 2048 2087 2115 incepisse.

509 2140 643 2195 Nam
670 2141 717 2196 si
747 2141 945 2195 malum
977 2157 1080 2196 non
1112 2150 1256 2196 esset
1280 2141 1669 2207 voluntarium,
1694 2156 1794 2196 nec
1824 2142 1877 2196 in
1908 2153 2093 2198 nostra

508 2242 778 2304 potestate
808 2234 996 2298 situm,
1030 2232 1281 2303 injuriam
1328 2235 1684 2291 inferentibus
1725 2248 1832 2287 non
1884 2234 2094 2303 impen-

508 2329 659 2383 deret
713 2337 895 2383 tantus
946 2328 1109 2382 timor
1163 2344 1189 2381 a
1251 2328 1480 2398 legibus,
1532 2326 1718 2395 sicque
1762 2325 2091 2395 iudiciorum

510 2435 683 2488 pusum
709 2436 829 2491 quae
859 2422 1108 2476 meritam
1140 2420 1399 2475 maleﬁcis
1431 2421 1732 2489 rependunt
1760 2421 2083 2484 mercedem,

510 2513 686 2568 forent
734 2512 1095 2567 inevitabiles.
1149 2512 1312 2580 Atqui
1368 2511 1481 2566 hzee
1538 2511 1668 2566 mihi
1719 2513 1786 2567 de
1834 2527 1898 2567 eo
1945 2510 2089 2580 quod

509 2606 728 2678 pr0prie
769 2607 969 2659 malum
1013 2614 1120 2667 est,
1153 2605 1294 2658 dicta
1328 2605 1457 2658 sint.
1492 2604 1734 2658 Morbum
1764 2605 1931 2668 enim,
1956 2616 2091 2672 pau-

517 2703 804 2763 pertatem,
838 2693 1216 2763 ignominiam,
1256 2705 1509 2758 mortem,
1544 2703 1597 2747 et
1624 2694 1802 2747 omnia
1833 2707 2091 2762 quaecun-

510 2801 617 2854 que
664 2787 978 2842 hominibus
1022 2785 1250 2841 molesta
1292 2792 1420 2839 sunt
1464 2785 1517 2837 in
1560 2784 1825 2838 malorum
1867 2796 2093 2837 numero

512 2892 611 2947 par
646 2893 751 2932 non
791 2889 875 2933 est
908 2893 1192 2935 recensere
1232 2897 1245 2933 :
1285 2892 1349 2933 eo
1381 2878 1524 2947 quod
1558 2891 1732 2947 neque
1765 2890 1826 2930 ea
1860 2892 1980 2947 qua;
2011 2876 2095 2932 his

512 2981 881 3039 opponuntur,
933 2972 1077 3024 inter
1140 2971 1373 3025 maxima
1422 2970 1561 3025 bona
1609 2983 2032 3025 annumeramus
2077 2986 2092 3024 :

514 3078 744 3133 quorum
777 3062 957 3130 aliqua
1010 3062 1197 3115 insunt
1255 3073 1445 3116 natura
1483 3081 1496 3118 :
1536 3063 1713 3132 aliqua
1753 3078 1882 3118 vero
1929 3064 2094 3117 etiam

514 3157 720 3211 utiliter
750 3155 932 3210 multis
979 3154 1246 3209 accidisse
1281 3165 1512 3208 constat.
1558 3154 1783 3208 Omnem
1821 3155 1983 3223 igitur
2013 3155 2095 3207 in-

515 3250 982 3317 terpretationem,
1026 3248 1193 3317 tropis
1229 3254 1285 3301 et
1318 3244 1591 3316 allegoriis
1636 3252 2004 3309 constantem,
2042 3245 2093 3299 in

514 3340 803 3407 praesentia
855 3340 1366 3409 prsetermittentes,
1417 3338 1763 3395 tenebrarum
1817 3336 2094 3392 notionem

515 3430 837 3499 simpliciter
866 3443 921 3485 et
948 3432 1086 3485 citra
1117 3433 1512 3499 curiositatem,
1551 3446 1768 3487 sensum
1805 3431 2099 3503 Scriptura

514 3522 713 3587 secuti,
750 3522 1100 3590 accipiamus.
1152 3519 1383 3589 lnquirit
1414 3530 1595 3577 autem
1645 3522 1804 3588 ratio,
1838 3537 1903 3574 an
1938 3521 2100 3575 simul

517 3628 639 3667 cum
676 3614 879 3668 mundo
911 3612 1064 3666 facta:
1088 3612 1194 3665 sint
1230 3612 1485 3675 tenebraz,
1522 3622 1577 3666 et
1611 3621 1790 3665 utrum
1823 3613 2097 3681 antiquio-

519 3723 605 3761 res
636 3707 745 3759 sint
777 3705 920 3770 luce,
947 3715 1000 3758 et
1032 3718 1129 3757 cur
1167 3704 1215 3758 id
1256 3705 1398 3772 quod
1430 3703 1666 3757 deterius
1693 3711 1774 3757 est
1808 3703 1958 3772 prius
1996 3717 2097 3756 ex-

516 3798 757 3854 stiterit?
799 3797 1036 3851 Dicimus
1071 3796 1234 3865 igitur
1271 3797 1432 3849 hasce
1470 3796 1720 3850 tenebras
1758 3810 1862 3850 non
1896 3810 2097 3851 secun-

517 3890 643 3945 dum
700 3889 1061 3944 substantiam
1110 3888 1465 3942 substitisse:
1506 3888 1600 3943 sed
1652 3886 1819 3943 fuisse
1870 3887 1922 3942 in
1974 3903 2101 3943 aere

519 3981 886 4049 affectionem,
930 3997 996 4036 ex
1044 3981 1263 4035 luminis
1314 3981 1619 4051 privatione
1666 3982 2098 4052 provenieutem.

521 4070 585 4123 Et
615 4088 743 4125 vero
784 4072 966 4125 mundi
1004 4072 1153 4125 locus
1195 4071 1474 4139 Cujusnam
1506 4071 1643 4126 lucis
1676 4073 1818 4127 illico
1851 4073 2104 4130 iuventus

519 4176 601 4217 est
632 4179 843 4227 exsors,
875 4166 1008 4215 adeo
1056 4174 1113 4215 ut
1161 4164 1397 4217 tenebras
1448 4179 1611 4233 super
1644 4179 1838 4233 aquam
1880 4166 2104 4220 essent?

522 4256 665 4310 Sane
711 4258 754 4311 si
802 4256 929 4325 quid
963 4263 1086 4308 ante
1115 4264 1253 4320 erat,
1285 4271 1446 4325 quant
1484 4257 1572 4310 hic
1608 4257 1843 4312 mundus
1881 4258 2102 4312 sensibi-

521 4349 589 4404 lis
613 4360 775 4418 atque
815 4350 1148 4419 corruptioui
1182 4348 1453 4403 obnoxius
1494 4350 1941 4415 constitueretur,
1975 4365 2101 4418 pro-

522 4441 663 4497 fecto
699 4443 748 4496 id
790 4443 1118 4496 arbitramur
1161 4443 1212 4495 iu
1262 4442 1466 4497 lumine
1507 4441 1695 4498 fuisse.
1730 4442 1915 4512 Neque
1953 4445 2096 4497 enim

521 4537 837 4605 angelorum
869 4535 1175 4604 dignitates,
1202 4549 1376 4606 neque
1404 4535 1657 4590 caelestes
1682 4545 1947 4605 quotquot
1975 4546 2103 4591 sunt

2177 571 2277 641 τῆς
2308 575 2364 624 ἐν
2398 570 2577 640 ἑαυτῷ
2624 569 2818 632 κακίας
2850 570 3078 635 ἕκαστος
3117 569 3308 624 ἑαυτὸν
3353 570 3597 641 ἀρχηγὸν
3632 586 3775 637 γνω-

2182 664 2398 736 ριζέτω.
2450 663 2559 714 Ἀεὶ
2586 664 2695 734 γὰρ
2736 661 2843 714 τῶν
2875 667 3177 733 γινομένων
3211 662 3278 717 τά
3323 663 3419 733 μὲν
3454 667 3518 718 ἐκ
3553 664 3774 734 φύσεως

2180 758 2310 827 ἡμῖν
2340 756 2663 824 ἐπιγίνεται,
2701 753 2811 812 οἷον
2855 759 3034 830 γῆρας
3082 764 3178 814 καὶ
3220 760 3495 815 ἀσθένειαι
3533 763 3673 833 (27),
3708 758 3780 811 τά

2180 849 2234 901 δὲ
2259 850 2367 901 ἀπὸ
2393 852 2755 919 ταυτομάτου,
2787 846 2897 905 οἷον
2926 852 2982 904 αἱ
3016 852 3198 920 ἄλογοι
3226 852 3594 928 περιπτώσεις
3624 855 3781 909 ἀλλο-

2181 946 2359 1017 τρίαις
2405 949 2600 1021 ἀρχαῖς
2658 949 3169 1019 ὲπισυμϐαίνουσαι,
3237 948 3576 1023 σκυθρωπῶν
3617 967 3783 1006 τινων

2185 1037 2514 1109 πολλάκιςῆ
2566 1040 2661 1091 καὶ
2706 1041 2815 1094 τῶν
2870 1039 3280 1112 φαιδροτέρων·
3333 1043 3407 1106 ὼς
3458 1038 3536 1109 τῷ
3596 1043 3782 1114 φρέαρ

2185 1136 2467 1204 ὀρυσσοντι
2501 1133 2533 1202 ἡ
2580 1133 2672 1185 τοῦ
2712 1134 2989 1204 θησαυροῦ
3041 1133 3279 1207 εὕρεσις,
3317 1136 3349 1205 ἢ
3392 1135 3471 1207 τῷ
3505 1134 3643 1206 πρὸς
3685 1137 3785 1206 τὴν

2185 1226 2390 1297 ἀγορὰν
2425 1227 2742 1299 ὡρμημένῳ
2775 1230 2808 1299 ἡ
2833 1227 2926 1280 τοῦ
2954 1228 3260 1292 λυσσῶντος
3308 1232 3468 1296 κυνὸς
3498 1229 3741 1292 ἔντευξις
3768 1250 3784 1261 ο

2187 1321 2253 1373 τὰ
2286 1319 2341 1373 δὲ
2376 1320 2459 1389 ἐφ’
2500 1322 2632 1391 ἡμῖν
2668 1321 2949 1391 τυγχάνει,
2990 1322 3065 1386 ὡς
3104 1323 3166 1375 τὸ
3214 1324 3489 1393 κρατῆσαι
3529 1323 3639 1377 τῶν
3670 1324 3791 1374 ἐπι-

2187 1411 2418 1483 θυμιῶν,
2453 1413 2486 1485 ἢ
2530 1414 2605 1486 μὴ
2652 1415 2878 1468 κολάσαι
2903 1413 3001 1475 τὰς
3033 1414 3254 1485 ἡδονάς·
3288 1415 3363 1478 ὡς
3390 1417 3452 1469 τὸ
3489 1414 3789 1485 κατασχεῖν

2188 1504 2444 1577 ὀργῆς,ἣ
2497 1510 2685 1577 χεῖρας
2742 1506 3035 1573 ἐπαφεῖναι
3077 1505 3156 1577 τῷ
3195 1505 3560 1577 παροξύναντι
3585 1525 3597 1537 ·
3652 1505 3791 1574 ἁλη-

2189 1594 2388 1661 θεύειν,
2430 1594 2463 1666 ἢ
2497 1594 2819 1665 ψεύδεσθαιο
2859 1594 3079 1665 ἐπιεικῆ
3113 1597 3175 1650 τὸ
3207 1593 3339 1668 ἦθος
3370 1590 3511 1649 εἶναι
3556 1597 3651 1649 καὶ
3686 1595 3791 1667 μέ-

2187 1705 2358 1759 τριον,
2389 1688 2422 1759 ἢ
2461 1687 2770 1758 ὑπέρογκον
2802 1687 2897 1740 καὶ
2943 1685 3285 1752 ἀλαζονείαις
3326 1687 3789 1757 ὑπεραιρόμενον.

2190 1772 2292 1834 Ὧν
2318 1781 2493 1835 τοίνυν
2517 1780 2680 1843 αὐτὸς
2710 1776 2761 1834 εἴ
2784 1780 2992 1853 κύριος,
3025 1782 3232 1837 τούτων
3260 1782 3357 1847 τὰς
3386 1780 3561 1854 ἀρχὰς
3589 1781 3662 1853 μὴ
3688 1780 3793 1851 ζη-

2191 1876 2365 1948 τήσῃς
2394 1871 2503 1943 (28)
2540 1871 2826 1943 ἑτέρωθεν,
2852 1872 2987 1926 ἀλλὰ
3017 1872 3253 1945 γνώριζε
3286 1874 3346 1927 τὸ
3384 1873 3589 1945 κυρίως
3618 1875 3796 1927 κακὸν

2194 1967 2258 2019 ὲκ
2290 1964 2399 2017 τῶν
2429 1964 2831 2036 προαιρετικῶν
2861 1965 3281 2037 άποπτωμάτων
3306 1966 3405 2039 τὴν
3434 1968 3609 2039 ἀρχὴν
3644 1967 3795 2035 εἰλη-

2195 2059 2310 2127 φός.
2351 2055 2425 2108 Οὐ
2457 2055 2565 2128 γὰρ
2598 2056 2686 2121 ἂν,
2721 2057 2878 2129 εἴπερ
2908 2057 3161 2113 ἀκούσιον
3191 2056 3258 2130 ἦν
3292 2060 3428 2131 (29),
3470 2060 3564 2113 καὶ
3598 2059 3675 2131 μὴ
3707 2060 3795 2128 ἐφ’

2195 2152 2346 2220 ἡμῖν,
2382 2146 2638 2212 τοσοῦτος
2672 2150 2771 2220 μὲν
2809 2152 2873 2204 ὲκ
2902 2149 3011 2204 τῶν
3040 2151 3221 2222 νόμων
3254 2154 3282 2204 ὁ
3327 2152 3491 2219 φόϐος
3526 2154 3640 2213 τοῖς
3678 2152 3796 2205 ἀδι-

2196 2239 2381 2293 κοῦσιν
2412 2238 2713 2312 ἐπήρτητο,
2750 2240 2893 2296 οὕτω
2918 2240 2974 2294 δὲ
3005 2242 3373 2313 ἀπαραίτητοι
3407 2241 3514 2293 τῶν
3539 2240 3799 2310 δικαστη-

2199 2333 2329 2403 ρίων
2375 2336 2431 2388 αί
2483 2333 2755 2400 κολάσεις,
2804 2335 2865 2388 τὸ
2913 2332 3050 2405 πρὸς
3108 2333 3267 2400 ἀξίαν
3296 2335 3408 2398 τοῖς
3461 2332 3800 2404 κακούργοις

2195 2428 2639 2501 ἀντιμετροῦσαι.
2679 2428 2865 2483 Ταῦτα
2908 2428 2965 2481 δέ
2997 2446 3087 2499 μοι
3124 2426 3368 2500 εἰρήσθω
3412 2427 3539 2498 περὶ
3569 2425 3664 2479 τοῦ
3695 2443 3798 2477 κυ-

2200 2524 2331 2593 ρίως
2365 2522 2560 2579 κακοῦ.
2595 2524 2770 2577 Νόσον
2811 2524 2921 2593 γὰρ
2967 2522 3061 2575 καὶ
3095 2522 3286 2575 πενίαν
3321 2523 3416 2576 καὶ
3446 2520 3668 2585 ἀδοξίαν
3700 2519 3801 2572 καὶ

2198 2614 2450 2681 θάνατον,
2486 2614 2582 2668 καὶ
2622 2615 2721 2666 ὅσα
2753 2612 2977 2685 λυπηρὰ
3007 2616 3121 2677 τοῖς
3157 2613 3491 2684 ἀνθρώποις,
3519 2609 3675 2663 οὔπω
3702 2609 3801 2662 καί¹

2196 2709 2253 2760 ἐν
2275 2711 2340 2779 τῇ
2384 2709 2548 2779 μοίρᾳ
2570 2705 2679 2759 τῶν
2709 2706 2896 2759 κακῶν
2925 2705 3380 2774 καταλογίζεσθαι
3405 2706 3575 2771 ἄξιον,
3617 2702 3708 2755 διὰ
3738 2701 3803 2753 τὸ

2201 2800 2336 2871 μηδὲ
2369 2799 2439 2852 τὰ
2459 2798 2813 2870 ἀντικείμενα
2845 2798 3056 2862 τούτοις
3091 2800 3148 2852 ὲν
3179 2800 3293 2861 τοῖς
3335 2796 3617 2869 μεγίστοις
3646 2796 3803 2866 ἡμᾶς

2196 2893 2305 2947 τῶν
2340 2891 2561 2961 ἀγαθῶν
2595 2891 2882 2962 ἀριθμεῖν·
2944 2885 3018 2945 ὧν
3049 2891 3116 2945 τὰ
3155 2891 3253 2961 μὲν
3285 2892 3349 2944 ὲκ
3400 2889 3619 2961 φύσεώς
3657 2891 3801 2951 ἐστι,

2198 2986 2267 3039 τά
2298 2986 2355 3039 δὲ
2382 2986 2477 3038 κα)⁸
2514 2984 2903 3057 συμφερόντως
2947 2984 3161 3047 πολλοῖς
3187 2985 3578 3055 ἀπαντήσαντα
3608 2981 3803 3052 φαίνε-

2198 3097 2309 3132 ται.
2351 3080 2541 3132 Πᾶσαν
2573 3074 2665 3131 οὖν
2703 3078 2970 3149 τροπικὴν
3006 3080 3100 3131 καὶ
3138 3078 3204 3131 δι’
3237 3077 3494 3140 ὑπονοίας
3537 3075 3804 3145 ἐξήγησιν

2201 3169 2258 3223 ἓν
2288 3187 2351 3237 γε
2379 3169 2457 3239 τῷ
2502 3169 2733 3238 παρόντι
2781 3169 3266 3236 κατασιγάσαντες,
3297 3168 3392 3221 τοῦ
3437 3167 3662 3231 σκότους
3701 3164 3805 3237 τὴν

2204 3259 2413 3313 ἔννοιαν
2436 3260 2625 3323 ἁπλῶς
2655 3259 2750 3314 καὶ
2780 3260 3234 3332 ἀπεριεργάστως
3265 3260 3399 3331 ('50).
3436 3260 3699 3329 ἑπόμενοι
3724 3256 3805 3328 τῷ

2208 3352 2507 3423 βουλήματι
2533 3351 2635 3422 τῆς
2666 3351 2913 3422 Γραφῆς,
2957 3351 3324 3424 ἐκδεξώμεθα.
3365 3352 3647 3423 Ἐπιζητεῖ
3688 3352 3745 3404 δὲ
3775 3354 3806 3402 ὁ

2207 3445 2386 3517 λόγος,
2420 3448 2467 3500 εί
2498 3445 3020 3517 συγκατεσκευάσθη
3042 3446 3120 3517 τῷ
3158 3446 3349 3518 κόσμῳ
3375 3446 3434 3500 τὺ
3466 3446 3681 3509 σκότος,
3708 3443 3807 3497 καὶ

2208 3541 2255 3593 εί
2283 3540 2634 3612 ἀρχαιότερον
2659 3538 2753 3592 τοῦ
2799 3538 2996 3607 φωτὸς,
3031 3539 3125 3591 καὶ
3170 3539 3257 3593 διὰ
3278 3541 3332 3592 τί
3361 3539 3422 3591 τὸ
3447 3541 3630 3608 χεῖρον
3676 3554 3808 3602 πρε-

2209 3631 2491 3703 σϐύτερον.
2536 3633 2784 3701 Λέγομεν
2821 3631 2999 3684 τοίνυν
3042 3633 3135 3684 καὶ
3174 3632 3334 3683 τοῦτο
3375 3631 3434 3682 τὸ
3466 3630 3659 3690 σκότος
3720 3627 3796 3697 μὴ

2208 3723 2327 3774 κατ’
2349 3723 2535 3775 οὐσίαν
2568 3724 2955 3793 ὑφεστηκέναι,
2991 3723 3127 3776 ἀλλὰ
3166 3722 3337 3784 πάθος
3370 3716 3511 3775 εἶναι
3552 3721 3684 3790 περὶ
3710 3720 3805 3772 τὸν

2208 3812 2345 3883 ἀέρα
2378 3813 2632 3884 στερήσει
2657 3814 2834 3882 φωτὸς
2864 3814 3268 3884 ἐπιγινόμενον.
3293 3813 3455 3865 Ποίου
3478 3812 3660 3864 τοίνυν
3692 3829 3807 3879 φω-

2208 3903 2299 3968 τὸς
2333 3903 2561 3976 ἄμοιρος
2607 3907 2889 3977 αἰφνιδίως
2916 3910 2943 3961 ὁ
2974 3909 3029 3960 ὲν
3056 3906 3134 3978 τῷ
3164 3907 3357 3977 κόσμῳ
3382 3905 3546 3968 τόπος
3578 3905 3804 3977 εὑρέθη,
3880 3906 3883 3909 ’

2211 3997 2350 4051 ὥστε
2376 3998 2438 4051 τὸ
2470 3999 2658 4064 σκότος
2690 4001 2875 4056 ἐπάνω
2904 3998 3040 4053 εἶναι
3078 4000 3171 4053 τοῦ
3202 4000 3428 4065 ὓδατος;
3460 3998 3807 4069 Λογιζόμεθα

2210 4090 2390 4143 τοίνυν
2416 4091 2518 4155 ὅτι,
2569 4091 2725 4163 εἴπερ
2754 4111 2807 4145 τι
2835 4089 2902 4164 ἦν
2936 4094 3048 4163 ('51)
3097 4092 3203 4163 πρὸ
3254 4092 3353 4162 τῆς
3391 4090 3483 4144 τοῦ
3537 4089 3807 4161 αἰσθητοῦ

2211 4183 2398 4234 τούτου
2428 4184 2521 4235 καὶ
2570 4184 2809 4254 φθαρτοῦ
2840 4185 3046 4255 κόσμου
3097 4184 3429 4247 συστάσεως,
3482 4186 3540 4237 ἐν
3570 4185 3713 4254 φωτὶ
3743 4184 3808 4237 ἂν

2210 4268 2276 4341 ἦν
2304 4274 2562 4342 δηλονότι.
2605 4275 2739 4326 Οὔτε
2770 4274 2876 4345 γὰρ
2928 4276 2981 4328 αἱ
3016 4275 3127 4327 τῶν
3172 4275 3418 4344 ἀγγέλων
3461 4274 3631 4340 ἀξίαι,
3682 4273 3807 4327 οὗτε

2211 4364 2381 4416 πᾶσαι
2408 4368 2461 4418 αί
2498 4367 2808 4437 ἐπουράνιοι
2853 4369 3127 4439 στρατιαὶ.
3160 4366 3283 4419 οὔτε
3316 4366 3453 4429 ὅλως
3495 4369 3548 4418 εί
3572 4367 3625 4418 τί
3656 4369 3806 4419 ἐστιν

2210 4454 2597 4527 ὠνομασμένον
2624 4458 2655 4525 ἢ
2686 4458 3129 4527 ἀκατονόμαστον
3152 4456 3259 4510 τῶν
3289 4456 3524 4525 λογικῶν
3562 4457 3804 4526 φύσεων,

2211 4545 2305 4599 καὶ
2336 4548 2445 4601 τῶν
2482 4549 2873 4621 λειτουργικῶν
2914 4550 3245 4620 πνευμάτων
3282 4551 3339 4603 ἐν
3386 4550 3563 4621 σκότῳ
3591 4550 3802 4620 διῆγεν,

615 4820 709 4893 26)
745 4819 898 4875 Colb.
952 4821 1789 4903 εορυιιιιυε..φύσινηπον-ηραν..¹
1828 4821 2119 4903 Aliquanto
2150 4837 2195 4893 ι)
2227 4825 2417 4893 picari,
2457 4827 2601 4903 ipsas
2636 4827 2946 4903 retinendas
2991 4842 3111 4903 esse
3136 4827 3205 4903 ob
3243 4828 3385 4903 hanc
3427 4826 3695 4883 Eustatliii
3730 4832 3803 4884 in-

521 4902 646 4995 post
675 4890 785 5016 ires
816 4907 942 4972 mss.
974 4892 1022 4943 εἰ
1056 4890 1165 4961 γὰρ
1197 4891 1326 4947 τῶν.
1357 4892 1502 4948 Editi
1529 4890 1651 4948 cum
1678 4890 1832 4945 Colb.
1868 4894 2107 4947 secundo

522 4981 609 5016 ae.
638 4978 673 5016 ‘Y
717 4981 747 5016 ο
779 4977 908 5016 των.

522 4961 609 5017 ἀεὶ
638 4962 747 5017 γὰρ
779 4961 908 5017 τῶν.

597 4978 1080 5101 ξίὲῖῑῗριῖἷέίθεθχιιιε
1103 5038 1157 5085 et
1186 5029 1338 5086 Colb.
1373 5032 1645 5089 secundus
1697 5032 1791 5086 καὶ
1824 5031 2102 5086 ἀσθένεια.

524 5102 644 5156 Mox
681 5116 821 5155 unus
849 5103 1019 5156 codex
1055 5101 1122 5154 τὰ
1148 5101 1203 5153 δὲ
1230 5101 1311 5166 ἐξ.

593 5172 708 5242 (ἓὸ)
737 5171 890 5243 Colb.
932 5175 1199 5243 secundus
1236 5172 1310 5243 μὴ
1337 5171 1513 5243 ζήτει.

597 5237 709 5313 (‘29)
744 5242 923 5315 Codex
944 5312 953 5315 Α
974 5241 1123 5315 Bodl.
1152 5252 1214 5315 et
1237 5237 1342 5297 sex
1392 5237 1505 5315 alii
1533 5242 1788 5297 ἀκούσιον
1984 5243 2103 5300 Vox

531 5311 715 5365 ultima
755 5314 805 5365 in
827 5312 986 5366 editis
1013 5314 1369 5366 desideratur.
1398 5311 1595 5367 Ibidem
1619 5315 1786 5370 editio
1815 5311 1991 5370 Paris.
2013 5315 2106 5367 καὶ

498 5410 505 5421 ι
533 5382 609 5453 μὴ
638 5383 721 5452 ἐφ’
750 5385 880 5453 ἡμῖν
914 5383 973 5436 τὸ
1032 5383 1218 5436 κακόν.
1266 5382 1625 5453 Montaeutius
1680 5395 1860 5438 autem
1890 5428 1905 5450 ,
1971 5395 2105 5441 teste

575 5401 609 5453 η
638 5401 705 5452 εφ
750 5401 880 5453 ημιν
914 5401 973 5436 το
1032 5401 1218 5436 κακον.
1266 5401 1625 5438 montaeuuus
1680 5401 1860 5438 autem
1890 5428 1905 5450 ,
1971 5401 2102 5441 teSte

533 5401 747 5515 iiuczeo,
784 5455 1010 5506 allirtnat
1037 5454 1191 5517 illud,
1232 5453 1289 5506 τὸ
1322 5452 1512 5515 κακόν,
1544 5470 1608 5508 ex
1641 5453 1913 5522 aliquibus
1971 5471 2102 5509 mss.

530 5524 772 5577 additum
805 5524 987 5595 fuisse.
1019 5524 1122 5578 Sed
1174 5534 1349 5576 tamen
1375 5527 1456 5577 liae
1501 5525 1617 5578 duae
1646 5540 1808 5579 voces
1840 5540 2017 5595 neque
2049 5531 2100 5580 in

529 5595 771 5665 editione
786 5594 969 5657 Basil.,
1008 5609 1181 5663 neque
1211 5596 1260 5646 in
1290 5595 1465 5647 Duczei
1499 5596 1800 5661 codicibus,
1830 5594 2009 5665 neque
2046 5597 2099 5650 in

529 5663 799 5730 Comlicf.,
838 5680 1008 5731 neque
1043 5666 1093 5718 in
1126 5664 1299 5727 Bodl.,
1329 5680 1502 5730 neque
1540 5666 1591 5717 in
1621 5674 1823 5732 septem
1864 5663 1985 5720 aliis
2014 5682 2101 5720 re-

531 5737 835 5803 periuntur.
876 5735 1026 5789 Unde
1055 5751 1147 5789 eas
1180 5745 1253 5789 tot
1275 5737 1520 5788 codicum
1554 5737 1873 5789 auctoritate
1890 5753 2097 5805 expun-

536 5820 662 5873 gere
696 5821 797 5859 non
828 5806 1213 5861 dubitavimus.
1248 5806 1419 5860 Possit
1454 5818 1633 5861 autem
1666 5808 1935 5876 quispiam
1977 5823 2096 5863 sus-

2194 5738 2276 5790 In'c
2313 5738 2567 5801 mundus,
2591 5752 2697 5793 etc.

2194 5810 2281 5873 Si,
2313 5826 2469 5879 supra
2497 5812 2594 5865 col,
2629 5811 2739 5880 ιο).

2228 4898 2691 4961 terprelationem,
2730 4897 2911 4964 Neque
2938 4899 3073 4951 enim
3108 4898 3153 4950 si
3179 4899 3377 4949 malum
3402 4914 3466 4951 ex
3492 4903 3802 4955 necessitate

2216 4968 2572 5031 descenderet,
2602 4977 2778 5020 tantus
2806 4967 3141 5032 peccantibus
3176 4969 3346 5036 legum
3382 4980 3549 5021 melus
3596 4972 3802 5023 incum-

2217 5036 2351 5087 beret
2384 5039 2477 5109 :__id
2524 5046 2702 5109 tamen
2738 5052 2843 5090 non
2876 5042 3131 5109 continuo
3171 5039 3359 5109 colligi
3414 5039 3616 5095 debere
3652 5050 3801 5109 puta-

2216 5120 2354 5159 mus.
2392 5106 2525 5161 Hine
2563 5108 2707 5161 enim
2750 5122 2855 5159 non
2893 5108 3125 5161 eiiicitur
3170 5106 3515 5162 Eustathium
3551 5106 3715 5165 voces
3740 5110 3799 5162 τὺ

2214 5176 2384 5249 κακόν
2434 5178 2710 5230 invenisse
2751 5178 2803 5229 in
2851 5178 3030 5247 aliquo
3056 5179 3379 5247 exemplari,
3426 5180 3519 5233 sed
3554 5184 3801 5249 sequitur

2217 5247 2478 5300 duntaxat
2503 5263 2625 5300 eum
2658 5251 2753 5301 has
2783 5262 2966 5313 voces,
3014 5264 3133 5316 quae
3177 5265 3282 5303 non
3324 5251 3556 5304 obscure
3615 5247 3801 5304 subin-

2218 5317 2619 5387 telligebantur,
2668 5319 2733 5371 de
2787 5333 2885 5371 suo
2937 5335 2967 5372 e
3016 5319 3391 5385 superioribus
3446 5319 3794 5387 supplevisse.

2206 5387 2404 5457 Statim
2437 5390 2506 5442 ibi
2548 5387 2777 5443 Basilius
2809 5390 3043 5455 loquitur
3063 5390 3129 5443 de
3159 5406 3223 5445 eo
3263 5390 3404 5457 quod
3438 5392 3653 5457 proprie
3686 5406 3802 5444 ma-

2204 5456 2311 5508 lum
2338 5469 2441 5521 est,
2479 5460 2565 5512 tibi
2603 5459 2820 5527 intelligi
2856 5468 3136 5525 peccatum
3165 5456 3324 5514 nemo
3352 5476 3455 5513 non
3487 5456 3658 5512 videt.

2275 5527 2386 5601 (50)
2428 5531 2563 5599 lleg.
2601 5540 2784 5583 sextus
2831 5528 3037 5583 ἔννοιαν
3088 5530 3308 5585 ἃπασαν
3344 5530 3801 5601 άπεριεργάστως

2199 5597 2478 5667 ἑπόμενοι.

2270 5665 2380 5739 (3|)
2415 5669 2587 5739 Εἴπερ
2614 5687 2661 5721 τι
2805 5680 2935 5737 etc.,
2959 5670 3100 5725 Sane
3123 5674 3167 5725 si
3194 5670 3319 5739 quid
3339 5679 3461 5743 ante
3487 5681 3604 5723 erat
3639 5688 3798 5743 quam

2739 5740 2909 5811 Legas
2939 5742 3096 5796 velim
3141 5754 3320 5797 notam
3354 5742 3402 5808 ὁ,
3432 5756 3556 5813 pag.
3596 5740 3791 5813 5(not.
