4058 6484
279 443 341 500 Il
1422 437 1706 498 HOMILIA
1752 441 1795 496 ll
1835 442 1865 496 Ι]

1970 442 2442 499 ιΕΧΑΕΜΕιιΟΝ.
3475 458 3543 512 d2

278 567 393 622 ἀλλ’
420 565 478 616 ἐν
513 562 650 632 φωτὶ
691 562 784 615 καὶ
833 562 982 633 πάσῃ
1026 559 1335 633 εὐφροσύνῃ
1378 564 1722 632 πνευματικῇ
1770 561 1865 633 τὴν

1970 563 2265 630 exercitus,
2294 581 2465 635 neque
2500 567 2710 622 tandem
2742 571 2786 623 si
2814 586 2933 639 qua:
2963 573 3079 626 alia:
3104 586 3226 628 sunt
3255 575 3543 632 rationales

276 658 596 730 πρέπουσαν
623 656 835 718 ἑαυτοῖς
863 653 1195 708 κατάστασιν
1219 648 1354 722 εἶχε.
1397 653 1509 706 Καὶ
1537 653 1747 716 τούτοις
1768 655 1860 706 οὐ-

275 752 388 813 δεὶς
421 752 658 820 ἀντερεῖ,
700 747 896 802 οὔκουν
922 748 1068 810 ὅστις
1109 764 1172 816 γε
1213 746 1325 814 (32)
1374 745 1434 798 τὸ
1474 746 1861 818 ὑπερουράνιον

277 845 394 914 φῶς
417 845 474 897 ἐν
501 846 621 906 ταῖς
645 841 754 895 τῶν
777 841 992 910 ἀγαθῶν
1023 839 1376 908 ἐπαγγελίαις
1405 839 1704 910 ἐκδέχεται,
1736 841 1864 911 περὶ¹

277 929 338 991 οὗ
370 935 622 1008 Σολομὼν
648 953 780 1006 φησι
803 952 816 965 ·
862 933 989 998 Φῶς
1014 933 1268 999 δικαίοις
1296 933 1396 988 διὰ
1423 937 1646 1000 παν-τός
1667 952 1678 964 ·
1717 935 1808 988 καὶ⁵
1834 937 1862 988 ὁ

288 1029 610 1094 Ἀπόστολος
633 1047 646 1059 ·
692 1026 1214 1096 Εὐχαριστοῦντες
1245 1025 1324 1092 τῷ
1374 1025 1496 1090 Θεῷ
1539 1027 1636 1080 καὶ
1679 1027 1864 1094 Πατρὶ

278 1127 388 1197 (35)
424 1124 500 1189 τῷ
533 1122 891 1178 ἱκανώσαντι
939 1118 1098 1190 ἡμᾶς
1133 1122 1202 1173 ἐν
1232 1119 1304 1188 τῇ
1329 1119 1526 1189 μερίδι
1576 1119 1682 1174 τοῦ
1718 1119 1864 1187 κλή-

270 1239 387 1288 ρου
419 1218 538 1273 τῶν
567 1218 750 1286 ἁγίων
787 1216 856 1268 ἐν
883 1213 963 1280 τῷ
997 1215 1166 1284 φωτί.
1194 1215 1256 1266 Et
1279 1215 1386 1283 γὰρ
1415 1213 1464 1264 oi
1499 1213 1860 1277 καταδικαζό-

285 1330 434 1383 μενοι
457 1313 765 1380 πέμπονται
801 1310 879 1371 είς
900 1307 961 1360 τὸ
991 1307 1182 1368 σκότος
1212 1306 1273 1357 τὸ
1306 1304 1592 1376 ἐξώτερον,
1619 1305 1863 1376 δηλονότι

280 1409 329 1459 oi
361 1405 429 1458 τὰ
447 1406 545 1473 τῆς
570 1403 838 1471 ἀποδοχῆς
867 1400 991 1465 ἄξια
1013 1398 1389 1470 εἰργασμένοι,
1425 1401 1482 1451 ὲν
1512 1397 1591 1467 τῷ
1625 1399 1862 1468 ὑπερκο-

282 1499 424 1569 σμίῳ
455 1495 594 1565 φωτὶ
639 1497 738 1565 τὴν
769 1494 1075 1548 ἀνάπαυσιν
1121 1492 1334 1562 ἔχουσιν
1375 1490 1511 1561 (54).
1581 1491 1732 1543 Ἐπεὶ
1770 1484 1863 1543 οὗν

280 1591 497 1658 ἐγένετο
531 1591 558 1640 ὁ
588 1588 814 1658 οὐρανὸς
849 1585 1236 1657 προστάγματι
1281 1582 1416 1634 Θεοῦ
1465 1581 1675 1653 ἀθρόως
1709 1597 1863 1650 περι-

279 1681 462 1743 ταθεὶς
498 1681 610 1743 τοῖς
644 1679 794 1741 ἐντὸς
821 1679 926 1732 ὑπὸ
956 1678 1055 1748 τῆς
1086 1677 1289 1739 οἰκείας
1317 1674 1481 1730 αὑτοῦ
1513 1672 1862 1744 περιφερείας

280 1772 734 1843 ἀπειλημμένοις,
773 1770 929 1841 σῶμα
959 1770 1096 1840 ἔχων
1131 1768 1369 1838 συνεχὲς,
1412 1766 1593 1819 ἱκανὸν
1622 1765 1730 1818 τῶν
1757 1762 1862 1828 ἔξω

277 1867 567 1935 διαστῆσαι
603 1865 670 1916 τά
709 1863 857 1916 ἔνδον
899 1863 1032 1933 (55),
1087 1859 1400 1926 ἀναγκαίως
1441 1857 1532 1910 τὸν
1579 1856 1857 1910 ἐναπολει-

1973 667 2205 722 naturze,
2234 667 2328 712 aut
2350 659 2394 713 si
2425 659 2518 728 qui
2551 660 2640 713 alii
2672 672 2795 715 sunt
2825 663 3132 718 administri
3162 666 3405 734 spiritus,
3433 669 3544 722 sive

1971 751 2207 806 habeant
2239 768 2455 818 nomen,
2487 755 2601 809 sive
2653 771 2780 820 non,
2814 758 3080 827 degebant
3143 760 3195 814 in
3252 763 3492 816 tenebris
3529 780 3542 817 :

1969 844 2061 896 sed
2095 842 2148 896 in
2180 843 2299 898 luce
2327 852 2379 898 et
2414 845 2465 898 in
2501 847 2648 901 omni
2685 848 2865 902 laetitia
2910 850 3175 918 spirituali
3207 861 3403 906 statum
3441 853 3543 908 sibi

1971 936 2384 991 convenientem
2418 937 2710 994 habebant.
2743 941 2918 1010 Atque
2953 943 3036 996 his
3076 947 3409 1000 contradicet
3448 963 3544 998 ne-

1969 1038 2081 1089 tno,
2114 1039 2219 1079 non
2273 1026 2318 1079 is
2368 1037 2539 1091 certe,
2570 1031 2659 1097 qui
2709 1031 2760 1084 in
2811 1032 3072 1087 honontm
3115 1037 3397 1102 promissis
3433 1052 3544 1088 cm-

1969 1114 2161 1171 lestem
2197 1117 2369 1171 lucem
2399 1130 2700 1187 exspectat,
2732 1123 2798 1176 de
2828 1137 2931 1191 qua
2969 1123 3221 1178 Salomon
3267 1128 3342 1178 ait
3378 1147 3393 1180 :
3430 1125 3546 1179 Lua;

1960 1206 2123 1274 justis
2164 1224 2364 1276 semper
2381 1209 2448 1275 ¹¹;
2483 1209 2845 1280 etApostolus
2890 1231 2904 1267 :
2938 1214 3152 1269 Gratias
3197 1228 3401 1285 agentes
3441 1219 3547 1270 Deo

1969 1308 2017 1352 et
2062 1298 2212 1352 Patri
2241 1301 2330 1368 qui
2362 1300 2547 1370 dignos
2589 1318 2681 1355 nos
2727 1304 2846 1373 fecit
2883 1307 2937 1358 in
2969 1318 3118 1373 parte
3151 1310 3306 1360 sortis
3339 1319 3547 1360 sancto-

1971 1405 2086 1442 rum
2123 1390 2177 1442 in
2212 1391 2407 1444 lumine
2448 1394 2516 1446 ²’.
2555 1394 2767 1449 Etenim
2821 1399 2865 1450 si
2906 1397 3142 1452 damnati
3183 1400 3463 1452 mittuntur
3493 1401 3544 1452 in

1972 1482 2225 1536 tenebras
2270 1486 2568 1540 exteriores
2601 1488 2646 1519 ³³
2683 1506 2696 1542 :
2733 1490 2920 1559 utique
2956 1493 3046 1560 qui
3097 1506 3260 1559 opera
3297 1492 3453 1548 laude
3485 1507 3548 1546 ac

1970 1577 2439 1632 commendatione
2469 1579 2629 1649 digna
2659 1594 3003 1651 peregerunt,
3037 1584 3090 1636 in
3112 1584 3316 1638 cmlesti
3349 1585 3548 1639 lumine

1970 1671 2213 1736 requiem
2274 1672 2573 1739 possident.
2611 1674 2879 1740 Quoniam
2934 1677 3095 1747 igitur
3131 1677 3221 1732 Dei
3264 1678 3420 1744 jussu
3465 1685 3548 1732 est

1969 1760 2164 1816 cmlum
2198 1762 2421 1830 factum,
2456 1768 2536 1818 sic
2576 1776 2634 1818 ut
2686 1769 2846 1823 rebus
2887 1769 3029 1823 intra
3062 1785 3214 1825 suam
3246 1771 3410 1839 ipsius
3440 1772 3546 1824 cir-

1970 1851 2386 1908 cumferentiain
2430 1857 2699 1911 contentis
2749 1860 3041 1927 derepente
3084 1862 3547 1916 circumfundere-

280 1960 488 2028 φθέντα
551 1955 700 2025 αὑτῷ
750 1956 916 2007 τόπον
953 1955 1065 2024 (36)
1117 1951 1333 2020 ἀφεγγῆ
1387 1949 1711 2020 κατέστησε,
1772 1949 1865 2018 τὴν

1974 1954 2099 2014 ιυι-;
2156 1949 2489 2018 haberetque
2520 1966 2715 2021 corpus
2756 1954 3064 2006 continuum
3095 1955 3235 2021 quod
3269 1956 3332 2009 ab
3364 1965 3538 2008 exter-

280 2051 482 2117 ἔξωθεν
531 2048 706 2116 αὐγὴν
773 2044 1054 2112 διακόψας.
1088 2041 1226 2112 Τρία
1266 2042 1374 2110 γὰρ
1418 2041 1498 2093 δεῖ
1539 2042 1867 2113 συνδραμεῖν

282 2144 376 2196 ἐπὶ
399 2143 498 2210 τῆς
529 2140 706 2201 σκιᾶς,
741 2137 801 2190 τὸ
827 2136 964 2206 φῶς,
994 2135 1056 2188 τὸ
1090 2135 1268 2206 σῶμα,
1315 2136 1404 2187 τὸν
1431 2135 1656 2203 ἀλαμπῆ
1681 2133 1861 2186 τόπον.

283 2236 358 2288 Τὸ
397 2233 577 2286 τοίνυν
624 2229 917 2300 ὲγκόσμιον
970 2229 1158 2291 σκότος
1191 2229 1257 2295 τῇ
1308 2227 1436 2295 σκιᾷ
1468 2225 1561 2277 τοῦ
1612 2225 1865 2294 οὐρανίου

285 2325 538 2395 σώματος
582 2321 932 2393 παρυπέστη.
983 2320 1194 2388 Νόησον
1228 2317 1282 2370 δέ
1336 2334 1424 2386 μοι
1470 2317 1578 2368 ἀπὸ
1609 2316 1869 2388 παραδεί-

282 2433 492 2487 γματος
533 2414 797 2482 ἐναργοῦς
830 2414 890 2465 τὸ
919 2412 1228 2480 λεγόμενον,
1269 2411 1325 2460 ἐν
1359 2409 1603 2480 σταθηρᾷ
1640 2409 1749 2479 (57)
1780 2426 1869 2479 με·

285 2511 534 2582 ημὸρίᾳ
572 2508 778 2577 σκηνήν
817 2521 939 2556 τινα
971 2506 1032 2555 ἐκ
1065 2501 1275 2570 πυκνῆς
1315 2502 1408 2553 καὶ
1448 2502 1710 2569 στεγανῆς
1737 2501 1866 2570 ὕλης

285 2602 465 2673 ἑαυτῷ
487 2601 909 2671 περιστήσαντα,
940 2595 1033 2648 καὶ
1067 2597 1125 2646 ἐν
1172 2594 1348 2663 σκότῳ
1382 2593 1712 2664 αὐτοσχεδίῳ
1742 2595 1868 2645 ἑαυ-

283 2695 374 2748 τὸν
414 2693 830 2764 καθειργνύντα.
870 2689 1123 2743 Τοιοῦτον
1170 2684 1263 2741 οὖν
1311 2689 1533 2741 κάκεῖνο
1573 2688 1634 2740 τὸ
1678 2688 1868 2749 σκότος

286 2787 507 2849 ὑπόθου,
536 2787 595 2838 οὑ
623 2783 1049 2856 προηγουμένως
1082 2781 1406 2851 ὑφεστηκὸς,
1433 2779 1546 2832 ἀλλ’
1576 2779 1869 2831 ἐπακολου-

286 2879 462 2948 θῆσαν
507 2877 732 2950 ἑτέροις.
785 2876 954 2928 Τοῦτο
989 2874 1053 2943 δὴ
1112 2873 1172 2924 τὸ
1217 2872 1407 2933 σκότος
1440 2870 1532 2924 καὶ
1572 2869 1870 2924 ἐπιϐαίνειν

284 2972 503 3041 λέγεται
546 2974 615 3041 τῇ
659 2969 899 3036 ἀΰύσσῳ,
929 2963 1117 3034 ἐπειδὴ
1141 2964 1207 3016 τὰ
1241 2963 1444 3034 ἔσχατα
1466 2961 1560 3015 τοῦ
1583 2963 1746 3036 ἀέρος
1775 2963 1872 3016 πέ-

287 3083 426 3135 φυκε
467 3067 588 3126 ταῖς
621 3058 964 3129 ἐπιφανείαις
1009 3057 1117 3111 τῶν
1159 3057 1427 3127 σωμάτων
1481 3056 1868 3111 συνάπτεσθαι.

286 3159 419 3211 Τότε
476 3156 532 3208 δὲ
585 3153 727 3223 ὕδωρ
773 3147 841 3222 ἦν
888 3153 1000 3214 τοῖς
1045 3151 1209 3204 πᾶσιν
1264 3146 1607 3210 ἐπιπολάζον.
1673 3149 1870 3220 Διόπερ

286 3248 602 3317 ἀναγκαίως
642 3245 702 3299 τὸ
761 3245 949 3309 σκότος
994 3246 1177 3298 ἐπάνω
1211 3243 1476 3312 ὑπάρχειν
1527 3241 1740 3311 εἴρηται
1773 3244 1874 3313 τῆς

287 3343 549 3396 ἀϐύσσου.

1970 2040 2053 2094 nis
2107 2040 2317 2094 interna
2366 2041 2651 2112 seiungere
2680 2055 2862 2113 posset
2896 2046 3001 2114 ιςι
3037 2048 3340 2100 necessario
3372 2049 3545 2101 loeum

1968 2146 1997 2185 a
2028 2146 2086 2187 se
2112 2132 2432 2188 derelictum
2471 2149 2535 2188 ac
2569 2147 2878 2205 separatum
2909 2140 3260 2204 obnubilavit,
3292 2140 3547 2194 interciso

1967 2223 2174 2279 scilicet
2211 2235 2435 2280 externo
2471 2227 2778 2296 splendore.
2821 2230 2947 2284 Tria
2996 2234 3139 2285 enim
3188 2233 3251 2287 ad
3301 2234 3545 2288 umbram

1969 2328 2298 2371 concurrere
2346 2329 2582 2388 oportet,
2630 2321 2828 2385 lucem,
2869 2338 3086 2392 corpus,
3124 2326 3414 2380 obscurum
3467 2327 3549 2380 lo-

1970 2422 2115 2466 cum.
2153 2410 2339 2481 Itaque
2385 2427 2481 2480 per
2531 2415 2772 2470 caelestis
2823 2419 3067 2486 corporis
3110 2418 3354 2472 umbram
3390 2433 3548 2472 mun-

1970 2501 2110 2556 data:
2138 2504 2503 2560 constiterunt
2535 2509 2792 2563 tenebrae.
2824 2509 2976 2576 Quod
3009 2521 3184 2564 autem
3214 2511 3464 2575 dicimus,
3493 2510 3548 2566 id

1969 2592 2302 2651 intellexeris
2336 2597 2572 2652 evidenti
2603 2599 2873 2670 exemplo,
2906 2602 2950 2655 si
2987 2603 3039 2654 in
3081 2603 3307 2657 meridie
3333 2601 3550 2657 ferven-

1971 2685 2175 2738 tissima
2214 2687 2622 2744 tabernaculum
2659 2691 2878 2760 aliquod
2913 2708 2977 2747 ex
3012 2695 3177 2747 densa
3220 2703 3275 2749 et
3307 2694 3550 2763 impene-

1969 2776 2149 2830 trabili
2199 2780 2426 2834 materia
2479 2781 2575 2837 tibi
2624 2784 2738 2856 ipse
2771 2785 3246 2855 circumposueris,
3284 2797 3447 2856 atque
3494 2787 3546 2840 in

1971 2867 2210 2925 tenebris
2241 2875 2708 2942 extemporalibus
2752 2878 2983 2945 teipsum
3035 2877 3339 2933 incluseris.
3378 2878 3546 2933 Velim

1970 2961 2133 3031 igitur
2172 2978 2340 3031 ponas
2387 2973 2441 3019 et
2488 2966 2587 3022 has
2627 2970 2880 3023 tenebras
2923 2969 3059 3023 tales
3103 2969 3292 3035 fuisse,
3323 2985 3421 3024 nec
3453 2985 3549 3038 per

1971 3070 2028 3110 se
2060 3056 2393 3121 substitisse,
2425 3060 2518 3114 sed
2567 3060 2699 3115 alias
2747 3059 3065 3117 subsecutas
3107 3073 3245 3117 esse.
3287 3059 3379 3115 Hae
3417 3076 3548 3116 sane

1973 3148 2206 3201 tenebrm
2237 3148 2400 3202 etiam
2440 3152 2641 3220 abysso
2689 3153 2926 3207 insidere
2971 3153 3247 3215 dicuntur,
3277 3151 3418 3221 quod
3455 3167 3548 3206 ex-

1974 3250 2158 3294 trema:
2186 3240 2328 3294 aeris
2360 3251 2540 3310 partes
2570 3258 2691 3296 cum
2724 3258 3012 3313 corporum
3048 3246 3340 3316 superﬁcie
3374 3244 3550 3300 solent

1897 3318 1941 3377 ί)
1975 3334 2247 3404 conjungi.
2281 3335 2433 3392 Tunc
2479 3347 2656 3392 autem
2709 3353 2846 3408 aqua
2893 3341 3144 3395 omnibus
3183 3338 3544 3408 superstabat.

286 3441 623 3508 Quapropter
684 3434 994 3491 neceSsario
1061 3433 1314 3486 tenebras
1383 3444 1546 3498 super
1608 3428 1861 3498 abyssum
1901 3431 2175 3484 exstitisse
2205 3432 2403 3485 dictum
2435 3443 2537 3486 est.

358 3533 411 3586 6.
434 3533 543 3589 Kal
581 3531 816 3600 πνεῦμα
857 3527 1023 3592 Θεοῦ,
1077 3527 1261 3596 φησιν,
1311 3525 1631 3595 ἐπεφέρετο
1667 3523 1868 3578 ἐπάνω

346 3691 388 3722 ¹¹
426 3689 586 3744 Prov.
616 3704 736 3752 xm,
761 3687 812 3742 9.
893 3688 937 3718 "
963 3684 1170 3741 Coloss.
1201 3700 1238 3750 ι,
1268 3684 1353 3737 12.

364 3876 477 3946 (52)
511 3874 652 3928 Editi
675 3875 893 3946 ἀντερεῖ
916 3875 1064 3936 ὅστις
1091 3891 1175 3941 γε.
1207 3880 1275 3927 At
1303 3874 1466 3929 Coisl.
1515 3876 1787 3946 secundus
1815 3885 1868 3931 et

287 3943 535 4002 Comb’el'.
563 3943 1015 4016 ἀντερεῖ,οὕκουν
1044 3946 1189 4008 ὅστις
1231 3962 1324 4013 γε’
1358 3946 1445 3998 ubi
1496 3943 1690 3997 οὔκουν
1729 3947 1868 4001 male

291 4019 345 4073 in
382 4017 647 4082 aliquibus
679 4016 954 4070 codicibus
988 4016 1248 4070 scribitur
1298 4031 1417 4069 cum
1472 4027 1698 4068 accentu
1753 4018 1863 4070 eir-

291 4087 558 4143 cumllexo
587 4087 800 4140 οὑκοῦν.
868 4087 1063 4139 Ibidem
1119 4088 1247 4140 editi
1308 4089 1364 4138 έν
1398 4089 1518 4148 ταῖς
1553 4085 1658 4138 τῶν
1696 4087 1864 4153 ἁγίων

292 4157 745 4225 ὲπαγγελίαις,ἱη
777 4169 1075 4209 sanctorum
1110 4159 1402 4225 promissis.
1439 4158 1614 4210 Nostri
1660 4170 1862 4222 septeni

295 4245 429 4283 mss.
468 4244 586 4280 cum
620 4229 803 4280 codice
842 4225 1086 4280 Combef.
1119 4236 1171 4278 et
1209 4242 1328 4278 cum
1363 4237 1591 4293 utroque
1640 4227 1770 4278 Duc.
1803 4228 1860 4278 έν

291 4302 416 4361 ταῖς
438 4298 542 4350 τῶν
570 4296 789 4366 ἀγαθῶν
830 4298 1054 4363 ὲπσιγγ.,
1086 4297 1140 4349 in
1165 4296 1413 4348 bonorum
1451 4296 1738 4362 promissis,
1770 4313 1860 4349 seu

294 4371 352 4420 in
380 4371 524 4421 bonis
559 4369 826 4435 promissis
863 4381 1022 4431 :quze
1056 4367 1232 4427 lectio,
1265 4366 1338 4418 uti
1384 4374 1564 4418 monet
1615 4366 1857 4430 Dircaeus,

295 4441 653 4506 legiturapnd
678 4437 1094 4491 Theodoretum.
1117 4436 1335 4489 Accedit
1374 4436 1555 4506 etiam,
1588 4438 1727 4501 quod
1762 4453 1860 4488 au-

297 4505 553 4561 CtOritate
581 4508 842 4561 Eustathii
877 4505 1186 4562 conlirmat'i
1221 4508 1409 4572 possit,
1445 4505 1531 4573 qui
1573 4507 1652 4557 sic
1704 4507 1865 4560 illler-

297 4587 542 4647 prclatur
572 4597 583 4630 :
610 4579 662 4629 in
693 4577 942 4630 bonorum
972 4576 1399 4647 promissronibus
1437 4574 1683 4647 operitur.

2047 3525 2099 3578 6.
2145 3525 2210 3578 Et
2244 3529 2458 3592 spiritus
2492 3527 2606 3591 Dei,
2639 3529 2830 3597 inquit,
2862 3531 3126 3598 ferebatur
3176 3546 3330 3598 super
3357 3545 3547 3598 aquas.

1430 3684 1474 3714 ⁸³
1502 3683 1690 3738 Matth.
1720 3701 1854 3748 χιιι,
1889 3686 1976 3739 15.

1973 3873 2128 3929 Colb.
2159 3875 2426 3929 secundus
2455 3889 2575 3928 cum
2609 3874 2812 3927 duobus
2855 3875 3036 3940 Regiis
3069 3873 3544 3940 ὲναπολειφθέντα,

1976 3946 2211 3998 relictum
2255 3961 2286 3996 τι
2319 3960 2372 3996 se
2402 3944 2594 3997 locum.
2629 3945 2805 3998 Editio
2826 3945 2998 3998 Paris.
3037 3955 3089 3998 et
3136 3942 3287 4013 Regii
3320 3949 3425 3998 duo
3463 3947 3548 3998 ὲν-

1974 4014 2377 4084 αποληφθέντα,
2415 4015 2838 4084 comprehensum
2876 4033 2906 4067 a
2936 4033 2989 4069 se
3019 4017 3210 4068 locum.
3237 4015 3546 4070 Lectiouem

1975 4083 2200 4153 primatu
2232 4094 2446 4138 secutus
2468 4094 2550 4137 est
2579 4083 2912 4146 Eustathius,
2945 4086 3034 4154 qui
3087 4086 3164 4138 sic
3217 4086 3547 4150 interpreta-

1975 4165 2060 4208 tur
2094 4172 2106 4207 :
2135 4155 2210 4209 0b
2263 4156 2358 4206 hoc
2405 4157 2697 4207 necessario
2738 4169 2848 4222 post
2886 4172 2937 4208 se
2980 4157 3241 4221 regionem
3285 4156 3544 4217 relictam,

1971 4236 2233 4279 carentem
2261 4227 2372 4277 luce
2403 4225 2697 4286 constituit,
2727 4237 2902 4292 utpote
2945 4226 3150 4293 fulgore
3184 4226 3271 4294 qui
3324 4226 3547 4293 desuper

1971 4297 2233 4356 radiabat,
2260 4295 2488 4346 excluso.
2521 4295 2583 4348 Et
2611 4297 2680 4346 ita
2721 4295 3002 4357 legendum
3034 4310 3151 4347 esse
3211 4304 3361 4363 puto,
3423 4313 3542 4348 cum

1969 4381 2064 4434 per
2087 4366 2254 4436 lucem
2284 4377 2586 4428 externam,
2618 4366 2715 4436 τὴν
2743 4365 2958 4428 ἔξωθεν,
2992 4381 3049 4417 ea
3081 4366 3273 4436 debeat
3297 4366 3541 4436 intelligi,

1970 4452 2088 4503 quas
2131 4435 2358 4498 desuper
2386 4437 2644 4488 radiabat.
2675 4435 2753 4476 7——
2799 4435 3333 4503 Ἐναπολειερθέντα
3383 4435 3544 4500 αὐτῷ

1970 4507 2175 4566 τόπον,
2205 4505 2374 4576 locum
2403 4523 2435 4557 a
2468 4521 2520 4557 se
2550 4507 2871 4576 derelictum.
2911 4504 3217 4576 Legeudum
3249 4507 3443 4572 potius,
3490 4519 3544 4560 ιιι

1973 4577 2176 4647 inedit.
2208 4575 2377 4628 Paris.
2420 4585 2472 4627 ct
2501 4575 2705 4627 duobus
2733 4575 2914 4643 Regiis
2946 4577 3241 4647 codicibus,
3279 4577 3545 4647 ἐναπολη-

374 4650 483 4735 (55)
516 4647 692 4735 (Σοιίςξ
720 4643 977 4726 (ὶιιιιιιιοίζ
997 4661 1116 4726 cum
1147 4645 1276 4735 Rgg.
1306 4657 1497 4712 quarto
1622 4645 1738 4729 Θεῷ
1773 4647 1865 4729 καὶ

1974 4645 2194 4715 φθέντα.
2242 4646 2414 4735 llocum
2469 4663 2498 4696 a
2539 4661 2590 4696 se
2643 4649 3086 4711 comprehensum.
3146 4645 3343 4698 Ibidem
3400 4643 3540 4700 enim

2006 4719 2014 4727 .
2082 4718 2216 4735 ...ης
2269 4716 2432 4735 ,ημ-
2493 4717 2650 4735 ,λ,-.
2731 4718 2743 4735 κ
2893 4719 2902 4735 .
3454 4720 3463 4735 .

299 4713 496 4790 Πατρί,
529 4735 646 4788 quae
682 4718 836 4790 lectio
860 4717 1154 4790 notaturin
1185 4713 1530 4790 Testamento
1557 4713 1868 4770 Oxoniensi.

300 4786 435 4843 Ncc'
477 4786 634 4841 aliter
685 4789 805 4858 legit
859 4786 1190 4848 Eustathius,
1243 4787 1330 4853 qui
1395 4789 1553 4839 vertit
1604 4804 1613 4834 :
1670 4791 1870 4857 gratias

299 4870 506 4929 agentes
536 4860 638 4912 Deo
676 4873 719 4912 et
749 4859 920 4911 Patri.

376 4931 486 4999 (δι)
521 4931 699 4984 Codex
736 4945 872 4982 unus
898 4927 994 4999 τὴν
1028 4928 1321 4999 ἀπόλαυσιν
1353 4925 1584 4999 ἔχουσιν.
1638 4926 1871 4999 Μοιρο-

303 4997 450 5054 dices
502 5002 604 5054 duo
660 5004 686 5054 ὀ
734 4997 980 5069 οὐρανός.
1047 4998 1203 5051 Deest
1255 4997 1511 5052 articulus
1571 5001 1621 5052 in
1693 4998 1870 5067 vulga-

303 5082 393 5126 ιιε.

378 5141 491 5212 (55)
515 5140 702 5212 Πηνειιὶ
737 5141 787 5192 in
827 5142 968 5194 hunc
997 5140 1170 5212 locum
1219 5139 1380 5212 verba
1413 5152 1515 5212 non
1556 5138 1752 5206 pigebit
1787 5154 1871 5212 re-

303 5209 480 5267 ferre.
506 5211 732 5272 Rursus,
768 5212 959 5278 inquit,
992 5210 1131 5278 quod
1159 5209 1420 5272 sequitur,
1441 5210 1656 5278 inverso
1685 5209 1871 5260 ordine

302 5284 521 5337 exhibet
543 5277 932 5342 Theodoretus,
974 5277 1152 5333 ἱκανὸν
1178 5278 1286 5330 τῶν
1313 5277 1456 5331 ἔνδον
1489 5277 1774 5347 διαστῆσαι
1805 5279 1870 5330 τὰ

303 5353 427 5418 ἔξω.
459 5356 594 5418 quod
618 5354 776 5420 possit
811 5367 870 5402 ea
899 5369 1014 5416 qua-
1037 5353 1165 5417 {oris
1210 5350 1501 5420 sitaﬂsunt,
1529 5364 1770 5412 separare
1799 5351 1867 5420 ab

301 5428 389 5482 iis,
421 5439 536 5489 qua:
591 5419 729 5475 intra
772 5440 824 5475 se
851 5422 1257 5483 comprehendit.
1310 5419 1373 5471 Et
1407 5422 1555 5489 hanc
1601 5420 1763 5470 fuisse
1797 5419 1868 5470 le-

306 5488 540 5546 ctionem
597 5493 777 5546 Basilii
847 5508 908 5544 cx
972 5491 1246 5542 linslathio
1301 5488 1490 5554 conjici
1541 5497 1732 5550 potest,
1778 5491 1865 5556 qui

304 5564 464 5614 vertit
497 5582 507 5615 :
554 5563 623 5616 Ut
675 5564 833 5626 possit
867 5580 924 5613 ea
960 5579 1072 5628 qtttt'
1113 5564 1426 5612 extrinsecus
1465 5560 1755 5618 habentur,
1804 5561 1866 5611 ab

303 5635 646 5686 interioribus
709 5649 970 5697 separare.
1028 5629 1139 5683 Huc
1170 5648 1334 5697 usque
1370 5645 1445 5678 vir
1499 5628 1862 5682 doctissimus.

307 5704 376 5760 Ut
408 5713 464 5755 ut
493 5705 602 5756 ιιιῐιυ
636 5714 781 5767 sunt,
827 5719 1011 5754 omnes
1045 5702 1208 5754 nostri
1245 5701 1361 5752 libri
1399 5711 1502 5750 tum
1545 5700 1750 5750 calamo
1780 5715 1868 5750 no-

305 5777 424 5835 tati,
463 5785 570 5824 tum
604 5776 742 5840 typis
769 5773 950 5826 excusi
977 5772 1174 5826 habent
1210 5781 1518 5826 constanter
1557 5769 1737 5821 ἱκανὸν
1759 5769 1864 5820 τῶν

302 5845 408 5906 ἔξω
440 5844 720 5912 διαστῆσαι
746 5844 811 5896 τὰ
843 5841 1005 5894 ἔνδον.

377 5917 490 5987 (36)
521 5911 913 5977 'I‘bt'odcrctus,
945 5911 1107 5968 editio
1157 5911 1341 5978 Basil.,
1373 5919 1590 5980 uterque
1647 5911 1782 5966 Duc.
1811 5922 1858 5964 ct

1975 4718 2217 4769 similiter
2242 4716 2456 4783 legitur,
2489 4717 2601 4777 τοῖς
2636 4717 2853 4780 ἐντὸς...
2881 4716 3312 4785 ἀπειλημμένοις
3336 4755 3352 4775 ,
3392 4720 3541 4770 rebus

1978 4790 2112 4840 intra
2137 4788 2298 4850 ipsius
2325 4785 2794 4854 circumferentia":
2813 4789 3089 4841 contentis.
3126 4787 3294 4855 Negat
3316 4785 3544 4841 Basilius

1978 4860 2225 4909 tenebras
2252 4867 2496 4909 naturam
2534 4873 2652 4910 esse
2682 4873 2708 4909 a
2741 4857 2845 4910 Deo
2882 4868 3120 4910 creatam
3163 4874 3175 4909 :
3214 4858 3306 4911 sed
3353 4872 3540 4910 earum

1973 4927 2237 4995 originem
2263 4929 2341 4979 sic
2381 4927 2588 4993 repetit.
2619 4928 2674 4981 Si
2700 4928 2824 4995 quid
2859 4939 2982 4980 ante
3022 4929 3275 4980 mundum
3307 4928 3543 4982 sensibi-

1976 4996 2166 5049 leniet
2224 4998 2622 5063 corruptibiletn
2685 4999 2908 5060 exstitit,
2969 4999 3017 5050 id
3062 4998 3112 5049 in
3168 4999 3367 5052 lumine
3415 4999 3537 5062 fuit,

1975 5083 2147 5136 neque
2180 5068 2320 5119 enim
2355 5068 2526 5133 angeli
2559 5069 2604 5119 in
2634 5069 2868 5120 tenebris
2892 5069 3175 5134 degebant,
3201 5068 3290 5121 sed
3321 5067 3372 5119 in
3399 5067 3536 5122 luce.

1975 5137 2082 5191 Sed
2134 5140 2245 5190 haec
2271 5136 2356 5189 lux
2382 5139 2623 5204 corporis
2662 5139 2813 5202 opaci
2859 5137 3138 5205 interjectn
3171 5137 3415 5192 intercidi
3442 5141 3534 5192 de-

1975 5209 2107 5262 buit.
2134 5208 2309 5275 Quare
2361 5224 2480 5260 cum
2517 5208 2732 5270 cudum,
2766 5211 2902 5274 quod
2930 5218 3011 5260 est
3053 5224 3250 5276 corpus
3287 5223 3534 5276 opacum,

1973 5289 2211 5331 creatum
2240 5288 2343 5342 est,
2398 5293 2730 5346 quaecunque
2772 5280 2908 5331 intra
2959 5278 3100 5331 illius
3149 5276 3531 5332 circumferen-

1974 5348 2099 5400 tiam
2132 5347 2513 5414 comprehensa
2555 5347 2792 5410 fuerunt,
2830 5349 2944 5400 luce
2970 5349 3077 5410 illa,
3104 5362 3221 5415 quia
3264 5357 3346 5402 est
3383 5361 3536 5401 extra

1973 5419 2226 5471 mundum
2268 5419 2574 5472 sensibilein
2610 5428 2664 5471 et
2691 5420 3112 5486 corruptibileni,
3139 5431 3382 5472 Catl'tlere.
3411 5418 3536 5473 Cte-

1972 5487 2076 5542 lum
2099 5504 2224 5558 ergo
2258 5503 2360 5542 non
2387 5489 2556 5541 locum
2581 5507 2610 5541 a
2653 5507 2705 5542 se
2740 5491 3038 5542 derelictum
3068 5489 3423 5555 obnubilavit,
3447 5491 3535 5541 sed

1970 5558 2140 5611 locum
2173 5575 2202 5628 α
2233 5574 2285 5611 se
2310 5559 2751 5628 comprehensum.
2787 5559 3000 5612 Manu.

2040 5630 2150 5699 (57)
2189 5627 2316 5701 Reg.
2383 5626 2568 5684 sextus
2614 5630 2812 5682 ὑπόθου
2867 5645 2956 5698 μοι
3012 5632 3067 5682 ἐν
3127 5628 3391 5701 σταθηρᾷ.
3430 5626 3536 5684 Sed

1971 5699 2118 5763 illud,
2189 5700 2386 5752 ὑπόθου
2449 5718 2558 5770 μοι,
2602 5716 2772 5767 neque
2825 5701 2876 5752 in
2931 5701 3048 5753 aliis
3077 5716 3232 5762 mss.,
3265 5699 3435 5768 neque
3484 5702 3531 5752 in

1968 5769 2390 5843 editislegitur.
2432 5769 2602 5825 Voces
2650 5773 3143 5841 περιστήσαντα...
3181 5770 3538 5843 καθειργνύν-

1967 5841 2307 5962 Γα-ιοὶιίυιιιιιι·
2331 5842 2579 5896 ιιιΗιὼίιιυ
2619 5843 2784 5897 fuisSc
2837 5846 2886 5895 in
2931 5843 3142 5897 modum
3177 5841 3535 5897 casusabso~

1989 5923 2081 5962 uti.

1989 5923 2081 5964 uit.
