4058 6480
320 451 393 503 45
1450 451 1738 503 liOMlLlA
1781 450 1825 503 ll
1866 450 1894 500 ll

1999 448 2467 506 IEXAL‘MERON.
2758 471 2770 482 '
3497 446 3566 500 -ἒϐ

322 563 461 630 φῶς,
497 563 674 628 ὀξείας
708 563 804 623 τὰς
848 563 1109 626 διαδόσεις
1143 567 1241 633 τῆς
1284 566 1455 633 αὐγῆς
1515 567 1607 616 ἐπὶ
1667 568 1735 619 τὰ
1778 568 1894 635 ὅρια

2004 566 2164 621 bebat
2196 575 2360 621 totam
2394 568 2447 620 in
2481 582 2540 622 se
2576 575 2709 631 tota,
2736 566 2942 619 celeres
2976 566 3195 636 fulgoris
3238 564 3569 618 distributio-

322 651 520 705 ἑαυτοῦ
557 651 669 720 (ιδ)
720 651 991 720 πανταχοῦ
1035 652 1442 723 παραπέμπων.
1478 653 1623 704 Ἀνω
1655 654 1751 722 μὲν
1790 655 1897 723 γὰρ

326 741 494 815 μέχρι
523 740 659 809 πρὸς
685 741 846 794 αὐτὸν
878 740 1069 811 αἰθέρα
1098 742 1192 795 καὶ
1215 741 1439 813 οὐρανὸν
1467 741 1714 812 ἔφθανεν·
1742 744 1800 796 έν
1842 742 1899 796 δὲ

320 834 403 905 τῷ
436 834 628 887 πλάτει
657 834 833 887 πάντα
865 831 936 885 τὰ
969 834 1112 905 μέρη
1143 833 1236 886 τοῦ
1259 835 1485 905 κόσμου,
1520 833 1706 904 βόρειά
1726 852 1782 888 τε
1805 835 1899 889 καὶ

321 928 472 980 νότια
519 925 615 979 καὶ
665 925 732 979 τὰ
775 922 885 995 ἑῷα
916 928 1008 978 καὶ
1053 923 1119 975 τά
1148 925 1397 998 ἑσπέρια,
1442 928 1498 977 ὲν
1525 924 1675 993 ὀξείᾳ
1707 922 1897 996 καιροῦ

324 1019 466 1088 ῥοπῇ
499 1016 855 1086 κατεφώτιζε.
880 1014 1114 1086 Τοιαύτη
1140 1017 1248 1090 γὰρ
1264 1016 1429 1071 αὑτοῦ
1458 1016 1491 1085 ἡ
1528 1014 1706 1084 φύσις,
1727 1015 1897 1086 λεπτὴ

322 1107 418 1159 καὶ
445 1106 724 1178 διαφανὴς,
763 1107 907 1162 ὥστε
948 1105 1220 1177 μηδεμιᾶς
1250 1105 1610 1175 παρατάσεως
1642 1108 1896 1178 χρονικῆς

323 1198 672 1269 προσδεῖσθαι
706 1200 765 1253 τὸ
798 1199 914 1266 φῶς
940 1196 1006 1249 δι’
1052 1197 1215 1251 αὑτοῦ
1261 1196 1644 1266 πορευόμενον.
1688 1199 1897 1270 Ὥσπερ

321 1290 433 1361 γὰρ
461 1290 558 1353 τάς
588 1290 738 1359 ὄψεις
777 1288 931 1359 ἡμῶν
974 1289 1214 1360 ἀχρόνως
1247 1286 1603 1358 παραπέμπει
1646 1289 1779 1362 πρὸς
1828 1289 1897 1342 τά

318 1381 594 1453 ὁρώμενα,
626 1379 770 1432 οὕτω
801 1380 894 1432 καὶ
938 1379 1036 1444 τὰς
1058 1379 1152 1434 τοῦ
1200 1378 1375 1448 φωτὸς
1422 1376 1726 1450 προσϐολὰς
1763 1380 1898 1432 ἀκα-

327 1472 535 1542 ριαέως,
573 1473 667 1527 καὶ
691 1472 766 1538 ὡς
788 1473 896 1527 οὐδ’
931 1472 999 1528 ἂν
1032 1472 1339 1543 ἐπινοήσειε
1368 1491 1449 1536 τις
1488 1472 1747 1525 ἐλάττονα
1773 1470 1898 1541 χρό-

322 1582 415 1616 νου
442 1564 634 1635 ροπὴν,
663 1566 754 1618 ἐπὶ
787 1566 960 1620 πάντα
992 1563 1187 1618 ἑαυτοῦ
1215 1562 1285 1617 τὰ
1314 1564 1526 1636 πέρατα
1555 1561 1893 1631 ὑποδέχεται.

322 1657 436 1710 Καὶ
467 1656 631 1730 αἰθὴρ
652 1658 814 1728 ἡδίων
849 1656 985 1727 μετά
1015 1655 1077 1709 τὸ
1116 1654 1249 1725 φῶς⁶
1282 1658 1375 1710 καὶ
1402 1657 1569 1710 ὕδατα
1604 1655 1892 1728 φανότερα,

320 1748 384 1799 ού
415 1749 575 1819 μόνον
602 1748 866 1817 δεχόμενα
892 1746 991 1818 τὴν
1018 1747 1214 1818 αὐγὴν,
1243 1748 1379 1801 ἀλλά
1404 1748 1496 1800 καὶ
1526 1751 1654 1819 παρ’
1687 1747 1896 1802 ἑαυτῶν

321 1837 736 1907 ἀντιπέμποντα
767 1835 909 1891 κατά
943 1836 1041 1907 τὴν
1068 1836 1365 1891 ἀνάκλασιν
1402 1836 1513 1907 (46)
1563 1838 1657 1890 τοῦ
1695 1838 1891 1906 φωτὸς,

2005 672 2100 710 nes
2131 656 2197 711 ad
2229 670 2358 712 suos
2403 656 2572 725 ipsius
2617 657 2879 714 terminos
2930 670 3366 725 quaquaversum
3397 664 3573 707 trans-

2003 745 2247 801 mittens.
2301 749 2532 802 Sursum
2565 749 2707 803 enim
2754 746 2821 803 ad
2854 746 3027 817 ipsum
3063 761 3231 815 usque
3260 748 3465 803 aatltera
3518 754 3573 799 et

2006 846 2172 903 usque
2198 836 2265 888 ad
2295 837 2494 891 coelum
2531 839 2777 905 pervenit
2809 854 2822 891 :
2853 835 2905 890 in
2930 834 3212 890 latitudine
3234 851 3362 893 vero
3382 849 3573 893 omnes

2005 926 2188 981 mundi
2224 938 2430 996 partes,
2466 937 2578 982 tum
2597 929 2965 997 aquilonares,
2993 934 3103 979 tum
3145 927 3427 995 australes,
3456 939 3569 982 tum

2003 1016 2320 1083 orientales,
2352 1028 2462 1074 tum
2487 1018 2872 1086 occidentales,
2904 1021 2955 1074 in
2992 1019 3141 1073 brevi
3167 1019 3425 1089 temporis
3457 1036 3573 1074 llic-

2009 1117 2192 1162 mento
2222 1107 2581 1163 illuminabat.
2633 1108 2781 1164 Talis
2808 1119 2891 1163 est
2950 1109 3097 1164 enim
3129 1108 3297 1177 ipsius
3329 1118 3522 1163 natura
3553 1151 3568 1175 ,

2007 1195 2183 1251 tenuis
2211 1197 2421 1253 scilicet
2450 1206 2503 1252 et
2537 1198 2801 1268 pellucida
2833 1214 2847 1263 ;
2886 1199 3021 1253 adeo
3054 1208 3111 1253 ut
3157 1196 3245 1252 lux
3274 1214 3369 1268 per
3396 1200 3572 1267 ipsum

2006 1288 2297 1354 transiens,
2330 1289 2474 1344 nuila
2505 1292 2767 1361 temporis
2810 1304 2961 1344 mora
3000 1290 3257 1362 indigeat.
3306 1290 3575 1356 Quemad-

2003 1381 2223 1438 modum
2257 1381 2401 1439 enim
2448 1382 2721 1438 contuitus
2753 1383 3031 1438 oculorum
3072 1392 3376 1439 nostrorum
3407 1382 3473 1436 ad
3508 1398 3573 1435 ea

2003 1488 2123 1544 qua;
2152 1476 2252 1533 sub
2284 1484 2562 1546 aspectum
2615 1476 2815 1530 cadunt
2840 1515 2855 1541 ,
2912 1475 3045 1529 citra
3078 1475 3332 1545 temporis
3364 1488 3571 1529 moram

2005 1566 2221 1622 deducit
2256 1587 2271 1623 :
2301 1569 2383 1624 sic
2416 1568 2579 1624 etiam
2607 1568 2826 1624 luminis
2857 1582 3140 1625 accessum
3164 1568 3384 1622 minima
3418 1580 3572 1621 mora

2008 1665 2063 1712 et
2095 1659 2356 1727 temporis
2389 1669 2660 1715 momento
2692 1659 2764 1713 ita
2802 1659 2979 1725 brevi,
3014 1669 3126 1713 uta
3168 1658 3379 1713 nemine
3402 1658 3574 1729 possit

2009 1749 2310 1819 excogitari
2364 1751 2605 1817 brevius,
2657 1751 2711 1805 in
2744 1764 2933 1806 omnes
2982 1764 3108 1806 suos
3147 1748 3281 1804 ﬁnes
3324 1748 3567 1819 suscipit.

2002 1842 2142 1909 Quin
2183 1841 2346 1896 etiam
2382 1841 2553 1897 aether
2577 1852 2698 1912 post
2731 1850 2906 1897 ortam
2930 1840 3104 1895 lucem
3127 1839 3416 1911 jucundior
3442 1854 3572 1895 eva-

326 1928 708 1999 μαρμαρυγῶν
734 1928 1068 2000 πανταχόθεν
1082 1928 1541 1999 ἁποπαλλομένων
1571 1927 1665 1981 τοῦ
1690 1930 1894 1993 ὓδατος.

2004 1931 2093 1996 sit,
2135 1944 2345 1987 necnon
2383 1943 2535 1999 aqua:
2575 1931 2906 2000 limpidiores
2948 1931 3131 1994 fuere,
3174 1944 3278 1984 non
3307 1929 3568 1999 fulgorem

324 2020 514 2075 Πάντα
604 2022 722 2076 θεία
744 2024 896 2096 φωνὴ
944 2023 1081 2095 πρὸς
1117 2024 1177 2078 τὸ
1200 2024 1416 2093 ἥδιστον
1449 2023 1544 2077 καὶ
1568 2020 1896 2093 τιμιώτατον

326 2114 746 2182 μετεσκεύασεν.
786 2116 997 2186 Ὥσπερ
1024 2115 1134 2184 γὰρ
1183 2115 1233 2166 οἱ
1266 2113 1324 2166 ὲν
1372 2112 1449 2184 τῷ
1483 2112 1627 2184 βυθῷ
1666 2114 1896 2178 ἐνιέντες

321 2205 385 2258 τὸ
420 2206 595 2258 ἔλαιον
630 2205 997 2274 καταφάνειαν
1026 2204 1309 2276 ἐμποιοῦσι
1347 2205 1426 2275 τῷ
1453 2206 1621 2277 τόπῳ,
1666 2206 1837 2269 οὕτως
1869 2206 1899 2260 ό

323 2297 556 2368 ποιητὴς
600 2297 705 2351 τῶν
737 2298 894 2363 ὅλων,
949 2296 1397 2369 ἐμφθεγξάμενος
1431 2298 1564 2368 (47),
1596 2298 1673 2369 τῷ
1708 2299 1897 2369 κόσμῳ

322 2390 424 2460 τὴν
451 2388 547 2443 τοῦ
609 2392 783 2460 φωτὸς
825 2391 986 2464 χάριν
1038 2389 1254 2461 ἀθρόως
1286 2389 1531 2461 ἐνέθηκε.
1580 2387 1897 2457 Γενηθήτω

322 2480 471 2550 φῶς.
520 2483 631 2536 Καὶ
668 2483 728 2536 τὸ
759 2483 1087 2555 πρόσταγμα
1116 2480 1274 2553 ἔργον
1311 2474 1398 2552 ἦν’
1449 2480 1545 2534 καὶ
1586 2478 1746 2549 φύσις
1780 2477 1899 2547 ὲγέ-

322 2592 445 2627 νετο
476 2569 692 2646 (48),ἦς
723 2575 843 2627 οὐδὲ
865 2574 1148 2643 ἐπινοῆσαι
1179 2591 1231 2627 τι
1268 2573 1625 2645 τερπνότερον
1648 2574 1727 2636 είς
1759 2570 1897 2624 ἀπό-

322 2667 514 2718 λαυσιν
561 2665 784 2719 δυνατόν
823 2667 939 2717 ἐστι
976 2664 1257 2735 λογισμοῖς
1306 2665 1684 2736 ἀνθρωπίνοις.
1728 2666 1896 2719 Ὅταν

323 2760 381 2811 δὲ
415 2758 597 2828 φωνὴν
644 2758 735 2810 ἐπὶ
766 2756 901 2810 Θεοῦ
925 2757 1016 2810 καὶ
1053 2756 1205 2827 ῥῆμα
1230 2755 1324 2808 καὶ
1366 2755 1689 2825 πρόσταγμα
1729 2756 1899 2824 λέγω-

326 2866 429 2919 μεν
457 2847 589 2919 (49),
624 2848 683 2901 οὐ
726 2848 815 2902 διὰ
853 2846 1177 2917 φωνητικῶν
1209 2844 1454 2916 ὁργάνων
1484 2844 1898 2914 ἐκπεμπόμενον

322 2940 518 3011 ψόφον,
540 2940 659 2994 οὐδὲ
683 2940 818 3011 ἀέρα
837 2939 925 2992 διὰ
956 2938 1207 3008 γλώσσης
1241 2937 1409 2991 τυπού
1420 2954 1596 3008 μενον,
1644 2936 1735 2989 τὸν
1757 2934 1899 2989 θεῖον

325 3033 484 3102 λόγον
513 3032 761 3103 νοοῦμεν,
794 3033 928 3087 ἀλλά
956 3032 1052 3105 τὴν
1102 3034 1159 3085 έν
1191 3030 1269 3101 τῷ
1303 3030 1565 3100 Θελήματι
1597 3027 1767 3100 ῥοπὴν
1811 3027 1899 3081 διὰ

323 3124 386 3175 τὸ
418 3125 529 3186 τοῖς
558 3123 959 3195 διδασκομένοις
1008 3122 1347 3176 εὐσύνοπτον
1382 3120 1493 3191 (50)
1528 3118 1809 3191 ἡγούμεθα
1840 3121 1899 3172 ἐν

326 3213 455 3265 εῖδει
517 3214 935 3284 προστάγματος
1002 3211 1453 3282 σχηματίζεσθαι.
1506 3210 1615 3264 Καὶ
1657 3207 1816 3265 εἶδεν
1865 3212 1899 3265 ό

328 3300 473 3366 Θεὸς
498 3275 576 3353 τὸ·
606 3275 751 3369 φῶς,
770 3275 781 3284 ’
801 3302 891 3353 ὅτι
1182 3300 1315 3353 Τίνα
1355 3301 1419 3353 ἂν
1452 3300 1699 3371 εἴποιμεν
1736 3303 1897 3372 ἡμεῖς
1923 3275 1967 3334 C

326 3392 420 3451 τοῦ
455 3393 631 3461 φωτὸς
654 3394 801 3460 ἄξιον
824 3394 1062 3459 ἔπαινον,
1104 3394 1133 3448 ὃ
1180 3394 1447 3466 προλαϐὸν
1470 3394 1567 3464 τὴν
1607 3396 1756 3465 παρά
1802 3397 1896 3449 τοῦ

324 3486 613 3548 κτίσαντος
648 3486 951 3558 μαρτυρίαν
984 3487 1118 3557 ἔχει,
1144 3485 1437 3549 ὅτικαλόν;
1476 3485 1586 3539 Καὶ
1618 3489 1745 3556 παρ’
1768 3488 1896 3555 ἡμῖν

322 3575 384 3629 δὲ
426 3574 634 3644 ὁλόγος
674 3578 785 3638 τοῖς
825 3574 1120 3647 ὀφθαλμοῖς
1166 3574 1526 3647 παραπέμπει
1567 3575 1665 3645 τὴν
1692 3575 1893 3645 κρίσιν,

327 3664 504 3730 οὕτως
532 3665 684 3719 οὐδὲν
735 3666 874 3737 ἔχων
907 3670 1081 3721 εἰπεῖν
1131 3666 1403 3733 τοσοῦτον,
1434 3666 1557 3719 ὅσον
1592 3666 1897 3736 ήαῖσθησις

331 3756 599 3826 μαρτυρεῖ
627 3756 969 3812 προλαϐοῦσα
1003 3757 1135 3828 (51).
1181 3757 1243 3809 ΕΞ
1294 3755 1349 3807 δὲ
1382 3755 1439 3807 τὸ
1476 3756 1533 3808 ὲν
1560 3754 1636 3825 τῷ
1687 3753 1895 3825 σώματι

398 3951 446 3985 ³⁸
470 3950 603 4006 Gen.
640 3968 676 4018 ι,
706 3953 759 4007 4.

402 4132 513 4203 (45)
542 4134 631 4187 Sic
660 4133 828 4188 editio
873 4133 1036 4188 Basil.
1073 4148 1192 4189 cum
1242 4145 1469 4202 utroque
1498 4136 1663 4193 Coisl.
1691 4148 1745 4192 et
1772 4156 1890 4194 cum

331 4204 693 4275 aliis‘mnltis.
716 4220 745 4256 e
774 4220 1001 4272 quorum
1032 4220 1254 4258 numero
1278 4216 1361 4259 est
1391 4206 1693 4275 ipsissimus
1720 4212 1892 4264 codex

328 4271 571 4347 Combef.
604 4274 777 4325 Editio
809 4274 976 4327 Paris.
1017 4275 1203 4347 αὑτοῦ.
1235 4271 1433 4328 Ibidem
1469 4278 1892 4347 cditioiutraqne

329 4342 721 4413 παραπέμπον,
754 4359 943 4413 nempe
975 4344 1109 4412 φῶς.
1146 4347 1211 4397 At
1236 4347 1400 4399 codex
1431 4346 1672 4402 (lonibel'.
1723 4359 1775 4401 et
1802 4342 1889 4402 alii

328 4428 423 4485 spx
461 4412 1091 4485 παρππέμπωηῇριηρρ
1126 4416 1251 4485 ἀήρ.
1287 4416 1437 4480 Quod
1482 4427 1658 4469 autem
1705 4420 1893 4472 scribit

326 4482 721 4557 Comlwlisius,
770 4482 867 4557 legi
909 4494 1156 4557 oportere
1184 4482 1299 4539 non
1345 4486 1727 4557 παραπέμπων
1752 4528 1763 4549 ,
1797 4493 1888 4543 sed

1999 2022 2161 2078 modo
2194 2020 2573 2090 suscipientes,
2627 2026 2719 2075 sed
2751 2038 2871 2077 eum
2906 2037 2973 2079 ex
3024 2036 3084 2078 se
3116 2023 3247 2093 ipsis
3272 2023 3434 2076 etiam
3473 2038 3570 2093 per

1999 2110 2135 2167 lucis
2166 2126 2549 2182 repercussum
2576 2112 2934 2179 remittentes,
2959 2115 3170 2169 vibrato
3197 2114 3472 2170 undelibet
3498 2115 3568 2168 ab

1999 2216 2139 2272 aqua
2175 2205 2481 2274 splendore.
2528 2204 2719 2259 Divina
2760 2219 2863 2259 vox
2916 2205 2980 2259 ad
3016 2204 3459 2274 iucundissimum
3513 2216 3569 2261 et

1995 2297 2499 2367 praestantissimum
2560 2307 2761 2354 statum
2822 2299 3207 2354 transmutavit
3246 2301 3446 2355 omnia.
3496 2298 3567 2355 Ut

1997 2388 2142 2442 enim
2168 2387 2263 2458 qui
2289 2386 2468 2443 oleum
2494 2390 2551 2443 in
2589 2404 2746 2459 aqua:
2782 2388 3005 2446 fundum
3046 2389 3365 2456 immittunt,
3403 2391 3454 2445 in
3502 2390 3567 2443 il-

1999 2474 2109 2528 lum
2149 2474 2328 2531 locum
2378 2477 2638 2532 inducunt
2684 2477 3026 2533 claritatem:
3070 2480 3143 2534 ita
3184 2481 3563 2536 universorum

1998 2564 2246 2619 conditor
2295 2566 2477 2622 statim
2523 2576 2685 2637 atque
2727 2566 2933 2625 locutus
2979 2577 3080 2635 est,
3140 2569 3273 2625 lucis
3328 2574 3562 2641 gratiam

1997 2656 2201 2712 mundo
2246 2665 2468 2727 repente
2498 2657 2699 2714 intulit.
2738 2657 2865 2713 Fiat
2910 2660 3021 2714 lux.
3060 2661 3204 2715 Sane
3237 2662 3340 2716 boc
3366 2678 3568 2731 praet-e-

1996 2756 2146 2818 ptum
2179 2762 2314 2819 opus
2345 2760 2490 2814 erat;
2526 2759 2581 2804 et
2612 2748 2748 2804 facta
2781 2760 2863 2805 est
2883 2761 3098 2816 natura,
3134 2768 3236 2820 qua
3266 2753 3563 2823 jucunuius

1999 2840 2291 2908 quidquam
2327 2839 2393 2895 ad
2440 2842 2727 2897 fruendum
2773 2858 2840 2897 ne
2884 2844 3192 2915 excogitare
3219 2846 3436 2915 quidem
3465 2862 3565 2916 po»

2001 2940 2106 2986 test
2138 2933 2372 2986 humana
2403 2935 2563 2990 ratio.
2590 2934 2723 2989 Cum
2770 2946 2948 2989 autem
2989 2938 3041 2990 in
3077 2938 3185 2992 Deo
3219 2954 3411 2993 vocem
3438 2954 3564 2993 vcr-

1999 3021 2238 3091 bumque
2267 3033 2322 3076 et
2350 3034 2675 3093 prmeeptum
2707 3026 2956 3093 dicimus,
2993 3045 3098 3083 non
3129 3044 3318 3085 sonum
3341 3046 3437 3101 per
3466 3046 3564 3084 vo-

2000 3115 2137 3169 calia
2163 3131 2365 3185 organa
2397 3118 2677 3182 emissum,
2715 3135 2820 3175 non
2850 3137 3029 3176 acrem
3052 3122 3230 3194 lingua
3260 3124 3567 3179 conforma-

2002 3215 2133 3271 tum,
2160 3208 2399 3261 divinum
2443 3224 2747 3265 sermonem
2796 3212 3143 3284 intelligimus
3177 3234 3190 3270 :
3246 3217 3340 3271 sed
3375 3215 3566 3269 volun-

2004 3298 2128 3353 tatis
2177 3306 2409 3366 nutum,
2461 3309 2520 3354 ut
2570 3302 2895 3359 discentium
2956 3307 3130 3362 oculis
3186 3323 3272 3362 res
3326 3307 3566 3377 subjecta

2002 3400 2166 3458 esset,
2197 3392 2249 3447 in
2278 3392 2532 3463 praecepti
2565 3396 2799 3464 speciem
2828 3397 3074 3467 adaptari
3118 3400 3461 3454 arbitramur.
3496 3397 3565 3452 Et

2002 3484 2130 3537 uidit
2169 3484 2311 3540 Deus
2351 3484 2518 3541 lucem
2562 3488 2699 3558 quod
2742 3500 2875 3543 esset
2929 3490 3151 3559 pulchra
3184 3493 3251 3546 ³⁸.
3288 3492 3561 3559 Quasnam

2002 3574 2186 3632 laudes
2208 3575 2327 3632 luce
2354 3578 2543 3648 dignas
2575 3580 2876 3635 dixerimus
2902 3596 3000 3636 nos
3031 3600 3044 3634 :
3078 3597 3242 3650 quam
3278 3582 3560 3650 pulcbcam

2003 3676 2123 3718 esse
2161 3664 2408 3719 conditor
2442 3665 2496 3721 in
2528 3678 2868 3723 antecessum
2896 3677 3124 3724 testatus
3149 3680 3227 3725 est
3250 3671 3271 3722 ?
3292 3670 3404 3726 lmo
3434 3686 3565 3725 vero

2009 3753 2149 3824 apud
2186 3770 2281 3811 nos
2310 3756 2441 3826 ipsis
2472 3756 2645 3813 oculis
2675 3756 2936 3826 judicium
2972 3759 3147 3815 defert
3172 3763 3346 3817 oratio
3369 3804 3383 3829 ,
3438 3777 3560 3818 cum

1999 4149 2045 4190 et
2075 4138 2325 4205 caliganti
2378 4136 2573 4189 mundo
2616 4134 2790 4189 lumen
2818 4135 3066 4200 emicuit,
3099 4137 3310 4203 quando
3354 4136 3401 4190 si
3447 4139 3562 4204 quis

1998 4211 2132 4260 inter
2163 4224 2325 4277 aquas
2354 4206 2894 4279 mersus.__oleum_ore
2926 4206 3190 4279 emiserit,
3219 4206 3444 4279 clariora
3477 4209 3562 4279 fa-

1998 4281 2098 4329 ciat
2129 4293 2188 4329 ea
2210 4275 2323 4345 qua:
2354 4275 2631 4343 profundis
2667 4276 2967 4344 tegebantur
2986 4275 3201 4330 occultis
3220 4277 3246 4329 .9

2066 4366 2174 4437 (i7)
2194 4366 2384 4421 Medic.
2407 4364 2832 4437 ὲμφεγξὰμενος,
2848 4364 3084 4429 illucens,
3104 4366 3385 4437 a/fulgens.
3408 4365 3557 4421 Hanc

1996 4437 2277 4491 lectionem
2302 4439 2378 4490 ait
2402 4437 2625 4490 Ducazus
2647 4450 2749 4489 non
2763 4449 2881 4491 esse
2898 4437 3380 4491 contemnendam:
3402 4437 3561 4490 Com-

1996 4508 2211 4560 Iielisins
2240 4522 2364 4560 vero
2388 4507 2619 4559 aﬂirmat
2642 4520 2758 4559 eant
2791 4522 2981 4572 pttrum
3006 4507 3258 4560 mendum
3291 4520 3430 4561 esse.
3456 4506 3561 4560 lbi-

331 4550 725 4621 πσραπέμπον.
754 4552 818 4603 de
836 4550 905 4645 eo
937 4555 1277 4638 nobis'longe
1308 4550 1465 4609 aliter
1492 4550 1720 4609 vidbtur.
1756 4559 1886 4611 Nam

1999 4578 2112 4629 dem
2140 4577 2573 4631 Colb.secundtts
2614 4575 2673 4627 ἒν
2713 4550 3087 4645 φθεγξάμενος
3123 4574 3309 4645 ῥῆμα,
3350 4578 3560 4631 verbum

329 4635 689 4694 pru'terqnam
724 4624 864 4687 quod
891 4624 1275 4694 παραπέμπων
1319 4629 1367 4679 in
1400 4628 1647 4680 omnibus
1691 4630 1886 4682 nostris

328 4708 460 4744 mss.
494 4692 705 4757 legitur,
741 4692 994 4757 praeterea
1036 4692 1137 4745 non
1179 4706 1319 4748 recte
1368 4698 1636 4749 diceretur
1676 4698 1759 4751 lux
1796 4715 1888 4752 ce-

329 4761 470 4814 leres
498 4760 720 4829 fulgoris
749 4762 1151 4815 distriluttiones
1184 4766 1247 4813 ad
1280 4782 1398 4816 suas
1446 4767 1603 4825 ipsius
1641 4770 1886 4821 terminos

329 4830 571 4903 vibrasse
602 4849 614 4883 :
649 4832 741 4885 sed
768 4833 865 4903 ltoc
899 4832 1037 4886 idem
1069 4836 1272 4903 optime
1302 4836 1404 4887 dici
1437 4846 1608 4903 potest
1644 4839 1707 4888 de
1740 4854 1886 4901 aere,

330 4899 422 4966 qui
449 4910 694 4971 acceptos
746 4918 773 4952 a
818 4902 934 4956 lucc
967 4902 1143 4956 radios
1180 4904 1232 4955 in
1272 4921 1392 4956 suos
1438 4899 1596 4971 ipsius
1641 4899 1887 4961 terminos

333 4970 667 5024 transmittit.
718 4972 846 5023 Cum
892 4974 1053 5037 igitur
1094 4990 1190 5026 vox
1226 4974 1419 5025 ἑαυτοῦ
1458 4970 1657 5027 debeat
1698 4976 1887 5030 referri

330 5039 399 5115 ad
441 5055 622 5092 vocem
673 5043 780 5111 ἀήρ
804 5083 817 5103 ,
849 5059 1182 5115 consequens
1214 5058 1295 5097 est
1338 5054 1395 5097 ut
1439 5044 1675 5111 legamus
1709 5063 1887 5115 παρα-

330 5106 587 5183 πέμπων,
626 5106 1129 5183 ιιοιι”παραπέμπον
1156 5129 1169 5142 ·
1209 5115 1400 5183 quippe
1427 5106 1523 5168 11υέ
1554 5106 1887 5180 participium

331 5180 399 5232 ad
425 5180 559 5231 idem
601 5180 1001 5251 substantivuni
1040 5180 1315 5247 pertinet,
1340 5180 1417 5236 ad
1468 5187 1608 5248 (μιυά
1658 5188 1887 5251 pertinet

331 5264 433 5325 ς’οἚ
468 5249 679 5325 ἑαυτοῦ.
714 5249 1150 5325 Ibidemttodiccs
1174 5268 1263 5306 Ssx
1301 5256 1410 5307 ἅνω
1441 5256 1535 5323 μὲν
1570 5249 1677 5325 γὰρ
1729 5255 1887 5325 μέχρι

332 5319 486 5390 πρός.
534 5320 640 5390 vox
682 5319 843 5390 μέχρι
892 5323 1039 5373 abest
1083 5325 1149 5375 ab
1203 5324 1379 5377 editis.
1423 5319 1590 5378 Colb.‘
1622 5319 1889 5380 secundus

332 5388 957 5463 5.*)t‘u_0‘t-:v.ﬂlhid(3ni'idem
999 5392 1146 5463 Collt.
1182 5396 1445 5447 secundus
1488 5394 1740 5463 ἔφθασεν.

382 5458 513 5532 ,(46)
546 5459 699 5532 Reg:
720 5472 903 5532 sextus
928 5462 1061 5527 μετὰ
1084 5462 1177 5532 τὴν
1202 5458 1610 5517 ἁντανέικλασιν.
1640 5466 1754 5520 Mox
1779 5467 1893 5520 edi-

330 5528 605 5582 tio'l’aris.
645 5528 786 5582 οὔτω
816 5530 1009 5582 πάντα.
1052 5528 1154 5585 Sed
1196 5550 1301 5586 vox.
1332 5534 1475 5586 οῦτω
1501 5543 1648 5588 deest
1685 5538 1732 5587 in
1771 5540 1885 5589 edi-

332 5601 490 5676 tione;
508 5599 674 5676 _Ba._sil.
707 5599 1106 5676 inque-nostris
1130 5619 1254 5676 mss.
1290 5605 1426 5655 Infra
1450 5606 1497 5656 οἱ
1532 5607 1589 5655 ἐν
1617 5606 1691 5675 τῷ
1718 5606 1886 5676 βυθῷ,

330 5678 435 5720 etc.
462 5668 724 5722 Discimus
767 5686 829 5722 cx
864 5671 1166 5732 Ambrosio,
1194 5673 1281 5725 Lib.
1320 5691 1330 5725 l
1363 5677 1414 5726 in
1448 5668 1696 5727 Ηρεειιρηξ.
1718 5668 1736 5736 ’,
1766 5668 1883 5739 mil;

329 5739 383 5797 9,
424 5755 566 5791 num.
606 5739 695 5801 55,
727 5742 901 5792 oleum
936 5740 1058 5792 illud
1092 5746 1228 5806 quod
1262 5745 1324 5793 ad
1353 5746 1518 5795 lucem
1561 5746 1884 5799 nli'ercudam

332 5808 711 5875 profunditur,
750 5825 843 5863 ore
888 5811 1082 5864 emitti.
1128 5812 1217 5865 Sic
1264 5824 1439 5867 autem
1480 5817 1639 5867 habet
1695 5818 1887 5868 IlUCtut‘

329 5879 557 5931 mitulus
587 5897 597 5930 :
639 5878 776 5941 Quid
808 5880 1075 5941 miramur,
1110 5884 1155 5933 si
1185 5882 1318 5936 [leris
1352 5888 1549 5939 locutas
1581 5899 1653 5939 est
1692 5888 1881 5950 lucem,

1992 4663 2151 4699 unum
2174 4647 2460 4715 proferens.

2061 4740 2171 4808 (i8)
2207 4741 2333 4809 Il_eg.
2374 4741 2594 4807 quintus
2622 4738 2779 4807 φύσις
2808 4737 3032 4806 ἐγίνετο.
3064 4736 3259 4794 Ibidem
3288 4739 3443 4794 Colb.
3476 4754 3561 4794 se-

1990 4806 2193 4864 cundus
2224 4806 2487 4882 ἦςόὐδέν.

2062 4901 2174 4971 (19)
2218 4901 2443 4956 Codices
2491 4912 2601 4955 tres
2645 4900 2903 4971 λέγομενἒ
2934 4898 3132 4954 Statim
3180 4900 3345 4953 editio
3375 4896 3557 4971 P_aris.

1989 4968 2289 5042 τυπτόμενον
2312 5011 2326 5027 .
2354 4988 2656 5037 percussum
2689 4987 2707 5024 :
2756 4968 2849 5023 sed
2880 4969 3009 5042 Duc.
3061 4980 3286 5037 uterque
3320 4980 3374 5023 et
3403 4968 3553 5042 Bodl.

1991 5056 2040 5093 et
2072 5040 2312 5095 Ctitltilcf.
2345 5056 2463 5093 cum
2514 5042 2767 5095 omnibus
2815 5040 3011 5093 nostris
3048 5056 3177 5093 mss.
3210 5051 3265 5093 et
3298 5056 3419 5093 cmn
3445 5040 3559 5093 edi-

1992 5114 2135 5181 tione
2194 5111 2354 5163 Basil.
2416 5110 2768 5181 τυπούμενον.
2814 5109 3202 5181 Vox___tttruque
3257 5110 3559 5179 τυπόμενον

1993 5180 2115 5251 [sic]
2158 5194 2211 5233 et
2244 5182 2580 5251 τυπούμενον
2597 5178 2785 5251 potest
2833 5178 2982 5231 reddi
3012 5180 3334 5251 Latitte_per
3367 5178 3555 5233 vocem

1989 5248 2311 5317 percussum,
2345 5248 2684 5305 verberatum.
2721 5248 2866 5320 Nam
2884 5252 3176 5303 secundum
3207 5249 3555 5320 Hesycltium,

1991 5332 2045 5371 ut
2086 5331 2262 5373 monet
2293 5321 2666 5385 Combeﬁsius,
2696 5318 2962 5373 τυποῢται
3008 5320 3147 5375 idem
3199 5318 3339 5374 valet
3393 5330 3559 5388 atque

1992 5390 2309 5459 πλήσσεται.

2067 5458 2183 5529 (⁷50)
2214 5460 2361 5529 Regii
2394 5461 2579 5514 tertius
2613 5469 2667 5513 et
2711 5461 2953 5529 quintus,
2990 5461 3221 5527 itemque
3263 5458 3426 5513 Cois].
3464 5473 3555 5515 se-

1990 5534 2197 5585 cundus
2230 5531 2531 5583 εὐσύνετον.
2583 5530 2881 5583 Editicum
2926 5533 3053 5601 lteg.
3099 5537 3294 5599 quarto
3328 5540 3382 5584 et
3426 5544 3553 5584 cum

1989 5602 2148 5657 Coisl.
2196 5603 2365 5671 primo
2394 5602 2742 5671 εὐσύνοπτον.

2067 5672 2178 5739 (51)
2198 5669 2300 5725 ἐἰς
2328 5688 2457 5726 mss.
2488 5670 2731 5727 Combel'.
2758 5686 2875 5724 cum
2908 5670 3025 5723 aliis
3055 5669 3239 5735 Regiis
3278 5670 3471 5734 tribus,
3497 5678 3553 5725 et

1990 5758 2108 5796 cum
2148 5752 2371 5810 utroque
2413 5743 2576 5797 Coisl.
2633 5740 2769 5793 Editi
2818 5739 3379 5812 :apa).-a_t606:ra._ltlox
3414 5756 3547 5812 mss.

1995 5824 2101 5891 tres
2130 5813 2184 5863 ἐν
2216 5808 2444 5884 σώματι.
2475 5813 2578 5867 Alii
2617 5821 2843 5881 quatuor
2872 5808 2927 5864 ἐν
2958 5809 3191 5881 σώμασι.
3228 5809 3362 5864 Ειίίιὶ
3396 5808 3551 5881 ὲντῷ

1994 5899 2219 5952 σικιμειτι.
