  <div class='ocr_page' id='page_1' title='image "/cluster/home/n/w/nwhite01/storage/ocr_20150623/29/ien.35556001660547/432.png"; bbox 0 0 4058 6440; ppageno 0'>
   <div class='ocr_carea' id='block_1_1' title="bbox 495 391 2446 451">
    <p class='ocr_par' dir='ltr' id='par_1_1' title="bbox 495 391 2446 451">
     <span class='ocr_line' id='line_1_1' title="bbox 495 391 2446 451; baseline 0.009 -17"><span class='ocrx_word' id='word_1_1' title='bbox 495 393 566 451; x_wconf 71' lang='grc' dir='ltr'>ιτ</span> <span class='ocrx_word' id='word_1_2' title='bbox 1845 391 1902 445; x_wconf 87' lang='lat' dir='ltr'><strong>s.</strong></span> <span class='ocrx_word' id='word_1_3' title='bbox 1945 392 2189 448; x_wconf 57' lang='lat' dir='ltr'><strong>essu.“</strong></span> <span class='ocrx_word' id='word_1_4' title='bbox 2231 396 2446 451; x_wconf 75' lang='lat' dir='ltr'><strong>MAGNI</strong></span> 
     </span>
    </p>
   </div>
   <div class='ocr_carea' id='block_1_2' title="bbox 3702 407 3779 463">
    <p class='ocr_par' dir='ltr' id='par_1_2' title="bbox 3702 407 3779 463">
     <span class='ocr_line' id='line_1_2' title="bbox 3702 407 3779 463; baseline 0 -3"><span class='ocrx_word' id='word_1_5' title='bbox 3702 407 3779 463; x_wconf 75' lang='grc'><strong>48</strong></span> 
     </span>
    </p>
   </div>
   <div class='ocr_carea' id='block_1_3' title="bbox 493 504 2079 585">
    <p class='ocr_par' dir='ltr' id='par_1_3' title="bbox 493 504 2073 575">
     <span class='ocr_line' id='line_1_3' title="bbox 493 504 2073 575; baseline 0.001 -13"><span class='ocrx_word' id='word_1_6' title='bbox 493 514 703 562; x_wconf 86' lang='lat' dir='ltr'><strong>tantum</strong></span> <span class='ocrx_word' id='word_1_7' title='bbox 736 504 866 558; x_wconf 88' lang='lat' dir='ltr'><strong>nilnl</strong></span> <span class='ocrx_word' id='word_1_8' title='bbox 898 512 1064 574; x_wconf 85' lang='lat' dir='ltr'><strong>queat</strong></span> <span class='ocrx_word' id='word_1_9' title='bbox 1092 507 1411 574; x_wconf 65' lang='lat' dir='ltr'><strong>praedicare,</strong></span> <span class='ocrx_word' id='word_1_10' title='bbox 1444 514 1707 575; x_wconf 88' lang='lat' dir='ltr'><strong>quantum</strong></span> <span class='ocrx_word' id='word_1_11' title='bbox 1749 520 1945 563; x_wconf 81' lang='lat' dir='ltr'><strong>sensus</strong></span> <span class='ocrx_word' id='word_1_12' title='bbox 1980 523 2073 563; x_wconf 87' lang='lat' dir='ltr'><strong>an-</strong></span> 
     </span>
    </p>
   </div>
   <div class='ocr_carea' id='block_1_4' title="bbox 2181 504 3774 585">
    <p class='ocr_par' dir='ltr' id='par_1_4' title="bbox 2181 511 3774 585">
     <span class='ocr_line' id='line_1_4' title="bbox 2181 511 3774 585; baseline 0.005 -23"><span class='ocrx_word' id='word_1_13' title='bbox 2181 511 2338 563; x_wconf 70' lang='grc' dir='ltr'>καλὸν</span> <span class='ocrx_word' id='word_1_14' title='bbox 2381 514 2442 565; x_wconf 77' lang='grc' dir='ltr'>ἐκ</span> <span class='ocrx_word' id='word_1_15' title='bbox 2470 514 2569 584; x_wconf 83' lang='grc' dir='ltr'><strong>τῆς</strong></span> <span class='ocrx_word' id='word_1_16' title='bbox 2619 513 2757 585; x_wconf 81' lang='grc' dir='ltr'>πρὸς</span> <span class='ocrx_word' id='word_1_17' title='bbox 2790 512 2997 581; x_wconf 77' lang='grc' dir='ltr'>ἄλληλα</span> <span class='ocrx_word' id='word_1_18' title='bbox 3038 513 3150 569; x_wconf 84' lang='grc' dir='ltr'><strong>τῶν</strong></span> <span class='ocrx_word' id='word_1_19' title='bbox 3201 511 3384 585; x_wconf 82' lang='grc' dir='ltr'>μερῶν</span> <span class='ocrx_word' id='word_1_20' title='bbox 3406 511 3517 584; x_wconf 72' lang='lat'><strong>(52)</strong></span> <span class='ocrx_word' id='word_1_21' title='bbox 3547 529 3774 585; x_wconf 85' lang='grc' dir='ltr'>συμμε-</span> 
     </span>
    </p>
   </div>
   <div class='ocr_carea' id='block_1_5' title="bbox 492 597 2068 670">
    <p class='ocr_par' dir='ltr' id='par_1_5' title="bbox 492 597 2068 670">
     <span class='ocr_line' id='line_1_5' title="bbox 492 597 2068 670; baseline 0.001 -17"><span class='ocrx_word' id='word_1_22' title='bbox 492 607 766 654; x_wconf 87' lang='lat' dir='ltr'><strong>tevertens</strong></span> <span class='ocrx_word' id='word_1_23' title='bbox 801 597 1067 653; x_wconf 73' lang='lat' dir='ltr'><strong>declarat.</strong></span> <span class='ocrx_word' id='word_1_24' title='bbox 1104 597 1211 655; x_wconf 84' lang='lat' dir='ltr'><strong>Sed</strong></span> <span class='ocrx_word' id='word_1_25' title='bbox 1242 600 1289 655; x_wconf 83' lang='lat' dir='ltr'><strong>si</strong></span> <span class='ocrx_word' id='word_1_26' title='bbox 1324 598 1574 667; x_wconf 87' lang='lat' dir='ltr'><strong>corporis</strong></span> <span class='ocrx_word' id='word_1_27' title='bbox 1616 599 1965 670; x_wconf 77' lang='lat' dir='ltr'><strong>pulchritudo</strong></span> <span class='ocrx_word' id='word_1_28' title='bbox 2003 616 2068 657; x_wconf 80' lang='lat' dir='ltr'><strong>ex</strong></span> 
     </span>
    </p>
   </div>
   <div class='ocr_carea' id='block_1_6' title="bbox 488 691 2073 764">
    <p class='ocr_par' dir='ltr' id='par_1_6' title="bbox 488 691 2073 764">
     <span class='ocr_line' id='line_1_6' title="bbox 488 691 2073 764; baseline 0.004 -20"><span class='ocrx_word' id='word_1_29' title='bbox 488 691 723 760; x_wconf 90' lang='lat' dir='ltr'><strong>partium</strong></span> <span class='ocrx_word' id='word_1_30' title='bbox 756 691 899 745; x_wconf 89' lang='lat' dir='ltr'><strong>inter</strong></span> <span class='ocrx_word' id='word_1_31' title='bbox 926 704 987 745; x_wconf 88' lang='lat' dir='ltr'><strong>se</strong></span> <span class='ocrx_word' id='word_1_32' title='bbox 1016 692 1357 763; x_wconf 74' lang='lat' dir='ltr'><strong>symmetria,</strong></span> <span class='ocrx_word' id='word_1_33' title='bbox 1401 706 1469 747; x_wconf 90' lang='lat' dir='ltr'><strong>ac</strong></span> <span class='ocrx_word' id='word_1_34' title='bbox 1518 699 1814 764; x_wconf 88' lang='lat' dir='ltr'><strong>apparente</strong></span> <span class='ocrx_word' id='word_1_35' title='bbox 1872 693 2073 750; x_wconf 90' lang='lat' dir='ltr'><strong>coloris</strong></span> 
     </span>
    </p>
   </div>
   <div class='ocr_carea' id='block_1_7' title="bbox 488 783 2069 855">
    <p class='ocr_par' dir='ltr' id='par_1_7' title="bbox 488 783 2069 855">
     <span class='ocr_line' id='line_1_7' title="bbox 488 783 2069 855; baseline 0.001 -16"><span class='ocrx_word' id='word_1_36' title='bbox 488 783 734 839; x_wconf 90' lang='lat' dir='ltr'><strong>bonitate</strong></span> <span class='ocrx_word' id='word_1_37' title='bbox 775 785 973 851; x_wconf 89' lang='lat' dir='ltr'><strong>oritur,</strong></span> <span class='ocrx_word' id='word_1_38' title='bbox 1029 783 1300 855; x_wconf 90' lang='lat' dir='ltr'><strong>quomodo</strong></span> <span class='ocrx_word' id='word_1_39' title='bbox 1336 783 1390 839; x_wconf 87' lang='lat' dir='ltr'><strong>in</strong></span> <span class='ocrx_word' id='word_1_40' title='bbox 1419 784 1539 838; x_wconf 89' lang='lat' dir='ltr'><strong>luce</strong></span> <span class='ocrx_word' id='word_1_41' title='bbox 1564 800 1686 854; x_wconf 76' lang='lat' dir='ltr'><strong>qua:</strong></span> <span class='ocrx_word' id='word_1_42' title='bbox 1710 793 1903 839; x_wconf 88' lang='lat' dir='ltr'><strong>natura</strong></span> <span class='ocrx_word' id='word_1_43' title='bbox 1934 786 2069 840; x_wconf 89' lang='lat' dir='ltr'><strong>sim-</strong></span> 
     </span>
    </p>
   </div>
   <div class='ocr_carea' id='block_1_8' title="bbox 488 874 2072 947">
    <p class='ocr_par' dir='ltr' id='par_1_8' title="bbox 488 874 2072 947">
     <span class='ocr_line' id='line_1_8' title="bbox 488 874 2072 947; baseline 0.001 -17"><span class='ocrx_word' id='word_1_44' title='bbox 488 874 615 945; x_wconf 80' lang='lat' dir='ltr'><strong>plex</strong></span> <span class='ocrx_word' id='word_1_45' title='bbox 644 884 750 943; x_wconf 88' lang='lat' dir='ltr'><strong>est,</strong></span> <span class='ocrx_word' id='word_1_46' title='bbox 781 876 1158 947; x_wconf 77' lang='lat' dir='ltr'><strong>similibusque</strong></span> <span class='ocrx_word' id='word_1_47' title='bbox 1195 884 1410 933; x_wconf 82' lang='lat' dir='ltr'><strong>constat</strong></span> <span class='ocrx_word' id='word_1_48' title='bbox 1453 878 1721 947; x_wconf 88' lang='lat' dir='ltr'><strong>partibus,</strong></span> <span class='ocrx_word' id='word_1_49' title='bbox 1768 876 2072 946; x_wconf 86' lang='lat' dir='ltr'><strong>pulchritu-</strong></span> 
     </span>
    </p>
   </div>
   <div class='ocr_carea' id='block_1_9' title="bbox 489 967 2071 1041">
    <p class='ocr_par' dir='ltr' id='par_1_9' title="bbox 489 967 2071 1041">
     <span class='ocr_line' id='line_1_9' title="bbox 489 967 2071 1041; baseline 0.001 -18"><span class='ocrx_word' id='word_1_50' title='bbox 489 967 633 1024; x_wconf 89' lang='lat' dir='ltr'><strong>dinis</strong></span> <span class='ocrx_word' id='word_1_51' title='bbox 664 970 806 1025; x_wconf 82' lang='lat' dir='ltr'><strong>ratio</strong></span> <span class='ocrx_word' id='word_1_52' title='bbox 833 971 1231 1026; x_wconf 82' lang='lat' dir='ltr'><strong>conservatur?</strong></span> <span class='ocrx_word' id='word_1_53' title='bbox 1271 970 1406 1025; x_wconf 88' lang='lat' dir='ltr'><strong>Num</strong></span> <span class='ocrx_word' id='word_1_54' title='bbox 1440 978 1725 1041; x_wconf 81' lang='lat' dir='ltr'><strong>propterea</strong></span> <span class='ocrx_word' id='word_1_55' title='bbox 1757 969 1900 1038; x_wconf 89' lang='lat' dir='ltr'><strong>quod</strong></span> <span class='ocrx_word' id='word_1_56' title='bbox 1932 970 2071 1025; x_wconf 81' lang='lat' dir='ltr'><strong>lueis</strong></span> 
     </span>
    </p>
   </div>
   <div class='ocr_carea' id='block_1_10' title="bbox 492 1062 2069 1135">
    <p class='ocr_par' dir='ltr' id='par_1_10' title="bbox 492 1062 2069 1135">
     <span class='ocr_line' id='line_1_10' title="bbox 492 1062 2069 1135; baseline 0.002 -19"><span class='ocrx_word' id='word_1_57' title='bbox 492 1065 814 1131; x_wconf 87' lang='lat' dir='ltr'><strong>temperatio</strong></span> <span class='ocrx_word' id='word_1_58' title='bbox 852 1076 959 1117; x_wconf 90' lang='lat' dir='ltr'><strong>non</strong></span> <span class='ocrx_word' id='word_1_59' title='bbox 1012 1064 1065 1117; x_wconf 91' lang='lat' dir='ltr'><strong>in</strong></span> <span class='ocrx_word' id='word_1_60' title='bbox 1104 1064 1340 1135; x_wconf 87' lang='lat' dir='ltr'><strong>propriis</strong></span> <span class='ocrx_word' id='word_1_61' title='bbox 1386 1063 1556 1134; x_wconf 89' lang='lat' dir='ltr'><strong>ipsius</strong></span> <span class='ocrx_word' id='word_1_62' title='bbox 1582 1062 1849 1134; x_wconf 89' lang='lat' dir='ltr'><strong>partibus,</strong></span> <span class='ocrx_word' id='word_1_63' title='bbox 1887 1062 1981 1117; x_wconf 91' lang='lat' dir='ltr'><strong>sed</strong></span> <span class='ocrx_word' id='word_1_64' title='bbox 2017 1064 2069 1119; x_wconf 93' lang='lat' dir='ltr'><strong>iu</strong></span> 
     </span>
    </p>
   </div>
   <div class='ocr_carea' id='block_1_11' title="bbox 491 1154 2071 1223">
    <p class='ocr_par' dir='ltr' id='par_1_11' title="bbox 491 1154 2071 1223">
     <span class='ocr_line' id='line_1_11' title="bbox 491 1154 2071 1223; baseline 0.003 -16"><span class='ocrx_word' id='word_1_65' title='bbox 491 1155 723 1223; x_wconf 81' lang='lat' dir='ltr'><strong>quadam</strong></span> <span class='ocrx_word' id='word_1_66' title='bbox 766 1154 1049 1211; x_wconf 85' lang='lat' dir='ltr'><strong>hilaritate</strong></span> <span class='ocrx_word' id='word_1_67' title='bbox 1092 1167 1146 1212; x_wconf 90' lang='lat' dir='ltr'><strong>et</strong></span> <span class='ocrx_word' id='word_1_68' title='bbox 1190 1156 1409 1211; x_wconf 86' lang='lat' dir='ltr'><strong>lenitate</strong></span> <span class='ocrx_word' id='word_1_69' title='bbox 1437 1156 1574 1211; x_wconf 80' lang='lat' dir='ltr'><strong>visui</strong></span> <span class='ocrx_word' id='word_1_70' title='bbox 1603 1171 1662 1211; x_wconf 92' lang='lat' dir='ltr'><strong>se</strong></span> <span class='ocrx_word' id='word_1_71' title='bbox 1691 1154 1954 1211; x_wconf 74' lang='lat' dir='ltr'><strong>oﬂerente</strong></span> <span class='ocrx_word' id='word_1_72' title='bbox 1988 1156 2071 1211; x_wconf 92' lang='lat' dir='ltr'><strong>in-</strong></span> 
     </span>
    </p>
   </div>
   <div class='ocr_carea' id='block_1_12' title="bbox 489 1244 2069 1317">
    <p class='ocr_par' dir='ltr' id='par_1_12' title="bbox 489 1244 2069 1317">
     <span class='ocr_line' id='line_1_12' title="bbox 489 1244 2069 1317; baseline -0.001 -16"><span class='ocrx_word' id='word_1_73' title='bbox 489 1260 612 1301; x_wconf 82' lang='lat' dir='ltr'><strong>esse</strong></span> <span class='ocrx_word' id='word_1_74' title='bbox 635 1245 991 1316; x_wconf 86' lang='lat' dir='ltr'><strong>perhibetur?</strong></span> <span class='ocrx_word' id='word_1_75' title='bbox 1018 1246 1107 1301; x_wconf 92' lang='lat' dir='ltr'><strong>Sic</strong></span> <span class='ocrx_word' id='word_1_76' title='bbox 1143 1247 1289 1300; x_wconf 87' lang='lat' dir='ltr'><strong>enim</strong></span> <span class='ocrx_word' id='word_1_77' title='bbox 1322 1247 1431 1317; x_wconf 70' lang='lat'><strong>20</strong></span> <span class='ocrx_word' id='word_1_78' title='bbox 1460 1244 1742 1315; x_wconf 84' lang='lat' dir='ltr'><strong>pulchrum</strong></span> <span class='ocrx_word' id='word_1_79' title='bbox 1789 1255 1873 1300; x_wconf 88' lang='lat' dir='ltr'><strong>est</strong></span> <span class='ocrx_word' id='word_1_80' title='bbox 1906 1247 2069 1301; x_wconf 89' lang='lat' dir='ltr'><strong>etiam</strong></span> 
     </span>
    </p>
   </div>
   <div class='ocr_carea' id='block_1_13' title="bbox 489 1335 2068 1408">
    <p class='ocr_par' dir='ltr' id='par_1_13' title="bbox 489 1335 2068 1408">
     <span class='ocr_line' id='line_1_13' title="bbox 489 1335 2068 1408; baseline -0.001 -18"><span class='ocrx_word' id='word_1_81' title='bbox 489 1351 703 1399; x_wconf 86' lang='lat' dir='ltr'><strong>aurum,</strong></span> <span class='ocrx_word' id='word_1_82' title='bbox 733 1338 879 1408; x_wconf 89' lang='lat' dir='ltr'><strong>quod</strong></span> <span class='ocrx_word' id='word_1_83' title='bbox 902 1352 1004 1391; x_wconf 92' lang='lat' dir='ltr'><strong>non</strong></span> <span class='ocrx_word' id='word_1_84' title='bbox 1025 1350 1091 1390; x_wconf 77' lang='lat' dir='ltr'><strong>ex</strong></span> <span class='ocrx_word' id='word_1_85' title='bbox 1128 1336 1363 1405; x_wconf 89' lang='lat' dir='ltr'><strong>partium</strong></span> <span class='ocrx_word' id='word_1_86' title='bbox 1385 1350 1725 1399; x_wconf 90' lang='lat' dir='ltr'><strong>commensu,</strong></span> <span class='ocrx_word' id='word_1_87' title='bbox 1749 1336 1842 1390; x_wconf 88' lang='lat' dir='ltr'><strong>sed</strong></span> <span class='ocrx_word' id='word_1_88' title='bbox 1870 1349 1937 1389; x_wconf 78' lang='lat' dir='ltr'><strong>ex</strong></span> <span class='ocrx_word' id='word_1_89' title='bbox 1957 1335 2068 1391; x_wconf 91' lang='lat' dir='ltr'><strong>sola</strong></span> 
     </span>
    </p>
   </div>
   <div class='ocr_carea' id='block_1_14' title="bbox 490 1426 2067 1496">
    <p class='ocr_par' dir='ltr' id='par_1_14' title="bbox 490 1426 2067 1496">
     <span class='ocr_line' id='line_1_14' title="bbox 490 1426 2067 1496; baseline -0.002 -12"><span class='ocrx_word' id='word_1_90' title='bbox 490 1429 690 1486; x_wconf 90' lang='lat' dir='ltr'><strong>coloris</strong></span> <span class='ocrx_word' id='word_1_91' title='bbox 722 1431 984 1495; x_wconf 87' lang='lat' dir='ltr'><strong>bonitate,</strong></span> <span class='ocrx_word' id='word_1_92' title='bbox 1020 1428 1268 1493; x_wconf 86' lang='lat' dir='ltr'><strong>illieium,</strong></span> <span class='ocrx_word' id='word_1_93' title='bbox 1293 1436 1347 1481; x_wconf 91' lang='lat' dir='ltr'><strong>et</strong></span> <span class='ocrx_word' id='word_1_94' title='bbox 1379 1426 1771 1496; x_wconf 82' lang='lat' dir='ltr'><strong>iucunditatem</strong></span> <span class='ocrx_word' id='word_1_95' title='bbox 1803 1427 1869 1481; x_wconf 89' lang='lat' dir='ltr'><strong>ad</strong></span> <span class='ocrx_word' id='word_1_96' title='bbox 1895 1430 2067 1483; x_wconf 86' lang='lat' dir='ltr'><strong>visum</strong></span> 
     </span>
    </p>
   </div>
   <div class='ocr_carea' id='block_1_15' title="bbox 490 1516 2068 1589">
    <p class='ocr_par' dir='ltr' id='par_1_15' title="bbox 490 1516 2068 1589">
     <span class='ocr_line' id='line_1_15' title="bbox 490 1516 2068 1589; baseline -0.001 -15"><span class='ocrx_word' id='word_1_97' title='bbox 490 1518 905 1574; x_wconf 79' lang='lat' dir='ltr'><strong>exhilarandum</strong></span> <span class='ocrx_word' id='word_1_98' title='bbox 950 1518 1179 1574; x_wconf 85' lang='lat' dir='ltr'><strong>obtinet.</strong></span> <span class='ocrx_word' id='word_1_99' title='bbox 1239 1516 1514 1589; x_wconf 79' lang='lat' dir='ltr'><strong>Hesperus</strong></span> <span class='ocrx_word' id='word_1_100' title='bbox 1548 1532 1761 1589; x_wconf 91' lang='lat' dir='ltr'><strong>quoque</strong></span> <span class='ocrx_word' id='word_1_101' title='bbox 1787 1519 2068 1575; x_wconf 89' lang='lat' dir='ltr'><strong>stellarum</strong></span> 
     </span>
    </p>
   </div>
   <div class='ocr_carea' id='block_1_16' title="bbox 489 1611 2070 1683">
    <p class='ocr_par' dir='ltr' id='par_1_16' title="bbox 489 1611 2070 1683">
     <span class='ocr_line' id='line_1_16' title="bbox 489 1611 2070 1683; baseline 0 -18"><span class='ocrx_word' id='word_1_102' title='bbox 489 1622 576 1665; x_wconf 91' lang='lat' dir='ltr'><strong>est</strong></span> <span class='ocrx_word' id='word_1_103' title='bbox 610 1611 1034 1680; x_wconf 90' lang='lat' dir='ltr'><strong>pulcherrimus,</strong></span> <span class='ocrx_word' id='word_1_104' title='bbox 1059 1626 1166 1665; x_wconf 89' lang='lat' dir='ltr'><strong>non</strong></span> <span class='ocrx_word' id='word_1_105' title='bbox 1200 1613 1417 1681; x_wconf 87' lang='lat' dir='ltr'><strong>quodin</strong></span> <span class='ocrx_word' id='word_1_106' title='bbox 1447 1611 1690 1681; x_wconf 89' lang='lat' dir='ltr'><strong>partibus</strong></span> <span class='ocrx_word' id='word_1_107' title='bbox 1723 1612 1918 1683; x_wconf 87' lang='lat' dir='ltr'><strong>quibus</strong></span> <span class='ocrx_word' id='word_1_108' title='bbox 1946 1627 2070 1666; x_wconf 88' lang='lat' dir='ltr'><strong>con-</strong></span> 
     </span>
    </p>
   </div>
   <div class='ocr_carea' id='block_1_17' title="bbox 486 1704 2069 1777">
    <p class='ocr_par' dir='ltr' id='par_1_17' title="bbox 486 1704 2069 1777">
     <span class='ocr_line' id='line_1_17' title="bbox 486 1704 2069 1777; baseline -0.001 -20"><span class='ocrx_word' id='word_1_109' title='bbox 486 1712 614 1768; x_wconf 85' lang='lat' dir='ltr'><strong>stat,</strong></span> <span class='ocrx_word' id='word_1_110' title='bbox 659 1704 785 1758; x_wconf 89' lang='lat' dir='ltr'><strong>insit</strong></span> <span class='ocrx_word' id='word_1_111' title='bbox 818 1704 1093 1773; x_wconf 90' lang='lat' dir='ltr'><strong>proportio</strong></span> <span class='ocrx_word' id='word_1_112' title='bbox 1122 1713 1176 1760; x_wconf 92' lang='lat' dir='ltr'><strong>et</strong></span> <span class='ocrx_word' id='word_1_113' title='bbox 1200 1706 1537 1777; x_wconf 87' lang='lat' dir='ltr'><strong>symmetria,</strong></span> <span class='ocrx_word' id='word_1_114' title='bbox 1575 1705 1668 1759; x_wconf 88' lang='lat' dir='ltr'><strong>sed</strong></span> <span class='ocrx_word' id='word_1_115' title='bbox 1706 1707 1849 1775; x_wconf 90' lang='lat' dir='ltr'><strong>quod</strong></span> <span class='ocrx_word' id='word_1_116' title='bbox 1876 1706 2069 1773; x_wconf 90' lang='lat' dir='ltr'><strong>jucun-</strong></span> 
     </span>
    </p>
   </div>
   <div class='ocr_carea' id='block_1_18' title="bbox 488 1794 2068 1867">
    <p class='ocr_par' dir='ltr' id='par_1_18' title="bbox 488 1794 2068 1867">
     <span class='ocr_line' id='line_1_18' title="bbox 488 1794 2068 1867; baseline 0.003 -22"><span class='ocrx_word' id='word_1_117' title='bbox 488 1794 588 1847; x_wconf 88' lang='lat' dir='ltr'><strong>dus</strong></span> <span class='ocrx_word' id='word_1_118' title='bbox 622 1794 844 1862; x_wconf 85' lang='lat' dir='ltr'><strong>quidam</strong></span> <span class='ocrx_word' id='word_1_119' title='bbox 893 1804 949 1849; x_wconf 91' lang='lat' dir='ltr'><strong>et</strong></span> <span class='ocrx_word' id='word_1_120' title='bbox 997 1796 1179 1851; x_wconf 78' lang='lat' dir='ltr'><strong>suavis</strong></span> <span class='ocrx_word' id='word_1_121' title='bbox 1228 1796 1480 1865; x_wconf 90' lang='lat' dir='ltr'><strong>splendor</strong></span> <span class='ocrx_word' id='word_1_122' title='bbox 1511 1810 1577 1851; x_wconf 78' lang='lat' dir='ltr'><strong>ex</strong></span> <span class='ocrx_word' id='word_1_123' title='bbox 1633 1798 1749 1867; x_wconf 83' lang='lat' dir='ltr'><strong>ipso</strong></span> <span class='ocrx_word' id='word_1_124' title='bbox 1776 1797 1842 1851; x_wconf 92' lang='lat' dir='ltr'><strong>ad</strong></span> <span class='ocrx_word' id='word_1_125' title='bbox 1883 1795 2068 1850; x_wconf 87' lang='lat' dir='ltr'><strong>oculos</strong></span> 
     </span>
    </p>
   </div>
   <div class='ocr_carea' id='block_1_19' title="bbox 488 1885 2067 1958">
    <p class='ocr_par' dir='ltr' id='par_1_19' title="bbox 488 1885 2067 1958">
     <span class='ocr_line' id='line_1_19' title="bbox 488 1885 2067 1958; baseline 0.002 -21"><span class='ocrx_word' id='word_1_126' title='bbox 488 1886 735 1941; x_wconf 84' lang='lat' dir='ltr'><strong>accedat.</strong></span> <span class='ocrx_word' id='word_1_127' title='bbox 786 1885 1057 1944; x_wconf 69' lang='lat' dir='ltr'><strong>Praeterea</strong></span> <span class='ocrx_word' id='word_1_128' title='bbox 1092 1889 1194 1942; x_wconf 88' lang='lat' dir='ltr'><strong>hoc</strong></span> <span class='ocrx_word' id='word_1_129' title='bbox 1238 1886 1329 1942; x_wconf 85' lang='lat' dir='ltr'><strong>Dei</strong></span> <span class='ocrx_word' id='word_1_130' title='bbox 1372 1887 1439 1942; x_wconf 92' lang='lat' dir='ltr'><strong>de</strong></span> <span class='ocrx_word' id='word_1_131' title='bbox 1488 1888 1893 1958; x_wconf 87' lang='lat' dir='ltr'><strong>pulchritudine</strong></span> <span class='ocrx_word' id='word_1_132' title='bbox 1915 1886 2067 1955; x_wconf 84' lang='lat' dir='ltr'><strong>judi-</strong></span> 
     </span>
    </p>
   </div>
   <div class='ocr_carea' id='block_1_20' title="bbox 489 1976 2066 2049">
    <p class='ocr_par' dir='ltr' id='par_1_20' title="bbox 489 1976 2066 2049">
     <span class='ocr_line' id='line_1_20' title="bbox 489 1976 2066 2049; baseline 0.003 -19"><span class='ocrx_word' id='word_1_133' title='bbox 489 1976 662 2043; x_wconf 89' lang='lat' dir='ltr'><strong>cium,</strong></span> <span class='ocrx_word' id='word_1_134' title='bbox 692 1992 795 2033; x_wconf 92' lang='lat' dir='ltr'><strong>non</strong></span> <span class='ocrx_word' id='word_1_135' title='bbox 818 1980 977 2033; x_wconf 85' lang='lat' dir='ltr'><strong>modo</strong></span> <span class='ocrx_word' id='word_1_136' title='bbox 1000 1982 1068 2033; x_wconf 90' lang='lat' dir='ltr'><strong>ad</strong></span> <span class='ocrx_word' id='word_1_137' title='bbox 1095 1982 1243 2034; x_wconf 85' lang='lat' dir='ltr'><strong>visus</strong></span> <span class='ocrx_word' id='word_1_138' title='bbox 1266 1978 1683 2035; x_wconf 85' lang='lat' dir='ltr'><strong>delectationem</strong></span> <span class='ocrx_word' id='word_1_139' title='bbox 1705 1979 2066 2049; x_wconf 86' lang='lat' dir='ltr'><strong>respicientis,</strong></span> 
     </span>
    </p>
   </div>
   <div class='ocr_carea' id='block_1_21' title="bbox 492 2052 2068 2141">
    <p class='ocr_par' dir='ltr' id='par_1_21' title="bbox 492 2052 2068 2141">
     <span class='ocr_line' id='line_1_21' title="bbox 492 2052 2068 2141; baseline 0.004 -19"><span class='ocrx_word' id='word_1_140' title='bbox 492 2069 587 2122; x_wconf 92' lang='lat' dir='ltr'><strong>sed</strong></span> <span class='ocrx_word' id='word_1_141' title='bbox 623 2068 787 2123; x_wconf 89' lang='lat' dir='ltr'><strong>etiam</strong></span> <span class='ocrx_word' id='word_1_142' title='bbox 824 2069 889 2123; x_wconf 93' lang='lat' dir='ltr'><strong>ad</strong></span> <span class='ocrx_word' id='word_1_143' title='bbox 916 2069 1154 2125; x_wconf 81' lang='lat' dir='ltr'><strong>futuram</strong></span> <span class='ocrx_word' id='word_1_144' title='bbox 1205 2071 1375 2139; x_wconf 86' lang='lat' dir='ltr'><strong>ipsius</strong></span> <span class='ocrx_word' id='word_1_145' title='bbox 1410 2074 1692 2127; x_wconf 85' lang='lat' dir='ltr'><strong>utilitatem</strong></span> <span class='ocrx_word' id='word_1_146' title='bbox 1722 2052 2068 2141; x_wconf 79' lang='lat' dir='ltr'><strong>prospicien—</strong></span> 
     </span>
    </p>
   </div>
   <div class='ocr_carea' id='block_1_22' title="bbox 492 2159 2071 2232">
    <p class='ocr_par' dir='ltr' id='par_1_22' title="bbox 492 2159 2071 2232">
     <span class='ocr_line' id='line_1_22' title="bbox 492 2159 2071 2232; baseline 0.004 -19"><span class='ocrx_word' id='word_1_147' title='bbox 492 2159 589 2228; x_wconf 88' lang='lat' dir='ltr'><strong>tis,</strong></span> <span class='ocrx_word' id='word_1_148' title='bbox 622 2159 824 2216; x_wconf 84' lang='lat' dir='ltr'><strong>tactum</strong></span> <span class='ocrx_word' id='word_1_149' title='bbox 858 2172 959 2218; x_wconf 89' lang='lat' dir='ltr'><strong>est.</strong></span> <span class='ocrx_word' id='word_1_150' title='bbox 991 2161 1241 2218; x_wconf 75' lang='lat' dir='ltr'><strong>Nondum</strong></span> <span class='ocrx_word' id='word_1_151' title='bbox 1284 2167 1426 2218; x_wconf 79' lang='lat' dir='ltr'><strong>enim</strong></span> <span class='ocrx_word' id='word_1_152' title='bbox 1469 2163 1885 2232; x_wconf 84' lang='lat' dir='ltr'><strong>pulchritudinis</strong></span> <span class='ocrx_word' id='word_1_153' title='bbox 1935 2166 2071 2220; x_wconf 84' lang='lat' dir='ltr'><strong>lucis</strong></span> 
     </span>
    </p>
   </div>
   <div class='ocr_carea' id='block_1_23' title="bbox 488 2254 2069 2322">
    <p class='ocr_par' dir='ltr' id='par_1_23' title="bbox 488 2254 2069 2322">
     <span class='ocr_line' id='line_1_23' title="bbox 488 2254 2069 2322; baseline 0.003 -14"><span class='ocrx_word' id='word_1_154' title='bbox 488 2254 700 2321; x_wconf 81' lang='lat' dir='ltr'><strong>iudices</strong></span> <span class='ocrx_word' id='word_1_155' title='bbox 735 2265 893 2310; x_wconf 89' lang='lat' dir='ltr'><strong>erant</strong></span> <span class='ocrx_word' id='word_1_156' title='bbox 922 2256 1088 2311; x_wconf 90' lang='lat' dir='ltr'><strong>oculi.</strong></span> <span class='ocrx_word' id='word_1_157' title='bbox 1126 2255 1199 2310; x_wconf 82' lang='lat' dir='ltr'><strong>Et</strong></span> <span class='ocrx_word' id='word_1_158' title='bbox 1223 2258 1402 2311; x_wconf 77' lang='lat' dir='ltr'><strong>divisit</strong></span> <span class='ocrx_word' id='word_1_159' title='bbox 1439 2257 1573 2310; x_wconf 80' lang='lat' dir='ltr'><strong>Deus</strong></span> <span class='ocrx_word' id='word_1_160' title='bbox 1599 2258 1739 2311; x_wconf 86' lang='lat' dir='ltr'><strong>inter</strong></span> <span class='ocrx_word' id='word_1_161' title='bbox 1788 2256 1976 2322; x_wconf 87' lang='lat' dir='ltr'><strong>lucem,</strong></span> <span class='ocrx_word' id='word_1_162' title='bbox 2023 2268 2069 2312; x_wconf 86' lang='lat' dir='ltr'><strong>et</strong></span> 
     </span>
    </p>
   </div>
   <div class='ocr_carea' id='block_1_24' title="bbox 490 2346 2070 2419">
    <p class='ocr_par' dir='ltr' id='par_1_24' title="bbox 490 2346 2070 2419">
     <span class='ocr_line' id='line_1_24' title="bbox 490 2346 2070 2419; baseline 0.003 -21"><span class='ocrx_word' id='word_1_163' title='bbox 490 2347 632 2400; x_wconf 79' lang='lat' dir='ltr'><strong>inter</strong></span> <span class='ocrx_word' id='word_1_164' title='bbox 660 2347 899 2401; x_wconf 79' lang='lat' dir='ltr'><strong>tenebras</strong></span> <span class='ocrx_word' id='word_1_165' title='bbox 928 2347 993 2399; x_wconf 84' lang='lat'><strong>“.</strong></span> <span class='ocrx_word' id='word_1_166' title='bbox 1015 2346 1127 2402; x_wconf 85' lang='lat' dir='ltr'><strong>Hoc</strong></span> <span class='ocrx_word' id='word_1_167' title='bbox 1155 2359 1261 2413; x_wconf 87' lang='lat' dir='ltr'><strong>est,</strong></span> <span class='ocrx_word' id='word_1_168' title='bbox 1290 2357 1642 2419; x_wconf 88' lang='lat' dir='ltr'><strong>utrarumque</strong></span> <span class='ocrx_word' id='word_1_169' title='bbox 1690 2357 1939 2402; x_wconf 85' lang='lat' dir='ltr'><strong>naturam</strong></span> <span class='ocrx_word' id='word_1_170' title='bbox 1971 2352 2070 2402; x_wconf 83' lang='lat' dir='ltr'><strong>mi-</strong></span> 
     </span>
    </p>
   </div>
   <div class='ocr_carea' id='block_1_25' title="bbox 493 2439 2070 2512">
    <p class='ocr_par' dir='ltr' id='par_1_25' title="bbox 493 2439 2070 2512">
     <span class='ocr_line' id='line_1_25' title="bbox 493 2439 2070 2512; baseline -0.001 -19"><span class='ocrx_word' id='word_1_171' title='bbox 493 2448 658 2494; x_wconf 72' lang='lat' dir='ltr'><strong>sturae</strong></span> <span class='ocrx_word' id='word_1_172' title='bbox 684 2439 1054 2511; x_wconf 89' lang='lat' dir='ltr'><strong>cujuscunque</strong></span> <span class='ocrx_word' id='word_1_173' title='bbox 1091 2440 1427 2512; x_wconf 84' lang='lat' dir='ltr'><strong>incapacem.</strong></span> <span class='ocrx_word' id='word_1_174' title='bbox 1451 2453 1506 2497; x_wconf 91' lang='lat' dir='ltr'><strong>et</strong></span> <span class='ocrx_word' id='word_1_175' title='bbox 1555 2442 1779 2497; x_wconf 83' lang='lat' dir='ltr'><strong>alteram</strong></span> <span class='ocrx_word' id='word_1_176' title='bbox 1815 2441 1971 2494; x_wconf 83' lang='lat' dir='ltr'><strong>alteri</strong></span> <span class='ocrx_word' id='word_1_177' title='bbox 2004 2453 2070 2493; x_wconf 80' lang='lat' dir='ltr'><strong>ex</strong></span> 
     </span>
    </p>
   </div>
   <div class='ocr_carea' id='block_1_26' title="bbox 496 2531 2073 2604">
    <p class='ocr_par' dir='ltr' id='par_1_26' title="bbox 496 2531 2073 2604">
     <span class='ocr_line' id='line_1_26' title="bbox 496 2531 2073 2604; baseline 0.002 -20"><span class='ocrx_word' id='word_1_178' title='bbox 496 2531 726 2587; x_wconf 87' lang='lat' dir='ltr'><strong>adverso</strong></span> <span class='ocrx_word' id='word_1_179' title='bbox 754 2534 1061 2602; x_wconf 91' lang='lat' dir='ltr'><strong>oppositam</strong></span> <span class='ocrx_word' id='word_1_180' title='bbox 1098 2534 1238 2589; x_wconf 88' lang='lat' dir='ltr'><strong>Deus</strong></span> <span class='ocrx_word' id='word_1_181' title='bbox 1273 2535 1525 2589; x_wconf 81' lang='lat' dir='ltr'><strong>reddidit.</strong></span> <span class='ocrx_word' id='word_1_182' title='bbox 1549 2533 1671 2587; x_wconf 69' lang='lat' dir='ltr'><strong>Haec</strong></span> <span class='ocrx_word' id='word_1_183' title='bbox 1704 2532 1847 2585; x_wconf 88' lang='lat' dir='ltr'><strong>euitu</strong></span> <span class='ocrx_word' id='word_1_184' title='bbox 1877 2546 2073 2604; x_wconf 85' lang='lat' dir='ltr'><strong>magno</strong></span> 
     </span>
    </p>
   </div>
   <div class='ocr_carea' id='block_1_27' title="bbox 492 2623 1738 2694">
    <p class='ocr_par' dir='ltr' id='par_1_27' title="bbox 492 2623 1738 2694">
     <span class='ocr_line' id='line_1_27' title="bbox 492 2623 1738 2694; baseline -0.004 -15"><span class='ocrx_word' id='word_1_185' title='bbox 492 2623 639 2681; x_wconf 83' lang='lat' dir='ltr'><strong>inter</strong></span> <span class='ocrx_word' id='word_1_186' title='bbox 667 2640 727 2680; x_wconf 89' lang='lat' dir='ltr'><strong>se</strong></span> <span class='ocrx_word' id='word_1_187' title='bbox 756 2625 1040 2680; x_wconf 85' lang='lat' dir='ltr'><strong>intervallo</strong></span> <span class='ocrx_word' id='word_1_188' title='bbox 1075 2628 1331 2681; x_wconf 82' lang='lat' dir='ltr'><strong>discrevit</strong></span> <span class='ocrx_word' id='word_1_189' title='bbox 1363 2642 1425 2679; x_wconf 91' lang='lat' dir='ltr'><strong>ac</strong></span> <span class='ocrx_word' id='word_1_190' title='bbox 1446 2624 1738 2694; x_wconf 82' lang='lat' dir='ltr'><strong>separavit.</strong></span> 
     </span>
    </p>
   </div>
   <div class='ocr_carea' id='block_1_28' title="bbox 566 2716 2073 2779">
    <p class='ocr_par' dir='ltr' id='par_1_28' title="bbox 566 2716 2073 2779">
     <span class='ocr_line' id='line_1_28' title="bbox 566 2716 2073 2779; baseline -0.001 -7"><span class='ocrx_word' id='word_1_191' title='bbox 566 2718 621 2772; x_wconf 88' lang='lat'><strong>8.</strong></span> <span class='ocrx_word' id='word_1_192' title='bbox 659 2716 722 2770; x_wconf 84' lang='lat' dir='ltr'><strong>Et</strong></span> <span class='ocrx_word' id='word_1_193' title='bbox 754 2722 949 2771; x_wconf 78' lang='lat' dir='ltr'><strong>vocavit</strong></span> <span class='ocrx_word' id='word_1_194' title='bbox 988 2718 1126 2770; x_wconf 81' lang='lat' dir='ltr'><strong>Deus</strong></span> <span class='ocrx_word' id='word_1_195' title='bbox 1158 2718 1348 2779; x_wconf 86' lang='lat' dir='ltr'><strong>lucem,</strong></span> <span class='ocrx_word' id='word_1_196' title='bbox 1386 2718 1543 2779; x_wconf 81' lang='lat' dir='ltr'><strong>diem,</strong></span> <span class='ocrx_word' id='word_1_197' title='bbox 1576 2726 1620 2767; x_wconf 88' lang='lat' dir='ltr'><strong>et</strong></span> <span class='ocrx_word' id='word_1_198' title='bbox 1652 2716 1890 2769; x_wconf 82' lang='lat' dir='ltr'><strong>tenebras</strong></span> <span class='ocrx_word' id='word_1_199' title='bbox 1921 2732 2073 2770; x_wconf 84' lang='lat' dir='ltr'><strong>voca-</strong></span> 
     </span>
    </p>
   </div>
   <div class='ocr_carea' id='block_1_29' title="bbox 492 2807 2075 2878">
    <p class='ocr_par' dir='ltr' id='par_1_29' title="bbox 492 2807 2075 2878">
     <span class='ocr_line' id='line_1_29' title="bbox 492 2807 2075 2878; baseline 0.001 -16"><span class='ocrx_word' id='word_1_200' title='bbox 492 2809 567 2862; x_wconf 71' lang='lat' dir='ltr'><strong>vit</strong></span> <span class='ocrx_word' id='word_1_201' title='bbox 618 2818 816 2862; x_wconf 82' lang='lat' dir='ltr'><strong>noctem</strong></span> <span class='ocrx_word' id='word_1_202' title='bbox 864 2808 933 2864; x_wconf 71' lang='grc'><strong>’⁷.</strong></span> <span class='ocrx_word' id='word_1_203' title='bbox 968 2808 1117 2863; x_wconf 77' lang='lat' dir='ltr'><strong>Nunc</strong></span> <span class='ocrx_word' id='word_1_204' title='bbox 1165 2808 1381 2878; x_wconf 83' lang='lat' dir='ltr'><strong>quidem</strong></span> <span class='ocrx_word' id='word_1_205' title='bbox 1427 2810 1493 2862; x_wconf 92' lang='lat' dir='ltr'><strong>de</strong></span> <span class='ocrx_word' id='word_1_206' title='bbox 1536 2807 1741 2876; x_wconf 87' lang='lat' dir='ltr'><strong>reliquo</strong></span> <span class='ocrx_word' id='word_1_207' title='bbox 1788 2818 1915 2875; x_wconf 89' lang='lat' dir='ltr'><strong>post</strong></span> <span class='ocrx_word' id='word_1_208' title='bbox 1949 2810 2075 2863; x_wconf 90' lang='lat' dir='ltr'><strong>solis</strong></span> 
     </span>
    </p>
   </div>
   <div class='ocr_carea' id='block_1_30' title="bbox 496 2896 2071 2971">
    <p class='ocr_par' dir='ltr' id='par_1_30' title="bbox 496 2896 2071 2971">
     <span class='ocr_line' id='line_1_30' title="bbox 496 2896 2071 2971; baseline -0.001 -18"><span class='ocrx_word' id='word_1_209' title='bbox 496 2901 904 2971; x_wconf 76' lang='lat' dir='ltr'><strong>generationem</strong></span> <span class='ocrx_word' id='word_1_210' title='bbox 935 2900 1046 2955; x_wconf 90' lang='lat' dir='ltr'><strong>dies</strong></span> <span class='ocrx_word' id='word_1_211' title='bbox 1078 2910 1162 2953; x_wconf 89' lang='lat' dir='ltr'><strong>est</strong></span> <span class='ocrx_word' id='word_1_212' title='bbox 1190 2915 1283 2954; x_wconf 90' lang='lat' dir='ltr'><strong>aer</strong></span> <span class='ocrx_word' id='word_1_213' title='bbox 1320 2901 1431 2967; x_wconf 89' lang='lat' dir='ltr'><strong>ipse</strong></span> <span class='ocrx_word' id='word_1_214' title='bbox 1452 2940 1465 2961; x_wconf 92' lang='lat'><strong>,</strong></span> <span class='ocrx_word' id='word_1_215' title='bbox 1499 2914 1527 2951; x_wconf 91' lang='lat' dir='ltr'><strong>a</strong></span> <span class='ocrx_word' id='word_1_216' title='bbox 1564 2896 1677 2952; x_wconf 89' lang='lat' dir='ltr'><strong>sole</strong></span> <span class='ocrx_word' id='word_1_217' title='bbox 1721 2898 2071 2961; x_wconf 85' lang='lat' dir='ltr'><strong>illuminatns,</strong></span> 
     </span>
    </p>
   </div>
   <div class='ocr_carea' id='block_1_31' title="bbox 498 2991 2071 3061">
    <p class='ocr_par' dir='ltr' id='par_1_31' title="bbox 498 2991 2071 3061">
     <span class='ocr_line' id='line_1_31' title="bbox 498 2991 2071 3061; baseline -0.003 -16"><span class='ocrx_word' id='word_1_218' title='bbox 498 2992 623 3045; x_wconf 87' lang='lat' dir='ltr'><strong>dum</strong></span> <span class='ocrx_word' id='word_1_219' title='bbox 655 2991 708 3045; x_wconf 85' lang='lat' dir='ltr'><strong>iri</strong></span> <span class='ocrx_word' id='word_1_220' title='bbox 737 2993 1116 3061; x_wconf 65' lang='lat' dir='ltr'><strong>lieniispltwriu</strong></span> <span class='ocrx_word' id='word_1_221' title='bbox 1144 2992 1286 3060; x_wconf 92' lang='lat' dir='ltr'><strong>quod</strong></span> <span class='ocrx_word' id='word_1_222' title='bbox 1326 3007 1489 3057; x_wconf 85' lang='lat' dir='ltr'><strong>super</strong></span> <span class='ocrx_word' id='word_1_223' title='bbox 1524 3001 1719 3045; x_wconf 89' lang='lat' dir='ltr'><strong>terram</strong></span> <span class='ocrx_word' id='word_1_224' title='bbox 1759 3002 1859 3054; x_wconf 88' lang='lat' dir='ltr'><strong>est,</strong></span> <span class='ocrx_word' id='word_1_225' title='bbox 1896 2992 2071 3042; x_wconf 88' lang='lat' dir='ltr'><strong>lucet:</strong></span> 
     </span>
    </p>
   </div>
   <div class='ocr_carea' id='block_1_32' title="bbox 499 3082 2076 3151">
    <p class='ocr_par' dir='ltr' id='par_1_32' title="bbox 499 3082 2076 3151">
     <span class='ocr_line' id='line_1_32' title="bbox 499 3082 2076 3151; baseline -0.003 -12"><span class='ocrx_word' id='word_1_226' title='bbox 499 3099 602 3139; x_wconf 81' lang='lat' dir='ltr'><strong>nox</strong></span> <span class='ocrx_word' id='word_1_227' title='bbox 636 3098 763 3141; x_wconf 89' lang='lat' dir='ltr'><strong>vero</strong></span> <span class='ocrx_word' id='word_1_228' title='bbox 785 3093 887 3148; x_wconf 86' lang='lat' dir='ltr'><strong>est,</strong></span> <span class='ocrx_word' id='word_1_229' title='bbox 921 3098 1040 3151; x_wconf 67' lang='lat' dir='ltr'><strong>qua:</strong></span> <span class='ocrx_word' id='word_1_230' title='bbox 1071 3084 1377 3137; x_wconf 89' lang='lat' dir='ltr'><strong>occultante</strong></span> <span class='ocrx_word' id='word_1_231' title='bbox 1408 3096 1465 3136; x_wconf 89' lang='lat' dir='ltr'><strong>se</strong></span> <span class='ocrx_word' id='word_1_232' title='bbox 1492 3082 1604 3135; x_wconf 87' lang='lat' dir='ltr'><strong>sole</strong></span> <span class='ocrx_word' id='word_1_233' title='bbox 1657 3083 1947 3135; x_wconf 72' lang='lat' dir='ltr'><strong>ittterwzuit</strong></span> <span class='ocrx_word' id='word_1_234' title='bbox 1981 3083 2076 3135; x_wconf 87' lang='lat' dir='ltr'><strong>teI--</strong></span> 
     </span>
    </p>
   </div>
   <div class='ocr_carea' id='block_1_33' title="bbox 500 3176 2072 3232">
    <p class='ocr_par' dir='ltr' id='par_1_33' title="bbox 500 3176 2072 3232">
     <span class='ocr_line' id='line_1_33' title="bbox 500 3176 2072 3232; baseline -0.001 -3"><span class='ocrx_word' id='word_1_235' title='bbox 500 3176 634 3231; x_wconf 88' lang='lat' dir='ltr'><strong>luris</strong></span> <span class='ocrx_word' id='word_1_236' title='bbox 663 3177 991 3232; x_wconf 82' lang='lat' dir='ltr'><strong>obscuratio.</strong></span> <span class='ocrx_word' id='word_1_237' title='bbox 1021 3176 1173 3230; x_wconf 89' lang='lat' dir='ltr'><strong>Tune</strong></span> <span class='ocrx_word' id='word_1_238' title='bbox 1207 3186 1384 3228; x_wconf 88' lang='lat' dir='ltr'><strong>autem</strong></span> <span class='ocrx_word' id='word_1_239' title='bbox 1417 3190 1521 3228; x_wconf 89' lang='lat' dir='ltr'><strong>nou</strong></span> <span class='ocrx_word' id='word_1_240' title='bbox 1546 3176 1842 3229; x_wconf 84' lang='lat' dir='ltr'><strong>secundum</strong></span> <span class='ocrx_word' id='word_1_241' title='bbox 1872 3186 2072 3228; x_wconf 86' lang='lat' dir='ltr'><strong>motum</strong></span> 
     </span>
    </p>
   </div>
   <div class='ocr_carea' id='block_1_34' title="bbox 500 3266 2079 3339">
    <p class='ocr_par' dir='ltr' id='par_1_34' title="bbox 500 3266 2079 3339">
     <span class='ocr_line' id='line_1_34' title="bbox 500 3266 2079 3339; baseline 0.001 -18"><span class='ocrx_word' id='word_1_242' title='bbox 500 3267 756 3332; x_wconf 81' lang='lat' dir='ltr'><strong>solaretu,</strong></span> <span class='ocrx_word' id='word_1_243' title='bbox 793 3269 886 3323; x_wconf 91' lang='lat' dir='ltr'><strong>sed</strong></span> <span class='ocrx_word' id='word_1_244' title='bbox 917 3268 1236 3339; x_wconf 80' lang='lat' dir='ltr'><strong>primigenia</strong></span> <span class='ocrx_word' id='word_1_245' title='bbox 1285 3267 1372 3321; x_wconf 86' lang='lat' dir='ltr'><strong>illa</strong></span> <span class='ocrx_word' id='word_1_246' title='bbox 1424 3268 1543 3323; x_wconf 89' lang='lat' dir='ltr'><strong>luce</strong></span> <span class='ocrx_word' id='word_1_247' title='bbox 1574 3266 1763 3333; x_wconf 80' lang='lat' dir='ltr'><strong>eﬂ&#39;usa,</strong></span> <span class='ocrx_word' id='word_1_248' title='bbox 1806 3277 1857 3321; x_wconf 89' lang='lat' dir='ltr'><strong>et</strong></span> <span class='ocrx_word' id='word_1_249' title='bbox 1893 3282 2079 3323; x_wconf 80' lang='lat' dir='ltr'><strong>rUI‘SIIS</strong></span> 
     </span>
    </p>
   </div>
   <div class='ocr_carea' id='block_1_35' title="bbox 500 3360 2077 3427">
    <p class='ocr_par' dir='ltr' id='par_1_35' title="bbox 500 3360 2077 3427">
     <span class='ocr_line' id='line_1_35' title="bbox 500 3360 2077 3427; baseline 0 -16"><span class='ocrx_word' id='word_1_250' title='bbox 500 3366 805 3421; x_wconf 88' lang='lat' dir='ltr'><strong>contracta,</strong></span> <span class='ocrx_word' id='word_1_251' title='bbox 839 3360 1132 3412; x_wconf 86' lang='lat' dir='ltr'><strong>secundum</strong></span> <span class='ocrx_word' id='word_1_252' title='bbox 1164 3360 1482 3427; x_wconf 70' lang='lat' dir='ltr'><strong>prmiiuitam</strong></span> <span class='ocrx_word' id='word_1_253' title='bbox 1528 3376 1557 3412; x_wconf 92' lang='lat' dir='ltr'><strong>a</strong></span> <span class='ocrx_word' id='word_1_254' title='bbox 1595 3360 1704 3413; x_wconf 83' lang='lat' dir='ltr'><strong>Deo</strong></span> <span class='ocrx_word' id='word_1_255' title='bbox 1748 3376 2077 3427; x_wconf 87' lang='lat' dir='ltr'><strong>mensuram,</strong></span> 
     </span>
    </p>
   </div>
   <div class='ocr_carea' id='block_1_36' title="bbox 503 3449 2079 3518">
    <p class='ocr_par' dir='ltr' id='par_1_36' title="bbox 503 3449 2079 3518">
     <span class='ocr_line' id='line_1_36' title="bbox 503 3449 2079 3518; baseline 0.001 -17"><span class='ocrx_word' id='word_1_256' title='bbox 503 3449 664 3503; x_wconf 83' lang='lat' dir='ltr'><strong>ﬁebat</strong></span> <span class='ocrx_word' id='word_1_257' title='bbox 699 3450 835 3514; x_wconf 85' lang='lat' dir='ltr'><strong>dies,</strong></span> <span class='ocrx_word' id='word_1_258' title='bbox 866 3458 920 3502; x_wconf 89' lang='lat' dir='ltr'><strong>et</strong></span> <span class='ocrx_word' id='word_1_259' title='bbox 948 3463 1051 3501; x_wconf 83' lang='lat' dir='ltr'><strong>nox</strong></span> <span class='ocrx_word' id='word_1_260' title='bbox 1082 3451 1427 3503; x_wconf 85' lang='lat' dir='ltr'><strong>succedebat.</strong></span> <span class='ocrx_word' id='word_1_261' title='bbox 1471 3450 1534 3501; x_wconf 87' lang='lat' dir='ltr'><strong>Et</strong></span> <span class='ocrx_word' id='word_1_262' title='bbox 1564 3451 1709 3518; x_wconf 77' lang='lat' dir='ltr'><strong>facta</strong></span> <span class='ocrx_word' id='word_1_263' title='bbox 1740 3460 1812 3503; x_wconf 82' lang='lat' dir='ltr'><strong>est</strong></span> <span class='ocrx_word' id='word_1_264' title='bbox 1846 3467 2079 3517; x_wconf 85' lang='lat' dir='ltr'><strong>vespera,</strong></span> 
     </span>
    </p>
   </div>
   <div class='ocr_carea' id='block_1_37' title="bbox 504 3541 2079 3611">
    <p class='ocr_par' dir='ltr' id='par_1_37' title="bbox 504 3541 2079 3611">
     <span class='ocr_line' id='line_1_37' title="bbox 504 3541 2079 3611; baseline -0.001 -15"><span class='ocrx_word' id='word_1_265' title='bbox 504 3552 551 3597; x_wconf 86' lang='lat' dir='ltr'><strong>et</strong></span> <span class='ocrx_word' id='word_1_266' title='bbox 587 3542 791 3611; x_wconf 77' lang='lat' dir='ltr'><strong>factum</strong></span> <span class='ocrx_word' id='word_1_267' title='bbox 814 3549 890 3595; x_wconf 80' lang='lat' dir='ltr'><strong>est</strong></span> <span class='ocrx_word' id='word_1_268' title='bbox 917 3557 1093 3604; x_wconf 85' lang='lat' dir='ltr'><strong>mune,</strong></span> <span class='ocrx_word' id='word_1_269' title='bbox 1120 3541 1230 3594; x_wconf 84' lang='lat' dir='ltr'><strong>dies</strong></span> <span class='ocrx_word' id='word_1_270' title='bbox 1264 3558 1398 3594; x_wconf 82' lang='lat' dir='ltr'><strong>unus</strong></span> <span class='ocrx_word' id='word_1_271' title='bbox 1417 3542 1483 3595; x_wconf 82' lang='grc'><strong>³⁸.</strong></span> <span class='ocrx_word' id='word_1_272' title='bbox 1515 3541 1751 3610; x_wconf 79' lang='lat' dir='ltr'><strong>Vespera</strong></span> <span class='ocrx_word' id='word_1_273' title='bbox 1782 3543 1947 3610; x_wconf 76' lang='lat' dir='ltr'><strong>igitur</strong></span> <span class='ocrx_word' id='word_1_274' title='bbox 1972 3543 2079 3595; x_wconf 70' lang='lat' dir='ltr'><strong>«liei</strong></span> 
     </span>
    </p>
   </div>
   <div class='ocr_carea' id='block_1_38' title="bbox 504 3632 2080 3687">
    <p class='ocr_par' dir='ltr' id='par_1_38' title="bbox 504 3632 2080 3687">
     <span class='ocr_line' id='line_1_38' title="bbox 504 3632 2080 3687; baseline 0.001 -3"><span class='ocrx_word' id='word_1_275' title='bbox 504 3648 570 3686; x_wconf 90' lang='lat' dir='ltr'><strong>ac</strong></span> <span class='ocrx_word' id='word_1_276' title='bbox 622 3634 797 3687; x_wconf 87' lang='lat' dir='ltr'><strong>noctis</strong></span> <span class='ocrx_word' id='word_1_277' title='bbox 840 3642 922 3687; x_wconf 92' lang='lat' dir='ltr'><strong>est</strong></span> <span class='ocrx_word' id='word_1_278' title='bbox 980 3633 1289 3686; x_wconf 72' lang='lat' dir='ltr'><strong>communis</strong></span> <span class='ocrx_word' id='word_1_279' title='bbox 1349 3632 1661 3686; x_wconf 86' lang='lat' dir='ltr'><strong>terminus:</strong></span> <span class='ocrx_word' id='word_1_280' title='bbox 1729 3640 1783 3685; x_wconf 92' lang='lat' dir='ltr'><strong>et</strong></span> <span class='ocrx_word' id='word_1_281' title='bbox 1832 3632 2080 3685; x_wconf 87' lang='lat' dir='ltr'><strong>similiter</strong></span> 
     </span>
    </p>
   </div>
   <div class='ocr_carea' id='block_1_39' title="bbox 506 3723 2079 3793">
    <p class='ocr_par' dir='ltr' id='par_1_39' title="bbox 506 3723 2079 3793">
     <span class='ocr_line' id='line_1_39' title="bbox 506 3723 2079 3793; baseline 0 -18"><span class='ocrx_word' id='word_1_282' title='bbox 506 3737 685 3787; x_wconf 90' lang='lat' dir='ltr'><strong>mane,</strong></span> <span class='ocrx_word' id='word_1_283' title='bbox 714 3734 795 3779; x_wconf 89' lang='lat' dir='ltr'><strong>est</strong></span> <span class='ocrx_word' id='word_1_284' title='bbox 819 3724 991 3778; x_wconf 90' lang='lat' dir='ltr'><strong>noctis</strong></span> <span class='ocrx_word' id='word_1_285' title='bbox 1026 3738 1145 3776; x_wconf 88' lang='lat' dir='ltr'><strong>cum</strong></span> <span class='ocrx_word' id='word_1_286' title='bbox 1186 3724 1271 3777; x_wconf 84' lang='lat' dir='ltr'><strong>die</strong></span> <span class='ocrx_word' id='word_1_287' title='bbox 1293 3724 1565 3778; x_wconf 84' lang='lat' dir='ltr'><strong>vicinitas.</strong></span> <span class='ocrx_word' id='word_1_288' title='bbox 1612 3724 1797 3793; x_wconf 86' lang='lat' dir='ltr'><strong>Itaque</strong></span> <span class='ocrx_word' id='word_1_289' title='bbox 1837 3732 1895 3777; x_wconf 89' lang='lat' dir='ltr'><strong>ut</strong></span> <span class='ocrx_word' id='word_1_290' title='bbox 1934 3723 2079 3792; x_wconf 83' lang='lat' dir='ltr'><strong>prio-</strong></span> 
     </span>
    </p>
   </div>
   <div class='ocr_carea' id='block_1_40' title="bbox 506 3814 2080 3885">
    <p class='ocr_par' dir='ltr' id='par_1_40' title="bbox 506 3814 2080 3885">
     <span class='ocr_line' id='line_1_40' title="bbox 506 3814 2080 3885; baseline 0 -18"><span class='ocrx_word' id='word_1_291' title='bbox 506 3815 583 3868; x_wconf 89' lang='lat' dir='ltr'><strong>ris</strong></span> <span class='ocrx_word' id='word_1_292' title='bbox 612 3815 979 3883; x_wconf 78' lang='lat' dir='ltr'><strong>generationis</strong></span> <span class='ocrx_word' id='word_1_293' title='bbox 1007 3817 1415 3885; x_wconf 70' lang='lat' dir='ltr'><strong>prterogativam</strong></span> <span class='ocrx_word' id='word_1_294' title='bbox 1446 3814 1551 3868; x_wconf 91' lang='lat' dir='ltr'><strong>diei</strong></span> <span class='ocrx_word' id='word_1_295' title='bbox 1600 3817 1884 3878; x_wconf 88' lang='lat' dir='ltr'><strong>tribueret,</strong></span> <span class='ocrx_word' id='word_1_296' title='bbox 1930 3816 2080 3883; x_wconf 90' lang='lat' dir='ltr'><strong>prius</strong></span> 
     </span>
    </p>
   </div>
   <div class='ocr_carea' id='block_1_41' title="bbox 506 3904 2080 3970">
    <p class='ocr_par' dir='ltr' id='par_1_41' title="bbox 506 3904 2080 3970">
     <span class='ocr_line' id='line_1_41' title="bbox 506 3904 2080 3970; baseline -0.002 -10"><span class='ocrx_word' id='word_1_297' title='bbox 506 3906 953 3960; x_wconf 85' lang='lat' dir='ltr'><strong>commemoravit</strong></span> <span class='ocrx_word' id='word_1_298' title='bbox 990 3907 1149 3961; x_wconf 90' lang='lat' dir='ltr'><strong>linem</strong></span> <span class='ocrx_word' id='word_1_299' title='bbox 1187 3904 1315 3967; x_wconf 85' lang='lat' dir='ltr'><strong>diei,</strong></span> <span class='ocrx_word' id='word_1_300' title='bbox 1366 3906 1561 3960; x_wconf 88' lang='lat' dir='ltr'><strong>deinde</strong></span> <span class='ocrx_word' id='word_1_301' title='bbox 1591 3905 1785 3970; x_wconf 89' lang='lat' dir='ltr'><strong>noctis,</strong></span> <span class='ocrx_word' id='word_1_302' title='bbox 1822 3905 1967 3959; x_wconf 83' lang='lat' dir='ltr'><strong>velut</strong></span> <span class='ocrx_word' id='word_1_303' title='bbox 1996 3906 2080 3958; x_wconf 88' lang='lat' dir='ltr'><strong>in-</strong></span> 
     </span>
    </p>
   </div>
   <div class='ocr_carea' id='block_1_42' title="bbox 507 3998 2085 4069">
    <p class='ocr_par' dir='ltr' id='par_1_42' title="bbox 507 3998 2085 4069">
     <span class='ocr_line' id='line_1_42' title="bbox 507 3998 2085 4069; baseline -0.001 -16"><span class='ocrx_word' id='word_1_304' title='bbox 507 4010 770 4066; x_wconf 86' lang='lat' dir='ltr'><strong>sequente</strong></span> <span class='ocrx_word' id='word_1_305' title='bbox 794 4000 934 4053; x_wconf 91' lang='lat' dir='ltr'><strong>diem</strong></span> <span class='ocrx_word' id='word_1_306' title='bbox 968 4011 1143 4055; x_wconf 87' lang='lat' dir='ltr'><strong>nocte.</strong></span> <span class='ocrx_word' id='word_1_307' title='bbox 1181 3999 1313 4054; x_wconf 85' lang='lat' dir='ltr'><strong>Nam</strong></span> <span class='ocrx_word' id='word_1_308' title='bbox 1347 4000 1436 4069; x_wconf 91' lang='lat' dir='ltr'><strong>qui</strong></span> <span class='ocrx_word' id='word_1_309' title='bbox 1470 4008 1640 4053; x_wconf 90' lang='lat' dir='ltr'><strong>status</strong></span> <span class='ocrx_word' id='word_1_310' title='bbox 1672 3999 1724 4053; x_wconf 91' lang='lat' dir='ltr'><strong>in</strong></span> <span class='ocrx_word' id='word_1_311' title='bbox 1759 3999 1959 4053; x_wconf 88' lang='lat' dir='ltr'><strong>mundo</strong></span> <span class='ocrx_word' id='word_1_312' title='bbox 1986 3998 2085 4051; x_wconf 80' lang='lat' dir='ltr'><strong>fuit</strong></span> 
     </span>
    </p>
   </div>
   <div class='ocr_carea' id='block_1_43' title="bbox 510 4091 2091 4160">
    <p class='ocr_par' dir='ltr' id='par_1_43' title="bbox 510 4091 2091 4160">
     <span class='ocr_line' id='line_1_43' title="bbox 510 4091 2091 4160; baseline 0.002 -17"><span class='ocrx_word' id='word_1_313' title='bbox 510 4101 636 4144; x_wconf 89' lang='lat' dir='ltr'><strong>ante</strong></span> <span class='ocrx_word' id='word_1_314' title='bbox 667 4091 805 4144; x_wconf 88' lang='lat' dir='ltr'><strong>lucis</strong></span> <span class='ocrx_word' id='word_1_315' title='bbox 829 4093 1256 4160; x_wconf 84' lang='lat' dir='ltr'><strong>generationem,</strong></span> <span class='ocrx_word' id='word_1_316' title='bbox 1296 4093 1339 4145; x_wconf 90' lang='lat' dir='ltr'><strong>is</strong></span> <span class='ocrx_word' id='word_1_317' title='bbox 1365 4108 1467 4146; x_wconf 90' lang='lat' dir='ltr'><strong>non</strong></span> <span class='ocrx_word' id='word_1_318' title='bbox 1510 4101 1625 4147; x_wconf 89' lang='lat' dir='ltr'><strong>erat</strong></span> <span class='ocrx_word' id='word_1_319' title='bbox 1667 4108 1792 4156; x_wconf 85' lang='lat' dir='ltr'><strong>nox,</strong></span> <span class='ocrx_word' id='word_1_320' title='bbox 1818 4094 1909 4147; x_wconf 88' lang='lat' dir='ltr'><strong>sed</strong></span> <span class='ocrx_word' id='word_1_321' title='bbox 1940 4102 2091 4147; x_wconf 53' lang='lat' dir='ltr'><strong>tene:</strong></span> 
     </span>
    </p>
   </div>
   <div class='ocr_carea' id='block_1_44' title="bbox 510 4184 2086 4255">
    <p class='ocr_par' dir='ltr' id='par_1_44' title="bbox 510 4184 2086 4255">
     <span class='ocr_line' id='line_1_44' title="bbox 510 4184 2086 4255; baseline 0.002 -20"><span class='ocrx_word' id='word_1_322' title='bbox 510 4184 620 4235; x_wconf 69' lang='lat' dir='ltr'><strong>bra:</strong></span> <span class='ocrx_word' id='word_1_323' title='bbox 655 4202 667 4236; x_wconf 91' lang='lat'><strong>:</strong></span> <span class='ocrx_word' id='word_1_324' title='bbox 702 4184 843 4252; x_wconf 90' lang='lat' dir='ltr'><strong>quod</strong></span> <span class='ocrx_word' id='word_1_325' title='bbox 875 4192 1053 4237; x_wconf 86' lang='lat' dir='ltr'><strong>autem</strong></span> <span class='ocrx_word' id='word_1_326' title='bbox 1088 4201 1116 4237; x_wconf 92' lang='lat' dir='ltr'><strong>a</strong></span> <span class='ocrx_word' id='word_1_327' title='bbox 1159 4186 1243 4237; x_wconf 91' lang='lat' dir='ltr'><strong>die</strong></span> <span class='ocrx_word' id='word_1_328' title='bbox 1276 4186 1733 4255; x_wconf 84' lang='lat' dir='ltr'><strong>distinguebatur,</strong></span> <span class='ocrx_word' id='word_1_329' title='bbox 1777 4186 1936 4253; x_wconf 87' lang='lat' dir='ltr'><strong>eique</strong></span> <span class='ocrx_word' id='word_1_330' title='bbox 1988 4200 2086 4254; x_wconf 89' lang='lat' dir='ltr'><strong>0p-</strong></span> 
     </span>
    </p>
   </div>
   <div class='ocr_carea' id='block_1_45' title="bbox 511 4274 2085 4343">
    <p class='ocr_par' dir='ltr' id='par_1_45' title="bbox 511 4274 2085 4343">
     <span class='ocr_line' id='line_1_45' title="bbox 511 4274 2085 4343; baseline -0.001 -14"><span class='ocrx_word' id='word_1_331' title='bbox 511 4274 835 4343; x_wconf 85' lang='lat' dir='ltr'><strong>ponebatur,</strong></span> <span class='ocrx_word' id='word_1_332' title='bbox 878 4274 931 4327; x_wconf 90' lang='lat' dir='ltr'><strong>id</strong></span> <span class='ocrx_word' id='word_1_333' title='bbox 970 4288 1073 4327; x_wconf 72' lang='lat' dir='ltr'><strong>nox</strong></span> <span class='ocrx_word' id='word_1_334' title='bbox 1119 4274 1441 4341; x_wconf 87' lang='lat' dir='ltr'><strong>appellatum</strong></span> <span class='ocrx_word' id='word_1_335' title='bbox 1482 4283 1601 4337; x_wconf 90' lang='lat' dir='ltr'><strong>est;</strong></span> <span class='ocrx_word' id='word_1_336' title='bbox 1638 4275 1779 4342; x_wconf 85' lang='lat' dir='ltr'><strong>quod</strong></span> <span class='ocrx_word' id='word_1_337' title='bbox 1825 4275 1964 4327; x_wconf 89' lang='lat' dir='ltr'><strong>idem</strong></span> <span class='ocrx_word' id='word_1_338' title='bbox 1998 4291 2085 4328; x_wconf 90' lang='lat' dir='ltr'><strong>re-</strong></span> 
     </span>
    </p>
   </div>
   <div class='ocr_carea' id='block_1_46' title="bbox 511 4364 2082 4434">
    <p class='ocr_par' dir='ltr' id='par_1_46' title="bbox 511 4364 2082 4434">
     <span class='ocr_line' id='line_1_46' title="bbox 511 4364 2082 4434; baseline -0.001 -15"><span class='ocrx_word' id='word_1_339' title='bbox 511 4365 808 4419; x_wconf 81' lang='lat' dir='ltr'><strong>centiorem</strong></span> <span class='ocrx_word' id='word_1_340' title='bbox 852 4365 1014 4418; x_wconf 90' lang='lat' dir='ltr'><strong>etiam</strong></span> <span class='ocrx_word' id='word_1_341' title='bbox 1059 4365 1475 4434; x_wconf 88' lang='lat' dir='ltr'><strong>appellationem</strong></span> <span class='ocrx_word' id='word_1_342' title='bbox 1508 4373 1628 4432; x_wconf 91' lang='lat' dir='ltr'><strong>post</strong></span> <span class='ocrx_word' id='word_1_343' title='bbox 1655 4364 1794 4417; x_wconf 88' lang='lat' dir='ltr'><strong>diem</strong></span> <span class='ocrx_word' id='word_1_344' title='bbox 1832 4364 2082 4417; x_wconf 88' lang='lat' dir='ltr'><strong>obtinuit.</strong></span> 
     </span>
    </p>
   </div>
   <div class='ocr_carea' id='block_1_47' title="bbox 514 4454 2083 4525">
    <p class='ocr_par' dir='ltr' id='par_1_47' title="bbox 514 4454 2083 4525">
     <span class='ocr_line' id='line_1_47' title="bbox 514 4454 2083 4525; baseline 0 -17"><span class='ocrx_word' id='word_1_345' title='bbox 514 4456 684 4509; x_wconf 78' lang='lat' dir='ltr'><strong>Facta</strong></span> <span class='ocrx_word' id='word_1_346' title='bbox 716 4465 792 4510; x_wconf 80' lang='lat' dir='ltr'><strong>est</strong></span> <span class='ocrx_word' id='word_1_347' title='bbox 824 4457 988 4525; x_wconf 86' lang='lat' dir='ltr'><strong>igitur</strong></span> <span class='ocrx_word' id='word_1_348' title='bbox 1026 4472 1254 4525; x_wconf 81' lang='lat' dir='ltr'><strong>vespera,</strong></span> <span class='ocrx_word' id='word_1_349' title='bbox 1312 4467 1357 4509; x_wconf 90' lang='lat' dir='ltr'><strong>et</strong></span> <span class='ocrx_word' id='word_1_350' title='bbox 1418 4456 1613 4509; x_wconf 81' lang='lat' dir='ltr'><strong>factum</strong></span> <span class='ocrx_word' id='word_1_351' title='bbox 1662 4463 1738 4508; x_wconf 79' lang='lat' dir='ltr'><strong>est</strong></span> <span class='ocrx_word' id='word_1_352' title='bbox 1764 4470 1937 4510; x_wconf 84' lang='lat' dir='ltr'><strong>mane.</strong></span> <span class='ocrx_word' id='word_1_353' title='bbox 1970 4454 2083 4509; x_wconf 87' lang='lat' dir='ltr'><strong>Diei</strong></span> 
     </span>
    </p>
   </div>
   <div class='ocr_carea' id='block_1_48' title="bbox 588 4660 1618 4723">
    <p class='ocr_par' dir='ltr' id='par_1_48' title="bbox 588 4660 1618 4723">
     <span class='ocr_line' id='line_1_48' title="bbox 588 4660 1618 4723; baseline -0.003 -7"><span class='ocrx_word' id='word_1_354' title='bbox 588 4662 633 4693; x_wconf 80' lang='grc'>¹⁶</span> <span class='ocrx_word' id='word_1_355' title='bbox 658 4661 796 4716; x_wconf 88' lang='lat' dir='ltr'><strong>Gen.</strong></span> <span class='ocrx_word' id='word_1_356' title='bbox 828 4677 867 4723; x_wconf 91' lang='lat' dir='ltr'><strong>t,</strong></span> <span class='ocrx_word' id='word_1_357' title='bbox 897 4661 949 4713; x_wconf 67' lang='grc' dir='ltr'><strong>ιί.</strong></span> <span class='ocrx_word' id='word_1_358' title='bbox 1029 4660 1071 4691; x_wconf 85' lang='grc'><strong>²⁷</strong></span> <span class='ocrx_word' id='word_1_359' title='bbox 1118 4660 1247 4717; x_wconf 85' lang='lat' dir='ltr'><strong>ibid.</strong></span> <span class='ocrx_word' id='word_1_360' title='bbox 1414 4662 1457 4692; x_wconf 78' lang='grc'><strong>³⁸</strong></span> <span class='ocrx_word' id='word_1_361' title='bbox 1491 4661 1618 4715; x_wconf 88' lang='lat' dir='ltr'><strong>ibid.</strong></span> 
     </span>
    </p>
   </div>
   <div class='ocr_carea' id='block_1_49' title="bbox 589 4862 2159 4935">
    <p class='ocr_par' dir='ltr' id='par_1_49' title="bbox 589 4862 2159 4935">
     <span class='ocr_line' id='line_1_49' title="bbox 589 4862 2159 4935; baseline 0.003 -18"><span class='ocrx_word' id='word_1_362' title='bbox 589 4863 702 4935; x_wconf 69' lang='grc'>(52)</span> <span class='ocrx_word' id='word_1_363' title='bbox 737 4865 809 4918; x_wconf 89' lang='lat' dir='ltr'><strong>Ita</strong></span> <span class='ocrx_word' id='word_1_364' title='bbox 865 4863 998 4932; x_wconf 75' lang='lat' dir='ltr'><strong>Reg.</strong></span> <span class='ocrx_word' id='word_1_365' title='bbox 1041 4864 1291 4935; x_wconf 71' lang='lat' dir='ltr'><strong>quintus,</strong></span> <span class='ocrx_word' id='word_1_366' title='bbox 1328 4862 1495 4918; x_wconf 78' lang='lat' dir='ltr'><strong>Coisl.</strong></span> <span class='ocrx_word' id='word_1_367' title='bbox 1548 4865 1771 4931; x_wconf 71' lang='lat' dir='ltr'><strong>primus,</strong></span> <span class='ocrx_word' id='word_1_368' title='bbox 1822 4865 1971 4918; x_wconf 71' lang='lat' dir='ltr'><strong>(Iulb.</strong></span> <span class='ocrx_word' id='word_1_369' title='bbox 2005 4879 2082 4917; x_wconf 89' lang='lat' dir='ltr'><strong>se-</strong></span> <span class='ocrx_word' id='word_1_370' title='bbox 2117 4866 2159 4921; x_wconf 89' lang='lat' dir='ltr'><strong>D</strong></span> 
     </span>
    </p>
   </div>
   <div class='ocr_carea' id='block_1_50' title="bbox 521 4933 2085 5002">
    <p class='ocr_par' dir='ltr' id='par_1_50' title="bbox 521 4933 2085 5002">
     <span class='ocr_line' id='line_1_50' title="bbox 521 4933 2085 5002; baseline 0 -15"><span class='ocrx_word' id='word_1_371' title='bbox 521 4933 729 4988; x_wconf 78' lang='lat' dir='ltr'><strong>cuitdus</strong></span> <span class='ocrx_word' id='word_1_372' title='bbox 760 4944 814 4987; x_wconf 89' lang='lat' dir='ltr'><strong>et</strong></span> <span class='ocrx_word' id='word_1_373' title='bbox 844 4936 993 4987; x_wconf 89' lang='lat' dir='ltr'><strong>editi.</strong></span> <span class='ocrx_word' id='word_1_374' title='bbox 1037 4933 1187 5002; x_wconf 71' lang='lat' dir='ltr'><strong>Regii</strong></span> <span class='ocrx_word' id='word_1_375' title='bbox 1229 4950 1354 4987; x_wconf 77' lang='lat' dir='ltr'><strong>vero</strong></span> <span class='ocrx_word' id='word_1_376' title='bbox 1388 4936 1595 4995; x_wconf 77' lang='lat' dir='ltr'><strong>tertius,</strong></span> <span class='ocrx_word' id='word_1_377' title='bbox 1625 4944 1845 5000; x_wconf 81' lang='lat' dir='ltr'><strong>quartus</strong></span> <span class='ocrx_word' id='word_1_378' title='bbox 1876 4947 1927 4987; x_wconf 87' lang='lat' dir='ltr'><strong>et</strong></span> <span class='ocrx_word' id='word_1_379' title='bbox 1966 4949 2085 4987; x_wconf 74' lang='lat' dir='ltr'><strong>sex-</strong></span> 
     </span>
    </p>
   </div>
   <div class='ocr_carea' id='block_1_51' title="bbox 521 5003 2090 5073">
    <p class='ocr_par' dir='ltr' id='par_1_51' title="bbox 521 5003 2090 5073">
     <span class='ocr_line' id='line_1_51' title="bbox 521 5003 2090 5073; baseline 0.001 -16"><span class='ocrx_word' id='word_1_380' title='bbox 521 5016 607 5058; x_wconf 86' lang='lat' dir='ltr'><strong>tus</strong></span> <span class='ocrx_word' id='word_1_381' title='bbox 642 5020 763 5058; x_wconf 92' lang='lat' dir='ltr'><strong>cum</strong></span> <span class='ocrx_word' id='word_1_382' title='bbox 793 5004 957 5058; x_wconf 87' lang='lat' dir='ltr'><strong>Coisl.</strong></span> <span class='ocrx_word' id='word_1_383' title='bbox 978 5003 1211 5058; x_wconf 83' lang='lat' dir='ltr'><strong>secundo</strong></span> <span class='ocrx_word' id='word_1_384' title='bbox 1232 5004 1337 5055; x_wconf 75' lang='grc' dir='ltr'><strong>τῶν</strong></span> <span class='ocrx_word' id='word_1_385' title='bbox 1365 5004 1562 5073; x_wconf 80' lang='grc' dir='ltr'>μελῶν,</span> <span class='ocrx_word' id='word_1_386' title='bbox 1593 5005 1955 5057; x_wconf 82' lang='lat' dir='ltr'><strong>membrorum.</strong></span> <span class='ocrx_word' id='word_1_387' title='bbox 1984 5004 2090 5059; x_wconf 83' lang='lat' dir='ltr'><strong>Nec</strong></span> 
     </span>
    </p>
   </div>
   <div class='ocr_carea' id='block_1_52' title="bbox 520 5074 1805 5143">
    <p class='ocr_par' dir='ltr' id='par_1_52' title="bbox 520 5074 1805 5143">
     <span class='ocr_line' id='line_1_52' title="bbox 520 5074 1805 5143; baseline 0 -19"><span class='ocrx_word' id='word_1_388' title='bbox 520 5076 592 5127; x_wconf 82' lang='lat' dir='ltr'><strong>ita</strong></span> <span class='ocrx_word' id='word_1_389' title='bbox 628 5075 795 5129; x_wconf 88' lang='lat' dir='ltr'><strong>multo</strong></span> <span class='ocrx_word' id='word_1_390' title='bbox 830 5086 947 5143; x_wconf 87' lang='lat' dir='ltr'><strong>post</strong></span> <span class='ocrx_word' id='word_1_391' title='bbox 982 5076 1109 5143; x_wconf 72' lang='lat' dir='ltr'><strong>Reg.</strong></span> <span class='ocrx_word' id='word_1_392' title='bbox 1145 5074 1363 5140; x_wconf 85' lang='lat' dir='ltr'><strong>quintus</strong></span> <span class='ocrx_word' id='word_1_393' title='bbox 1393 5077 1419 5125; x_wconf 84' lang='grc' dir='ltr'>ὀ</span> <span class='ocrx_word' id='word_1_394' title='bbox 1443 5075 1533 5125; x_wconf 84' lang='grc' dir='ltr'><strong>τοῦ</strong></span> <span class='ocrx_word' id='word_1_395' title='bbox 1564 5074 1805 5137; x_wconf 70' lang='grc' dir='ltr'>κάλλους.</span> 
     </span>
    </p>
   </div>
   <div class='ocr_carea' id='block_1_53' title="bbox 594 5146 2087 5215">
    <p class='ocr_par' dir='ltr' id='par_1_53' title="bbox 594 5146 2087 5215">
     <span class='ocr_line' id='line_1_53' title="bbox 594 5146 2087 5215; baseline -0.004 -16"><span class='ocrx_word' id='word_1_396' title='bbox 594 5146 708 5214; x_wconf 82' lang='grc'><strong>(55)</strong></span> <span class='ocrx_word' id='word_1_397' title='bbox 743 5146 833 5199; x_wconf 87' lang='lat' dir='ltr'><strong>Sic</strong></span> <span class='ocrx_word' id='word_1_398' title='bbox 862 5146 1015 5215; x_wconf 68' lang='lat' dir='ltr'><strong>Regii</strong></span> <span class='ocrx_word' id='word_1_399' title='bbox 1046 5154 1270 5215; x_wconf 80' lang='lat' dir='ltr'><strong>quartus</strong></span> <span class='ocrx_word' id='word_1_400' title='bbox 1317 5155 1367 5195; x_wconf 86' lang='lat' dir='ltr'><strong>et</strong></span> <span class='ocrx_word' id='word_1_401' title='bbox 1411 5157 1689 5215; x_wconf 64' lang='lat' dir='ltr'><strong>sextust-1</strong></span> <span class='ocrx_word' id='word_1_402' title='bbox 1724 5146 1874 5199; x_wconf 71' lang='lat' dir='ltr'><strong>Coll).</strong></span> <span class='ocrx_word' id='word_1_403' title='bbox 1905 5160 2087 5196; x_wconf 70' lang='grc' dir='ltr'>εθςιιιιο</span> 
     </span>
    </p>
   </div>
   <div class='ocr_carea' id='block_1_54' title="bbox 524 5214 2089 5283">
    <p class='ocr_par' dir='ltr' id='par_1_54' title="bbox 524 5214 2089 5283">
     <span class='ocr_line' id='line_1_54' title="bbox 524 5214 2089 5283; baseline -0.003 -14"><span class='ocrx_word' id='word_1_404' title='bbox 524 5218 622 5269; x_wconf 87' lang='lat' dir='ltr'><strong>dus</strong></span> <span class='ocrx_word' id='word_1_405' title='bbox 660 5232 781 5268; x_wconf 89' lang='lat' dir='ltr'><strong>cum</strong></span> <span class='ocrx_word' id='word_1_406' title='bbox 820 5214 1050 5283; x_wconf 74' lang='lat' dir='ltr'><strong>mroQue</strong></span> <span class='ocrx_word' id='word_1_407' title='bbox 1082 5214 1244 5268; x_wconf 77' lang='lat' dir='ltr'><strong>Coisl.</strong></span> <span class='ocrx_word' id='word_1_408' title='bbox 1284 5214 1421 5267; x_wconf 85' lang='lat' dir='ltr'><strong>Editi</strong></span> <span class='ocrx_word' id='word_1_409' title='bbox 1454 5230 1577 5267; x_wconf 81' lang='lat' dir='ltr'><strong>cum</strong></span> <span class='ocrx_word' id='word_1_410' title='bbox 1607 5214 1785 5283; x_wconf 66' lang='lat' dir='ltr'><strong>Regiis</strong></span> <span class='ocrx_word' id='word_1_411' title='bbox 1830 5215 1984 5267; x_wconf 86' lang='lat' dir='ltr'><strong>tertio</strong></span> <span class='ocrx_word' id='word_1_412' title='bbox 2037 5225 2089 5265; x_wconf 88' lang='lat' dir='ltr'><strong>et</strong></span> 
     </span>
    </p>
   </div>
   <div class='ocr_carea' id='block_1_55' title="bbox 525 5284 2090 5355">
    <p class='ocr_par' dir='ltr' id='par_1_55' title="bbox 525 5284 2090 5355">
     <span class='ocr_line' id='line_1_55' title="bbox 525 5284 2090 5355; baseline -0.003 -16"><span class='ocrx_word' id='word_1_413' title='bbox 525 5287 710 5355; x_wconf 76' lang='lat' dir='ltr'><strong>quinto</strong></span> <span class='ocrx_word' id='word_1_414' title='bbox 742 5284 886 5355; x_wconf 74' lang='grc' dir='ltr'>ἔχειν</span> <span class='ocrx_word' id='word_1_415' title='bbox 915 5285 985 5337; x_wconf 80' lang='grc' dir='ltr'><strong>τὰ</strong></span> <span class='ocrx_word' id='word_1_416' title='bbox 1024 5284 1180 5354; x_wconf 82' lang='grc' dir='ltr'>μέλη.</span> <span class='ocrx_word' id='word_1_417' title='bbox 1215 5286 1341 5350; x_wconf 82' lang='lat' dir='ltr'><strong>Qu:e</strong></span> <span class='ocrx_word' id='word_1_418' title='bbox 1391 5284 1547 5355; x_wconf 83' lang='lat' dir='ltr'><strong>lectio</strong></span> <span class='ocrx_word' id='word_1_419' title='bbox 1588 5286 1945 5355; x_wconf 67' lang='lat' dir='ltr'><strong>vetustissima</strong></span> <span class='ocrx_word' id='word_1_420' title='bbox 1986 5294 2090 5355; x_wconf 85' lang='lat' dir='ltr'><strong>cst,</strong></span> 
     </span>
    </p>
   </div>
   <div class='ocr_carea' id='block_1_56' title="bbox 526 5353 2095 5423">
    <p class='ocr_par' dir='ltr' id='par_1_56' title="bbox 526 5353 2095 5423">
     <span class='ocr_line' id='line_1_56' title="bbox 526 5353 2095 5423; baseline -0.003 -14"><span class='ocrx_word' id='word_1_421' title='bbox 526 5353 646 5409; x_wconf 86' lang='lat' dir='ltr'><strong>cum</strong></span> <span class='ocrx_word' id='word_1_422' title='bbox 681 5353 993 5409; x_wconf 67' lang='lat' dir='ltr'><strong>EuStathius</strong></span> <span class='ocrx_word' id='word_1_423' title='bbox 1027 5353 1410 5423; x_wconf 79' lang='lat' dir='ltr'><strong>interpretatus</strong></span> <span class='ocrx_word' id='word_1_424' title='bbox 1438 5354 1536 5407; x_wconf 90' lang='lat' dir='ltr'><strong>sit:</strong></span> <span class='ocrx_word' id='word_1_425' title='bbox 1592 5353 1714 5406; x_wconf 69' lang='lat' dir='ltr'><strong>Non</strong></span> <span class='ocrx_word' id='word_1_426' title='bbox 1752 5367 1957 5423; x_wconf 82' lang='lat' dir='ltr'><strong>propter</strong></span> <span class='ocrx_word' id='word_1_427' title='bbox 1989 5354 2095 5406; x_wconf 69' lang='lat' dir='ltr'><strong>exi-</strong></span> 
     </span>
    </p>
   </div>
   <div class='ocr_carea' id='block_1_57' title="bbox 526 5424 2096 5494">
    <p class='ocr_par' dir='ltr' id='par_1_57' title="bbox 526 5424 2096 5494">
     <span class='ocr_line' id='line_1_57' title="bbox 526 5424 2096 5494; baseline -0.001 -17"><span class='ocrx_word' id='word_1_428' title='bbox 526 5427 1199 5494; x_wconf 82' lang='lat' dir='ltr'><strong>miamcompaginationem</strong></span> <span class='ocrx_word' id='word_1_429' title='bbox 1215 5429 1579 5478; x_wconf 82' lang='lat' dir='ltr'><strong>membrorum.</strong></span> <span class='ocrx_word' id='word_1_430' title='bbox 1600 5424 1849 5476; x_wconf 81' lang='lat' dir='ltr'><strong>Attamen</strong></span> <span class='ocrx_word' id='word_1_431' title='bbox 1870 5440 1989 5478; x_wconf 87' lang='lat' dir='ltr'><strong>cum</strong></span> <span class='ocrx_word' id='word_1_432' title='bbox 2011 5425 2096 5477; x_wconf 87' lang='lat' dir='ltr'><strong>hic</strong></span> 
     </span>
    </p>
   </div>
   <div class='ocr_carea' id='block_1_58' title="bbox 529 5495 2097 5565">
    <p class='ocr_par' dir='ltr' id='par_1_58' title="bbox 529 5495 2097 5565">
     <span class='ocr_line' id='line_1_58' title="bbox 529 5495 2097 5565; baseline 0.002 -20"><span class='ocrx_word' id='word_1_433' title='bbox 529 5506 721 5564; x_wconf 80' lang='lat' dir='ltr'><strong>agatur</strong></span> <span class='ocrx_word' id='word_1_434' title='bbox 752 5497 816 5549; x_wconf 86' lang='lat' dir='ltr'><strong>de</strong></span> <span class='ocrx_word' id='word_1_435' title='bbox 847 5511 1072 5565; x_wconf 88' lang='lat' dir='ltr'><strong>corpore</strong></span> <span class='ocrx_word' id='word_1_436' title='bbox 1113 5497 1409 5564; x_wconf 78' lang='lat' dir='ltr'><strong>generatim</strong></span> <span class='ocrx_word' id='word_1_437' title='bbox 1462 5505 1677 5563; x_wconf 89' lang='lat' dir='ltr'><strong>sumpto</strong></span> <span class='ocrx_word' id='word_1_438' title='bbox 1705 5495 1897 5565; x_wconf 83' lang='grc' dir='ltr'>,μέρη</span> <span class='ocrx_word' id='word_1_439' title='bbox 1932 5495 2097 5563; x_wconf 79' lang='lat' dir='ltr'><strong>magis</strong></span> 
     </span>
    </p>
   </div>
   <div class='ocr_carea' id='block_1_59' title="bbox 530 5564 2096 5637">
    <p class='ocr_par' dir='ltr' id='par_1_59' title="bbox 530 5564 2096 5637">
     <span class='ocr_line' id='line_1_59' title="bbox 530 5564 2096 5637; baseline 0.001 -20"><span class='ocrx_word' id='word_1_440' title='bbox 530 5567 737 5637; x_wconf 77' lang='lat' dir='ltr'><strong>arridet</strong></span> <span class='ocrx_word' id='word_1_441' title='bbox 788 5564 1141 5637; x_wconf 49' lang='lat' dir='ltr'><strong>quantpél’q.</strong></span> <span class='ocrx_word' id='word_1_442' title='bbox 1193 5565 1307 5621; x_wconf 80' lang='lat' dir='ltr'><strong>Non</strong></span> <span class='ocrx_word' id='word_1_443' title='bbox 1346 5565 1511 5619; x_wconf 87' lang='lat' dir='ltr'><strong>multo</strong></span> <span class='ocrx_word' id='word_1_444' title='bbox 1558 5575 1677 5635; x_wconf 90' lang='lat' dir='ltr'><strong>post</strong></span> <span class='ocrx_word' id='word_1_445' title='bbox 1736 5564 1867 5636; x_wconf 78' lang='lat' dir='ltr'><strong>lieg.</strong></span> <span class='ocrx_word' id='word_1_446' title='bbox 1914 5577 2096 5618; x_wconf 80' lang='lat' dir='ltr'><strong>sextus</strong></span> 
     </span>
    </p>
   </div>
   <div class='ocr_carea' id='block_1_60' title="bbox 527 5634 1060 5707">
    <p class='ocr_par' dir='ltr' id='par_1_60' title="bbox 527 5634 1060 5707">
     <span class='ocr_line' id='line_1_60' title="bbox 527 5634 1060 5707; baseline 0.006 -19"><span class='ocrx_word' id='word_1_447' title='bbox 527 5634 698 5707; x_wconf 82' lang='grc' dir='ltr'>αὐγὴν</span> <span class='ocrx_word' id='word_1_448' title='bbox 729 5634 1060 5693; x_wconf 67' lang='grc' dir='ltr'>ἐπιπίπτειν.</span> 
     </span>
    </p>
   </div>
   <div class='ocr_carea' id='block_1_61' title="bbox 601 5704 2101 5776">
    <p class='ocr_par' dir='ltr' id='par_1_61' title="bbox 601 5704 2101 5776">
     <span class='ocr_line' id='line_1_61' title="bbox 601 5704 2101 5776; baseline -0.001 -17"><span class='ocrx_word' id='word_1_449' title='bbox 601 5704 711 5771; x_wconf 58' lang='lat'><strong>(51)</strong></span> <span class='ocrx_word' id='word_1_450' title='bbox 745 5708 815 5759; x_wconf 84' lang='lat' dir='ltr'><strong>Ita</strong></span> <span class='ocrx_word' id='word_1_451' title='bbox 851 5709 978 5760; x_wconf 65' lang='lat' dir='ltr'><strong>edisi</strong></span> <span class='ocrx_word' id='word_1_452' title='bbox 1005 5724 1121 5760; x_wconf 89' lang='lat' dir='ltr'><strong>cum</strong></span> <span class='ocrx_word' id='word_1_453' title='bbox 1142 5716 1375 5776; x_wconf 87' lang='lat' dir='ltr'><strong>quatuor</strong></span> <span class='ocrx_word' id='word_1_454' title='bbox 1406 5722 1533 5760; x_wconf 87' lang='lat' dir='ltr'><strong>mss.</strong></span> <span class='ocrx_word' id='word_1_455' title='bbox 1565 5704 1665 5759; x_wconf 76' lang='lat' dir='ltr'><strong>Alii</strong></span> <span class='ocrx_word' id='word_1_456' title='bbox 1695 5714 1803 5759; x_wconf 84' lang='lat' dir='ltr'><strong>tres</strong></span> <span class='ocrx_word' id='word_1_457' title='bbox 1835 5721 1963 5760; x_wconf 89' lang='lat' dir='ltr'><strong>mss.</strong></span> <span class='ocrx_word' id='word_1_458' title='bbox 1988 5705 2101 5757; x_wconf 80' lang='grc' dir='ltr'>δια-</span> 
     </span>
    </p>
   </div>
   <div class='ocr_carea' id='block_1_62' title="bbox 529 5776 2096 5899">
    <p class='ocr_par' dir='ltr' id='par_1_62' title="bbox 529 5776 2096 5899">
     <span class='ocr_line' id='line_1_62' title="bbox 529 5776 2096 5899; baseline 0.003 -71"><span class='ocrx_word' id='word_1_459' title='bbox 529 5778 783 5899; x_wconf 55' lang='grc' dir='ltr'>ΰριτικοί.</span> <span class='ocrx_word' id='word_1_460' title='bbox 819 5778 935 5831; x_wconf 66' lang='lat' dir='ltr'><strong>Mox</strong></span> <span class='ocrx_word' id='word_1_461' title='bbox 963 5778 1090 5848; x_wconf 77' lang='lat' dir='ltr'><strong>Reg.</strong></span> <span class='ocrx_word' id='word_1_462' title='bbox 1126 5780 1341 5847; x_wconf 85' lang='lat' dir='ltr'><strong>quintus</strong></span> <span class='ocrx_word' id='word_1_463' title='bbox 1372 5778 1666 5846; x_wconf 69' lang='grc' dir='ltr'>ἁνάμικτον</span> <span class='ocrx_word' id='word_1_464' title='bbox 1706 5776 1907 5843; x_wconf 72' lang='grc' dir='ltr'>αὐτῶν,</span> <span class='ocrx_word' id='word_1_465' title='bbox 1946 5794 2096 5832; x_wconf 84' lang='lat' dir='ltr'><strong>tuen-</strong></span> 
     </span>
     <span class='ocr_line' id='line_1_63' title="bbox 565 5866 671 5899; baseline 0 0"><span class='ocrx_word' id='word_1_466' title='bbox 565 5866 671 5899; x_wconf 73' lang='lat' dir='ltr'><strong>use.</strong></span> 
     </span>
    </p>
   </div>
   <div class='ocr_carea' id='block_1_63' title="bbox 565 5866 671 5901">
    <p class='ocr_par' dir='ltr' id='par_1_63' title="bbox 565 5866 671 5901">
     <span class='ocr_line' id='line_1_64' title="bbox 565 5866 671 5901; baseline -0.019 0"><span class='ocrx_word' id='word_1_467' title='bbox 565 5866 671 5901; x_wconf 69' lang='grc' dir='ltr'>υὶτυ.</span> 
     </span>
    </p>
   </div>
   <div class='ocr_carea' id='block_1_64' title="bbox 2175 600 3778 683">
    <p class='ocr_par' dir='ltr' id='par_1_64' title="bbox 2175 600 3778 683">
     <span class='ocr_line' id='line_1_65' title="bbox 2175 600 3778 683; baseline 0.005 -30"><span class='ocrx_word' id='word_1_468' title='bbox 2175 601 2350 673; x_wconf 84' lang='grc' dir='ltr'>τρίας,</span> <span class='ocrx_word' id='word_1_469' title='bbox 2408 605 2502 656; x_wconf 82' lang='grc' dir='ltr'>καὶ</span> <span class='ocrx_word' id='word_1_470' title='bbox 2542 602 2644 673; x_wconf 82' lang='grc' dir='ltr'><strong>τῆς</strong></span> <span class='ocrx_word' id='word_1_471' title='bbox 2692 605 3124 677; x_wconf 77' lang='grc' dir='ltr'>ἐπιφαινομένης</span> <span class='ocrx_word' id='word_1_472' title='bbox 3180 604 3455 683; x_wconf 80' lang='grc' dir='ltr'>εὐχροίας,</span> <span class='ocrx_word' id='word_1_473' title='bbox 3512 604 3574 658; x_wconf 81' lang='grc' dir='ltr'><strong>τὸ</strong></span> <span class='ocrx_word' id='word_1_474' title='bbox 3628 600 3778 662; x_wconf 78' lang='grc' dir='ltr'>εἶναι</span> 
     </span>
    </p>
   </div>
   <div class='ocr_carea' id='block_1_65' title="bbox 2175 687 3777 769">
    <p class='ocr_par' dir='ltr' id='par_1_65' title="bbox 2175 687 3777 769">
     <span class='ocr_line' id='line_1_66' title="bbox 2175 687 3777 769; baseline 0.007 -30"><span class='ocrx_word' id='word_1_475' title='bbox 2175 687 2309 757; x_wconf 74' lang='grc' dir='ltr'>ἔχει,</span> <span class='ocrx_word' id='word_1_476' title='bbox 2328 688 2447 753; x_wconf 82' lang='grc' dir='ltr'><strong>πῶς</strong></span> <span class='ocrx_word' id='word_1_477' title='bbox 2477 689 2569 743; x_wconf 75' lang='grc' dir='ltr'>ἐπὶ</span> <span class='ocrx_word' id='word_1_478' title='bbox 2599 690 2693 743; x_wconf 89' lang='grc' dir='ltr'><strong>τοῦ</strong></span> <span class='ocrx_word' id='word_1_479' title='bbox 2730 690 2907 761; x_wconf 82' lang='grc' dir='ltr'><strong>φωτὸς</strong></span> <span class='ocrx_word' id='word_1_480' title='bbox 2940 693 3115 748; x_wconf 80' lang='grc' dir='ltr'>ἁπλοῦ</span> <span class='ocrx_word' id='word_1_481' title='bbox 3153 695 3251 769; x_wconf 85' lang='grc' dir='ltr'>τὴν</span> <span class='ocrx_word' id='word_1_482' title='bbox 3288 693 3449 765; x_wconf 86' lang='grc' dir='ltr'>φύσιν</span> <span class='ocrx_word' id='word_1_483' title='bbox 3486 693 3642 758; x_wconf 72' lang='grc' dir='ltr'>ὄντος</span> <span class='ocrx_word' id='word_1_484' title='bbox 3675 698 3777 750; x_wconf 71' lang='grc' dir='ltr'>καὶ</span> 
     </span>
    </p>
   </div>
   <div class='ocr_carea' id='block_1_66' title="bbox 2176 780 3777 855">
    <p class='ocr_par' dir='ltr' id='par_1_66' title="bbox 2176 780 3777 855">
     <span class='ocr_line' id='line_1_67' title="bbox 2176 780 3777 855; baseline 0.006 -23"><span class='ocrx_word' id='word_1_485' title='bbox 2176 780 2563 854; x_wconf 79' lang='grc' dir='ltr'><strong>ὁμοιομεροῦς,</strong></span> <span class='ocrx_word' id='word_1_486' title='bbox 2596 782 2623 833; x_wconf 84' lang='grc' dir='ltr'>ὁ</span> <span class='ocrx_word' id='word_1_487' title='bbox 2660 783 2753 836; x_wconf 92' lang='grc' dir='ltr'><strong>τοῦ</strong></span> <span class='ocrx_word' id='word_1_488' title='bbox 2792 782 2957 839; x_wconf 84' lang='grc' dir='ltr'>καλοῦ</span> <span class='ocrx_word' id='word_1_489' title='bbox 2985 784 3314 852; x_wconf 78' lang='grc' dir='ltr'><strong>διασώζεται</strong></span> <span class='ocrx_word' id='word_1_490' title='bbox 3342 786 3534 855; x_wconf 54' lang='grc' dir='ltr'>λόγου</span> <span class='ocrx_word' id='word_1_491' title='bbox 3580 787 3653 840; x_wconf 84' lang='grc' dir='ltr'><strong>Ἢ</strong></span> <span class='ocrx_word' id='word_1_492' title='bbox 3686 788 3777 842; x_wconf 81' lang='grc' dir='ltr'>ὅτι</span> 
     </span>
    </p>
   </div>
   <div class='ocr_carea' id='block_1_67' title="bbox 2173 871 3774 951">
    <p class='ocr_par' dir='ltr' id='par_1_67' title="bbox 2173 871 3774 951">
     <span class='ocr_line' id='line_1_68' title="bbox 2173 871 3774 951; baseline 0.006 -29"><span class='ocrx_word' id='word_1_493' title='bbox 2173 871 2251 941; x_wconf 80' lang='grc' dir='ltr'><strong>τῷ</strong></span> <span class='ocrx_word' id='word_1_494' title='bbox 2275 875 2415 941; x_wconf 77' lang='grc' dir='ltr'>φωτὶ</span> <span class='ocrx_word' id='word_1_495' title='bbox 2434 875 2493 928; x_wconf 84' lang='grc' dir='ltr'>τὸ</span> <span class='ocrx_word' id='word_1_496' title='bbox 2526 873 2843 946; x_wconf 83' lang='grc' dir='ltr'>σύμμετρον</span> <span class='ocrx_word' id='word_1_497' title='bbox 2865 878 2967 931; x_wconf 82' lang='grc' dir='ltr'><strong>οὐκ</strong></span> <span class='ocrx_word' id='word_1_498' title='bbox 2996 878 3053 930; x_wconf 83' lang='grc' dir='ltr'>ὲν</span> <span class='ocrx_word' id='word_1_499' title='bbox 3086 879 3201 940; x_wconf 86' lang='grc' dir='ltr'>τοῖς</span> <span class='ocrx_word' id='word_1_500' title='bbox 3236 880 3383 944; x_wconf 73' lang='grc' dir='ltr'>ἰδίοις</span> <span class='ocrx_word' id='word_1_501' title='bbox 3413 877 3576 931; x_wconf 87' lang='grc' dir='ltr'>αὑτοῦ</span> <span class='ocrx_word' id='word_1_502' title='bbox 3606 879 3774 951; x_wconf 91' lang='grc' dir='ltr'>μέρε-</span> 
     </span>
    </p>
   </div>
   <div class='ocr_carea' id='block_1_68' title="bbox 2175 966 3777 1045">
    <p class='ocr_par' dir='ltr' id='par_1_68' title="bbox 2175 966 3777 1045">
     <span class='ocr_line' id='line_1_69' title="bbox 2175 966 3777 1045; baseline 0.004 -26"><span class='ocrx_word' id='word_1_503' title='bbox 2175 982 2279 1028; x_wconf 90' lang='grc' dir='ltr'>σιν,</span> <span class='ocrx_word' id='word_1_504' title='bbox 2334 967 2449 1020; x_wconf 84' lang='grc' dir='ltr'>ἀλλ’</span> <span class='ocrx_word' id='word_1_505' title='bbox 2479 970 2537 1020; x_wconf 81' lang='grc' dir='ltr'>ἐν</span> <span class='ocrx_word' id='word_1_506' title='bbox 2576 966 2654 1037; x_wconf 83' lang='grc' dir='ltr'>τῷ</span> <span class='ocrx_word' id='word_1_507' title='bbox 2686 969 2824 1039; x_wconf 87' lang='grc' dir='ltr'>πρὸς</span> <span class='ocrx_word' id='word_1_508' title='bbox 2866 970 2965 1041; x_wconf 78' lang='grc' dir='ltr'>τὴν</span> <span class='ocrx_word' id='word_1_509' title='bbox 3003 969 3124 1041; x_wconf 72' lang='grc' dir='ltr'>ὄψιν</span> <span class='ocrx_word' id='word_1_510' title='bbox 3161 971 3354 1045; x_wconf 81' lang='grc' dir='ltr'><strong>ἀλύπῳ</strong></span> <span class='ocrx_word' id='word_1_511' title='bbox 3386 972 3481 1027; x_wconf 82' lang='grc' dir='ltr'>καὶ</span> <span class='ocrx_word' id='word_1_512' title='bbox 3504 974 3777 1043; x_wconf 79' lang='grc' dir='ltr'>προσηνεῖ</span> 
     </span>
    </p>
   </div>
   <div class='ocr_carea' id='block_1_69' title="bbox 2177 1058 3773 1133">
    <p class='ocr_par' dir='ltr' id='par_1_69' title="bbox 2177 1058 3773 1133">
     <span class='ocr_line' id='line_1_70' title="bbox 2177 1058 3773 1133; baseline 0.004 -22"><span class='ocrx_word' id='word_1_513' title='bbox 2177 1064 2568 1131; x_wconf 75' lang='grc' dir='ltr'>μαρτυρεῖταις</span> <span class='ocrx_word' id='word_1_514' title='bbox 2601 1058 2759 1113; x_wconf 77' lang='grc' dir='ltr'>Οὕτω</span> <span class='ocrx_word' id='word_1_515' title='bbox 2791 1060 2901 1131; x_wconf 80' lang='grc' dir='ltr'><strong>γὰρ</strong></span> <span class='ocrx_word' id='word_1_516' title='bbox 2945 1063 3041 1117; x_wconf 74' lang='grc' dir='ltr'>καὶ</span> <span class='ocrx_word' id='word_1_517' title='bbox 3090 1062 3290 1133; x_wconf 77' lang='grc' dir='ltr'>χρυσὸς</span> <span class='ocrx_word' id='word_1_518' title='bbox 3335 1066 3519 1130; x_wconf 75' lang='grc' dir='ltr'>καλὸς,</span> <span class='ocrx_word' id='word_1_519' title='bbox 3551 1065 3650 1117; x_wconf 79' lang='grc' dir='ltr'>οὐκ</span> <span class='ocrx_word' id='word_1_520' title='bbox 3700 1067 3773 1117; x_wconf 87' lang='grc' dir='ltr'>ὲκ</span> 
     </span>
    </p>
   </div>
   <div class='ocr_carea' id='block_1_70' title="bbox 2172 1152 3773 1230">
    <p class='ocr_par' dir='ltr' id='par_1_70' title="bbox 2172 1152 3773 1230">
     <span class='ocr_line' id='line_1_71' title="bbox 2172 1152 3773 1230; baseline 0.002 -26"><span class='ocrx_word' id='word_1_521' title='bbox 2172 1155 2271 1223; x_wconf 80' lang='grc' dir='ltr'>τῆς</span> <span class='ocrx_word' id='word_1_522' title='bbox 2324 1152 2432 1205; x_wconf 85' lang='grc' dir='ltr'>τῶν</span> <span class='ocrx_word' id='word_1_523' title='bbox 2466 1152 2646 1226; x_wconf 81' lang='grc' dir='ltr'>μερῶν</span> <span class='ocrx_word' id='word_1_524' title='bbox 2706 1156 3073 1225; x_wconf 76' lang='grc' dir='ltr'>συμμετρίας,</span> <span class='ocrx_word' id='word_1_525' title='bbox 3106 1154 3221 1209; x_wconf 85' lang='grc' dir='ltr'><strong>ἀλλ’</strong></span> <span class='ocrx_word' id='word_1_526' title='bbox 3265 1156 3330 1208; x_wconf 74' lang='grc' dir='ltr'>ἐκ</span> <span class='ocrx_word' id='word_1_527' title='bbox 3368 1160 3467 1230; x_wconf 87' lang='grc' dir='ltr'><strong>τῆς</strong></span> <span class='ocrx_word' id='word_1_528' title='bbox 3508 1154 3773 1226; x_wconf 79' lang='grc' dir='ltr'>εὐχροίας</span> 
     </span>
    </p>
   </div>
   <div class='ocr_carea' id='block_1_71' title="bbox 2176 1244 3774 1321">
    <p class='ocr_par' dir='ltr' id='par_1_71' title="bbox 2176 1244 3774 1321">
     <span class='ocr_line' id='line_1_72' title="bbox 2176 1244 3774 1321; baseline 0.003 -26"><span class='ocrx_word' id='word_1_529' title='bbox 2176 1244 2365 1315; x_wconf 84' lang='grc' dir='ltr'>μόνης,</span> <span class='ocrx_word' id='word_1_530' title='bbox 2396 1246 2457 1299; x_wconf 86' lang='grc' dir='ltr'><strong>τὸ</strong></span> <span class='ocrx_word' id='word_1_531' title='bbox 2485 1245 2776 1314; x_wconf 72' lang='grc' dir='ltr'>ἐπαγωγὸν</span> <span class='ocrx_word' id='word_1_532' title='bbox 2824 1246 2961 1315; x_wconf 85' lang='grc' dir='ltr'>πρὸς</span> <span class='ocrx_word' id='word_1_533' title='bbox 3002 1248 3097 1319; x_wconf 83' lang='grc' dir='ltr'><strong>τὴν</strong></span> <span class='ocrx_word' id='word_1_534' title='bbox 3128 1246 3250 1317; x_wconf 73' lang='grc' dir='ltr'>ὄψιν</span> <span class='ocrx_word' id='word_1_535' title='bbox 3300 1249 3396 1301; x_wconf 75' lang='grc' dir='ltr'><strong>καὶ</strong></span> <span class='ocrx_word' id='word_1_536' title='bbox 3440 1251 3501 1303; x_wconf 84' lang='grc' dir='ltr'><strong>τὸ</strong></span> <span class='ocrx_word' id='word_1_537' title='bbox 3532 1247 3774 1321; x_wconf 82' lang='grc' dir='ltr'>τερπνὸν</span> 
     </span>
    </p>
   </div>
   <div class='ocr_carea' id='block_1_72' title="bbox 2173 1334 3773 1412">
    <p class='ocr_par' dir='ltr' id='par_1_72' title="bbox 2173 1334 3773 1412">
     <span class='ocr_line' id='line_1_73' title="bbox 2173 1334 3773 1412; baseline 0.003 -25"><span class='ocrx_word' id='word_1_538' title='bbox 2173 1335 2529 1405; x_wconf 87' lang='grc' dir='ltr'>κεκτημένος.</span> <span class='ocrx_word' id='word_1_539' title='bbox 2563 1336 2673 1389; x_wconf 73' lang='grc' dir='ltr'><strong>Καὶ</strong></span> <span class='ocrx_word' id='word_1_540' title='bbox 2701 1334 2978 1409; x_wconf 83' lang='grc' dir='ltr'>Ἕσπερος</span> <span class='ocrx_word' id='word_1_541' title='bbox 2998 1338 3243 1412; x_wconf 83' lang='grc' dir='ltr'><strong>ἀστέρων</strong></span> <span class='ocrx_word' id='word_1_542' title='bbox 3274 1337 3578 1405; x_wconf 80' lang='grc' dir='ltr'>κάλλιστος,</span> <span class='ocrx_word' id='word_1_543' title='bbox 3596 1342 3657 1394; x_wconf 84' lang='grc' dir='ltr'>οὑ</span> <span class='ocrx_word' id='word_1_544' title='bbox 3680 1340 3773 1394; x_wconf 62' lang='grc' dir='ltr'>διὰ</span> 
     </span>
    </p>
   </div>
   <div class='ocr_carea' id='block_1_73' title="bbox 2171 1424 3771 1505">
    <p class='ocr_par' dir='ltr' id='par_1_73' title="bbox 2171 1424 3771 1505">
     <span class='ocr_line' id='line_1_74' title="bbox 2171 1424 3771 1505; baseline 0.005 -26"><span class='ocrx_word' id='word_1_545' title='bbox 2171 1427 2231 1480; x_wconf 85' lang='grc' dir='ltr'><strong>τὸ</strong></span> <span class='ocrx_word' id='word_1_546' title='bbox 2256 1428 2620 1497; x_wconf 77' lang='grc' dir='ltr'><strong>ἀναλογοῦντα</strong></span> <span class='ocrx_word' id='word_1_547' title='bbox 2651 1426 2796 1497; x_wconf 78' lang='grc' dir='ltr'>ἔχειν</span> <span class='ocrx_word' id='word_1_548' title='bbox 2820 1430 2890 1481; x_wconf 83' lang='grc' dir='ltr'>τὰ</span> <span class='ocrx_word' id='word_1_549' title='bbox 2925 1428 3064 1501; x_wconf 88' lang='grc' dir='ltr'>μέρη</span> <span class='ocrx_word' id='word_1_550' title='bbox 3091 1431 3203 1501; x_wconf 80' lang='grc'>(55)</span> <span class='ocrx_word' id='word_1_551' title='bbox 3231 1429 3291 1495; x_wconf 75' lang='grc' dir='ltr'><strong>ἐξ</strong></span> <span class='ocrx_word' id='word_1_552' title='bbox 3315 1424 3389 1483; x_wconf 83' lang='grc' dir='ltr'>ὧν</span> <span class='ocrx_word' id='word_1_553' title='bbox 3414 1435 3771 1505; x_wconf 68' lang='grc' dir='ltr'><strong>συνέστηκεν,</strong></span> 
     </span>
    </p>
   </div>
   <div class='ocr_carea' id='block_1_74' title="bbox 2173 1520 3771 1596">
    <p class='ocr_par' dir='ltr' id='par_1_74' title="bbox 2173 1520 3771 1596">
     <span class='ocr_line' id='line_1_75' title="bbox 2173 1520 3771 1596; baseline 0.004 -25"><span class='ocrx_word' id='word_1_554' title='bbox 2173 1520 2309 1573; x_wconf 76' lang='grc' dir='ltr'>ἀλλὰ</span> <span class='ocrx_word' id='word_1_555' title='bbox 2354 1520 2442 1575; x_wconf 80' lang='grc' dir='ltr'><strong>διὰ</strong></span> <span class='ocrx_word' id='word_1_556' title='bbox 2471 1523 2533 1575; x_wconf 86' lang='grc' dir='ltr'>τὸ</span> <span class='ocrx_word' id='word_1_557' title='bbox 2560 1521 2765 1574; x_wconf 79' lang='grc' dir='ltr'>ἄλυπόν</span> <span class='ocrx_word' id='word_1_558' title='bbox 2804 1539 2923 1575; x_wconf 89' lang='grc' dir='ltr'>τινα</span> <span class='ocrx_word' id='word_1_559' title='bbox 2955 1522 3048 1574; x_wconf 69' lang='grc' dir='ltr'><strong>καὶ</strong></span> <span class='ocrx_word' id='word_1_560' title='bbox 3084 1526 3266 1596; x_wconf 75' lang='grc' dir='ltr'>ἡδεῖαν</span> <span class='ocrx_word' id='word_1_561' title='bbox 3292 1523 3391 1594; x_wconf 84' lang='grc' dir='ltr'>τὴν</span> <span class='ocrx_word' id='word_1_562' title='bbox 3442 1524 3537 1576; x_wconf 79' lang='grc' dir='ltr'>ἀπ’</span> <span class='ocrx_word' id='word_1_563' title='bbox 3598 1527 3771 1580; x_wconf 62' lang='grc' dir='ltr'>αὑτοῦ</span> 
     </span>
    </p>
   </div>
   <div class='ocr_carea' id='block_1_75' title="bbox 2173 1613 3771 1686">
    <p class='ocr_par' dir='ltr' id='par_1_75' title="bbox 2173 1613 3771 1686">
     <span class='ocr_line' id='line_1_76' title="bbox 2173 1613 3771 1686; baseline 0.001 -20"><span class='ocrx_word' id='word_1_564' title='bbox 2173 1613 2349 1685; x_wconf 83' lang='grc' dir='ltr'>αὐγὴν</span> <span class='ocrx_word' id='word_1_565' title='bbox 2399 1614 2697 1686; x_wconf 74' lang='grc' dir='ltr'>ἐμπίπτειν</span> <span class='ocrx_word' id='word_1_566' title='bbox 2734 1618 2847 1679; x_wconf 82' lang='grc' dir='ltr'>τοῖς</span> <span class='ocrx_word' id='word_1_567' title='bbox 2881 1615 3143 1686; x_wconf 83' lang='grc' dir='ltr'>ὄμμασιν.</span> <span class='ocrx_word' id='word_1_568' title='bbox 3200 1619 3433 1671; x_wconf 81' lang='grc' dir='ltr'>Ἔπειτα</span> <span class='ocrx_word' id='word_1_569' title='bbox 3462 1615 3555 1667; x_wconf 90' lang='grc' dir='ltr'><strong>νῦν</strong></span> <span class='ocrx_word' id='word_1_570' title='bbox 3592 1619 3625 1685; x_wconf 83' lang='grc' dir='ltr'>ἡ</span> <span class='ocrx_word' id='word_1_571' title='bbox 3672 1618 3771 1670; x_wconf 74' lang='grc' dir='ltr'><strong>τοῦ</strong></span> 
     </span>
    </p>
   </div>
   <div class='ocr_carea' id='block_1_76' title="bbox 2172 1704 3774 1777">
    <p class='ocr_par' dir='ltr' id='par_1_76' title="bbox 2172 1704 3774 1777">
     <span class='ocr_line' id='line_1_77' title="bbox 2172 1704 3774 1777; baseline 0.001 -20"><span class='ocrx_word' id='word_1_572' title='bbox 2172 1704 2309 1758; x_wconf 86' lang='grc' dir='ltr'>Θεοῦ</span> <span class='ocrx_word' id='word_1_573' title='bbox 2362 1706 2543 1777; x_wconf 83' lang='grc' dir='ltr'>κρίσις</span> <span class='ocrx_word' id='word_1_574' title='bbox 2572 1705 2818 1777; x_wconf 74' lang='grc' dir='ltr'>περὶτοῦ</span> <span class='ocrx_word' id='word_1_575' title='bbox 2851 1706 3043 1766; x_wconf 82' lang='grc' dir='ltr'>καλοῦ,</span> <span class='ocrx_word' id='word_1_576' title='bbox 3072 1709 3136 1761; x_wconf 70' lang='grc' dir='ltr'>οὗ</span> <span class='ocrx_word' id='word_1_577' title='bbox 3176 1710 3394 1770; x_wconf 80' lang='grc' dir='ltr'>πάντως</span> <span class='ocrx_word' id='word_1_578' title='bbox 3425 1706 3563 1775; x_wconf 81' lang='grc' dir='ltr'>πρὸς</span> <span class='ocrx_word' id='word_1_579' title='bbox 3592 1706 3654 1758; x_wconf 79' lang='grc' dir='ltr'>τὸ</span> <span class='ocrx_word' id='word_1_580' title='bbox 3710 1710 3774 1759; x_wconf 80' lang='grc' dir='ltr'><strong>έν</strong></span> 
     </span>
    </p>
   </div>
   <div class='ocr_carea' id='block_1_77' title="bbox 2171 1794 3774 1870">
    <p class='ocr_par' dir='ltr' id='par_1_77' title="bbox 2171 1794 3774 1870">
     <span class='ocr_line' id='line_1_78' title="bbox 2171 1794 3774 1870; baseline 0.001 -22"><span class='ocrx_word' id='word_1_581' title='bbox 2171 1794 2292 1865; x_wconf 65' lang='grc' dir='ltr'>ὄψει</span> <span class='ocrx_word' id='word_1_582' title='bbox 2320 1794 2551 1866; x_wconf 81' lang='grc' dir='ltr'>τερπνὸν</span> <span class='ocrx_word' id='word_1_583' title='bbox 2595 1796 3017 1860; x_wconf 78' lang='grc' dir='ltr'>ἀποϐλέποντος,</span> <span class='ocrx_word' id='word_1_584' title='bbox 3059 1798 3197 1853; x_wconf 77' lang='grc' dir='ltr'>ἀλλὰ</span> <span class='ocrx_word' id='word_1_585' title='bbox 3242 1802 3333 1854; x_wconf 79' lang='grc' dir='ltr'><strong>καὶ</strong></span> <span class='ocrx_word' id='word_1_586' title='bbox 3368 1798 3503 1870; x_wconf 73' lang='grc' dir='ltr'>πρὸς</span> <span class='ocrx_word' id='word_1_587' title='bbox 3545 1799 3647 1867; x_wconf 80' lang='grc' dir='ltr'>τὴν</span> <span class='ocrx_word' id='word_1_588' title='bbox 3691 1800 3774 1861; x_wconf 71' lang='grc' dir='ltr'><strong>εἰς</strong></span> 
     </span>
    </p>
   </div>
   <div class='ocr_carea' id='block_1_78' title="bbox 2101 1873 3769 1962">
    <p class='ocr_par' dir='ltr' id='par_1_78' title="bbox 2101 1873 3769 1962">
     <span class='ocr_line' id='line_1_79' title="bbox 2101 1873 3769 1962; baseline 0.001 -23"><span class='ocrx_word' id='word_1_589' title='bbox 2101 1873 2148 1933; x_wconf 78' lang='grc' dir='ltr'><strong>Β</strong></span> <span class='ocrx_word' id='word_1_590' title='bbox 2176 1886 2401 1957; x_wconf 78' lang='grc' dir='ltr'>ὕστερον</span> <span class='ocrx_word' id='word_1_591' title='bbox 2436 1886 2529 1938; x_wconf 75' lang='grc' dir='ltr'><strong>ἀπ’</strong></span> <span class='ocrx_word' id='word_1_592' title='bbox 2565 1886 2730 1939; x_wconf 74' lang='grc' dir='ltr'>αὑτοῦ</span> <span class='ocrx_word' id='word_1_593' title='bbox 2748 1886 3014 1956; x_wconf 78' lang='grc' dir='ltr'>ὠφέλειαν</span> <span class='ocrx_word' id='word_1_594' title='bbox 3043 1892 3425 1962; x_wconf 85' lang='grc' dir='ltr'>προορωμένου</span> <span class='ocrx_word' id='word_1_595' title='bbox 3449 1890 3769 1961; x_wconf 78' lang='grc' dir='ltr'>γεγένηται.</span> 
     </span>
    </p>
   </div>
   <div class='ocr_carea' id='block_1_79' title="bbox 2185 1974 3775 2052">
    <p class='ocr_par' dir='ltr' id='par_1_79' title="bbox 2185 1974 3775 2052">
     <span class='ocr_line' id='line_1_80' title="bbox 2185 1974 3775 2052; baseline 0.001 -20"><span class='ocrx_word' id='word_1_596' title='bbox 2185 1978 2478 2047; x_wconf 71' lang='grc' dir='ltr'>Ὀφθαλμοὶ</span> <span class='ocrx_word' id='word_1_597' title='bbox 2505 1976 2614 2050; x_wconf 86' lang='grc' dir='ltr'>γὰρ</span> <span class='ocrx_word' id='word_1_598' title='bbox 2648 1977 2801 2031; x_wconf 70' lang='grc' dir='ltr'>οὔπω</span> <span class='ocrx_word' id='word_1_599' title='bbox 2832 1974 2973 2048; x_wconf 77' lang='grc' dir='ltr'>ἦσαν</span> <span class='ocrx_word' id='word_1_600' title='bbox 3003 1985 3242 2051; x_wconf 77' lang='grc' dir='ltr'>κριτικοὶ</span> <span class='ocrx_word' id='word_1_601' title='bbox 3262 1982 3373 2052; x_wconf 72' lang='grc' dir='ltr'><strong>(δι)</strong></span> <span class='ocrx_word' id='word_1_602' title='bbox 3401 1982 3494 2036; x_wconf 90' lang='grc' dir='ltr'><strong>τοῦ</strong></span> <span class='ocrx_word' id='word_1_603' title='bbox 3525 1984 3585 2035; x_wconf 84' lang='grc' dir='ltr'>ὲν</span> <span class='ocrx_word' id='word_1_604' title='bbox 3619 1982 3775 2052; x_wconf 76' lang='grc' dir='ltr'>φωτὶ</span> 
     </span>
    </p>
   </div>
   <div class='ocr_carea' id='block_1_80' title="bbox 2172 2072 3773 2143">
    <p class='ocr_par' dir='ltr' id='par_1_80' title="bbox 2172 2072 3773 2143">
     <span class='ocr_line' id='line_1_81' title="bbox 2172 2072 3773 2143; baseline -0.001 -16"><span class='ocrx_word' id='word_1_605' title='bbox 2172 2073 2417 2134; x_wconf 75' lang='grc' dir='ltr'><strong>κάλλους.</strong></span> <span class='ocrx_word' id='word_1_606' title='bbox 2455 2072 2566 2126; x_wconf 84' lang='lat' dir='ltr'><strong>Kal</strong></span> <span class='ocrx_word' id='word_1_607' title='bbox 2601 2072 2948 2141; x_wconf 68' lang='grc' dir='ltr'>διεχώρισεν</span> <span class='ocrx_word' id='word_1_608' title='bbox 2992 2075 3024 2125; x_wconf 86' lang='grc' dir='ltr'><strong><em>ὁ</em></strong></span> <span class='ocrx_word' id='word_1_609' title='bbox 3076 2075 3221 2139; x_wconf 81' lang='grc' dir='ltr'><strong>Θεὸς</strong></span> <span class='ocrx_word' id='word_1_610' title='bbox 3254 2074 3373 2128; x_wconf 79' lang='grc' dir='ltr'><strong>ἀνὰ</strong></span> <span class='ocrx_word' id='word_1_611' title='bbox 3409 2074 3610 2143; x_wconf 81' lang='grc' dir='ltr'>μέσον</span> <span class='ocrx_word' id='word_1_612' title='bbox 3660 2072 3773 2127; x_wconf 80' lang='grc' dir='ltr'><strong>τοῦ</strong></span> 
     </span>
    </p>
   </div>
   <div class='ocr_carea' id='block_1_81' title="bbox 2172 2162 3767 2233">
    <p class='ocr_par' dir='ltr' id='par_1_81' title="bbox 2172 2162 3767 2233">
     <span class='ocr_line' id='line_1_82' title="bbox 2172 2162 3767 2233; baseline -0.001 -16"><span class='ocrx_word' id='word_1_613' title='bbox 2172 2164 2384 2233; x_wconf 70' lang='grc' dir='ltr'><strong>φωτὸς,</strong></span> <span class='ocrx_word' id='word_1_614' title='bbox 2418 2163 2518 2218; x_wconf 78' lang='grc' dir='ltr'>καὶ</span> <span class='ocrx_word' id='word_1_615' title='bbox 2548 2164 2665 2219; x_wconf 82' lang='grc' dir='ltr'><strong>ἀνὰ</strong></span> <span class='ocrx_word' id='word_1_616' title='bbox 2706 2162 2902 2231; x_wconf 84' lang='grc' dir='ltr'>μέσον</span> <span class='ocrx_word' id='word_1_617' title='bbox 2961 2164 3066 2217; x_wconf 83' lang='grc' dir='ltr'><strong>τοῦ</strong></span> <span class='ocrx_word' id='word_1_618' title='bbox 3113 2166 3395 2229; x_wconf 82' lang='grc' dir='ltr'><strong>σκότους.</strong></span> <span class='ocrx_word' id='word_1_619' title='bbox 3442 2163 3767 2224; x_wconf 85' lang='grc' dir='ltr'>Τουτέστιν,</span> 
     </span>
    </p>
   </div>
   <div class='ocr_carea' id='block_1_82' title="bbox 2170 2254 3773 2325">
    <p class='ocr_par' dir='ltr' id='par_1_82' title="bbox 2170 2254 3773 2325">
     <span class='ocr_line' id='line_1_83' title="bbox 2170 2254 3773 2325; baseline 0 -15"><span class='ocrx_word' id='word_1_620' title='bbox 2170 2256 2402 2325; x_wconf 80' lang='grc' dir='ltr'>ἄμικτον</span> <span class='ocrx_word' id='word_1_621' title='bbox 2436 2256 2617 2309; x_wconf 81' lang='grc' dir='ltr'>αὐτῶν</span> <span class='ocrx_word' id='word_1_622' title='bbox 2656 2254 2753 2324; x_wconf 80' lang='grc' dir='ltr'>τὴν</span> <span class='ocrx_word' id='word_1_623' title='bbox 2788 2255 2950 2323; x_wconf 80' lang='grc' dir='ltr'>φύσιν</span> <span class='ocrx_word' id='word_1_624' title='bbox 2978 2261 3074 2309; x_wconf 82' lang='grc' dir='ltr'><strong>καὶ</strong></span> <span class='ocrx_word' id='word_1_625' title='bbox 3102 2256 3223 2309; x_wconf 83' lang='grc' dir='ltr'>κατ’</span> <span class='ocrx_word' id='word_1_626' title='bbox 3258 2255 3577 2309; x_wconf 81' lang='grc' dir='ltr'>ἐναντίωσιν</span> <span class='ocrx_word' id='word_1_627' title='bbox 3612 2257 3773 2310; x_wconf 84' lang='grc' dir='ltr'>ἀντι-</span> 
     </span>
    </p>
   </div>
   <div class='ocr_carea' id='block_1_83' title="bbox 2173 2347 3776 2422">
    <p class='ocr_par' dir='ltr' id='par_1_83' title="bbox 2173 2347 3776 2422">
     <span class='ocr_line' id='line_1_84' title="bbox 2173 2347 3776 2422; baseline 0.001 -20"><span class='ocrx_word' id='word_1_628' title='bbox 2173 2349 2434 2421; x_wconf 83' lang='grc' dir='ltr'>κειμένην</span> <span class='ocrx_word' id='word_1_629' title='bbox 2486 2351 2514 2401; x_wconf 89' lang='grc' dir='ltr'>ὁ</span> <span class='ocrx_word' id='word_1_630' title='bbox 2563 2347 2694 2410; x_wconf 82' lang='grc' dir='ltr'>Θεὸς</span> <span class='ocrx_word' id='word_1_631' title='bbox 2752 2349 3147 2401; x_wconf 75' lang='grc' dir='ltr'>κατεσκεύασε.</span> <span class='ocrx_word' id='word_1_632' title='bbox 3212 2348 3459 2421; x_wconf 84' lang='grc' dir='ltr'>Πλείστῳ</span> <span class='ocrx_word' id='word_1_633' title='bbox 3508 2352 3619 2422; x_wconf 79' lang='grc' dir='ltr'><strong>γὰρ</strong></span> <span class='ocrx_word' id='word_1_634' title='bbox 3689 2351 3776 2421; x_wconf 80' lang='grc' dir='ltr'>τῷ</span> 
     </span>
    </p>
   </div>
   <div class='ocr_carea' id='block_1_84' title="bbox 2175 2438 3776 2511">
    <p class='ocr_par' dir='ltr' id='par_1_84' title="bbox 2175 2438 3776 2511">
     <span class='ocr_line' id='line_1_85' title="bbox 2175 2438 3776 2511; baseline 0.002 -19"><span class='ocrx_word' id='word_1_635' title='bbox 2175 2440 2325 2511; x_wconf 85' lang='grc' dir='ltr'>μέσῳ</span> <span class='ocrx_word' id='word_1_636' title='bbox 2374 2440 2652 2510; x_wconf 79' lang='grc' dir='ltr'>διέστηκεν</span> <span class='ocrx_word' id='word_1_637' title='bbox 2707 2438 2819 2509; x_wconf 79' lang='lat'><strong>(55)</strong></span> <span class='ocrx_word' id='word_1_638' title='bbox 2879 2441 2974 2493; x_wconf 83' lang='grc' dir='ltr'><strong>ἀπ’</strong></span> <span class='ocrx_word' id='word_1_639' title='bbox 3033 2439 3281 2510; x_wconf 78' lang='grc' dir='ltr'><strong>ἀλλήλων</strong></span> <span class='ocrx_word' id='word_1_640' title='bbox 3347 2443 3487 2497; x_wconf 81' lang='grc' dir='ltr'>αὐτὰ</span> <span class='ocrx_word' id='word_1_641' title='bbox 3547 2445 3645 2498; x_wconf 74' lang='grc' dir='ltr'><strong>καὶ</strong></span> <span class='ocrx_word' id='word_1_642' title='bbox 3699 2445 3776 2498; x_wconf 79' lang='grc' dir='ltr'><strong>δι-</strong></span> 
     </span>
    </p>
   </div>
   <div class='ocr_carea' id='block_1_85' title="bbox 2171 2550 2389 2603">
    <p class='ocr_par' dir='ltr' id='par_1_85' title="bbox 2171 2550 2389 2603">
     <span class='ocr_line' id='line_1_86' title="bbox 2171 2550 2389 2603; baseline 0.009 -19"><span class='ocrx_word' id='word_1_643' title='bbox 2171 2550 2389 2603; x_wconf 88' lang='grc' dir='ltr'>ωρισεν.</span> 
     </span>
    </p>
   </div>
   <div class='ocr_carea' id='block_1_86' title="bbox 2245 2710 3773 2781">
    <p class='ocr_par' dir='ltr' id='par_1_86' title="bbox 2245 2710 3773 2781">
     <span class='ocr_line' id='line_1_87' title="bbox 2245 2710 3773 2781; baseline -0.001 -13"><span class='ocrx_word' id='word_1_644' title='bbox 2245 2715 2296 2768; x_wconf 85' lang='grc'>8.</span> <span class='ocrx_word' id='word_1_645' title='bbox 2328 2714 2437 2767; x_wconf 81' lang='grc' dir='ltr'><strong>Καὶ</strong></span> <span class='ocrx_word' id='word_1_646' title='bbox 2462 2712 2760 2767; x_wconf 74' lang='grc' dir='ltr'>ἐκάλεσεν</span> <span class='ocrx_word' id='word_1_647' title='bbox 2789 2715 2821 2767; x_wconf 83' lang='lat' dir='ltr'><strong>d</strong></span> <span class='ocrx_word' id='word_1_648' title='bbox 2850 2713 2992 2777; x_wconf 79' lang='grc' dir='ltr'><strong>Θεὸς</strong></span> <span class='ocrx_word' id='word_1_649' title='bbox 3021 2711 3082 2764; x_wconf 83' lang='grc' dir='ltr'>τὸ</span> <span class='ocrx_word' id='word_1_650' title='bbox 3118 2710 3243 2781; x_wconf 70' lang='grc' dir='ltr'><strong>φῶς</strong></span> <span class='ocrx_word' id='word_1_651' title='bbox 3266 2712 3517 2781; x_wconf 74' lang='grc' dir='ltr'>ἡμέραν,</span> <span class='ocrx_word' id='word_1_652' title='bbox 3544 2714 3644 2766; x_wconf 76' lang='grc' dir='ltr'>καὶ</span> <span class='ocrx_word' id='word_1_653' title='bbox 3703 2715 3773 2767; x_wconf 81' lang='grc' dir='ltr'>τὸ</span> 
     </span>
    </p>
   </div>
   <div class='ocr_carea' id='block_1_87' title="bbox 2176 2803 3775 2877">
    <p class='ocr_par' dir='ltr' id='par_1_87' title="bbox 2176 2803 3775 2877">
     <span class='ocr_line' id='line_1_88' title="bbox 2176 2803 3775 2877; baseline 0.001 -19"><span class='ocrx_word' id='word_1_654' title='bbox 2176 2806 2395 2871; x_wconf 83' lang='grc' dir='ltr'>σκότος</span> <span class='ocrx_word' id='word_1_655' title='bbox 2428 2803 2685 2858; x_wconf 76' lang='grc' dir='ltr'>ἐκάλεσε</span> <span class='ocrx_word' id='word_1_656' title='bbox 2714 2806 2925 2859; x_wconf 80' lang='grc' dir='ltr'>νύκτα.</span> <span class='ocrx_word' id='word_1_657' title='bbox 2976 2804 3089 2856; x_wconf 80' lang='grc' dir='ltr'>Νῦν</span> <span class='ocrx_word' id='word_1_658' title='bbox 3136 2805 3234 2876; x_wconf 80' lang='grc' dir='ltr'><strong>μὲν</strong></span> <span class='ocrx_word' id='word_1_659' title='bbox 3269 2804 3454 2857; x_wconf 84' lang='grc' dir='ltr'>λοιπὸν</span> <span class='ocrx_word' id='word_1_660' title='bbox 3500 2806 3639 2875; x_wconf 81' lang='grc' dir='ltr'><strong>μετὰ</strong></span> <span class='ocrx_word' id='word_1_661' title='bbox 3670 2806 3775 2877; x_wconf 82' lang='grc' dir='ltr'>τὴν</span> 
     </span>
    </p>
   </div>
   <div class='ocr_carea' id='block_1_88' title="bbox 2175 2896 3774 2967">
    <p class='ocr_par' dir='ltr' id='par_1_88' title="bbox 2175 2896 3774 2967">
     <span class='ocr_line' id='line_1_89' title="bbox 2175 2896 3774 2967; baseline 0 -17"><span class='ocrx_word' id='word_1_662' title='bbox 2175 2899 2325 2967; x_wconf 77' lang='grc' dir='ltr'>ἡλίου</span> <span class='ocrx_word' id='word_1_663' title='bbox 2353 2897 2566 2965; x_wconf 84' lang='grc' dir='ltr'>γένεσιν</span> <span class='ocrx_word' id='word_1_664' title='bbox 2597 2896 2777 2967; x_wconf 86' lang='grc' dir='ltr'>ἡμέρα</span> <span class='ocrx_word' id='word_1_665' title='bbox 2806 2897 2951 2948; x_wconf 70' lang='grc' dir='ltr'>ἐστὶν</span> <span class='ocrx_word' id='word_1_666' title='bbox 2984 2899 3013 2949; x_wconf 88' lang='grc' dir='ltr'>ὁ</span> <span class='ocrx_word' id='word_1_667' title='bbox 3047 2896 3150 2949; x_wconf 78' lang='grc' dir='ltr'><strong>ὑπὸ</strong></span> <span class='ocrx_word' id='word_1_668' title='bbox 3173 2896 3324 2965; x_wconf 71' lang='grc' dir='ltr'>ἡλίου</span> <span class='ocrx_word' id='word_1_669' title='bbox 3354 2896 3774 2967; x_wconf 74' lang='grc' dir='ltr'>πεφωτισμένος</span> 
     </span>
    </p>
   </div>
   <div class='ocr_carea' id='block_1_89' title="bbox 2176 2987 3773 3059">
    <p class='ocr_par' dir='ltr' id='par_1_89' title="bbox 2176 2987 3773 3059">
     <span class='ocr_line' id='line_1_90' title="bbox 2176 2987 3773 3059; baseline 0.001 -19"><span class='ocrx_word' id='word_1_670' title='bbox 2176 2991 2303 3057; x_wconf 82' lang='grc' dir='ltr'>ἀὴρ,</span> <span class='ocrx_word' id='word_1_671' title='bbox 2325 2990 2381 3040; x_wconf 79' lang='grc' dir='ltr'><strong>ἐν</strong></span> <span class='ocrx_word' id='word_1_672' title='bbox 2416 2987 2494 3057; x_wconf 80' lang='grc' dir='ltr'>τῷ</span> <span class='ocrx_word' id='word_1_673' title='bbox 2524 2988 2663 3057; x_wconf 79' lang='grc' dir='ltr'>ὑπὲρ</span> <span class='ocrx_word' id='word_1_674' title='bbox 2692 2988 2795 3056; x_wconf 82' lang='grc' dir='ltr'><strong>γῆν</strong></span> <span class='ocrx_word' id='word_1_675' title='bbox 2814 2989 3157 3059; x_wconf 77' lang='grc' dir='ltr'>ἡμισφαιρίῳ</span> <span class='ocrx_word' id='word_1_676' title='bbox 3184 2988 3515 3059; x_wconf 80' lang='grc' dir='ltr'>λάμποντος,</span> <span class='ocrx_word' id='word_1_677' title='bbox 3542 2991 3637 3041; x_wconf 76' lang='grc' dir='ltr'><strong>καὶ</strong></span> <span class='ocrx_word' id='word_1_678' title='bbox 3672 2991 3773 3055; x_wconf 66' lang='grc' dir='ltr'><strong>νζρξ</strong></span> 
     </span>
    </p>
   </div>
   <div class='ocr_carea' id='block_1_90' title="bbox 2178 3078 3772 3151">
    <p class='ocr_par' dir='ltr' id='par_1_90' title="bbox 2178 3078 3772 3151">
     <span class='ocr_line' id='line_1_91' title="bbox 2178 3078 3772 3151; baseline 0.001 -19"><span class='ocrx_word' id='word_1_679' title='bbox 2178 3080 2419 3149; x_wconf 82' lang='grc' dir='ltr'>σκίασμα</span> <span class='ocrx_word' id='word_1_680' title='bbox 2452 3078 2579 3147; x_wconf 84' lang='grc' dir='ltr'>γῆς,</span> <span class='ocrx_word' id='word_1_681' title='bbox 2612 3078 3098 3149; x_wconf 78' lang='grc' dir='ltr'>ἀποκρυπτομένου</span> <span class='ocrx_word' id='word_1_682' title='bbox 3128 3081 3301 3151; x_wconf 86' lang='grc' dir='ltr'>ἡλίου,</span> <span class='ocrx_word' id='word_1_683' title='bbox 3324 3082 3609 3150; x_wconf 79' lang='grc' dir='ltr'>γινόμενον</span> <span class='ocrx_word' id='word_1_684' title='bbox 3631 3080 3772 3150; x_wconf 79' lang='lat'><strong>(56).</strong></span> 
     </span>
    </p>
   </div>
   <div class='ocr_carea' id='block_1_91' title="bbox 2177 3168 3774 3242">
    <p class='ocr_par' dir='ltr' id='par_1_91' title="bbox 2177 3168 3774 3242">
     <span class='ocr_line' id='line_1_92' title="bbox 2177 3168 3774 3242; baseline 0.001 -19"><span class='ocrx_word' id='word_1_685' title='bbox 2177 3171 2309 3223; x_wconf 83' lang='grc' dir='ltr'>Τότε</span> <span class='ocrx_word' id='word_1_686' title='bbox 2341 3170 2397 3222; x_wconf 76' lang='grc' dir='ltr'><strong>δὲ</strong></span> <span class='ocrx_word' id='word_1_687' title='bbox 2426 3170 2485 3222; x_wconf 81' lang='grc' dir='ltr'><strong>οὐ</strong></span> <span class='ocrx_word' id='word_1_688' title='bbox 2534 3168 2675 3221; x_wconf 77' lang='grc' dir='ltr'>κατὰ</span> <span class='ocrx_word' id='word_1_689' title='bbox 2705 3170 2919 3239; x_wconf 81' lang='grc' dir='ltr'>κίνησιν</span> <span class='ocrx_word' id='word_1_690' title='bbox 2955 3171 3215 3242; x_wconf 79' lang='grc' dir='ltr'>ἡλιακὴν,</span> <span class='ocrx_word' id='word_1_691' title='bbox 3252 3171 3370 3223; x_wconf 86' lang='grc' dir='ltr'><strong>ἀλλ’</strong></span> <span class='ocrx_word' id='word_1_692' title='bbox 3402 3170 3774 3241; x_wconf 78' lang='grc' dir='ltr'>ἀναχεομένου</span> 
     </span>
    </p>
   </div>
   <div class='ocr_carea' id='block_1_92' title="bbox 2180 3261 3773 3334">
    <p class='ocr_par' dir='ltr' id='par_1_92' title="bbox 2180 3261 3773 3334">
     <span class='ocr_line' id='line_1_93' title="bbox 2180 3261 3773 3334; baseline 0 -18"><span class='ocrx_word' id='word_1_693' title='bbox 2180 3263 2271 3317; x_wconf 87' lang='grc' dir='ltr'><strong>τοῦ</strong></span> <span class='ocrx_word' id='word_1_694' title='bbox 2300 3262 2642 3334; x_wconf 80' lang='grc' dir='ltr'>πρωτογόνου</span> <span class='ocrx_word' id='word_1_695' title='bbox 2676 3261 2853 3331; x_wconf 82' lang='grc' dir='ltr'>φωτὸς</span> <span class='ocrx_word' id='word_1_696' title='bbox 2882 3263 3113 3315; x_wconf 75' lang='grc' dir='ltr'>ἐκείνου.</span> <span class='ocrx_word' id='word_1_697' title='bbox 3147 3262 3240 3315; x_wconf 70' lang='grc' dir='ltr'><strong>καὶ</strong></span> <span class='ocrx_word' id='word_1_698' title='bbox 3280 3261 3446 3314; x_wconf 80' lang='grc' dir='ltr'>πάλιν</span> <span class='ocrx_word' id='word_1_699' title='bbox 3479 3262 3773 3317; x_wconf 74' lang='grc' dir='ltr'>συστελλο-</span> 
     </span>
    </p>
   </div>
   <div class='ocr_carea' id='block_1_93' title="bbox 2185 3354 3776 3431">
    <p class='ocr_par' dir='ltr' id='par_1_93' title="bbox 2185 3354 3776 3431">
     <span class='ocr_line' id='line_1_94' title="bbox 2185 3354 3776 3431; baseline 0.001 -22"><span class='ocrx_word' id='word_1_700' title='bbox 2185 3358 2345 3427; x_wconf 85' lang='grc' dir='ltr'>μένου</span> <span class='ocrx_word' id='word_1_701' title='bbox 2372 3356 2515 3409; x_wconf 79' lang='grc' dir='ltr'>κατὰ</span> <span class='ocrx_word' id='word_1_702' title='bbox 2542 3356 2601 3409; x_wconf 84' lang='grc' dir='ltr'><strong>τὸ</strong></span> <span class='ocrx_word' id='word_1_703' title='bbox 2623 3356 2835 3428; x_wconf 81' lang='grc' dir='ltr'>ὁρισθὲν</span> <span class='ocrx_word' id='word_1_704' title='bbox 2870 3357 2979 3425; x_wconf 72' lang='lat'><strong>(.57)</strong></span> <span class='ocrx_word' id='word_1_705' title='bbox 3009 3356 3205 3426; x_wconf 82' lang='grc' dir='ltr'>μέτρον</span> <span class='ocrx_word' id='word_1_706' title='bbox 3231 3354 3381 3427; x_wconf 82' lang='grc' dir='ltr'>παρὰ</span> <span class='ocrx_word' id='word_1_707' title='bbox 3408 3356 3566 3418; x_wconf 76' lang='grc' dir='ltr'>θεοῦ,</span> <span class='ocrx_word' id='word_1_708' title='bbox 3586 3358 3776 3431; x_wconf 80' lang='grc' dir='ltr'>ἡμέρα</span> 
     </span>
    </p>
   </div>
   <div class='ocr_carea' id='block_1_94' title="bbox 2182 3446 3773 3517">
    <p class='ocr_par' dir='ltr' id='par_1_94' title="bbox 2182 3446 3773 3517">
     <span class='ocr_line' id='line_1_95' title="bbox 2182 3446 3773 3517; baseline 0.002 -17"><span class='ocrx_word' id='word_1_709' title='bbox 2182 3449 2418 3517; x_wconf 79' lang='grc' dir='ltr'>ἐγένετο,</span> <span class='ocrx_word' id='word_1_710' title='bbox 2448 3449 2540 3501; x_wconf 71' lang='grc' dir='ltr'><strong>καὶ</strong></span> <span class='ocrx_word' id='word_1_711' title='bbox 2564 3448 2659 3512; x_wconf 72' lang='grc' dir='ltr'><strong>νὺξ</strong></span> <span class='ocrx_word' id='word_1_712' title='bbox 2682 3446 2960 3515; x_wconf 72' lang='grc' dir='ltr'>ἀντεπῄει.</span> <span class='ocrx_word' id='word_1_713' title='bbox 2994 3447 3104 3500; x_wconf 81' lang='grc' dir='ltr'><strong>Καὶ</strong></span> <span class='ocrx_word' id='word_1_714' title='bbox 3133 3447 3372 3517; x_wconf 82' lang='grc' dir='ltr'>ἐγένετο</span> <span class='ocrx_word' id='word_1_715' title='bbox 3402 3449 3654 3517; x_wconf 76' lang='grc' dir='ltr'>ἑσπέρα,</span> <span class='ocrx_word' id='word_1_716' title='bbox 3672 3451 3773 3505; x_wconf 74' lang='grc' dir='ltr'>καὶ</span> 
     </span>
    </p>
   </div>
   <div class='ocr_carea' id='block_1_95' title="bbox 2156 3536 3777 3612">
    <p class='ocr_par' dir='ltr' id='par_1_95' title="bbox 2156 3536 3777 3612">
     <span class='ocr_line' id='line_1_96' title="bbox 2156 3536 3777 3612; baseline 0.001 -20"><span class='ocrx_word' id='word_1_717' title='bbox 2156 3540 2415 3609; x_wconf 66' lang='grc' dir='ltr'>σὲγένετο</span> <span class='ocrx_word' id='word_1_718' title='bbox 2445 3540 2609 3608; x_wconf 71' lang='grc' dir='ltr'>πρωὶ,</span> <span class='ocrx_word' id='word_1_719' title='bbox 2675 3536 2865 3606; x_wconf 68' lang='grc' dir='ltr'>ἡμέρα</span> <span class='ocrx_word' id='word_1_720' title='bbox 2912 3539 3040 3608; x_wconf 77' lang='grc' dir='ltr'>μία.</span> <span class='ocrx_word' id='word_1_721' title='bbox 3083 3539 3323 3612; x_wconf 87' lang='grc' dir='ltr'>Ἐσπέρα</span> <span class='ocrx_word' id='word_1_722' title='bbox 3375 3542 3473 3612; x_wconf 74' lang='grc' dir='ltr'><strong>μὲν</strong></span> <span class='ocrx_word' id='word_1_723' title='bbox 3515 3538 3610 3595; x_wconf 70' lang='grc' dir='ltr'><strong>οὖν</strong></span> <span class='ocrx_word' id='word_1_724' title='bbox 3654 3545 3777 3595; x_wconf 69' lang='grc' dir='ltr'>ἐστι</span> 
     </span>
    </p>
   </div>
   <div class='ocr_carea' id='block_1_96' title="bbox 2183 3630 3776 3704">
    <p class='ocr_par' dir='ltr' id='par_1_96' title="bbox 2183 3630 3776 3704">
     <span class='ocr_line' id='line_1_97' title="bbox 2183 3630 3776 3704; baseline -0.001 -19"><span class='ocrx_word' id='word_1_725' title='bbox 2183 3634 2361 3695; x_wconf 74' lang='grc' dir='ltr'>κοινὸς</span> <span class='ocrx_word' id='word_1_726' title='bbox 2393 3634 2515 3704; x_wconf 80' lang='grc' dir='ltr'>ὄρος</span> <span class='ocrx_word' id='word_1_727' title='bbox 2542 3630 2755 3702; x_wconf 82' lang='grc' dir='ltr'>ἡμέρας</span> <span class='ocrx_word' id='word_1_728' title='bbox 2780 3631 2875 3683; x_wconf 75' lang='grc' dir='ltr'><strong>καὶ</strong></span> <span class='ocrx_word' id='word_1_729' title='bbox 2905 3632 3119 3695; x_wconf 75' lang='grc' dir='ltr'>νυκτόςο</span> <span class='ocrx_word' id='word_1_730' title='bbox 3156 3634 3248 3687; x_wconf 71' lang='grc' dir='ltr'>καὶ</span> <span class='ocrx_word' id='word_1_731' title='bbox 3281 3633 3462 3704; x_wconf 77' lang='grc' dir='ltr'>πρωία</span> <span class='ocrx_word' id='word_1_732' title='bbox 3496 3634 3702 3702; x_wconf 75' lang='grc' dir='ltr'>ὁμοίως</span> <span class='ocrx_word' id='word_1_733' title='bbox 3741 3635 3776 3701; x_wconf 76' lang='grc' dir='ltr'>ἡ</span> 
     </span>
    </p>
   </div>
   <div class='ocr_carea' id='block_1_97' title="bbox 2184 3723 3779 3794">
    <p class='ocr_par' dir='ltr' id='par_1_97' title="bbox 2184 3723 3779 3794">
     <span class='ocr_line' id='line_1_98' title="bbox 2184 3723 3779 3794; baseline 0 -19"><span class='ocrx_word' id='word_1_734' title='bbox 2184 3725 2419 3790; x_wconf 83' lang='grc' dir='ltr'>γειτονία</span> <span class='ocrx_word' id='word_1_735' title='bbox 2446 3724 2637 3786; x_wconf 77' lang='grc' dir='ltr'>νυκτὸς</span> <span class='ocrx_word' id='word_1_736' title='bbox 2663 3723 2800 3793; x_wconf 59' lang='grc' dir='ltr'>πρὸς</span> <span class='ocrx_word' id='word_1_737' title='bbox 2826 3724 3061 3794; x_wconf 79' lang='grc' dir='ltr'>ἡμέραν.</span> <span class='ocrx_word' id='word_1_738' title='bbox 3082 3726 3195 3776; x_wconf 84' lang='grc' dir='ltr'>’Ἰνα</span> <span class='ocrx_word' id='word_1_739' title='bbox 3210 3724 3387 3777; x_wconf 82' lang='grc' dir='ltr'>τοίνυν</span> <span class='ocrx_word' id='word_1_740' title='bbox 3414 3724 3481 3776; x_wconf 74' lang='grc' dir='ltr'>τὰ</span> <span class='ocrx_word' id='word_1_741' title='bbox 3507 3723 3779 3794; x_wconf 75' lang='grc' dir='ltr'>πρεσϐεῖα</span> 
     </span>
    </p>
   </div>
   <div class='ocr_carea' id='block_1_98' title="bbox 2185 3809 3780 3887">
    <p class='ocr_par' dir='ltr' id='par_1_98' title="bbox 2185 3809 3780 3887">
     <span class='ocr_line' id='line_1_99' title="bbox 2185 3809 3780 3887; baseline -0.001 -20"><span class='ocrx_word' id='word_1_742' title='bbox 2185 3815 2282 3884; x_wconf 79' lang='grc' dir='ltr'><strong>τῆς</strong></span> <span class='ocrx_word' id='word_1_743' title='bbox 2319 3816 2583 3882; x_wconf 77' lang='grc' dir='ltr'>γενέσεως</span> <span class='ocrx_word' id='word_1_744' title='bbox 2633 3814 2817 3885; x_wconf 81' lang='grc' dir='ltr'>ἁποδῴ</span> <span class='ocrx_word' id='word_1_745' title='bbox 2865 3817 2930 3884; x_wconf 84' lang='grc' dir='ltr'>τῇ</span> <span class='ocrx_word' id='word_1_746' title='bbox 2972 3816 3189 3887; x_wconf 67' lang='grc' dir='ltr'>ἡμέρᾳ,</span> <span class='ocrx_word' id='word_1_747' title='bbox 3239 3815 3503 3886; x_wconf 78' lang='grc' dir='ltr'>πρότερον</span> <span class='ocrx_word' id='word_1_748' title='bbox 3543 3809 3667 3867; x_wconf 81' lang='grc' dir='ltr'>εἷπε</span> <span class='ocrx_word' id='word_1_749' title='bbox 3716 3814 3780 3867; x_wconf 65' lang='grc' dir='ltr'><strong>τὸ</strong></span> 
     </span>
    </p>
   </div>
   <div class='ocr_carea' id='block_1_99' title="bbox 2186 3901 3780 3978">
    <p class='ocr_par' dir='ltr' id='par_1_99' title="bbox 2186 3901 3780 3978">
     <span class='ocr_line' id='line_1_100' title="bbox 2186 3901 3780 3978; baseline 0.001 -19"><span class='ocrx_word' id='word_1_750' title='bbox 2186 3906 2359 3978; x_wconf 81' lang='grc' dir='ltr'>πέρας</span> <span class='ocrx_word' id='word_1_751' title='bbox 2391 3907 2489 3977; x_wconf 72' lang='grc' dir='ltr'><strong>τῆς</strong></span> <span class='ocrx_word' id='word_1_752' title='bbox 2520 3906 2753 3978; x_wconf 77' lang='grc' dir='ltr'>ἡμέρας,</span> <span class='ocrx_word' id='word_1_753' title='bbox 2792 3901 2909 3962; x_wconf 71' lang='grc' dir='ltr'>εἶτα</span> <span class='ocrx_word' id='word_1_754' title='bbox 2953 3907 3015 3958; x_wconf 82' lang='grc' dir='ltr'>τὸ</span> <span class='ocrx_word' id='word_1_755' title='bbox 3046 3906 3149 3975; x_wconf 79' lang='grc' dir='ltr'><strong>τῆς</strong></span> <span class='ocrx_word' id='word_1_756' title='bbox 3200 3906 3415 3971; x_wconf 78' lang='grc' dir='ltr'>νυκτὸς,</span> <span class='ocrx_word' id='word_1_757' title='bbox 3462 3908 3539 3972; x_wconf 86' lang='grc' dir='ltr'><strong>ὡς</strong></span> <span class='ocrx_word' id='word_1_758' title='bbox 3573 3909 3780 3976; x_wconf 73' lang='grc' dir='ltr'>ἐφεπο-</span> 
     </span>
    </p>
   </div>
   <div class='ocr_carea' id='block_1_100' title="bbox 2195 3998 3778 4073">
    <p class='ocr_par' dir='ltr' id='par_1_100' title="bbox 2195 3998 3778 4073">
     <span class='ocr_line' id='line_1_101' title="bbox 2195 3998 3778 4073; baseline 0.003 -22"><span class='ocrx_word' id='word_1_759' title='bbox 2195 3998 2359 4071; x_wconf 82' lang='grc' dir='ltr'>μένης</span> <span class='ocrx_word' id='word_1_760' title='bbox 2392 4000 2489 4069; x_wconf 78' lang='grc' dir='ltr'><strong>τῆς</strong></span> <span class='ocrx_word' id='word_1_761' title='bbox 2526 4006 2717 4063; x_wconf 86' lang='grc' dir='ltr'>νυκτὸς</span> <span class='ocrx_word' id='word_1_762' title='bbox 2748 4004 2813 4070; x_wconf 78' lang='grc' dir='ltr'>τῇ</span> <span class='ocrx_word' id='word_1_763' title='bbox 2844 3999 3048 4071; x_wconf 67' lang='grc' dir='ltr'>ἡμέρᾳ.</span> <span class='ocrx_word' id='word_1_764' title='bbox 3094 4000 3158 4053; x_wconf 83' lang='grc' dir='ltr'><strong>Ἠ</strong></span> <span class='ocrx_word' id='word_1_765' title='bbox 3200 4000 3309 4073; x_wconf 84' lang='grc' dir='ltr'>γὰρ</span> <span class='ocrx_word' id='word_1_766' title='bbox 3343 4001 3450 4073; x_wconf 81' lang='grc' dir='ltr'><strong>πρὸ</strong></span> <span class='ocrx_word' id='word_1_767' title='bbox 3482 4002 3585 4071; x_wconf 80' lang='grc' dir='ltr'><strong>τῆς</strong></span> <span class='ocrx_word' id='word_1_768' title='bbox 3618 4002 3778 4070; x_wconf 82' lang='grc' dir='ltr'>γενέ-</span> 
     </span>
    </p>
   </div>
   <div class='ocr_carea' id='block_1_101' title="bbox 2194 4091 3783 4166">
    <p class='ocr_par' dir='ltr' id='par_1_101' title="bbox 2194 4091 3783 4166">
     <span class='ocr_line' id='line_1_102' title="bbox 2194 4091 3783 4166; baseline 0.002 -21"><span class='ocrx_word' id='word_1_769' title='bbox 2194 4109 2330 4155; x_wconf 82' lang='grc' dir='ltr'>σεως</span> <span class='ocrx_word' id='word_1_770' title='bbox 2366 4091 2457 4144; x_wconf 87' lang='grc' dir='ltr'><strong>τοῦ</strong></span> <span class='ocrx_word' id='word_1_771' title='bbox 2511 4093 2687 4161; x_wconf 74' lang='grc' dir='ltr'>φωτὸς</span> <span class='ocrx_word' id='word_1_772' title='bbox 2720 4094 2775 4144; x_wconf 81' lang='grc' dir='ltr'><strong>ὲν</strong></span> <span class='ocrx_word' id='word_1_773' title='bbox 2820 4092 2899 4163; x_wconf 83' lang='grc' dir='ltr'>τῷ</span> <span class='ocrx_word' id='word_1_774' title='bbox 2926 4092 3115 4164; x_wconf 82' lang='grc' dir='ltr'>κόσμῳ</span> <span class='ocrx_word' id='word_1_775' title='bbox 3144 4094 3480 4159; x_wconf 84' lang='grc' dir='ltr'>κατάστασις</span> <span class='ocrx_word' id='word_1_776' title='bbox 3523 4096 3647 4166; x_wconf 77' lang='grc' dir='ltr'>οὐχὶ</span> <span class='ocrx_word' id='word_1_777' title='bbox 3680 4095 3783 4159; x_wconf 73' lang='grc' dir='ltr'>νὺξ</span> 
     </span>
    </p>
   </div>
   <div class='ocr_carea' id='block_1_102' title="bbox 2190 4182 3779 4261">
    <p class='ocr_par' dir='ltr' id='par_1_102' title="bbox 2190 4182 3779 4261">
     <span class='ocr_line' id='line_1_103' title="bbox 2190 4182 3779 4261; baseline 0.002 -24"><span class='ocrx_word' id='word_1_778' title='bbox 2190 4182 2277 4255; x_wconf 78' lang='grc' dir='ltr'>ἦν,</span> <span class='ocrx_word' id='word_1_779' title='bbox 2310 4184 2443 4238; x_wconf 72' lang='grc' dir='ltr'>ἀλλᾶ</span> <span class='ocrx_word' id='word_1_780' title='bbox 2481 4186 2689 4249; x_wconf 78' lang='grc' dir='ltr'>σκότος·</span> <span class='ocrx_word' id='word_1_781' title='bbox 2741 4184 2800 4237; x_wconf 80' lang='grc' dir='ltr'><strong>τὸ</strong></span> <span class='ocrx_word' id='word_1_782' title='bbox 2837 4187 3019 4256; x_wconf 86' lang='grc' dir='ltr'>μέντοι</span> <span class='ocrx_word' id='word_1_783' title='bbox 3060 4187 3463 4241; x_wconf 76' lang='grc' dir='ltr'>ἀντιδιασταλῖεν</span> <span class='ocrx_word' id='word_1_784' title='bbox 3498 4190 3637 4261; x_wconf 71' lang='grc' dir='ltr'>πρὸς</span> <span class='ocrx_word' id='word_1_785' title='bbox 3680 4190 3779 4260; x_wconf 78' lang='grc' dir='ltr'>τὴν</span> 
     </span>
    </p>
   </div>
   <div class='ocr_carea' id='block_1_103' title="bbox 2191 4277 3782 4351">
    <p class='ocr_par' dir='ltr' id='par_1_103' title="bbox 2191 4277 3782 4351">
     <span class='ocr_line' id='line_1_104' title="bbox 2191 4277 3782 4351; baseline 0.003 -22"><span class='ocrx_word' id='word_1_786' title='bbox 2191 4278 2426 4346; x_wconf 74' lang='grc' dir='ltr'>ἡμέραν,</span> <span class='ocrx_word' id='word_1_787' title='bbox 2458 4278 2615 4328; x_wconf 87' lang='grc' dir='ltr'>τοῦτο</span> <span class='ocrx_word' id='word_1_788' title='bbox 2644 4277 2737 4342; x_wconf 77' lang='grc' dir='ltr'><strong>νὺξ</strong></span> <span class='ocrx_word' id='word_1_789' title='bbox 2760 4277 3075 4347; x_wconf 83' lang='grc' dir='ltr'>ὠνομάσθη·</span> <span class='ocrx_word' id='word_1_790' title='bbox 3100 4280 3237 4349; x_wconf 79' lang='grc' dir='ltr'>ὅπερ</span> <span class='ocrx_word' id='word_1_791' title='bbox 3254 4281 3525 4351; x_wconf 83' lang='grc' dir='ltr'>νεωτέρας</span> <span class='ocrx_word' id='word_1_792' title='bbox 3556 4282 3652 4333; x_wconf 72' lang='grc' dir='ltr'><strong>καὶ</strong></span> <span class='ocrx_word' id='word_1_793' title='bbox 3678 4285 3782 4351; x_wconf 73' lang='grc' dir='ltr'><strong>τῆς</strong></span> 
     </span>
    </p>
   </div>
   <div class='ocr_carea' id='block_1_104' title="bbox 2191 4361 3780 4436">
    <p class='ocr_par' dir='ltr' id='par_1_104' title="bbox 2191 4361 3780 4436">
     <span class='ocr_line' id='line_1_105' title="bbox 2191 4361 3780 4436; baseline 0.006 -24"><span class='ocrx_word' id='word_1_794' title='bbox 2191 4362 2561 4431; x_wconf 81' lang='grc' dir='ltr'>προσηγορίας</span> <span class='ocrx_word' id='word_1_795' title='bbox 2594 4361 2729 4431; x_wconf 87' lang='grc' dir='ltr'>μετὰ</span> <span class='ocrx_word' id='word_1_796' title='bbox 2760 4362 2857 4432; x_wconf 81' lang='grc' dir='ltr'><strong>τὴν</strong></span> <span class='ocrx_word' id='word_1_797' title='bbox 2886 4366 3096 4434; x_wconf 79' lang='grc' dir='ltr'>ἡμέραν</span> <span class='ocrx_word' id='word_1_798' title='bbox 3143 4366 3461 4436; x_wconf 78' lang='grc' dir='ltr'>τετύχηκεν.</span> <span class='ocrx_word' id='word_1_799' title='bbox 3506 4368 3780 4436; x_wconf 76' lang='grc' dir='ltr'>Ἐγένετο</span> 
     </span>
    </p>
   </div>
   <div class='ocr_carea' id='block_1_105' title="bbox 2190 4448 3775 4531">
    <p class='ocr_par' dir='ltr' id='par_1_105' title="bbox 2190 4448 3775 4531">
     <span class='ocr_line' id='line_1_106' title="bbox 2190 4448 3775 4531; baseline 0.007 -27"><span class='ocrx_word' id='word_1_800' title='bbox 2190 4448 2303 4506; x_wconf 77' lang='grc' dir='ltr'>οὖν</span> <span class='ocrx_word' id='word_1_801' title='bbox 2328 4452 2571 4521; x_wconf 71' lang='grc' dir='ltr'>ἑσπέρα,</span> <span class='ocrx_word' id='word_1_802' title='bbox 2605 4454 2699 4507; x_wconf 74' lang='grc' dir='ltr'>καὶ</span> <span class='ocrx_word' id='word_1_803' title='bbox 2724 4454 2959 4523; x_wconf 79' lang='grc' dir='ltr'>ἐγένετο</span> <span class='ocrx_word' id='word_1_804' title='bbox 2976 4458 3143 4523; x_wconf 79' lang='grc' dir='ltr'>πρωί.</span> <span class='ocrx_word' id='word_1_805' title='bbox 3164 4459 3235 4510; x_wconf 85' lang='grc' dir='ltr'><strong>Τὸ</strong></span> <span class='ocrx_word' id='word_1_806' title='bbox 3253 4459 3643 4529; x_wconf 76' lang='grc' dir='ltr'>ἡμερονύκτιον</span> <span class='ocrx_word' id='word_1_807' title='bbox 3663 4460 3775 4531; x_wconf 78' lang='grc'><strong>(58)</strong></span> 
     </span>
    </p>
   </div>
   <div class='ocr_carea' id='block_1_106' title="bbox 2265 4860 3779 4938">
    <p class='ocr_par' dir='ltr' id='par_1_106' title="bbox 2265 4860 3779 4938">
     <span class='ocr_line' id='line_1_107' title="bbox 2265 4860 3779 4938; baseline 0.007 -25"><span class='ocrx_word' id='word_1_808' title='bbox 2265 4861 2537 4938; x_wconf 48' lang='grc' dir='ltr'><strong>(ὅδλῌῳε</strong></span> <span class='ocrx_word' id='word_1_809' title='bbox 2572 4866 2755 4938; x_wconf 79' lang='lat' dir='ltr'><strong>verba,</strong></span> <span class='ocrx_word' id='word_1_810' title='bbox 2792 4862 3026 4938; x_wconf 67' lang='grc' dir='ltr'>πλείστῳ</span> <span class='ocrx_word' id='word_1_811' title='bbox 3060 4860 3165 4933; x_wconf 77' lang='grc' dir='ltr'>γὰρ</span> <span class='ocrx_word' id='word_1_812' title='bbox 3194 4862 3271 4938; x_wconf 81' lang='grc' dir='ltr'><strong>τῷ</strong></span> <span class='ocrx_word' id='word_1_813' title='bbox 3314 4865 3461 4938; x_wconf 82' lang='grc' dir='ltr'>μέσῳ</span> <span class='ocrx_word' id='word_1_814' title='bbox 3492 4864 3779 4938; x_wconf 75' lang='grc' dir='ltr'>διέστηκεν</span> 
     </span>
    </p>
   </div>
   <div class='ocr_carea' id='block_1_107' title="bbox 2203 4932 3773 5005">
    <p class='ocr_par' dir='ltr' id='par_1_107' title="bbox 2203 4932 3773 5005">
     <span class='ocr_line' id='line_1_108' title="bbox 2203 4932 3773 5005; baseline 0.002 -19"><span class='ocrx_word' id='word_1_815' title='bbox 2203 4935 2294 4986; x_wconf 81' lang='grc' dir='ltr'><strong>ἀπ’</strong></span> <span class='ocrx_word' id='word_1_816' title='bbox 2322 4933 2565 5003; x_wconf 80' lang='grc' dir='ltr'><strong>ἀλλήλων</strong></span> <span class='ocrx_word' id='word_1_817' title='bbox 2595 4935 2735 4988; x_wconf 79' lang='grc' dir='ltr'>αὐτὰ</span> <span class='ocrx_word' id='word_1_818' title='bbox 2762 4935 2855 4986; x_wconf 71' lang='grc' dir='ltr'><strong>καὶ</strong></span> <span class='ocrx_word' id='word_1_819' title='bbox 2885 4932 3155 5005; x_wconf 83' lang='grc' dir='ltr'>διώρισεν,</span> <span class='ocrx_word' id='word_1_820' title='bbox 3186 4932 3375 5005; x_wconf 83' lang='lat' dir='ltr'><strong>desunt</strong></span> <span class='ocrx_word' id='word_1_821' title='bbox 3404 4932 3455 4987; x_wconf 89' lang='lat' dir='ltr'><strong>iu</strong></span> <span class='ocrx_word' id='word_1_822' title='bbox 3476 4932 3773 4999; x_wconf 42' lang='lat' dir='ltr'><strong>editisfsed</strong></span> 
     </span>
    </p>
   </div>
   <div class='ocr_carea' id='block_1_108' title="bbox 2202 5004 3778 5073">
    <p class='ocr_par' dir='ltr' id='par_1_108' title="bbox 2202 5004 3778 5073">
     <span class='ocr_line' id='line_1_109' title="bbox 2202 5004 3778 5073; baseline 0.003 -17"><span class='ocrx_word' id='word_1_823' title='bbox 2202 5005 2451 5073; x_wconf 79' lang='lat' dir='ltr'><strong>leguntur</strong></span> <span class='ocrx_word' id='word_1_824' title='bbox 2488 5005 2539 5055; x_wconf 90' lang='lat' dir='ltr'><strong>in</strong></span> <span class='ocrx_word' id='word_1_825' title='bbox 2576 5007 2827 5058; x_wconf 87' lang='lat' dir='ltr'><strong>omnibus</strong></span> <span class='ocrx_word' id='word_1_826' title='bbox 2876 5004 3071 5057; x_wconf 88' lang='lat' dir='ltr'><strong>nostris</strong></span> <span class='ocrx_word' id='word_1_827' title='bbox 3116 5018 3245 5057; x_wconf 88' lang='lat' dir='ltr'><strong>mss.</strong></span> <span class='ocrx_word' id='word_1_828' title='bbox 3286 5004 3554 5059; x_wconf 67' lang='lat' dir='ltr'><strong>Praeterea</strong></span> <span class='ocrx_word' id='word_1_829' title='bbox 3591 5012 3778 5063; x_wconf 81' lang='lat' dir='ltr'><strong>eadem</strong></span> 
     </span>
    </p>
   </div>
   <div class='ocr_carea' id='block_1_109' title="bbox 2200 5072 2724 5127">
    <p class='ocr_par' dir='ltr' id='par_1_109' title="bbox 2200 5072 2724 5127">
     <span class='ocr_line' id='line_1_110' title="bbox 2200 5072 2724 5127; baseline 0 0"><span class='ocrx_word' id='word_1_830' title='bbox 2200 5072 2358 5127; x_wconf 70' lang='lat' dir='ltr'><strong>Vertit</strong></span> <span class='ocrx_word' id='word_1_831' title='bbox 2398 5072 2724 5127; x_wconf 60' lang='lat' dir='ltr'><strong>Eustathius.</strong></span> 
     </span>
    </p>
   </div>
   <div class='ocr_carea' id='block_1_110' title="bbox 2274 5142 3779 5217">
    <p class='ocr_par' dir='ltr' id='par_1_110' title="bbox 2274 5142 3779 5217">
     <span class='ocr_line' id='line_1_111' title="bbox 2274 5142 3779 5217; baseline 0.003 -22"><span class='ocrx_word' id='word_1_832' title='bbox 2274 5142 2384 5209; x_wconf 76' lang='lat'><strong>(56)</strong></span> <span class='ocrx_word' id='word_1_833' title='bbox 2422 5144 2554 5217; x_wconf 59' lang='lat' dir='ltr'><strong>lieg.</strong></span> <span class='ocrx_word' id='word_1_834' title='bbox 2605 5158 2788 5217; x_wconf 72' lang='lat' dir='ltr'><strong>sextus</strong></span> <span class='ocrx_word' id='word_1_835' title='bbox 2832 5143 2931 5207; x_wconf 80' lang='grc' dir='ltr'><strong>νὺξ</strong></span> <span class='ocrx_word' id='word_1_836' title='bbox 2978 5143 3335 5214; x_wconf 78' lang='grc' dir='ltr'>ἀποσκίασμα</span> <span class='ocrx_word' id='word_1_837' title='bbox 3369 5146 3471 5216; x_wconf 82' lang='grc' dir='ltr'><strong>γῆς</strong></span> <span class='ocrx_word' id='word_1_838' title='bbox 3496 5146 3601 5197; x_wconf 75' lang='grc' dir='ltr'>ὑπὸ</span> <span class='ocrx_word' id='word_1_839' title='bbox 3627 5147 3779 5217; x_wconf 73' lang='grc' dir='ltr'>ἡλίου</span> 
     </span>
    </p>
   </div>
   <div class='ocr_carea' id='block_1_111' title="bbox 2201 5214 2907 5285">
    <p class='ocr_par' dir='ltr' id='par_1_111' title="bbox 2201 5214 2907 5285">
     <span class='ocr_line' id='line_1_112' title="bbox 2201 5214 2907 5285; baseline 0.001 -21"><span class='ocrx_word' id='word_1_840' title='bbox 2201 5214 2577 5285; x_wconf 77' lang='grc' dir='ltr'>κρυπτομένου</span> <span class='ocrx_word' id='word_1_841' title='bbox 2608 5216 2907 5285; x_wconf 77' lang='grc' dir='ltr'>γινόμενον.</span> 
     </span>
    </p>
   </div>
   <div class='ocr_carea' id='block_1_112' title="bbox 2272 5232 3774 5354">
    <p class='ocr_par' dir='ltr' id='par_1_112' title="bbox 2272 5232 3774 5354">
     <span class='ocr_line' id='line_1_113' title="bbox 2274 5232 2907 5335; baseline 0 -70"><span class='ocrx_word' id='word_1_842' title='bbox 2274 5232 2577 5335; x_wconf 65' lang='grc' dir='ltr'>υπτοριενου</span> <span class='ocrx_word' id='word_1_843' title='bbox 2608 5232 2907 5285; x_wconf 85' lang='grc' dir='ltr'>γινομενον.</span> 
     </span>
     <span class='ocr_line' id='line_1_114' title="bbox 2272 5283 3774 5354; baseline 0.004 -21"><span class='ocrx_word' id='word_1_844' title='bbox 2272 5284 2383 5353; x_wconf 70' lang='grc' dir='ltr'><strong>(ΞΠ)</strong></span> <span class='ocrx_word' id='word_1_845' title='bbox 2433 5286 2542 5352; x_wconf 69' lang='lat' dir='ltr'><strong>leg.</strong></span> <span class='ocrx_word' id='word_1_846' title='bbox 2575 5296 2758 5338; x_wconf 80' lang='lat' dir='ltr'><strong>sextus</strong></span> <span class='ocrx_word' id='word_1_847' title='bbox 2784 5285 2845 5336; x_wconf 78' lang='grc' dir='ltr'>τὸ</span> <span class='ocrx_word' id='word_1_848' title='bbox 2878 5283 3202 5354; x_wconf 83' lang='grc' dir='ltr'>ὡρισμένον.</span> <span class='ocrx_word' id='word_1_849' title='bbox 3236 5283 3427 5337; x_wconf 85' lang='lat' dir='ltr'><strong>Statim</strong></span> <span class='ocrx_word' id='word_1_850' title='bbox 3454 5284 3589 5353; x_wconf 81' lang='lat' dir='ltr'><strong>Reg.</strong></span> <span class='ocrx_word' id='word_1_851' title='bbox 3623 5287 3715 5352; x_wconf 87' lang='lat' dir='ltr'><strong>qui</strong></span> <span class='ocrx_word' id='word_1_852' title='bbox 3760 5318 3774 5326; x_wconf 70' lang='grc' dir='ltr'><strong>ο</strong></span> 
     </span>
    </p>
   </div>
   <div class='ocr_carea' id='block_1_113' title="bbox 2202 5354 3781 5473">
    <p class='ocr_par' dir='ltr' id='par_1_113' title="bbox 2202 5354 3781 5473">
     <span class='ocr_line' id='line_1_115' title="bbox 2202 5354 3781 5473; baseline 0.003 -68"><span class='ocrx_word' id='word_1_853' title='bbox 2202 5364 2287 5406; x_wconf 90' lang='lat' dir='ltr'><strong>tus</strong></span> <span class='ocrx_word' id='word_1_854' title='bbox 2332 5354 2515 5473; x_wconf 58' lang='grc' dir='ltr'>ἓμέρα</span> <span class='ocrx_word' id='word_1_855' title='bbox 2566 5354 2791 5421; x_wconf 79' lang='grc' dir='ltr'>ἐγίνετο.</span> <span class='ocrx_word' id='word_1_856' title='bbox 2835 5354 2977 5407; x_wconf 85' lang='lat' dir='ltr'><strong>lnl&#39;ra</strong></span> <span class='ocrx_word' id='word_1_857' title='bbox 3030 5354 3162 5425; x_wconf 77' lang='lat' dir='ltr'><strong>Reg.</strong></span> <span class='ocrx_word' id='word_1_858' title='bbox 3216 5356 3437 5423; x_wconf 89' lang='lat' dir='ltr'><strong>quintus</strong></span> <span class='ocrx_word' id='word_1_859' title='bbox 3480 5356 3512 5424; x_wconf 88' lang='grc' dir='ltr'>ὴ</span> <span class='ocrx_word' id='word_1_860' title='bbox 3565 5357 3781 5423; x_wconf 77' lang='grc' dir='ltr'>γειτνία</span> 
     </span>
     <span class='ocr_line' id='line_1_116' title="bbox 2202 5440 2409 5473; baseline 0 0"><span class='ocrx_word' id='word_1_861' title='bbox 2202 5441 2330 5473; x_wconf 84' lang='grc' dir='ltr'>νυκτ</span> <span class='ocrx_word' id='word_1_862' title='bbox 2365 5440 2409 5473; x_wconf 77' lang='grc' dir='ltr'>ς.</span> 
     </span>
    </p>
   </div>
   <div class='ocr_carea' id='block_1_114' title="bbox 2200 5440 2409 5484">
    <p class='ocr_par' dir='ltr' id='par_1_114' title="bbox 2200 5440 2409 5484">
     <span class='ocr_line' id='line_1_117' title="bbox 2200 5440 2409 5484; baseline -0.005 -8"><span class='ocrx_word' id='word_1_863' title='bbox 2200 5440 2409 5484; x_wconf 86' lang='grc' dir='ltr'>νυκτος.</span> 
     </span>
    </p>
   </div>
   <div class='ocr_carea' id='block_1_115' title="bbox 2278 5493 3782 5568">
    <p class='ocr_par' dir='ltr' id='par_1_115' title="bbox 2278 5493 3782 5568">
     <span class='ocr_line' id='line_1_118' title="bbox 2278 5493 3782 5568; baseline 0.001 -21"><span class='ocrx_word' id='word_1_864' title='bbox 2278 5494 2391 5568; x_wconf 73' lang='lat'><strong>(58)</strong></span> <span class='ocrx_word' id='word_1_865' title='bbox 2424 5494 2602 5568; x_wconf 81' lang='lat' dir='ltr'><strong>Editio</strong></span> <span class='ocrx_word' id='word_1_866' title='bbox 2622 5495 3046 5568; x_wconf 55' lang='lat' dir='ltr'><strong>Basi_|._etnu_ser</strong></span> <span class='ocrx_word' id='word_1_867' title='bbox 3071 5510 3198 5548; x_wconf 88' lang='lat' dir='ltr'><strong>mss.</strong></span> <span class='ocrx_word' id='word_1_868' title='bbox 3221 5493 3598 5568; x_wconf 59' lang='lat' dir='ltr'><strong>przeterBodl.</strong></span> <span class='ocrx_word' id='word_1_869' title='bbox 3636 5497 3782 5568; x_wconf 69' lang='grc' dir='ltr'>πρωὶ</span> 
     </span>
    </p>
   </div>
   <div class='ocr_carea' id='block_1_116' title="bbox 2202 5563 3781 5634">
    <p class='ocr_par' dir='ltr' id='par_1_116' title="bbox 2202 5563 3781 5634">
     <span class='ocr_line' id='line_1_119' title="bbox 2202 5563 3781 5634; baseline 0.003 -18"><span class='ocrx_word' id='word_1_870' title='bbox 2202 5564 2261 5617; x_wconf 79' lang='grc' dir='ltr'><strong>τὸ</strong></span> <span class='ocrx_word' id='word_1_871' title='bbox 2288 5564 2700 5634; x_wconf 75' lang='grc' dir='ltr'>ἡμερονύκτιον.</span> <span class='ocrx_word' id='word_1_872' title='bbox 2732 5564 2906 5618; x_wconf 88' lang='lat' dir='ltr'><strong>Editio</strong></span> <span class='ocrx_word' id='word_1_873' title='bbox 2931 5563 3100 5618; x_wconf 83' lang='lat' dir='ltr'><strong>Paris.</strong></span> <span class='ocrx_word' id='word_1_874' title='bbox 3146 5580 3265 5617; x_wconf 88' lang='lat' dir='ltr'><strong>cum</strong></span> <span class='ocrx_word' id='word_1_875' title='bbox 3298 5564 3459 5617; x_wconf 85' lang='lat' dir='ltr'><strong>Coisl.</strong></span> <span class='ocrx_word' id='word_1_876' title='bbox 3493 5563 3781 5632; x_wconf 54' lang='lat' dir='ltr'><strong>prituo&#39;fu-</strong></span> 
     </span>
    </p>
   </div>
   <div class='ocr_carea' id='block_1_117' title="bbox 2207 5634 3781 5705">
    <p class='ocr_par' dir='ltr' id='par_1_117' title="bbox 2207 5634 3781 5705">
     <span class='ocr_line' id='line_1_120' title="bbox 2207 5634 3781 5705; baseline 0.002 -18"><span class='ocrx_word' id='word_1_877' title='bbox 2207 5637 2318 5689; x_wconf 84' lang='lat' dir='ltr'><strong>sius</strong></span> <span class='ocrx_word' id='word_1_878' title='bbox 2346 5636 2488 5705; x_wconf 76' lang='grc' dir='ltr'>πρωὶ</span> <span class='ocrx_word' id='word_1_879' title='bbox 2522 5636 2701 5705; x_wconf 78' lang='grc' dir='ltr'>ἡμέρα</span> <span class='ocrx_word' id='word_1_880' title='bbox 2744 5634 2840 5705; x_wconf 80' lang='grc' dir='ltr'><strong>μία</strong></span> <span class='ocrx_word' id='word_1_881' title='bbox 2868 5636 2949 5688; x_wconf 83' lang='grc' dir='ltr'>τό.</span> <span class='ocrx_word' id='word_1_882' title='bbox 2972 5634 3087 5687; x_wconf 80' lang='lat' dir='ltr'><strong>Mox</strong></span> <span class='ocrx_word' id='word_1_883' title='bbox 3122 5636 3272 5687; x_wconf 89' lang='lat' dir='ltr'><strong>multi</strong></span> <span class='ocrx_word' id='word_1_884' title='bbox 3310 5650 3438 5687; x_wconf 86' lang='lat' dir='ltr'><strong>mss.</strong></span> <span class='ocrx_word' id='word_1_885' title='bbox 3458 5636 3553 5686; x_wconf 68' lang='lat' dir='ltr'><strong>xui.</strong></span> <span class='ocrx_word' id='word_1_886' title='bbox 3568 5636 3781 5691; x_wconf 71' lang='grc' dir='ltr'>οὐκέτι.</span> 
     </span>
    </p>
   </div>
   <div class='ocr_carea' id='block_1_118' title="bbox 2209 5704 3783 5775">
    <p class='ocr_par' dir='ltr' id='par_1_118' title="bbox 2209 5704 3783 5775">
     <span class='ocr_line' id='line_1_121' title="bbox 2209 5704 3783 5775; baseline 0.004 -18"><span class='ocrx_word' id='word_1_887' title='bbox 2209 5704 2404 5758; x_wconf 84' lang='lat' dir='ltr'><strong>Ibidem</strong></span> <span class='ocrx_word' id='word_1_888' title='bbox 2428 5704 2555 5775; x_wconf 70' lang='lat' dir='ltr'><strong>lieg.</strong></span> <span class='ocrx_word' id='word_1_889' title='bbox 2580 5704 2761 5759; x_wconf 76' lang='lat' dir='ltr'><strong>sextus</strong></span> <span class='ocrx_word' id='word_1_890' title='bbox 2781 5706 3219 5775; x_wconf 78' lang='grc' dir='ltr'>προσηγόρευσεν</span> <span class='ocrx_word' id='word_1_891' title='bbox 3237 5704 3448 5774; x_wconf 84' lang='grc' dir='ltr'>ἡμέραν</span> <span class='ocrx_word' id='word_1_892' title='bbox 3479 5707 3573 5759; x_wconf 69' lang='grc' dir='ltr'><strong>καὶ</strong></span> <span class='ocrx_word' id='word_1_893' title='bbox 3592 5705 3783 5763; x_wconf 63' lang='grc' dir='ltr'>νύκτα.</span> 
     </span>
    </p>
   </div>
   <div class='ocr_carea' id='block_1_119' title="bbox 2210 5775 3436 5846">
    <p class='ocr_par' dir='ltr' id='par_1_119' title="bbox 2210 5775 3436 5846">
     <span class='ocr_line' id='line_1_122' title="bbox 2210 5775 3436 5846; baseline -0.001 -17"><span class='ocrx_word' id='word_1_894' title='bbox 2210 5777 2275 5829; x_wconf 85' lang='lat' dir='ltr'><strong>At</strong></span> <span class='ocrx_word' id='word_1_895' title='bbox 2312 5776 2439 5830; x_wconf 85' lang='lat' dir='ltr'><strong>editi</strong></span> <span class='ocrx_word' id='word_1_896' title='bbox 2462 5792 2582 5830; x_wconf 83' lang='lat' dir='ltr'><strong>cum</strong></span> <span class='ocrx_word' id='word_1_897' title='bbox 2614 5778 2795 5832; x_wconf 88' lang='lat' dir='ltr'><strong>multis</strong></span> <span class='ocrx_word' id='word_1_898' title='bbox 2829 5792 2958 5831; x_wconf 80' lang='lat' dir='ltr'><strong>tuss.</strong></span> <span class='ocrx_word' id='word_1_899' title='bbox 2991 5776 3172 5846; x_wconf 74' lang='grc' dir='ltr'>ἡμέρα</span> <span class='ocrx_word' id='word_1_900' title='bbox 3206 5778 3297 5828; x_wconf 72' lang='grc' dir='ltr'><strong>καὶ</strong></span> <span class='ocrx_word' id='word_1_901' title='bbox 3322 5775 3436 5840; x_wconf 73' lang='grc' dir='ltr'>νύξ.</span> 
     </span>
    </p>
   </div>
  </div>
