4058 6460
261 412 332 466 49
1400 414 1688 469 ilOMlLlA
1727 415 1770 470 ll
1815 414 1879 468 IN
1924 414 2419 474 HEXAEMERON.
3456 425 3524 480 550

258 531 433 603 λέγει.
460 531 570 584 Καὶ
616 531 798 585 οὐκέτι
831 528 1294 601 προσηγόρευσεν,
1323 532 1514 600 ἡμέρα
1557 534 1653 585 καὶ
1709 535 1843 600 νὺξ,

1953 544 2007 589 et
2053 535 2228 591 noctis
2258 536 2387 590 dicit
2433 539 2688 606 spatium.
2739 535 2849 590 Nec
2879 535 3111 606 amplius
3151 550 3279 592 usus
3329 549 3411 594 est
3439 540 3524 592 his

259 627 399 681 αλλὰ
431 624 508 697 τῷ
541 622 926 697 ὲπικρατοῦντι
952 623 1051 694 τὴν
1101 623 1282 675 πᾶσαν
1331 625 1702 694 προσηγορίαν
1736 628 1843 680 άπ-

260 727 467 790 ἐνειμε.
497 721 713 789 Ταύτην
743 718 809 772 ἂν
850 719 945 772 καὶ
984 721 1042 770 ὲν
1083 719 1230 794 πάσῃ
1258 722 1324 791 τῇ
1359 719 1549 791 Γραφῇ
1592 719 1689 789 τὴν
1722 727 1845 776 σύν..

262 814 452 884 manu
486 813 684 883 εὕροις,
722 811 779 863 έν
827 812 891 880 τῇ
942 809 1034 863 τοῦ
1083 812 1276 883 χρόνου
1326 812 1584 881 μετρήσει
1638 813 1844 884 ἡμέρας

261 906 694 978 ἀριθμουμένας,
720 905 839 976 οὐχὶ
867 904 1036 959 δὲκαὶ
1065 905 1265 966 νύκτας
1285 905 1422 971 μετὰ
1455 903 1564 957 τῶν
1599 905 1841 974 ἡμερῶν.

261 1000 332 1050 AZ
367 999 578 1068 ἡμέραι
606 995 724 1050 τῶν
758 997 906 1051 ἐτῶν
933 997 1122 1066 ἡμῶν,
1157 998 1186 1049 ὁ
1214 995 1517 1066 Ψαλμῳδός
1551 1013 1682 1067 φησι
1711 997 1840 1068 (59).

260 1090 372 1143 Καὶ
400 1088 562 1141 πάλιν
585 1090 613 1141 ό
651 1089 865 1143 Ἰακώϐ·
887 1092 955 1142 Al
981 1086 1189 1156 ἡμέραι
1207 1089 1318 1158 τῆς
1337 1087 1484 1158 ζωῆς
1498 1108 1616 1159 μου
1641 1093 1842 1158 μικραὶ

265 1183 364 1234 καὶ
397 1179 677 1246 πονηραί.
726 1181 835 1232 Καὶ
864 1178 1046 1230 πάλιν’
1095 1179 1303 1245 Πάσας
1343 1179 1450 1247 τὰς
1480 1178 1701 1248 ἡμέρας
1740 1179 1844 1248 τῆς

261 1269 409 1338 ζωῆς
425 1287 565 1339 μου.
599 1272 760 1323 Ὥστε
803 1270 872 1321 τά
921 1268 1016 1321 νῦν
1051 1272 1108 1322 έν
1147 1271 1390 1339 ἱστορίας
1441 1270 1569 1324 εῐδει
1610 1270 1845 1340 παραδο-

261 1359 428 1412 θέντα
477 1359 766 1430 νομοθεσία
804 1359 918 1409 ἐστι
968 1358 1105 1432 πρὸς
1145 1359 1216 1412 τὰ
1267 1358 1409 1431 ἑξῆς.
1456 1359 1564 1415 Καὶ
1611 1358 1845 1428 ἐγένετο

261 1450 510 1518 ἑσπέρα,
549 1453 647 1506 καί
683 1450 921 1519 ἐγένετο
956 1451 1123 1520 πρωὶ,
1172 1449 1362 1520 ἡμέρα
1381 1454 1505 1522 μία.
1550 1451 1705 1514 Τίνος
1727 1453 1842 1504 ’ἐνε-

261 1559 358 1596 κεν
391 1545 491 1596 οὐκ
515 1541 637 1596 εἶπε
660 1541 906 1615 πρώτην,
936 1544 1072 1598 ἀλλὰ
1099 1544 1258 1614 μίαν;
1287 1545 1529 1614 καίτοιγε
1558 1544 1844 1597 ἀκολουθο-

259 1651 420 1705 τερον
449 1631 516 1705 ἦν
545 1634 633 1688 τὸν
663 1635 923 1706 μέλλοντα
944 1635 1172 1700 ἐπάγειν
1197 1634 1472 1705 δευτέραν,
1505 1636 1599 1690 καὶ
1629 1635 1841 1706 τρίτην,

259 1728 354 1780 καί
384 1727 652 1799 τετάρτην
699 1728 935 1798 ἡμέραν,
963 1725 1061 1797 τὴν
1101 1725 1475 1797 κατάρχουσαν
1514 1727 1622 1780 τῶν
1647 1726 1844 1796 ἐφεξῆς

260 1821 488 1892 πρώτην
531 1820 997 1890 προσαγορεῦσαι.
1057 1819 1216 1872 Ἀλλά
1261 1817 1386 1889 μίαν
1432 1816 1600 1884 εἶπεν,
1631 1821 1748 1891 ἤτοι
1782 1819 1844 1871 τὸ

1955 628 2284 692 nominibus,
2326 629 2437 681 dies
2483 640 2529 682 et
2569 634 2730 696 lnam:
2783 629 2878 684 sed
2931 630 3297 698 prmstantiori
3359 639 3526 685 totam

1959 719 2145 772 tribuit
2173 719 2605 789 appellationem.
2662 723 2810 777 llanc
2853 722 3041 792 utique
3083 724 3526 780 consuetudinem

1956 809 2202 867 invenies
2233 813 2284 866 in
2314 823 2424 867 tota
2461 813 2740 881 Scriptura
2768 818 3114 872 observatam
3147 832 3161 870 :
3191 817 3445 872 nimirum
3472 817 3524 870 in

1957 903 2229 958 metiendo
2273 912 2513 972 tempore
2540 906 2656 960 dies
2681 907 3024 973 enumerari,
3065 921 3169 960 non
3203 917 3384 962 noctes
3415 922 3520 960 una

1955 1008 2079 1048 cum
2115 998 2323 1052 diebus.
2358 996 2478 1050 Dies
2508 1015 2765 1051 annorum
2795 1015 3047 1066 meorum,
3079 999 3156 1054 ait
3191 999 3523 1053 Psalmorum

1955 1095 2147 1140 cantor
2176 1089 2240 1142 ".
2275 1089 2340 1143 Et
2367 1089 2560 1143 iterum
2590 1088 2752 1145 Jacob
2787 1107 2800 1144 :
2839 1089 2958 1143 Dies
2991 1095 3109 1146 vitm
3139 1106 3268 1145 mea;-
3302 1095 3452 1160 parvi
3477 1102 3524 1144 et

1961 1177 2090 1232 mali
2125 1178 2193 1230 ³⁸.
2227 1180 2359 1234 item
2398 1195 2627 1234 rursus:
2658 1181 2914 1236 Omnibus
2943 1183 3120 1236 diebus
3159 1187 3276 1239 vita
3301 1201 3431 1238 mea:
3459 1183 3526 1239 ³¹.

1953 1269 2129 1335 Quare
2165 1285 2285 1338 qua:
2305 1287 2446 1326 nunc
2471 1273 2523 1325 in
2575 1271 2814 1326 historia:
2849 1274 3084 1343 speciem
3129 1277 3329 1328 tradita
3355 1285 3524 1343 sunt,

1952 1363 2019 1417 ad
2047 1376 2109 1416 ea
2153 1377 2272 1431 qua:
2298 1374 2597 1432 sequuntur
2626 1364 2822 1434 regulae
2862 1375 2985 1420 sunt
3041 1375 3204 1435 atque
3231 1366 3527 1437 legislatio—

1953 1469 2070 1509 nes.
2108 1452 2177 1505 Et
2202 1455 2351 1520 facta
2379 1466 2454 1508 est
2481 1472 2713 1524 vespera,
2745 1468 2791 1509 et
2822 1456 3021 1524 factum
3067 1466 3142 1511 est
3197 1473 3370 1522 mane,
3418 1460 3526 1511 dies

1954 1563 2108 1600 unus.
2137 1546 2310 1611 Quam
2333 1545 2402 1600 ob
2422 1561 2639 1600 causam
2665 1562 2768 1601 non
2800 1548 3202 1616 dixitprimum,
3240 1549 3332 1603 sed
3362 1563 3526 1602 unum

1951 1638 2116 1704 diem,
2143 1652 2454 1707 quanquam
2503 1647 2622 1692 erat
2655 1639 3088 1704 convenientius,
3121 1649 3178 1693 ut
3212 1639 3256 1694 is
3301 1641 3390 1708 qui
3442 1655 3528 1695 se-

1951 1733 2203 1794 cundam,
2233 1731 2469 1795 tertiam,
2499 1739 2550 1783 et
2568 1743 2816 1799 quartam
2845 1732 2983 1786 diem
3008 1731 3234 1786 subinde
3259 1746 3526 1787 metnora~

1951 1829 2103 1876 turus
2132 1833 2268 1887 erat,
2300 1835 2418 1876 eam
2444 1821 2605 1887 diem,
2635 1838 2753 1890 qua:
2781 1823 3222 1892 subsequentium
3248 1824 3526 1878 exordium

264 1915 462 1985 μέτρον
481 1914 693 1983 ἡμέρας
721 1913 815 1965 καὶ
847 1913 1039 1974 νυκτὸς
1069 1911 1418 1984 περιορίζων,
1453 1913 1546 1964 καὶ
1567 1913 1843 1966 συνάπτιωΙ

1956 1913 2076 1977 fuit,
2107 1915 2335 1981 primam
2362 1915 2738 1981 nuncuparet?
2763 1913 2870 1968 Sed
2908 1930 3069 1967 unam
3108 1915 3275 1976 dixit,
3311 1915 3400 1983 qui
3430 1915 3529 1968 sci-

258 2005 354 2058 τοῦ
376 2004 774 2075 ἡμερονυκτίου
799 2004 892 2056 τὸν
923 2005 1132 2075 χρόνον,
1165 2006 1239 2067 ὼς
1265 2004 1372 2055 τῶν
1397 2005 1849 2076 εἰκοσιτεσσάρων

259 2097 422 2168 ὡρῶν
458 2099 587 2168 μιᾶς
618 2098 829 2169 ἡμέρας
868 2097 1258 2167 ἐκπληρουσῶν
1306 2096 1600 2166 διάστημα,
1652 2115 1849 2150 συνυπ⁴

260 2190 604 2263 ακουομένης
653 2191 897 2262 δηλονότι
943 2193 1008 2260 τῇ
1041 2189 1228 2259 ἡμέρᾳ
1258 2191 1351 2242 καὶ
1379 2189 1488 2258 (60)
1515 2191 1610 2259 τῆς
1635 2189 1845 2253 νυκτὸς,

258 2283 402 2338 ὥστε
461 2285 564 2339 κᾶν
616 2287 674 2338 ὲν
738 2289 859 2348 ταῖς
919 2285 1151 2354 τροπαῖς
1214 2283 1308 2335 τοῦ
1370 2283 1522 2352 ἡλίου
1577 2284 1848 2356 συμϐαίνῃ

259 2375 360 2447 τὴν
413 2375 606 2445 ἑτέραν
669 2374 848 2426 αὐτῶν
882 2372 1264 2444 ὑπερϐάλλειν,
1328 2372 1462 2424 ἀλλὰ
1502 2373 1580 2441 τῷ
1627 2391 1690 2440 γε
1750 2376 1849 2440 ἀφ-

258 2467 552 2535 ωρισμένῳ
597 2463 774 2534 χρόνῳ
825 2461 1337 2534 ὲμπεριγράερεσθαι
1396 2463 1611 2524 πάντως
1669 2464 1847 2532 ἀμφο-

257 2555 432 2626 τέρων
460 2554 528 2608 τά
550 2555 897 2628 διαστήματα
917 2572 931 2586 °
981 2555 1183 2608 ὠσανεὶ
1219 2556 1394 2624 ἔλεγε,
1425 2557 1485 2608 τὸ
1517 2555 1623 2608 τῶν
1654 2555 1849 2609 τεσσά-

261 2661 370 2714 ρων
398 2645 492 2698 καὶ
544 2644 748 2698 εἴκοσιν
781 2645 940 2717 ὡρῶν
1007 2645 1204 2716 μέτρον
1259 2649 1387 2717 μιᾶς
1443 2647 1589 2699 ἐστιν
1635 2645 1848 2716 ἡμέρας

256 2735 552 2807 διάστημα·
603 2739 659 2807 ἦ,
709 2741 741 2808 ἡ
793 2738 886 2790 τοῦ
943 2739 1173 2808 οὖρανοῦ
1227 2739 1338 2808 (61)
1384 2740 1493 2792 ἀπὸ
1537 2739 1630 2792 τοῦ
1681 2738 1845 2793 αὑτοῦ

261 2828 490 2897 σημείου
536 2829 626 2880 ἐπὶ
671 2829 732 2881 τὸ
776 2829 906 2882 αὐτὸ
950 2829 1112 2882 πάλιν
1145 2831 1584 2894 ἀποκατάστασις
1632 2833 1688 2882 ὲν
1748 2833 1848 2901 μιᾷ

256 2919 445 2991 ἡμέρᾳ
478 2919 719 2988 γίνεται·
771 2921 911 2974 ὥστε
946 2923 1137 2986 ὁσάκις
1187 2923 1253 2975 ἂν
1294 2923 1502 2994 ἑσπέρα
1538 2924 1630 2974 κα)⁸
1665 2924 1846 2993 πρωία

258 3011 402 3066 κατὰ
429 3012 528 3083 τὴν
568 3012 662 3065 τοῦ
695 3013 845 3085 ἡλίου
882 3015 1186 3086 περιφορὰν
1235 3013 1582 3086 ἐπιλαμϐάνῃ
1624 3013 1714 3066 τὸν
1754 3015 1846 3067 κό-

259 3121 417 3174 σμον,
463 3103 538 3176 μὴ
588 3107 645 3158 έν
696 3105 899 3159 πλείονι
949 3107 1146 3178 χρόνῳ,
1183 3108 1294 3160 ἁλλ’
1354 3110 1410 3161 ὲν
1457 3109 1586 3178 μιᾶς
1633 3105 1847 3178 ἡμέρας

255 3197 585 3267 διαστήματι
611 3199 710 3270 τὴν
739 3200 985 3270 περίοδον
1016 3199 1443 3272 ὲκπληροῢσθαι.
1479 3201 1549 3253 Ἣ
1581 3200 1845 3271 κυριώτε-

260 3305 354 3358 ρος
385 3292 413 3341 ό
457 3290 515 3342 ὲν
557 3291 890 3363 ἀπορρήτοις
924 3293 1353 3364 παραδιδόμενος
1392 3294 1546 3361 λόγος
1583 3293 1725 3362 (62)⁹
1769 3293 1845 3355 ὡς

257 3381 366 3450 ἄρα
398 3383 426 3434 ό
456 3383 556 3451 τὴν
584 3383 676 3435 τοῦ
712 3385 904 3454 χρόνου
940 3387 1101 3454 φύσιν
1123 3387 1543 3448 κατασκευάσας
1564 3387 1719 3450 Θεὸς,
1752 3386 1846 3455 μέ-

255 3491 364 3545 τρα
405 3474 554 3545 αὑτῷ
587 3477 680 3529 καὶ
722 3481 923 3546 σημεῖα
957 3479 1027 3531 τά
1059 3480 1169 3531 τῶν
1211 3480 1435 3549 ἡμερῶν
1471 3479 1702 3532 ἐπέϐαλε
1733 3479 1846 3532 δια-

259 3567 532 3635 στὴματα,
586 3567 679 3619 καὶ
727 3569 978 3638 ἑϐδομάδι
1040 3570 1201 3623 αὑτὸν
1261 3571 1563 3642 ὲκμετρῶν,
1620 3571 1706 3624 ἀεὶ
1748 3570 1844 3641 τὴν

258 3657 529 3728 ἑϐδομάδα
558 3661 636 3723 είς
667 3660 863 3731 ἑαυτὴν
908 3662 1342 3715 ἀνακυκλοῦσθαι
1394 3663 1624 3724 κελεύει,
1661 3662 1844 3734 ἐξαρι-

258 3749 502 3818 θμοῦσαν
546 3751 637 3804 τοῦ
667 3751 855 3823 χρόνου
897 3754 992 3824 τὴν
1043 3756 1255 3824 κίνησιν
1280 3774 1292 3786 ·
1336 3755 1432 3826 τὴν
1467 3755 1739 3825 ἑϐδομάδα
1787 3756 1844 3808 δὲ

255 3844 422 3898 πάλιν
454 3843 760 3915 ἐκπληροῦν
800 3846 896 3916 τὴν
929 3849 1144 3917 ἡμέραν
1183 3849 1310 3916 μίαν
1334 3888 1346 3909 ,
1401 3849 1627 3910 ἑπτάκις
1676 3846 1842 3916 αὐτὴν

255 3937 340 3998 είς
367 3937 565 4007 ἑαυτὴν
579 3937 1045 4006 ἀναστρέφουσαν.
1078 3938 1248 3990 Τοῦτο
1270 3939 1326 3990 δὲ
1357 3939 1612 3991 κυκλικόν
1643 3942 1758 3991 ὲστι
1784 3939 1845 3992 τὺ

257 4027 465 4096 σχῆμα,
500 4029 594 4097 ἀφ’
631 4028 826 4082 ἑαυτοῦ
877 4028 1175 4099 ἄρχεσθαι,
1211 4030 1304 4082 καὶ
1349 4031 1428 4091 εἰς
1470 4031 1630 4083 ἑαυτὸ
1671 4049 1843 4085 κατα-

255 4118 465 4189 λήγειν.
518 4122 582 4172 Ὃ
612 4120 675 4190 δὴ
709 4121 803 4174 καὶ
830 4119 924 4172 τοῦ
956 4120 1152 4183 αἰῶνος
1184 4120 1332 4183 ἴδιον,
1367 4122 1446 4179 εἰς
1490 4121 1681 4174 ἑαυτὸν
1709 4123 1842 4174 ἀνα-⁹

258 4211 534 4282 στρέφειν,
571 4214 666 4265 καὶ
705 4213 954 4284 μηδαμοῦ
996 4212 1386 4284 περατοῦσθαι.
1425 4212 1523 4265 Διὰ
1555 4212 1712 4265 τοῦτο
1744 4213 1842 4285 τὴν

255 4303 500 4374 κεφαλὴν
521 4303 615 4356 τοῦ
645 4305 838 4374 χρόνου
866 4306 986 4373 οὐχὶ
1013 4305 1235 4374 πρώτην
1264 4305 1476 4373 ἡμέραν
1498 4343 1512 4366 ,
1539 4303 1673 4356 ἀλλὰ
1713 4305 1843 4373 μίαν

254 4396 569 4466 ὠνόμασεν·
605 4397 690 4448 ἴνα
721 4396 816 4448 καὶ
850 4399 912 4448 ὲκ
941 4395 1040 4464 τῆς
1079 4393 1448 4465 προσηγορίας
1491 4393 1551 4445 τὸ
1588 4395 1844 4461 συγγενὲς

255 4489 359 4560 ἔχῃ
404 4489 542 4559 πρὸς
576 4490 665 4541 τὸν
710 4489 901 4545 αἰῶνα.
940 4487 1188 4558 Τοῦ-γὰρ
1223 4485 1452 4556 μοναχοῦ
1483 4486 1576 4537 καὶ
1612 4488 1842 4539 άκοινω-

1953 2006 2078 2059 licet
2111 2007 2214 2059 diei
2235 2017 2288 2059 et
2311 2009 2482 2062 noctis
2503 2007 2773 2061 deﬁnierit
2795 2022 3124 2069 mensuram,
3146 2017 3199 2061 et
3224 2008 3328 2061 diei
3351 2022 3414 2061 ac
3433 2023 3529 2062 no-

1951 2099 2054 2151 ctis
2074 2108 2284 2166 tempus
2308 2100 2463 2152 simul
2497 2099 2875 2166 conjunxerit:
2907 2099 3336 2167 quandoquidem
3369 2099 3529 2152 unius

1956 2188 2058 2243 diei
2081 2191 2310 2254 spatium
2333 2193 2598 2259 complent
2626 2190 2813 2259 viginti
2838 2189 3253 2260 quatuorhone,
3277 2189 3528 2244 sivideli-

1949 2292 2036 2336 cet
2052 2282 2167 2335 dics
2186 2291 2240 2336 et
2259 2297 2362 2335 nox
2384 2283 2541 2337 simul
2563 2283 2946 2351 intelligantur.
2969 2282 3329 2350 Quamobrem
3342 2282 3530 2336 etiam-

1949 2375 2065 2430 siin
2085 2373 2186 2443 21
2216 2373 2466 2427 solstitiis
2484 2373 2711 2427 alteram
2738 2375 2805 2427 ab
2834 2374 3001 2426 altera
3023 2375 3235 2428 accidat
3258 2374 3525 2441 superari,

1950 2477 2130 2520 tamen
2163 2465 2382 2520 deﬁnito
2434 2473 2674 2532 tempore
2731 2465 2965 2534 spatium
2997 2466 3278 2534 utriusque
3307 2464 3528 2520 omnino

1950 2557 2452 2621 circumscribitur;
2493 2565 2744 2624 tanquam
2771 2556 2814 2610 si
2847 2556 3113 2611 dixisset:
3158 2555 3344 2625 viginti
3385 2571 3525 2626 qua—

1951 2657 2071 2701 tuor
2117 2647 2374 2701 horarum
2427 2662 2698 2711 mensura,
2747 2648 2906 2701 unius
2951 2647 3055 2701 diei
3110 2655 3194 2701 est
3239 2647 3471 2716 spatium

1949 2739 2058 2803 vel,
2095 2738 2216 2793 cmli
2247 2741 2314 2792 ab
2350 2738 2540 2792 eodem
2574 2739 2730 2807 signo
2764 2738 2830 2792 ad
2860 2737 3002 2791 idem
3040 2739 3263 2805 reditus,
3300 2753 3407 2794 uno
3441 2738 3529 2793 die

1948 2833 2249 2902 peragitur.
2299 2830 2488 2902 itaque
2540 2832 2750 2901 quoties
2791 2847 3012 2901 vespera
3067 2841 3121 2887 et
3163 2848 3324 2888 mane
3374 2848 3530 2893 mut:-

1951 2924 2076 2977 dum
2117 2933 2384 2992 occupant
2426 2937 2524 2993 per
2571 2925 2700 2978 solis
2745 2924 3194 2985 conversionem,
3247 2940 3350 2976 non
3398 2937 3526 2990 pro-

1949 3011 2142 3067 lixiore
2187 3021 2447 3081 tempore,
2484 3015 2577 3066 sed
2623 3015 2677 3066 in
2728 3013 2889 3066 unius
2924 3013 3029 3066 diei
3070 3011 3248 3081 spatio
3283 3011 3528 3082 expletur

1949 3103 2221 3160 circuitio.
2254 3105 2335 3157 An
2367 3119 2428 3158 ea
2463 3107 2601 3159 ratio
2643 3105 2694 3159 in
2735 3108 2950 3160 arcanis
2986 3107 3204 3170 tradita,
3241 3107 3417 3175 potior
3446 3115 3529 3161 est

1953 3212 2018 3250 ac
2049 3196 2298 3264 validior,
2335 3198 2476 3268 quod
2522 3197 2664 3252 Deus
2697 3198 2788 3266 qui
2822 3197 3079 3265 temporis
3115 3197 3392 3250 constituit
3428 3213 3525 3251 na-

1952 3298 2162 3355 turam,
2199 3304 2479 3344 mensuras
2532 3291 2582 3344 ei
2650 3305 2712 3343 ac
2769 3290 2958 3360 signa,
3013 3290 3268 3343 nimirum
3317 3289 3523 3344 dierum

1948 3382 2120 3450 spatia
2160 3381 2473 3448 impertivit,
2514 3397 2578 3437 ac
2612 3382 2950 3438 hebdomade
2993 3383 3166 3450 ipsum
3215 3381 3524 3446 dimetiens,

1947 3472 2334 3528 hebdomadem
2360 3489 2463 3543 qua
2495 3475 2754 3545 temporis
2779 3484 2956 3528 motus
2988 3483 3359 3537 enumeratur,
3384 3487 3524 3526 sem-

1946 3581 2041 3636 per
2070 3566 2124 3620 in
2158 3580 2216 3620 se
2245 3566 2415 3636 ipsam
2441 3566 2594 3632 jubet
2623 3566 2846 3633 revolvi,
2873 3580 3164 3632 rursusque
3191 3579 3354 3617 unum
3383 3564 3520 3617 diem

1946 3660 2035 3714 ubi
2068 3660 2120 3713 in
2153 3675 2210 3713 se
2241 3660 2416 3728 ipsum
2452 3661 2654 3729 septies
2681 3659 2924 3723 redierit,
2956 3659 3344 3712 hebdomadem
3378 3671 3524 3710 con-

1948 3750 2146 3805 ﬁcere?
2177 3749 2301 3804 llaec
2345 3759 2429 3805 est
2470 3760 2648 3803 autem
2679 3750 2979 3803 orbiculata
3016 3751 3205 3818 ligura,
3240 3763 3359 3816 quae
3400 3762 3428 3800 a
3465 3762 3526 3801 se

1947 3840 2061 3908 ipsa
2100 3841 2306 3910 incipit,
2338 3850 2390 3894 et
2422 3840 2475 3894 in
2507 3856 2565 3895 sc
2611 3842 2781 3909 ipsam
2827 3841 3045 3895 desinit.
3078 3841 3229 3907 Quod
3261 3855 3392 3895 sane
3420 3841 3522 3894 hu-

1943 3930 2030 3999 jus
2056 3931 2218 3986 etiam
2250 3935 2430 3990 seaculi
2465 3938 2740 4006 proprium
2768 3948 2872 4001 est,
2908 3939 3105 3991 reverti
3144 3938 3194 3990 in
3231 3952 3290 3991 se
3325 3939 3518 4006 ipsum,

1949 4037 2051 4079 nec
2093 4041 2319 4095 usquam
2373 4031 2675 4086 terminari.
2725 4031 2876 4084 Hanc
2913 4031 2982 4084 ob
3015 4044 3234 4082 causam
3271 4030 3524 4098 temporis

1945 4126 2129 4185 caput,
2161 4132 2268 4171 non
2299 4120 2528 4188 primam
2565 4122 2726 4184 diem,
2755 4122 2847 4175 sed
2893 4133 3054 4173 unam
3088 4119 3332 4182 vocavit;
3371 4131 3429 4173 ut
3457 4134 3520 4173 ex

1945 4208 2060 4277 ipsa
2091 4210 2258 4263 etiam
2299 4211 2660 4279 appellatione
2706 4213 3083 4282 cognationem
3122 4227 3241 4265 cum
3280 4227 3394 4267 aevo
3429 4213 3524 4266 ba-

1945 4302 2092 4355 beat.
2127 4303 2250 4356 Dies
2283 4305 2456 4368 enim,
2488 4304 2581 4373 qui
2625 4305 2876 4374 principii
2914 4306 3057 4358 unici
3098 4316 3150 4360 et
3189 4306 3340 4359 alteri
3377 4305 3524 4360 inso-

1945 4394 2163 4450 ciabilis
2208 4394 2432 4450 exhibet
2477 4397 2874 4460 characterem,
2914 4398 3130 4464 proprie
3175 4407 3228 4451 et
3277 4395 3522 4464 apposite

1946 4503 2087 4541 unus
2131 4498 2470 4556 nuncupatus
2525 4500 2626 4542 est.
2671 4489 2866 4554 Quodsi
2917 4489 3070 4557 plura
3115 4487 3312 4541 sa'cula
3361 4487 3519 4540 nobis

255 4582 421 4647 νὴτου
456 4582 590 4652 πρὸς
622 4584 808 4652 ἕτερον
835 4585 867 4652 ἡ
901 4583 994 4634 τὸν
1027 4581 1350 4652 χαρακτῆρα
1381 4578 1700 4631 δεικνύουσα
1731 4579 1839 4647 (65)

1950 4581 2016 4633 ob
2058 4579 2246 4634 oculos
2288 4581 2440 4649 ponit
2471 4580 2771 4647 Scriptura,
2805 4582 2930 4633 dum
2961 4579 3144 4633 multis
3183 4579 3234 4631 in
3270 4579 3400 4633 locis
3431 4579 3516 4634 di-

254 4673 470 4736 οίκείως
498 4673 594 4725 καὶ
625 4674 918 4744 προσφυῶς
947 4673 1360 4744 προσηγορεύθη
1395 4672 1510 4742 μία.
1544 4672 1606 4723 Εἰ
1633 4671 1686 4723 δὲ
1717 4671 1842 4723 πολ-

255 4766 382 4828 λοὺς
444 4767 575 4836 ἡμῖν
644 4766 848 4828 αἰῶνας
906 4767 1238 4837 παρίστησιν
1295 4769 1327 4836 ἡ
1385 4763 1607 4835 Γραφὴ,
1659 4762 1842 4816 αἰῶνα

256 4853 492 4920 αἰῶνος,
520 4857 618 4910 καὶ
649 4855 868 4922 αίῶνας
893 4856 1120 4910 αἰώνων
1149 4857 1412 4925 πολλαχοῦ
1442 4856 1694 4924 λέγουσα,
1729 4855 1841 4908 ἀλλ’

257 4941 351 5000 οὖν
388 4949 548 5001 κάκεῖ
578 4949 698 5020 οὐχὶ
732 4949 969 5019 πρῶτος,
1014 4949 1134 5001 οὐδὲ
1166 4949 1417 5018 δεύτερος
1439 4988 1451 5010 ,
1494 4947 1615 5000 οὐδὲ
1662 4947 1842 5017 τρίτος

1949 4673 2020 4724 cit
2060 4689 2072 4725 :
2117 4670 2379 4726 Sa'culum
2439 4674 2640 4737 surculi,
2675 4685 2720 4725 et
2771 4673 2964 4726 sarcula
3009 4673 3356 4737 sa’culorum;
3411 4672 3520 4726 illic

1953 4773 2134 4818 tamen
2169 4781 2341 4835 neque
2370 4768 2627 4834 primum,
2663 4781 2836 4835 neque
2869 4766 3184 4832 secundum,
3211 4780 3383 4833 neque
3413 4774 3521 4818 ter-

1953 4856 2083 4909 tium
2123 4858 2376 4912 saeculum
2433 4858 2588 4912 nobis
2631 4865 3003 4910 enutneratum
3037 4868 3140 4911 est.
3182 4855 3522 4924 Quapropter

1952 4948 2108 5002 nobis
2140 4950 2316 5017 potius
2348 4958 2612 5012 statuum,
2646 4950 3022 5018 variarumque
3059 4964 3236 5003 rerum
3269 4945 3521 5002 diﬂ‘eren-

353 5153 399 5186 ³⁹
429 5152 572 5208 Psal.
610 5170 834 5219 ιιιιιι,
867 5154 947 5210 l0.
1026 5153 1070 5186 ³⁰
1114 5154 1248 5209 Gen.
1279 5171 1444 5222 van,
1493 5156 1546 5211 9.
1625 5158 1666 5188 ³⁸
1697 5157 1836 5212 Psal.
1869 5172 2004 5219 nu,
2037 5155 2088 5207 6.

330 5357 446 5428 (59)
470 5359 656 5433 _Deest
685 5361 849 5431 φησίν
887 5361 938 5414 in
963 5363 1204 5416 editione
1237 5363 1403 5417 Basil.
1439 5373 1493 5417 et
1535 5364 1586 5416 in
1611 5376 1840 5433 quatuor

254 5444 415 5494 mss.,
468 5428 661 5506 legitur
699 5428 851 5484 vero
913 5433 963 5485 in
1027 5435 1262 5506 editione
1313 5435 1487 5506 Paris.
1529 5446 1583 5506 et
1615 5428 1666 5488 in
1706 5436 1836 5506 lleg.

256 5501 800 5575 quartoudliquanto
816 5513 966 5575 _pos_t
1000 5503 1163 5570 aliqui
1197 5519 1324 5558 mss.
1363 5505 1500 5575 πρὸς
1525 5505 1604 5556 τό.

337 5567 448 5640 (60)
481 5571 572 5623 Sic
599 5567 764 5625 editio
812 5567 975 5624 Basil.
1017 5567 1136 5626 cuiu
1184 5567 1419 5641 utroque
1454 5578 1580 5628 Duc.
1620 5587 1672 5629 et
1717 5592 1836 5630 cum

254 5641 472 5706 Anglic.
509 5655 614 5693 uno
643 5651 697 5694 et
725 5656 846 5694 cum
880 5642 997 5694 aliis
1032 5658 1124 5696 sex
1159 5661 1286 5698 mss.
1311 5645 1486 5698 Editio
1517 5661 1644 5698 vero
1666 5645 1834 5700 Paris.

251 5711 326 5783 τῇ
355 5709 537 5780 ἡμέρᾳ
575 5713 701 5780 μιᾶς
722 5711 844 5777 καί,
883 5712 1040 5766 male.
1093 5713 1224 5783 Reg.
1258 5724 1440 5770 sextus
1483 5715 1836 5782 συνεξακουο-

478 5850 547 5905 Ita
594 5851 758 5907 editio
789 5852 948 5909 Basil.
987 5869 1104 5909 cum
1165 5870 1256 5911 sex
1295 5872 1450 5924 tnss.,
1502 5869 1553 5913 et
1607 5860 1675 5913 ita
1707 5859 1831 5928 lt‘gil

1946 5365 2287 5417 Tilmanttus.
2320 5363 2494 5417 Etlitio
2527 5363 2696 5415 Paris.
2737 5365 2767 5433 ἡ
2814 5361 2907 5415 τοῦ
2942 5360 3111 5432 ἡλίου.
3151 5359 3348 5414 ibidem
3381 5359 3515 5427 Reg.

1946 5445 2130 5490 sextus
2164 5434 2295 5487 αὐτὸ
2330 5435 2491 5487 πάλιν
2516 5437 2759 5505 σημεῖον.

2018 5505 2129 5570 (6‘2)
2160 5505 2254 5558 llic
2277 5518 2359 5558 est
2391 5508 2523 5558 ordo
2546 5500 2831 5556 multorum
2864 5519 2992 5556 mss.
3027 5503 3164 5556 Editi
3184 5500 3520 5572 κυριώτερος

1943 5577 2000 5628 έν
2035 5613 2047 5627 .
2082 5617 2094 5629 .
2139 5619 2151 5628 .
2187 5613 2201 5628 .
2234 5579 2262 5628 ὁ
2289 5575 2462 5643 λόγος.
2491 5573 2688 5627 Ibidem
2721 5573 2886 5628 Coisl.
2918 5575 3120 5640 primus
3163 5570 3271 5642 τὴν
3296 5570 3389 5624 τοῦ
3428 5570 3516 5624 κό⁴

1947 5663 2085 5715 σμου
2125 5645 2303 5714 φύσιν.
2338 5648 2627 5715 Aliquanto
2668 5654 2788 5711 post
2825 5646 2950 5713 llcg.
2983 5643 3340 5715 sextusat'gfcov
3388 5643 3524 5715 ἀνα-

1947 5712 2178 5786 μετρῶν.
2230 5712 2455 5786 81³ιὶιηῖ
2481 5725 2714 5783 quatuor
2770 5712 2920 5768 IIISS;
2949 5712 3409 5768 άνακυκλοῦσθαι.
3441 5713 3518 5770 At

1942 5785 2066 5838 editi
2108 5785 2548 5839 άνακυκλεῖσθαι.

2015 5858 2127 5926 (65)
2165 5858 2374 5926 Aliquot
2407 5873 2542 5911 mss.
2578 5853 2848 5908 δεικνῦσα.
