4058 6460
282 444 360 498 55
1418 429 1703 485 IlOMlLiA
1744 428 1807 481 Ill
1845 426 1909 481 IN
1950 423 2445 480 HEXAEMERON.
3449 419 3516 472 δι

283 562 580 636 ἑσπερινήν
612 559 949 631 εὐφροσύνην
994 554 1375 626 ποιησάμενος,
1408 548 1503 605 νῦν
1533 550 1624 602 ἐπὶ
1655 548 1723 601 τά
1755 547 1851 618 τῆς

1957 546 2127 612 niam,
2158 545 2229 599 ita
2260 542 2619 614 vespertinam
2654 538 2891 594 lcetitiam
2934 534 3135 599 eﬂ'ecit,
3166 548 3305 589 nunc
3340 534 3407 589 ad
3435 549 3520 589 se-

282 654 545 726 δευτέρας
579 653 831 723 θαύματα
885 649 1215 722 μεταϐαίνει.
1263 644 1420 713 Λέγω
1467 642 1522 695 δὲ
1557 641 1715 695 τοῦτο
1755 639 1852 694 οὐκ

285 747 386 799 ἐπὶ
434 745 532 816 τὴν
580 742 673 796 τοῦ
718 740 1079 812 ἐξηγουμένου
1120 735 1347 805 δύναμιν
1394 731 1699 803 ἀναφέρων,
1737 728 1851 783 ἀλλ’

286 836 383 889 ἐπὶ
408 834 504 906 τὴν
532 834 689 905 χάριν
715 834 821 886 τῶν
848 832 959 901 (75)
986 823 1404 898 γεγραμμένων,
1433 821 1675 891 φυσικῶς
1702 819 1852 889 ἔχου·

288 944 393 981 σαν
422 925 482 979 τὸ
515 925 931 996 εὐπαράδεκτον,
965 918 1059 973 καὶ
1099 918 1248 989 πάσῃ
1280 913 1475 985 καρδίᾳ
1503 909 1768 982 προσηνές
1794 926 1853 963 τε

287 1018 386 1070 καὶ
415 1017 584 1087 φίλον,
611 1016 717 1068 τῶν
744 1015 803 1066 τὸ
831 1011 1025 1083 ἀληθὲς
1064 1009 1159 1063 τοῦ
1190 1006 1413 1064 πιθανοῦ
1444 1001 1851 1087 προτιμῶντωῌν.

288 1083 444 1154 Καθό
475 1100 568 1153 καὶ
592 1102 620 1153 ὁ
650 1095 953 1167 Ψαλμῳδὸς
979 1094 1089 1164 (74)
1124 1088 1546 1162 ὲμφατικῶτατα
1566 1084 1628 1137 τὸ
1665 1086 1728 1137 ὲκ
1754 1083 1853 1153 τῆς

286 1193 548 1264 ἀληθείας
578 1193 674 1264 ἡδὺ
711 1187 1009 1260 παριστῶν,
1054 1188 1150 1252 Ὠς
1178 1180 1422 1255 γλυκέα,
1453 1176 1606 1247 φησὶ,
1635 1174 1716 1241 τῷ
1744 1174 1854 1228 λά-

280 1285 463 1354 ρυγγί
484 1301 603 1354 μου
635 1280 705 1334 τὰ
742 1278 918 1349 λόγιά
954 1293 1091 1340 σου,
1120 1273 1271 1340 ὑπὲρ
1303 1268 1443 1339 μέλι
1481 1266 1561 1331 τῷ
1606 1264 1856 1333 στόματι

282 1396 426 1448 μου.
454 1376 595 1438 Χθὲς
634 1373 831 1434 τοίνυν,
868 1369 1096 1424 καθόσον
1126 1362 1194 1437 ἦν
1226 1362 1447 1418 δυνατὸν
1473 1358 1608 1430 (75),
1634 1360 1699 1428 τῇ
1729 1358 1856 1427 περὶ

284 1471 361 1525 τὰ
386 1471 540 1539 λόγια
566 1466 659 1520 τοῦ
686 1464 821 1519 Θεοῦ
850 1461 1097 1534 διατριϐῇ
1134 1459 1234 1523 τὰς
1260 1455 1440 1528 ψυχὰς
1470 1452 1624 1524 ὑμῶν
1652 1451 1856 1520 εὐφρά-

287 1578 500 1623 ναντες,
531 1557 689 1611 πάλιν
716 1556 1103 1627 ἁπηντήσαμεν
1133 1548 1242 1621 (76)
1283 1549 1518 1619 σήμερον
1550 1545 1607 1596 ὲν
1630 1541 1857 1612 δευτέρα

287 1652 494 1723 ἡμέρᾳ,
523 1646 631 1702 τῶν
666 1646 764 1716 τῆς
791 1645 1047 1715 δευτέρας
1070 1640 1280 1713 ἡμέρας
1306 1636 1479 1706 ἔργων
1503 1632 1572 1686 τὰ
1604 1631 1857 1701 θαύματα

288 1741 669 1811 κατοψόμενοι.
730 1736 889 1790 Ἀλλά
941 1736 1051 1807 γὰρ
1088 1734 1147 1786 οὐ
1193 1730 1384 1800 λέληθὲ
1434 1745 1520 1798 με,
1556 1727 1637 1779 ὅτι
1672 1724 1856 1777 πολλοὶ

285 1836 527 1904 τεχνῖται
576 1829 684 1884 τῶν
730 1828 1011 1899 βαναύσων
1044 1823 1246 1895 τεχνῶν
1267 1863 1281 1885 ,
1317 1818 1613 1891 ἀγαπητῶς
1649 1819 1712 1870 ὲκ
1753 1815 1855 1885 τῆς

287 1897 387 1991 ἐφ’(
406 1921 618 1993 ἡμέραν
640 1897 898 1990 ἐργασίας
920 1916 1016 1986 τὴν
1048 1912 1250 1985 τροφῆν
1278 1913 1486 1974 ἑαυτοῖς
1517 1908 1626 1977 (77)
1650 1921 1856 1975 συμπο-
1885 1897 1927 1951 Β

291 2012 565 2087 ρίζοντες,
604 2010 1023 2083 περιεστήκασιν
1084 2006 1250 2075 ἡμᾶς,
1301 2002 1351 2056 οἳ
1399 2001 1489 2055 τὸν
1538 1999 1693 2066 λόγον
1727 1999 1857 2068 ἡμῖν

289 2106 696 2173 σνντέμνουσιν,
735 2102 822 2153 ἵνα
864 2098 937 2169 μὴ
979 2096 1073 2148 ἐπὶ
1114 2094 1248 2148 πολὺ
1277 2093 1377 2164 τῆς
1408 2090 1667 2162 ἐργασίας
1696 2088 1859 2158 ἀφέλ-

288 2214 512 2252 κωνται,
560 2192 701 2264 Πρὸς
748 2190 841 2253 οὓς
872 2189 925 2241 τί
974 2204 1148 2257 φημι,
1204 2187 1324 2239 ’Ότι
1361 2185 1419 2237 τὸ
1461 2180 1733 2236 δανεισθὲν
1780 2178 1858 2249 τῷ

289 2287 411 2358 Θεῷ
438 2284 531 2340 τοῦ
561 2284 749 2354 χρόνου
790 2282 951 2353 μέρος
981 2281 1081 2333 οὐκ
1106 2275 1443 2347 ἀφανίζεται,
1466 2273 1600 2327 ἀλλά
1628 2273 1723 2325 σὺν
1763 2287 1859 2340 με-

287 2379 429 2450 γάλῃ
469 2373 774 2429 ἀποδίδοται
804 2372 931 2444 παρ’
963 2370 1126 2425 αὑτοῦ
1169 2372 1235 2441 τῇ
1277 2366 1579 2438 προσθήκῃ.
1612 2362 1720 2415 Καὶ
1748 2361 1856 2430 γὰρ

285 2473 409 2527 ὅσαι
442 2466 789 2538 περιστάσεις
818 2465 1070 2535 ἀσχολίας
1113 2459 1413 2530 ποιητικαὶ,
1447 2455 1644 2518 ταύτας
1670 2455 1698 2507 ό
1742 2453 1856 2507 Κύ-

291 2577 406 2633 ριος
433 2557 789 2629 παραπέμψει
809 2572 821 2584 ’
856 2555 949 2609 καὶ
973 2553 1181 2622 σώματι
1206 2549 1377 2613 τόνον,
1415 2547 1507 2600 καὶ
1534 2546 1678 2615 ψυχῇ
1720 2560 1856 2614 προ-

288 2652 354 2704 Ou
364 2649 511 2720 μίαν,
538 2644 993 2715 συναλλαγμάτων
1010 2639 1327 2711 εὐμάρειαν,
1357 2636 1450 2689 καὶ
1469 2635 1566 2705 τὴν
1583 2635 1661 2696 εἰς
1681 2633 1859 2685 πάντα.

286 2741 381 2794 τὸν
430 2739 539 2810 βίον
590 2738 796 2791 εὐοδίαν
838 2738 949 2798 τοῖς
994 2732 1063 2786 τὰ
1102 2728 1443 2801 πνευματικὰ
1493 2724 1856 2795 προτιμότερα

288 2832 631 2904 ποιουμένοις
675 2828 868 2892 διδούς.
901 2825 1017 2880 Κᾶν
1050 2827 1109 2879 ἐν
1155 2823 1231 2894 τῷ
1262 2822 1488 2893 παρόντι
1524 2818 1580 2870 δὲ
1616 2815 1690 2886 μὴ
1736 2816 1855 2868 κατ’

288 2927 511 2989 ἐλπίδας
534 2926 663 2996 ἡμῖν
703 2923 813 2993 (78)
844 2921 977 2990 ἐκϐῇ
1004 2918 1070 2970 τὰ
1101 2913 1527 2982 σπουδαζόμενα,
1558 2908 1693 2962 ἀλλὰ
1720 2908 1857 2978 πρός

287 3036 355 3089 γε
395 3020 487 3071 τὸν
520 3014 715 3088 ἐφεξῆς
744 3014 913 3067 αἰῶνα
946 3008 1147 3077 ἀγαθὸς
1178 3004 1446 3077 θησαυρὸς
1480 3004 1511 3072 ἡ
1543 2998 1857 3055 διδασκαλία

288 3110 386 3164 τοῦ
432 3110 766 3179 Πνεύματος.
818 3102 1004 3156 ’Λνελε
1044 3100 1221 3154 τοίνυν
1272 3097 1372 3167 τῆς
1408 3094 1635 3164 καρδίας
1677 3093 1856 3146 πᾶσαν

288 3200 383 3255 τοῦ
412 3199 525 3269 βίου
553 3199 837 3268 μέριμναν,
862 3194 955 3247 καὶ
974 3193 1093 3247 ὅλον
1116 3208 1203 3263 μοι
1232 3188 1454 3243 σεαυτὸν
1480 3184 1711 3240 ἐνταῦθα
1734 3201 1858 3237 συν-

288 3294 482 3362 άγαγε.
526 3289 599 3342 Οὐ
636 3287 743 3357 γὰρ
778 3285 967 3357 όφελός
999 3303 1050 3338 τι
1089 3284 1190 3353 τῆς
1233 3282 1327 3335 τοῦ
1370 3279 1620 3349 σώματος
1647 3294 1854 3347 παρου-

290 3385 431 3447 σίας,
469 3382 567 3452 τῆς
590 3379 817 3453 καρδίας
845 3395 937 3431 σου
965 3376 1093 3445 περὶ
1126 3374 1216 3427 τὸν
1238 3374 1425 3443 γήϊνον
1456 3369 1725 3441 θησαυρὸν
1763 3386 1860 3423 πο-

285 3476 575 3548 νουμένης.

358 3570 413 3623 2.
455 3568 562 3623 Καὶ
598 3562 765 3620 εἶπεν
799 3565 831 3616 ό
868 3562 1042 3626 Θεὸς·
1091 3557 1407 3626 Γενηθήτω
1459 3553 1759 3624 στερέωμα
1789 3553 1861 3606 ἐν

282 3659 453 3730 μέσῳ
503 3656 609 3709 τοῦ
658 3653 893 3718 ὕδατος,
930 3649 1027 3703 καί
1059 3650 1214 3702 ἔστω
1246 3644 1585 3717 διαχωρίζον
1612 3644 1730 3697 ἀνὰ
1751 3641 1857 3712 μέ-

286 3769 405 3808 σον
438 3750 653 3816 ὓδατος
688 3748 786 3803 καὶ
814 3746 1051 3811 ὓδατος.
1084 3743 1222 3815 Ἤδη
1254 3744 1348 3796 καὶ
1392 3740 1518 3812 χθὲς
1546 3737 1858 3809 ἠκούσαμεν

286 3843 426 3899 Θεοῦ
471 3843 727 3914 ῥημάτων
747 3860 759 3873 ·
795 3838 1112 3904 Γενηθήτω
1141 3835 1291 3905 φῶςο
1336 3836 1427 3888 καὶ
1454 3833 1718 3903 σήμερον·
1751 3832 1858 3883 Γε-

283 3935 522 4004 νηθήτω
549 3933 865 4001 στερέωμα.
901 3929 1066 3981 Πλέον
1099 3928 1155 3980 δέ
1178 3946 1231 3980 τι
1260 3928 1402 3996 ἔχειν
1428 3926 1574 3978 δοκεῖ
1607 3924 1676 3975 τὰ
1719 3940 1858 3990 παρ-

283 4031 449 4090 όντα,
482 4028 563 4079 ὅτι
606 4026 706 4077 οὐκ
749 4023 1038 4093 ἁπέμεινεν
1090 4019 1200 4089 (79)
1237 4021 1265 4071 ὁ
1306 4018 1461 4082 λόγος
1509 4018 1565 4067 ὲν
1601 4015 1740 4084 ψιλῴ
1779 4013 1855 4083 τῷ

286 4118 685 4193 προστάγματι,
714 4115 847 4168 άλλά
870 4114 962 4166 καὶ
981 4112 1078 4184 τὴν
1102 4111 1275 4164 αἰτίαν
1303 4107 1417 4162 καθ’
1439 4109 1504 4177 ἦν
1525 4106 1854 4176 ἐπιζητεῖται

282 4215 381 4269 τοῦ
419 4209 788 4285 στερεώματος
835 4210 869 4278 ή
915 4204 1224 4275 κατασκευὴ
1266 4199 1688 4274 προσ-διώρισεν*
1731 4198 1855 4250 Ἵνα

283 4304 621 4375 διαχωρίζῃ,
662 4301 844 4371 φησὶν,
878 4298 992 4352 ἀνὰ
1013 4295 1206 4365 μέσον
1244 4294 1459 4359 ὕδατος
1489 4291 1585 4346 καὶ
1618 4289 1850 4354 ὓδατος.

283 4399 509 4468 Πρῶτον
542 4398 637 4465 μὲν
674 4390 765 4447 οὖν
797 4390 1151 4453 ἀναλαϐόντες
1196 4387 1467 4458 ζητῶμεν,
1506 4388 1621 4448 πῶς
1649 4386 1677 4437 ό
1722 4383 1853 4445 Θεὸς

283 4488 612 4555 διαλέγεται.
650 4482 795 4554 ’Ἄρα
828 4484 917 4536 τὸν
943 4481 1208 4554 ἡμέτερον
1253 4479 1362 4548 (80)
1395 4479 1625 4548 τρόπον,
1659 4476 1853 4547 πρότε-

1959 639 2149 696 condat
2178 638 2280 692 diei
2315 633 2577 691 miracula
2620 631 2835 686 transit.
2882 628 2994 683 Hoc
3033 636 3209 681 autem
3246 626 3388 693 dico,
3420 640 3521 681 nec

1958 742 2136 786 tamen
2173 728 2349 784 refero
2388 741 2454 781 ao
2499 723 2805 779 enarrantis
2835 720 3170 786 facultatem,
3205 720 3299 773 sed
3332 719 3397 772 ad
3427 734 3522 774 eo-

1956 838 2075 878 rum
2120 836 2239 891 qute
2289 819 2488 889 scripta
2540 824 2667 871 sunt
2716 813 2970 882 gratiam,
3000 827 3119 882 quae
3160 826 3189 863 a
3240 817 3427 863 natura
3466 809 3519 863 id

1958 911 2122 966 habet
2170 918 2227 964 ut
2279 908 2436 964 facile
2479 906 2799 975 excipiatur,
2828 905 3088 971 omnique
3137 900 3286 956 cordi
3329 915 3518 954 eorum

1957 1003 2047 1072 qui
2086 1001 2368 1056 veritatem
2422 997 2683 1068 probabili
2730 1002 3085 1063 anteponunt,
3122 993 3314 1047 blanda
3354 991 3422 1046 sit
3465 1001 3519 1046 et

1958 1102 2130 1165 grata.
2158 1091 2316 1146 Juxta
2342 1091 2481 1161 quod
2508 1098 2564 1143 et
2587 1087 2790 1142 Psaltes
2816 1084 3308 1156 signiﬁcantissitne
3339 1082 3521 1137 suavi-

1958 1193 2125 1237 tatem
2173 1181 2431 1235 exhibens
2473 1178 2740 1242 veritatis,
2773 1176 2847 1230 ait
2882 1194 2894 1228 :
2930 1174 3099 1240 Quam
3131 1174 3309 1228 dulcia
3344 1174 3519 1243 fauci-

1959 1275 2051 1327 bus
2099 1274 2227 1326 meis
2274 1270 2478 1341 eloquia
2513 1280 2625 1334 tua,
2664 1285 2821 1337 super
2856 1268 2956 1322 mel
3000 1270 3079 1320 ori
3118 1283 3228 1319 meo
3251 1265 3316 1320 ³⁸.
3362 1266 3519 1321 Post-

1957 1381 2117 1435 quam
2167 1368 2349 1433 itaque
2398 1365 2647 1416 hesterna
2680 1361 2744 1415 de
2781 1360 2874 1416 Dei
2915 1359 3144 1429 eloquiis
3180 1358 3519 1425 tractatione,

1957 1464 2217 1526 quantum
2243 1454 2294 1507 in
2323 1453 2480 1507 nobis
2507 1452 2671 1506 situm
2696 1449 2815 1513 fuit,
2844 1448 3052 1503 animas
3074 1460 3285 1502 vestras
3309 1445 3519 1501 exhila-

1960 1547 2201 1602 ravimus
2238 1564 2252 1599 :
2287 1545 2480 1598 iterum
2525 1541 2686 1595 hodie
2732 1542 2965 1596 secunda
3015 1540 3101 1594 die
3146 1541 3519 1606 convenimus,

1960 1636 2217 1693 miracula
2246 1649 2469 1704 operum
2502 1632 2755 1687 secunda:
2785 1633 2890 1686 diei
2919 1630 3234 1700 spectaturi.
3264 1630 3334 1684 At
3375 1631 3520 1685 enim

1958 1745 2064 1784 non
2092 1744 2174 1784 me
2201 1729 2353 1791 latet,
2379 1725 2576 1779 multos
2607 1725 2807 1779 artium
2837 1724 3269 1779 mechanicarum
3295 1722 3523 1791 opifices

1960 1822 2309 1874 circumstare
2353 1832 2474 1881 nos,
2505 1816 2596 1886 qui
2644 1816 2745 1870 sibi
2779 1829 2845 1869 ex
2886 1815 3074 1869 diurna
3119 1828 3280 1883 opera
3309 1814 3397 1867 vix
3427 1828 3523 1884 pa-

1960 1921 2144 1968 rantes
2170 1913 2397 1975 victum,
2427 1926 2524 1965 nos
2556 1923 2859 1965 sermonem
2903 1906 3206 1962 discindere
3236 1922 3301 1962 ac
3328 1907 3523 1962 decur-

1961 2018 2075 2060 tare
2114 2013 2334 2071 cogunt,
2366 2012 2422 2056 ιιι
2470 2017 2538 2055 ne
2585 2001 2791 2056 diutius
2821 2001 2889 2055 ab
2919 2014 3084 2068 opera
3126 2000 3519 2053 distrahantur.

1958 2090 2083 2145 Istis
2115 2089 2241 2158 quid
2279 2090 2495 2143 dicam?
2520 2089 2784 2142 Nimirum
2816 2087 2970 2141 istam
3004 2092 3259 2157 temporis
3288 2097 3520 2157 partem,

1960 2183 2070 2237 Deo
2121 2181 2314 2235 faenori
2367 2180 2570 2244 datam,
2612 2194 2948 2247 nequaquam
2996 2180 3167 2248 perdi,
3203 2178 3296 2234 sed
3326 2193 3525 2250 magno

1959 2290 2079 2329 cum
2129 2274 2463 2327 incremento
2493 2271 2560 2324 ab
2601 2271 2716 2341 ipso
2762 2271 3002 2340 rependi.
3046 2270 3257 2324 Etenim
3296 2271 3525 2340 quicun-

1956 2381 2063 2435 que
2105 2379 2265 2418 casus
2308 2362 2752 2430 impedimentum
2797 2361 3050 2425 afferunt,
3074 2376 3168 2416 eos
3194 2361 3333 2417 Deus
3362 2379 3524 2417 aver-

1961 2464 2066 2521 tet;
2101 2470 2166 2509 ac
2210 2456 2426 2525 corpori
2472 2454 2655 2519 robur,
2691 2459 2872 2510 animo
2907 2455 3269 2521 alacritatem,
3298 2456 3525 2511 facilita-

1962 2560 2069 2605 tem
2113 2549 2428 2604 commercii
2462 2558 2517 2604 et
2552 2554 2968 2620 prosperitatcm
3010 2566 3107 2620 per
3153 2560 3321 2606 totam
3356 2551 3524 2605 vitam

1960 2642 2027 2696 iis
2078 2644 2166 2711 qui
2217 2641 2515 2711 spiritttalia
2566 2641 2916 2711 prmtulerint,
2948 2643 3239 2712 largiturus
3269 2651 3370 2697 est.
3408 2643 3524 2697 Etsi

1960 2747 2139 2789 autem
2190 2735 2242 2788 itt
2287 2734 2536 2803 praesenti
2570 2748 2676 2787 non
2710 2735 3001 2788 secundum
3038 2749 3184 2803 spem
3227 2735 3526 2790 succedunt

1959 2830 2142 2879 no'stra
2182 2825 2382 2887 studia,
2411 2833 2465 2877 at
2494 2833 2642 2879 certe
2671 2825 2905 2895 Spiritus
2932 2827 3175 2880 doctrina
3211 2838 3307 2894 pro
3340 2824 3526 2879 futuro

1959 2918 2156 2972 saculo
2200 2918 2485 2971 thesaurus
2529 2916 2700 2971 bonus
2744 2927 2845 2971 est.
2881 2916 3029 2972 Tolle
3069 2918 3230 2986 igitur
3262 2932 3328 2971 ex
3361 2916 3526 2971 corde

1958 3024 2175 3065 omnem
2202 3011 2377 3064 victus
2399 3007 2837 3074 sollicitudinem,
2857 3018 3132 3077 totumque
3168 3019 3219 3061 te
3248 3010 3360 3076 ipse
3392 3008 3524 3061 ntihi

1961 3100 2168 3168 collige.
2212 3099 2320 3155 Nec
2344 3100 2489 3153 enim
2522 3100 2816 3168 quidquam
2848 3113 2914 3152 ex
2944 3099 3187 3168 corporis
3235 3098 3523 3168 praesentia

1884 3228 1927 3286 ο
1964 3192 2257 3260 percipitur
2291 3190 2660 3255 emolumenti,
2693 3193 2737 3246 si
2771 3204 2918 3246 tuum
2949 3206 3042 3245 cor
3072 3195 3123 3244 in
3156 3201 3371 3245 terreno
3401 3191 3523 3246 tlte-

1961 3293 2124 3334 sauro
2148 3278 2511 3350 comparando
2538 3290 2854 3349 occupatur.

2026 3556 2081 3609 2.
2129 3555 2192 3607 Et
2243 3554 2376 3607 dixit
2414 3552 2552 3607 Deus
2588 3565 2607 3603 :
2650 3549 2780 3605 Fiat
2832 3552 3215 3620 ﬁrmamentum
3258 3551 3311 3605 in
3349 3551 3521 3607 medie

1957 3662 2128 3716 aqua',
2161 3657 2207 3698 et
2253 3647 2319 3698 sit
2367 3644 2665 3697 discernens
2715 3644 2850 3696 inter
2896 3660 3089 3712 aquam
3136 3653 3185 3696 et
3233 3660 3421 3707 aquam
3454 3643 3520 3697 ".

1957 3736 2072 3791 Jatn
2102 3736 2407 3789 audivimus
2433 3735 2548 3789 heri
2579 3735 2672 3789 Dei
2699 3734 2858 3787 verba
2890 3753 2904 3787 :
2938 3732 3059 3787 Fiat
3089 3733 3200 3787 lux.
3231 3734 3296 3787 Et
3324 3736 3520 3790 hodie:

1960 3826 2083 3881 Fiat
2111 3828 2521 3896 firmamentum.
2552 3826 2796 3894 Amplius
2825 3837 3002 3879 autem
3032 3827 3283 3895 quiddam
3325 3828 3524 3882 habere

1958 3921 2206 3975 videntur
2231 3919 2513 3987 praesentia
2555 3935 2567 3969 :
2609 3919 3037 3985 quandoquidem
3084 3932 3261 3971 sermo
3309 3933 3411 3973 non
3467 3920 3521 3972 in

1957 4013 2099 4065 nudo
2149 4018 2419 4078 praecepto
2469 4008 2786 4079 permansit,
2819 4008 2915 4063 sed
2959 4022 3174 4062 causam
3220 4008 3384 4063 etiam
3423 4024 3523 4063 cur

1957 4104 2280 4156 firmamenti
2332 4110 2606 4155 structura
2655 4099 2985 4168 requiratur,
3028 4099 3340 4162 declaravit,
3393 4101 3518 4152 dum

1956 4197 2032 4248 ait
2070 4211 2085 4247 :
2130 4190 2197 4246 Ut
2231 4195 2300 4246 sit
2330 4194 2626 4245 discernens
2672 4193 2808 4245 inter
2837 4192 2942 4262 23
2987 4208 3175 4259 aquam
3214 4200 3259 4242 et
3303 4206 3516 4258 aquam.

1954 4286 2192 4340 Primum
2254 4285 2469 4354 quidem
2516 4287 2656 4354 quod
2708 4294 3013 4350 susceptum
3053 4291 3157 4345 est,
3193 4282 3243 4336 id
3278 4282 3518 4351 inquira-

1958 4394 2097 4444 mus,
2136 4378 2407 4447 quomodo
2446 4377 2587 4429 Deus
2629 4377 2897 4444 loquatur.
2950 4373 3085 4426 Num
3119 4389 3267 4428 more
3310 4383 3516 4441 nostro,

1957 4476 2107 4545 prius
2169 4487 2348 4527 rerum
2416 4472 2626 4541 Species
2686 4468 3011 4538 imprimitur
3074 4471 3126 4523 in
3189 4471 3515 4526 intellectu:

287 4598 383 4646 ρον
425 4580 521 4651 μὲν
562 4580 589 4630 ό
620 4578 728 4629 ἀπὸ
758 4577 865 4630 τῶν
913 4574 1253 4646 πραγμάτων
1294 4572 1457 4634 τύπος
1492 4572 1762 4640 ἐγγίνεται
1790 4571 1855 4639 τῇ

1962 4566 2152 4621 deinde
2196 4571 2316 4631 post
2366 4573 2678 4633 conceptam
2730 4565 2911 4617 animo
2946 4562 3230 4631 imaginem
3275 4565 3520 4633 proprias

359 4789 407 4821 ³⁸
442 4787 580 4844 Psal.
618 4801 806 4851 cum,
850 4782 967 4836 105.
1045 4784 1089 4813 ³⁸
1115 4782 1243 4836 Gcn.
1274 4798 1309 4843 t,
1348 4782 1395 4834 7.

354 4958 465 5022 (75)
496 4955 647 5020 Colb.
681 4954 884 5023 primus
914 4952 1003 5004 ἐπὶ
1023 4950 1124 5023 τῆς
1155 4948 1373 5023 χάριτος
1402 4945 1527 5023 τῶν.

504 5015 644 5099 Editi
672 5015 796 5099 cunt
818 5015 1090 5075 nonnullis
1115 5015 1242 5073 uiSsI
1277 5017 1639 5099 ῥψαλμόςε-εί
1674 5015 1849 5099 Ῐιὲιλὶϋ-

282 5086 733 5171 git‘_lf.t'_tst_at_l_titts.
756 5096 844 5171 ΔΑΙ.
883 5108 1022 5171 veto
1045 5105 1171 5171 tuss.
1202 5086 1449 5171 attint—itte
1471 5089 1498 5137 ό
1525 5086 1845 5171 ιξἀλμῳδός.

362 5168 473 5234 (75)
506 5165 654 5216 Colit.
688 5166 891 5229 primus
924 5162 1153 5234 καθόσον
1184 5160 1349 5211 πᾶσιν
1379 5158 1599 5234 δυνατόν
1622 5200 1635 5217 .
1689 5169 1846 5225 prout

324 5228 503 5302 uisqtte
524 5228 741 5300 poterat.
785 5234 933 5286 “illul
960 5233 1127 5302 multo
1171 5238 1301 5302 pttsl_
1318 5231 1478 5282 editio
1512 5228 1691 5302 intris.
1724 5245 1843 5302 cum

309 5298 471 5376 tegi-is
506 5298 740 5376 tertiorct
761 5314 961 5376 *ηψπ-μ)
987 5301 1160 5376 ψυχὰς
1191 5298 1362 5376 ὑμῶν,
1398 5311 1449 5353 et
1480 5299 1555 5351 sic
1583 5299 1708 5376 legit
1742 5298 1843 5376 En-

284 5368 535 5456 staihius.
571 5373 678 5428 Sed
708 5373 872 5427 editio
908 5368 1217 5426 BuSilfcutu
1244 5370 1477 5438 quinque
1510 5383 1638 5422 mss.
1666 5368 1843 5438 ψυχὰς

370 5464 466 5497 ων.

282 5449 473 5583 ήμξῗὲ)
501 5511 655 5583 Colb.
710 5511 914 5580 primus
956 5512 1374 5581 ἁπαντήσωμεν.
1402 5508 1758 5583 lhidemnctliti
1786 5508 1844 5559 ἐν

281 5577 623 5658 τῇδευτέρᾳ.
654 5577 759 5637 seu
785 5585 934 5636 deest
951 5577 1219 5658 articulus
1255 5577 1416 5658 in_sex
1452 5595 1575 5658 mss.
1595 5577 1704 5658 Hoc
1728 5579 1844 5643 ipso

283 5648 353 5711 iti'
383 5657 498 5710 loco
528 5648 759 5720 quatuor
788 5670 915 5707 mss.
948 5651 1201 5721 δευτέρας
1220 5649 1436 5721 ἡμέρας
1457 5648 1652 5719 ἔργων.
1691 5648 1843 5721 Deest

286 5726 499 5797 ἡμέρας
534 5718 775 5797 in_editis
807 5723 926 5775 etin
956 5718 1220 5775 nonnullis
1243 5718 1371 5773 mss.
1400 5718 1552 5772 Coll).
1579 5718 1845 5774 secundus

317 5792 466 5867 ῥγρξν
490 5792 559 5867 τᾲ
586 5792 883 5867 θαυμάσια.

358 5857 469 5937 (77)
504 5864 652 5921 Colb.
688 5857 1119 5934 primus-spec;qu
1144 5860 1369 5916 ἑαυτῶν.
1396 5857 1467 5912 Ea
1488 5860 1695 5915 videtur
1727 5873 1843 5913 csse

1956 4943 2038 4996 vis
2079 4941 2223 4995 vocis
2240 4936 2565 5008 ἀγαπητῶς·
2593 4936 2696 5002 Qui
2717 4947 2954 5006 putantes
2971 4951 3141 4989 secum
3172 4935 3512 5008 bene_actum,

1956 5015 2003 5066 si
2044 5014 2239 5065 victum
2274 5004 2340 5064 ea:
2365 5004 2559 5062 diurna
2589 5004 2744 5074 opera
2768 5008 2868 5060 sibi
2905 5016 3223 5069 comparent.
3276 5004 3386 5058 Hoc
3409 5020 3513 5073 cst,

1953 5086 2144 5135 rictum
2171 5081 2257 5134 vix
2290 5088 2559 5146 parantes,
2591 5087 2643 5131 et
2678 5092 2902 5146 parasse
2922 5078 3052 5146 satis
3082 5076 3360 5146 habentes.
3392 5076 3508 5130 Mox

1953 5168 2080 5205 mss.
2112 5144 2312 5217 septem
2337 5149 2493 5216 λόγον
2524 5149 2655 5218 ἡμῖν
2684 5164 2829 5199 συντ.
2865 5145 3003 5199 Editi
3035 5144 3189 5210 λόγον
3219 5144 3393 5213 ἡμῶν.
3431 5148 3512 5198 In-

1951 5222 2029 5275 fra
2058 5221 2118 5274 τὸ
2142 5218 2437 5273 δανεισθὲν.
2475 5218 2613 5285 Lege
2651 5227 2826 5268 notum
2858 5218 3049 5275 llurmi,
3074 5230 3177 5281 qua
3221 5217 3324 5266 vim
3359 5218 3506 5268 veriti

1947 5290 2283 5354 δανείζεσθαι
2319 5289 2567 5355 explicat.
2618 5285 2707 5339 Sic
2740 5287 2897 5339 vertit
2935 5286 3014 5337 vir
3068 5292 3253 5337 doctus
3287 5302 3298 5334 :
3337 5285 3508 5349 Quam

1953 5358 2296 5432 [portionem]
2334 5356 2734 5432 contmodarint.

2022 5431 2131 5499 (73)
2170 5428 2241 5481 ita
2279 5423 2426 5499 ξιιιες.
2458 5426 2699 5499 Combcf.
2760 5440 2879 5479 rttm
2929 5423 3051 5478 aliis
3089 5424 3325 5491 quinque
3372 5438 3504 5477 mss.

1946 5496 2085 5553 Editi
2114 5496 2245 5551 cum
2281 5498 2447 5567 Regio
2478 5496 2809 5567 ιογτιίολὺμῖν.

2016 5570 2256 5642 (79)_Sic
2303 5561 2465 5619 editio
2524 5561 2858 5620 Basilﬂcum
2907 5574 3108 5634 septem
3161 5578 3293 5618 mss.
3328 5561 3508 5617 Editio

1944 5636 2116 5694 Paris.
2147 5636 2447 5707 ἐπέμεινεν.

2017 5712 2125 5779 (80)
2158 5704 2296 5760 Editi
2338 5706 2478 5760 κατὰ
2503 5706 2594 5759 τὸν
2619 5706 2906 5777 ἡμέτερον.
2935 5704 3091 5779 Deest
3124 5704 3266 5757 κατά
3296 5706 3346 5759 in
3370 5719 3504 5779 mss.

1942 5774 2233 5849 Aliquanto
2263 5788 2382 5842 post
2424 5788 2532 5831 tres
2580 5774 2707 5831 mss.
2752 5774 3213 5846 φαντασιωθῆναι,
3262 5792 3363 5831 non
3393 5775 3507 5831 dis-

1944 5852 2101 5907 simili
2128 5863 2308 5902 sensu.
