4058 6438
534 359 604 417 53
1554 386 1559 391 ·
1879 367 1935 423 S.
1979 366 2224 421 BASILII
2264 366 2477 422 MAGNI
3736 371 3804 428 56

530 483 590 533 et
632 474 922 545 unicuique
968 476 1218 547 subjecto
1262 482 1648 537 accommodas
1690 480 2114 549 signiﬁcationes

2217 483 2433 553 νοήσει,
2462 482 2651 537 ἔπειτα
2687 485 2823 555 μετὰ
2849 485 2910 540 τὸ
2950 484 3345 557 φαντασθῆναι,
3385 483 3494 538 ἀπὸ
3524 484 3636 539 τῶν
3667 486 3803 539 ὑπο.

531 568 791 640 seligens,
832 570 1126 624 enuntiat?
1159 587 1285 626 num
1322 572 1555 642 denique
1588 573 1855 629 vocalium
1885 589 2113 645 organo-

528 675 651 715 rum
704 662 1014 717 ministerio
1062 662 1296 732 cogitata
1353 667 1729 731 committens,
1779 668 1854 722 ita
1898 666 2112 722 demum

528 768 629 822 per
657 754 803 809 aeris
837 754 1279 825 impressionem,
1312 758 1380 811 ad
1412 761 1559 815 vocis
1590 771 1795 815 motum
1829 760 2115 815 articulate

529 843 858 899 distinctum
906 848 1398 913 accommodatam,
1432 851 1812 919 cogitationem
1848 851 2111 906 internam

531 934 882 991 manifestat?
926 935 992 993 Et
1016 939 1290 1008 quomodo
1321 954 1425 994 non
1460 940 1764 997 fabulosum
1795 952 1902 1006 est,
1930 943 2113 998 dicere

531 1027 701 1082 Deum
736 1029 803 1083 ad
833 1044 960 1085 suas
993 1032 1352 1098 cogitationes
1393 1034 1746 1090 declarandas
1792 1037 2114 1092 circuitione

532 1120 623 1174 tali
689 1122 963 1193 indigere?
1036 1123 1226 1181 Nonne
1284 1127 1454 1197 magis
1517 1129 1664 1197 pium
1733 1136 1815 1181 est
1884 1129 2109 1193 dicere,

530 1212 859 1269 voluntatem
926 1216 1201 1281 divinam,
1272 1219 1614 1287 primumque
1701 1219 1950 1272 motionis
2036 1221 2116 1273 in-

533 1304 824 1373 telligentis
898 1307 1185 1375 impetum,
1245 1308 1480 1364 Verbum
1563 1324 1684 1364 esse
1746 1310 1883 1365 Dei?
1943 1310 2114 1364 Porro

530 1402 819 1455 verborum
889 1404 1091 1458 ambitu
1164 1406 1338 1472 ipsmn
1403 1407 1687 1460 adumbrat
1766 1408 2113 1475 deliueatque

533 1491 853 1561 Scriptura,
921 1504 979 1547 ut
1061 1496 1392 1551 demonstret
1477 1500 1617 1567 quod
1698 1515 1802 1552 non
1886 1498 2116 1553 voluerit

508 1584 705 1638 'solum
772 1584 887 1639 fieri
961 1596 1303 1653 creaturam,
1362 1590 1454 1643 sed
1512 1606 1631 1643 eam
1690 1592 1851 1644 etiam
1916 1593 1969 1645 in
2030 1592 2113 1647 lu-

531 1687 649 1728 cem
682 1675 769 1729 edi
818 1690 911 1744 per
950 1679 1255 1746 quempiam
1296 1681 1476 1750 operis
1523 1680 1604 1734 sui
1647 1681 1852 1735 socium
1887 1697 1951 1737 ac
1988 1697 2114 1737 con-

532 1774 758 1820 sortem.
798 1766 1015 1822 Poterat
1051 1770 1215 1831 eniin,
1250 1773 1323 1824 uti
1370 1773 1522 1826 initio
1560 1772 1771 1828 loeutus
1811 1774 2011 1839 fuerat,
2045 1776 2112 1829 de

2214 574 2486 645 κειμένων
2511 575 2608 640 τὰς
2636 578 2842 643 οἰκείας
2880 579 2974 633 καὶ
3016 581 3315 650 προσφυεῖς
3359 578 3588 632 ἑκάστου
3628 595 3784 648 σημα

2215 665 2335 728 σίας
2362 666 2718 736 ἐκλεγόμενος
2750 669 3104 740 ἐξαγγέλλει;
3139 664 3256 721 εἷτα
3297 670 3363 738 τῇ
3390 668 3669 739 ὑπηρεσίᾳ
3693 668 3806 721 τῶν

2214 756 2538 826 φωητικῶν
2579 759 2824 830 ὀργάνων
2880 760 3157 833 παραδοὺς
3206 758 3277 812 τὰ
3327 758 3606 829 νοηθέντα,
3659 759 3807 813 οὕτω

2212 848 2301 902 διὰ
2329 849 2431 919 τῆς
2454 850 2548 903 τοῦ
2585 852 2745 922 ἀέρος
2767 854 3084 918 τυπώσεως,
3111 851 3256 907 κατὰ
3284 851 3382 923 τὴν
3405 851 3666 923 ἔναρθρον
3704 852 3808 922 τῆς

2214 944 2399 1014 φωνῆς
2430 943 2663 1015 κίνησιν,
2690 947 2747 998 ἐν
2775 948 2850 1018 τῷ
2881 947 3110 1020 κρυπτῷ
3138 947 3319 1017 νόημα
3346 946 3626 1016 σαφηνίζει
3652 945 3765 1014 (81)
3790 961 3808 1010 ;

2214 1034 2326 1087 Καὶ
2367 1034 2485 1100 πῶς
2515 1037 2577 1089 οὑ
2624 1037 2868 1106 μυθῶδες
2901 1041 3000 1110 τῆς
3041 1039 3299 1110 τοιαύτης
3337 1038 3586 1109 περιόδου
3619 1038 3807 1105 λέγειν

2212 1124 2303 1177 τὸν
2331 1126 2463 1179 Θεὸν
2494 1126 2727 1198 χρῄζειν-
2761 1128 2895 1199 πρὸς
2925 1132 3024 1201 τὴν
3059 1132 3167 1183 τῶν
3202 1129 3500 1199 νοηθέντων
3532 1128 3806 1199 δήλωσινς

2213 1216 2283 1269 Ἦ
2308 1216 2694 1289 εὐσεϐέστερον
2727 1218 2921 1287 λέγειν,
2948 1221 3029 1273 ὅτι
3058 1222 3118 1273 τὸ
3136 1220 3278 1273 θεῖον
3303 1220 3414 1289 (82)
3434 1218 3682 1289 βούλημα
3706 1220 3808 1271 καὶ

2213 1308 2245 1376 ἡ
2265 1307 2455 1379 πρώτη
2474 1308 2617 1380 ὁρμὴ
2638 1309 2734 1361 τοῦ
2761 1310 2947 1382 νοεροῦ
2965 1312 3282 1383 κινήματος,
3300 1309 3459 1363 τοῦτο
3485 1309 3657 1376 Λόγος
3684 1310 3806 1361 ἐστὶ

2211 1399 2304 1453 τοῦ
2342 1399 2511 1465 Θεοῦς
2539 1401 2872 1473 Σχηματίζει
2903 1402 2960 1455 δὲ
2992 1403 3152 1456 αὑτὸν
3190 1402 3498 1469 διεξοδικῶς
3521 1404 3555 1472 ἡ
3585 1401 3800 1471 Γραφὴ,

2214 1490 2300 1544 ἴνα
2330 1492 2499 1564 δείξῃ,
2532 1494 2613 1547 ὅτι
2643 1496 2765 1564 οὐχὶ
2794 1495 3045 1563 γενέσθαι
3074 1497 3233 1565 μόνον
3261 1494 3526 1565 ἐόουλήθη
3562 1495 3661 1562 τὴν
3693 1495 3805 1545 κτί-

2216 1599 2319 1647 σιν,
2356 1584 2490 1638 me
2520 1586 2615 1639 xui.
2640 1585 2730 1639 διά
2756 1604 2900 1650 τινος
2930 1586 3192 1657 συνεργοῦ
3218 1586 3561 1659 παραχθῆναι
3594 1584 3803 1655 ταύτην

2214 1674 2292 1736 εἰς
2317 1676 2585 1747 γέννησιν.
2632 1676 2884 1733 Ἐδύνατο
2923 1678 3051 1749 γὰρ,
3090 1677 3164 1739 ὡς
3203 1677 3263 1741 ἐξ
3288 1679 3461 1749 ἀρχῆς
3492 1674 3632 1739 εἶπε,
3671 1679 3803 1747 περὶ

2214 1764 2429 1819 πάντων
2445 1768 2773 1832 ἐπεξελθεῖν
2794 1766 3054 1837 Ἐνάρχῇ
3069 1766 3356 1834 ἐποίησεν
3367 1770 3398 1820 d
3414 1767 3559 1832 Θεὸς
3574 1768 3683 1821 τὸν
3698 1769 3805 1821 οὺ-

534 1857 761 1927 singulis
792 1859 1016 1914 dicere:
1050 1860 1115 1914 1η
1171 1863 1432 1931 principio
1484 1864 1606 1930 fecit
1638 1865 1781 1920 Deus
1827 1866 2015 1920 calum
2062 1876 2111 1921 et

2216 1856 2400 1923 ρανόν
2427 1858 2525 1910 καὶ
2544 1859 2657 1927 τὴν
2672 1859 2816 1928 τῆν’
2839 1856 2990 1913 εἶταο
3032 1857 3311 1924 Ἐποίησε
3342 1855 3621 1926 φῶς(83)·
3654 1854 3799 1911 sim.

532 1958 723 2004 terram
744 1967 765 2015 ;
816 1951 1009 2007 deinde
1046 1976 1057 2008 :
1092 1951 1243 2007 Fecit
1286 1955 1507 2019 lucem;
1538 1966 1647 2011 tum
1692 1977 1704 2012 :
1738 1957 1884 2012 Fecit
1929 1958 2113 2028 ﬁrma-

530 2058 607 2098 ηιι
633 2053 783 2100 itum.
817 2044 968 2101 Nunc
1010 2057 1187 2101 autem
1227 2047 1393 2102 Deum
1449 2050 1805 2117 imperantem
1849 2059 1904 2105 et
1948 2051 2114 2106 collo-

530 2144 789 2205 quentem
828 2137 1091 2192 inducens
1135 2137 1441 2207 Scriptura,
1470 2141 1615 2193 illum
1648 2141 1732 2194 cui
1768 2142 2020 2211 imperat,
2057 2152 2113 2198 et

530 2240 764 2297 quocum
818 2225 1080 2295 loquitur,
1140 2228 1307 2283 tacite
1369 2229 1694 2296 subiodicat,
1736 2232 1933 2302 quippe
1991 2248 2111 2301 quae

528 2315 688 2371 nobis
714 2331 820 2370 non
850 2314 1091 2371 invideat
1130 2317 1519 2388 cognitionem.
1556 2322 1648 2374 sed
1682 2321 1749 2375 ad
1783 2321 2108 2376 desiderium

530 2421 633 2461 nos
691 2407 987 2473 accendat;
1040 2407 1166 2461 dum
1223 2409 1408 2462 arcani
1471 2411 1694 2477 vestigia
1750 2414 1997 2480 quaedam
2047 2426 2112 2467 ac

529 2497 730 2553 indicia
786 2508 1199 2554 commonstrat.
1252 2500 1403 2566 Quod
1455 2502 1602 2555 enim
1655 2503 1846 2557 labore
1892 2514 2108 2571 partum

531 2599 639 2653 est,
668 2605 793 2643 cum
842 2590 1041 2656 gaudio
1082 2590 1396 2658 suscipitur,
1426 2600 1479 2644 et
1505 2592 1795 2662 diligenter
1820 2606 2113 2647 conserva-

534 2688 659 2733 tur:
693 2689 904 2746 contra,
938 2695 1057 2749 qua:
1101 2677 1259 2735 facile
1296 2690 1701 2749 comparantur,
1732 2698 1794 2739 ea
1827 2697 1951 2739 cum
1981 2698 2114 2739 con-

531 2779 737 2841 temptu
771 2771 1137 2841 possidentur.
1172 2770 1519 2842 Quapropter
1551 2772 1633 2826 via
1675 2774 1908 2843 quadam
1938 2784 1994 2830 et
2017 2781 2109 2828 or-

533 2860 658 2913 dine
688 2875 787 2914 nos
825 2861 890 2915 ad
936 2860 1212 2931 Unigeniti
1260 2862 1509 2917 notitiam
1557 2864 1824 2932 perducit.
1866 2864 1931 2918 Et
1964 2873 2112 2921 certe

531 2953 706 3007 vocali
737 2968 987 3009 sermone
1020 2969 1124 3007 non
1155 2963 1271 3007 erat
1315 2969 1451 3022 opus
1500 2955 1831 3024 incorporea!
1858 2966 2067 3011 natura:
2094 2975 2107 3012 :

537 3046 973 3112 quandoquidem
1022 3060 1142 3113 qua:
1192 3043 1407 3098 fuerant
1456 3046 1714 3112 cogitata,
1762 3047 1949 3101 istliazc
1987 3063 2111 3101 cum

534 3149 603 3189 eo
630 3134 722 3204 qui
757 3135 938 3203 operis
965 3135 1145 3189 socius
1173 3150 1235 3189 ac
1262 3150 1487 3191 consors
1512 3146 1649 3202 erat,
1680 3146 1931 3205 poterant
1958 3153 2108 3194 com-

536 3228 829 3283 municari.
879 3227 1239 3295 Quamobrem
1270 3245 1516 3297 quaenam
1559 3239 1679 3284 erat
1710 3231 1980 3287 sermonis
2018 3248 2113 3288 ue-

536 3322 768 3377 eessitas
800 3321 887 3386 iis,
917 3322 1009 3391 qui
1038 3322 1153 3390 ipsa
1186 3322 1513 3389 cogitatione
1540 3336 1598 3376 se
1629 3323 1859 3377 invicem
1891 3338 2111 3379 suorum

535 3416 885 3472 consiliorum
937 3423 1189 3485 poterant
1233 3413 1413 3467 facere
1454 3414 1786 3483 participes?
1832 3413 1967 3469 Nam
2012 3431 2115 3471 vox

538 3518 758 3579 propter
801 3507 1061 3570 auditum,
1112 3516 1165 3561 et
1198 3506 1413 3560 auditus
1446 3512 1662 3574 propter
1696 3520 1904 3561 vocem.
1943 3507 2114 3565 Porro

541 3598 631 3654 ubi
668 3615 771 3654 non
802 3607 885 3654 est
918 3612 1031 3665 aer,
1060 3613 1159 3654 nec
1192 3597 1394 3667 lingua,
1426 3612 1525 3653 nec
1558 3597 1727 3663 auris,
1763 3612 1860 3654 nee
1905 3610 2113 3657 meatus

540 3694 775 3748 intortus
808 3706 972 3747 sonos
999 3692 1064 3746 ad
1095 3706 1313 3746 sensum
1349 3692 1402 3744 in
1443 3692 1618 3761 capite
1647 3690 1943 3757 repositum
1974 3695 2115 3747 rere-

539 3801 667 3841 rens
697 3803 712 3839 :
746 3785 819 3843 ibi
868 3798 1043 3855 neque
1073 3785 1358 3837 verborum
1409 3798 1541 3837 usus
1582 3792 1667 3838 est
1698 3801 1711 3836 :
1743 3781 1835 3837 sed
1868 3796 1935 3836 ex
1974 3782 2114 3852 ipsa,

541 3887 602 3932 ut
628 3878 702 3931 ita
734 3876 933 3941 dicam,
969 3874 1136 3929 animi
1174 3873 1504 3943 cogitatione
1544 3873 1602 3926 lit
1641 3874 1940 3929 voluntatis
1969 3887 2117 3928 com-

540 3967 861 4023 municatio.
906 3967 1107 4032 Quare,
1153 3964 1296 4033 quod
1340 3962 1571 4028 aiebam,
1598 3972 1657 4018 ut
1698 3966 1765 4019 ad
1808 3965 2116 4035 inquisitio-

543 4076 665 4115 nem
695 4073 941 4129 persona:
976 4058 1042 4111 ad
1077 4072 1238 4127 quam
1276 4056 1368 4110 hic
1401 4070 1580 4110 sermo
1607 4056 1876 4128 dirigitur,
1904 4058 2116 4113 excita-

541 4163 692 4208 retur
724 4167 878 4207 mens
923 4159 1131 4213 nostra,
1164 4149 1443 4220 sapienter
1489 4158 1654 4217 atque
1702 4149 1837 4205 scite
1887 4149 1975 4204 illa
2031 4149 2114 4205 lo-

541 4244 738 4315 quendi
769 4243 941 4298 forma
971 4251 1231 4311 usurpata
1265 4250 1367 4296 est.

610 4335 667 4391 5.
710 4333 1127 4405 Disquirendum
1161 4342 1246 4387 est
1278 4334 1515 4388 secundo
1564 4331 1703 4399 loco,
1745 4350 1811 4388 an
1865 4335 1972 4392 hoc
2021 4336 2117 4392 fir-

542 4439 877 4487 mamentum
908 4429 979 4482 sit
1009 4428 1152 4481 aliud
1180 4426 1307 4496 quid
1336 4427 1404 4480 ab
1431 4441 1495 4480 eo
1522 4426 1684 4490 coelo,
1713 4427 1854 4495 quod
1882 4428 1935 4481 in
1962 4428 2113 4498 prin-

2228 1950 2511 2016 Ἐποίησε
2540 1952 2605 2003 τὸ
2650 1951 2976 2021 στερέωμα.
3024 1949 3139 2003 Νῦν
3171 1948 3227 2001 δὲ
3253 1948 3345 2001 τὸν
3373 1947 3504 2001 Θεὸν
3527 1951 3804 2019 προστάτ-

2212 2058 2372 2094 τοντα
2398 2042 2492 2094 καὶ
2520 2041 2897 2114 διαλεγόμενον
2931 2042 3245 2110 εἰσάγουσα,
3278 2039 3369 2093 τὸν
3392 2034 3436 2107 ᾧ
3465 2042 3801 2111 προστάσσει

2212 2130 2309 2184 καὶ
2334 2122 2378 2197 ᾧ
2399 2129 2708 2198 διαλέγεται
2747 2132 2888 2185 κατὰ
2911 2132 2973 2185 τὸ
2999 2130 3352 2202 σιωπώμενον
3392 2130 3704 2199 ὑποφαίνει,
3734 2135 3798 2185 οὐ

2214 2220 2584 2292 βασκαίνουσα
2643 2222 2774 2291 ἡμῖν
2839 2222 2938 2292 τῆς
2989 2220 3263 2290 γνώσεως,
3327 2220 3443 2274 ἀλλ’
3500 2220 3803 2275 ἐκκαίουσα

2211 2307 2361 2377 ἡμᾶς
2389 2306 2524 2379 πρὸς
2545 2307 2636 2361 τὸν
2666 2306 2851 2371 πόθον,
2890 2308 2957 2361 δι’
2988 2302 3063 2361 ὧν
3093 2310 3215 2380 ῐχνη
3251 2310 3371 2362 τινὰ
3407 2310 3502 2364 καὶ
3526 2309 3803 2381 ἐμφάσεις

2212 2397 2505 2451 ὑποϐάλλει
2533 2397 2629 2452 τοῦ
2664 2400 3002 2471 ἀπορρήτου.
3034 2400 3107 2453 Τὸ
3138 2399 3246 2472 γὰρ
3281 2402 3429 2473 πόνῳ
3469 2401 3671 2472 κτηθέν
3705 2419 3804 2456 πε-

2215 2490 2455 2561 ριχαρῶς
2493 2492 2762 2563 ὑπεδέχθη
2817 2492 2911 2547 καὶ
2964 2490 3268 2562 φιλοπόνως
3306 2492 3671 2565 διεφυλάχθη·
3724 2486 3802 2546 ὧν

2217 2580 2398 2650 μέντοι
2439 2582 2727 2653 πρόχειρος
2758 2585 2787 2635 ὁ
2822 2584 3111 2655 πορισμὸς,
3157 2585 3362 2639 τούτων
3399 2588 3433 2657 ἡ
3472 2587 3667 2658 κτῆσις
3710 2586 3806 2641 εὖ-

2212 2670 2644 2742 καταφρόνητος.
2678 2671 2777 2724 Διὰ
2799 2672 2955 2725 τοῦτο
2984 2673 3089 2743 ὁδῷ
3118 2691 3224 2727 τινι
3250 2677 3344 2729 κα.)⁵
3369 2675 3517 2742 τάξει
3542 2678 3693 2746 ἡμᾶς
3718 2680 3803 2740 εἰς

2210 2765 2311 2836 τὴν
2340 2764 2466 2837 περὶ
2493 2763 2589 2818 τοῦ
2628 2764 2969 2834 Μονογενοῦς
3007 2766 3215 2821 ἔννοιαν
3255 2766 3614 2838 προσϐιϐάζει
3658 2769 3800 2839 (84).

2212 2858 2473 2927 Καίτοιγε
2514 2857 2609 2911 τοῦ
2646 2860 2703 2911 ἐν
2744 2860 2895 2929 φωνῇ
2926 2857 3084 2926 λόγου
3115 2859 3236 2912 οὑδέ
3257 2858 3428 2922 οὑτως
3447 2856 3513 2930 ἦν
3542 2862 3706 2931 χρεία
3729 2865 3800 2934 τῇ

2212 2950 2487 3021 ἀσωμάτῳ
2522 2950 2715 3020 φύσει,
2742 2950 2921 3004 αὐτῶν
2947 2950 3055 3003 τῶν
3088 2950 3387 3022 νοηθέντων
3421 2953 3802 3022 μεταδίδοσθαι

2212 3040 2526 3111 δυναμένων
2565 3041 2645 3110 τῷ
2687 3041 3059 3114 συνεργοῦντι.
3103 3043 3265 3096 Ὥστε
3303 3043 3386 3106 τίς
3430 3044 3587 3115 χρεία
3634 3045 3802 3114 λόγου

2214 3135 2323 3194 τοῖς
2350 3132 2667 3203 δυναμένοις
2696 3134 2754 3200 ἐξ
2780 3134 2944 3187 αὑτοῦ
2972 3135 3064 3188 τοῦ
3099 3137 3370 3207 νοήματος
3399 3140 3679 3189 κοινωνεῖν
3706 3138 3805 3191 ἁλ-

2215 3226 2395 3297 λήλοις
2421 3226 2528 3279 τῶν
2574 3226 2991 3299 βουλευμάτων;
3021 3228 3176 3299 Φωνὴ
3223 3230 3321 3299 μὲν
3359 3229 3466 3299 γὰρ
3498 3229 3564 3282 δι’
3602 3231 3802 3302 ἀκοὴν,

2217 3318 2311 3373 καὶ
2363 3316 2501 3388 ἀκοὴ
2548 3318 2732 3387 φωνῆς
2784 3320 3002 3373 ἕνεκεν·
3050 3322 3185 3374 ὅπου
3248 3320 3306 3372 δὲ
3354 3321 3452 3373 οὑκ
3493 3322 3623 3391 ἀὴρ,
3675 3323 3804 3394 οὐχὶ

2215 3410 2455 3481 γλῶσσα,
2492 3409 2612 3478 οὐχὶ
2655 3406 2769 3472 οὖς,
2804 3412 2863 3462 οὑ
2917 3414 3085 3483 πόρος
3117 3411 3329 3475 σκολιὸς
3365 3413 3458 3463 ἐπί
3485 3414 3585 3484 τὴν
3630 3416 3689 3467 ἐν
3732 3418 3799 3486 τῇ

2217 3500 2426 3571 κεφαλῇ
2458 3498 2807 3569 συναίσθησιν
2832 3500 3119 3572 ἀναφέρων
3138 3504 3264 3566 τοὺς
3284 3502 3511 3572 ψόφους,
3537 3505 3656 3556 ἐκεῖ
3678 3506 3804 3559 οὐδὲ

2218 3593 2477 3667 ῥημάτων
2517 3591 2696 3663 χρεία,
2725 3590 2837 3644 ἀλλ’
2872 3590 2929 3657 ἐξ
2956 3592 3157 3655 αὑτῶν,
3196 3594 3269 3656 ὼς
3295 3596 3359 3647 ἂν
3382 3596 3523 3649 εἴποι
3551 3595 3664 3667 (85)
3690 3614 3800 3660 τις,

2214 3687 2323 3741 τῶν
2346 3688 2403 3739 ἐν
2432 3684 2631 3757 καρδία
2662 3684 2950 3755 νοημάτων
2980 3683 3074 3737 τοῦ
3099 3683 3402 3755 θελήματος
3426 3689 3460 3756 ἠ
3492 3689 3799 3757 μετάδοσις.

2218 3782 2397 3851 Ὅπερ
2431 3775 2524 3833 οὖν
2568 3778 2724 3849 ἔφην,
2769 3778 2911 3832 ὥστε
2950 3776 3305 3847 διαναστῆναι
3337 3777 3427 3830 τὸν
3474 3779 3601 3832 νοῦν
3641 3781 3804 3851 ἡμῶν

2220 3873 2357 3942 πρὸς
2378 3871 2476 3941 τὴν
2505 3872 2731 3942 ἔρευναν
2753 3869 2848 3922 τοῦ
2876 3870 3170 3941 προσώπου
3200 3868 3336 3941 πρὸς
3362 3868 3420 3922 ὃν
3450 3871 3499 3923 οἰ
3524 3870 3695 3940 λόγοι,
3722 3889 3808 3925 σο-

2220 3962 2335 4032 φῶς
2360 3964 2454 4016 καὶ
2480 3961 2737 4031 ἐντέχνως
2759 3961 2820 4013 τὸ
2846 3964 3030 4033 σχῆμα
3052 3963 3210 4016 τοῦτο
3223 3961 3321 4030 τῆς
3343 3962 3626 4017 διαλέκτου
3656 3981 3807 4028 παρ-

2220 4055 2497 4126 είληπται.

2292 4330 2346 4385 5.
2386 4328 2647 4401 Δεύτερόν
2701 4329 2849 4382 ἐστιν
2890 4328 3162 4395 ἐξετάσαι,
3204 4330 3251 4383 εί
3292 4328 3476 4403 ἕτερον
3513 4330 3663 4402 παρὰ
3712 4330 3805 4383 τὸν

2221 4422 2279 4475 ἐν
2308 4422 2450 4492 ἀρχῇ
2490 4420 2854 4490 πεποιημένον
2880 4422 3109 4491 οὑρανὸν
3141 4422 3202 4474 τὸ
3244 4423 3533 4493 στερέωμα
3565 4421 3745 4483 τοῦτο,
3774 4422 3804 4473 ὃ

543 4524 686 4592 eipio
711 4520 912 4575 factum
944 4517 1121 4572 fuerat
1148 4536 1160 4569 :
1189 4517 1331 4585 quod
1361 4518 1534 4584 ipsum
1564 4516 1749 4571 itidem
1785 4518 2110 4587 appellatum

2222 4514 2312 4567 καὶ
2340 4512 2470 4566 αὑτὸ
2502 4511 2774 4583 ἐπεκλήθη
2808 4512 3057 4582 οὐρανὸς,
3093 4514 3187 4565 καὶ
3210 4515 3257 4566 εἰ
3280 4514 3413 4576 ὅλως
3436 4514 3653 4583 οὐρανοὶ
3676 4514 3800 4566 δύο·

542 4616 614 4670 sit
644 4613 858 4677 caelum,
878 4611 982 4676 vel,
1015 4619 1191 4664 utrum
1210 4608 1317 4662 duo
1336 4606 1554 4661 omnino
1578 4607 1683 4660 sint
1716 4608 1862 4662 cmli.
1892 4608 1997 4664 Sed
2026 4608 2116 4677 qui

544 4708 611 4760 de
644 4704 784 4757 cmlo
814 4704 1118 4756 disseruere
1140 4698 1465 4770 philosophi,
1492 4698 1742 4752 amittere
1761 4698 1973 4767 linguas
1991 4713 2117 4753 suas

546 4794 755 4859 malint,
781 4807 939 4863 quam
974 4791 1027 4845 id
1061 4805 1159 4845 ceu
1184 4805 1368 4845 verum
1402 4787 1707 4844 admittere.
1731 4786 1943 4843 Ponunt
1968 4787 2115 4843 enim

545 4886 741 4942 caelum
762 4900 925 4939 unum
940 4897 1080 4951 esse,
1098 4897 1197 4939 nec
1211 4881 1327 4949 ejus
1339 4895 1460 4935 esse
1477 4889 1703 4945 naturae,
1723 4888 1780 4934 ut
1800 4882 2114 4945 secundum,

546 4986 638 5030 aut
659 4974 896 5039 .crtium,
918 4986 1009 5029 aut
1027 4974 1300 5044 multiplex
1320 4972 1368 5027 ei
1389 4971 1629 5036 accedat,
1649 4985 1795 5042 cum,
1824 4980 1878 5025 ut
1900 4980 2111 5041 putant,

550 5076 660 5125 tota
686 5067 927 5125 cmlestis
954 5067 1197 5135 corporis
1226 5062 1525 5122 substantia
1561 5065 1626 5118 ad
1656 5062 1872 5117 unicum
1906 5063 2112 5119 consti-

624 5297 735 5368 (81)
764 5297 913 5353 Colb.
947 5298 1152 5365 primus
1181 5290 1555 5368 sacpqngssat.

622 5358 735 5438 (82)
763 5373 838 5423 Ita
878 5358 1115 5437 quinque
1165 5358 1476 5419 niss.'Editi
1506 5377 1627 5417 eum
1679 5375 1785 5415 uno
1824 5367 1916 5413 aut
1948 5358 2120 5412 altero

554 5440 1001 5513 ms_.73_b§ctov.__
1238 5512 1243 5513 ί
1393 5502 1449 5513 -__
1514 5503 1526 5513 _
1606 5496 1631 5513 ν
1738 5502 1751 5513 ε
1846 5501 1856 5513 _
2034 5501 2059 5513 η

625 5510 739 5579 (83)
780 5510 855 5563 Ita
883 5508 1099 5564 codices
1120 5512 1360 5579 septem.
1393 5502 1555 5579 Illud,
1579 5496 1698 5579 εἶτα
1736 5501 1963 5579 ἐποίησε
1977 5501 2122 5579 φῶς,

555 5571 894 5635 desideratur
940 5580 995 5632 in
1046 5571 1223 5631 editis.
1259 5572 1389 5629 Mox-
1429 5574 1595 5629 editio
1632 5572 1791 5625 anil.
1823 5587 1941 5625 cum
1977 5571 2129 5625 Bodl.

556 5658 614 5703 et
656 5666 777 5704 cum
824 5649 1086 5722 pluribus
1117 5647 1242 5722 aliis
1265 5659 1427 5722 _mss.
1483 5642 1866 5722 προστάσσει-,υ
1894 5640 2020 5722 Nec
2058 5642 2131 5722 ita

560 5720 730 5773 multo
754 5710 875 5787 post
905 5734 1034 5773 voce
1066 5716 1407 5787 ἀπορρήτου,
1448 5710 1651 5787 arcani,
1698 5712 1955 5787 intelligit
1983 5710 2137 5787 Basi-

2219 4604 2354 4673 ὃπερ
2388 4603 2435 4653 οί
2465 4600 2533 4652 τὰ
2570 4602 2696 4671 περὶ
2715 4601 2945 4671 οὐρανοῦ
2981 4601 3438 4675 φιλοσοφήσαντες
3466 4604 3577 4672 (86)
3611 4604 3803 4657 ἓλοιντ⁹

2220 4693 2287 4746 ἂν
2321 4690 2521 4761 μᾶλλον
2550 4692 2647 4753 τὰς
2672 4691 2922 4759 γλώσσας
2944 4692 3224 4763 προέσθαι,
3254 4693 3285 4763 ἢ
3308 4694 3383 4755 ὡς
3406 4692 3603 4764 ἀληθὲς
3630 4713 3805 4767 παρα-

2225 4784 2495 4848 δέξασθαι.
2541 4785 2677 4837 ’Ένα
2722 4785 2830 4855 γὰρ
2876 4786 3221 4839 ὑποτίθενται
3268 4788 3523 4858 οὐρανὸν,
3571 4792 3665 4843 καὶ
3704 4795 3803 4845 οὑκ

2224 4874 2367 4943 ἔχειν
2398 4873 2545 4943 αὑτῷ
2574 4874 2733 4943 φύσιν
2754 4913 2768 4937 ,
2798 4874 3046 4947 δεύτερον
3066 4915 3079 4938 ,
3108 4877 3141 4945 ἣ
3190 4876 3370 4947 τρίτον
3389 4920 3403 4942 ,
3441 4880 3471 4936 ἣ
3514 4880 3805 4933 πολλοστὸν

2224 4964 2639 5035 προσγενέσθαι,
2667 4964 2847 5035 πάσης
2877 4966 2978 5035 τῆς
2998 4965 3183 5030 οὐσίας
3214 4966 3306 5020 τοῦ
3329 4952 3580 5039 οὐρανίου
3620 4970 3795 5040 σώμα-

2222 5076 2312 5122 τος
2335 5061 2412 5123 είς
2462 5058 2562 5128 τὴν
2606 5057 2701 5111 τοῦ
2744 5060 2861 5123 ἐνὸς
2912 5058 3169 5113 σύστασιν
3207 5062 3677 5133 ἀπαναλωθείσης,
3731 5068 3805 5129 ὡς

2300 5285 2414 5357 (84)
2441 5284 2576 5357 Reg.
2619 5299 2826 5351 primus
2872 5299 2991 5337 cum
3024 5284 3175 5357 C_olb.
3214 5287 3389 5357 primo
3426 5287 3770 5357 προϐιεάζει.

2300 5286 2389 5352 (84
2441 5285 2576 5353 Reg.
2619 5299 2826 5351 primus
2872 5299 2991 5337 cum
3024 5285 3175 5338 Colb.
3214 5287 3389 5347 primo
3426 5287 3770 5357 προϐιεάζει.

2444 5356 2534 5429 Sic
2583 5366 2798 5429 septem
2855 5371 2983 5409 mss.
3040 5354 3179 5410 Editi
3210 5357 3285 5419 ὡς
3320 5356 3388 5429 ἂν
3413 5359 3561 5429 εἴπῃ.
3606 5360 3805 5429 Ibidem

2230 5425 2383 5507 ἐλεεῖ]
2417 5425 2649 5507 primus,
2678 5425 2889 5507 tertius,
2916 5436 3141 5507 quartus
3166 5438 3217 5507 _et
3241 5427 3464 5507 quintus
3581 5428 3804 5499 καρδία.

2232 5495 2371 5551 Editi
2396 5510 2523 5567 cum
2556 5495 2839 5567 aliquibus
2864 5510 2994 5567 mss.
3023 5495 3129 5548 τῶν
3161 5496 3487 5567 ὲγκαρδίων.
3519 5495 3804 5567 Ιὶιιςᾙεριὺ

2235 5577 2320 5621 lus
2348 5566 2457 5618 τῶν
2484 5565 2783 5636 ἐγκαρδίων
2822 5566 3161 5636 θελημάτων.

2309 5636 2420 5706 (86)
2451 5633 2634 5706 (1011).
2689 5639 2891 5703 primus
2922 5633 3358 5705 φιλοσοφοῦντες.
3413 5636 3609 5692 Statim
3652 5638 3805 5691 Bodl.

2242 5720 2362 5779 cum
2402 5704 2535 5779 aliis
2567 5706 2774 5779 duobus
2815 5723 2944 5763 mss.
2994 5707 3070 5770 ὼς
3124 5704 3359 5779 άληθῶς.
3403 5708 3607 5765 Ibidem
3650 5708 3805 5765 Colb.

562 5790 665 5843 lius
694 5774 950 5850 Verbum,
982 5789 1132 5857 quasi
1166 5774 1308 5840 Deus
1358 5774 1479 5838 cum
1534 5774 1704 5838 Verbo
1758 5785 1810 5837 in
1860 5774 2114 5838 condendi

2244 5777 2450 5831 primus
2481 5774 2858 5835 ὑποδέξασθαι.

566 5860 763 5914 mundo
798 5859 983 5914 fuisset
1010 5857 1322 5912 collocutus.
