4058 6490
252 445 315 496 ΡΠ

294 445 321 488 ’ῖ
1390 433 1676 488 ΗΟΜΠΛᾹ
1718 432 1782 485 111
1826 430 1890 483 IN
1935 428 2428 485 liliXAEMlSl’iON.
3156 427 3164 438 ’
3448 425 3521 482 ἔῖὃ

249 564 472 616 οἴονται.
516 562 611 614 ’Ἑν
641 561 748 631 γάρ
795 577 924 628 φασι
969 558 1080 627 (87)
1113 556 1170 608 τὸ
1213 555 1607 626 κυκλοφορικδν
1655 556 1834 626 σῶμα,

1956 546 2201 601 tuendum
2234 546 2395 599 fuerit
2437 552 2775 616 consumpta.
2804 543 3011 598 Etenim
3034 558 3228 616 corpus
3251 543 3304 600 in
3329 545 3515 600 orbem

251 657 347 708 καὶ
392 656 551 708 τοῦτο
593 653 1041 724 πεπερασμένον·
1074 651 1211 720 ὅπερ
1239 653 1284 703 εἰ
1307 648 1737 719 συναπήρτισται
1762 649 1838 719 τῷ

250 750 454 822 πρώτῳ
493 747 738 818 οὐρανῷ,
774 748 936 818 μηδὲν
977 743 1363 798 ὑπολείπεσθαι
1411 741 1548 812 πρὸς
1585 741 1837 812 δευτέρου

252 841 282 910 ἢ
331 841 516 911 τρίτου
560 839 792 906 γένεσιν.
835 837 1021 891 Ταῦτα
1063 836 1159 906 μὲν
1182 831 1273 890 οὖν
1303 836 1351 889 οἱ
1389 833 1520 906 ὓλην
1550 833 1840 904 ἀγέννητον

251 933 635 999 ἐπεισάγοντες
687 931 763 1003 τῷ
809 927 1124 1000 δημιουργῷ
1183 929 1576 998 φαντάζονται,
1633 927 1695 977 ὲκ
1746 926 1842 995 τῆς

251 1023 479 1093 πρώτης
527 1023 848 1093 μυθοποιίας
887 1022 1023 1093 πρὸς
1068 1021 1128 1073 τὸ
1172 1021 1460 1076 ἀκόλουθον
1488 1017 1681 1088 ψεῦδος
1711 1017 1842 1069 ὑπο-

252 1116 548 1184 φερόμενοι
578 1118 688 1188 (88)
715 1134 726 1145 ⁸
763 1117 924 1185 ἡμεῖς
958 1115 1014 1166 δὲ
1057 1115 1313 1187 ἀξιοῦμεν
1344 1113 1469 1173 τοὺς
1507 1111 1614 1164 τῶν
1656 1108 1844 1178 Ἑλλή-

256 1222 358 1254 νων
389 1207 587 1274 σοφοὺς
635 1207 708 1276 μὴ
755 1204 1017 1275 πρότερον
1057 1207 1206 1276 ἡμᾶς
1244 1200 1668 1271 καταχλευάζειν
1717 1199 1846 1270 πρὶν

254 1297 320 1349 τὰ
357 1299 492 1369 πρὸς
529 1297 795 1366 ἀλλήλους
840 1297 1149 1352 διάθωνται.
1193 1298 1314 1350 Εἰσὶ
1345 1295 1454 1365 γὰρ
1485 1297 1542 1348 ὲν
1583 1297 1764 1357 αὐτοῖς
1797 1290 1847 1346 οἳ

255 1392 514 1462 ἀπείρους
544 1390 806 1459 οὐρανοὺς
829 1390 922 1442 καὶ
955 1392 1194 1462 κόσμους
1231 1383 1367 1440 εἷναί
1395 1405 1578 1455 φασιν,
1611 1408 1684 1442 ων
1720 1389 1848 1441 ὅταν

255 1479 631 1547 ἐιπελέγξωσιν
656 1480 714 1533 τὸ
744 1481 1006 1535 ἀπίθανον
1031 1484 1078 1534 οἱ
1107 1479 1556 1551 ἐμϐριθεστέραις
1576 1483 1698 1541 ταῖς
1715 1480 1849 1530 ἁπο-

255 1573 451 1635 δείξεσι
487 1571 790 1643 χρώμενοι,
831 1576 924 1626 καὶ
971 1576 1091 1635 ταῖς
1142 1576 1545 1645 γεωμετρικαῖς
1582 1571 1850 1637 ἀνάγκαις

256 1664 566 1734 συστήσωσι
616 1665 688 1736 μὴ
730 1665 872 1734 ἔχειν
906 1663 1066 1731 φύσιν
1113 1664 1269 1719 ἄλλον
1312 1664 1539 1735 οὐρανὸν
1573 1660 1846 1729 γενέσθαι,

257 1757 407 1826 παρὰ
436 1756 524 1810 τὸν
554 1757 672 1816 ξένα,
699 1756 820 1806 τὸτε
867 1755 1092 1826 κα1(89)
1130 1756 1330 1827 μᾶλλον
1367 1751 1850 1821 καταγελασόμεθα

262 1849 356 1919 τῆς
390 1848 719 1919 γραμμικῆς
757 1849 850 1902 καὶ
871 1850 1120 1918 ὲντέχνου
1152 1851 1329 1902 αὐτῶν
1376 1848 1661 1920 φλυαρίας,
1692 1848 1848 1918 εἴπερ

257 1941 494 2012 ὁρῶντες
531 1938 885 2008 πομφόλυγας
929 1937 1016 1988 διὰ
1057 1937 1156 2005 τῆς
1189 1938 1381 2006 ὁμοίας
1418 1937 1598 1998 αἰτίας
1639 1932 1850 2003 γινομέ-

263 2051 354 2094 νας
386 2030 514 2100 μίαν
537 2047 596 2082 τε
636 2031 723 2082 καὶ
755 2029 976 2090 πολλὰς,
1011 2026 1128 2080 εἶτα
1167 2027 1570 2097 ἀμφιϐάλλουσι
1601 2027 1727 2098 περ).
1757 2027 1850 2078 οὐ-

261 2121 440 2191 ρανῶν
481 2120 779 2185 πλειόνων,
812 2121 857 2171 εἰ
901 2118 1124 2190 ἐξαρκεῖ
1171 2119 1367 2181 αὐτοὺς
1412 2120 1444 2188 ἡ
1488 2116 1851 2188 δημιουργικὴ

259 2212 492 2281 δύναμις
521 2213 867 2280 παραγαγεῖν
912 2212 990 2272 εἰς
1028 2209 1089 2261 τὸ
1122 2205 1281 2261 εἶναι.
1316 2203 1414 2260 Ὧν
1447 2207 1539 2279 τὴν
1569 2210 1718 2277 ἰσχὺν
1760 2208 1853 2260 καὶ

260 2308 318 2357 τὸ
347 2305 575 2375 μέγεθος
611 2304 762 2357 οὐδὲν
788 2302 1069 2375 ἡγούμεθα
1095 2303 1371 2373 διαφέρειν
1399 2302 1500 2372 τῆς
1540 2301 1728 2371 κοίλης
1771 2319 1855 2352 νο-

261 2399 402 2459 τίδος
428 2400 524 2468 τῆς
549 2397 1022 2471 ὑπερφυσωμένης
1049 2400 1105 2449 ἐν
1130 2400 1242 2461 τοῖς
1270 2398 1536 2468 κρουνοῖς,
1565 2397 1692 2448 ὅταν
1722 2393 1855 2464 πρὸς

262 2493 358 2561 τὴν
398 2492 670 2561 ὑπεροχὴν
704 2493 802 2560 τῆς
831 2491 925 2542 τοῦ
953 2490 1087 2542 Θεοῦ
1114 2491 1397 2559 δυνάμεως
1433 2488 1851 2557 ἀποϐλέψωμεν.

262 2581 427 2630 ’Ὥστε
464 2581 867 2646 καταγέλαστος
902 2581 1082 2640 αὐτοῖς
1119 2581 1228 2646 (90)
1263 2583 1290 2630 ὁ
1323 2581 1417 2631 τοῦ
1468 2579 1730 2632 ἀδυνάτου
1769 2577 1856 2628 λό-

263 2687 376 2736 γος.
427 2671 616 2739 Ἡμεῖς
648 2669 702 2721 δὲ
748 2670 1000 2721 τοσοῦτον
1040 2669 1314 2737 ἀπέχομεν
1347 2669 1423 2737 τῷ
1467 2669 1701 2738 δευτέρῳ
1726 2671 1854 2720 ἀπι-

263 2766 430 2825 στεῖν,
467 2763 605 2816 ὥστε
637 2764 729 2816 καὶ
760 2764 848 2815 τὸν
875 2764 1057 2835 τρίτον
1088 2763 1476 2833 ἐπιζητοῦμεν,
1505 2756 1565 2815 οὗ
1600 2761 1698 2830 τῆς
1729 2760 1856 2822 θέας

262 2860 288 2908 ὁ
320 2858 588 2928 μακάριος
621 2856 831 2921 Παῦλος
863 2856 974 2927 (91)
1007 2856 1234 2925 ἠξιώθη.
1281 2857 1338 2908 Ὀ
1379 2855 1435 2908 δὲ
1462 2855 1674 2923 ψαλμος
1695 2893 1706 2912 ,
1742 2854 1858 2903 ὀνο-

265 2949 454 3020 μάζων
481 2951 742 3020 οὐρανοὺς
770 2951 1033 3020 οὐρανῶν,
1069 2950 1163 3001 καὶ
1195 2949 1454 3001 πλειόνων
1491 2950 1620 3016 ἡμῖν
1649 2946 1856 2997 ἔννοιαν

264 3043 603 3110 ἐνεποίησεν.
642 3041 715 3092 Οὐ
759 3041 928 3110 δήπου
983 3041 1038 3092 δὲ
1084 3041 1256 3092 ταῦτα
1306 3039 1712 3109 παραδοξότερα
1749 3035 1857 3088 τῶν

264 3132 406 3185 ἑπτὰ
429 3132 661 3186 κύκλων.
692 3133 812 3185 καθ’
843 3125 916 3184 ὧν
947 3132 995 3183 οἱ
1030 3132 1170 3183 ἑπτὰ
1206 3132 1435 3199 ἀστέρες
1477 3130 1660 3199 σχεδὸν
1707 3130 1859 3198 παρά

265 3225 484 3276 πάντων
532 3222 836 3293 συμφώνως
875 3223 1263 3294 ὁμολογοῦνται
1319 3222 1602 3292 φέρεσθαι,
1646 3220 1736 3282 οὒς
1764 3230 1858 3280 καὶ

265 3319 600 3389 ἐνηρμόσθαι
635 3318 794 3387 φασὶν
820 3320 992 3389 ἑτέρῳ
1019 3319 1109 3370 τὸν
1138 3320 1345 3388 ἕτερον,
1384 3316 1524 3371 κατὰ
1553 3316 1648 3386 τὴν
1676 3315 1857 3367 εἰκόνα

265 3415 374 3465 τῶν
413 3412 589 3464 κάδων
628 3411 734 3463 τῶν
763 3413 840 3473 εἰς
877 3409 1138 3478 ἀλλήλους
1179 3405 1858 3478 ἐμϐεϐηκότων..Τούτους

265 3501 322 3555 δὲ
343 3505 441 3573 τὴν
467 3503 715 3555 ἐναντίαν
755 3501 833 3572 τῷ
861 3503 1022 3554 παντὶ
1067 3502 1400 3572 φερομένους
1432 3500 1543 3570 (92)
1563 3543 1576 3564 ,
1611 3517 1859 3571 περισχι-

266 3594 495 3663 ζομένου
535 3595 628 3646 τοῦ
663 3594 877 3665 αἰθέρος
902 3597 1105 3657 αὐτοῖς,
1131 3594 1324 3664 εὔηχόν
1351 3612 1472 3646 τινα
1504 3594 1596 3647 καὶ
1630 3594 1860 3664 ἐναρμό-

266 3704 378 3740 νιον
418 3686 723 3738 ἀποδιδόναι
761 3687 1032 3754 φθόγγον,
1087 3687 1224 3739 ὥστε
1258 3689 1437 3739 πᾶσαν
1475 3687 1572 3758 τὴν
1621 3689 1678 3741 ὲν
1732 3687 1859 3757 μελ-

267 3779 457 3848 ῳδίαις
491 3779 682 3850 ἡδονὴν
711 3779 1090 3850 ὑπερϐάλλειν.
1117 3775 1250 3831 Εἶτα
1279 3780 1496 3831 ἐπειδὰν
1517 3780 1612 3850 τὴν
1645 3780 1731 3833 διὰ
1758 3779 1859 3850 τῆς

266 3868 576 3940 αἰσθήσεως
620 3871 802 3923 πίστιν
834 3873 881 3923 οἱ
932 3871 1105 3924 ταῦτα
1133 3871 1382 3938 λέγοντες
1420 3872 1780 3937 ἀπαιτῶνται,
1805 3871 1857 3923 τί

267 3981 465 4034 φασιν;
498 3965 619 4017 ’Ὀτι
639 3965 724 4017 διὰ
753 3964 850 4036 τὴν
868 3965 926 4028 ἐξ
949 3964 1124 4035 ἀρχῆς
1151 3963 1438 4034 συνήθειαν
1483 3965 1621 4036 πρὸς
1648 3965 1737 4018 τὸν
1763 3966 1859 4034 φλό-

269 4075 371 4126 φον
427 4061 490 4110 ἐκ
537 4057 763 4128 πρώτης
810 4058 1078 4127 γενέσεως
1114 4056 1520 4121 συνεθισθέντες
1565 4057 1748 4128 αὐτῷ,
1795 4059 1860 4109 ὲκ

268 4150 472 4219 πολλῆς
518 4151 615 4220 τῆς
669 4152 794 4222 περὶ
842 4151 900 4202 τὸ
939 4151 1158 4203 ἀκούειν
1206 4149 1437 4219 μελέτης
1478 4151 1575 4220 τὴν
1610 4151 1859 4221 αἴσθησιν

265 4242 637 4315 ἀφῃρήμεθα’
677 4242 867 4312 ὥσπερ
906 4245 954 4295 οἰ
987 4246 1043 4295 ἐν
1083 4247 1194 4305 τοῖς
1219 4244 1490 4312 χαλκείοις
1530 4243 1766 4313 συνεχῶς
1791 4243 1860 4295 τὰ

265 4331 386 4388 ὦτα
414 4335 896 4404 κατακρουόμενοι.
919 4330 1017 4388 Ὧν
1043 4337 1102 4388 τὸ
1131 4337 1518 4406 σεσοφισμένον
1544 4336 1638 4388 καὶ
1664 4334 1860 4404 σαθρὸν

266 4428 585 4498 διελέγχειν,
635 4426 806 4492 οὕτως
852 4429 1092 4497 ἐναργῶς
1152 4431 1216 4481 ἐκ
1253 4428 1474 4498 πρώτης
1513 4429 1681 4499 ἀκοῆς
1726 4429 1859 4480 πᾶσι

267 4523 754 4592 καταφαινόμενον,
789 4524 888 4575 οὒκ
932 4522 1078 4574 ἔστιν
1114 4521 1306 4592 ἀνδρὸς
1335 4520 1456 4573 οὗτε
1495 4521 1688 4592 χρόνου
1728 4521 1861 4573 εἰδό-

1943 638 2052 710 24
2079 640 2491 700 circumactum,
2519 655 2679 692 unum
2705 652 2827 693 esse
2850 637 3020 703 aiunt,
3048 636 3284 708 illudque
3307 637 3518 693 (initum

1946 748 2067 786 esse
2100 749 2112 784 :
2154 733 2296 803 quod
2333 745 2462 784 sane
2497 731 2542 782 si
2576 731 2796 784 omnino
2828 729 3164 798 insumptum
3200 739 3281 784 est
3319 732 3386 784 ad
3415 729 3525 800 pri-

1948 846 2094 884 mum
2143 831 2341 883 caelum
2388 823 2819 891 conliciendum,
2870 839 3210 896 consequens
3257 823 3420 880 fuerit
3465 832 3524 878 ut

1950 921 2081 977 nihil
2113 920 2224 988 jam
2249 924 2312 974 ad
2349 919 2570 975 secundi
2609 917 2691 970 vel
2728 920 2872 972 tertii
2898 920 3309 987 generati0uem
3336 933 3526 986 super-

1948 1018 2040 1070 sit.
2073 1012 2196 1068 Ηαεε
2219 1012 2435 1080 quidem
2471 1010 2701 1081 tingunt,
2739 1007 2830 1076 qui
2862 1009 3038 1076 Opiﬁci
3071 1009 3371 1082 ingenitam
3407 1023 3526 1061 ma-

1949 1108 2137 1161 teriam
2174 1104 2614 1167 subministrant,
2650 1119 2716 1156 ex
2749 1101 2854 1156 hoc
2897 1102 3073 1170 primo
3106 1113 3413 1158 commento
3448 1099 3528 1154 fa-

1950 1197 2140 1251 buloso
2163 1198 2228 1252 ad
2257 1197 2600 1265 subsequens
2623 1195 2962 1248 mendacium
2995 1192 3198 1262 delapsi
3226 1211 3238 1245 :
3269 1210 3367 1252 nos
3396 1206 3530 1251 vero

1949 1289 2262 1344 Graecorum
2292 1290 2566 1358 sapientes
2593 1302 2870 1355 rogamus,
2905 1295 2961 1340 ut
2994 1302 3061 1340 ne
3093 1286 3246 1355 prius
3276 1301 3374 1340 nos
3404 1288 3530 1343 irri-

1951 1384 2130 1446 deant,
2167 1397 2326 1451 quam
2366 1384 2506 1437 inter
2537 1395 2596 1436 se
2635 1381 3010 1436 convenerint.
3044 1380 3182 1434 Sunt
3213 1379 3356 1434 enim
3389 1380 3533 1435 inter

1953 1477 2119 1545 ipsos,
2165 1475 2256 1544 qui
2302 1475 2468 1528 ccelos
2501 1484 2555 1528 et
2597 1473 2829 1528 mundos
2872 1473 3026 1525 aiunt
3073 1487 3193 1526 esse
3225 1470 3470 1526 inﬁnitos
3515 1486 3532 1525 :

1952 1586 2180 1640 quorum
2237 1585 2358 1622 cum
2413 1569 2642 1636 ineptias
2678 1567 3055 1636 redarguerint
3113 1567 3172 1632 ii,
3224 1566 3314 1634 qui
3373 1582 3537 1637 argu-

1954 1663 2149 1717 mentis
2184 1671 2410 1715 utuntur
2446 1659 2812 1729 gravioribus,
2852 1672 3016 1731 atque
3049 1659 3396 1730 geometricis
3443 1661 3538 1714 de-

1959 1751 2443 1806 monstrationibus
2477 1749 2829 1817 probaverint
2868 1753 2918 1803 id
2961 1762 3169 1805 natura:
3204 1765 3530 1820 repugnare,

1957 1857 2015 1900 ut
2041 1846 2236 1901 caelum
2284 1843 2426 1896 aliud
2466 1853 2662 1911 praeter
2697 1859 2859 1897 unum
2913 1844 3039 1906 ﬁat;
3084 1853 3211 1898 tunc
3247 1859 3435 1897 eorum
3473 1843 3538 1896 ii-

1955 1955 2147 1993 ueares
2186 1936 2610 2005 artiﬁcialesque
2643 1953 2818 2006 nugas
2854 1938 3016 1990 etiam
3057 1939 3226 2006 magis
3266 1937 3538 1991 deridebi-

1957 2047 2095 2084 mus.
2133 2029 2409 2098 Siquidem
2443 2030 2544 2083 etsi
2579 2028 2647 2082 ob
2678 2029 2908 2083 similem
2944 2045 3163 2083 causam
3202 2031 3316 2084 lieri
3357 2031 3538 2084 vident

1955 2124 2071 2176 sive
2099 2136 2282 2186 unam,
2313 2123 2426 2175 sive
2454 2122 2651 2176 multas
2686 2121 2879 2184 bullas,
2924 2122 3279 2176 nihilominus
3316 2123 3382 2176 de
3424 2136 3538 2175 cae-

1956 2216 2126 2269 lorum
2171 2213 2517 2267 multitudine
2569 2216 2837 2279 dubitant,
2883 2229 2950 2267 an
3000 2223 3242 2282 potestas
3290 2212 3540 2268 effectrix

1959 2324 2052 2363 eos
2091 2309 2143 2362 in
2175 2309 2346 2361 lucem
2373 2307 2535 2361 cdere
2574 2310 2828 2376 potuerit.
2863 2307 3104 2372 Quorum
3141 2308 3308 2362 robur
3337 2322 3398 2359 ac
3425 2323 3539 2359 ma-

1956 2402 2319 2471 gnitudinem,
2359 2415 2482 2453 eum
2528 2398 2596 2451 ad
2634 2398 2829 2451 divinae
2871 2399 3126 2466 potentiae
3165 2402 3538 2467 pragstantiam

1960 2497 2303 2564 respicimus,
2343 2498 2409 2551 ab
2441 2510 2505 2550 eo
2541 2495 2768 2548 humore
2807 2505 3052 2545 concavo
3085 2491 3178 2560 qui
3211 2493 3266 2544 in
3295 2490 3544 2544 fontibus

1958 2586 2284 2644 salientibus
2305 2587 2642 2652 intumescit,
2667 2584 2799 2638 nihil
2822 2582 3039 2639 dillerre
3061 2594 3338 2654 putamus.
3364 2582 3545 2650 Quare

1959 2685 2011 2736 id
2045 2685 2160 2736 heri
2185 2698 2289 2736 non
2316 2695 2473 2750 posse
2499 2681 2728 2734 ridicule
2749 2679 2957 2732 dicunt.
2992 2678 3099 2732 Sed
3131 2688 3337 2731 tantum
3365 2681 3542 2740 abest,

1958 2785 2015 2829 ut
2054 2793 2151 2831 nos
2182 2777 2250 2832 de
2290 2776 2463 2831 altero
2491 2774 2630 2828 coelo
2666 2773 2995 2839 dubitemus,
3025 2780 3085 2827 ut
3121 2773 3285 2827 etiam
3319 2773 3542 2826 tertium

1957 2870 2108 2938 cujus
2135 2881 2355 2938 aspectu
2383 2871 2571 2924 beatus
2602 2867 2800 2923 Paulus
2831 2867 3081 2936 dignatus
3120 2874 3226 2928 est,
3269 2864 3312 2896 ³⁷
3365 2865 3545 2934 inqui-

1958 2975 2162 3012 ramus.
2203 2960 2448 3014 Psalmus
2490 2969 2671 3012 autem
2706 2961 2832 3012 dum
2875 2957 3122 3010 nominat
3167 2957 3336 3010 cmlos
3376 2958 3544 3009 caelo-

1961 3069 2078 3105 rum
2113 3051 2178 3116 ³⁸,
2215 3052 2448 3121 plurium
2497 3051 2660 3106 etiam
2705 3049 2896 3104 tribuit
2931 3048 3087 3104 nobis
3129 3049 3398 3103 notitiam.
3437 3047 3541 3103 Ne-

1965 3161 2072 3216 que
2105 3160 2234 3199 vero
2271 3145 2385 3198 haec
2426 3143 2692 3213 stupenda
2728 3152 2855 3197 sunt
2892 3141 3090 3211 magis,
3133 3155 3298 3209 quam
3335 3151 3544 3211 septem

1887 3264 1928 3318 ε
1966 3236 2150 3290 circuli
2190 3253 2204 3289 :
2237 3236 2290 3289 in
2334 3235 2530 3304 quibus
2562 3233 2748 3291 stellas
2785 3242 2995 3303 septem
3030 3231 3158 3286 ferri
3191 3247 3382 3287 omnes
3431 3248 3544 3286 uno

1965 3326 2078 3380 fere
2119 3339 2387 3379 consensu
2431 3326 2756 3380 conﬁtentur
2792 3341 2806 3379 :
2846 3338 2982 3392 quos
3008 3324 3172 3377 etiam
3207 3323 3436 3377 alterum
3464 3323 3545 3376 al-

1965 3417 2087 3480 teri,
2125 3417 2301 3468 instar
2328 3418 2586 3469 cadorum
2619 3415 2671 3468 in
2704 3428 2762 3468 se
2798 3422 2984 3467 mutuo
3013 3413 3362 3480 insertorum,
3393 3421 3546 3482 apta-

1962 3520 2045 3564 tos
2079 3524 2199 3564 esse
2232 3518 2504 3564 astruunt.
2555 3509 2694 3575 Quin
2737 3508 2901 3562 etiam
2941 3507 3104 3562 hosce
3139 3507 3374 3561 circulos
3405 3520 3543 3561 con-

1963 3603 2128 3657 trario
2179 3603 2422 3658 universi
2469 3603 2636 3658 motui
2690 3611 2851 3656 cursu
2904 3600 3184 3668 abreptos,
3225 3597 3428 3653 dillisso
3476 3601 3548 3655 ab

1963 3697 2093 3766 ipsis
2128 3697 2355 3762 mthere,
2392 3707 2605 3766 gratum
2657 3695 2948 3766 quemdam
2994 3707 3058 3748 ac
3093 3692 3421 3748 concinnum
3451 3707 3544 3747 so-

1961 3805 2088 3843 num
2119 3788 2454 3843 contendunt
2479 3787 2726 3852 reddere,
2762 3787 2898 3841 adeo
2933 3796 2991 3840 ut
3027 3786 3275 3840 melodis:
3303 3785 3545 3839 suavita-

1965 3887 2068 3931 tem
2120 3892 2337 3932 omnem
2377 3886 2685 3946 exsuperet.
2720 3877 2924 3932 Deinde
2948 3892 3069 3931 cum
3105 3877 3141 3931 ii
3171 3875 3262 3945 qui
3299 3875 3424 3928 talia
3463 3876 3548 3929 di-

1961 3980 2108 4036 cunt,
2133 3986 2388 4026 sensuum
2418 3971 2577 4026 [idem
2603 3986 2667 4025 ac
2693 3970 3063 4025 testimonium
3090 3980 3377 4039 rogantur,
3407 3968 3539 4037 quid

1962 4064 2329 4133 respondent?
2377 4062 2486 4117 Nos
2536 4064 2605 4118 ob
2653 4076 2771 4115 eam
2814 4075 2974 4131 quam
3017 4061 3173 4116 initio
3221 4075 3344 4116 cum
3403 4075 3540 4115 sono

1961 4153 2226 4208 habemus
2257 4152 2705 4207 consuetudinem
2730 4192 2745 4218 ,
2776 4152 2903 4206 huic
2930 4153 3105 4206 eidem
3143 4166 3276 4206 suno
3307 4167 3335 4203 a
3366 4150 3545 4220 primo

1962 4254 2082 4297 ertu
2129 4255 2395 4311 assuetos,
2438 4260 2599 4300 sensu
2652 4246 2756 4299 isto
2798 4260 2910 4314 pra:
2961 4244 3234 4314 frequenti
3289 4243 3542 4297 audiendi

1963 4337 2353 4393 exercitatione
2383 4339 2618 4408 privari;
2650 4337 2875 4406 perinde
2902 4345 3064 4403 atque
3093 4336 3144 4390 hi
3180 4350 3412 4405 quorum
3443 4351 3540 4387 au-

1964 4444 2050 4482 res
2087 4430 2138 4483 in
2176 4429 2406 4484 ollicinis
2449 4430 2658 4484 :erariis
2699 4430 2915 4484 assidue
2948 4429 3345 4483 obtunduntur.
3393 4425 3542 4492 Quo-

1965 4533 2082 4571 rmn
2144 4521 2426 4576 confutare
2482 4521 2884 4575 cavillationem
2948 4535 3011 4573 ac
3069 4518 3412 4581 lutilitatem,
3469 4518 3543 4570 ita

266 4630 362 4675 τος
413 4615 716 4680 φείδεσθαι,
764 4615 887 4667 οὕτε
926 4618 1023 4686 τῆς
1075 4615 1340 4676 συνέσεως
1388 4615 1494 4665 τῶν
1554 4615 1853 4667 ἀκουόντων

1965 4623 2152 4682 aperte
2182 4615 2434 4670 omnibus
2462 4631 2526 4670 ex
2562 4615 2736 4684 primo
2764 4614 2948 4668 auditu
2984 4627 3041 4666 se
3069 4613 3410 4681 prodentem,
3437 4610 3541 4662 viri

271 4705 691 4775 στοχαζομένου.
726 4707 887 4760 Ἀλλὰ
913 4708 978 4760 τὰ
1008 4706 1116 4759 τῶν
1141 4707 1339 4770 ἔξωθεν
1363 4709 1475 4768 τοῖς
1507 4705 1611 4771 ἔξω
1637 4707 1859 4759 καταλι-

270 4799 465 4859 πόντες
479 4799 634 4867 ἡμεῖς
648 4800 737 4851 ἐπὶ
752 4801 840 4852 τὸν
853 4800 1303 4869 ἐκκλησιαστικὸν
1318 4799 1625 4868 ὑποστρέφο
1634 4817 1730 4868 μεν
1746 4800 1855 4870 (95)

269 4888 448 4954 λόγον.
507 4888 734 4959 Εἴρηται
807 4892 903 4961 μὲν
955 4887 1045 4944 οὖν
1078 4909 1187 4944 τισι
1245 4890 1352 4942 τῶν
1396 4889 1501 4960 πρὸ
1541 4890 1727 4961 ἡμῶν,
1788 4893 1862 4964 μὴ

345 5027 390 5058 ³⁷
431 5027 472 5080 ll
497 5025 623 5082 Cor.
675 5045 771 5092 xu,
806 5029 862 5084 2.
941 5030 984 5060 ³⁸
1022 5029 1163 5084 Psal.
1217 5027 1445 5095 cx'Lvut,
1476 5033 1530 5086 4.

347 5200 458 5273 (87)
484 5200 732 5273 Nonnulli
763 5218 893 5256 mss.
927 5203 1059 5273 φησί

346 5272 461 5347 (88)
496 5272 960 5347 quh.__s_e_cundus
991 5272 1421 5347 ίὲπιφερομενοι.
1473 5275 1671 5329 lhidem
1712 5276 1844 5347 Reg.

271 5342 482 5413 primus
510 5341 618 5393 τῶν
653 5343 919 5413 Ἑλλήνων
948 5341 1160 5408 παῖδας,
1181 5341 1508 5399 ’σίγησον-τίω
1538 5364 1750 5411 pueros.

347 5412 460 5482 (89)
489 5413 576 5465 Sic
611 5429 740 5467 mss.
777 5412 950 5467 multi.
978 5417 1131 5468 lli-eest
1156 5417 1248 5468 καί
1286 5417 1337 5468 in
1377 5419 1558 5470 editis.
1601 5419 1848 5472 Subinde

268 5483 488 5554 codices
518 5485 620 5554 duo
644 5484 742 5552 τῆς
773 5487 1167 5554 γραμματικῆς
1195 5486 1307 5538 καί.

347 5551 460 5626 (90)
515 5551 1178 5626 Coll).prunus—@6169.
1235 5557 1379 5626 Editi
1434 5571 1556 5610 cum
1617 5569 1846 5626 utroque

269 5623 440 5697 Co_is_l_.
472 5634 522 5697 et
553 5639 673 5697 cum
708 5625 829 5676 aliis
862 5625 1039 5677 multis
1089 5628 1291 5688 αὐτοῖς.
1343 5625 1492 5678 ΙΙτιιιά
1529 5630 1699 5679 multo
1735 5623 1854 5697 post

269 5691 447 5748 editio
480 5691 640 5745 Basil.
693 5709 815 5747 cum
873 5697 1059 5747 decem
1113 5715 1240 5750 mss.
1296 5698 1572 5761 ἀπιστεῖν,
1619 5699 1702 5750 ὅτι
1735 5691 1852 5753 ’καὶ

265 5763 386 5817 τόν.
423 5763 597 5815 Editio
621 5762 792 5818 Paris.
820 5763 959 5816 ὥστε
993 5766 1084 5817 καὶ
1107 5767 1216 5819 τόν.

352 5833 464 5906 (9-1)
493 5833 718 5906 Codices
750 5843 860 5887 tres
906 5837 932 5885 ὁ
990 5837 1260 5906 μακάριος
1289 5837 1582 5900 ἀπόστολος
1619 5839 1850 5903 Παῦλος.

271 5901 760 5960 Ειίἰιίειιιιὶαοιι).
817 5901 1051 5973 primori
1097 5901 1367 5978 μακάριος
1415 5910 1644 5972 Παῦλος.
1706 5901 1850 5981 Lege

1973 4720 2077 4759 non
2130 4715 2232 4773 est,
2267 4709 2356 4776 qui
2387 4718 2473 4762 aut
2508 4721 2730 4777 parcere
2753 4707 2890 4759 sciat
2918 4705 3170 4774 tempori,
3203 4713 3296 4756 aut
3321 4702 3543 4756 audien-

1970 4798 2100 4853 tium
2133 4799 2545 4871 intelligentiam
2569 4798 2854 4866 conjectet.
2887 4797 3081 4852 Verum
3109 4806 3334 4851 externa
3368 4804 3546 4849 exter-

1973 4895 2057 4950 nis
2083 4895 2471 4967 relinquentes,
2507 4911 2604 4951 nos
2639 4897 2705 4952 ad
2736 4895 3161 4952 ecclesiasticum
3217 4893 3547 4948 revertimur

1965 5209 2239 5270 Dircaeum,
2272 5207 2340 5260 de
2374 5207 2634 5261 caelorum
2672 5220 2913 5259 numero.
2945 5205 3142 5258 Ibidem
3160 5203 3309 5261 Colb.
3341 5220 3540 5260 secun-

1957 5282 2055 5333 dus
2085 5281 2112 5330 ὁ
2140 5278 2196 5330 δὲ
2231 5278 2557 5349 Ψαλμῳδός.
2588 5277 3026 5349 Aliquantopost
3060 5291 3152 5329 sex
3187 5291 3313 5330 mss.
3334 5277 3408 5328 Οὐ
3439 5276 3538 5347 δή·

1956 5367 2055 5400 που
2085 5349 2141 5399 δὲ
2167 5347 2526 5402 ταῦταζΕιίὶιί
2559 5349 2616 5400 οὐ
2647 5348 2847 5416 δήποτε
2880 5347 2956 5399 δέ.

2025 5419 2138 5490 (9‘2)
2161 5419 2310 5474 Colb.
2347 5422 2552 5488 primus
2577 5419 2852 5490 cuereg.
2875 5428 3028 5472 sexto
3051 5418 3536 5490 περιφερομένους.

1953 5487 2150 5570 Statim
2194 5487 2541 5570 mssgnostri
2583 5489 2828 5570 plerique
2858 5503 3053 5570 omnes
3089 5506 3208 5542 cum
3253 5487 3408 5570 Bodl.
3449 5487 3541 5542 εὖ·

1952 5561 2083 5630 ηχὸν
2120 5578 2262 5613 τινα.
2300 5561 2476 5614 Editio
2506 5560 2676 5614 Paris.
2710 5558 2902 5630 ἕνηχόν
2935 5575 3079 5621 τινα,
3121 5575 3225 5624 non
3253 5558 3538 5630 ita'recte.

2026 5631 2140 5698 (93)
2174 5631 2263 5684 Sic
2319 5633 2485 5686 codex
2538 5628 2800 5684 Combei.
2823 5645 2942 5682 cum
2997 5631 3120 5683 aliis
3178 5628 3352 5684 tribus
3401 5645 3538 5684 mss.

1953 5701 2096 5754 Editi
2134 5711 2188 5753 et
2211 5702 2358 5756 Colb.
2409 5703 2612 5769 primus
2649 5700 3104 5770 ὑποστρέψωμεν.
3136 5699 3268 5768 Reg.
3315 5702 3545 5770 quintus

1954 5771 2368 5841 ὐποστέφωμεν.
2403 5773 2694 5837 Aliquanto
2726 5769 2842 5839 post
2870 5772 3024 5824 (lolii.
3051 5771 3268 5841 primus
3305 5769 3541 5841 παραδί-

1952 5842 2155 5896 δοσθαι.
2183 5839 2373 5899 Statim
2408 5843 2577 5898 codex
2605 5843 2743 5898 idem
2783 5841 3012 5896 ἐνταῦοα
3042 5840 3096 5893 δὲ
3127 5839 3541 5914 ὲττεργαστικώ-

1954 5929 2132 5983 τερον.
