4058 6488
199 437 265 490 (51
1333 425 1618 479 llOSllLlA
1659 423 1726 475 lll
1769 421 1831 474 IN
1877 421 2378 476 lIEXAEMERON.
3387 425 3455 479 σε,

205 549 343 621 πρὸς
368 551 477 608 τοῖς
501 546 831 615 διαστήμασι
858 561 950 596 και
979 542 1072 612 τὴν
1100 542 1418 593 ἀντιτυπίαν
1446 541 1575 610 ἔχει.
1612 540 1686 609 Τῇ
1727 539 1782 590 δὲ

1892 539 2286 602 meusionibus,
2324 539 2374 591 in
2403 538 2704 604 latitudine,
2737 541 2976 608 inquam,
3005 555 3067 593 ac
3091 540 3454 608 prol'untiilale

203 643 246 694 Γ
251 643 393 714 ραφῇ
429 637 655 706 σύνηθες
689 636 749 687 τὸ
785 634 1040 704 κραταιὸν
1079 634 1169 684 καὶ
1196 632 1469 683 ἀνένδοτον
1499 632 1778 702 στερέωμα

202 732 403 798 λέγειν,
428 728 502 790 ὡς
524 727 616 780 καὶ
647 726 738 778 ἐπὶ
777 725 937 794 ἀέρος
971 722 1231 784 πολλάκις
1264 721 1779 783 καταπυκνωθέντος

199 825 270 894 τῇ
308 823 456 890 φωνῇ
496 819 665 890 ταύτῃ
709 815 1039 886 κεχρῆσθαι·
1079 816 1154 878 ὼς
1187 816 1312 867 ὅταν
1340 813 1468 884 λέγῃ
1490 829 1502 842 °
1551 813 1610 864 Ὀ
1643 829 1779 864 στε-

196 913 356 982 ρεῶν
380 908 668 978 βροντήν.
703 906 811 976 Τὴν
844 905 950 975 γὰρ
988 904 1315 976 στερρότητα
1346 903 1438 954 καὶ
1464 901 1779 955 ἀντιτυπίαν

203 1006 299 1060 τοῦ
344 1003 649 1072 πνεύματος
685 999 778 1052 τοῦ
830 994 1402 1066 ἐναπολαμϐανομένου
1445 997 1562 1056 ταῖς
1611 993 1781 1045 κοιλό-

203 1115 329 1168 τησι
359 1079 466 1148 τῶν
493 1093 668 1161 νεφῶν
700 1095 798 1161 (2),
841 1092 935 1144 καὶ
973 1091 1058 1141 διὰ
1095 1089 1153 1141 τὸ
1192 1089 1380 1158 βιαίως
1419 1087 1781 1158 ἐκρήγνυσθαι

203 1189 331 1250 τοὺς
356 1185 496 1238 κατὰ
515 1185 612 1247 τὰς
639 1183 866 1254 βροντὰς
894 1180 1278 1242 ἀποτελοῦντος
1302 1180 1524 1248 ψόφους,
1556 1177 1783 1247 στερίω-

207 1298 290 1332 σιν
321 1278 548 1348 βροντῆς
581 1277 613 1344 ἡ
649 1275 836 1346 Γραφὴ
873 1272 1300 1343 προσηγόρευσε.
1342 1273 1450 1324 Καὶ
1486 1270 1580 1323 νῦν
1609 1270 1782 1323 τοίνυν

203 1368 484 1440 ἡγούμεθα
537 1367 628 1418 ἐπί
678 1382 820 1426 τινος
869 1364 1099 1434 στερρᾶς
1147 1363 1358 1432 φύσεως
1414 1362 1620 1429 στέγειν
1687 1360 1780 1414 τοῦ

204 1462 395 1523 ὓδατος
428 1459 487 1511 τὸ
523 1456 803 1526 ὀλισθηρὸν
849 1456 943 1507 καὶ
969 1455 1276 1507 εὐδιάλυτον
1313 1453 1384 1522 (5)
1425 1453 1778 1523 ἐξαρκούσης,

202 1555 300 1623 τὴν
332 1552 512 1622 φωνὴν
561 1547 760 1615 ταύτην
804 1545 1078 1615 τετάχθαι.
1133 1545 1320 1597 Καὶού
1371 1545 1569 1613 δήπου,
1600 1543 1782 1614 ἐπειδὴ

201 1643 349 1698 κατὰ
375 1643 472 1710 τὴν
506 1639 688 1709 κοινὴν
719 1639 944 1709 ἐκδοχὴν
968 1639 1031 1690 ἐκ
1059 1637 1152 1689 τοῦ
1179 1636 1368 1700 ὕδατος
1388 1638 1532 1689 δοκεῖ
1563 1639 1660 1708 τὴν
1703 1638 1785 1704 γέ-

201 1754 351 1789 νεσιν
398 1732 706 1803 ἐσχηκέναι,
747 1731 779 1802 ἢ
830 1731 982 1784 ὕδατι
1034 1729 1303 1799 πεπηγότι
1350 1729 1588 1799 ἐμφερὲς
1647 1725 1782 1780 εἶναι

203 1827 470 1898 προσήκει
517 1823 778 1893 νομίζειν,
826 1823 860 1892 ἦ
896 1838 1001 1873 τινι
1040 1820 1264 1891 τοιαύτῃ
1307 1820 1405 1890 ὕλῃ
1455 1821 1517 1870 ὲκ
1561 1819 1656 1888 τῆς
1688 1819 1780 1870 τοῦ

204 1917 373 1990 ὑγροῦ
402 1916 700 1988 διηθήσεως
725 1915 822 1986 τὴν
853 1915 1024 1983 ἀρχὴν
1051 1912 1425 1982 λαμϐανούσῃ,
1456 1912 1613 1964 ὁποία
1636 1912 1781 1964 ἐστὶν

201 2013 237 2082 ἦ
272 2030 330 2065 τε
376 2011 469 2063 τοῦ
525 2008 858 2080 κρυστάλλου
903 2005 1089 2068 λίθου,
1119 2004 1180 2056 ὃν
1230 2003 1294 2056 δι’
1343 2003 1784 2074 ὑπερϐάλλουσαν

201 2104 296 2157 τοῦ
333 2103 524 2166 ὓδατος
554 2101 715 2171 πῆξιν
753 2094 1161 2168 μεταποιεῖσθαί
1191 2111 1375 2164 φασιν,
1404 2096 1435 2164 ἢ
1465 2097 1497 2166 ἡ
1534 2095 1628 2149 τοῦ
1657 2097 1787 2149 σπέ-

200 2197 334 2251 κλου
358 2195 519 2263 φύσις
553 2193 626 2263 (4)
673 2193 730 2243 ἐν
782 2187 1064 2260 μετάλλοις
1092 2187 1478 2257 συνισταμένη.
1520 2186 1680 2249 Λίθος
1727 2187 1785 2238 δέ

197 2290 319 2343 ἔστι
347 2285 600 2355 διαυγὴς,
635 2281 939 2345 ἰδιάζουσαν
969 2281 1061 2332 καὶ
1104 2278 1498 2350 καθαρωτάτην
1539 2278 1636 2348 τὴν
1667 2279 1784 2330 δια-

199 2382 427 2450 φάνειαν
455 2374 808 2444 κεκτημένος,
840 2373 918 2436 ὃς,
940 2373 1041 2426 ’ὲάν
1087 2372 1228 2424 κατὰ
1256 2371 1352 2441 τὴν
1389 2370 1583 2424 ἑαυτοῦ
1625 2371 1785 2439 φύσιν

198 2471 437 2542 ἀκριϐὴς
461 2466 678 2538 εὑρεθῇ,
719 2467 856 2537 μήτε
889 2463 1346 2533 κατεδηδεσμένος
1377 2462 1628 2533 σηπεδόνι
1657 2463 1782 2524 τινὶ,

205 2565 344 2634 μήτε
373 2561 434 2612 τὸ
458 2558 618 2630 βάθος
647 2557 1062 2627 ὑπερῤηγμένος
1090 2558 1208 2617 ταῖς
1240 2553 1521 2622 διαφύσεσι
1545 2593 1560 2616 ,
1588 2553 1785 2625 μικροῦ

199 2654 280 2724 τῷ
310 2653 430 2722 ἀέρι
460 2650 558 2721 τὴν
584 2649 858 2717 διαύγειαν
901 2648 1092 2700 ἔοικεν.
1124 2646 1311 2698 Οὑδενὶ
1347 2641 1439 2699 οὖν
1478 2645 1679 2699 τούτων
1713 2648 1789 2699 εί-

201 2743 446 2814 κάζομεν
490 2743 551 2796 τὸ
599 2742 905 2813 στερέωμα.
949 2738 1209 2808 Παιδικῆς
1247 2738 1356 2808 γὰρ
1403 2738 1480 2808 τῷ
1534 2740 1645 2791 ὄντι
1695 2739 1786 2791 καὶ

203 2837 384 2907 ἁπλῆς
417 2836 654 2898 διανοίας
684 2832 938 2895 τοιαύτας
960 2831 1103 2902 ἔχειν
1126 2833 1251 2900 περὶ
1273 2832 1382 2883 τῶν
1412 2832 1676 2900 οὐρανίων
1708 2831 1783 2901 (5)

199 2930 302 2993 τὰς
329 2927 643 2998 ὑπολήψεις.
668 2926 741 2978 Οὐ
771 2925 876 2996 μὴν
906 2923 1026 2977 οὐδὲ
1057 2925 1104 2974 εἰ
1134 2924 1311 2975 πάντα
1336 2925 1392 2975 ὲν
1424 2922 1624 2975 ἅπασίν
1646 2924 1782 2982 ἐστι,

200 3023 317 3092 πῦρ
351 3023 446 3092 μὲν
468 3023 523 3074 ὲν
545 3024 636 3092 γῇ,
667 3020 772 3091 ἀὴρ
797 3021 853 3072 δὲ
881 3021 936 3070 ἐν
964 3016 1131 3074 ὕδατι,
1159 3017 1251 3069 καὶ
1274 3017 1379 3070 τῶν
1410 3017 1585 3071 ἄλλων
1609 3018 1785 3072 ὡσαύ-

199 3131 311 3175 τως
333 3115 389 3167 ὲν
415 3114 584 3185 ἑτέρῳ
608 3113 668 3166 τὸ
691 3114 876 3181 ἓτερον
893 3126 906 3139 ·
936 3109 1029 3161 καὶ
1055 3108 1219 3179 μηδὲν
1251 3109 1357 3163 τῶν
1387 3110 1636 3182 αἰσθήσει
1665 3113 1789 3164 ὑπο-

199 3210 510 3261 πιπτόντων
553 3204 829 3274 στοιχείων
876 3201 1162 3272 είλικρινές
1214 3204 1329 3254 ἐστι
1377 3203 1470 3256 καὶ
1511 3203 1706 3272 ἀμιγὲς
1752 3203 1858 3280 ἧς

196 3303 302 3371 τῆς
331 3301 466 3370 πρὸς
499 3298 558 3349 τὸ
595 3296 776 3367 μέσον,
810 3295 965 3367 ἢτῆς
992 3301 1127 3367 πρὸς
1163 3296 1222 3348 τὸ
1256 3295 1628 3365 ἀντικείμενον
1673 3313 1788 3348 κοι-

198 3393 431 3454 νωνίας·
475 3390 663 3444 τούτου
698 3391 881 3444 ἕνεκεν
913 3389 1317 3460 καταδεχόμεθα
1350 3389 1411 3442 τὸ
1449 3389 1784 3460 στερέωμαῆ

199 3485 265 3549 ὲξ
314 3484 431 3547 ἑνὸς
469 3484 577 3537 τῶν
622 3483 826 3544 ἁπλῶν,
852 3483 884 3552 ἦ
915 3483 974 3535 τὸ
1014 3483 1122 3535 ἀπὸ
1159 3483 1362 3536 τούτων
1403 3482 1578 3552 μίγμα
1619 3482 1784 3552 φῆσαι

199 3570 492 3642 ὑπάρχειν,
535 3568 901 3638 δεδιδαγμένοι
957 3566 1108 3637 παρὰ
1167 3567 1267 3636 τῆς
1313 3567 1560 3636 Γραφῆς,
1619 3567 1785 3638 μηδὲν

201 3663 521 3732 ἐπιτρέπειν
553 3661 706 3730 ἡμῶν
729 3660 806 3731 τῷ
839 3659 914 3728 νῷ
943 3658 1086 3730 πέρα
1129 3658 1235 3712 τῶν
1282 3660 1784 3728 συγκεχωρημένων

201 3752 648 3822 φαντασιοῦσθαι.
685 3754 775 3821 Μὴ
807 3753 1140 3824 παραδράμῃ
1182 3750 1237 3803 δὲ
1266 3752 1412 3822 ἡμᾶς
1444 3751 1578 3821 μηδὲ
1612 3754 1786 3805 ἐκεῖνο

199 3846 702 3915 ἀπαρασὴμαντον,
756 3847 837 3898 ὃτι
890 3844 1027 3916 μετά
1073 3845 1132 3897 τὸ
1163 3842 1461 3915 προστάξαι
1502 3843 1593 3896 τὸν
1633 3841 1784 3906 Θεὸν,

276 4027 322 4058 ⁸³
363 4026 525 4080 Amos
555 4041 607 4078 tv
661 4027 750 4079 l5.

201 4186 327 4246 εἰει,
359 4197 478 4236 cum
507 4197 604 4252 per
639 4181 959 4237 asteriscum
989 4195 1053 4235 eo
1100 4180 1202 4235 loci
1239 4180 1565 4252 appositum,
1601 4177 1771 4232 lecto-

203 4270 321 4308 rem
365 4251 581 4307 monere
611 4254 910 4310 videantur.
937 4266 994 4305 se
1032 4267 1149 4314 sua,
1180 4265 1283 4303 non
1318 4251 1563 4303 codicum
1589 4259 1774 4301 aucto-

202 4326 368 4378 ritate
403 4323 473 4376 ita
501 4323 756 4376 edidisse.
791 4321 922 4375 lllud
967 4331 1146 4375 autem
1190 4320 1440 4374 omittere
1469 4334 1571 4372 non
1608 4318 1771 4372 debe-

203 4409 353 4456 mus,
403 4394 642 4445 codicem
680 4392 1028 4446 Bodleiaumn
1095 4390 1292 4443 habere
1339 4389 1501 4459 μήκει
1545 4387 1638 4439 καὶ
1699 4386 1777 4456 τῷ

204 4463 353 4532 ὕψει.
395 4459 520 4521 Sed,
549 4462 646 4514 nisi
681 4476 765 4515 me
798 4476 913 4514 mea
952 4459 1307 4532 fallit_opinio,
1339 4475 1438 4513 vox
1468 4459 1639 4532 μῆκος
1667 4460 1778 4527 pri-

1814 1887 1864 1940 Β

1883 639 1935 684 et
1964 631 2320 693 longitudine.
2352 629 2590 683 Firmum
2616 642 2794 685 autem
2827 632 2953 684 illud
2983 641 3086 694 est,
3118 633 3169 685 in
3199 649 3305 700 quo
3327 649 3458 703 prte-

1885 733 1966 776 ter
2016 724 2380 778 dimensiones
2433 724 2658 778 durities
2707 725 2870 777 etiam
2921 733 2976 778 et
3024 726 3241 778 renixus
3291 727 3453 780 inest.

1881 812 2050 868 Porro
2086 813 2390 884 Scriptura,
2441 815 2584 883 quod
2634 815 2868 868 validum
2904 825 2987 870 est
3035 828 3090 870 et
3121 816 3453 882 inflexibile,

1885 905 2281 960 firmamentum
2312 921 2508 961 vocare
2536 908 2834 970 consuevit,
2877 908 2947 960 ita
2987 918 3044 961 ut
3073 910 3234 962 etiam
3270 923 3450 961 acrem

1883 997 2036 1051 valde
2077 997 2360 1053 densatum
2417 1000 2760 1069 designatura
2786 1042 2799 1065 ,
2835 1015 2974 1068 sarpe
3021 1002 3120 1053 hac
3159 1000 3273 1067 ipsa
3323 1014 3455 1052 voce

1883 1101 2085 1162 utatur,
2115 1090 2256 1145 velut
2291 1106 2413 1144 cum
2445 1092 2576 1145 dicit
2604 1110 2616 1145 :
2654 1090 2907 1145 Firmum
2932 1093 3129 1145 tonitru
3158 1091 3224 1144 ⁸³.
3258 1091 3454 1145 Solidi-

1884 1192 2044 1236 tatem
2080 1184 2222 1236 enim
2249 1193 2302 1237 et
2334 1185 2579 1237 rcuixum
2607 1185 2851 1252 spiritus,
2880 1187 2969 1253 qui
3003 1185 3055 1238 in
3084 1185 3306 1238 nubium
3337 1185 3456 1237 lini-

1885 1276 1980 1327 bus
2026 1275 2281 1338 inclusus,
2331 1278 2400 1328 ob
2450 1277 2739 1329 violentam
2789 1277 3128 1344 eruptionem
3182 1275 3454 1346 fragorem

1885 1367 2179 1419 tonitruum
2207 1367 2340 1431 edit,
2369 1369 2588 1420 tonitrui
2625 1368 2932 1422 firmitatem
2964 1369 3243 1436 Scriptura
3269 1370 3453 1437 appt'l-

1886 1458 2033 1510 lavit.
2082 1458 2266 1525 Itaque
2293 1469 2340 1513 et
2383 1460 2468 1514 hic
2499 1461 2636 1514 hanc
2666 1476 2851 1514 vocem
2897 1475 2992 1529 pro
3025 1460 3179 1512 lirma
3223 1462 3453 1529 quadam

1885 1561 2072 1603 natura
2111 1566 2229 1620 qum
2273 1567 2468 1620 aquam
2501 1554 2609 1622 26
2638 1552 2899 1606 lubricam
2940 1567 3003 1607 ac
3036 1551 3194 1606 facile
3225 1551 3457 1606 dissolu»

1888 1642 2045 1695 bilem
2077 1643 2359 1697 continere
2391 1645 2580 1712 possit,
2616 1653 2926 1710 usurpatam
2953 1660 3074 1698 esse
3096 1645 3452 1698 arbitramur.

1885 1733 1996 1788 Nec
2039 1751 2185 1795 vero,
2222 1737 2477 1804 quoniam
2522 1735 2917 1789 firmamentum
2949 1751 3014 1789 ex
3045 1738 3313 1790 communi
3364 1733 3458 1790 ac-

1887 1827 2133 1893 ceptioue
2157 1830 2223 1881 ab
2253 1843 2392 1897 aqua
2422 1839 2603 1883 ortum
2632 1830 2859 1882 traxisse
2897 1831 3128 1894 videtur,
3160 1829 3456 1899 putandum

1886 1928 1967 1970 est
2001 1917 2126 1970 illud
2172 1918 2347 1972 simile
2388 1934 2507 1972 esse
2541 1929 2633 1973 aut
2662 1935 2816 1989 aquae
2846 1921 3171 1990 congelatas,
3227 1929 3318 1974 aut
3364 1921 3454 1973 tali

1894 2009 2109 2062 cuidam
2149 2011 2406 2072 materias,
2447 2027 2510 2065 cx
2551 2012 2775 2066 humore
2820 2013 3092 2082 percolato
3136 2015 3458 2082 principium

1896 2100 2206 2169 accipienti.
2256 2102 2442 2167 Qualis
2477 2110 2560 2155 est
2597 2111 2790 2156 natura
2830 2119 2920 2158 aut
2959 2104 3196 2174 crystalli
3231 2104 3458 2172 lapidis,

1891 2189 2048 2258 q'uem
2123 2193 2190 2246 ob
2244 2194 2749 2261 przestantissimam
2819 2211 2972 2263 aqu:e
3027 2197 3458 2267 congelationem

1891 2283 2243 2335 transmutari
2277 2283 2429 2336 aiunt
2458 2302 2471 2338 :
2508 2293 2599 2336 aut
2633 2284 2926 2354 specularis
2952 2285 3166 2354 lapidis,
3199 2288 3292 2354 qui
3319 2287 3463 2340 inter

1890 2371 2101 2425 metalla
2145 2376 2462 2428 concrescit.
2501 2376 2595 2429 Est
2647 2386 2829 2431 autem
2856 2378 2944 2431 hic
2968 2377 3104 2446 lapis
3131 2379 3458 2447 pellucidus,

1887 2465 2144 2532 peculiari
2177 2482 2239 2519 ac
2269 2467 2558 2534 purissima
2603 2468 2851 2522 claritate
2880 2469 3132 2534 donatus,
3162 2471 3250 2538 qui
3279 2470 3323 2524 si
3367 2486 3464 2539 pro

1888 2572 1981 2612 sua
2021 2567 2210 2611 natura
2253 2559 2498 2614 sincerus
2541 2569 2595 2614 et
2635 2558 2911 2614 absolutus
2953 2571 3200 2628 repertus
3227 2571 3334 2624 est,
3369 2578 3464 2614 ue-

1889 2663 1992 2716 que
2030 2649 2137 2702 ulla
2175 2664 2369 2703 exesus
2421 2651 2729 2719 putredine,
2769 2664 2944 2718 neque
2996 2650 3206 2704 lissuris
3235 2663 3358 2705 sese
3395 2655 3463 2702 ad

1890 2741 2177 2794 interiores
2198 2755 2366 2807 usque
2389 2749 2568 2809 partes
2591 2741 3005 2794 cxtendentibus
3028 2742 3254 2807 divisus,
3285 2742 3460 2812 splen-

1889 2831 2018 2884 dore
2051 2830 2161 2882 aeri
2213 2830 2324 2883 fere
2373 2830 2566 2885 similis
2597 2831 2830 2886 exsistit.
2884 2830 3025 2885 Nulli
3065 2833 3226 2901 igitur
3266 2834 3462 2888 horum

1889 2937 2268 2990 comparamus
2299 2923 2724 2977 firmamentum.
2753 2922 2984 2978 Puerilis
3011 2926 3153 2978 enim
3186 2940 3373 2981 revera
3407 2938 3464 2982 et

1893 3013 2156 3082 simplicis
2193 3013 2360 3066 animi
2390 3022 2490 3073 est,
2521 3014 2654 3068 tales
2682 3015 2748 3069 de
2775 3015 3086 3071 ctelestibus
3113 3016 3313 3071 habere
3341 3021 3462 3086 opi-

1891 3105 2102 3159 niones.
2136 3104 2319 3174 Neque
2342 3113 2524 3160 tamen
2548 3107 2800 3174 quoniam
2829 3116 3024 3161 cuncta
3054 3107 3106 3161 in
3137 3111 3347 3164 cunctis
3374 3113 3458 3163 in-

1891 3206 2035 3261 sunt,
2067 3196 2202 3264 ignis
2229 3195 2445 3263 quidem
2479 3196 2532 3249 in
2562 3205 2722 3261 terra,
2755 3211 2850 3251 aer
2881 3211 3011 3251 vero
3037 3199 3090 3253 in
3127 3213 3288 3269 aqua,
3319 3213 3374 3254 et
3399 3217 3466 3255 ex

1896 3287 2017 3340 aliis
2044 3286 2291 3341 similiter
2316 3287 2547 3342 alterum
2579 3288 2633 3342 in
2670 3289 2876 3355 altero;
2913 3305 3012 3346 nec
3063 3300 3122 3350 ιιι
3172 3291 3338 3346 ullum
3383 3301 3467 3348 est

1895 3379 2278 3432 elementorum
2317 3379 2416 3434 sub
2450 3394 2643 3436 sensus
2684 3382 2992 3437 cadentium
3034 3401 3230 3454 purum
3259 3396 3314 3440 et
3353 3386 3466 3439 siu-

1895 3484 2100 3533 cerum,
2133 3483 2347 3523 omnem
2381 3470 2495 3525 sive
2523 3486 2644 3525 cum
2679 3473 2876 3538 medio,
2909 3473 3023 3527 sive
3055 3489 3176 3528 cum
3209 3476 3460 3544 Opposito

1893 3565 2207 3619 societatem
2239 3564 2554 3631 excludens,
2581 3581 2687 3619 non
2719 3566 2926 3621 idcirco
2955 3569 3139 3622 dicere
3175 3571 3459 3636 audemus,

1895 3655 2289 3710 firmamentum
2315 3665 2407 3710 aut
2431 3673 2498 3712 ex
2528 3673 2634 3712 uno
2657 3657 2981 3728 simplicium
3006 3659 3252 3726 conﬂari,
3278 3668 3370 3713 aut
3394 3674 3464 3718 ex

1891 3748 1972 3802 his
2016 3750 2422 3817 permistionem
2452 3751 2740 3820 quamdam
2799 3766 2920 3807 esse
2959 3770 2974 3806 :
3027 3753 3465 3823 quandoquidem

1893 3844 2066 3900 edocti
2118 3860 2305 3899 sumus
2332 3860 2362 3898 a
2398 3845 2699 3916 Scriptura.
2738 3858 2796 3901 ut
2841 3848 2975 3902 nihil
3018 3849 3185 3903 menti
3220 3856 3422 3902 nosme
3446 3885 3463 3912 ,

1954 4175 2030 4257 ςᾷ)
2072 4177 2204 4257 Reg.
2231 4175 2752 4257 sextusméktaeqpbv
2785 4178 2876 4230 καὶ
2919 4177 3258 4257 εὐδιάχυτον.
3315 4178 3464 4235 Infra

1880 4245 2031 4319 Coll).
2064 4245 2544 4319 ριτίῐηυε-νομίζειν
2568 4245 2662 4300 τοῦ
2688 4247 2849 4319 ἀέρος
2881 4247 2979 4319 τὴν
3007 4245 3182 4319 χύσιν.

1954 4318 2028 4388 (4)
2061 4317 2236 4389 Editio
2269 4316 2433 4389 Basil.
2463 4332 2584 4389 cum
2614 4316 3222 4389 quibusdamAnglicis,
3251 4320 3454 4389 quibus

1886 4386 2206 4457 adiungendi
2234 4396 2362 4442 sunt
2391 4387 2498 4441 duo
2527 4388 2658 4442 Duc.
2700 4396 2754 4441 et
2782 4386 2938 4510 Regii
2980 4386 3204 4456 primus,
3244 4386 3460 4455 tertius,

1888 4468 2136 4510 quartus.
2174 4459 2397 4510 quintus
2451 4466 2506 4510 et
2537 4467 2723 4510 sextus
2764 4466 2820 4510 et
2901 4457 3010 4510 odl.
3057 4474 3180 4510 cum
3231 4469 3460 4510 utroaue

1888 4459 2397 4530 quar_tus,_quint_us
2451 4466 2506 4510 et
2537 4467 2723 4530 sextus
2764 4466 2820 4511 et
2859 4457 3010 4530 Bodl.
3057 4474 3180 4514 cum
3231 4469 3462 4530 utroque

203 4526 355 4588 mum
409 4532 652 4616 apposita
703 4541 782 4584 est
822 4532 886 4584 ad
936 4526 1253 4616 margiqem,
1307 4546 1372 4583 eo
1423 4526 1680 4591 consilio,
1724 4536 1780 4581 ut

1888 4528 2053 4616 Eoisl.
2089 4526 2204 4580 τοῦ
2233 4526 2466 4616 στξέκλου
2504 4527 2665 4595 φύσις
2691 4543 2711 4616 .-
2764 4528 3252 4616 quamdection'em
3308 4526 3463 4612 putat

204 4598 522 4657 moneretur
551 4601 720 4654 lector
745 4615 841 4665 per
894 4598 1078 4654 vocem
1119 4598 1271 4668 ὕψος,
1320 4615 1422 4668 qua
1483 4614 1611 4652 usus
1661 4608 1778 4651 crat

202 4675 459 4733 Basilius,
503 4673 587 4726 hic
633 4669 856 4738 intelligi
902 4671 1260 4738 prolttndum,‘
1292 4669 1485 4723 deinde
1532 4669 1647 4722 haec
1686 4683 1777 4722 ea-

203 4749 331 4797 dem
358 4759 457 4797 vox
496 4741 650 4812 ὕψος,
683 4741 823 4811 quod
845 4755 986 4810 saepe
1017 4740 1216 4794 factum
1247 4749 1350 4803 est,
1376 4740 1428 4792 in
1467 4747 1672 4792 textum
1709 4740 1781 4790 ir-

204 4812 400 4870 repsit.

274 4829 534 4962 ?Si‘blulti
591 4897 719 4962 mss.
755 4878 1010 4962 νεφελῷν.
1055 4877 1392 4962 Moxueditio
1432 4877 1613 4962 Paris.
1645 4881 1779 4962 ἀπο-

202 4947 510 5014 τελούντος,
552 4961 709 5018 prout
743 4951 1126 5005 emendaverat
1172 4947 1535 5003 Montacutius
1564 4964 1631 5004 ex
1663 4953 1771 5004 An-

205 5026 364 5096 glicis
396 5037 523 5096 mss.
558 5023 731 5096 liditio
763 5021 924 5096 Rasil.
961 5034 1082 5073 cum
1113 5018 1291 5086 Regiis
1310 5021 1495 5096 primo
1513 5028 1566 5072 et
1590 5021 1779 5088 quinto

204 5089 264 5149 Et
293 5110 417 5146 cum
455 5092 662 5144 duobus
688 5092 840 5145 Colb.
902 5090 1138 5158 itemque
1180 5103 1300 5159 cum
1354 5089 1518 5144 Coisl.
1549 5100 1780 5159 utroque

203 5177 263 5221 et
295 5163 445 5216 Bodl.
488 5161 902 5223 ἁποτελοῦντας.
943 5157 1178 5230 Uterque
1214 5157 1530 5230 iDuc._cum
1593 5157 1778 5230 Regiis

205 5236 370 5288 tertio
399 5243 452 5286 et
481 5241 671 5301 quarto
701 5243 755 5285 et
783 5245 904 5302 cum
950 5229 1309 5302 aliis_duo_bus
1366 5228 1550 5302 Regiis
1578 5228 1780 5302 ἀποτε-

205 5299 526 5371 λουμένουςζ
567 5302 726 5371 Deest
764 5301 857 5354 καί
904 5299 1164 5371 ωηο-διά
1195 5299 1246 5352 in
1304 5299 1777 5371 mssfnonnullis.

203 5369 504 5428 Cortunrius
535 5374 676 5425 hunc
715 5370 891 5424 locum
939 5372 1019 5424 sic
1051 5369 1438 5438 interpretatur
1467 5389 1480 5424 :
1515 5370 1592 5424 Eo
1632 5370 1774 5440 quod

204 5443 461 5498 violenter
486 5449 760 5508 erumpant
793 5441 1042 5504 strepitus
1072 5442 1303 5492 tonitrua
1327 5440 1622 5507 efﬁcientes.
1644 5439 1774 5494 Ευ-

204 5512 443 5568 statltius
471 5527 623 5576 vero,
650 5528 752 5579 qua
783 5511 996 5579 spiritus
1024 5517 1299 5577 conceptus
1326 5510 1378 5559 in
1407 5513 1646 5571 nubibus,
1671 5514 1780 5563 vio-

205 5586 472 5649 lenterque
516 5590 796 5648 proruptus
836 5579 982 5642 eﬂicit
1029 5596 1216 5632 sonum
1252 5579 1608 5635 tonitrualem.
1666 5582 1779 5633 An-

207 5655 347 5723 glica
388 5652 544 5704 lectio
578 5650 967 5723 ἀποτελοῧντος
992 5664 1243 5723 germana
1280 5657 1358 5704 est
1395 5664 1460 5704 ac
1504 5651 1777 5723 genuina:

213 5719 409 5791 quippe
476 5737 574 5774 vox
623 5719 1027 5791 ἀπο-τελοῦντος
1078 5721 1144 5772 ad
1206 5733 1391 5791 vocem
1441 5719 1774 5791 superiorem

207 5790 519 5862 πνεύματος
553 5790 803 5857 refertur,
839 5791 940 5846 nisi
976 5792 1154 5846 dicere
1194 5790 1365 5846 mavis
1397 5790 1778 5850 attractionetn

208 5879 350 5919 CSSC.

1892 4599 2116 4652 Ducmus
2144 4599 2457 4653 mendosam
2492 4612 2611 4651 esse
2653 4606 2818 4667 atque
2859 4598 3132 4652 vitiosam.
3161 4597 3322 4662 Hinc,
3354 4601 3461 4653 nisi

1885 4668 2040 4722 valde
2066 4667 2244 4733 fallor,
2273 4667 2474 4721 factum
2500 4677 2602 4734 est,
2631 4677 2689 4721 ut
2720 4668 2884 4721 editio
2919 4667 3094 4722 Paris.
3127 4668 3319 4722 habeat
3363 4667 3462 4722 τοῦ

1887 4737 2215 4809 σπεκλαρίου
2262 4737 2443 4807 φύσις.
2502 4736 2698 4809 verum
2739 4753 2865 4809 non
2903 4738 3062 4791 facile
3121 4738 3358 4809 adducar
3400 4750 3463 4792 ut

1885 4805 2283 4864 credam'cum'
2308 4809 2506 4862 Ducaao
2538 4807 2823 4862 lectionem
2856 4807 2993 4861 hanc
3045 4805 3280 4860 σπέκλου
3323 4809 3464 4863 inter

1889 4879 2082 4933 menda
2127 4877 2512 4932 recensendam
2553 4892 2692 4932 esse.
2749 4875 3028 4930 Libentius
3087 4887 3161 4932 tot
3213 4879 3460 4932 codicum

1887 4964 2084 5016 sequor
2117 4948 2521 5012 auctoritatem,
2575 4947 2920 5016 arbitrorque
2977 4962 3163 5002 vocem
3220 4947 3461 5001 σπέκλου

1887 5018 2287 5074 substantivum
2349 5032 2489 5080 esse,
2539 5017 2680 5070 unde
2741 5033 2840 5072 vox
2903 5016 3168 5083 adjectiva
3222 5019 3464 5071 σπεκλά-

1889 5105 2003 5160 ριος
2038 5088 2346 5160 derivatur._
2366 5087 2432 5140 Et
2455 5102 2714 5160 verovox
2746 5087 3055 5160 specularis,
3091 5104 3209 5160 qua;
3233 5102 3464 5160 respon-

1889 5156 1976 5213 ilet
2002 5159 2116 5212 voci
2147 5158 2498 5228 σπεκλάριος,
2525 5158 2787 5228 adjective
2815 5158 3053 5228 sumitur
3074 5156 3209 5228 apud
3230 5156 3462 5213 Plinium

1890 5229 1982 5283 lib.
2027 5245 2107 5291 Ill,
2151 5245 2268 5298 cap.
2297 5227 2386 5292 51,
2419 5228 2507 5281 ubi
2538 5230 2650 5281 haec
2674 5227 2963 5298 leguntur:
2997 5227 3302 5282 Metallis...
3340 5238 3453 5298 tota

1887 5299 2050 5366 ferme
2096 5296 2354 5364 Hispania
2404 5308 2566 5350 scatet
2597 5316 2616 5352 :
2654 5296 2883 5351 Citerior
2907 5309 2955 5350 et
2983 5298 3341 5365 specularibus
3379 5297 3463 5350 la-

1885 5370 2111 5438 pidibus.
2146 5369 2210 5421 Et
2238 5369 2330 5420 lib.
2359 5383 2474 5428 xst,
2501 5381 2622 5436 cap.
2656 5369 2722 5422 14
2758 5384 2771 5419 :
2811 5367 2981 5421 Multa
3015 5369 3246 5421 alvearia
3271 5384 3460 5432 specu-

1885 5437 1987 5491 lari
2002 5438 2174 5506 lapide
2196 5440 2378 5507 fecere.
2397 5438 2757 5502 Quamobrem
2781 5439 3066 5503 edidimus,
3084 5437 3157 5490 uti
3184 5439 3234 5490 in
3259 5439 3462 5492 codici—

1884 5509 1986 5563 bus
2016 5525 2143 5563 mss.
2179 5509 2450 5580 legiturpﬁ
2481 5509 2513 5578 ἠ
2549 5508 2642 5561 τοῦ
2674 5507 2908 5561 σπέκλου
2933 5507 3126 5580 φύσις,
3148 5507 3262 5580 Aut
3285 5507 3459 5567 qualis

1886 5588 1959 5632 est
1990 5580 2147 5643 specii
2177 5591 2392 5641 natura,
2425 5582 2522 5632 hoc
2551 5589 2655 5642 est,
2681 5579 2967 5647 specularis
3011 5579 3226 5642 lapidis.

1957 5650 2032 5718 (5)
2064 5649 2201 5703 Editi
2238 5648 2659 5720 cumaliquibus
2709 5646 2839 5720 mss.
2867 5647 2974 5699 τῶν
3010 5648 3276 5720 οὐρανίων
3310 5664 3322 5677 ·
3363 5646 3459 5702 alii

1885 5721 2105 5790 quidam
2143 5735 2271 5772 mss.
2311 5719 2419 5771 τῶν
2447 5719 2709 5789 οὐρανῶν.
2746 5719 2864 5771 Mox
2921 5718 3090 5790 editio
3137 5718 3295 5790 Basil.
3329 5733 3457 5770 cum

1888 5788 2015 5844 mss.
2042 5790 2284 5857 plurimis
2316 5790 2453 5843 inter
2484 5788 2617 5856 quos
2657 5801 3008 5842 numerantur
3035 5788 3200 5844 Coisl.
3231 5798 3460 5858 uterque

1888 5870 1939 5917 et
1975 5859 2122 5916 Bodl.
2153 5859 2270 5913 οὐδὲ
2304 5861 2370 5914 εἰ.
2414 5861 2588 5917 Ειιὶῑίο
2624 5860 2794 5914 Paris.
2825 5859 2945 5913 οὐδὲ
2978 5860 3080 5914 ὅτι.
