4058 6440
572 351 642 406 65
1879 353 1933 408 S.
1979 354 2062 407 BA
2073 353 2158 407 Sll

2270 355 2483 411 MAGNI
3769 358 3843 411 οι

568 477 769 538 praeter
797 481 856 522 ea
891 481 1009 538 quae
1041 483 1296 524 concessa
1330 476 1477 534 sunt,
1502 469 1878 539 permittamus
1910 472 2144 525 commi-

2264 474 2566 540 Γενηθήτω
2599 475 2920 544 στερέωμα,
2956 478 3057 529 οὑκ
3090 475 3301 547 εἴρηται
3337 475 3542 538 ἁπλῶς,
3576 474 3670 527 καὶ
3709 473 3843 540 ἐγέ-

569 561 727 618 nisci.
761 558 869 622 Nos
914 570 1091 614 autem
1121 577 1188 615 ne
1214 562 1318 615 hoc
1349 562 1562 629 quidem
1610 571 1874 616 annotare
1918 564 2144 616 omitta-

572 671 709 720 mus,
740 655 879 724 quod
914 663 1263 724 posteaquam
1296 664 1629 724 praaceperat
1665 655 1807 710 Deus
1838 671 1850 706 :
1889 653 2014 708 Fiat
2047 655 2146 721 ﬁr-

573 758 891 801 mamentum
916 785 931 810 ,
962 761 1066 800 non
1095 747 1296 801 dictum
1326 757 1408 802 est
1437 748 1756 816 simpliciter
1791 763 1804 798 :
1844 747 1906 800 Et
1944 746 2145 800 factum

573 851 652 894 est
687 840 1120 902 ﬁrmamentum;
1160 843 1279 900 sed,
1314 840 1381 893 Et
1408 841 1524 908 fecit
1555 841 1694 894 Deus
1723 840 2146 908 ﬁrmamentum;

572 939 625 984 et
674 947 888 986 rursum
932 949 944 985 :
999 931 1184 984 Divisit
1242 931 1396 986 Deus.
1437 934 1657 996 Audite,
1691 931 1862 994 surdi,
1905 943 1958 986 ct
2001 931 2147 994 carci,

575 1024 852 1092 suspicite.
889 1026 992 1081 Sed
1022 1027 1208 1094 ecquis
1254 1026 1449 1080 surdus
1477 1036 1560 1079 est
1583 1066 1598 1087 ,
1642 1025 1744 1078 nisi
1780 1025 1823 1078 is
1847 1065 1860 1085 ,
1906 1024 1995 1091 qui
2030 1022 2150 1089 Spi-

574 1121 735 1172 ritum
778 1135 880 1172 non
921 1121 1091 1183 audit,
1141 1134 1330 1187 magna
1376 1119 1507 1171 adeo
1551 1133 1680 1171 voce
1732 1117 2153 1170 inclamantem?

576 1211 773 1280 Ecquis
804 1227 932 1265 vero
964 1227 1139 1264 caecus
1170 1211 1290 1264 est?
1321 1211 1410 1263 Ille
1443 1211 1558 1278 ipse
1587 1219 1670 1262 est
1702 1211 1791 1276 qui
1835 1214 1970 1262 adeo
1999 1210 2145 1262 clara

573 1304 641 1358 de
673 1303 960 1373 Unigeuito
990 1312 1304 1370 argumenta
1337 1317 1440 1352 uon
1478 1299 1640 1350 videt.
1678 1297 1798 1349 Fiat
1846 1299 2152 1365 ﬁrmamen-

573 1402 707 1448 tum.
754 1395 876 1446 llzec
922 1410 1021 1446 vox
1058 1404 1138 1445 est
1183 1393 1452 1460 primat-ire
1496 1402 1546 1443 et
1591 1391 1901 1457 principalis
1946 1406 2145 1445 causae.

575 1478 727 1532 Fecit
762 1480 898 1533 Deus
925 1480 1334 1548 ﬁrmamentum.
1372 1479 1484 1532 lloc
1525 1489 1606 1532 est
1651 1478 1941 1534 elIcctrlcis
1967 1493 2152 1549 poten-

578 1576 665 1626 tia:
703 1585 862 1640 atque
892 1575 1172 1626 creatricis
1207 1573 1596 1626 testimonium.

648 1659 703 1718 5.
735 1664 838 1718 Sed
871 1665 936 1718 ad
970 1665 1468 1728 interpretationem
1493 1667 1910 1718 continuandam
1947 1681 2155 1721 sermo-

577 1773 698 1812 nem
729 1773 1066 1810 revocemus.
1102 1757 1180 1811 Sit
1221 1758 1545 1823 discernens,
1577 1760 1772 1827 inquit,
1806 1761 1940 1812 inter
1962 1778 2151 1830 aquam

2250 583 2372 618 νετο
2405 567 2688 638 στερέωμα
2713 587 2724 598 ·
2753 569 2908 634 ἀλλὰ,
2928 570 3036 623 Καὶ
3063 570 3353 634 ἐποίησεν
3377 572 3408 622 ό
3434 567 3579 633 Θεὸς
3605 569 3670 620 τὸ
3695 583 3846 620 στε-

2241 655 2472 725 ρέωμα·
2511 659 2605 711 καὶ
2637 661 2815 723 πάλιν,
2851 662 3205 729 Διεχώρισεν
3233 663 3265 713 ό
3307 661 3467 724 Θεός.
3527 659 3591 710 υἱ
3636 658 3844 726 κωφοὶ,

2249 750 2538 813 ἀκούσατε,
2574 754 2666 805 καὶ
2697 755 2743 804 οἱ
2772 754 2988 821 τυςέλοὶ,
3014 752 3370 818 ἀναϐλέιζιατε.
3396 749 3506 802 Καὶ
3537 749 3620 811 τίς
3652 746 3848 814 κωφὸς

2250 843 2365 896 ἀλλ’
2393 844 2424 913 ἢ
2454 845 2481 894 ὁ
2508 844 2579 914 μὴ
2605 845 2814 897 ἀκούων
2839 847 2979 899 οὑτω
3008 843 3400 916 μεγαλοφώνως
3427 839 3730 911 ὲμῦοιῖιντος
3761 839 3844 906 (δ)

2249 935 2343 988 τοῦ
2372 937 2715 1006 Πνεύματος;
2747 938 2854 990 Καὶ
2882 939 2964 999 τίς
2997 937 3195 1004 τυφλός
3223 953 3236 998 ;
3277 936 3334 988 Ὀ
3373 934 3446 1004 μὴ
3480 931 3680 1002 ἐνορῶν
3714 932 3846 993 ταῖς

2251 1027 2421 1090 οὑτως
2481 1031 2737 1099 ἐναργέσι
2790 1030 2914 1099 περὶ
2970 1030 3061 1081 τοῦ
3116 1026 3451 1094 Μονογενοῦς
3504 1021 3840 1085 ἀποδείξεσι.

2254 1121 2569 1188 Γενηθήτω
2595 1122 2914 1189 στερέωμα.
2947 1122 3091 1190 Αὑτη
3126 1124 3160 1192 ἡ
3188 1122 3268 1189 t7)
3301 1118 3452 1188 φωνὴ
3498 1118 3596 1186 τῆς
3624 1131 3844 1182 προκα-

2253 1215 2547 1283 ταρκτικῆς
2581 1215 2772 1278 αἰτίας.
2817 1215 3130 1280 Ἐποίησεν
3167 1218 3197 1266 ὁ
3225 1212 3370 1276 Θεὸς
3409 1211 3475 1263 τὸ
3505 1207 3842 1275 στερέωμα.

2254 1301 2402 1370 Αὕτη
2426 1302 2522 1372 τῆς
2552 1306 2834 1375 ποιητικῆς
2851 1307 2942 1358 καὶ
2965 1303 3357 1376 δημιουργικῆς
3380 1301 3662 1370 δυνάμεως
3697 1315 3848 1368 μαρ-

2255 1412 2434 1465 τυρια.

2326 1671 2377 1723 5.
2418 1669 2552 1721 Ἀλλ’
2581 1668 2671 1720 ἐπὶ
2715 1668 2782 1720 τὰ
2825 1667 3019 1734 συνεχῆ
3053 1668 3148 1736 τῆς
3197 1668 3507 1737 ἐξηγήσεως
3551 1667 3642 1718 τὸν
3683 1665 3850 1734 λόγον

2260 1762 2715 1832 ἐπαναγάγωμεν.
2744 1761 2940 1812 ’Ἔστω
2983 1758 3344 1826 διαχωρίζον,
3377 1760 3561 1829 φησιν,
3596 1757 3716 1813 ἀνὰ
3737 1757 3846 1827 μὲ-

576 1857 622 1900 et
664 1863 875 1916 aquam.
905 1848 1116 1901 Inﬁnita
1149 1857 1291 1911 erat,
1323 1859 1381 1902 ut
1417 1849 1663 1914 videtur,
1700 1866 1961 1920 aquarum
2007 1851 2158 1905 efl'us‘

2264 1869 2370 1906 σον
2399 1853 2616 1917 ὕδατος
2665 1851 2761 1905 καὶ
2795 1850 3032 1916 ὕδατος.
3081 1852 3340 1920 Ἀπειρος
3393 1853 3491 1920 μὲν
3528 1847 3616 1922 ἦν,
3658 1853 3735 1914 ὡς
3763 1850 3843 1921 {8)

579 1940 680 2000 sio,
723 1953 844 1992 cum
887 1954 1297 2007 quaquaversus
1327 1939 1652 1995 inundarent
1697 1952 1922 2008 terram,
1955 1958 2022 1997 ac
2056 1959 2150 1997 su-

580 2045 670 2096 pra
706 2031 874 2098 ipsam
934 2030 1397 2098 suspenderentur
1434 2054 1445 2087 :
1509 2034 1582 2087 ita
1623 2043 1680 2087 ut
1732 2035 1878 2102 ipsas
1920 2035 2060 2088 inter
2099 2044 2154 2090 et

579 2135 778 2174 vetera
808 2121 1072 2174 elementa
1099 2121 1342 2176 videatur
1370 2137 1494 2177 esse
1521 2126 1797 2191 proportio
1828 2124 1992 2178 nulla.
2034 2125 2156 2179 Pro-

581 2220 766 2277 pterea
797 2211 939 2265 enim
973 2211 1253 2265 dicebatur
1292 2222 1451 2267 antea
1488 2213 1714 2285 abyssus
1761 2224 1964 2268 terram
2001 2217 2158 2269 undi-

580 2318 684 2370 que
732 2303 1177 2359 circumdedisse.
1231 2302 1426 2360 Verum
1484 2308 1599 2376 ejus
1641 2310 1809 2376 capim
1845 2324 2065 2363 causam
2103 2310 2155 2363 in

581 2395 933 2464 sequentibus
959 2397 1298 2464 proferemus
1326 2398 1380 2452 in
1401 2399 1656 2453 medium.
1689 2399 1939 2455 Profecto
1975 2412 2154 2455 autem

585 2502 742 2542 nemo
772 2498 1036 2551 vestrum,
1079 2505 1142 2543 ne
1175 2505 1363 2545 eorum
1405 2491 1622 2558 quidem
1663 2492 1752 2559 qui
1795 2501 2025 2546 mentem
2061 2492 2158 2544 lia-

584 2581 711 2633 bent
734 2579 888 2633 valde
909 2581 1458 2650 exercitatam,atque
1484 2582 1537 2636 in
1576 2581 1678 2635 hac
1706 2585 1917 2637 mortali
1944 2585 2154 2638 ettiuxa

585 2678 775 2724 natura
800 2680 956 2725 acute
991 2671 1189 2738 vident,
1211 2674 1521 2742 opinionem
1545 2676 1686 2730 lianc
1718 2675 1964 2744 impetet,
2001 2678 2154 2746 quasi

586 2777 671 2816 res
705 2777 822 2830 qua:
851 2762 1146 2817 secundum
1177 2765 1443 2819 rationem
1480 2764 1595 2819 ﬁeri
1637 2781 1743 2819 non
1781 2779 2027 2836 possunt,
2065 2777 2156 2823 aut

582 2867 702 2920 quae
735 2855 1115 2907 commentitia’
1153 2863 1298 2919 sunt,
1324 2871 1684 2924 proponamus
1723 2875 1734 2910 :
1769 2873 1940 2927 neque
1986 2873 2014 2911 a
2058 2875 2154 2913 uo-

587 2943 668 2995 bis
691 2943 890 3012 exiget,
931 2953 988 2995 ut
1020 2945 1126 3012 27
1176 2960 1338 3012 supra
1383 2962 1490 3015 quo
1537 2947 1710 3002 fulcro
1756 2961 1947 3004 natura
1999 2967 2158 3020 aqua-

587 3048 704 3085 rum
748 3032 958 3086 ﬁrmata
1007 3036 1100 3096 sit.
1151 3037 1538 3104 disquiramus.
1588 3040 1702 3104 Qua
1757 3045 1898 3094 enim
1946 3046 2156 3097 ratione

587 3134 786 3180 terram
815 3141 954 3197 aqua
980 3127 1282 3195 graviorem
1335 3128 1403 3183 ab
1437 3133 1695 3185 extremis
1721 3133 1990 3186 abducunt
2023 3144 2077 3188 et
2103 3136 2155 3187 in

586 3216 760 3268 medio
793 3217 1052 3284 pensilem
1081 3218 1347 3273 collocant
1386 3237 1402 3275 :
1456 3222 1645 3274 eadem
1698 3237 1828 3276 sane
1858 3224 2080 3277 omnino
2105 3235 2157 3278 et

587 3304 852 3357 inﬁnitam
872 3307 1016 3360 illam
1037 3323 1231 3376 aquam
1263 3322 1374 3363 tum
1399 3323 1622 3380 prOpter
1648 3315 1945 3368 naturalem
1969 3332 2159 3384 quem-

587 3397 708 3448 dam
743 3396 994 3450 deorsum
1030 3412 1221 3452 versus
1262 3400 1543 3467 impetum,
1572 3413 1679 3456 tum
1711 3417 1929 3473 propter
1954 3408 2160 3476 :cquale

588 3501 653 3540 ex
688 3488 834 3542 omni
882 3503 1037 3557 parte
1084 3492 1332 3559 pondus,
1379 3493 1582 3544 circum
1628 3505 1826 3549 terram
1874 3500 2162 3566 quiescere

586 3582 898 3636 concessuri
941 3590 1082 3636 sunt.
1119 3582 1286 3652 Igitur
1331 3592 1489 3638 terra:
1539 3585 1866 3643 circumfusa
1915 3607 2032 3649 erat
2063 3594 2164 3647 im-

586 3689 773 3728 mensa
799 3689 952 3742 aquae
978 3684 1197 3740 natura,
1235 3692 1334 3730 nec
1367 3687 1544 3731 tamen
1579 3678 1675 3744 ipsi
1713 3695 1835 3732 cum
1868 3697 1930 3735 ea
1985 3687 2164 3740 inerat

589 3766 887 3833 preportio,
913 3768 1004 3820 sed
1029 3783 1147 3820 eam
1179 3769 1339 3836 longe
1373 3772 1688 3836 superabat,
1732 3772 1926 3840 opiﬁce
1962 3792 2159 3845 magno

592 3855 832 3910 futurum
871 3858 947 3911 sic
984 3859 1136 3911 initio
1177 3860 1533 3927 prospiciente
1565 3881 1577 3914 :
1625 3878 1688 3915 ac
1726 3874 1943 3933 propter
1968 3881 2159 3920 neces-

591 3950 805 4003 sitatem
840 3961 1256 4020 conscqueutem
1289 3954 1458 4018 prima
1495 3957 1802 4012 ordinante.
1829 3957 1969 4024 Quid
2003 3961 2166 4029 igitur

593 4057 726 4110 opus
749 4052 886 4105 erat,
930 4053 987 4095 ut
1016 4058 1154 4111 aqua
1202 4044 1434 4112 amplius
1472 4059 1630 4112 quam
1669 4047 1770 4101 dici
1815 4061 1973 4116 queat
1999 4067 2166 4106 exsu-

592 4131 860 4198 peraret?
911 4130 1177 4197 Quoniam
1223 4134 1360 4200 ignis
1382 4137 1683 4189 substantia
1732 4144 2037 4195 necessaria
2085 4154 2168 4199 est

597 4220 872 4285 universo,
899 4237 1004 4275 non
1027 4222 1094 4274 ad
1117 4225 1517 4280 constituendas
1549 4228 1720 4282 solum
1744 4244 1829 4284 res
1857 4241 2164 4301 terrestres,

597 4312 691 4365 sed
722 4314 785 4365 ad
812 4315 1119 4371 universum
1139 4318 1299 4370 etiam
1328 4319 1724 4386 complendum.
1761 4321 1894 4380 Nam
1921 4327 2165 4381 mutilum

595 4415 741 4460 esset
768 4413 961 4470 totum,
988 4407 1031 4460 si
1067 4424 1173 4461 uno
1204 4410 1308 4463 hoc
1341 4411 1575 4464 maximo
1613 4423 1666 4467 et
1697 4417 1938 4471 omnium
1973 4433 2170 4487 oppor-

2257 1946 2418 2009 ἔοικε,
2452 1945 2560 1995 τῶν
2595 1943 2800 1996 ὑδάτων
2841 1944 2873 2012 ή
2913 1941 3091 2012 χύσις,
3157 1941 3491 2011 πανταχόθεν
3536 1943 3844 2013 ὲπικυμαι-

2255 2039 2452 2092 νον-των
2486 2042 2550 2107 τῇ
2580 2041 2648 2107 γῇ
2674 2038 2765 2090 καὶ
2798 2036 3267 2106 ἀπαιωρουμένων
3297 2036 3485 2105 αὐτῆς·
3513 2036 3588 2099 ὡς
3615 2039 3712 2089 καὶ
3739 2038 3846 2110 τὴν

2257 2132 2392 2201 πρὸς
2431 2133 2497 2184 τὰ
2527 2131 2660 2184 ἄλλα
2711 2132 2946 2200 στοιχεῖα
2982 2131 3156 2182 δοκεῖν
3202 2127 3490 2195 ἀναλογίαν
3541 2127 3841 2182 ἐκϐαίνειν.

2257 2224 2355 2276 Διὰ
2386 2223 2543 2276 τοῦτο
2578 2221 2686 2294 γὰρ
2722 2225 2778 2275 ἐν
2815 2226 2925 2284 τοῖς
2970 2223 3197 2275 κατόπιν
3244 2221 3459 2288 ἐλέγετο
3495 2219 3732 2282 ἄϐυσσος
3767 2221 3844 2291 (9)

2259 2315 2591 2384 πανταχὸθεν
2623 2314 3045 2385 περιϐεϐλῆσθαι
3089 2317 3153 2383 τῇ
3181 2317 3271 2384 γῇ.
3304 2312 3414 2382 Τὴν
3441 2311 3497 2364 δὲ
3540 2311 3724 2364 αἰτίαν
3750 2309 3846 2363 τοῦ

2260 2403 2492 2472 πλήθους
2523 2406 2578 2455 ὲν
2609 2406 2720 2466 τοῖς
2751 2404 2878 2472 ἑξῆς
2923 2402 3294 2472 ἀποδώσομεν.
3332 2399 3557 2458 Πάντως
3578 2399 3634 2451 δὲ
3668 2399 3846 2460 οὐδεὶς

2260 2495 2413 2566 ὑμῶν
2446 2496 2566 2547 οὑδὲ
2600 2496 2707 2566 (10)
2755 2497 2856 2548 τῶν
2887 2495 3028 2548 πάνυ
3079 2493 3512 2564 κατησκημένων
3546 2492 3638 2544 τὸν
3695 2489 3844 2552 νοῦν,

2259 2587 2353 2640 καὶ
2387 2587 2514 2656 περὶ
2539 2587 2637 2656 τὴν
2667 2586 3024 2656 φθειρομένην
3057 2585 3262 2655 ταύτην
3287 2584 3380 2636 καὶ
3410 2582 3643 2651 ῥέουσαν
3674 2582 3844 2648 φύσιν

2257 2675 2666 2742 ὀξυωπούντων,
2704 2676 2996 2744 ἐπισκήψει
3031 2677 3097 2744 τῇ
3131 2675 3257 2744 δόξῃ
3308 2675 3441 2743 (ii),
3493 2674 3569 2736 ὡς
3604 2673 3847 2727 ἀδύνατα

2257 2767 2683 2842 ἢπλασματώδη
2728 2765 3129 2834 ὑποτιθεμένων
3177 2765 3316 2817 κατὰ
3368 2767 3460 2816 τὸν
3498 2765 3674 2831 λόγον·
3723 2765 3850 2818 οὑδὲ

2258 2864 2551 2932 ἀπαιτήσει
2599 2861 2748 2930 ἡμᾶς
2791 2857 3040 2919 εὐθύνας,
3103 2855 3194 2908 ἐπὶ
3231 2856 3373 2919 τίνος
3409 2857 3440 2925 ή
3484 2855 3595 2906 τῶν
3636 2856 3850 2908 ὑδάτων

2257 2954 2492 3023 ἤδραστο
2524 2950 2634 3019 (12)
2660 2950 2837 3017 φύσις.
2869 2943 2939 3018 ᾫ
2974 2946 3082 3018 γὰρ
3110 2945 3252 3013 λόγῳ
3280 2944 3373 3015 τὴν
3400 2946 3505 3014 γῆν
3537 2945 3850 3015 βαρυτέραν

2257 3042 2419 3098 οὖσαν
2445 3043 2539 3097 τοῦ
2572 3042 2761 3105 ὓδατος
2789 3039 3130 3112 ἀπαιωροῦσι
3151 3037 3243 3092 τοῦ
3271 3038 3435 3109 μέσου
3459 3038 3567 3091 τῶν
3602 3039 3850 3108 ἐσχάτων

2262 3139 2581 3204 ἀπάγοντες,
2626 3135 2703 3205 τῷ
2753 3135 2900 3204 αὑτῷ
2951 3135 3118 3205 δήπου
3180 3133 3397 3196 πάντως
3441 3134 3533 3186 καὶ
3561 3133 3625 3185 τὸ
3659 3133 3851 3203 μυρίον

2264 3228 2406 3298 ὕδωρ
2439 3230 2612 3280 ἐκεῖνο
2643 3228 2730 3281 διά
2761 3245 2818 3279 τε
2856 3226 2954 3297 τὴν
2989 3226 3131 3279 κατὰ
3161 3226 3321 3294 φύσιν
3345 3225 3440 3278 ἐπὶ
3473 3226 3534 3278 τὸ
3565 3226 3721 3279 κάτω
3757 3242 3854 3293 φο-

2266 3319 2364 3391 ρὰν
2391 3320 2484 3371 καὶ
2512 3318 2597 3370 διὰ
2625 3319 2718 3388 τὴν
2747 3319 3081 3389 πανταχόθεν
3115 3320 3430 3389 ἰσορροπίαν
3458 3319 3588 3390 περὶ
3623 3319 3720 3389 τήν
3748 3319 3853 3387 γῆν

2262 3414 2520 3484 ἀτρεμεῖν
2557 3414 3018 3481 συγχωρήσουσιν.
3045 3413 3252 3466 Οὐκοῦν
3285 3413 3513 3476 ἄπλετος
3536 3415 3569 3483 ἠ
3601 3415 3696 3466 τοῦ
3725 3413 3855 3465 ὑδα-

2262 3523 2352 3568 τος
2400 3503 2559 3574 φύσις
2608 3505 2673 3573 τῇ
2705 3505 2773 3572 γῇ
2809 3505 3163 3573 περιεκέχυτο
3205 3505 3337 3574 (15),
3359 3506 3482 3574 οὐχὶ
3518 3507 3855 3575 συμμέτρως

2264 3599 2459 3669 ἔχουσα
2496 3596 2632 3670 πρὸς
2655 3598 2846 3666 αὐτὴν,
2885 3595 2999 3647 ἀλλ’
3035 3599 3113 3659 εἰς
3146 3597 3206 3648 τὸ
3251 3597 3648 3650 πολλαπλάσιον
3683 3599 3857 3667 ὑπερ-

2266 3692 2556 3752 ϐάλλουσα,
2618 3689 2790 3753 οὑτως
2842 3684 2899 3755 ἐξ
2949 3688 3123 3759 ἀρχῆς
3181 3688 3273 3740 τοῦ
3315 3689 3547 3757 μεγάλου
3604 3692 3854 3760 τεχνίτου

2267 3782 2708 3853 προϐλεψαμένου
2737 3783 2796 3835 τὸ
2833 3782 3042 3853 μέλλον,
3074 3780 3168 3833 καὶ
3196 3779 3283 3832 διὰ
3311 3777 3409 3850 τὴῒθ
3432 3781 3631 3850 ἐφεξῆς
3663 3785 3858 3852 χρείαν

2267 3875 2336 3926 τά
2365 3875 2554 3945 πρῶτα
2612 3875 2948 3944 διαθεμένου.
3004 3877 3100 3939 Τίς
3144 3870 3237 3928 οὖν
3262 3874 3421 3945 χρεία
3445 3874 3538 3927 τοῦ
3570 3875 3856 3944 ἀμύθητον

2269 3967 2392 4019 ὅσον
2443 3966 2797 4036 ὑπερϐάλλειν
2839 3969 2898 4019 τὸ
2937 3968 3113 4037 ὓδωρ;
3171 3968 3390 4039 Ἐπειδὴ
3439 3967 3715 4035 ἀναγκαία
3777 3969 3858 4038 τῷ

2271 4062 2433 4114 παντὶ⁴
2483 4058 2577 4112 τοῦ
2628 4060 2798 4130 πυρὸς
2827 4061 2858 4128 ὴ
2891 4059 3065 4117 οὑσία,
3113 4058 3172 4108 οὑ
3223 4059 3380 4127 μόνον
3412 4059 3547 4130 πρὸς
3597 4058 3696 4130 ’τὴν
3746 4059 3858 4110 τῶν

2270 4154 2563 4226 περιγείων
2592 4154 2923 4223 οἰκονομίαν,
2971 4151 3107 4204 ἀλλὰ
3148 4150 3239 4202 καὶ
3283 4152 3420 4220 πρὸς
3466 4152 3561 4220 τήν
3599 4153 3850 4220 συμπλή-

2273 4266 2438 4319 ρωσιν
2459 4247 2550 4302 τοῦ
2581 4249 2797 4311 παντός.
2825 4245 3058 4299 Κολοϐὸν
3099 4244 3206 4316 γὰρ
3234 4245 3298 4298 ἂν
3338 4239 3403 4314 ἦν
3433 4242 3493 4295 τὸ
3519 4244 3638 4296 ὅλον
3667 4245 3748 4296 ὲνὶ
3776 4246 3856 4313 τῷ

2277 4341 2515 4409 μεγίστῳ
2551 4341 2644 4392 καὶ
2678 4337 3022 4410 καιριωτάτῳ
3049 4337 3262 4390 πάντων
3295 4335 3406 4405 (id)
3441 4334 3706 4387 ἐλλεῖπον.
3733 4335 3858 4386 Ἀν-

2272 4432 2555 4502 τικείμενα
2595 4431 2649 4483 δὲ
2675 4432 2846 4484 ταῦτα
2893 4431 3160 4502 ἀλλήλοις,
3202 4430 3295 4483 καὶ
3339 4429 3636 4499 φθαρτικὸν
3667 4429 3857 4498 ἕτερον

595 4499 888 4554 tuuissimo
939 4499 1205 4556 elemento
1256 4502 1661 4558 destitueretur.
1697 4506 1813 4562 Jam
1879 4525 2003 4566 vero
2057 4514 2158 4569 haec

2276 4525 2369 4578 τοῦ
2392 4524 2597 4595 ἑτέρου·
2629 4524 2738 4594 πῦρ
2775 4526 2872 4595 μὲν
2904 4524 2997 4577 τοῦ
3055 4524 3263 4586 ὓδατος,
3305 4524 3432 4576 ὅταν
3463 4524 3737 4592 ἐπικρατῇ
3765 4523 3858 4574 δυ-

599 4592 699 4646 sibi
734 4601 919 4646 mutuo
953 4593 1307 4646 adversantur
1398 4603 1452 4648 et
1503 4595 1732 4651 alterum
1775 4601 1995 4657 alterius
2025 4607 2166 4674 parit

677 4797 750 4868 (6)
780 4798 909 4880 lieg.
960 4801 1179 4880 quintus
1211 4804 1486 4880 βοῶντος.
1537 4809 1735 4865 Ibidem
1770 4810 1921 4866 deest
1966 4817 2050 4880 τίς
2108 4818 2158 4871 in

604 4870 880 4951 nou‘nulli‘s
913 4887 1041 4925 mss.
1072 4870 1326 4951 Hocipso
1360 4877 1411 4930 in
1447 4879 1563 4951 loco
1589 4882 1799 4951 Anglici
1836 4883 1955 4939 liliri
1991 4870 2102 4939 ἀλλ’
2137 4870 2165 4942 δ

606 4940 682 5059 μὴ
706 4940 907 5012 ὲνορῶν
934 4958 946 4969 ·
976 4957 1135 5010 quam
1183 4940 1464 5000 lectionem
1518 4940 1733 5005 lectioni
1768 4953 2000 5024 vulgatae
2031 4940 2168 5025 prae-

629 5018 711 5059 ert
755 5011 996 5059 Ducmns.
1030 5013 1133 5059 Sed
1180 5026 1306 5059 mnn
1343 5019 1517 5059 virum
1552 5020 1769 5059 rlnr-lnln
1800 5027 2037 5059 ειη-ηιμ..
2072 5043 2163 5059 ...ιγ

629 5018 711 5082 ert
755 5011 996 5082 Dircaeus.
1030 5013 1134 5066 Sed
1180 5026 1306 5081 puto
1343 5019 1518 5072 virum
1552 5020 1770 5075 doctum
1800 5011 2044 5082 scribere
2072 5043 2167 5080 vo-

603 5079 771 5159 luisse
807 5097 820 5159 ;
854 5080 1024 5153 ἀλλ’ἢ
1066 5084 1099 5159 ῥ’
1153 5079 1226 5159 μὴ
1279 5087 1502 5159 ἐνορῶν.
1556 5090 1692 5143 Editi
1751 5107 1871 5145 cum
1909 5079 2170 5152 ambobus

855 5167 974 5206 cum
1006 5150 1229 5223 reliquis
1256 5150 1451 5214 nostris
1502 5175 1635 5214 mss.
1665 5150 1988 5232 simpliciter
2028 5150 2172 5239 diti]

605 5233 826 5272 ενοοων.

678 5290 883 5368 (7LSic
914 5291 1077 5368 aliqui
1121 5311 1249 5368 mss.
1277 5298 1496 5368 Abesti}
1534 5301 1601 5354 ah
1632 5307 1811 5361 editis.
1857 5306 2048 5360 Statim
2080 5324 2173 5363 co-

605 5358 706 5410 dex
736 5359 980 5436 Combel".
1006 5358 1293 5436 ποιητικῆς
1319 5370 1411 5421 τοῦ
1447 5358 1576 5424 Υ’ἱοῦ
1607 5358 1737 5426 καί.
1760 5358 1882 5433 Nec
1901 5358 2173 5432 ita'ﬁinulto

607 5437 728 5517 post
785 5431 935 5484 multi
1000 5431 1131 5488 mss.
1186 5431 1640 5513 ἐπαναγάγωμεν.
1690 5431 1830 5502 Editi
1879 5431 2172 5517 ἐπανάγωξ

606 5515 729 5567 μεν.

641 5569 1019 5659 ῗζὲὃῌιει-ιξιες.
1055 5575 1295 5659 plerique
1339 5595 1544 5637 omnes.
1580 5583 2012 5659 Etllll_'_'A1ta'.pO;
2067 5591 2165 5659 μὲν

607 5639 722 5719 οῆνν
745 5639 840 5703 ὡς.
872 5641 990 5730 ᾎύκ
1020 5639 1144 5730 (ξέξὶιί
1188 5639 1309 5730 (fult!
1358 5667 1487 5730 mss:
1552 5639 2169 5730 ηοηηιιιιίςηὺδάτδωνπῆ

612 5707 809 5827 ξὲῗὲξαι
841 5711 929 5764 alii
960 5716 1172 5782 quidam
1195 5719 1404 5776 codices
1425 5724 1629 5777 ὑδάτων
1649 5725 1680 5792 ἡ
1709 5707 1893 5792 φόἇεςζ
1913 5707 2171 5796 ξιῖιὲιῖιὲιιιὶέ

746 5795 818 5832 ra.

2274 4617 2453 4687 νάμει·
2496 4616 2637 4688 ὕδωρ
2678 4617 2734 4668 δὲ
2773 4616 2964 4687 πυρὸς,
3002 4617 3128 4669 ὅταν
3155 4613 3467 4686 ὑπερϐάλλῃ
3512 4611 3591 4682 τῷ
3636 4613 3853 4684 πλήθει.

2341 4826 2414 4894 (9)
2444 4824 2576 4894 Reg.
2610 4837 2792 4881 sextus
2836 4827 3052 4895 ἐλέγετο
3089 4830 3340 4880 ἄϐυσσον.
3381 4825 3524 4880 Infra
3569 4825 3730 4882 Colb.
3762 4844 3856 4884 se-

2271 4899 2478 4968 cundus
2508 4900 2570 4968 εν
2602 4902 2714 4960 τοῖς
2742 4898 2959 4968 ἐφεξῆς.

2345 4967 2458 5040 (l0)
2484 4967 2658 5040 Editio
2697 4969 2856 5022 liasrl.
2889 4967 2944 5040 et
2992 4983 3083 5040 sex
3125 4982 3257 5021 mss.
3285 4967 3459 5031 οὐδεὶς
3485 4969 3666 5040 ἡμῶν,
3707 4969 3852 5023 οὐδέ.

2275 5034 2456 5089 Codex
2485 5037 2726 5091 Comliel'.
2777 5049 2828 5090 et
2888 5039 3037 5105 Regii
3068 5048 3251 5092 sextus
3304 5050 3359 5091 ct
3407 5034 3634 5091 netivus
3680 5040 3858 5104 οὐδεὶς

2281 5106 2455 5177 ὑμῶν.
2489 5107 2626 5160 οὐδέ.
2661 5107 2836 5161 Editio
2884 5108 3058 5160 Paris.
3106 5109 3302 5171 οὐδεὶς.
3359 5109 3500 5160 οὐδὲ..
3557 5109 3860 5177 Aliquanto

2280 5186 2401 5250 post
2423 5176 2578 5250 Coll).
2610 5181 2876 5232 secundus
2911 5177 3138 5250 ῥέουσαν
3176 5180 3390 5245 σοφίαν.

2353 5247 2464 5316 (Η)
2495 5247 2583 5301 Sic
2617 5265 2746 5301 mss.
2778 5247 3020 5316 plerique
3078 5266 3264 5303 omnes
3304 5265 3425 5300 cuin
3482 5248 3723 5303 editione
3762 5249 3862 5300 Ba-

2281 5317 2364 5368 sil.
2393 5317 2566 5370 Editio
2596 5317 2766 5372 Paris.
2795 5322 2859 5390 τῇ
2890 5319 3017 5390 δόξῃ
3060 5320 3236 5390 ἡμῶν.
3277 5320 3442 5379 Bene,
3476 5321 3568 5372 sed
3627 5335 3735 5373 non
3781 5321 3862 5372 fa-

2281 5397 2407 5439 vent
2438 5402 2564 5441 mss.

2352 5457 2460 5525 (l2)
2496 5456 2625 5528 Reg.
2659 5469 2843 5510 sextus
2893 5459 3174 5528 ἥδρασται.
3205 5459 3489 5522 Aliquanto
3537 5466 3659 5524 post
3717 5460 3858 5514 idem

2279 5527 2697 5600 msera-turma;
2729 5529 2820 5582 καὶ
2847 5527 2942 5599 τὴν
2967 5531 3135 5599 μέσην
3168 5531 3353 5581 στάσιν
3381 5531 3515 5600 αὐτῇ
3529 5529 3784 5596 διδόντες,
3815 5542 3862 5582 et

2278 5598 2507 5649 medium
2535 5601 2692 5649 situm
2722 5603 2766 5651 ei
2805 5598 3115 5652 tribuentes.

2359 5666 2467 5739 (15)
2505 5669 2592 5720 Sic
2632 5671 2780 5720 multi
2813 5687 2936 5724 mss.
2974 5671 3106 5722 Etliti
3140 5670 3484 5739 περικέχυτο.

2333 5736 2467 5814 ’(14)
2507 5739 2655 5790 (lolii.
2688 5743 2951 5793 secundus
2975 5742 3065 5793 καὶ
3107 5736 3426 5809 κυριωτάτῳ
3473 5744 3718 5809 πάντων,
3753 5758 3861 5794 om-

2290 5822 2431 5857 mttm
2465 5819 2749 5873 pottssmw.
