4058 6472
2398 26 2520 35 -εαμ-
2533 24 2622 33 ὦ...
2637 21 3022 32 .;_—_..—-..—-—-_.——
3031 21 3036 24 -

277 414 350 468 6ἶί
1417 406 1700 460 llOMlLlA
1741 404 1807 459 111
1852 406 1865 458 1

1968 403 2454 458 111ἰΧλξεᾷἶ111τζῐὶί,ὶλ’.
3467 406 3532 458 C‘i

283 528 434 582 Ἔδει
456 529 511 583 δὲ
541 529 676 599 μήτε
711 525 896 578 στάσιν
935 522 1073 580 εἶναι
1123 525 1256 594 πρδς
1293 525 1514 594 ἄλληλα,
1556 527 1687 593 μήτε
1714 529 1769 578 ἐν
1797 527 1859 593 τῇ

1969 525 2367 590 corruptionem
2401 541 2411 574 :

278 622 533 677 παντελεῖ
555 621 648 673 τοῦ
682 619 869 691 ἑτέρου
901 621 1137 688 ἐκλείᾲει
1173 619 1422 691 ἀφορμὴν
1454 620 1863 688 παρασχεθῆναι

277 712 357 783 τῷ
390 714 554 765 παντὶ
598 710 735 781 πρὸς
772 712 1033 765 διάλυσιν.
1086 709 1365 782 Τοσαύτην
1398 711 1507 780 (IS)
1559 710 1650 762 τοῦ
1699 711 1863 782 ὑγροῦ

276 804 381 873 τὴν
410 800 571 870 φύσιν
590 800 887 871 οἰκονομῶν
914 800 975 850 τὸ
1022 800 1502 870 πᾶνπροαπέθετο,
1539 799 1680 851 ὥστε
1707 803 1864 871 μέχρι

276 894 389 946 τῶν
436 893 785 963 τεταγμένων
839 891 979 959 ὅρων
1023 890 1121 960 τῆς
1156 893 1248 946 τοῦ
1302 893 1507 960 κόσμου
1556 891 1863 954 συστάσεως

277 980 424 1034 κατὰ
472 983 668 1051 μικρὸν
697 981 763 1050 τῇ
798 978 1024 1048 δυνάμει
1049 981 1143 1034 τοῦ
1179 983 1348 1052 πυρὸς
1385 980 1864 1052 ἐξαναλισκόμενον

277 1073 575 1144 ἀντισχεῖν.
623 1075 681 1123 Ὀ
712 1070 888 1123 τοίνυν
930 1071 1141 1126 ἅπαντα
1175 1073 1397 1143 σταθμῷ
1425 1074 1519 1124 καὶ
1549 1074 1728 1146 μέτρῳ
1755 1077 1865 1127 δια-

275 1162 579 1237 ταξάμενος
604 1162 925 1234 (άριθμηταὶ
953 1164 1061 1237 γὰρ
1080 1167 1247 1236 αὑτῷ,
1295 1165 1434 1217 κατὰ
1467 1167 1556 1218 τὸν
1603 1168 1742 1228 Ἰὼϐ,
1771 1168 1864 1220 καὶ

282 1259 542 1326 σταγόνες
585 1257 720 1310 εἰσὶν
773 1256 949 1327 ὑετοῦ)
980 1259 1095 1329 ᾔδει
1130 1260 1291 1311 πόσον
1325 1257 1403 1327 τῷ
1433 1259 1620 1327 κόσμῳ
1677 1259 1863 1326 χρόνον

278 1348 562 1419 ἀφώρισεν
614 1348 695 1411 εἰς
756 1347 1036 1421 διαμονὴν,
1096 1350 1191 1404 καὶ
1248 1350 1417 1420 πόσην
1459 1350 1564 1420 χρὴ
1610 1348 1687 1418 τῷ
1732 1351 1865 1419 πυρὶ

276 1439 686 1512 προαποθέσθαι
713 1439 978 1513 δαπάνην.
1007 1437 1175 1507 Οὗτος
1208 1446 1235 1496 6
1266 1443 1420 1512 λόγος
1439 1444 1537 1513 τῆς
1558 1446 1652 1495 τοῦ
1677 1442 1864 1503 ὓδατος

277 1537 598 1605 περιουσίας
624 1537 766 1591 κατά
798 1537 896 1607 τὴν
952 1537 1147 1589 κτίσιν.
1195 1535 1352 1586 Ἀλλά
1408 1535 1511 1602 μὴν
1562 1533 1621 1584 τό
1668 1550 1730 1600 γε
1772 1533 1862 1585 τοῦ

278 1629 452 1700 πυρὸς
484 1632 780 1701 ἀναγκαῖον
833 1631 910 1700 τῷ
954 1629 1165 1698 κόσμῳ,
1200 1628 1374 1689 οὐδεὶς
1409 1626 1581 1688 οὕτως
1621 1626 1723 1692 ἔξω
1769 1628 1862 1681 τοῦ

280 1718 396 1788 βίου
423 1723 789 1784 παντάπασιν,
823 1719 965 1771 ὥστε
992 1719 1093 1788 τῆς
1124 1719 1188 1770 ἐκ
1220 1717 1313 1769 τοῦ
1338 1717 1497 1784 λόγου
1517 1719 1864 1781 διδασκαλίας

277 1812 652 1882 προσδεῖσθαι·
689 1811 749 1862 οὑ
795 1811 956 1878 μόνον
987 1811 1068 1862 ὅτι
1109 1811 1165 1864 αἱ
1218 1813 1529 1862 συνεκτικαὶ
1567 1813 1666 1879 τῆς
1719 1811 1864 1880 ζωῆς

2461 522 2760 588 corrumpit
2818 525 3066 576 nimirum
3115 540 3310 590 aquam
3352 522 3489 588 ignis
3519 561 3534 583 ,

1968 631 2088 667 cum
2133 626 2351 682 praestat
2395 614 2646 666 viribus:

1968 723 2087 758 cum
2122 708 2274 772 copia
2319 706 2595 777 praevalet.
2629 705 2923 772 Oportebat
2980 715 3156 756 autem
3200 722 3371 775 neque
3403 706 3541 758 sedi-

1972 799 2170 850 tionem
2204 797 2342 848 inter
2374 815 2431 850 se
2473 812 2613 858 esse,
2658 811 2827 862 neque
2872 793 3243 846 dissolutionis
3287 799 3398 849 dari
3445 812 3539 850 oc-

1967 891 2242 943 casionem
2276 890 2550 955 universo,
2590 891 2658 942 ob
2695 890 2956 956 integrum
2989 888 3214 940 alterius
3243 887 3534 941 defectum.

1969 978 2194 1032 Tantam
2239 980 2482 1033 humoris
2518 989 2764 1032 naturam
2801 980 3086 1046 praestituit
3143 979 3305 1030 tutius
3345 979 3537 1046 guber-

1969 1085 2148 1138 nator,
2178 1085 2236 1128 ut
2274 1090 2446 1143 usque
2492 1078 2556 1128 ad
2614 1086 2846 1129 statutos
2903 1074 3306 1127 constitutionis
3353 1073 3538 1125 inundi

1972 1168 2228 1222 terminos
2253 1207 2267 1230 ,
2314 1168 2439 1218 dum
2482 1167 2740 1234 paulatim
2778 1168 2919 1235 ignis
2962 1166 3010 1218 vi
3044 1166 3365 1228 absumitur,
3404 1165 3540 1217 resi-

1967 1270 2154 1316 steret.
2197 1260 2262 1313 Et
2286 1276 2411 1314 vero
2443 1261 2531 1328 qni
2567 1269 2754 1312 cum-ta
2805 1262 3038 1326 pondere
3069 1268 3121 1310 et
3156 1271 3402 1311 mensura
3432 1258 3542 1310 dis-

1967 1356 2143 1421 posuit
2179 1353 2224 1384 “
2257 1354 2644 1422 (numerabiles
2674 1356 2816 1406 enim
2843 1365 2968 1405 sunt
2993 1351 3090 1420 ipsi
3114 1352 3408 1404 secundum
3442 1349 3540 1401 Job

1967 1449 2048 1501 vel
2084 1448 2278 1514 pluvia:
2314 1457 2480 1518 gutta:
2516 1447 2594 1514 ⁵³⁵)
2621 1487 2635 1509 ,
2684 1456 2908 1499 noverat
2934 1446 3018 1499 ille
3043 1453 3251 1513 quanto
3301 1453 3542 1510 tempore

1969 1541 2262 1592 secundum
2292 1538 2667 1606 praescriptum
2696 1554 2851 1589 suum
2887 1540 3181 1590 duraturus
3210 1546 3355 1588 esset
3386 1552 3541 1588 mun-

1968 1632 2088 1693 dus,
2117 1644 2486 1702 quantumque
2510 1632 2687 1701 pabuli
2710 1640 2984 1698 oporteret
3015 1631 3119 1698 igni
3159 1639 3538 1697 praeparatum.

1969 1721 2100 1776 Eam
2133 1725 2200 1777 ob
2236 1739 2456 1777 causam
2502 1741 2639 1794 aqua
2686 1725 2734 1776 in
2781 1724 3056 1776 creatione
3089 1721 3168 1774 sic
3220 1722 3536 1774 abundavit.

1967 1815 2130 1886 Atqui
2171 1815 2350 1869 nullus
2403 1832 2572 1883 usque
2626 1821 2760 1869 adeo
2809 1827 2963 1869 extra
2995 1815 3158 1867 vitam
3198 1817 3402 1880 positus
3434 1824 3540 1871 est,

2707 613 2941 663 destruit
2979 630 3104 664 vero
3154 617 3330 684 ignem
3375 629 3535 678 aqua,

276 1901 436 1972 ἡμῶν
454 1900 636 1969 τέχναι
651 1901 748 1971 τῆς
776 1899 1024 1971 ἐμπύρου
1054 1900 1315 1971 ἐργασίας
1346 1900 1646 1953 ἐπιδέονται
1674 1903 1864 1963 πᾶσαι,

1971 1906 2017 1958 ei
2056 1917 2113 1958 ut
2166 1907 2236 1960 sit
2270 1920 2424 1974 opus.
2470 1915 2527 1958 ut
2570 1906 2743 1973 ignem
2791 1908 2986 1960 mundo
3023 1905 3382 1959 necessarium
3423 1919 3542 1953 esse

276 1992 570 2064 ὑφαντικὴ,
605 1993 767 2063 λέγω,
835 1995 928 2049 καὶ
957 1993 1342 2065 σκυτοτομικὴ,
1394 1994 1487 2046 καὶ
1529 1994 1863 2064 οἰκοδομικὴ,

276 2083 374 2136 καὶ
402 2085 667 2157 γεωργία,
705 2084 819 2139 ἀλλ’
858 2087 941 2138 ὃτι
980 2084 1104 2138 οὕτε
1150 2085 1381 2156 δένδρων
1409 2085 1702 2155 βλάστησις
1733 2085 1866 2155 (16),

276 2174 336 2226 οὐ
394 2175 624 2246 καρπῶν
667 2176 848 2244 πέψις,
901 2178 962 2228 οὑ
994 2175 1147 2238 ζώων
1185 2177 1413 2243 ἐγγείων
1445 2177 1601 2246 ἣτῶν
1635 2177 1869 2248 ἐνύδρων

278 2264 517 2330 γένεσις,
541 2267 639 2334 οὑχ
672 2267 726 2317 αἱ
760 2265 964 2319 τούτων
1011 2268 1209 2336 τροφαὶ
1245 2267 1278 2337 ἢ
1316 2267 1375 2330 ἐξ
1421 2269 1595 2336 ἀρχῆς
1641 2269 1705 2320 ἂν
1747 2287 1871 2320 συν-

277 2355 536 2427 έστησαν,
571 2357 604 2429 ἢ
634 2358 769 2431 πρὸς
803 2359 994 2430 χρόνον
1052 2358 1366 2430 διήρκεσαν,
1412 2359 1503 2410 τοῦ
1540 2360 1740 2430 θερμοῦ
1795 2361 1867 2430 μὴ

281 2450 568 2521 παρόντος.
603 2451 811 2505 Οὐκοῦν
842 2452 1115 2520 ἀναγκαία
1143 2453 1242 2524 μὲν
1275 2452 1368 2506 τοῦ
1392 2452 1596 2524 θερμοῦ
1629 2455 1661 2524 ἡ
1695 2453 1871 2518 κτίσις

278 2539 367 2593 διὰ
424 2541 523 2613 τὴν
553 2542 661 2596 τῶν
688 2545 1026 2615 γιγνομένων
1064 2544 1319 2599 σύστασίν
1353 2563 1411 2598 τε
1457 2547 1552 2599 καὶ
1586 2546 1869 2617 διαμονήνθ

279 2633 552 2700 ἀναγκαία
595 2635 650 2688 δὲ
683 2636 777 2688 τοῦ
815 2637 980 2707 ὑγροῦ
1010 2639 1042 2706 ἡ
1073 2637 1342 2706 δαψίλεια,
1394 2638 1480 2691 διὰ
1520 2638 1870 2692 τὸάπαυστον

280 2720 420 2777 εἶναι
458 2727 550 2778 καὶ
571 2727 950 2798 ἀπαραίτητον
974 2729 1068 2780 τοῦ
1104 2730 1277 2800 πυρὸς
1309 2729 1406 2800 τὴν
1427 2730 1689 2802 δαπάνην.

1975 1997 2184 2050 ratiOnc
2233 2000 2566 2050 ederentur:
2620 2013 2723 2050 non
2781 1998 2951 2049 solum
2995 1999 3133 2063 quod
3159 2008 3304 2050 artes
3344 1997 3543 2062 quibus

1974 2097 2158 2141 nostra
2199 2090 2304 2140 vita
2342 2098 2736 2150 conservatur,
2787 2089 2925 2157 ignis
2955 2086 3237 2141 eﬂieivutia
3274 2090 3542 2156 indigeant

1971 2196 2182 2247 omnes,
2217 2181 2473 2246 textoria,
2505 2182 2744 2250 inquam,
2784 2180 3455 2244 sutoria,architectonice
3491 2187 3543 2230 et

1973 2273 2326 2342 agricultura,
2363 2273 2458 2326 sed
2500 2273 2641 2342 quod
2684 2288 2856 2340 neque
2894 2272 3148 2325 arborum
3193 2271 3541 2341 gerniinatio,

1974 2379 2148 2432 neque
2177 2366 2461 2417 maturitas
2495 2366 2788 2424 fructuum,
2837 2378 3011 2429 ireque
3064 2374 3154 2414 aut
3200 2367 3540 2416 terrestrium

1975 2465 2068 2509 aut
2120 2457 2432 2524 aquatilium
2495 2456 2805 2508 animalium
2849 2455 3166 2523 generatio,
3216 2470 3387 2521 neque
3454 2456 3544 2505 bo-

1977 2560 2092 2598 rum
2130 2545 2407 2610 alimenta,
2462 2557 2554 2599 aut
2601 2548 2969 2600 censtitisscnt
3021 2545 3088 2599 ab
3136 2546 3308 2610 initio,
3345 2554 3434 2596 aut
3477 2544 3541 2595 ad

1977 2646 2185 2703 tempus
2221 2647 2697 2704 perseverassent,
2747 2637 2926 2690 calore
2959 2653 3066 2690 non
3110 2648 3393 2704 prresente.
3436 2635 3540 2686 Ne-

1976 2730 2210 2783 cessaria
2268 2728 2431 2797 igitur
2484 2741 2565 2782 est
2607 2730 2803 2783 caloris
2844 2731 3085 2793 creatio;
3123 2740 3267 2782 utea
3305 2745 3422 2797 qua:
3458 2729 3541 2796 gi-

285 2825 543 2888 gnuntur,
577 2829 632 2874 et
654 2821 1022 2887 coagmentari
1049 2822 1255 2890 possint
1286 2829 1338 2874 et
1393 2835 1727 2888 permanere.
1794 2821 2000 2874 Rursus
2063 2835 2215 2888 aqua:
2279 2820 2607 2874 abundantia
2645 2831 2761 2874 erat
2807 2821 3234 2890 pernecessaria,
3275 2822 3414 2888 quod
3463 2821 3544 2872 vis

281 2909 424 2978 ignis
477 2924 802 2966 censnmens
836 2912 1262 2980 interquiescere
1311 2929 1417 2968 non
1451 2925 1635 2982 queat,
1678 2928 1852 2982 neque
1889 2913 2068 2968 vitari.

351 2999 404 3054 6.
455 3001 789 3072 Περίϐλεψαι
830 3004 1012 3056 πᾶσαν
1072 3005 1172 3075 τὴν
1229 3005 1427 3069 κτίσιν,
1479 3005 1574 3059 καὶ
1608 3004 1726 3074 ὕψει
1774 3005 1867 3056 τοῦ
1897 3015 1940 3070 C

284 3095 488 3166 θερμοῦ
512 3094 610 3167 τὴν
642 3095 871 3168 δύναμιν
891 3101 1003 3162 τοῖς
1037 3101 1094 3152 ὲν
1129 3098 1339 3171 γενέσει
1371 3100 1463 3152 καὶ
1503 3098 1678 3170 φθορᾷ
1705 3099 1868 3151 πᾶσιν

281 3186 792 3241 ὲνδυναστεύουσαν.
826 3190 924 3242 Διά
951 3189 1110 3243 τοῦτο
1141 3191 1274 3244 πολὺ
1306 3189 1365 3243 τὸ
1395 3189 1538 3260 ὕδωρ
1577 3190 1720 3260 ὑπὲρ
1763 3188 1866 3258 γῆς

284 3276 605 3345 κεχυμένον,
623 3278 717 3330 καὶ
749 3279 1078 3348 ὑπερέκεινα
1106 3279 1212 3332 τῶν
1231 3278 1525 3349 ὁρωμένων
1546 3279 1865 3348 ἀπενεχθὲν,

282 3368 377 3419 καὶ
412 3366 638 3436 προσέτι
669 3370 832 3421 παντὶ
869 3369 947 3438 τῷ
972 3369 1124 3437 βάθει
1161 3370 1262 3437 τῆς
1301 3369 1406 3437 γῆς
1439 3369 1864 3438 ὲνεσπαρμένον.

285 3457 449 3511 Ὅθεν
480 3459 671 3529 πηγῶν
727 3461 1000 3530 ἀφθονίαι,
1027 3461 1121 3513 καὶ
1157 3455 1408 3530 φρεάτων
1456 3459 1726 3530 σύρροιαι,
1778 3463 1870 3513 καὶ

283 3549 544 3620 ποταμῶν
569 3550 838 3623 ῥεύματα,
869 3554 1185 3624 χειμάρρων
1211 3569 1266 3605 τε
1303 3552 1394 3604 καὶ
1422 3553 1680 3616 ἀεννάων,
1729 3553 1866 3627 ὑπὲρ

280 3644 376 3706 τοῦ
409 3645 466 3697 ἐν
510 3644 722 3710 πολλοῖς
772 3647 865 3699 καὶ
906 3647 1171 3710 ποικίλοις
1211 3645 1453 3717 ταμείοις
1494 3647 1866 3720 διατηρεῖσθαι

277 3737 380 3806 τὴν
415 3738 681 3809 ὑγρασίαν
719 3737 850 3809 (ΓΙ).
891 3739 986 3791 ’.Εκ
1018 3739 1116 3810 μέν
1152 3755 1216 3807 γε
1255 3739 1357 3808 τῆς
1387 3738 1460 3790 ἓω
1488 3736 1593 3790 ἀπὸ
1625 3741 1722 3808 μὲν
1750 3757 1863 3810 χει-

283 3830 519 3898 μερινῶν
538 3830 756 3900 τροπῶν
778 3832 805 3883 ὁ
843 3829 1002 3891 Ἰνδὸς
1036 3832 1119 3899 ῥεῖ
1149 3832 1412 3899 ποταμὸς,
1449 3831 1626 3901 ῥεῦμα
1650 3833 1866 3884 πάντων

283 3920 566 3990 ποταμίων
602 3921 809 3974 ὑδάτων
843 3922 1111 3986 πλεῖστον,
1147 3923 1222 3985 ὼς
1250 3925 1300 3975 οἱ
1330 3921 1427 3985 τὰς
1457 3923 1738 3994 περιόδους
1768 3923 1867 3991 τῆς

276 4013 382 4082 γῆς
412 4013 820 4083 ἀναγράφοντες
875 4016 1243 4086 ἱστορήκασιν·
1280 4015 1387 4067 ἀπὸ
1429 4015 1486 4067 δὲ
1539 4015 1646 4066 τῶν
1689 4015 1866 4085 μέσων

274 4103 378 4173 τῆς
399 4104 665 4175 ἀνατολῆς
684 4105 711 4157 ὃ
737 4121 795 4157 τε
827 4105 1092 4175 Βάκτρος,
1112 4106 1206 4159 καὶ
1235 4108 1263 4160 6
1293 4107 1573 4178 Χοάσπης,
1600 4108 1690 4158 καὶ
1709 4109 1737 4158 ό
1755 4107 1865 4172 (18)

289 4193 549 4264 Ἀράξης,
578 4197 672 4264 ἀφ’
700 4188 762 4249 οὗ
789 4196 883 4248 καὶ
914 4198 942 4249 ό
971 4197 1171 4260 Τάναϊς
1205 4197 1634 4267 ἀποσχιζόμενυς
1659 4199 1739 4260 εἰς
1769 4197 1865 4268 τὴν

274 4284 523 4338 Μαιῶτιν
548 4284 714 4350 ἔξεισι
743 4286 957 4356 λίμνην’
980 4286 1074 4339 καὶ
1101 4287 1238 4357 πρὸς
1259 4287 1467 4350 τούτοις
1490 4290 1518 4340 6
1539 4287 1725 4351 Φάσις,
1757 4288 1864 4340 τῶν

2043 3003 2091 3056 6.
2128 3003 2497 3072 Circumspice
2526 3020 2717 3058 omnes
2753 3021 2839 3058 res
2861 3015 3091 3065 creatas,
3115 3015 3165 3054 et
3198 3003 3396 3056 caloris
3434 3003 3538 3054 vim

1976 3095 2026 3148 in
2059 3093 2310 3149 omnibus
2357 3110 2477 3164 qua:
2515 3108 2845 3164 generantur
2895 3111 2956 3147 ac
2998 3105 3440 3163 corrumpuntur,
3469 3095 3543 3145 vi-

1974 3187 2126 3240 debis
2165 3186 2451 3240 dominari.
2490 3187 2694 3241 Idcirco
2736 3187 2900 3240 multa
2952 3203 3091 3255 aqua
3130 3187 3294 3240 eﬂ'nsa
3326 3196 3406 3239 est
3448 3203 3538 3241 su-

1973 3292 2069 3344 per
2101 3288 2327 3342 terram,
2379 3288 2540 3347 atque
2590 3281 2726 3332 ultra
2757 3296 2818 3333 ea
2863 3297 2979 3348 qua:
3011 3282 3108 3334 Sui)
3141 3291 3416 3346 aspectum
3452 3295 3543 3332 ve-

1973 3369 2149 3436 niunt,
2187 3381 2487 3426 transvecta
2514 3382 2618 3433 est,
2657 3383 2709 3426 et
2739 3375 2956 3440 insuper
2999 3375 3092 3425 toti
3128 3382 3282 3426 terra:
3320 3373 3544 3438 profun-

1971 3459 2125 3514 ditati
2155 3459 2251 3513 fuit
2287 3461 2548 3530 inspersa.
2584 3461 2736 3516 Unde
2769 3462 2996 3516 fontium
3023 3463 3200 3530 copia,
3232 3464 3544 3530 congeries-

1970 3565 2074 3618 que
2109 3561 2413 3621 puteorum,
2443 3565 2496 3608 et
2528 3554 2724 3608 ﬂuenta
2751 3555 3062 3617 ﬂuviorum,
3093 3565 3199 3605 tam
3229 3570 3415 3608 eorum
3449 3557 3541 3623 qui

1971 3653 2242 3697 torrentes
2289 3657 2433 3707 sunt,
2482 3661 2643 3712 quant
2700 3660 2887 3698 eorum
2931 3648 3021 3714 qui
3072 3662 3364 3713 perennes,
3395 3655 3450 3698 ut
3487 3647 3541 3699 in

1971 3733 2153 3784 multis
2187 3742 2241 3785 et
2272 3734 2435 3787 Variis
2487 3736 2872 3803 promptuariis
2907 3749 3316 3790 conservaretur
3366 3739 3545 3790 humi-

1970 3823 2130 3876 ditas.
2167 3823 2229 3878 Et
2267 3827 2482 3895 quidem
2507 3841 2573 3882 ex
2603 3828 2811 3882 oriente
2841 3833 2905 3883 ab
2941 3830 3166 3883 hiberno
3200 3829 3430 3882 solstitio
3459 3829 3543 3882 ln-

1970 3915 2071 3969 dus
2130 3915 2322 3974 ﬂuvius
2377 3931 2602 3986 manat,
2667 3921 2861 3975 ﬂumen
2927 3923 3170 3975 omnium
3246 3923 3542 3976 ﬂuvialium

1971 4021 2236 4075 aquarum
2283 4012 2613 4076 maximum,
2657 4014 2801 4066 velut
2844 4014 2894 4065 lii
2943 4014 3032 4080 qui
3065 4024 3220 4066 terra:
3252 4013 3541 4066 circuitum

1971 4099 2329 4169 descripsere,
2371 4103 2762 4171 prodiderunt:
2815 4119 2843 4155 a
2875 4105 3052 4157 medio
3088 4116 3264 4157 autem
3303 4105 3542 4160 Orientis

1981 4193 2226 4258 Bactrus,
2257 4204 2308 4248 et
2337 4193 2628 4261 Choaspes,
2676 4203 2729 4248 et
2762 4196 2990 4257 Araxes,
3033 4211 3059 4245 a
3100 4210 3207 4263 quo
3257 4205 3311 4248 et
3342 4196 3540 4249 Tanais

1970 4287 2200 4341 diﬂissus
2248 4287 2297 4340 in
2336 4284 2633 4340 Mmotidem
2689 4287 2798 4356 28
2855 4287 3101 4354 paludem
3161 4287 3438 4344 dilabitur.
3479 4291 3543 4342 Et

275 4374 608 4428 Καυκασίων
654 4375 795 4447 ὁρῶν
827 4375 1138 4448 ἀπορρέων,
1191 4377 1284 4430 καὶ
1321 4377 1504 4448 μυρίοι
1524 4378 1701 4449 ἕτεροι
1759 4379 1864 4431 ἀπὸ

1969 4390 2164 4448 praeter
2199 4379 2295 4432 hos
2329 4379 2520 4434 Phasis
2552 4395 2578 4432 a
2607 4379 2882 4433 Caucasiis
2917 4382 3190 4434 montilms
3223 4381 3545 4446 cﬂlneus,et

274 4465 384 4518 τῶν
406 4466 667 4538 ἀρκτῴων
694 4468 876 4521 τόπων
907 4468 1001 4521 ἐπὶ
1032 4468 1122 4520 τὸν
1149 4466 1398 4535 Εὔξεινον
1433 4469 1633 4522 Πόντον
1668 4471 1860 4542 φέρον-

273 4573 386 4611 ται·
412 4557 520 4610 ἀπὸ
561 4558 617 4610 δὲ
660 4558 769 4629 (19)
803 4559 1022 4630 δυσμῶν
1055 4559 1160 4613 τῶν
1199 4560 1426 4631 θερινῶν
1467 4561 1571 4617 ὑπὸ
1594 4561 1652 4614 τὸ
1679 4563 1863 4634 Πυρη-

274 4654 425 4704 ναῖον
456 4650 580 4722 ὄρος
618 4651 901 4722 Ταρτησός
939 4669 998 4704 τε
1033 4655 1127 4706 καὶ
1173 4655 1405 4724 Ἰστροςο
1443 4648 1517 4707 ὧν
1562 4658 1590 4707 6
1639 4656 1736 4724 μὲν
1765 4656 1859 4707 ἐπὶ

274 4745 374 4813 τὴν
407 4742 511 4809 ἔξω
539 4743 755 4816 Στηλῶν
806 4745 1022 4812 ἀφίεται
1064 4743 1358 4808 θάλασσαν,
1388 4749 1416 4798 ὁ
1442 4745 1496 4798 δὲ
1518 4748 1748 4816 Ἴστρος,
1773 4746 1860 4798 διὰ

270 4837 373 4906 τῆς
407 4836 672 4907 Εὐρώπης
701 4835 863 4907 ῥέων,
897 4837 991 4887 ὲπὶ
1016 4836 1106 4888 τὸν
1137 4835 1337 4888 Πόντον
1374 4837 1638 4888 ἐκδίδωσι.
1661 4837 1768 4888 Καὶ
1808 4837 1860 4888 τί

273 4925 357 4978 δεῖ
373 4926 497 4989 τοὺς
525 4927 718 4992 ἄλλους
746 4925 1204 4999 άπαριθμεῖσθαι,
1237 4927 1331 4986 οὒς
1350 4928 1407 4979 αἱ
1443 4926 1628 4978 Ῥιπαὶ
1659 4925 1860 4993 γεννῶ-

352 5097 397 5130 “
411 5098 539 5170 Sap.
567 5115 643 5164 ιι,
664 5102 754 5160 2|.
815 5102 862 5134 "
890 5100 990 5157 Job
1009 5113 1202 5166 xxxvr,
1227 5100 1318 5155 27.

349 5282 460 5352 (l5)
498 5282 672 5336 Editio
731 5281 905 5352 Paris.
935 5281 1204 5351 τοσαύτην
1233 5276 1346 5334 οὖν.
1399 5283 1466 5334 At
1511 5282 1851 5352 desideratur

271 5349 371 5408 οὖν
421 5349 472 5407 in
499 5353 738 5408 editione
767 5351 933 5408 Basil.
968 5356 1131 5422 inque
1162 5349 1462 5406 codicibus
1521 5368 1649 5404 mss.
1695 5351 1848 5422 llaud

270 5426 435 5490 longe
469 5423 622 5477 Colb.
651 5423 921 5477 secundus
946 5433 1000 5478 et
1042 5420 1175 5490 Reg.
1209 5432 1430 5475 octavus
1467 5422 1494 5472 6
1522 5420 1847 5490 οἰκονομῶν.

268 5494 417 5550 Infra
455 5494 592 5545 idem
641 5491 793 5546 Colb.
846 5495 1115 5547 secundus
1162 5492 1339 5545 πάντα
1383 5491 1627 5561 σταθμῷ.

347 5563 460 5633 (16)
488 5563 563 5616 lta
616 5563 770 5616 niulti
817 5577 946 5617 mss.
983 5562 1123 5616 Editi
1155 5578 1280 5617 cum
1323 5561 1455 5632 Reg.
1495 5572 1683 5616 Octavo
1720 5560 1848 5629 βλα-

271 5637 560 5702 στήσεις...
591 5633 850 5701 πέψεις...
881 5633 1146 5700 γενέσεις.

349 5705 399 5827 μ
413 5704 464 5773 7)
487 5702 639 5757 Colb.
676 5705 886 5772 primus
914 5713 968 5757 et
996 5703 1127 5772 Reg.
1162 5712 1388 5757 octavus
1414 5718 1534 5754 cum
1567 5716 1665 5754 ms.
1694 5703 1848 5757 (ἐοιιι-

371 5811 386 5826 .
420 5775 517 5827 τὴν
540 5774 712 5827 ὑγρὰν
743 5773 953 5827 οὐσίαν.
990 5774 1256 5825 humidam
1285 5775 1651 5825 substantiam.

268 5773 386 5833 bet.
417 5775 517 5845 τὴν
540 5774 712 5844 ὑγρὰν
743 5773 953 5839 οὐσίαν,
990 5774 1256 5845 humidam
1285 5775 1651 5845 substantiam.

350 5842 569 5915 (t8)'lta
595 5842 810 5898 codices
826 5859 928 5897 non
949 5843 1314 5913 pauci.Abest
1348 5842 1604 5897 articulus
1629 5844 1694 5895 ab
1715 5843 1844 5897 edit.

598 5934 872 5995 ΡΔτιιοι..
919 5935 1038 5996 Gn.
1088 5934 1325 5996 XXIX.

1970 4471 2342 4524 innmnerialii
2371 4486 2398 4523 a
2429 4470 2936 4539 septentrionalibus
2960 4470 3089 4522 locis
3111 4470 3159 4521 in
3177 4468 3403 4522 Pontum
3438 4470 3546 4523 Eti-

1970 4565 2156 4616 xinum
2198 4562 2463 4617 feruntur.
2506 4563 2725 4626 Contra,
2761 4563 2828 4614 ab
2865 4575 3067 4613 occasu
3101 4560 3287 4613 aestivo
3310 4559 3407 4612 sub
3433 4559 3541 4628 Py-

1969 4669 2147 4707 renmo
2182 4665 2365 4706 monte
2413 4663 2467 4706 et
2515 4653 2801 4706 Tartessus
2848 4661 2900 4704 et
2934 4650 3113 4706 ister:
3172 4666 3401 4720 quorum
3455 4654 3545 4705 ille

1967 4746 2184 4813 quidem
2218 4748 2271 4797 in
2314 4760 2462 4797 mare
2494 4754 2648 4797 extra
2678 4743 2972 4796 Columnas
3007 4753 3375 4808 exoneratur;
3409 4743 3545 4796 Ister

1971 4851 2098 4890 vero
2129 4849 2228 4906 per
2253 4836 2518 4907 Europam
2552 4838 2742 4897 ﬂuens.
2776 4837 2824 4890 in
2863 4836 3092 4892 Pontum
3123 4835 3434 4889 eﬂ‘innlitur.
3482 4835 3545 4887 Et

1968 4927 2094 4997 quid
2123 4928 2317 4982 attinet
2372 4929 2507 4982 alios
2547 4943 2892 4992 enumerare,
2934 4943 3066 4998 quos
3108 4927 3277 4995 1ὶὶρωί
3308 4937 3538 4991 montes,

2027 5281 2139 5352 (19)
2196 5279 2336 5333 Editi
2392 5296 2512 5352 cum
2572 5280 2840 5352 aliquibus
2899 5293 3027 5331 mss.
3089 5277 3195 5330 ἀπὸ
3378 5276 3546 5352 Abest

1952 5352 2009 5404 δέ
2038 5349 2107 5406 ab
2137 5353 2256 5404 aliis
2281 5367 2409 5405 mss.
2441 5351 2702 5403 Monitum
2760 5350 3017 5402 lectorem
3063 5351 3203 5411 volo,
3238 5349 3323 5398 Iiie
3365 5349 3533 5399 multa

1953 5425 2056 5476 dici
2091 5439 2117 5474 a
2148 5421 2345 5474 Basilio
2379 5436 2444 5474 ex
2479 5419 2733 5487 Opinione
2771 5421 2907 5488 vulgi
2944 5437 2957 5472 ι
2991 5433 3109 5486 quae
3145 5418 3187 5470 si
3225 5417 3534 5484 diligentius

1953 5495 2348 5560 espeudautur,
2385 5507 2414 5543 a
2443 5506 2570 5544 vero
2595 5490 2750 5557 longe
2797 5491 2991 5542 abesse
3023 5488 3315 5542 constabit.
3358 5489 3536 5560 Quare

1953 5563 1995 5614 si
2023 5559 2143 5629 quis
2175 5562 2285 5614 vult
2312 5561 2528 5615 edoceri
2585 5571 2782 5623 ortum,
2822 5575 3066 5619 cursum,
3105 5559 3533 5626 magnitudinem

1951 5631 2230 5684 ﬂuminum
2266 5646 2473 5694 eorum,
2501 5633 2566 5683 de
2590 5631 2786 5698 quibus
2816 5631 2900 5683 hic
2931 5631 2990 5681 tit
3023 5631 3242 5689 mentio,
3266 5629 3312 5682 ei
3344 5636 3537 5679 auctor

1955 5717 2074 5755 sum
2108 5712 2163 5753 ut
2206 5701 2449 5754 consulat
2496 5701 2863 5762 Ptoleuncum,
2917 5699 3260 5763 Strabonem,
3295 5698 3541 5765 aliosque

1957 5773 2297 5841 geographiae
2323 5774 2548 5840 peritos.

3155 5929 3189 5987 3
