4058 6498
517 380 588 434 67

517 499 607 568 qui
643 498 777 553 ultra
834 497 1079 552 intimam
1135 496 1413 569 Scythiam
1459 499 1547 554 siti
1577 507 1724 566 sunt,
1763 510 2027 570 generant
2059 499 2082 551 ?
2112 503 2157 556 A

515 591 757 658 Quorum
786 604 849 644 ex
893 605 1122 644 numero
1156 605 1238 646 est
1278 602 1333 645 et
1371 589 1668 647 Rhodanus
1694 605 1818 656 cum
1859 592 2090 648 inﬁnitis

515 685 636 738 aliis
668 682 868 748 ﬂuviis,
907 684 1081 753 iisque
1127 687 1553 756 navigabilibus,
1592 686 1682 755 qui
1726 686 2089 744 occidentales

513 775 737 829 Galatas
767 776 1057 847 Celtasque
1089 789 1143 833 et
1175 779 1386 834 vicinos
1421 779 1550 847 ipsis
1568 777 1829 835 barbaros
1861 789 2085 849 prazter-

513 867 773 932 labentes,
809 869 861 921 in
890 869 1222 924 occidentale
1245 872 1462 940 pelagus
1486 883 1675 926 omnes
1704 871 1950 925 inﬂuunt.
1979 870 2083 924 Alii

511 958 782 1012 emeridie
809 974 837 1011 a
872 961 1118 1028 supernis
1148 962 1322 1031 plagis
1374 974 1467 1028 per
1509 959 1841 1030 Ethiopiam
1881 961 2080 1029 partim

510 1047 560 1099 in
598 1059 841 1102 nostrum
869 1053 1188 1120 perveniunt
1225 1068 1394 1114 mare,
1447 1053 1644 1119 partim
1691 1053 1743 1105 in
1785 1051 1912 1106 illud
1942 1054 2082 1120 quod

508 1147 659 1191 extra
701 1141 1005 1208 navigabile
1055 1143 1225 1212 jacet,
1267 1150 1667 1206 exonerautur;
1703 1139 1880 1208 IEgon
1921 1142 2080 1195 nimi-

509 1246 627 1284 rum
669 1245 717 1286 ει
747 1230 941 1302 Nyses,
980 1246 1032 1288 et
1075 1235 1334 1289 Chremes
1369 1249 1530 1301 quem
1581 1242 1801 1296 vocant,
1846 1241 1900 1285 et
1929 1232 2080 1287 Nilus

507 1338 744 1393 quoque,
781 1327 869 1396 qui
925 1342 1098 1395 neque
1142 1323 1322 1378 ﬂuviis
1354 1335 1545 1380 natura
1579 1335 1661 1380 est
1701 1325 1917 1388 similis,
1955 1339 2076 1378 cum

507 1415 684 1470 instar
717 1418 882 1472 maris
920 1417 1141 1470 inundet
1197 1415 1514 1488 Egyptum.
1576 1416 1667 1472 Sic
1712 1418 1872 1485 hujus
1917 1424 2077 1472 terra:

507 1518 707 1563 nostrae
747 1507 1055 1562 habitabilis
1083 1508 1233 1564 locus
1260 1525 1399 1579 aqua
1433 1512 1831 1580 circumseptus
1857 1517 1940 1564 est
1961 1548 1977 1574 ,
2024 1520 2078 1565 et

506 1601 642 1652 adeo
675 1599 958 1667 multiplici
987 1600 1242 1670 alligatus
1272 1604 1431 1664 mari,
1467 1616 1530 1655 ac
1573 1602 1872 1656 innumeris
1899 1599 2076 1657 ﬂuviis

505 1689 832 1756 perennibus
856 1691 1092 1758 irriguus
1113 1708 1208 1763 per
1228 1692 1552 1748 ineffabilem
1580 1692 1900 1762 sapientiam
1934 1693 2070 1764 ejus,

503 1781 591 1848 qui
626 1781 908 1836 adversam
946 1784 1054 1853 igni
1088 1795 1334 1838 naturam
1370 1785 1614 1840 consumi
1655 1785 1744 1839 vix
1774 1800 1931 1855 posse
1958 1796 2070 1840 sta-
2124 1850 2126 1854 τ

503 1874 623 1928 ιιιίι.
672 1874 786 1928 Erit
839 1875 1057 1942 quidem
1112 1885 1324 1944 tempus
1374 1892 1495 1930 cum
1560 1887 1614 1930 et
1649 1875 1777 1946 igne
1806 1857 2146 1931 ardebuntB

501 1966 710 2028 omnia;
763 1965 908 2019 velut
948 1968 1025 2020 ait
1064 1966 1256 2031 Isaias,
1295 1969 1383 2022 ubi
1431 1969 1595 2021 Deum
1627 1968 1923 2040 alloquitur
1952 1967 2073 2020 uni-

501 2072 783 2112 versorum
814 2073 828 2112 :
861 2058 962 2125 Qui
998 2061 1128 2114 dicis
1153 2063 1364 2130 abysso,
1393 2060 1724 2116 Desolaberis
1745 2103 1760 2127 ,
1797 2073 1844 2116 et
1894 2076 2070 2113 omnes

500 2151 684 2217 ﬂuvios
727 2162 842 2205 tuos
902 2152 1189 2221 arefaciam
1240 2154 1307 2206 ⁸⁸.
1344 2153 1707 2220 Quamobrem
1756 2152 2020 2221 sapientia
2052 2193 2068 2218 ,

500 2259 618 2310 quae
648 2243 915 2297 infatuata
948 2256 1052 2309 est,
1091 2246 1321 2314 abjecta,
1359 2247 1573 2313 suscipe
1600 2244 1889 2298 nobiscum
1925 2241 2072 2298 veri-

502 2337 625 2388 tatis
661 2335 986 2401 doctrinam,
1033 2338 1336 2406 imperitam
1385 2335 1603 2405 quidem
1645 2348 1920 2394 sermone.
1958 2344 2071 2389 sta-

500 2429 660 2482 bilem
685 2443 811 2483 vero
837 2429 1155 2498 ﬁrmamque
1181 2428 1518 2498 cognitione.

571 2615 623 2670 7.
653 2613 865 2669 ldcirco
910 2613 1033 2668 Fiat
1076 2616 1465 2682 ﬁrmamentum
1505 2611 1560 2665 in
1610 2613 1779 2666 medio
1811 2629 1983 2680 aquae,
2019 2621 2067 2664 et

497 2706 562 2756 sit
589 2707 885 2759 discernens
915 2709 1054 2759 inter
1083 2722 1271 2774 aquam
1292 2715 1336 2757 et
1361 2721 1576 2774 aquam.
1597 2703 1806 2758 Dictum
1830 2713 1914 2757 est
1938 2703 2067 2770 quid

496 2795 768 2863 signiﬁcet
807 2797 858 2849 in
912 2797 1191 2862 Scriptura
1228 2795 1552 2847 ﬁrmamenti
1586 2794 1927 2847 vocabulum.
1972 2790 2067 2845 Ni-

495 2889 695 2941 mirum
734 2886 1134 2940 ﬁrmamentum
1178 2901 1284 2940 non
1316 2886 1447 2939 dicit
1486 2884 1773 2953 quamdam
1810 2898 1929 2938 esse
1967 2899 2065 2938 na-

495 2989 672 3033 turam
716 2980 1058 3032 resistentem
1087 2995 1150 3032 ac
1179 2979 1433 3043 solidam,
1482 2977 1752 3048 gravitate
1779 2988 1835 3030 et
1873 2977 2063 3031 renixu

497 3074 796 3142 praeditam.
830 3074 1044 3143 Alioqui
1076 3074 1178 3128 hoc
1207 3082 1363 3143 pacto
1396 3073 1448 3127 id
1478 3072 1580 3127 sibi
1626 3073 1862 3127 nominis
1886 3072 2065 3141 potius

496 3169 827 3223 vindicasset
854 3184 1024 3223 terra.
1062 3168 1168 3223 Sed
1199 3168 1325 3239 quia
1362 3176 1553 3221 natura
1573 3165 1913 3236 superiorum
1942 3180 2061 3220 cor-
2089 3202 2131 3259 ο

495 3277 686 3330 porum
731 3262 906 3315 tenuis
934 3271 1015 3316 est
1054 3271 1107 3316 et
1138 3277 1258 3314 rara
1288 3301 1303 3325 ,
1357 3276 1454 3314 nec
1504 3259 1613 3313 ullo
1668 3268 1846 3326 potest
1899 3271 2059 3311 sensu

494 3353 723 3420 percipi,
761 3352 879 3405 ideo
911 3353 1308 3404 ﬁrmamentum
1345 3352 1446 3402 hoc
1482 3349 1731 3412 vocavit,
1781 3360 2060 3413 compara

493 3442 639 3494 tione
679 3454 865 3494 eorum
905 3454 1024 3508 qua:
1062 3439 1376 3493 tenuissima
1416 3445 1564 3502 sunt,
1611 3451 1712 3490 nec
1756 3435 1856 3490 sub
1892 3434 2055 3488 ullum

494 3545 712 3584 sensum
749 3531 966 3585 cadunt.
999 3528 1168 3585 Porro
1190 3529 1477 3600 quemdam
1497 3526 1626 3582 mihi
1659 3527 1833 3581 locum
1857 3525 2056 3596 cogita,

494 3623 740 3676 humoris
771 3622 1114 3676 discernendi
1142 3620 1398 3676 facultate
1422 3620 1730 3689 praeditum,
1764 3620 2064 3688 quibumo—

494 3727 607 3765 rem
654 3713 868 3781 quidem
919 3725 1134 3767 tenuem
1172 3722 1226 3766 et
1255 3711 1586 3780 percolatum
1635 3726 1849 3766 sursum
1883 3720 2058 3765 trans-

492 3803 693 3866 mittat,
722 3803 1126 3857 crassissimum
1159 3817 1287 3856 vero
1313 3811 1367 3856 et
1412 3812 1646 3857 terreum
1685 3804 2058 3856 deorsumver-

491 3912 584 3950 sus
615 3896 882 3962 demittat,
923 3907 1002 3960 ut,
1027 3894 1470 3951 subtrahentibus
1497 3912 1556 3951 se
1585 3895 1840 3966 paulatim
1867 3894 2060 3949 humo-

493 3991 665 4056 ribus,
705 3990 772 4045 ab
809 3991 963 4045 initio
989 3991 1056 4046 ad
1087 3991 1256 4046 ﬁnem
1313 4003 1485 4059 usque
1527 3989 1826 4060 temperies
1872 3989 2060 4044 eadem

563 4102 608 4133 “
627 4103 731 4156 lsa.
759 4118 901 4166 xuv,
923 4102 1012 4156 27.

561 4215 673 4284 (20)
706 4216 926 4269 Variant
955 4218 1093 4268 inter
1133 4231 1192 4268 se
1245 4215 1482 4285 codices.
1538 4215 1667 4281 Reg.
1721 4223 1902 4285 segnis
1933 4228 2054 4266 cum

490 4283 655 4341 Coisl.
696 4287 988 4340 vetustiore
1018 4287 1045 4337 ὁ
1088 4285 1356 4347 Ῥοδανός,
1401 4283 1709 4337 Rhodanus.
1755 4283 1893 4334 Edili
1931 4297 2051 4335 cum

492 4358 676 4426 Regiis
709 4359 866 4410 tertio
894 4367 947 4426 et
975 4365 1186 4426 octavo,
1214 4356 1452 4423 itemque
1484 4368 1605 4426 cum
1628 4351 1781 4426 Cplb.
1800 4353 2052 4426 secundo

490 4431 520 4481 ὁ
557 4419 857 4500 Ἦριδανὸς,
894 4424 1291 4500 Padusagoisl.
1311 4419 1455 4500 alter
1499 4421 1861 4500 ὁῄλιροδιανόῇ
1900 4419 2052 4500 Regii

493 4490 698 4566 prim'us
725 4509 777 4551 ct
807 4490 1023 4565 quintus
1048 4498 1076 4548 ὁ
1102 4495 1354 4557 Ῥαδανός
1392 4509 1488 4562 pro
1523 4490 1788 4554 Ῥοδανός.
1821 4490 2055 4566 Credere

491 4542 589 4636 Sir
616 4542 697 4622 es;
724 4542 958 4634 priorem
992 4567 1273 4619 lectionem
1301 4542 1608 4636 geririanam
1636 4542 1835 4636 esse'ac
1869 4562 2054 4636 genui-
2090 4542 2132 4595 D

493 4633 637 4702 nam,
677 4633 798 4690 cum
844 4639 967 4690 huic
1015 4636 1225 4689 lectioni
1260 4633 1440 4689 faveat
1493 4635 1826 4695 Eustathius,
1850 4633 1940 4700 qui
1976 4634 2056 4685 sic

492 4711 879 4776 interpretatus
903 4716 989 4759 est
1017 4724 1030 4758 :
1071 4704 1304 4776 Quorum
1326 4715 1402 4776 est
1429 4704 1732 4776 Rhodanus.
1763 4703 1913 4776 Adde
1941 4717 2056 4776 ser-

491 4771 704 4830 monem
756 4778 962 4829 institui
1004 4776 1069 4828 de
1117 4774 1300 4830 Gallia:
1347 4774 1586 4838 ﬂumine,
1617 4789 1722 4827 non
1781 4775 1847 4827 de
1890 4771 2057 4827 Italia:

491 4847 674 4910 ﬂuvio,
711 4847 883 4915 qualis
919 4855 1003 4898 est
1039 4847 1320 4912 Eridanus,
1360 4860 1453 4898 seu
1499 4842 1696 4898 Padus.
1737 4844 2054 4915 Ambrosius

491 4920 668 4971 neutri
698 4912 910 4971 lectioni
939 4917 1100 4978 favet,
1137 4932 1259 4969 cum
1293 4921 1358 4970 de
1377 4924 1608 4983 utroque
1640 4913 1796 4966 tluvio
1816 4912 1972 4983 Pado
1998 4924 2054 4965 et

490 4986 756 5040 Rhodano
791 4987 1114 5041 mentionem
1151 4987 1333 5039 faciat.
1379 4987 1469 5039 Sic
1497 4981 1641 5039 enim
1683 4982 1922 5052 loquitur
1955 4981 2052 5036 lib.

491 5073 550 5116 ιι,
578 5072 698 5124 cap.
722 5059 774 5122 5,
806 5074 951 5110 ιιυιιι.
989 5057 1056 5109 12
1089 5076 1100 5109 :
1137 5055 1318 5109 Padus
1363 5057 1748 5124 maritimorum
1798 5068 2054 5105 commea-

488 5137 633 5178 tuum
664 5125 871 5178 Italicis
919 5128 1163 5180 subsidiis
1193 5128 1328 5192 ﬁdus
1357 5128 1603 5186 invector,
1640 5123 1920 5176 Rhodanus
1960 5137 2052 5173 ra-

485 5197 608 5263 pido
640 5199 871 5249 concitus
897 5214 1053 5249 cursu
1091 5191 1342 5264 Tyrrheni
1371 5197 1593 5264 a'quoris
1618 5194 1753 5264 freta
1787 5191 2050 5264 scindens.

491 5264 684 5318 Verum
702 5268 814 5320 sive
845 5267 987 5334 legas
1023 5262 1289 5328 Ῥοδανός,
1322 5267 1431 5318 sive
1455 5262 1754 5334 Ἠριδανός,
1774 5262 2051 5334 fatendum

485 5346 640 5388 estea
657 5351 771 5404 quae
791 5338 873 5390 hic
887 5333 1191 5401 narrantur,
1211 5337 1339 5387 falsa
1355 5348 1493 5387 esse.
1513 5346 1642 5384 nam
1659 5333 1853 5404 ﬂuvius
1867 5342 2054 5404 neuter

483 5421 549 5458 ex
581 5403 854 5460 montibus
895 5406 1132 5474 Riphzris
1164 5408 1356 5467 oritur,
1395 5416 1487 5455 aut
1543 5404 1598 5474 in
1657 5403 2050 5474 occidentalem

486 5475 759 5546 Oceanum
796 5471 987 5529 inﬂuit.
1019 5475 1163 5546 Lege
1188 5475 1438 5529 Ducacum
1465 5483 1520 5528 et
1542 5472 1778 5526 Lexicou
1815 5471 2051 5524 Michae-

485 5547 550 5599 lis
570 5544 837 5599 Baudran.

559 5612 776 5687 (21)'lta
809 5615 933 5687 editi
957 5631 1080 5670 cum
1109 5615 1239 5686 Reg.
1268 5618 1426 5687 tertio
1449 5625 1503 5668 et
1524 5628 1643 5666 cum
1664 5610 2051 5687 Coisl_.-primo_.

485 5681 617 5754 Reg.
654 5681 858 5753 primus
885 5685 996 5739 ἀλλ’
1027 5688 1090 5740 ἐκ
1123 5681 1221 5754 τῆς
1260 5699 1275 5736 :
1309 5685 1395 5737 alii
1433 5695 1539 5738 tres
1584 5700 1715 5736 mss.
1771 5681 1908 5734 ἀλλὰ
1958 5681 2051 5732 καὶ

483 5756 569 5807 ἐκ.
610 5757 760 5809 Colb.
797 5761 1062 5810 secundus
1099 5757 1231 5810 ἀλλὰ
1254 5757 1348 5808 καὶ
1376 5757 1423 5805 οἱ
1456 5755 1539 5807 εκ.

557 5827 667 5896 (is)
699 5826 786 5881 Sic
813 5828 977 5881 editio
1035 5828 1194 5882 Basd.
1229 5840 1281 5884 et
1330 5827 1464 5880 alter
1520 5825 1648 5878 Duc.
1687 5831 1739 5877 et
1776 5821 1950 5886 Bodl.,
1995 5830 2047 5875 et

1833 380 1891 437 S.
1929 381 2174 434 BASlLll
2218 382 2434 435 MAGNI

3707 396 3777 442 68

2185 516 2258 562 σι,
2282 499 2350 551 τὰ
2380 501 2517 570 ὑπὲρ
2553 501 2652 569 τῆς
2679 499 2942 554 ἐνδοτάτω
2984 502 3218 566 Σκυθίας
3248 504 3346 576 ὄρη
3370 522 3383 570 ;
3411 495 3508 557 Ὧν
3541 505 3777 563 ἐστικαὶ

2192 595 2219 644 ὁ
2252 593 2496 657 Ῥοδανὸς
2543 592 2652 660 (20)
2691 594 2827 663 μετὰ
2878 594 3086 665 μυρίων
3135 596 3310 651 ἄλλων
3347 598 3627 669 ποταμῶν,
3681 604 3778 656 καὶ

2190 685 2367 737 αὐτῶν
2398 687 2760 756 ναυσιπόρων,
2796 687 2868 752 οἳ,
2893 688 3019 748 τοὺς
3053 688 3344 756 ἑσπερίους
3373 692 3616 754 Γαλάτας
3679 694 3778 746 καὶ

2190 775 2448 842 Κελτοὺς,
2485 777 2577 830 καὶ
2600 780 2722 839 τοὺς
2756 782 3043 850 προσεχεῖς
3067 780 3250 841 αὐτοῖς
3281 780 3586 854 βαρϐάρους
3605 799 3778 855 ’παρα⁸

2191 870 2539 940 μειψάμενοι,
2569 872 2660 924 ἐπὶ
2687 870 2746 922 τὸ
2771 873 3024 943 ἑσπέριον
3057 873 3259 935 πάντες
3293 875 3587 944 εἰσχέονται
3611 876 3779 930 πέλα-

2185 980 2300 1032 γος.
2336 965 2519 1018 ’Ἄλλοι
2571 967 2632 1017 ὲκ
2669 963 2778 1032 (ﬁl)
2820 964 2916 1034 τῆς
2947 964 3293 1036 μεσημϐρίας
3319 963 3524 1019 ἄνωθεν
3560 970 3648 1022 διὰ
3674 969 3776 1039 τῆς

2183 1054 2489 1117 Αἰθιοπίας,
2550 1057 2599 1108 οἱ
2636 1053 2734 1125 μὲν
2782 1054 2874 1104 ἐπὶ
2909 1053 3006 1123 τὴν
3061 1056 3196 1126 πρὸς
3229 1055 3373 1126 ἡμᾶς
3401 1053 3648 1125 ἔρχονται
3673 1059 3776 1114 θάρ

2183 1146 2409 1209 λασσαν,
2441 1149 2488 1198 οἱ
2533 1148 2591 1200 δὲ
2624 1146 2717 1199 ἐπὶ
2753 1146 2852 1215 τὴν
2878 1144 2983 1208 ἔξω
3015 1147 3113 1215 τῆς
3145 1147 3446 1219 πλεομένης
3477 1147 3587 1220 (22)
3644 1154 3776 1205 ἀπο-

2183 1238 2486 1292 κενοῦνται·
2520 1239 2548 1291 ὅ
2578 1257 2638 1292 τε
2667 1237 2844 1307 Αίγὼν
2867 1238 2961 1291 καὶ
2990 1240 3017 1290 ὁ
3042 1238 3249 1308 Νύσης,
3274 1239 3368 1293 καὶ
3390 1240 3416 1290 ὁ
3437 1239 3772 1313 καλούμενος

2182 1329 2490 1401 Χρεμέτης,
2533 1333 2627 1384 καὶ
2668 1334 2804 1403 πρός
2848 1349 2911 1398 γε
2947 1331 3026 1383 ἔτι
3058 1331 3086 1382 ὁ
3125 1331 3336 1396 Νεῖλος,
3364 1331 3420 1393 ὃς
3458 1331 3577 1384 οὐδὲ
3610 1351 3772 1388 ποτα-

2184 1425 2304 1492 μοῖς
2336 1422 2435 1493 τὴν
2479 1423 2639 1493 φύσιν
2687 1424 2882 1486 ἔοικεν,
2921 1424 3048 1476 ὅταν
3099 1422 3188 1474 ῐσα
3226 1424 3469 1494 θαλάσσῃ
3497 1425 3768 1498 πελαγίζῃ

2177 1513 2275 1584 τὴν
2313 1512 2608 1581 Αἴγυπτον.
2653 1512 2838 1573 Οὕτως
2891 1513 2917 1562 ὀ
2960 1511 3057 1579 τῆς
3102 1510 3222 1562 καθ’
3253 1513 3398 1583 ἡμᾶς
3440 1512 3770 1585 οἰκουμένης

2176 1605 2338 1669 τόπος
2381 1605 2531 1659 ὕδατι
2565 1602 2972 1673 περιείληπται,
3005 1601 3266 1668 πελάγεσί
3289 1622 3347 1657 τε
3373 1603 3628 1665 ἀπλέτοις
3676 1609 3768 1658 ὲν-

2174 1697 2458 1769 δεδεμένος
2486 1698 2579 1750 καὶ
2604 1695 2818 1766 μυρίοις
2852 1697 3114 1764 ποταμοῖς
3131 1695 3375 1758 ἀεννάοις
3401 1696 3764 1768 κατάρρυτος,

2175 1791 2261 1844 διὰ
2295 1791 2392 1861 τὴν
2430 1789 2666 1861 ἄρρητον
2698 1787 2888 1856 σοφίαν
2915 1787 3009 1842 τοῦ
3053 1788 3152 1859 τὴν
3183 1789 3477 1843 ἀντίπαλον
3506 1788 3584 1860 τῷ
3620 1790 3767 1860 πυρὶ

2177 1882 2338 1950 φύσιν
2389 1878 2825 1945 δυσεξανάλωτον
2876 1873 3015 1932 εἶναι
3063 1881 3538 1950 οἰκονομήσαντος.
3572 1882 3766 1933 Ἔσται

2177 1975 2360 2044 μέντοι
2399 1989 2488 2025 οτε
2528 1970 2622 2022 καὶ
2654 1971 2830 2025 πάντα
2879 1973 3358 2042 καταφρυγὴσεται
3390 1973 3466 2042 τῷ
3500 1974 3654 2044 πυρὶ,
3685 1972 3765 2036 ὥς

2173 2082 2337 2135 φησιν
2379 2064 2606 2127 Ἡσαΐας
2629 2068 2685 2118 ἐν
2716 2061 2796 2129 οἷς
2828 2065 2960 2135 πρὸς
2991 2063 3080 2115 τὸν
3114 2063 3222 2114 τῶν
3248 2064 3384 2116 ὅλων
3422 2065 3554 2118 Θεὸν
3585 2065 3765 2118 διαλέ-

2171 2174 2346 2227 γεταιο
2413 2156 2476 2209 '0
2532 2156 2729 2227 λέγων
2763 2157 2875 2225 (9.3)
2917 2152 2990 2221 τῇ
3023 2154 3292 2206 ἀϐύσσω·
3341 2155 3761 2224 Ἑρημωθήσῃ,

2170 2250 2269 2303 καὶ
2321 2249 2552 2314 πάντας
2599 2248 2741 2310 τοὺς
2769 2246 3076 2314 ποταμούς
3111 2261 3228 2300 σου
3256 2245 3516 2314 (inpar-(3.
3572 2247 3758 2312 Ὥστε,

2168 2342 2479 2412 ἀπορρίψας
2521 2339 2618 2407 τὴν
2658 2335 3031 2406 μωρανθεῐσαν
3066 2338 3274 2406 σοφίαν,
3324 2338 3611 2404 κατάδεξαι
3638 2339 3762 2410 μεθ’

2169 2436 2201 2503 ἡ
2213 2433 2328 2502 μῶν
2351 2430 2411 2483 τὸ
2441 2426 2782 2482 διδασκάλιον
2812 2428 2910 2498 τῆς
2939 2427 3217 2499 ἀληθείας,
3253 2429 3524 2483 ἰδιωτικὸν
3561 2431 3660 2499 μὲν
3679 2429 3761 2501 τῷ

2169 2525 2332 2592 λόγῳ,
2369 2520 2706 2574 ἀδιάπτωτον
2740 2520 2799 2573 δὲ
2838 2519 2978 2574 κατά
3014 2519 3111 2589 τὴν
3145 2519 3370 2586 γνῶσιν.

2240 2613 2289 2665 7.
2311 2610 2410 2663 Διὰ
2429 2609 2586 2664 τοῦτο
2620 2610 2941 2679 Γενηθήτω
2989 2607 3291 2676 στερέωμα
3325 2609 3397 2661 ἐν
3427 2609 3595 2677 μέσῳ
3647 2612 3758 2665 τοῦ

2168 2702 2404 2767 ὕδατος,
2442 2702 2540 2756 καὶ
2569 2703 2725 2756 ἔστω
2778 2696 3124 2767 διαχωρίζον
3153 2697 3267 2752 ἀνὰ
3311 2699 3507 2768 μέσον
3535 2701 3760 2769 ὓδατος

2167 2795 2265 2850 καὶ
2299 2794 2538 2861 ὕδατος.
2588 2795 2819 2864 Εἴρηται
2864 2791 2916 2844 τί
2959 2790 3019 2843 τὸ
3058 2791 3458 2860 σημαινόμενον
3490 2794 3643 2863 παρὰ
3689 2799 3757 2867 τῇ

2167 2889 2354 2960 Γραφῇ
2395 2887 2456 2938 τὸ
2506 2886 2597 2938 τοῦ
2651 2881 3029 2952 στερεὼματος
3077 2882 3276 2952 δνομα.’
3313 2883 3435 2936 ’Ότι
3485 2886 3609 2956 οὐχὶ
3655 2888 3758 2958 τὴν

2167 2983 2458 3036 ἀντίτυπον
2503 2979 2594 3030 καὶ
2640 2975 2961 3045 στερέμνιον
2997 2973 3180 3042 φύσιν,
3211 2974 3308 3046 τὴν
3331 2974 3559 3046 ἔχουσαν
3587 2977 3758 3048 βάρος

2166 3076 2258 3127 καὶ
2291 3072 2618 3140 ἀντέρεισιν,
2655 3068 2714 3119 οὐ
2753 3066 2958 3137 ταύτην
2994 3066 3107 3136 (24)
3155 3066 3303 3135 λέγει
3345 3069 3648 3139 στερέωμα.
3680 3070 3756 3121 Ἦ

2164 3165 2337 3226 οὕτως
2356 3163 2420 3216 ἂν
2446 3161 2776 3232 κυριώτερον
2800 3158 2922 3229 ήγῆ
2939 3159 3038 3230 τῆς
3057 3160 3310 3228 τοιαύτης
3331 3161 3572 3230 κλήσεως
3599 3159 3754 3229 ὴξιώο

2166 3259 2253 3328 θη.
2292 3253 2450 3307 Ἀλλὰ.
2473 3253 2560 3306 διὰ
2609 3253 2709 3315 τὴν
2748 3252 2908 3322 φύσιν
2949 3253 3056 3305 τῶν
3097 3251 3512 3323 ὑπερκειμένων
3543 3249 3754 3322 λεπτὴν

2160 3347 2324 3404 οὖσαν
2346 3348 2439 3400 καὶ
2474 3346 2586 3416 (25)
2618 3345 2815 3417 ἀραιὰν
2842 3346 2937 3398 καὶ
2979 3345 3205 3414 οὐδεμιᾷ
3235 3342 3482 3412 αἰσθήσει
3509 3344 3752 3414 καταλη-

2161 3442 2321 3513 πτὴν,
2347 3440 2634 3511 στερέωμα
2663 3439 2819 3491 τοῦτο
2845 3437 3114 3506 ὠνόμασε,
3143 3434 3425 3505 συγκρίσει
3440 3434 3546 3488 τῶν
3567 3435 3750 3490 λεπτο-

2159 3535 2339 3588 τάτων
2371 3533 2465 3585 καὶ
2499 3534 2564 3601 τῇ
2601 3530 2850 3598 αἰσθήσει
2897 3527 3319 3597 ἀκαταλήπτων.
3354 3529 3464 3581 Καὶ
3495 3529 3605 3582 νόει
3660 3549 3752 3601 μοι

2162 3625 2326 3678 τόπον
2351 3623 2472 3676 τινὰ
2499 3619 2836 3690 διακριτικὸν
2866 3617 2957 3670 τοῦ
2987 3617 3176 3688 ὑγροῦ’
3218 3616 3278 3670 τὸ
3312 3619 3411 3688 μὲν
3437 3618 3629 3672 λεπτὸν
3659 3625 3748 3674 καὶ

2159 3715 2514 3786 διηθούμενον
2540 3713 2634 3763 ἐπὶ
2653 3710 2721 3763 τὰ
2755 3711 2866 3764 ἄνω
2894 3709 3118 3774 διιέντα,
3155 3710 3215 3762 τὸ
3250 3711 3306 3763 δὲ
3327 3712 3635 3782 παχύτατον
3657 3716 3749 3767 καὶ

2161 3807 2362 3876 γεῶδες
2390 3804 2680 3872 ἐναφιέντα
2719 3805 2829 3868 τοῖς
2855 3802 3028 3867 κάτω,
3064 3803 3128 3855 ἵν’
3160 3802 3219 3869 ἐξ
3256 3803 3432 3876 ἀρχῆς
3467 3806 3626 3878 μέχρι
3659 3808 3733 3861 τέ.

2162 3903 2289 3964 λους
2335 3902 2369 3970 ὴ
2420 3899 2560 3970 αὑτὴ
2604 3898 2869 3968 εὐκρασία
2895 3896 3229 3968 συντηρηθῇ,
3267 3897 3410 3952 κατὰ
3448 3898 3609 3971 μέρος
3650 3900 3748 3969 τῆς

2166 3986 2506 4064 ὑφαὶρέσεως
2542 3991 2656 4063 (2-6)
2673 3990 2782 4043 τῶν
2807 3989 2991 4059 ὑγρῶν
3014 3990 3326 4061 γινομένης.
3357 3991 3430 4044 Σὺ
3452 3974 3506 4044 δὲ
3537 3991 3617 4062 τῷ
3649 3992 3748 4062 μὲν

2159 4218 2317 4285 Regii
2353 4217 2585 4280 primus,
2629 4217 2839 4279 tertius,
2875 4215 3121 4282 quintus,
3151 4225 3334 4269 sextus
3386 4225 3441 4270 et
3495 4225 3742 4284 octavus,

2155 4301 2277 4338 cum
2331 4287 2484 4339 (λιιι).
2522 4287 2760 4339 secundo
2810 4294 3020 4337 etcum
3071 4296 3306 4352 utroque
3348 4285 3516 4339 Coisl.
3561 4286 3745 4343 Editio

2156 4355 2330 4409 Paris.
2365 4354 2475 4423 ἔξωΔ
2516 4356 2631 4414 τοῖς
2679 4354 3048 4423 πλεομένοιςη
3077 4353 3350 4407 mendose.
3403 4355 3524 4407 Mox
3583 4356 3742 4412 Colb.

2155 4425 2426 4495 secundus
2455 4421 2513 4495 ὃς
2549 4423 2671 4495 οὐδὲ
2724 4421 2988 4495 ποταμός..
3026 4421 3264 4495 Subinde
3311 4439 3443 4478 mss.
3494 4425 3743 4495 plerique

2157 4509 2344 4549 Omnes
2377 4493 2466 4545 ἴσα
2492 4491 2926 4564 θαλάσσῃεΕόίιί
2958 4493 3046 4544 ίσα
3069 4491 3372 4564 θαλάσσης.

2231 4565 2343 4633 (‘23)
2389 4564 2450 4615 '0
2486 4558 2843 4632 λέγων-,Ὁιιὶ
2874 4564 3026 4615 dicis.
3068 4558 3408 4631 Interpretati
3458 4578 3643 4619 sumus
3672 4570 3742 4624 ad

2161 4648 2379 4688 sensum
2410 4633 2616 4698 Basilii,
2653 4649 2756 4686 non
2790 4633 2854 4702 ad
2901 4648 3121 4688 sensum
3156 4635 3456 4702 pr0phetze.
3483 4633 3641 4698 Nam,
3680 4650 3742 4693 ut

2159 4715 2310 4789 notat
2343 4703 2601 4789 Ducazus,‘
2624 4719 2812 4789 neque.
2836 4701 2948 4789 jam
3001 4701 3269 4789 prOpheta
3301 4703 3439 4789 πρὸς
3479 4703 3740 4789 τὸνβεὺν

2159 4773 2486 4854 διαλέγεται,
2516 4783 2626 4854 aut,
2648 4784 2705 4827 ut
2729 4774 3163 4854 voluntquidam,
3183 4773 3468 4854 προέήτης
3486 4775 3613 4845 περὶ
3626 4778 3740 4854 ¹τοῦ

2157 4843 2313 4908 Θεοῦ,
2344 4844 2440 4914 sed
2491 4845 2669 4910 potius
2720 4843 2855 4914 πρὸς
2910 4841 3000 4895 τὸν
3041 4842 3166 4914 λαδν
3192 4841 3249 4914 -ὀ
3293 4841 3448 4914 Θερς,
3480 4841 3734 4909 populum

2158 4914 2298 4966 Deus
2329 4913 2634 4983 alloquitur.
2683 4911 2872 4983 Itaque
2905 4923 3074 4983 recte
3110 4912 3331 4980 Vulgata
3384 4911 3594 4983 Latina,
3626 4914 3734 4979 Qui

2156 4984 2273 5034 dico
2294 4979 2579 5052 profundo,
2605 4979 2858 5037 Desolare
2905 4979 3056 5038 Unde
3077 4992 3129 5034 et
3154 4979 3399 5049 sequitur
3415 4982 3621 5047 Graece,
3637 4986 3736 5039 καὶ

2155 5054 2281 5122 τοὺς
2298 5051 2585 5122 ποταμούς
2609 5071 2701 5105 σου
2724 5053 2957 5122 ξηρανῶ
2989 5051 3044 5106 et
3062 5052 3279 5122 [lumina
3309 5062 3397 5106 tua
3420 5054 3732 5122 arefaciam.

2156 5120 2274 5175 Huc
2303 5119 2473 5191 usque
2505 5125 2586 5176 vir
2619 5119 2988 5185 doctissimus,
3015 5119 3167 5188 cujus
3211 5131 3391 5174 notam
3426 5119 3573 5190 legas
3601 5138 3731 5178 sua-

2158 5195 2280 5245 deo.

2228 5260 2658 5332 (24)Ει1ἰιὶᾐοιιπι
2723 5261 2857 5329 Reg.
2913 5260 3077 5332 tertio
3114 5269 3175 5332 et
3213 5275 3334 5314 cum
3375 5260 3538 5316 Coisl.
3573 5271 3724 5315 vctu:

2155 5330 2400 5385 θύοι-σοὺ
2432 5330 2652 5398 ταύτην.
2691 5332 2848 5386 Deest
2873 5331 2933 5381 οὐ
2985 5332 3036 5384 in
3077 5331 3198 5384 aliis
3241 5343 3473 5400 quatuor
3505 5345 3634 5384 mss.
3668 5344 3727 5387 et

2156 5402 2209 5453 in
2241 5401 2477 5454 Combcl'.

2226 5470 2336 5538 (25)
2372 5471 2443 5521 lla
2471 5470 2685 5522 codices
2713 5479 2875 5539 octo.»
2895 5469 3035 5522 Editi
3060 5469 3149 5522 διὰ
3173 5470 3234 5522 τὸ
3264 5472 3361 5539 τὴν
3407 5469 3727 5539 φύσιντῶν

2157 5536 2564 5608 ὑπερκειμένων
2593 5539 2795 5610 λεπτὴν
2826 5536 2966 5592 εἶναι
2993 5539 3106 5592 καί.
3141 5539 3262 5593 Mox
3290 5536 3724 5610 edili’cumiReg.

2153 5611 2327 5680 primo
2377 5619 2429 5662 et
2486 5611 2635 5663 σου).
2670 5615 2906 5664 secundo
2941 5610 3321 5680 καταλήπτων,
3359 5609 3513 5662 male.
3567 5609 3727 5677 Regii

2158 5679 2368 5742 tertius,
2406 5680 2648 5745 quintus,
2690 5690 2878 5733 sextus
2920 5691 2974 5733 et
3023 5679 3269 5743 octavus,
3321 5692 3442 5730 cum
3492 5688 3726 5746 utroque

2153 5747 2314 5802 Coisl.
2340 5757 2399 5818 et
2414 5764 2534 5801 cum
2560 5749 2801 5802 tlombef.
2835 5748 3255 5818 ἀκαταλήπτων,
3291 5747 3445 5801 bene.

2224 5817 2335 5888 (26)
2364 5816 2498 5872 Evliti
2531 5834 2650 5873 cum
2709 5836 2814 5877 uno
2843 5829 2936 5874 aut
2980 5816 3145 5873 altero
3178 5833 3276 5873 ms.
3327 5816 3670 5888 ὑφαιρέσεως
3702 5836 3720 5875 ;
