4058 6438
246 399 317 449 ω
1381 384 1668 442 HOMILIA
1701 388 1767 443 Ill
1806 388 1831 441 ΙῙ

1933 388 2415 443 ἰΕΧΑΕΜΕῐῖΟΝ.
3447 388 3513 443 70

242 506 438 583 πλτῄθει
466 508 559 561 τὸῦ
590 507 779 566 ὓδατος
813 506 1081 566 ἀπιστεῖς,

245 605 449 675 πλῆθος
482 604 582 655 οὑκ
621 599 969 662 ἀποϐλέπεις·
1004 598 1051 657 ὃ,
1078 596 1180 648 κᾶν
1205 598 1384 664 ὀλίγον
1479 594 1556 664 τῷ
1586 598 1825 675 μετέθείν

242 696 448 762 πολλῆς
489 694 605 744 ἐστι
656 690 743 744 διὰ
768 692 865 763 τὴν
894 690 1122 756 δύναμιν
1179 685 1511 741 ἀναλωτικὸν
1542 685 1824 754 ὑγρασίας.

258 788 579 857 Ἐφέλκεται
611 783 709 854 μὲν
742 785 851 856 γὰρ
880 782 940 833 τὸ
978 782 1382 851 παρακείμενον
1420 776 1605 846 ὑγρὸν,
1636 777 1709 839 ὡς
1737 780 1829 849 δη-

243 880 327 932 λοῖ
370 880 404 949 ἡ
454 877 621 936 σικύα
690 873 1057 941 δαπανητικδν
1098 874 1153 926 δέ
1192 876 1307 924 ἐστι
1358 869 1453 921 τοῦ
1481 867 1828 933 έλκυσθέντος

245 973 389 1027 κατά
445 972 544 1041 τὴν
589 972 771 1026 εἰκόνα
809 966 902 1021 τοῦ
955 967 1233 1038 λυχνιαίου
1288 962 1480 1033 πυρὸς,
1521 963 1568 1024 ὃ,
1608 962 1695 1015 διὰ
1732 964 1828 1033 τῆς

246 1063 564 1136 θρυαλλίδος
606 1066 703 1135 τὴν
745 1062 1158 1131 παρακειμένην
1203 1056 1409 1127 τροφὴν
1450 1054 1828 1122 ἐπισπασάμε-

246 1176 358 1222 νον,
393 1159 604 1229 ταχέως
637 1155 725 1209 διὰ
763 1154 859 1224 τῆς
896 1152 1193 1224 μεταϐολῆς
1219 1149 1565 1221 ἀπηθάλωσε.
1619 1148 1722 1199 Τὸν
1776 1147 1831 1198 δὲ

248 1250 442 1323 αἰθέρα
481 1252 563 1314 τίς
609 1246 936 1317 ἀμφιϐάλλει
989 1244 1063 1313 μὴ
1107 1244 1226 1313 οὐχ)⁹
1282 1243 1505 1315 πυρώδη
1551 1238 1688 1293 εἷναι
1740 1240 1831 1290 καὶ

248 1342 479 1413 διακαῆ;
508 1342 567 1402 ὃς
600 1341 648 1391 εί
678 1339 751 1411 μὴ
786 1340 862 1407 τῷ
896 1336 1179 1407 ἀναγκαίῳ
1208 1336 1300 1389 τοῦ
1328 1337 1648 1405 ποιήσαντος
1671 1331 1832 1385 αὑτὸν

247 1436 358 1507 ὅρῳ
388 1432 685 1502 κατείχετο,
733 1432 785 1482 τί
815 1431 879 1482 ἂν
909 1426 1180 1483 ἐκώλυσεν
1228 1427 1388 1481 αὑτὸν
1437 1425 1613 1476 πάντα
1645 1421 1833 1492 φλογί-

248 1530 410 1593 ζοντα
459 1527 570 1596 (27)
621 1526 713 1577 καὶ
764 1522 1240 1595 καταπιμπρῶντα
1284 1517 1351 1570 τὰ
1388 1518 1607 1591 συνεχῆ,
1651 1518 1832 1569 πᾶσαν

247 1619 383 1688 ὁμοῦ
416 1618 513 1689 τὴν
539 1619 595 1669 ὲν
648 1620 761 1681 τοῖς
793 1614 942 1670 οὖσιν
966 1611 1302 1678 ἐξαναλῶσαι
1330 1611 1544 1676 νοτίδας
1584 1609 1681 1662 Διά
1704 1606 1835 1661 ταῦ-

246 1732 316 1768 τα
341 1712 486 1784 ’ὕδωρ
518 1713 699 1784 ἀέριον
735 1711 867 1781 (28),
900 1706 1232 1776 νεφουμένου
1269 1703 1364 1757 τοῦ
1426 1703 1536 1756 ἄνω
1569 1701 1735 1755 τόπου
1770 1702 1835 1753 ὲκ

246 1808 346 1877 τῆς
375 1806 652 1876 ἀναφορᾶς
689 1802 798 1855 τῶν
831 1798 1042 1868 ἀτμῶν,
1079 1796 1173 1861 οὒς
1196 1796 1454 1866 ποταμοὶ,
1496 1796 1589 1848 καὶ
1612 1794 1830 1864 κρῆναι,

248 1900 341 1950 καὶ
376 1896 600 1964 τενάγη,
653 1895 747 1946 καὶ
785 1894 995 1963 λίμναι,
1029 1893 1122 1945 καί
1164 1890 1376 1959 πελάγη
1410 1888 1586 1940 πάντα
1615 1887 1832 1959 προΐεν-

246 2006 355 2052 ται,
414 1988 489 2050 ὠς
541 1987 607 2040 ἂν
780 1986 956 2038 πάντα
988 1983 1281 2054 πυρακτῶν
1309 1983 1337 2033 ὁ
1366 1978 1529 2051 αἰθὴρ
1565 1978 1831 2033 ὲπιλάὸοι·

246 2084 379 2136 ὅπου
440 2099 505 2149 γε
542 2082 636 2134 καὶ
690 2078 780 2131 τὸν
812 2078 960 2149 ἥλιον
990 2077 1181 2129 τοῦτον
1233 2075 1450 2146 ὁρῶμεν
1492 2072 1611 2144 ὥρᾳ
1645 2072 1835 2144 θέρους

246 2173 530 2245 διάϐροχον
551 2170 809 2233 πολλάκις
831 2170 925 2221 καὶ
942 2166 1218 2237 τεναγώδη
1235 2169 1418 2237 χώραν
1442 2168 1498 2217 ὲν
1522 2164 1833 2237 βραχυτάτῃ

248 2263 440 2333 χρόνου
492 2264 631 2333 ῥοπῇ
661 2262 888 2331 ἀνικμον
942 2257 1219 2319 παντελῶς
1248 2257 1343 2308 καὶ
1374 2254 1543 2328 ξηράν
1568 2255 1835 2325 καταλιμ-

248 2355 509 2408 πάνοντα.
543 2353 652 2406 Ποῦ
704 2354 881 2405 τοίνυν
918 2354 1094 2405 ἐκεῖνο
1140 2350 1200 2402 τὸ
1235 2347 1414 2421 ὑδωρ;
1456 2348 1833 2401 Δεικνύτωσαν

247 2446 380 2514 ἡμῖν
409 2448 457 2497 οἱ
484 2446 551 2498 τά
578 2447 755 2498 πάντα
778 2445 959 2497 δεινοί.
977 2440 1099 2513 'Ap'
1118 2442 1240 2511 οὐχὶ
1271 2441 1432 2493 παντὶ
1460 2438 1640 2508 δῆλον,
1664 2440 1745 2491 ὅτι
1767 2442 1832 2509 τῇ

249 2535 547 2606 θερμότητι
592 2536 687 2588 τοῦ
718 2536 866 2605 ἡλίου
905 2534 1201 2604 διατμηθὲν
1244 2531 1526 2602 ἀνηλώθη;
1571 2530 1833 2596 Καίτοιγε

247 2628 371 2683 οὑδὲ
402 2628 601 2701 θερμὸν
616 2628 726 2698 (29)
746 2624 883 2679 εἶναι
899 2627 988 2680 τὸν
1004 2626 1154 2697 ἥλιον
1178 2629 1373 2679 ἐκεῖνοι
1400 2624 1638 2692 λέγουσι’
1655 2621 1835 2675 τοσοῦ-

248 2739 347 2775 τον,
374 2722 553 2785 αὑτοῖς
586 2720 680 2775 τοῦ
716 2720 891 2790 λέγειν
920 2720 1184 2792 περίεστι.
1222 2719 1330 2771 Καὶ
1380 2720 1629 2770 σκοπεῖτε
1670 2732 1835 2769 ποτα-

249 2819 327 2887 πῇ
354 2798 637 2883 ἀποδείξῃ
734 2815 1057 2887 ερειδόμενοι
1087 2813 1223 2884 πρὸς
1271 2813 1367 2883 τὴν
1402 2811 1688 2881 ἐνάργειαν
1720 2808 1831 2880 (50)

251 2909 669 2962 ἀπιὸαίνουσιν.
701 2907 919 2978 Ἐπειδὴ
939 2908 1126 2969 λευκὸς
1153 2908 1289 2968 ἐστι,
1320 2906 1472 2974 φασὶ,
1502 2905 1600 2976 τὴν
1621 2903 1831 2975 χροιάν,

251 3000 364 3054 ἀλλ’
398 3002 518 3071 οὑχὶ
555 2999 879 3072 ὑπέρυθρος,
936 2999 1058 3051 οὑδὲ
1126 2998 1336 3064 ξανθὸς,
1399 2997 1592 3049 τούτου
1649 2997 1833 3048 ἕνεκεν

251 3091 372 3144 οὐδὲ
416 3089 671 3161 πυρώδης
702 3092 799 3162 τὴν
845 3091 1003 3161 φύσιν
1026 3106 1039 3119 ο
1086 3088 1223 3142 ἁλλά
1258 3090 1349 3142 καὶ
1389 3087 1578 3140 τούτου
1616 3087 1747 3153 φασὶ
1774 3085 1835 3137 τὸ

254 3183 455 3257 θερμὸν
488 3186 551 3237 ὲκ
578 3184 677 3254 τῆς
714 3185 935 3255 ταχείας
962 3178 1099 3236 εἶναι
1134 3180 1522 3252 περιστροφῆς.
1561 3177 1623 3230 Τί
1654 3175 1834 3229 ὲντεῦ-
1861 3230 1903 3285 C

253 3277 345 3331 θεν
367 3280 576 3342 ἑαυτοῖς
605 3276 958 3347 διοικούμενοι
983 3294 998 3341 ;
1039 3276 1124 3337 Ὠς
1161 3273 1322 3345 μηδὲν
1354 3272 1501 3336 δόξαι
1526 3270 1633 3324 τῶν
1653 3269 1833 3342 ὑγρῶν

252 3371 644 3423 ἀπαναλίσκειν
681 3373 771 3423 τὸν
814 3370 983 3440 ἥλιον.
1033 3365 1174 3435 Ἐγὼ
1205 3366 1283 3429 δὲ,
1320 3364 1425 3418 κᾶν
1453 3364 1527 3435 μὴ
1570 3362 1768 3433 ἀληθὲς

251 3461 313 3513 τὸ
340 3461 646 3530 λεγόμενον,
688 3462 799 3515 ἀλλ’
825 3462 901 3525 ὡς
936 3456 1445 3529 συγκατασκευάζον
1486 3458 1607 3526 ἐμοὶ
1632 3456 1721 3509 τὸν
1753 3454 1835 3507 λό-

252 3570 348 3621 γον
386 3555 484 3605 οὑκ
523 3553 868 3622 ἀπωθοῦμαι.
930 3553 1177 3622 Ἐλέγετο
1215 3552 1323 3622 γὰρ
1374 3548 1460 3602 διὰ
1495 3548 1593 3619 τὴν
1637 3550 1701 3600 ὲκ
1738 3546 1831 3599 τοῦ

252 3644 458 3716 θερμοῦ
484 3646 729 3716 δαπάνην
754 3647 1049 3713 ἀναγκαῖον
1082 3639 1223 3697 εῖναι
1252 3642 1358 3695 τῶν
1382 3642 1588 3695 ὑδάτων
1617 3640 1676 3691 τὸ
1705 3638 1835 3708 πλῆ·

251 3736 366 3801 θος.
388 3738 644 3811 Διαφέρει
680 3738 737 3791 δὲ
760 3737 912 3791 οὐδὲν
939 3739 1003 3789 ἐκ
1031 3736 1245 3804 φύσεως
1278 3730 1415 3787 εἶναι
1454 3732 1675 3803 θερμὸν,
1704 3732 1735 3802 ἢ
1770 3735 1832 3785 ὲκ

253 3828 458 3894 πάθους
497 3830 639 3901 ἔχειν
666 3831 765 3902 τὴν
810 3828 1054 3900 πύρωσιν
1082 3826 1218 3896 πρός
1250 3842 1313 3894 γε
1350 3824 1411 3877 τὸ
1438 3824 1507 3875 τὰ
1527 3822 1665 3874 αὑτὰ
1702 3839 1834 3891 συμς

256 3923 525 3994 πτώματα
563 3924 690 3994 περὶ
740 3922 838 3985 τὰς
871 3920 1040 3983 αὑτὰς
1076 3919 1207 3981 ὖλας
1240 3916 1563 3986 ἀπογεννᾷν.
1610 3912 1733 3965 Ἐάν
1774 3930 1833 3965 τε

252 4016 363 4085 γὰρ
409 4016 705 4085 τριϐόμενα
758 4014 889 4080 ξύλα
935 4013 1071 4082 πρὸς
1116 4011 1319 4081 ἄλληλα
1371 4009 1483 4079 πῦρ
1518 4008 1611 4061 καὶ
1664 4006 1834 4075 φλόγα

252 4108 455 4178 ἀνάψῃ,
512 4109 605 4161 ὲάν
635 4126 693 4160 τε
729 4110 792 4159 ὲκ
837 4105 1032 4175 φλογὸς
1062 4102 1442 4171 ἀναπτομένης
1491 4096 1830 4168 κατακαυθῇ,

257 4202 370 4255 ἴσον
417 4200 533 4254 ἐστὶ
573 4200 668 4252 καὶ
718 4198 1095 4270 παραπλήσιον
1123 4195 1180 4261 ὲξ
1222 4193 1545 4263 ἀμφοτέρων
1574 4191 1635 4242 τὸ
1657 4190 1827 4252 τέλος.

253 4293 512 4361 Καίτοιγε
542 4290 756 4362 ὁρῶμεν
790 4289 888 4361 τὴν
916 4288 1160 4358 μεγάλην
1190 4284 1283 4339 τοῦ
1312 4283 1379 4336 τά
1421 4284 1598 4336 πάντα
1636 4281 1836 4352 κυϐερ-

254 4384 455 4449 νῶντος
502 4384 714 4454 σοφίαν,
750 4380 1126 4453 μετατιθεῖσαν
1156 4378 1265 4450 (51)
1299 4377 1391 4429 τὸν
1429 4375 1579 4445 ἥλιον
1617 4374 1675 4440 ἐξ
1719 4374 1833 4426 ὲτέ-

256 4497 364 4552 ρων
395 4479 474 4541 εἰς
515 4476 697 4548 ἔτερα,
734 4476 819 4527 ἵνα
869 4474 964 4544 μὴ,
1004 4475 1115 4534 τοῖς
1143 4471 1325 4532 αὑτοῖς
1372 4468 1458 4521 ἀεὶ
1490 4464 1831 4538 προσδιατρί-

1122 506 1256 574 πρδς
1296 505 1353 557 δὲ
1400 502 1491 554 τοῦ
1533 502 1736 574 θερμοῦ
1778 505 1831 556 τὸ

1939 516 2311 561 conseertur.
2345 504 2422 557 Tu
2459 505 2567 575 29
2596 522 2722 561 vero
2746 505 2884 558 hanc
2914 518 3065 572 aqum
3095 504 3304 573 copiam
3341 520 3373 555 a
3408 503 3512 558 (ide

1934 598 2227 654 abhorrere
2260 611 2455 653 censes
2485 615 2497 649 :
2527 602 2621 652 sed
2662 600 2728 652 ad
2761 597 2976 667 copiam
3008 609 3113 647 non
3158 596 3387 665 respicis
3418 611 3512 651 ca-

1932 689 2085 752 loris,
2116 692 2205 757 qui
2242 688 2456 745 tametsi
2488 692 2792 757 quantitate
2822 702 3044 759 parvus,
3069 686 3295 741 multum
3331 698 3510 743 tamen

1933 781 2180 835 humoris
2209 784 2257 835 vi
2286 797 2381 837 sua
2412 796 2735 835 consumere
2760 793 2955 849 potest.
3002 781 3246 836 Attrahit
3293 782 3511 849 quidem

1934 872 2272 940 adiacentem
2321 873 2630 937 humorem,
2684 870 2829 923 velut
2873 874 3077 927 indicat
3112 872 3456 927 cucurbitula
3496 915 3509 927 .

1931 966 2208 1021 consumit
2240 980 2370 1019 vero
2398 974 2717 1029 attractum,
2752 965 2925 1017 instar
2967 966 3226 1021 videlicet
3254 965 3396 1035 ignis
3428 964 3515 1018 lu-

1933 1072 2246 1123 cernarnm,
2289 1058 2378 1126 qui
2419 1074 2513 1126 per
2568 1057 2901 1128 ellychnium
2933 1057 3248 1113 alimentum
3273 1061 3512 1116 vicinum

1934 1149 2237 1210 attrahens.
2276 1151 2384 1202 cito
2425 1149 2551 1202 illud
2600 1151 2652 1203 in
2692 1147 2968 1217 fuliginem
3015 1157 3357 1205 transmutat.
3390 1150 3510 1205 lam

1935 1258 2065 1298 vero
2092 1242 2293 1295 aethera
2320 1242 2442 1310 quis
2470 1242 2696 1311 ambigit
2728 1256 2849 1295 esse
2870 1241 3095 1310 ignitum
3128 1250 3181 1293 et
3211 1241 3515 1297 ardentem?

1933 1336 2025 1405 qui
2063 1332 2169 1387 nisi
2208 1332 2550 1387 ineluctabili
2578 1331 2892 1387 Conditoris
2928 1334 3246 1401 praescripto
3292 1349 3516 1389 coerce-

1936 1439 2108 1492 retur,
2146 1427 2405 1496 quiduam
2443 1441 2567 1480 eum
2610 1426 2999 1495 prohibuisset,
3052 1427 3324 1496 contiguis
3346 1429 3517 1481 omni-

1936 1523 2035 1577 bus
2067 1522 2229 1577 rebus
2253 1520 2599 1574 inllammatis
2636 1535 2699 1573 ac
2731 1521 3027 1575 combustis
3051 1561 3065 1585 ,
3097 1535 3313 1574 omnem
3355 1520 3516 1574 simul

1935 1630 2122 1671 earum
2182 1613 2560 1667 humiditatcm
2604 1612 2939 1666 absumere?
2984 1612 3328 1683 Quapmpter
3374 1628 3517 1682 aqua

1936 1706 2082 1760 aeria
2107 1705 2283 1759 oritur
2306 1712 2441 1765 tum,
2462 1720 2584 1756 cum
2610 1704 2760 1758 locus
2780 1717 3050 1772 supernus
3075 1706 3143 1758 ab
3163 1704 3367 1759 evectis
3391 1720 3516 1759 sur-

1937 1813 2054 1851 sum
2089 1796 2555 1866 vaporibus,quos
2578 1796 2745 1861 fluvii,
2782 1797 2980 1863 fontes,
3015 1797 3175 1861 vada,
3201 1798 3422 1866 paludes
3454 1813 3518 1851 ac

1867 1866 1909 1923 Β
1939 1888 2107 1942 maria
2130 1890 2311 1941 omnia
2345 1893 2624 1953 emittunt,
2648 1888 3022 1954 obnuhilatur,
3072 1899 3128 1943 ut
3156 1906 3222 1944 ne
3241 1890 3480 1945 :etherin
3499 1918 3515 1929 ο

1937 1980 2125 2045 vadat,
2145 1994 2563 2052 concremetque
2585 1982 2875 2036 universa;
2909 1997 3036 2035 cunt
3064 1984 3207 2037 hunc
3234 1986 3399 2037 etiam
3419 1997 3514 2036 so-

1937 2071 2042 2127 lem
2063 2072 2412 2126 videatnusin
2437 2074 2622 2128 aestiva
2668 2082 2986 2144 tempestate
3018 2074 3291 2127 madidam
3322 2086 3375 2128 et
3399 2089 3512 2129 caa-

1938 2180 2123 2224 nosam
2161 2166 2434 2235 regionem
2457 2166 2771 2237 plerumque
2797 2169 3038 2223 humoris
3061 2182 3284 2236 prorsus
3314 2181 3513 2237 exper-

1941 2267 2047 2312 tem
2081 2274 2144 2313 ac
2172 2259 2373 2313 siccam
2400 2258 2721 2312 brevissimo
2756 2262 3012 2327 temporis
3041 2270 3316 2315 momento
3349 2260 3515 2313 relin-

1938 2364 2129 2419 quere.
2154 2349 2272 2415 Quo
2290 2365 2473 2417 quaeso
2502 2349 2637 2405 abiit
2656 2366 2792 2419 aqua
2820 2351 2932 2404 illa?
2949 2350 3247 2406 Ostendant
3265 2354 3419 2407 nobis
3439 2354 3515 2407 illi

1938 2456 2121 2498 rerum
2139 2441 2379 2495 omnium
2397 2443 2622 2497 scientia
2641 2442 2870 2510 praediti.
2898 2444 3090 2496 Annon
3115 2442 3290 2497 cuivis
3321 2443 3514 2512 liquet,

1938 2553 2057 2592 eam
2088 2534 2271 2591 calore
2289 2532 2422 2588 solis
2443 2535 2494 2587 in
2526 2550 2780 2605 vaporem
2805 2538 3033 2591 solutam
3058 2550 3177 2590 esse
3197 2545 3359 2604 atque
3385 2553 3518 2591 con-

1937 2632 2232 2699 sumptam?
2262 2630 2621 2698 Quamobrem
2647 2645 2711 2684 ne
2727 2631 2957 2684 calidum
2974 2632 3187 2698 quidem
3208 2632 3373 2687 solem
3396 2644 3519 2684 esse

1938 2722 2012 2776 illi
2035 2724 2218 2778 dicunt
2239 2743 2252 2778 :
2273 2725 2408 2779 adeo
2436 2724 2578 2793 loqui
2605 2724 2735 2791 ipsis
2762 2732 2936 2777 vacat.
2960 2722 3157 2777 Verum
3176 2725 3517 2779 considerate

1938 2816 2082 2887 quali
2098 2818 2554 2872 demonstratione
2568 2818 2700 2882 nixi,
2714 2818 2994 2870 evidentiae
3013 2814 3519 2881 reiuctautur.Quo-

1937 2909 2102 2973 niam,
2136 2908 2406 2978 inquiunt,
2442 2909 2626 2961 colore
2674 2908 2827 2961 albus
2860 2917 2965 2970 est,
3011 2923 3117 2961 non
3166 2917 3345 2961 autem
3384 2906 3518 2961 sub-

1937 3000 2118 3064 ruber,
2153 3015 2253 3055 nec
2288 2999 2477 3063 ﬂavus,
2508 2999 2627 3051 ideo
2658 3014 2830 3067 neque
2861 3008 3047 3067 suapte
3087 3009 3274 3054 natura
3315 3001 3519 3069 ignitus

1935 3102 2058 3146 est:
2086 3092 2178 3147 sed
2206 3102 2261 3148 ct
2280 3093 2398 3160 ejus
2427 3093 2663 3147 calorem
2705 3096 2769 3144 ex
2807 3091 2977 3145 veloci
3010 3092 3337 3147 circumactu
3370 3090 3518 3144 afﬁr-

1938 3193 2085 3237 mant
2114 3184 2266 3237 oriri.
2300 3183 2437 3249 Quid
2468 3184 2568 3238 sibi
2615 3184 2741 3238 inde
2784 3184 3052 3238 Commodi
3094 3177 3366 3239 asciscunt
3394 3184 3417 3237 ?
3447 3181 3519 3237 Ut

1936 3275 2071 3329 nihil
2096 3290 2410 3331 consumere
2439 3278 2721 3331 humorum
2749 3276 2829 3331 sol
2847 3277 3205 3330 existimetur.
3225 3274 3337 3346 Ego
3366 3290 3515 3345 vero,

1936 3369 2150 3423 tametsi
2192 3369 2242 3422 id
2284 3369 2423 3438 quod
2479 3370 2546 3422 ab
2595 3368 2728 3437 ipsis
2782 3367 3015 3433 dicitur,
3051 3382 3237 3421 verum
3269 3384 3373 3420 non
3410 3378 3516 3431 est,

1934 3465 2114 3512 tamen
2145 3458 2197 3512 id
2228 3460 2426 3527 ipsum,
2481 3468 2738 3527 tanquam
2788 3458 2929 3526 quod
2965 3473 3140 3513 meum
3195 3459 3518 3512 sententiam

1934 3552 2267 3620 comprobet,
2301 3567 2405 3606 non
2434 3566 2649 3620 respuo.
2677 3549 2809 3604 Nam
2836 3568 3096 3621 aquarum
3124 3553 3272 3621 copia
3299 3553 3368 3606 ub
3397 3568 3517 3606 eam

1934 3658 2107 3713 quae
2150 3645 2330 3698 calore
2388 3642 2620 3698 eﬂicitur
2673 3646 3160 3713 consumptionem,
3212 3646 3516 3700 necessaria

1934 3750 2053 3791 esse
2076 3736 2377 3791 dicebatur.
2410 3735 2529 3790 Jam
2560 3750 2691 3790 vero
2720 3738 2786 3790 ad
2826 3738 3042 3792 eosdem
3077 3738 3129 3791 in
3173 3739 3375 3791 eisdem
3405 3752 3516 3790 ma-

1937 3828 2085 3881 teriis
2113 3828 2491 3896 producendos
2525 3826 2751 3882 effectus
2781 3827 2912 3881 nihil
2952 3827 3193 3889 interest,
3225 3836 3401 3880 utrum
3432 3826 3516 3881 sol

1935 3931 2127 3991 Suapte
2156 3930 2345 3974 natura
2378 3923 2450 3975 sit
2480 3920 2708 3983 calidus,
2756 3936 2822 3972 an
2857 3932 2922 3972 ex
2963 3916 3247 3975 affectione
3279 3918 3440 3973 ardor
3460 3919 3511 3972 ei

1934 4014 2244 4067 accesserit.
2283 4013 2409 4066 Sive
2438 4014 2581 4065 enim
2614 4012 2757 4079 ligna
2809 4012 2951 4066 inter
2999 4026 3059 4067 se
3092 4020 3277 4065 mutuo
3302 4009 3511 4065 confri-

1934 4118 2043 4170 cla,
2068 4112 2245 4173 ignem
2279 4121 2343 4160 ac
2395 4104 2666 4159 ﬂammam
2716 4108 3068 4170 exsuscitent,
3120 4107 3232 4161 sive
3282 4121 3509 4161 accensa

1934 4200 2147 4249 flamma
2182 4196 2459 4254 combusta
2491 4196 2715 4260 fuerint,
2761 4212 2859 4264 par
2886 4207 2939 4249 et
2970 4197 3264 4251 consimilis
3293 4197 3416 4249 linis
3442 4211 3511 4250 ex

1933 4296 2163 4351 utroque
2195 4286 2385 4344 resilit.
2436 4284 2702 4339 Caeterum
2756 4301 3005 4355 magnam
3053 4286 3170 4353 ejus
3203 4286 3293 4354 qui
3325 4285 3507 4339 omnia

1933 4378 2195 4447 gubernat
2244 4378 2563 4448 sapientiam
2605 4379 2902 4447 cernimus,
2942 4380 3110 4433 solem
3153 4377 3368 4431 aliunde
3403 4377 3509 4430 alio

1935 4477 2418 4530 transmoventem,
2446 4473 2504 4519 ut
2540 4480 2607 4519 ne
2642 4466 2693 4519 in
2730 4467 2922 4521 iisdem
2951 4468 3084 4521 locis
3116 4482 3327 4535 semper
3354 4480 3505 4519 com-

253 4571 384 4634 ϐων,
416 4572 483 4641 τῇ
510 4568 791 4639 πλεονεξίᾳ
822 4566 916 4619 τοῦ
950 4563 1153 4635 θερμοῦ
1189 4562 1494 4632 λυμήνηται
1527 4559 1625 4629 τὴν
1649 4558 1829 4611 διακό-

1935 4573 2393 4624 morans,.rerum
2425 4556 2670 4611 ordinem
2715 4573 2810 4626 per
2852 4558 3048 4613 caloris
3094 4558 3503 4612 redundantiam

252 4810 345 4851 rex
378 4792 467 4847 alii
502 4792 715 4847 codices
739 4790 1100 4862 ἀφαιρέσεως.
1136 4784 1357 4862 _Sta_t_im_
1372 4782 1527 4862 βοάι.
1561 4797 1683 4862 eum
1708 4781 1828 4862 aliis

251 4874 377 4920 octo
409 4878 535 4917 mss.
570 4872 625 4916 et
670 4853 801 4915 cum'
845 4853 1084 4913 editione
1133 4855 1298 4909 Basil.
1334 4853 1523 4917 ὕδατος
1554 4853 1825 4915 ἀπιστεῖς,

252 4936 410 4990 bene.
440 4931 620 4985 Editio
663 4931 833 4985 Paris.
864 4929 1055 4991 ὓδατος
1077 4928 1178 4979 οὑκ
1208 4927 1477 4987 ἀπιστεῖς.
1514 4923 1624 4977 Nec
1669 4924 1826 4977 aliter

250 5006 449 5073 legisse
479 5004 691 5055 videtur
737 5001 1074 5073 Eustathius,
1115 4999 1206 5064 qui
1262 4997 1342 5073 sic
1386 5004 1601 5073 vertat“:
1632 4992 1737 5073 S_ed
1765 5003 1823 5045 tu

249 5062 461 5145 quidem
486 5072 706 5145 liquoris
730 5070 1064 5145 amplitudini
1102 5062 1517 5145 non__diacredis.
1545 5062 1697 5144 Unde
1726 5080 1820 5132 pa-

258 5134 335 5201 iet
372 5134 624 5197 mendum
653 5142 859 5194 illud-in
892 5141 1099 5207 aliquot
1125 5137 1338 5207 codices
1374 5134 1679 5207 irrepsisse.

324 5215 434 5283 (27)
472 5210 624 5265 Colb.
671 5211 940 5283 secundus
981 5203 1474 5283 καταφλογίζοντα.
1503 5203 1820 5283 _Mox_mss.

249 5272 491 5351 plerique
524 5296 712 5335 omnes
758 5278 825 5331 τά
877 5278 1094 5349 συνεχῆ.
1126 5272 1292 5332 Abest
1323 5272 1586 5329 articulus
1616 5272 1685 5325 ab
1718 5274 1828 5326 edi-

251 5354 393 5406 tione
424 5352 493 5405 Pa
503 5352 595 5407 ris.

322 5422 431 5491 (28)
466 5422 638 5476 Editio
668 5420 841 5474 Paris.
866 5420 1048 5489 ἀέριον
1072 5418 1302 5485 γίνεται.
1340 5416 1501 5469 Deest
1528 5413 1743 5491 γίνεται
1763 5412 1822 5491 _i_n

246 5482 485 5547 editione
522 5491 688 5545 Basil.
720 5502 774 5545 et
830 5491 883 5542 in
935 5482 1060 5543 octo
1086 5482 1248 5543 'mss.
1297 5497 1494 5555 praeter
1526 5482 1679 5555 Bodl.
1706 5482 1824 5555 iAli-

248 5573 453 5631 quanto
478 5570 599 5629 post
634 5564 761 5630 lteg.
806 5561 999 5615 tertius
1029 5554 1312 5631 ἐπιλάϐῃ(
1345 5555 1541 5610 Statim
1587 5554 1717 5629 editi
1764 5555 1822 5605 ὲν

247 5628 576 5702 ὥραίριιὶεςι
605 5633 663 5682 ὲν
702 5628 770 5685 ab
798 5639 921 5702 octo
950 5643 1077 5683 mss.

321 5695 429 5770 (29)
479 5702 752 5768 Καίτοιγε
783 5700 927 5754 οὐδὲ
966 5698 1201 5769 θερμόν.
1247 5695 1517 5770 Vetusilla
1560 5708 1819 5770 quorum-

248 5763 373 5823 dain
413 5763 871 5844 philosophorum
902 5763 1134 5844 epinio,
1199 5770 1314 5844 qui,
1363 5763 1817 5844 solemncalidum

247 5854 365 5896 esse
390 5833 1029 5911 négantes',aﬂirmabaht
1062 5833 1470 5893 illius'calorem
1507 5836 1638 5890 nihil
1674 5833 1816 5887 aliud

1910 5066 2104 5121 νειηιᾱο
2130 5070 2185 5114 et
2219 5074 2340 5112 cum

1931 4794 2050 4849 esse
2074 4780 2176 4833 nisi
2199 4778 2435 4834 velocem
2466 4779 2755 4849 quemdam
2779 4779 3166 4833 circumactum
3193 4789 3245 4833 et
3274 4788 3503 4841 motum,

1932 4851 2265 4921 temporibus
2298 4851 2502 4905 nostris
2531 4852 2675 4921 viget
2710 4852 2964 4913 maxime,
3020 4850 3304 4919 placetque
3338 4866 3504 4919 quam

1968 4916 2193 4975 Itirimis.

1930 4938 2193 4992 pltlt‘lmlS.

2000 4990 2111 5062 (30)
2138 4989 2234 5044 Sic
2288 4989 2678 5062 Regiiprimus
2708 4998 2762 5044 et
2794 5000 3016 5044 octavus
3045 5004 3169 5043 cum
3214 4988 3388 5062 Colb.;
3417 5006 3504 5043 se-

2416 5061 2536 5114 oisl.
2582 5061 2764 5114 itidem
2810 5062 3086 5120 secundo;
3147 5069 3199 5110 et
3252 5060 3323 5111 ita
3377 5060 3507 5127 legit

1929 5130 2263 5192 Eustathius,
2316 5129 2470 5196 cujus
2500 5132 2615 5184 haec
2663 5142 2835 5185 sunt:
2891 5129 2958 5182 Et
3019 5128 3347 5183 considerate
3402 5146 3504 5198 quo

1932 5201 2055 5269 freti
2098 5200 2430 5269 documento,
2488 5202 2633 5254 rebus
2683 5198 3087 5254 euidentissimis
3134 5204 3503 5253 adversantur.

1932 5267 2221 5324 Editicum
2253 5267 2434 5337 Regiis
2470 5273 2628 5325 tertio
2686 5280 2741 5323 et
2796 5270 2987 5337 quinto
3041 5282 3272 5336 cumque
3332 5268 3500 5322 Coisl.

1932 5286 2221 5324 Lumcum
2253 5286 2329 5321 ne
2372 5286 2434 5322 us
2470 5286 2628 5325 tertio
2686 5286 2741 5323 et
2796 5286 2987 5337 quinto
3041 5286 3272 5336 cumque
3332 5286 3500 5322 LOIsl.

1931 5342 2109 5408 primo
2146 5338 2285 5409 πρὸς
2306 5286 2402 5409 egw
2460 5340 2761 5409 ἐνέργειαν.
2818 5339 2942 5392 Mox
3008 5339 3157 5409 multi
3212 5354 3340 5392 mss.
3389 5338 3505 5391 ἀλλ’

1930 5410 2073 5480 οὐχι.
2099 5408 2283 5480 Editio
2324 5408 2492 5480 Paris.
2521 5408 2657 5464 ἀλλά
2692 5410 2808 5480 οὺχ.
2854 5408 3093 5464 Subinde
3114 5410 3268 5464 Colb.
3304 5424 3503 5462 secun-

1931 5478 2030 5551 dus
2062 5478 2303 5551 τοῦτοτὸ
2331 5479 2548 5551 θερμόν.
2648 5550 2651 5551 ν
2849 5548 2873 5551 η
2949 5492 2952 5495 “

2001 5547 2247 5620 (δίλὸἰο
2300 5547 2483 5605 nostra
2528 5550 2696 5606 editio
2739 5548 2902 5603 Basil.
2936 5565 3059 5603 cum
3114 5558 3319 5617 septem
3370 5564 3500 5603 mss.

1929 5618 2108 5674 Editio
2137 5618 2310 5673 Paris.
2342 5622 2693 5689 μεταθεῖσαν.
2721 5621 2967 5673 Morellns
2984 5621 3115 5673 citat
3136 5620 3315 5672 nescio
3338 5635 3502 5687 quam

1925 5690 2213 5743 editionem
2249 5689 2414 5761 Ba_sil.
2455 5694 2504 5745 in
2542 5707 2649 5761 qua
2697 5692 2889 5760 legitur
2920 5690 3503 5761 μετατιθέντοςημωο-

1926 5775 2030 5823 que
2050 5761 2227 5813 subdit
2256 5777 2268 5811 :
2304 5758 2502 5813 Fanent
2526 5758 2599 5815 tot

2672 5758 2884 5829 igiiendi
2916 5758 3067 5813 Casus
3110 5765 3230 5813 mox
3257 5758 3501 5827 subjecti,

1941 5829 2217 5894 Ἀττικῶς.
2248 5829 2410 5899 Bene,
2445 5832 2537 5887 scd
2567 5829 2908 5901 refragantur
2940 5846 3069 5887 mss.
