4058 6454
521 374 592 431 75
1853 372 1909 425 S.
1954 369 2196 427 BASILII
2240 370 2455 428 MAGNI
3708 377 3777 430 76

515 493 639 547 dem
666 491 944 547 exsolvant
972 507 986 542 :
1029 504 1197 557 aquas
1226 502 1351 542 vero
1387 489 1528 542 infra
1561 489 1728 543 ctelos
1753 492 2090 555 constitutas,

2205 509 2376 545 ποντα
2404 488 2548 544 αἶνον
2576 492 2687 562 (44)
2710 492 3017 545 ἀποδιδόναι
3044 492 3121 561 τῷ
3147 491 3389 545 κτίσαντι
3414 509 3429 523 ο
3464 492 3531 547 τά
3556 493 3613 546 δὲ
3647 495 3777 547 ὑπο·

517 583 784 653 spiritales
828 580 1188 651 malignitales
1236 596 1370 644 esse,
1400 598 1429 634 a
1482 582 1713 635 naturali
1763 584 2090 637 sublimitate

2196 584 2347 637 κάτω
2383 582 2490 635 τῶν
2522 584 2765 654 οὐρανῶν
2805 584 2969 636 ὑδατα
3011 584 3080 636 τὰ
3123 584 3465 655 πνευματικά
3501 581 3642 637 εἶναι
3674 588 3777 656 τῆς

518 677 582 728 ad
620 676 782 727 imam
829 673 1121 741 nequitiam
1162 672 1407 741 delapsas
1440 691 1453 726 :
1487 688 1643 742 quas,
1677 681 1856 743 utpote
1906 675 2091 728 turbu—

516 762 687 816 lentas
753 761 1144 829 seditiosasque
1188 770 1241 815 et
1291 761 1578 815 aﬂ'ectuum
1636 764 1949 818 tumultibus
1995 780 2091 818 ex-

514 862 825 915 estuantes,
860 857 1053 906 docent
1084 854 1249 907 maris
1294 855 1509 907 nomine
1551 853 1717 908 fuisse
1750 865 1984 921 vocatas,
2019 858 2089 911 ob

513 954 754 1000 motuum
788 958 819 997 a
848 945 1136 999 'voluntate
1184 944 1640 1013 proﬁciscentium
1687 946 2087 1001 instabilitatem

514 1042 676 1102 atque
729 1034 1173 1089 inconstantiam.
1218 1032 1344 1087 Tale
1405 1049 1567 1104 porro
1607 1048 1885 1087 sermones
1930 1033 2088 1087 veluti

514 1125 845 1179 somniorum
886 1125 1358 1193 interpretationes
1388 1134 1445 1178 et
1488 1124 1659 1179 aniles
1702 1122 1914 1176 fabulas
1961 1123 2089 1191 reji-

514 1217 739 1277 cientes.
773 1230 971 1285 aquam
1003 1231 1195 1285 aquam
1242 1216 1623 1287 intelligamus,
1655 1225 1707 1270 et
1733 1215 2088 1269 secretionem

514 1323 543 1359 a
577 1307 915 1361 ﬁrmamento
962 1305 1160 1362 factam
1207 1307 1368 1374 juxta
1402 1308 1617 1361 allatam
1653 1308 1913 1361 rationem
1942 1307 2086 1360 acci-

513 1401 741 1469 piamus.
773 1399 968 1455 Verum
1011 1404 1222 1456 etiamsi
1266 1416 1417 1469 aquae
1453 1400 1557 1453 illa:
1585 1414 1742 1468 supra
1764 1400 1928 1454 cados
1959 1415 2090 1454 con-

512 1493 713 1545 stilum.
773 1508 1156 1562 nonnunquam
1208 1494 1275 1546 ad
1331 1493 1699 1551 universorum
1746 1506 2086 1545 communem

511 1584 795 1639 Dominum
829 1586 1154 1639 laudandum
1190 1585 1582 1650 adhibeantur;
1612 1598 1726 1636 non.
1767 1582 1969 1636 idcirco
1993 1596 2086 1636 eas

510 1682 759 1730 naturam
790 1676 1108 1730 rationalem
1135 1690 1255 1729 esse
1291 1684 1560 1743 putamus.
1578 1674 1764 1742 Neque
1795 1674 1937 1725 enim
1970 1674 2086 1726 ani-

509 1769 641 1821 mati
699 1778 824 1821 sunt
862 1766 1007 1831 cali,
1043 1783 1107 1822 eo
1150 1768 1291 1836 quod
1340 1766 1435 1820 Dei
1469 1775 1718 1819 enarrant
1760 1763 2079 1833 gloriam":

2193 674 2478 745 πονηρίας,
2523 676 2630 727 ἀπὸ
2654 674 2747 728 τοῦ
2782 676 2921 729 κατά
2952 676 3111 744 φύσιν
3152 674 3314 743 ὕψους
3345 678 3423 738 εἰς
3450 676 3511 728 τὸ
3538 677 3639 745 τῆς
3670 694 3777 729 κα-

2191 764 2313 826 κίας
2363 762 2520 832 βάθος
2565 765 2975 817 καταπεσόντα·
3012 764 3174 835 άπερ,
3216 764 3291 827 ὡς
3317 764 3602 835 ταραχώδη
3642 766 3779 817 ὄντα

2194 856 2289 907 καὶ
2320 855 2698 920 στασιαστικὰ,
2727 857 2821 909 καὶ
2842 858 2954 918 τοῖς
2971 854 3219 925 θορύϐοις
3235 855 3342 908 τῶν
3370 856 3555 909 παθῶν
3578 874 3779 926 κυμαι-

2190 946 2407 1014 νόμενα,
2448 944 2720 999 θάλασσαν
2760 946 3074 1016 ὠνομάσθαι
3130 945 3219 997 διὰ
3264 944 3324 998 τὸ
3366 946 3775 1016 εὑμετάϐλητον

2190 1037 2283 1089 καὶ
2312 1036 2545 1090 ἄστατον
2585 1037 2693 1089 τῶν
2734 1039 2873 1091 κατά
2915 1037 3231 1108 προαίρεσιν
3260 1039 3597 1106 κινημάτων.
3624 1041 3773 1103 Τοὺς

2186 1127 2250 1197 δὴ
2298 1125 2569 1189 τοιούτους
2611 1127 2803 1195 λόγους
2854 1127 2929 1190 ὡς
2974 1128 3266 1199 ὀνειράτων
3320 1129 3635 1197 συγκρίσεις
3677 1133 3776 1182 καὶ

2189 1216 2451 1288 γραώδεις
2480 1217 2682 1286 μύθους
2712 1218 3189 1287 ἀποπεμψάμενοι,
3220 1218 3278 1271 τὸ
3301 1217 3442 1288 ὓδωρ
3473 1218 3612 1290 ὕδωρ
3642 1222 3773 1289 νοή-

2192 1326 2392 1378 σωμεν,
2431 1310 2524 1361 καὶ
2556 1308 2653 1379 τὴν
2683 1310 2952 1379 διάκρισιν
2983 1309 3080 1380 τὴν
3116 1311 3218 1362 ὑπὸ
3259 1310 3352 1363 τοῦ
3390 1309 3774 1381 στερεὼματος

2188 1400 2480 1469 γενομένην
2496 1402 2636 1453 κατὰ
2656 1400 2755 1470 τὴν
2771 1400 3128 1453 ἀποδοθεῖσαν
3146 1401 3320 1454 αἰτίαν
3335 1400 3612 1470 δεξώμεθα
3629 1402 3743 1471 (45)
3755 1443 3770 1455 .

2188 1490 2297 1541 Καὶ
2351 1491 2552 1559 μέντοι,
2625 1492 2726 1545 κᾶν
2783 1493 2863 1555 είς
2913 1492 3220 1560 δοξολογίαν
3272 1494 3402 1546 ποτὲ
3438 1493 3535 1546 τοῦ,
3585 1492 3773 1546 κοινοῦ

2186 1580 2294 1632 τῶν
2320 1581 2456 1633 ὅλων
2485 1583 2751 1636 Δεσπότου
2781 1584 2848 1638 τά
2875 1586 3130 1656 ὑπεράνω
3171 1586 3278 1638 τῶν
3312 1586 3552 1657 οὐρανῶν
3582 1602 3772 1658 παρα-

2186 1670 2527 1741 λαμϐάνηται
2575 1671 2763 1733 ὑδατα,
2809 1674 2868 1725 οὐ
2924 1674 3147 1744 λογικὴν
3203 1674 3341 1727 αὐτά
3397 1674 3559 1743 φύσιν
3615 1674 3777 1744 παρὰ

2184 1762 2339 1814 τοῦτο
2363 1762 2641 1832 τιθέμεθα.
2671 1761 2807 1815 Οὑτε
2834 1765 2941 1835 γὰρ
2975 1766 3025 1816 οἱ
3058 1767 3277 1835 οὐρανοὶ
3327 1766 3579 1837 ἔμψυχοι,
3617 1769 3775 1820 ἐπει-

511 1876 685 1926 neque
724 1860 1124 1915 ﬁrmamentum
1162 1862 1364 1913 animal
1391 1868 1474 1912 est
1507 1874 1667 1912 sensu
1695 1857 1995 1925 prmditum.
2020 1872 2084 1910 eo

2194 1851 2245 1922 δὴ
2296 1851 2641 1920 lim-01')er
2690 1851 2882 1916 δόξαν
2943 1854 3122 1907 Θεοῦ·
3184 1855 3306 1907 οὔτε
3361 1857 3421 1908 τὸ
3480 1858 3773 1928 στερέωμα

509 1953 650 2019 quod
677 1951 827 2019 Opus
856 1970 1106 2006 manuum
1150 1954 1315 2019 ipsius
1359 1952 1636 2004 annuntiat
1654 1950 1721 2002 ⁸⁸.
1754 1950 1819 2003 Et
1863 1950 1906 2002 si
1948 1948 2088 2003 dicat

510 2046 633 2116 quis
658 2046 828 2102 calos
851 2046 1067 2114 quidem
1099 2059 1219 2099 esse
1244 2043 1686 2113 contemplativas
1713 2043 1957 2104 virtutes.
1992 2041 2085 2095 ﬁr-

510 2149 841 2191 mamentum
869 2152 997 2190 vero
1040 2146 1333 2206 potestates
1370 2147 1637 2198 ACllIOSIS,
1672 2145 1726 2189 ει
1753 2150 1940 2189 eorum
1968 2148 2087 2204 qua:

511 2233 702 2285 decent
737 2229 1083 2284 eﬂ’eCtrices:
1130 2230 1274 2283 hunc
1336 2244 1640 2283 sermonem
1698 2228 1912 2294 quidem
1969 2239 2088 2281 tan-

510 2336 667 2390 quam
693 2320 1232 2374 solerter-conlictum
1264 2318 1612 2385 suscipimus,
1633 2317 1726 2370 sed
1752 2331 1938 2368 verum
1968 2330 2087 2370 esse

511 2426 613 2465 non
641 2412 861 2466 omnino
894 2410 1264 2469 concedamus.
1291 2409 1383 2463 Sic
1405 2409 1548 2461 enim
1577 2415 1632 2460 et
1656 2421 1767 2469 ros,
1790 2415 1843 2461 et
1874 2406 2083 2474 pruina,

511 2514 563 2558 et
596 2504 787 2572 frigus,
813 2511 867 2556 et
898 2512 1088 2563 aestus,
1118 2513 1399 2571 propterea
1446 2500 1588 2570 quod
1620 2499 1757 2569 apud
1812 2498 2085 2552 Danielem

513 2598 733 2650 laudare
772 2596 1152 2649 universorum
1198 2592 1458 2663 Opiﬁcem
1494 2593 1647 2663 jussa
1699 2592 1897 2655 sint”,
1928 2598 2088 2646 erunt

513 2687 803 2756 spiritualis
832 2688 1073 2757 quaedam
1132 2698 1187 2741 et
1238 2687 1523 2742 invisibilis
1568 2696 1780 2741 natura.
1826 2685 1931 2740 Sed
1972 2685 2088 2740 inec

512 2778 761 2845 loquendi
812 2780 970 2842 ratio,
1003 2778 1047 2831 si
1084 2778 1135 2831 in
1190 2778 1295 2831 illis
1344 2775 1477 2830 locis
1518 2790 1546 2828 a
1581 2775 1863 2843 sagacibus
1931 2772 2087 2825 modo

513 2870 745 2939 spiritali
778 2870 1098 2939 accipiatur,
1128 2868 1407 2922 Creatoris
1432 2866 1796 2922 laudationem
1836 2863 2085 2932 complet.

513 2962 721 3017 Etenim
754 2977 860 3015 non
882 2960 1056 3017 solum
1085 2975 1221 3031 aqua
1254 2975 1411 3030 supra
1430 2958 1598 3016 oculos
1624 2958 1851 3027 reposita
1876 2956 1945 3022 ",
1969 2968 2080 3009 tan-

514 3070 672 3123 quam
702 3070 819 3123 quite
864 3055 1145 3124 pracipuis
1195 3054 1495 3109 honoribus
1526 3048 2001 3122 ob‘przestantiam
2033 3047 2086 3101 in

2187 1942 2322 2005 ζῶόν
2350 1948 2494 1996 ἐστιν
2527 1942 2864 2014 αίσθητικον,
2896 1944 3080 2014 ἐπειδὴ
3120 1946 3489 2014 Ἀναγγέλλει
3519 1950 3773 2014 ποίησιν

2185 2033 2304 2085 τῶν
2340 2033 2551 2103 χειρῶν
2585 2034 2790 2089 αὐτοῦ.
2828 2035 2948 2089 Κᾶν
2970 2035 3102 2108 λέγῃ
3134 2052 3217 2098 τις
3251 2035 3511 2106 οὐρανοὺς
3553 2037 3652 2106 μὲν
3687 2034 3770 2089 εἶ-

2185 2143 2271 2179 ναι
2292 2126 2388 2189 τὰς
2415 2126 2750 2198 θεωρητικὰς
2791 2127 3068 2198 δυνάμεις,
3101 2126 3389 2199 στερέωμα
3416 2127 3472 2181 δὲ
3497 2127 3596 2190 τὰς
3626 2144 3772 2198 πρα-

2184 2219 2374 2281 κτικὰς
2413 2219 2506 2271 καὶ
2548 2219 2835 2287 ποιητικὰς
2875 2212 2983 2272 τῶν
3029 2220 3399 2291 καθηκόντων,
3441 2219 3517 2283 ὡς
3564 2237 3773 2290 κεκομ-

2181 2310 2453 2381 ψευμένον
2485 2310 2585 2382 μὲν
2618 2311 2709 2363 τὸν
2735 2310 2889 2379 λόγον
2920 2312 3312 2383 ἀποδεχόμεθα,
3346 2311 3521 2382 ἀληθῆ
3544 2312 3601 2365 δὲ
3626 2308 3769 2366 εἶναι

2185 2404 2245 2454 οὐ
2301 2403 2442 2458 πάνυ
2490 2421 2542 2456 τι
2568 2403 2831 2474 δώσομεν.
2876 2402 3032 2456 Οὑτω
3059 2403 3167 2474 γάρ
3206 2404 3272 2457 ἂν
3303 2405 3397 2456 καὶ
3423 2404 3631 2473 δρόσος,
3673 2405 3771 2457 καὶ

2189 2494 2386 2562 πάχνη,
2424 2497 2515 2548 καὶ
2548 2496 2740 2566 ψῦχος,
2777 2497 2870 2548 καὶ
2910 2496 3117 2566 καῦμα,
3156 2495 3342 2566 ἐπειδὴ
3377 2496 3567 2566 ὑμνεῖν
3611 2496 3770 2565 παρά

2186 2584 2263 2655 τῷ
2289 2586 2484 2657 Δανιὴλ
2510 2588 2618 2657 (46)
2651 2588 2740 2641 τὸν
2773 2588 2882 2641 τῶν
2920 2587 3057 2640 ὅλων
3086 2588 3426 2660 Δημιουργὸν
3467 2588 3767 2658 ἐπετάχθη,

2186 2677 2349 2746 νοερά
2385 2693 2467 2738 τις
2505 2676 2657 2729 ἔσται
2696 2679 2786 2729 καὶ
2829 2678 3058 2748 ἀόρατος
3098 2679 3278 2745 φύσις.
3329 2679 3467 2731 Ἀλλ’
3501 2682 3529 2732 ὁ
3557 2681 3614 2733 ὲν
3644 2679 3770 2731 τού-

2184 2783 2299 2827 τοις
2332 2765 2508 2834 λόγος,
2540 2764 2692 2837 παρά
2736 2765 2844 2817 τῶν
2882 2765 3006 2818 νοῦν
3059 2766 3290 2835 ἐχόντων
3340 2768 3769 2839 τεθεωρημένως

2186 2858 2677 2929 ὲκλαμὸανόμενος,
2709 2857 3163 2928 συμπληρωτικός
3203 2858 3317 2909 ἐστι
3347 2858 3458 2928 (47)
3491 2860 3587 2928 τῆς
3616 2858 3769 2923 δοξο-

2186 2949 2373 3017 λογίας
2401 2948 2496 3001 τοῦ
2546 2948 2847 3011 κτίσαντος.
2899 2946 2975 3000 Οὐ
3022 2945 3183 3016 μόνον
3211 2944 3320 3015 γάρ
3350 2944 3412 2997 τὸ
3454 2946 3635 2999 ἐπάνω
3658 2947 3770 2999 τῶν

2187 3041 2429 3113 οὐρανῶν
2453 3041 2617 3115 ὕδωρ,
2655 3042 2730 3105 ὡς
2766 3042 3176 3113 προηγούμενον
3201 3042 3320 3103 ταῖς
3344 3041 3531 3109 τιμαῖς
3561 3038 3647 3091 διὰ
3670 3038 3771 3107 τὴν

514 3164 569 3202 se
594 3163 665 3202 ex
688 3132 887 3201 virtute
934 3147 1255 3201 insidentem
1290 3147 1697 3211 condecoretur,
1728 3145 1836 3199 Deo
1875 3139 2085 3197 laudem

2194 3132 2246 3200 ἐξ
2274 3134 2473 3206 ἀρετῆς
2498 3134 2804 3207 προσοῦσαν
2827 3135 2982 3205 αὐτῷ
3018 3134 3291 3205 ὑπεροχὴν
3321 3131 3399 3204 τῷ
3428 3130 3545 3202 Θεῷ
3570 3131 3661 3184 τὸν
3686 3127 3773 3183 αῖ-

515 3240 769 3306 persolvit
805 3256 819 3290 :
852 3239 944 3292 sed
987 3238 1171 3297 etiam.
1208 3237 1448 3290 Laudare
1490 3254 1627 3299 eum,
1664 3237 1856 3302 inquit,
1881 3243 1931 3287 et
1974 3247 2089 3301 quc

2194 3243 2281 3277 νον
2310 3226 2637 3297 ἀποπληροῖ,
2665 3226 2799 3289 ἀλλ’,
2836 3228 3060 3280 Αἰνεῖτε
3092 3226 3198 3298 γὰρ
3229 3228 3434 3290 αὐτὸν,
3471 3224 3624 3295 φησὶ.
3666 3223 3770 3276 καὶ

516 3345 581 3382 ea:
605 3333 747 3382 terra
775 3331 922 3394 estis,
947 3328 1200 3380 dracones
1233 3336 1281 3381 et
1317 3343 1492 3381 omnes
1527 3326 1700 3395 abyssi
1721 3326 1787 3376 ⁵⁷.
1829 3324 2005 3389 Quare
2037 3330 2091 3374 et

517 3420 742 3489 abyssus
764 3432 922 3488 quam
955 3420 1011 3472 in
1037 3418 1270 3487 peiorem
1288 3416 1395 3488 32
1418 3427 1623 3487 partem
1644 3417 1675 3469 ii
1700 3414 1791 3484 qui
1823 3413 2091 3484 allegoriis

517 3521 761 3573 utuntur,
798 3508 1119 3580 rejecerant,
1143 3524 1208 3562 ne
1235 3509 1349 3577 ipsa
1373 3509 1585 3578 quidem
1610 3507 1942 3561 Psalmorum
1969 3521 2091 3560 can-

518 3605 623 3658 tori
653 3604 767 3657 visa
791 3614 873 3655 est
900 3602 1249 3670 aspernabilis
1272 3612 1327 3655 et
1356 3601 1679 3671 reiectanea,
1708 3615 1832 3653 cum
1861 3599 1914 3652 in
1943 3612 2091 3652 com-

520 3710 734 3751 munem
781 3695 950 3749 ascita
992 3694 1059 3747 sit
1096 3695 1317 3748 chorum
1352 3701 1720 3745 creaturarum
1752 3707 1763 3741 :
1795 3692 1901 3744 imo
1929 3691 2089 3745 etiam

520 3789 613 3842 illa
646 3804 742 3857 pro
769 3788 938 3842 indito
983 3787 1085 3843 sibi
1123 3785 1282 3840 modo
1313 3782 1577 3840 concinne
1608 3782 1927 3853 hymnorum
1962 3798 2090 3837 ean-

520 3889 633 3933 tum
668 3881 901 3948 impertit
934 3879 1233 3935 Couditori.

592 3970 680 4025 10.
721 3971 785 4024 Et
815 3973 942 4025 uidit
968 3971 1129 4035 Deus,
1154 3971 1276 4040 quia
1303 3970 1582 4039 pulchrum
1601 3981 1675 4025 eu
1693 3970 1758 4023 ⁸⁸.
1788 3968 1967 4025 Oculis
2003 3966 2094 4023 Dei

521 4062 910 4131 jucunditatem
953 4078 1037 4117 res
1082 4065 1147 4116 ab
1194 4064 1309 4132 ipso
1362 4062 1521 4117 facta:
1574 4077 1911 4132 nequaquam
1963 4064 2092 4119 alic-

528 4166 689 4210 runt:
721 4171 893 4225 neque
938 4157 1058 4210 talis
1104 4167 1183 4211 est
1221 4157 1359 4226 apud
1409 4158 1582 4226 ipsum
1631 4171 1810 4209 rerum
1848 4158 2095 4223 pulchra-

527 4261 649 4300 rum
688 4244 1098 4307 commendatio,
1135 4246 1307 4313 qualis
1367 4244 1507 4314 apud
1552 4256 1647 4297 nos
1684 4258 1696 4293 :
1744 4241 1835 4296 sed
1888 4243 1941 4295 id
1984 4245 2095 4309 pul-

526 4340 718 4393 chrum
753 4349 865 4401 est,
897 4338 1037 4407 quod
1082 4338 1152 4392 ad
1201 4338 1331 4392 artis
1388 4337 1649 4391 rationem
1690 4333 1989 4403 perfectum
2044 4346 2096 4388 et

528 4433 830 4485 absolutum
890 4439 1004 4494 est,
1065 4440 1227 4500 atque
1278 4429 1350 4482 ad
1393 4430 1515 4483 linis
1560 4429 1847 4482 utilitatem
1902 4429 2093 4481 tendit.

2193 3317 2267 3370 τὰ
2314 3317 2382 3369 ἐκ
2411 3316 2520 3385 τῆς
2555 3315 2684 3386 γῆς,
2737 3318 3060 3386 δράκοντες
3106 3318 3203 3371 καὶ
3245 3317 3433 3373 πᾶσαι
3486 3316 3767 3371 ἄϐυσσοι.

2198 3408 2357 3461 Ὥστε
2404 3408 2498 3460 καὶ
2525 3410 2558 3477 ή
2612 3408 2864 3473 ἄϐυσσος,
2892 3411 2960 3479 ἢν
3009 3412 3089 3474 είς
3130 3411 3226 3481 τὴν
3251 3409 3468 3479 χείρονα
3494 3412 3688 3480 μοῖραν
3720 3409 3771 3462 οἱ

2197 3497 2618 3569 ἀλληγοροῦντες
2683 3500 3013 3571 ἀπέρριψαν,
3080 3501 3203 3555 οὐδὲ
3274 3500 3411 3571 αὐτὴ
3462 3500 3771 3566 ἀπόϐλητος

2196 3590 2385 3663 ἐκρίθη
2409 3588 2487 3660 τῷ
2523 3589 2795 3661 ψαλμῳδῴ
2822 3592 2955 3660 (48),
2974 3594 3052 3655 είς
3068 3593 3168 3662 τὴν
3196 3593 3382 3663 κοινὴν
3412 3594 3512 3664 τῆς
3538 3592 3771 3656 κτίσεως

2196 3682 2549 3755 χοροστασίαν
2606 3683 3051 3754 παραληφθεῖσαο
3113 3683 3248 3736 ἀλλά
3300 3686 3393 3738 καὶ
3448 3685 3583 3755 αὑτὴ
3629 3684 3774 3737 κατά

2197 3778 2321 3839 τοὺς
2358 3777 2761 3848 ἐνυπάρχοντας
2807 3775 2942 3845 αὐτῇ
2979 3773 3168 3843 λόγους
3206 3774 3480 3845 ἁρμονίως
3524 3774 3775 3845 συμπλη-

2200 3871 2283 3937 ροῖ
2314 3868 2409 3938 τὴν
2435 3868 2704 3938 ὑμνῳδίαν
2734 3868 2813 3938 τῷ
2847 3870 3064 3939 ποιητῇ.

2272 3958 2357 4012 10.
2384 3960 2493 4012 Καὶ
2524 3956 2684 4013 εἶδεν
2743 3963 2774 4013 ό
2806 3960 2970 4026 Θεὸς,
3002 3960 3091 4013 ὅτι
3137 3960 3349 4013 καλόν.
3399 3958 3531 4029 Οὐχὶ
3573 3957 3777 4027 ὀφθαλ-

2203 4053 2322 4120 μοῖς
2345 4050 2480 4103 Θεοῦ
2515 4052 2701 4122 τέρψιν
2742 4052 2971 4121 παρέχει
3008 4052 3074 4103 τὰ
3117 4052 3244 4122 παρ’
3294 4049 3459 4104 αὑτοῦ
3489 4050 3773 4121 γινόμενα,

2200 4143 2317 4195 οὐδὲ
2347 4144 2567 4210 τοιαύτη
2613 4146 2738 4211 παρ’
2772 4127 2920 4209 αὑτῴ
2949 4145 2981 4210 ὴ
3026 4143 3258 4211 ἀποδοχὴ
3300 4142 3406 4193 τῶν
3450 4141 3650 4204 καλῶν,
3688 4142 3779 4193 οἵα

2203 4234 2297 4288 καὶ
2329 4233 2457 4302 παρ’
2487 4235 2619 4301 ἡμῖν
2640 4249 2652 4261 ’
2693 4231 2825 4283 ἀλλὰ
2875 4232 3139 4283 καλὸνητὸ
3171 4232 3250 4299 τῷ
3286 4231 3430 4301 λόγῳ
3454 4232 3561 4301 τῆς·
3581 4232 3781 4302 τέχνης

2203 4324 2540 4388 ὲκτελεσθὲν,
2599 4325 2867 4397 καὶπρὸς
2918 4325 3014 4397 τὴν
3071 4324 3164 4377 τοῦ
3213 4322 3400 4387 τέλους
3450 4324 3779 4395 εὐχρηστίαν

2206 4425 2491 4476 συντεῖνον.
2558 4422 2614 4475 Ὀ
2666 4422 2842 4475 τοίνυν
2892 4421 3097 4492 ἐναργῆ
3134 4420 3242 4491 (49)
3288 4419 3380 4472 τὸν
3424 4419 3623 4471 σκοπὸν
3668 4418 3778 4471 τῶν

528 4522 629 4586 Qui
684 4522 844 4592 igitur
882 4522 1223 4576 manifestum
1256 4535 1441 4575 eorum
1480 4536 1600 4589 qua:
1634 4521 1767 4575 ﬁunt
1805 4521 1964 4575 linem
1997 4521 2090 4574 sibi

2205 4514 2497 4584 γινομένων
2529 4515 2878 4586 προθέμενος,
2926 4514 2992 4565 τὰ
3024 4514 3163 4567 κατά
3211 4514 3373 4583 μέρος
3413 4512 3669 4581 γινόμενα
3702 4512 3779 4573 ὡς

528 4614 829 4681 proposuit,
883 4629 967 4668 res
1016 4614 1255 4684 singulas
1312 4612 1399 4666 uti
1449 4614 1607 4666 ﬁnem
1662 4614 1991 4680 complentes
2038 4612 2103 4663 ad

533 4707 673 4761 artis
710 4721 820 4759 suae
849 4708 1084 4761 rationes
1120 4720 1538 4776 recognoscens,
1570 4706 1961 4773 comprobavit.
1995 4703 2106 4774 Et-

2212 4608 2642 4680 συμπληρωτικὰ
2693 4608 2786 4661 τοὺ
2849 4609 3034 4668 τέλους
3092 4609 3205 4668 τοῖς
3267 4609 3532 4675 τεχνικοῖς
3585 4604 3780 4655 ἑαυτοῦ

2209 4699 2378 4769 λόγοις
2406 4703 2644 4755 ἐπελθὼν
2676 4702 2788 4771 (50)
2828 4700 3142 4764 ἀπεδέξατο.
3177 4703 3329 4754 Ἐπεὶ
3366 4701 3459 4753 καὶ
3505 4699 3626 4769 χεὶρ
3655 4700 3780 4752 καθ’

530 4799 677 4853 enim
712 4798 761 4852 si
810 4813 1001 4852 manus
1029 4813 1293 4867 seorsum,
1329 4808 1422 4853 aut
1465 4797 1654 4852 oculus
1682 4800 1953 4867 privatim,
2013 4808 2090 4850 aut

2212 4795 2426 4866 ἑαυτὴν,
2476 4798 2570 4849 καὶ
2622 4795 2898 4867 ὀφθαλμὸς
2949 4795 3072 4865 ἰδίᾳ,
3110 4795 3203 4847 καὶ
3258 4793 3485 4844 ἕκαστον
3537 4792 3645 4844 τῶν
3684 4792 3777 4844 τοὺ

622 4976 669 5007 ⁸³
698 4975 839 5030 Psal.
868 4991 1021 5041 xvm,
1053 4976 1108 5029 2.
1183 4976 1229 5009 “
1276 4975 1413 5031 ibid.
1486 4975 1535 5007 ⁸⁵
1564 4973 1696 5027 Dan.
1730 4990 1812 5040 ut,
1841 4975 1929 5037 67,
1953 4972 2042 5029 68.
2118 4976 2163 5008 "
2197 4974 2338 5030 Psal.
2373 4990 2598 5040 cxsvm,
2624 4974 2677 5028 4.
2753 4975 2797 5005 ⁵⁷
2832 4974 2959 5029 ibid.
2992 4973 3047 5025 7.
3122 4973 3166 5004 ⁸³
3207 4972 3341 5025 Gen.
3370 4988 3406 5037 t,
3432 4973 3514 5026 lo.

609 5157 723 5227 (44)
752 5157 829 5211 lta
868 5170 999 5210 mss.
1034 5162 1175 5207 octo.
1212 5152 1662 5227 Editisrpértov‘rq.
1688 5152 1876 5227 ὕμνον.

610 5228 721 5295 (ιὸ)
775 5228 907 5289 Reg.
962 5240 1036 5278 se:

540 5297 720 5350 αἰτίαν
754 5294 1036 5364 δεξόμεθα.

611 5368 735 5437 (46)
759 5362 890 5437 Reg.
934 5376 1119 5437 sestus
1150 5363 1300 5435 παρὰ
1328 5362 1421 5415 τοὺ
1451 5369 1574 5419 Δαν.
1604 5363 1794 5418 Statim
1832 5366 1963 5435 Reg.
1998 5366 2108 5437 pri-

542 5452 662 5491 mus
684 5436 790 5487 τῶν
824 5436 959 5489 ὅλων
987 5435 1120 5487 Θεὸν
1158 5437 1310 5487 ὲπετ.

2284 5155 2395 5224 (ιὸ)
2427 5154 2515 5207 Sic
2546 5154 2913 5224 codices‘sex.
2951 5151 3091 5205 Editi
3136 5166 3259 5206 cum
3312 5152 3525 5205 duobus
3554 5157 3646 5201 aut
3674 5151 3775 5203 tri-

775 5228 907 5295 Reg.
962 5235 1146 5278 sextus
1188 5222 1476 5295 γινομένην
1528 5224 1670 5277 κατά
1722 5222 1819 5294 τὴν
1862 5224 2090 5279 δοθεῖσαι

2211 5222 2313 5280 bus
2336 5222 2461 5295 mss.
2484 5225 2632 5293 παρά
2656 5224 2733 5294 τῷ
2760 5222 2932 5295 ψαλμ.

2285 5296 2396 5363 (49)
2428 5293 2501 5346 lla
2528 5287 2750 5361 uterque
2775 5287 2953 5355 ‘Du'c.,
2986 5300 3215 5359 uterque
3248 5288 3440 5350 Coisl..
3475 5287 3780 5363 RegiiApri-

2221 5358 2603 5426 nnis,'tertius,
2639 5358 2882 5432 quintus.
2911 5374 3098 5415 sextus
3131 5358 3185 5417 et
3215 5358 3777 5432 octavus»,_cnm_Col_b.

2218 5434 2477 5489 secundo.
2508 5432 2615 5487 Nec
2656 5429 2814 5487 aliter
2848 5434 2976 5500 legit
3006 5434 3337 5500 Eustathius.
3376 5430 3553 5481 Editio
3602 5429 3774 5482 Paris.

614 5506 727 5574 (47)
753 5506 871 5576 Duo
903 5522 1034 5576 mss.
1068 5520 1098 5557 e
1126 5506 1323 5576 nostris
1355 5521 1475 5558 cum
1503 5505 1747 5560 Comhef.
1775 5504 2090 5576 συμπληρω

2213 5506 2269 5557 ὲν
2318 5505 2480 5573 ἀρχῇ,
2540 5507 2597 5557 in
2646 5498 2925 5573 principio.
2982 5502 3164 5555 Editio
3231 5498 3393 5554 Basil.
3456 5514 3562 5553 uno
3616 5500 3783 5551 verbo

544 5547 910 5638 tn‘t’);léd‘tlt.
958 5575 1064 5627 Nec
1125 5575 1193 5625 ita
1253 5576 1420 5629 multo
1471 5587 1589 5642 post
1623 5577 1749 5628 editi
1796 5547 1917 5631 εις-ιιι
1970 5547 2101 5642 kreg.

542 5658 733 5701 Octavo
777 5657 830 5699 et
871 5662 991 5697 cum
1025 5655 1273 5718 utroque
1304 5646 1470 5718 Coisl.
1525 5645 1949 5718 προηγούμενον.
2005 5649 2104 5699 Alii

537 5726 661 5770 .tres
688 5733 813 5770 mss.
843 5714 1205 5785 προηγμένον.
1255 5716 1403 5771 Colb.
1451 5714 1721 5773 secundus
1763 5718 2106 5788 προηγουμέ-

547 5801 672 5848 νως.

2214 5576 2557 5713 ὲνῗὲὄῖἱίὶεπ.
2587 5654 2771 5698 sextus
2800 5638 3451 5716 ὲπανλελθώνηΑΙίηυεριο
3474 5646 3612 5716 post
3650 5636 3776 5716 editi

2217 5710 2336 5767 cum
2382 5710 2659 5782 aliquibus
2730 5729 2858 5766 mss.
2925 5710 3288 5781 διῃρημένως.
3356 5710 3506 5779 Regii
3563 5710 3779 5771 tertius,

2217 5786 2434 5853 quintus
2460 5796 2511 5839 et
2543 5794 2730 5839 sextus
2754 5782 3175 5853 διερριμμένως,
3213 5782 3467 5851 Ῑονικὶιο.ι
