4058 6442
307 405 375 456 77
1436 395 1725 450 HOMILIA
1764 391 1832 446 tv
1874 389 1942 445 IN
1983 389 2474 445 HEXAEMERON.
3495 371 3563 428 78

308 523 623 593 ἀνδριάντος
676 519 850 589 μελῶν
893 520 1235 590 διῃρημένως
1269 516 1517 584 κείμενα,
1550 517 1649 567 οὐκ
1680 516 1744 568 ἂν
1785 529 1889 580 φα-

2002 511 2412 577 nnumqnodque
2436 519 2624 561 statuae
2661 502 2960 558 membrum
3012 493 3302 564 separatim
3331 489 3559 559 iaceret,

954 565 1050 590 ΗΓἹ

309 616 426 687 vain
465 616 601 670 καλά
642 613 720 682 τῷ
773 613 1013 683 τυχόντι·
1055 611 1206 681 πρδς-
1243 609 1299 661 δὲ
1344 607 1442 678 τὴν
1486 607 1689 659 οἰκείαν
1731 606 1884 670 τάξιν

308 708 668 767 ἀποτεθέντα,
695 704 754 756 τὸ
784 707 848 758 ὲκ
875 707 973 776 τῆς
1000 701 1312 768 ἀναλογίας,
1350 699 1588 768 ἐμφανὲς
1635 697 1744 766 (δι)
1792 697 1885 767 μό-

308 801 394 863 λις
433 798 593 857 ποτὲ,
642 797 735 848 καὶ
779 797 857 867 τῷ
904 794 1085 864 ἰδιώτῃ
1136 793 1436 863 παρέχεται
1464 789 1757 858 γνώριμον.
1825 791 1883 840 Ὀ

315 892 498 961 μέντοι
531 887 780 957 τεχνίτης
805 889 897 941 καὶ⁸
925 883 1031 954 πρὸ
1060 884 1156 952 τῆς
1188 883 1487 942 συνθέσεως
1524 875 1629 931 οἶδε
1668 878 1727 929 τὸ
1760 879 1886 931 ἐκά-

314 999 439 1036 στου
487 980 666 1044 καλὸν,
701 981 795 1033 καὶ
841 979 1052 1031 ἐπαινεῖ
1094 975 1161 1028 τὰ
1201 975 1319 1029 καθ’
1351 975 1598 1035 ἕκαστον,
1651 972 1785 1040 πρὸς
1824 971 1886 1023 τὸ

309 1077 464 1136 τέλος
497 1073 676 1125 αὐτῶν
728 1070 1090 1139 ἐπαναφέρων
1123 1069 1221 1139 τὴν
1251 1069 1476 1119 ἔννοιαν.
1514 1063 1764 1125 Τοιοῦτος
1794 1061 1886 1117 οὖν

313 1169 376 1236 δή
412 1183 493 1227 τις
529 1164 620 1217 καὶ
663 1164 757 1218 νῦν
804 1165 1049 1231 ἔντεχνος
1093 1160 1380 1226 ἐπαινέτης
1412 1157 1521 1210 τῶν
1553 1156 1693 1210 κατὰ
1727 1156 1887 1226 μέρος

315 1260 489 1330 ἔργων
536 1259 563 1309 ὁ
601 1257 730 1321 Θεὸς
771 1255 1214 1324 ἀναγέγραπται·
1255 1250 1436 1322 μέλλει
1483 1251 1539 1304 δὲ
1586 1250 1678 1302 τὸν
1723 1266 1888 1319 προσ-

315 1350 517 1418 ήκοντα
547 1346 655 1419 (52)
688 1348 905 1400 ἔπαινον
931 1346 1022 1397 καὶ
1054 1346 1213 1398 παντὶ
1238 1341 1372 1412 ὁμοῦ
1396 1342 1472 1413 τῷ
1505 1343 1694 1411 κόσμῳ
1721 1340 1889 1411 ἀπαρ-

313 1439 550 1491 τισθέντι
586 1437 845 1508 πληροῦν.
891 1436 1050 1489 Ἀλλὰ
1086 1435 1195 1505 γὰρ
1243 1431 1477 1486 ἐνταῦθα
1508 1434 1638 1501 ἡμῖν
1671 1431 1720 1482 οἱ
1761 1430 1889 1498 περὶ

312 1531 412 1598 τῆς
455 1529 711 1596 δευτέρας
751 1528 963 1600 ἡμέρας
1015 1523 1472 1594 καταληξάτωσαν
1522 1524 1700 1591 λόγοι,
1749 1520 1888 1572 ὥστε

314 1624 428 1682 τοῖς
454 1621 549 1689 μὲν
576 1617 882 1686 φιλοπόνοις
915 1602 1211 1688 ἀκροαταῖς
1242 1617 1428 1688 καιρὸν
1461 1616 1760 1684 παρασχεῖν
1788 1612 1889 1681 τῆς

312 1703 389 1764 ὧν
418 1711 655 1781 ἤκουσαν
700 1710 998 1775 ἐξετάσεως
1019 1747 1032 1768 ,
1064 1707 1202 1759 ὥστε
1246 1705 1299 1758 εἴ
1323 1725 1375 1759 τι
1409 1709 1676 1777 χρήσιμον
1703 1703 1758 1754 ἐν
1793 1702 1890 1754 αὑ-

313 1803 442 1863 τοῖς,
476 1801 631 1854 τοῦτο
649 1804 714 1872 τῇ
751 1803 937 1871 μνήμῃ
972 1800 1189 1867 συσχεῖν
1222 1797 1353 1867 (55),
1385 1799 1478 1850 καὶ
1504 1795 1590 1847 διὰ
1610 1796 1706 1864 τῆς
1737 1794 1888 1863 φιλο-

1995 605 2108 659 hinc
2152 603 2337 669 utique
2376 613 2483 651 non
2511 599 2678 651 cuivis
2721 591 2951 664 pulchra
2977 587 3323 640 viderentur:
3358 580 3403 634 si
3435 595 3564 634 vero

1993 700 2045 753 in
2103 697 2372 768 proprium
2423 693 2594 747 locum
2659 706 2721 743 ac
2760 688 3002 741 ordinem
3056 687 3401 747 reponantur,
3451 683 3565 726 tum

1993 765 2334 858 pulchritudo
2367 798 2432 839 ex
2464 781 2806 853 proportione
2822 788 3123 846 emergens,
3143 784 3261 839 quae
3294 768 3452 821 modo
3473 765 3565 817 vix

1995 884 2046 936 in
2075 887 2422 948 conspectum
2455 874 2727 935 veniebat,
2757 869 2870 937 jam
2910 870 2993 922 vel
3013 864 3187 922 cuivis
3226 860 3340 914 rudi
3373 868 3427 912 et
3469 858 3567 908 im-

1995 973 2170 1042 perito
2198 967 2480 1022 manifesta
2537 963 2734 1019 evadit.
2769 960 2964 1013 Verum
3014 957 3207 1009 artifex
3267 958 3392 1003 ante
3427 962 3570 1001 com-

1994 1039 2284 1117 missuram
2310 1057 2459 1110 novit
2484 1056 2748 1125 cujusque
2774 1049 2940 1118 partis
2962 1044 3434 1115 pulchritudinem,
3453 1039 3564 1090 lau—

1996 1155 2195 1220 datque
2219 1148 2451 1218 singula,
2472 1156 2655 1215 utpote
2686 1142 2776 1212 qui
2821 1140 2887 1192 ad
2915 1151 3102 1193 eorum
3138 1136 3296 1187 ﬁnem
3322 1133 3569 1187 animum

1997 1244 2256 1300 intendat.
2297 1241 2438 1294 Deus
2464 1240 2645 1306 itaque
2693 1243 2748 1290 et
2780 1245 2921 1286 nunc
2975 1226 3275 1297 depingitur
3320 1240 3416 1277 ceu
3447 1223 3569 1277 talis

1996 1336 2260 1407 quispiam
2311 1329 2526 1394 artifex,
2585 1328 2676 1397 qui
2733 1339 2897 1395 opera
2949 1320 3158 1388 singula
3220 1318 3429 1379 laudat,
3461 1317 3568 1370 imo

1994 1405 2154 1486 etiam
2192 1425 2283 1478 toti
2317 1421 2470 1477 simul
2507 1421 2703 1474 mundo
2734 1417 2977 1470 absoluto
3001 1423 3293 1480 congruam
3353 1405 3566 1458 laudem

1997 1535 2100 1574 non
2157 1513 2366 1568 dubitat
2399 1511 2658 1564 tribuere.
2720 1505 2985 1558 Caeterum
3043 1499 3210 1555 nostri
3241 1497 3305 1551 de
3335 1495 3570 1550 secunda

1996 1613 2081 1666 die
2100 1619 2376 1665 sermones
2409 1603 2494 1656 hic
2542 1600 2812 1661 desinant,
2852 1609 2958 1664 quo
3009 1592 3267 1646 studiosis
3307 1587 3572 1643 auditori-

1996 1704 2093 1756 bus
2123 1695 2383 1767 temporis
2412 1691 2784 1762 opportunitas
2835 1686 3136 1756 praebeatur
3179 1698 3239 1735 ea
3271 1696 3390 1749 quae
3414 1677 3570 1732 audi-

1997 1803 2184 1846 verunt
2212 1783 2570 1858 expendendi,
2613 1791 2670 1834 ut
2705 1781 2746 1833 si
2778 1778 2904 1847 quid
2930 1774 3058 1829 utile
3090 1774 3141 1827 in
3177 1772 3303 1840 ipsis
3351 1772 3441 1833 sit,
3473 1769 3571 1821 idi-

316 1893 478 1944 πόνου
511 1892 757 1962 μελέτης,
791 1885 902 1943 οἷον
933 1889 1020 1942 διά
1046 1907 1188 1952 τινος
1218 1889 1450 1959 πέψεως,
1478 1887 1575 1956 τὴν
1606 1886 1714 1939 τῶν
1744 1885 1885 1953 ὠφε-

2010 1900 2161 1954 psum
2186 1880 2440 1935 memoria
2473 1881 2812 1937 conservent,
2843 1885 2906 1923 ac
2946 1883 3041 1937 per
3074 1863 3311 1920 sedulam
3349 1861 3572 1913 medita-

314 1982 486 2052 λίμων
543 1983 791 2035 ἀνάδοσιν
843 1982 1148 2052 ἀναμεῖναι·
1205 1985 1316 2044 τοῖς
1365 1982 1421 2032 δὲ
1471 1978 1599 2048 περὶ
1653 1979 1742 2030 τὸν
1777 1977 1886 2047 βίον

318 2072 739 2142 ἀσχολουμένοις
769 2071 950 2124 δοῦναι
989 2072 1184 2142 σχολὴν
1230 2071 1317 2123 διὰ
1349 2069 1441 2122 τοῦ
1493 2067 1656 2138 μέσου
1696 2067 1886 2138 χρόνου

315 2161 414 2223 τὰς
438 2161 720 2232 φροντίδας
750 2160 1087 2232 διαθεμένοις
1119 2159 1253 2229 (54).
1287 2159 1499 2229 καθαρᾷ
1523 2157 1799 2229 μεριμνῶν
1823 2161 1886 2229 τῇ

317 2252 460 2323 ψυχῇ
485 2253 620 2323 πρὸς
645 2252 746 2325 τὴν
781 2251 1072 2322 έσπερινὴν
1105 2250 1213 2302 τῶν
1242 2250 1416 2317 λόγων
1453 2249 1692 2301 ἑστίασιν
1720 2250 1890 2303 ἀπαν-

317 2345 501 2414 τῆσαι.
552 2345 608 2399 '0
639 2346 784 2398 δὲτὰ
823 2343 1032 2414 μεγάλα
1071 2343 1483 2413 δημιουργήσας
1511 2341 1664 2404 Θεὸς,
1701 2344 1793 2394 καί
1824 2342 1891 2395 τὰ

321 2437 491 2507 μικρά
513 2436 681 2488 ταῦτα
713 2434 963 2505 λεχθῆναι
989 2433 1372 2503 οἰκονομήσας,
1389 2430 1497 2502 δῴη
1527 2432 1654 2502 ὑμῖν
1679 2433 1891 2484 σύνεσιν

321 2528 377 2577 ὲν
404 2527 564 2578 παντὶ
595 2528 693 2595 τῆς
718 2523 913 2578 ἑαυτοῦ
956 2523 1234 2593 ἀληθείας,
1263 2523 1328 2574 ἵν’
1370 2524 1433 2574 ὲκ
1463 2522 1569 2574 τῶν
1600 2521 1892 2592 ὁρωμένων

321 2616 411 2668 τὸν
435 2617 661 2685 ἀόρατον
702 2618 936 2684 ὲννοῆτε,
975 2617 1069 2666 καὶ
1112 2618 1173 2668 ὲκ
1207 2613 1464 2683 μεγέθους
1502 2615 1596 2666 καὶ
1631 2613 1893 2682 καλλονῆς

323 2707 429 2759 τῶν
471 2707 780 2777 κτισμάτων
819 2708 917 2776 τὴν
962 2707 1277 2777 πρέπουσαν
1316 2705 1473 2770 δόξαν
1502 2705 1750 2776 περὶτοῦ
1783 2705 1896 2757 κτί-

327 2817 515 2864 σαντος
549 2802 694 2871 ἡμᾶς
727 2799 1141 2870 ἁναλαμΰάνητε
1189 2798 1320 2869 (55).
1385 2798 1460 2851 Τὰ
1516 2797 1626 2867 γὰρ
1676 2797 1898 2864 ἀόρατα

324 2895 509 2949 αὐτοῦ
544 2895 661 2949 ἀπὸ
694 2895 945 2962 κτίσεως
981 2894 1214 2963 κόσμου
1254 2893 1378 2960 τοῖς
1400 2891 1693 2961 ποιήμασι
1720 2894 1897 2945 7-0025:-

322 3003 476 3053 μεν-α
503 2985 840 3052 καθορᾶται,
885 2986 923 3053 ἢ
976 3004 1038 3038 τε
1081 2985 1271 3050 αΐδιος
1294 2985 1480 3038 αὐτοῦ
1509 2985 1760 3054 δύναμις
1801 2984 1898 3037 καὶ

325 3078 576 3143 θειότης
607 3077 746 3128 ὥστε
773 3078 866 3128 καὶ
896 3079 952 3128 ὲν
971 3079 1065 3146 γῇ,
1092 3077 1186 3128 καὶ
1214 3078 1268 3128 ἐν
1293 3077 1434 3146 ἀέρι,
1460 3077 1553 3129 καὶ
1584 3079 1639 3128 ἐν
1663 3075 1896 3145 οὐρανῷ,

328 3167 420 3219 καὶ
453 3169 508 3219 ἐν
528 3165 700 3228 ὕδατι,
721 3165 816 3217 καὶ
849 3167 904 3216 ἐν
930 3165 1104 3226 νυκτὶ,
1135 3163 1228 3216 καὶ
1254 3164 1310 3215 ὲν
1332 3163 1535 3233 ἡμέρᾳ,
1568 3163 1661 3214 καὶ
1684 3164 1739 3212 ἐν
1769 3165 1899 3214 πᾶσι

325 3261 437 3321 τοῖς
472 3258 767 3330 ὁρωμένοις
794 3257 995 3328 ἐναργῆ
1038 3246 1333 3326 λαμϐάνειν
1382 3255 1527 3324 ἡμᾶς
1558 3253 1652 3305 τοῦ
1682 3251 1900 3322 εὐεργέ-

327 3369 417 3406 του
444 3351 512 3404 τὰ
536 3352 898 3421 ὑπομνήματα
927 3349 1059 3418 (56ὶ.
1090 3347 1223 3402 Οὒτε
1252 3347 1360 3418 γὰρ
1390 3344 1686 3416 ἁμαρτίαις
1710 3345 1900 3414 καιρόν

325 3463 448 3498 τινα
473 3445 735 3515 δώσομεν,
767 3442 889 3496 οὔτε
925 3442 1002 3512 τῷ
1025 3442 1202 3513 ἐχθρῷ
1226 3441 1388 3493 τόπον
1421 3443 1477 3493 ἐν
1511 3442 1628 3502 ταῖς
1655 3438 1903 3510 καρδίαις

326 3538 486 3608 ἡμῶν
520 3536 937 3606 καταλείψομεν,
973 3534 1061 3587 διὰ
1092 3536 1190 3605 τῆς
1228 3531 1482 3602 συνεχοῦς
1525 3533 1742 3603 μνήμης
1769 3531 1906 3584 ἔνοι-

330 3646 425 3681 κον
458 3627 666 3697 ἔχοντες
716 3628 926 3679 ἑαυτῶν
957 3627 1067 3696 (57)
1094 3627 1185 3679 τὸν
1214 3625 1372 3678 Θεόν·
1406 3619 1449 3692 ᾧ
1477 3626 1624 3676 πᾶσα
1649 3622 1774 3687 δόξα
1808 3623 1903 3676 καὶ

330 3717 698 3789 προσκύνησις
731 3717 823 3770 νῦν
857 3717 950 3770 καὶ
998 3717 1104 3780 ἀεὶ,
1149 3728 1244 3770 και
1272 3711 1508 3779 εἱς“τοὺς
1554 3715 1753 3777 αἰῶνας
1793 3714 1900 3766 τῶν

331 3827 365 3862 α
375 3809 551 3862 ἱώνων.
606 3810 663 3861 Ἀ
671 3810 796 3880 μήν.

348 3920 408 3933 ~-

956 3978 1195 4031 ΟΜΙΛΙΑ
1221 3979 1291 4029 Δ’.

572 4070 707 4137 Περὶ
733 4066 1090 4138 συναγωγῆς
1119 4066 1234 4120 τῶν
1264 4065 1495 4120 ὑδάτων
1525 4065 1658 4133 (ἥ8).

409 4165 459 4217 1.
497 4164 615 4216 Εἰσί
649 4179 790 4225 τινες
820 4161 1002 4223 πόλεις
1032 4161 1393 4221 παντοδαποῖς
1423 4159 1659 4228 θεάμασι
1693 4158 1903 4227 θαυμα-

332 4254 565 4307 τοποιῶν
611 4253 717 4305 ἀπὸ
766 4251 954 4321 βαθέος
996 4251 1192 4321 ὄρθρου
1245 4251 1436 4320 μέχρις
1467 4250 1704 4318 ἑσπέρας
1734 4250 1904 4317 αὐτῆς

334 4347 590 4400 ἑστιῶσαι
618 4346 715 4408 τὰς
737 4345 910 4414 ὄψεις.
938 4346 1048 4396 Καὶ
1078 4343 1256 4413 μέντοι
1284 4343 1378 4394 καὶ
1412 4342 1587 4411 μελῶν
1609 4358 1768 4392 τινων
1798 4341 1904 4408 (59)

337 4437 720 4509 κεκλασμένων
733 4438 827 4489 καὶ
851 4434 1259 4505 διεφθαρμένων
1278 4435 1370 4486 καὶ
1385 4433 1697 4486 παντάπασι
1714 4432 1909 4502 πολλὴν

1991 1979 2188 2031 tionem
2226 1972 2366 2024 velut
2401 1985 2494 2038 per
2528 1963 2819 2036 quamdam
2867 1961 3189 2021 coetionem,
3241 1968 3425 2009 eorum
3455 1967 3573 2021 qua:

1994 2066 2146 2120 utilia
2213 2069 2338 2116 sunt
2377 2067 2691 2126 exspectent
2744 2052 3148 2124 digestionem:
3197 2057 3362 2116 utque
3416 2043 3574 2104 detur

1989 2161 2159 2215 Otium
2195 2155 2278 2209 his
2309 2153 2400 2221 qui
2430 2151 2570 2204 victu
2603 2145 2966 2218 comparando
3010 2151 3366 2210 occupantur,
3397 2149 3452 2191 ut
3489 2139 3572 2194 iu-

1993 2249 2256 2306 termedio
2286 2258 2528 2313 tempore
2577 2241 2783 2307 negotia
2818 2239 3188 2307 disponentes,
3223 2230 3404 2283 anima
3428 2229 3574 2282 curis

1991 2349 2212 2411 purgata
2244 2340 2310 2393 ad
2351 2334 2690 2404 vespertinas
2719 2345 3025 2385 sermonum
3051 2327 3238 2397 epulas
3262 2332 3552 2378 occurrant

1995 2428 2135 2480 Deus
2189 2434 2368 2478 autem
2425 2421 2518 2489 qui
2579 2428 2726 2473 tanta
2764 2417 2960 2480 eli‘ecit,
3008 2427 3058 2468 et
3111 2430 3214 2483 quo
3258 2413 3574 2480 disponente

1995 2533 2162 2590 pauca
2191 2519 2304 2570 haec
2334 2513 2472 2567 dicta
2500 2521 2650 2575 sunt,
2702 2511 2900 2563 tribuat
2928 2507 3077 2560 vobis
3110 2505 3160 2557 in
3190 2504 3439 2558 omnibus
3466 2515 3574 2554 suae

1997 2608 2240 2664 veritatis
2281 2602 2713 2672 intelligentiam,
2768 2607 2827 2652 ut
2860 2610 2956 2666 per
2986 2594 3220 2650 visibilia
3246 2591 3572 2646 invisibilem

1996 2699 2357 2770 cognoscatis,
2390 2706 2554 2764 atque
2587 2709 2654 2748 ex
2700 2689 3070 2760 magnitudine
3097 2703 3159 2742 ac
3180 2686 3576 2756 pulchritudine

1997 2801 2364 2846 creaturarum
2379 2789 2656 2842 decentem
2674 2784 2738 2838 de
2754 2781 3044 2837 Conditore
3073 2790 3255 2836 nostro
3269 2779 3574 2848 opinionem

1999 2887 2338 2956 concipiatis.
2366 2884 2659 2938 Invisibilia
2694 2881 2830 2935 enim
2871 2880 3030 2949 ipsius
3055 2895 3087 2930 a
3111 2886 3352 2930 creatura
3370 2876 3574 2937 mundi,

1998 2995 2090 3048 per
2125 2994 2186 3031 ea
2224 2992 2341 3046 qua:
2380 2975 2519 3044 facta
2549 2972 2975 3039 sunt,inlel(ecta
2993 2969 3418 3036 conspiciuntur:
3442 2984 3576 3021 scut-

1999 3071 2206 3138 pilerna
2231 3083 2433 3138 quoque
2485 3065 2598 3135 ejus
2638 3067 2800 3118 virtus
2860 3074 2906 3117 et
2945 3063 3195 3114 divinitas
3221 3061 3304 3113 ³⁹ι
3341 3061 3476 3114 adeo
3520 3068 3578 3112 ut

2006 3165 2056 3216 in
2100 3171 2268 3226 terra,
2299 3162 2354 3214 in
2385 3173 2530 3224 aere,
2554 3157 2783 3222 incmlo,
2814 3157 2865 3208 in
2890 3169 3050 3223 aqua,
3082 3155 3132 3206 in
3179 3161 3356 3220 nocte,
3389 3153 3442 3205 in
3467 3151 3574 3213 die.

2003 3263 2057 3309 et
2083 3255 2133 3308 in
2163 3255 2413 3310 omnibus
2447 3252 2772 3316 visibilibus,
2808 3264 2909 3302 non
2941 3248 3173 3303 obscure
3201 3247 3318 3317 ejus
3343 3246 3433 3314 qui
3477 3259 3576 3298 no-

1999 3348 2081 3403 bis
2118 3346 2388 3401 benelecit
2430 3344 2796 3400 recordemur.
2827 3340 3014 3408 Neque
3047 3340 3189 3393 enim
3215 3339 3456 3408 peccatis
3483 3353 3579 3392 oe-

1999 3438 2268 3493 casionem
2321 3435 2482 3490 ullam
2539 3448 2729 3488 sumus
2778 3431 2996 3492 daturi,
3037 3443 3206 3496 neque
3255 3429 3474 3482 inimico
3527 3429 3578 3481 in

2000 3531 2200 3584 nostris
2222 3529 2476 3583 cordibus
2513 3527 2689 3580 locum
2717 3523 2977 3587 relicturi,
3009 3522 3052 3576 si
3110 3523 3266 3576 modo
3313 3536 3412 3590 per
3445 3522 3579 3575 assi-

2005 3623 2161 3676 duam
2193 3620 2506 3674 memoriam
2544 3617 2707 3671 Deum
2759 3617 2811 3670 in
2872 3616 3024 3670 nol-is
3062 3615 3452 3669 inhabitantem
3485 3613 3580 3666 lia-

2007 3717 2269 3768 bcamus:
2320 3714 2404 3765 cui
2448 3711 2624 3765 omnis
2681 3711 2854 3780 gloria
2900 3720 2954 3764 et
3010 3708 3284 3773 adoratio,
3338 3722 3477 3761 nunc
3527 3717 3581 3761 et

2009 3819 2241 3873 semper,
2267 3814 2320 3858 et
2359 3807 2410 3857 in
2448 3803 2637 3859 saecula
2667 3804 3002 3858 srecnlorum.
3032 3805 3224 3857 Amen.

2602 3973 2883 4028 HOMILIA
2918 3971 3003 4024 IV.

2404 4069 2476 4122 De
2507 4086 2763 4138 aquarum
2790 4070 3205 4140 congregatione.

2079 4163 2183 4233 33
2213 4163 2262 4216 l.
2284 4163 2416 4215 Sunt
2435 4161 2675 4232 quaedam
2698 4161 2966 4227 civitates,
2987 4178 3106 4231 qua:
3122 4160 3422 4229 omnigenis
3443 4176 3580 4229 prae.

2013 4256 2348 4323 stigiatorum
2396 4253 2718 4321 spectaculis
2768 4269 2795 4307 a
2844 4268 3260 4328 summoomane
3294 4253 3358 4306 ad
3409 4253 3578 4322 ipsam

2017 4363 2182 4417 usque
2210 4361 2485 4416 vesperam
2525 4346 2710 4399 oculos
2751 4356 2997 4414 pascunt.
3042 4345 3106 4398 Et
3138 4353 3283 4399 certe
3333 4344 3582 4412 quamvis

2017 4438 2316 4491 cantilenas
2350 4436 2609 4506 quasdam
2646 4436 2932 4492 dissolutas
2959 4446 3350 4503 corruptasque
3379 4444 3433 4488 et
3460 4451 3580 4488 om.

336 4530 629 4589 ἀκολασίαν
640 4533 758 4593 ταῖς
773 4530 971 4600 ψυχαῖς
998 4527 1364 4590 ὲντικτόντων,
1382 4528 1473 4578 ἐπὶ
1490 4525 1736 4579 πλεῖστον
1753 4525 1895 4580 ἀκού-

2023 4527 2180 4584 nibus
2195 4528 2363 4582 modis
2379 4525 2594 4585 multam
2615 4525 2665 4579 in
2685 4527 2880 4586 animis
2900 4525 3260 4594 impunitatem
3281 4522 3570 4591 gignentes.

406 4717 449 4748 ⁵⁹
481 4715 640 4770 Rom.
675 4729 711 4780 ι,
751 4714 842 4769 20.

408 4859 518 4930 (51)
541 4859 692 4927 Regii
724 4860 932 4930 primus
960 4868 1012 4914 et
1038 4869 1225 4914 sextus
1252 4875 1373 4915 cum
1403 4859 1558 4915 Colb.
1592 4858 1829 4914 secundo
1859 4867 1911 4913 et

336 4929 455 4980 cum
487 4941 711 4999 utroque
737 4929 897 4982 Coisl.
928 4930 1188 4999 ἐμφανές.
1218 4932 1356 4984 Editi
1389 4948 1510 4984 cum
1532 4934 1741 4984 duobus
1776 4945 1906 4984 mss.

334 4998 583 5086 εὑιξανές.
630 4999 815 5054 Codex
862 4998 1108 5054 Combel‘.
1158 5016 1280 5054 cum
1336 5001 1468 5069 Reg.
1528 5010 1723 5055 octavo
1773 5015 1910 5070 συμ-

334 5086 486 5136 φυες.

406 5138 517 5206 (5'2)
549 5137 640 5191 Sic
664 5139 832 5208 ,chii
882 5138 1112 5207 primus,
1147 5139 1377 5201 tertius,
1411 5140 1652 5205 quintus,
1698 5154 1906 5201 sextus,

331 5219 578 5266 octavus.
611 5209 760 5261 Colb.
811 5210 1080 5261 secundus
1128 5220 1182 5263 et
1231 5209 1476 5263 Coinbel'.
1509 5227 1628 5262 cum
1681 5224 1910 5272 utronne

333 5279 498 5349 Coisl.
541 5279 715 5349 Editio
739 5278 913 5332 Paris.
945 5281 972 5330 ὁ
995 5278 1147 5349 Θεὸς.
1169 5279 1610 5349 Ἀναγέγραπται
1649 5282 1705 5334 δὲ
1751 5281 1909 5334 τοῦτο

330 5347 617 5422 τὸν-προσ.
649 5347 824 5401 E—ditio
875 5363 1002 5422 vero
1047 5347 1214 5403 Basil.
1271 5347 1688 5422 ἀναγέγραπται
1730 5353 1786 5405 δὲ
1816 5351 1909 5402 τὸν

335 5417 495 5488 πρόσ.
529 5417 768 5485 Utraque
799 5419 955 5471 male.

334 5555 361 5608 ἐ
405 5488 517 5556 (οὗ)
555 5488 647 5542 Sic
673 5488 888 5542 codices
917 5503 1030 5542 sex.
1066 5488 1204 5542 Editi
1251 5499 1303 5544 et
1355 5489 1520 5544 Coisl.
1555 5492 1766 5560 primus
1790 5508 1916 5543 συν-

366 5571 499 5608 νειν.

399 5573 499 5608 ειν.

399 5573 499 5608 ειν.

553 5625 640 5708 ξιιι
671 5637 904 5708 quatuor
929 5643 1057 5708 mss.
1089 5628 1227 5682 Editi
1255 5630 1670 5700 διατιθεμένοις.

407 5696 520 5764 (55)
553 5697 645 5750 Sic
693 5697 844 5766 Regii
892 5700 1120 5765 primus,
1167 5703 1375 5762 tertius,
1425 5696 1609 5755 sextus
1656 5712 1709 5754 et
1755 5700 1909 5754 Coll).

337 5770 626 5847 secundus.
645 5768 802 5847 bene.
826 5768 991 5823 Coisl.
1023 5777 1246 5837 uterque
1271 5780 1324 5824 et
1351 5773 1502 5838 editi,
1529 5784 1581 5825 ct
1601 5773 1734 5841 Reg.
1763 5773 1915 5839 quin-

340 5850 424 5890 tus
456 5836 872 5906 ἀναλαμϐάνειν.

2089 4859 2198 4926 (56)
2235 4858 2308 4910 Ita
2333 4871 2461 4909 mss.
2505 4863 2668 4926 οοιοη
2684 4847 2996 4926 Eustathius
3036 4845 3215 4926 vertit,
3250 4855 3581 4897 monumenta

2017 4916 2326 4996 certissimo.
2366 4925 2503 4979 Editi
2541 4921 2935 4996 ὑποδείγματα,
2966 4916 3225 4996 εαξεηιρια.

2088 5000 2198 5069 (57)
2231 4991 2381 5051 (Jolb.
2437 4994 2706 5069 secundus
2728 4983 2969 5069 ⁵’ἔχοντες
3013 4989 3248 5069 cantate:
3279 4983 3413 5069 N‘lox‘
3453 4984 3581 5069 editi

2018 5053 2137 5124 cum
2181 5053 2322 5149 ’Reg.
2369 5065 2526 5149 tert‘ip
2556 5064 2636 5125 εἰς
2664 5053 3259 5149 τουςσύμπανταςχκρὶ
3291 5053 3584 5149 ἀτελευτή-

2016 5158 2142 5202 τους
2194 5124 2415 5198 αἱόῗνας.
2467 5124 2639 5188 Voces
2697 5124 3015 5202 σύμπαντας
3061 5127 3157 5180 καὶ
3193 5124 3582 5194 ἀτελευτήτους

2018 5211 2209 5265 desunt
2241 5208 2292 5259 in
2329 5203 2563 5275 quinque
2595 5204 2889 5275 codicibus.

2087 5278 2201 5350 (58)
2239 5263 2368 5342 Reg:
2399 5263 2619 5327 octavus
2643 5274 2769 5381 περὶ
2792 5267 3125 5337 συναγωγῶν
3157 5265 3382 5320 ὑδάτων.
3415 5263 3579 5319 Coisl.

2087 5352 2221 5381 hunc
2246 5345 2559 5381 nintnlinilar
2581 5342 2699 5381 ἧηοὶ
2732 5359 2760 5381 η
2797 5340 3056 5381 τιτι-πάηττῒ-

2016 5340 2224 5420 primus
2246 5340 2559 5415 simpliciter
2581 5340 2765 5413 ὁμιλία
2784 5340 3056 5461 ’τετάρτηῖ

2093 5418 2204 5461 (5m
2235 5417 2323 5461 Sin
2361 5424 2483 5461 nem
2506 5418 2632 5461 m'ss.
2661 5413 2798 5461 Editi
2817 5410 2981 5461 τινές.

2093 5418 2204 5489 (59)
2235 5417 2323 5471 Sic
2351 5403 2483 5469 'ocio
2506 5403 2632 5489 m'ss.
2661 5412 2798 5466 Editi
2817 5403 2981 5472 τινές.
3009 5403 3582 5489 Vlerisiniile‘milt‘i‘ﬁt,

2025 5475 2388 5559 typographos
2429 5501 2523 5537 sua
2553 5485 2800 5559 ipsorum
2843 5481 3168 5559 auctoritate
3201 5485 3392 5559 contra
3429 5475 3583 5559 [idem

2026 5545 2423 5613 russfed'idisse
2454 5545 2596 5616 τινές
2628 5568 2724 5620 pro
2752 5550 2936 5614 τινῶν,
2974 5566 3037 5603 ne
3081 5548 3333 5620 mendum
3364 5545 3585 5598 subesse

2026 5631 2316 5685 videretur.
2337 5637 2390 5678 et
2425 5636 2483 5677 ut
2525 5614 2795 5683 νόίτινές
2820 5637 2939 5673 cum
2979 5633 3106 5672 voce
3141 5614 3430 5677 ἀκούοντες
3459 5629 3585 5685 con-

2023 5700 2157 5752 strui
2191 5681 2395 5762 posset.'
2432 5696 2536 5748 Sed
2568 5696 2684 5746 haec
2723 5681 2907 5762 eerum
2940 5688 3248 5762 emendatio
3283 5681 3584 5762 necessaria

2022 5785 2126 5822 non
2169 5755 2302 5826 erat,
2334 5781 2456 5818 cum
2477 5780 2576 5816 vox
2606 5760 2896 5822 ἀκούοντες
2925 5767 3088 5826 queat
3113 5756 3300 5811 referri
3335 5755 3401 5809 ad
3427 5767 3587 5825 gene-

2022 5837 2423 5896 ralenuoddatn
2454 5849 2675 5893 nomen,
2709 5843 2829 5894 puta
2861 5830 3091 5882 πολῖται.
