4058 6438
235 390 302 441 8|
1364 385 1650 439 llOZillLlA
1691 385 1757 438 IV
1798 387 1864 440 IN
1905 388 2398 445 IIEKAEMERON.
3421 387 3490 440 εξ

237 503 489 573 φυσικῶς
521 500 808 571 χρώματος
834 501 1240 571 συμπαρόντος,
1273 503 1470 564 παντὸς
1505 502 1562 554 δὲ
1600 505 1822 575 χρώμα-

1945 507 2073 560 risus
2112 520 2273 560 sensu
2321 505 2781 576 apprehenditur?
2812 503 2875 558 Et
2929 503 3067 556 forte
3125 518 3241 571 qua
3289 501 3491 569 prolata

236 613 335 657 τος
362 593 616 664 αἰσθητοῦ
652 596 716 664 τῇ
747 595 934 664 ὁράσει
960 593 1397 664 καθεστηκότος;
1430 596 1539 646 Καὶ
1567 596 1706 666 τάχα
1739 613 1820 649 σοι

238 687 346 738 οὐκ
379 684 551 738 ἐδόκει
590 685 876 756 αὐτάρκως
911 686 1054 756 ἔχειν
1105 685 1173 740 τά
1223 687 1514 756 εἰρημένα.
1559 690 1642 742 ὅτι
1687 691 1823 762 πρὸς

238 775 395 844 ἡμᾶς
428 776 493 828 τὸ
525 777 807 845 ἀόρατον,
841 776 901 829 οὐ
951 778 1086 849 πρὸς
1131 779 1229 849 τὴν
1271 777 1432 845 φύσιν
1487 779 1674 850 εἴρητο
1713 781 1822 851 (68)

241 863 338 916 διὰ
379 865 476 936 τὴν
519 866 612 918 τοῦ
661 863 848 929 ὓδατος
903 867 1320 937 ὲπιπρόσθησιν,
1354 867 1382 920 ὃ
1423 868 1543 920 τότε
1587 867 1683 937 τὴν
1722 871 1823 940 γῆν

245 959 431 1010 πᾶσαν
455 956 904 1028 περιεκάλυπτεν.
947 958 1077 1010 Ἰδοὺ
1103 959 1198 1012 νῦν
1231 959 1390 1013 ἄκουε
1423 960 1593 1028 αὐτῆς
1633 961 1824 1031 ἑαυτὴν

245 1049 352 1119 τῆς
379 1052 417 1102 Γ
425 1049 600 1121 ραφῆς
623 1052 981 1123 φανερούσης.
1013 1052 1378 1122 Συνιιχθήτω
1405 1051 1470 1104 τὰ
1501 1051 1705 1106 ὕδατα.
1728 1053 1825 1105 καὶ

249 1141 488 1211 ὀρθήτω
513 1141 549 1207 ἠ
579 1141 750 1211 ξηρά.
782 1142 1105 1196 Συνέλκεται
1131 1143 1198 1196 τὰ
1222 1144 1718 1215 παραπετάσματα,
1741 1143 1829 1198 ἵνα

251 1234 506 1304 ἐμφανὴς
544 1234 768 1306 γένηται
811 1238 841 1304 ή
877 1235 1013 1298 τέως
1059 1235 1132 1306 μὴ
1175 1236 1447 1308 ὁρωμένη.
1490 1238 1649 1298 Ἴσως
1691 1236 1735 1288 δ’
1767 1237 1829 1292 ἄν

251 1345 336 1390 τις
371 1327 586 1380 κάκεῖνο
627 1329 760 1398 πρὸς
805 1328 1013 1390 τούτοις
1045 1328 1410 1399 ἐπιζητήσειε.
1449 1329 1671 1400 Πρῶτον
1709 1328 1828 1398 μὲν,

252 1420 343 1472 διὰ
369 1418 419 1470 τί
445 1419 472 1471 ὃ
507 1421 648 1474 κατὰ
685 1419 844 1488 φύσιν
879 1421 1110 1492 ὑπάρχει
1135 1423 1210 1491 τῷ
1233 1420 1384 1473 ὕδατι
1410 1422 1671 1492 φέρεσθαι
1695 1422 1830 1491 πρὸς

251 1510 316 1560 τὸ
349 1510 633 1572 κάταντες,
666 1510 824 1564 τοῦτο
857 1513 951 1565 ἐπὶ
979 1514 1040 1566 τὸ
1074 1512 1404 1582 πρόσταγμα
1439 1513 1531 1564 τοῦ
1563 1516 1832 1581 Δημιουρ-

255 1600 353 1668 γοῦ
376 1605 403 1654 ὁ
438 1602 593 1669 λόγος
617 1602 842 1672 ἁνάγει;
874 1605 1019 1667 Ἕως
1062 1603 1160 1672 μὲν
1187 1602 1295 1674 γὰρ
1336 1603 1400 1656 ἂν
1449 1603 1544 1654 ἐπὶ
1581 1603 1673 1654 τοῦ
1722 1604 1830 1655 ἰσο-

257 1693 420 1744 πέδου
450 1695 698 1766 κείμενον
727 1698 865 1768 τύχῃ
895 1695 1004 1762 (69)
1043 1696 1104 1748 τὸ
1146 1696 1308 1768 ὕδωρ,
1359 1695 1617 1766 στάσιμόν
1665 1698 1830 1759 ἐστιν,

255 1786 357 1839 οὐκ
400 1787 537 1857 ἔχων
562 1790 695 1841 ὅπου
724 1789 1003 1857 μεταρρυῇ
1026 1804 1038 1816 ·
1079 1787 1297 1840 ἐπειδὰν
1321 1787 1377 1840 δέ
1406 1804 1546 1852 τινος
1595 1803 1834 1858 πρανους

256 1873 530 1946 λάϐηται,
589 1875 750 1937 εὐθὺς
800 1875 1144 1946 ὁρμήσαντος
1195 1875 1288 1928 τοῦ
1340 1877 1709 1948 προάγοντος,
1776 1875 1834 1927 τὸ
1870 1856 1908 1910 Β

259 1971 480 2038 συνεχὲς
519 1967 668 2038 αὐτῷ
705 1970 804 2038 τὴν
845 1969 999 2038 βάσιν
1043 1969 1137 2023 τοῦ
1183 1972 1491 2043 κινηθέντος
1534 1969 1836 2038 ἐπιλαμϐά-

259 2079 374 2122 νει,
418 2061 510 2112 καὶ
569 2060 666 2130 τὴν
716 2060 922 2114 ἐκείνου
976 2063 1037 2115 τὸ
1091 2064 1460 2132 ὲφεπόμενον’
1521 2062 1617 2116 καὶ
1664 2061 1835 2123 οὕτως

261 2149 598 2220 ὑπεκφεύγει
624 2151 722 2223 μὲν
745 2154 831 2206 ἀεὶ
856 2155 919 2207 τὸ
965 2155 1225 2224 προάγον,
1264 2154 1466 2205 ἐπωθεῖ
1498 2155 1553 2208 δὲ
1587 2153 1648 2206 τὸ
1679 2153 1840 2224 ἐπερ-

259 2243 520 2314 χὸμενον⁸
553 2247 646 2300 καὶ
677 2246 914 2315 τοσούτῳ
942 2245 1228 2314 δξυτέραή
1265 2244 1405 2315 copi
1443 2248 1670 2313 γίνεται,
1710 2248 1840 2316 ὅσῳ-

261 2353 370 2406 περ
412 2337 477 2390 ἂν
511 2338 603 2390 καὶ
638 2339 695 2390 τὸ
730 2338 893 2408 βάρος
993 2335 1173 2388 πλεῖον
1215 2335 1306 2387 τοῦ
1366 2338 1835 2408 καταφερομένου,

263 2427 359 2477 καὶ
382 2426 443 2477 τὸ
473 2426 669 2497 χωρίον
701 2427 1027 2498 κοιλότερον,
1057 2428 1192 2496 πρὸς
1215 2427 1242 2477 ὃ
1276 2430 1307 2496 ἡ
1331 2427 1632 2497 έπὲρῤυσις.
1659 2430 1722 2479 Εἰ
1747 2424 1839 2480 οὖν

261 2516 406 2570 οὕτω
439 2518 648 2587 πέφυκε
694 2519 754 2571 τὸ
798 2518 961 2590 ὕδωρ,
1011 2519 1270 2590 παρέλκοι
1305 2519 1369 2571 ἂν
1410 2519 1470 2571 τὸ
1514 2520 1841 2589 πρόσταγμα

259 2611 323 2661 τὸ
346 2609 562 2664 κελεῦον
591 2611 927 2682 συναχθῆναι
951 2614 1030 2676 εἰς
1062 2610 1380 2682 συναγωγὴν
1425 2611 1572 2680 μίαν.
1609 2609 1842 2681 Ἔμελλε

266 2701 375 2772 γὰρ
408 2703 619 2767 πάντως
649 2703 737 2756 διὰ
769 2704 831 2757 τὸ
863 2706 1207 2776 κατάρροπον
1242 2703 1341 2772 τῆς
1362 2702 1596 2771 φύσεως,
1628 2703 1720 2755 ἐπὶ
1743 2703 1841 2772 τὴν

265 2796 483 2847 πάντων
513 2796 824 2866 κοιλοτέραν
869 2795 1052 2865 χώραν
1111 2795 1432 2865 αὐτομάτως
1483 2792 1838 2858 συνδίδοσθαι,

265 2885 362 2936 καὶ
403 2883 476 2954 μὴ
533 2885 794 2956 πρότερον
855 2885 1146 2955 στήσεσθαι
1201 2887 1329 2955 πρὶν
1379 2885 1735 2955 ὁμαλισθῆναι
1773 2885 1842 2937 τὰ

265 2975 432 3028 νῶτα.
467 2976 632 3028 Οὐδὲν
676 2976 784 3048 γὰρ
829 2976 971 3030 οὕτω
1022 2977 1218 3047 χωρίον
1278 2976 1540 3038 ἰσόπεδον,
1573 2977 1647 3038 ὡς
1681 2977 1712 3045 ὴ
1747 2975 1840 3027 τοῦ

268 3068 457 3132 ὓδατος
479 3070 784 3138 ἐπιφάνεια.
821 3071 1048 3122 Ἔπειτα
1079 3070 1216 3133 πῶς,
1252 3069 1436 3139 φησιν,
1484 3070 1564 3130 εἰς
1596 3085 1837 3135 συναγωο

267 3160 372 3229 γὴν
420 3159 547 3232 μίαν
594 3162 888 3232 ἐκελεύσθη
922 3163 988 3215 τὰ
1023 3161 1194 3215 ὕδατα
1244 3161 1590 3232 συνδραμεῖν,
1642 3162 1842 3229 δπουγε

269 3253 548 3321 φαίνονται
574 3257 766 3308 πολλαὶ
795 3253 951 3307 οὖσαι
980 3255 1261 3320 θάλασσαι,
1283 3257 1377 3308 καὶ
1413 3255 1660 3307 πλεῖστον
1685 3255 1844 3322 ἀλλή-

269 3346 376 3400 λων
405 3351 470 3417 τῇ
497 3347 641 3400 θέσει
671 3348 1055 3417 διωρισμέναι;
1090 3349 1231 3417 Πρὸς
1264 3349 1359 3416 μὲν
1391 3345 1482 3400 οὖν
1539 3349 1598 3400 τὸ
1649 3349 1844 3418 πρότε-

275 3454 365 3508 ρον
398 3438 508 3490 τῶν
556 3437 997 3508 ἐπιζητηθέντων
1033 3439 1209 3491 ἐκεῖνό
1241 3454 1451 3507 φαμενο
1486 3439 1568 3490 ὅτι
1615 3439 1848 3508 μάλιστα

275 3530 372 3599 μὲν
407 3531 469 3582 σὺ
508 3529 642 3599 μετὰ
686 3530 746 3581 τὸ
779 3531 1106 3600 πρόσταγμα
1135 3529 1194 3582 τὸ
1239 3529 1554 3582 δεσποτικὸν
1607 3529 1848 3595 ἐπέγνως

272 3621 366 3674 τοῦ
404 3621 592 3685 ὓδατος
628 3621 727 3684 τὰς
759 3623 1020 3691 κινήσεις,
1051 3623 1131 3674 δτι
1165 3639 1224 3674 τε
1255 3619 1582 3692 περιρρεπές
1607 3620 1850 3690 (70)ἐστι

274 3717 370 3768 καὶ
397 3715 746 3787 ἁστήρικτον,
780 3714 876 3766 καὶ
910 3715 1043 3785 πρὸς
1076 3713 1143 3767 τὰ
1168 3717 1346 3785 πρανῆ
1380 3716 1470 3766 καὶ
1501 3715 1652 3767 κοῖλα
1689 3714 1848 3783 φέρε-

273 3822 362 3858 ται
387 3807 526 3858 κατὰ.
559 3806 717 3874 φύσιν
740 3823 753 3835 ο
791 3806 896 3875 πρὸ
925 3808 1114 3859 τούτου
1149 3807 1225 3870 δὲ,
1273 3806 1390 3870 πῶς
1428 3803 1540 3876 εἶχε
1571 3808 1851 3876 δυνάμεως

275 3898 407 3967 πρὶν
449 3896 596 3966 αὐτῷ
627 3899 718 3950 τὸν
754 3901 816 3950 ὲκ
866 3898 959 3950 τοῦ
994 3900 1412 3969 προστάγματος
1456 3899 1642 3951 τούτου
1693 3900 1851 3965 ἐγγε-

275 3987 461 4042 νέσθαι
509 3988 725 4058 δρόμον,
755 3989 877 4041 οὔτε
908 3986 1044 4052 εἶδες
1073 3991 1253 4053 αὐτὸς,
1293 3990 1414 4042 οὔτε
1449 3992 1648 4053 ἰδόντος
1686 3991 1852 4060 ’ήκου-

279 4097 396 4143 σας.
431 4081 641 4150 Νόησον
675 4080 804 4151 γὰρ,
842 4083 923 4132 ὅτι
952 4081 1088 4134 Θεοῦ
1120 4083 1270 4151 φωνὴ
1301 4081 1516 4150 φύσεώς
1547 4083 1662 4134 ἐστι
1697 4098 1856 4151 ποιή-

277 4173 425 4243 τικὴ,
463 4173 555 4225 καὶ
594 4172 656 4224 τὸ
686 4173 978 4242 γενόμενον
1023 4175 1144 4224 τότε
1195 4177 1260 4242 τῇ
1319 4174 1494 4225 κτίσει
1528 4173 1854 4245 πρόσταγμα

278 4260 378 4331 τὴν
434 4262 568 4331 πρὸς
619 4260 681 4313 τὸ
736 4261 932 4331 ἐφεξῆς
983 4262 1306 4315 ἀκολουθίαν
1357 4266 1467 4324 τοῖς
1516 4260 1856 4332 κτιζομένοις

281 4352 606 4424 παρέσχετο.
652 4356 862 4425 Ἡμέρα
920 4355 1012 4406 καὶ
1077 4351 1172 4418 νὺξ
1219 4353 1362 4419 ἆπαξ
1414 4353 1854 4425 ὲδημιουργήθη,

281 4444 376 4496 καὶ
409 4443 469 4507 ἐξ
512 4443 718 4496 ἐκείνου
771 4446 861 4496 καὶ
909 4444 1004 4496 νῦν
1049 4445 1284 4514 ἀλλήλας
1335 4444 1729 4513 διαδεχόμεναι,
1764 4443 1856 4496 καὶ

1922 606 2043 648 sunt
2067 597 2200 650 satis
2219 611 2338 651 esse
2374 600 2464 652 tibi
2503 614 2605 654 non
2641 597 2984 661 videbantur,
3031 610 3154 647 cum
3186 595 3494 648 diceremus

1922 687 2174 743 videlicet
2206 691 2708 756 vocem,imu'sibile,
2739 705 2844 742 non
2873 698 3117 759 respectu
3152 698 3377 751 naturae,
3401 685 3493 739 sed

1925 792 2170 849 respectu
2196 781 2386 844 nostri,
2423 783 2492 836 ob
2514 800 2666 853 aquae
2711 795 2911 838 terram
2946 796 3159 835 onmem
3207 789 3335 833 tunc
3361 792 3493 849 0pc-

1927 874 2115 927 rieutis
2147 871 2539 941 interpositum,
2561 877 2852 929 adhibitam
2883 871 3046 926 fuisse
3065 887 3128 925 ac
3161 880 3491 940 usurpatam.

1927 967 2064 1022 Ecce
2092 981 2235 1022 nunc
2280 967 2406 1020 audi
2453 967 2624 1036 ipsam
2658 968 3018 1037 Scripturam,
3045 967 3276 1034 seipsam
3315 964 3498 1034 expla-

1928 1073 2166 1122 nantem.
2192 1061 2582 1132 Congregentur
2613 1076 2784 1130 aqua,
2808 1072 2853 1113 et
2878 1068 3132 1130 appareat
3167 1059 3339 1111 arida.
3357 1056 3500 1138 Cop-

1930 1157 2215 1211 trahuntur
2268 1156 2406 1220 vela,
2464 1164 2522 1208 ut
2562 1152 2805 1222 aspectui
2837 1167 2958 1206 sese
2992 1152 3214 1224 objiciat
3265 1165 3349 1212 ea,
3380 1162 3500 1216 (111ίὲ

1929 1260 2086 1307 antea
2119 1265 2220 1304 non
2240 1251 2689 1322 conspiciebatur.
2717 1246 2988 1302 Fortassis
3026 1259 3197 1302 autem
3233 1245 3498 1316 quispiam

1931 1348 2057 1401 illud
2081 1344 2243 1399 etiam
2278 1359 2473 1413 ξιτ-αξιοι·
2496 1345 2608 1398 hinc
2643 1341 2972 1409 inquisicrit.
2996 1339 3229 1391 Primum
3261 1339 3498 1407 quidem,

1933 1455 2028 1492 cur
2061 1433 2204 1502 quod
2255 1446 2323 1484 ex
2357 1442 2548 1484 natura
2601 1428 2858 1496 competit
2889 1440 3064 1496 aqum.
3115 1434 3172 1476 ιιι
3197 1425 3400 1477 scilicet
3433 1428 3500 1478 ad

1935 1530 2137 1583 declive
2168 1523 2391 1586 feratur,
2431 1521 2659 1589 idipsnm
2709 1516 2912 1572 referat
2964 1516 3242 1584 Scriptura
3282 1514 3345 1564 ad
3377 1512 3502 1580 Opi-

1938 1621 2051 1674 licis
2097 1614 2402 1684 imperium.
2453 1612 2698 1679 Qnaudiu
2731 1610 2875 1664 enim
2922 1608 2974 1661 in
3028 1622 3182 1675 :equo
3237 1605 3506 1674 planoque

1937 1712 2050 1766 solo
2079 1711 2179 1764 sita
2210 1719 2292 1762 est
2328 1722 2484 1776 aqua,
2516 1703 2726 1760 stabilis
2759 1711 2860 1766 est,
2882 1701 3080 1771 quippe
3106 1701 3230 1766 quia
3267 1714 3370 1752 non
3405 1698 3503 1750 ha-

1936 1801 2029 1854 bet
2069 1814 2175 1867 quo
2205 1796 2440 1849 difﬂuat:
2491 1797 2583 1848 sed
2609 1804 2955 1865 posteaquam
2987 1789 3246 1846 declivem
3273 1789 3502 1852 aliquem

1936 1894 2111 1948 locum
2155 1899 2311 1943 nacta
2344 1899 2447 1955 est,
2474 1889 2653 1942 statim
2683 1896 2742 1940 ut
2772 1886 3080 1954 praecedens
3111 1891 3194 1937 est
3219 1881 3504 1942 concitata,

1935 2001 1996 2039 ea
2020 1998 2140 2053 qua:
2169 1982 2266 2052 ipsi
2297 1982 2553 2042 cohaeret,
2579 1981 2760 2034 sedem
2805 1979 2920 2048 ejus
2951 1993 3070 2046 qua
3107 1985 3248 2031 mota
3277 1982 3379 2036 est,
3413 1987 3508 2026 oc-

1937 2085 2130 2143 cupat:
2177 2075 2320 2128 illius
2348 2073 2532 2127 itidem
2555 2072 2730 2125 locum
2783 2085 2844 2124 ea
2888 2085 3007 2138 qme
3043 2069 3424 2137 consequitur:
3454 2075 3510 2119 et

1937 2171 2016 2223 sic
2047 2185 2261 2237 semper
2303 2167 2508 2236 aufugit
2556 2165 2774 2236 quidem
2803 2177 2922 2232 quze
2974 2159 3252 2231 przecedit,
3287 2161 3511 2224 adurgtt

1938 2276 2066 2314 vero
2108 2275 2228 2328 qua:
2255 2259 2587 2327 insequitur;
2617 2268 2667 2312 et
2697 2259 2930 2326 impetus
2977 2263 3122 2307 tanto
3159 2251 3215 2306 fit
3250 2251 3507 2316 velocior,

1937 2362 2136 2423 quanto
2161 2351 2390 2420 amplior
2435 2348 2596 2402 fuerit
2645 2351 2880 2416 gravitas
2906 2349 3025 2416 ejus
3100 2360 3220 2415 quae
3246 2341 3508 2406 defertur,

1938 2444 2194 2510 locusque
2221 2442 2288 2493 ad
2312 2453 2471 2508 quem
2504 2439 2563 2490 lit
2587 2435 2771 2502 fluxio,
2794 2437 2954 2490 fuerit
2981 2435 3308 2503 depressior.
3329 2431 3514 2501 Itaque

1940 2537 1983 2588 si
2017 2537 2126 2588 haec
2154 2541 2237 2587 est
2266 2545 2419 2600 aqum
2445 2538 2658 2592 natura,
2686 2538 3018 2598 praceptum
3057 2527 3198 2596 quod
3229 2529 3398 2596 ipsam
3421 2525 3511 2595 ju-

1941 2626 2027 2676 bet
2067 2625 2118 2676 in
2143 2639 2302 2676 uuam
2340 2622 2458 2691 cogi
2499 2620 2895 2684 collectionem,
2934 2618 3092 2672 inane
3119 2626 3203 2671 est
3238 2618 3422 2684 utique
3450 2631 3514 2667 ac

1941 2727 2418 2780 supervacaneum.
2478 2711 2613 2764 Nam
2665 2709 2910 2780 profecto
2974 2710 3210 2762 futurum
3263 2716 3384 2762 erat
3435 2718 3514 2772 ut,

1943 2809 2159 2870 propter
2196 2799 2492 2852 naturalem
2549 2814 2697 2852 suam
2729 2801 2792 2850 ad
2847 2799 2951 2851 ima
3000 2799 3416 2867 proclivitatem,
3451 2798 3516 2848 ad

1942 2894 2115 2947 locum
2150 2893 2386 2946 maxime
2411 2891 2650 2944 omnium
2688 2890 2948 2944 declivem
3005 2903 3197 2958 sponte
3251 2907 3344 2944 sua
3386 2905 3518 2943 cou-

1943 2986 2193 3043 cederet.
2247 2994 2302 3037 et
2336 2999 2438 3036 nou
2497 2983 2649 3050 prius
2700 2981 2912 3034 stabilis
2971 2988 3330 3047 permaneret,
3356 2993 3517 3048 quam

1943 3072 2056 3138 ejus
2086 3083 2462 3140 exn-quarctur
2485 3070 2821 3139 superficies.
2862 3069 3014 3124 Nulla
3045 3071 3187 3125 enim
3213 3079 3394 3127 exstat
3442 3085 3525 3122 re-

1873 3209 1913 3266 c
1945 3165 2032 3230 giu
2085 3177 2334 3229 peraeque
2380 3161 2569 3232 plana,
2614 3177 2676 3216 ac
2723 3164 2834 3231 ipsa
2876 3173 2959 3216 est
2991 3176 3145 3229 aquae
3185 3160 3517 3231 superficies.

1947 3257 2168 3321 Deinde,
2221 3257 2424 3325 inquiet
2452 3257 2591 3324 quis,
2627 3255 2892 3322 quomodo
2927 3253 3093 3322 jussze
3126 3261 3252 3306 sunt
3282 3265 3435 3319 aqua
3471 3251 3520 3303 iu

1947 3365 2106 3403 unam
2149 3363 2477 3403 concurrere
2505 3346 2898 3408 collectionem,
2932 3360 3054 3399 cum
3110 3344 3276 3397 multa
3309 3346 3526 3412 conspi-

1949 3445 2160 3496 ciantur
2201 3441 2406 3502 maria,
2457 3440 2795 3507 plurimoque
2854 3439 2996 3492 inter
3038 3453 3096 3492 se
3146 3437 3431 3491 intervallo
3462 3451 3526 3491 ac

1950 3539 2052 3590 situ
2083 3534 2394 3604 disparata?
2424 3533 2504 3588 Ad
2545 3534 2598 3588 id
2655 3533 2817 3604 igitur
2860 3533 3002 3603 quod
3036 3534 3210 3602 primo
3241 3532 3524 3600 quiesitum

1951 3637 2057 3691 est,
2075 3627 2324 3690 dicimus,
2344 3625 2484 3690 quod
2510 3636 2562 3678 tu
2587 3627 2789 3694 optime
2805 3627 3022 3694 quidem
3045 3634 3163 3691 post
3188 3622 3523 3676 Dominicum

1951 3720 2236 3788 imperium
2282 3728 2484 3772 motum
2529 3733 2681 3785 aqua:
2725 3717 3061 3785 cognoveris,
3114 3729 3307 3784 aquam
3342 3711 3529 3768 videli-

1951 3821 2041 3865 cet
2100 3825 2316 3878 quoquo
2350 3823 2566 3862 versum
2615 3808 2802 3874 fluere,
2859 3807 3272 3874 instabilemque
3307 3821 3448 3870 esse,
3475 3815 3532 3859 et

1953 3912 2144 3970 suapte
2181 3910 2370 3953 natura
2400 3903 2464 3953 ad
2492 3900 2694 3953 devexa
2713 3909 2766 3952 et
2799 3915 3034 3953 concava
3064 3898 3183 3953 loca
3215 3897 3402 3952 dilabi.
3423 3895 3529 3950 Sed

1953 3993 2080 4061 quid
2113 3992 2258 4062 prius
2296 3992 2590 4046 obtinuerit
2637 3993 2857 4056 virium,
2901 4002 3026 4045 ante
3073 3991 3331 4044 nimirum
3367 4004 3530 4058 quam

1955 4098 2146 4136 cursus
2185 4082 2270 4136 hic
2299 4085 2348 4135 ei
2379 4083 2481 4136 isto
2524 4091 2796 4150 praecepto
2849 4083 3239 4151 ingigneretur,
3271 4094 3367 4133 nec
3391 4080 3530 4134 nosti

1957 4174 2093 4239 ipse,
2143 4187 2241 4225 nec
2275 4187 2601 4239 quemquam
2655 4173 2744 4239 qui
2799 4171 3034 4234 noverit,
3077 4171 3294 4222 audisti.
3343 4170 3532 4242 Cogita

1956 4263 2096 4315 enim
2131 4261 2221 4314 Dei
2281 4274 2466 4313 vocem
2520 4267 2726 4311 naturae
2763 4272 2885 4312 esse
2930 4257 3286 4318 effectricem,
3333 4273 3394 4308 ac
3440 4271 3535 4323 per

1958 4359 2282 4422 pvzeceptum
2341 4348 2492 4412 illud,
2525 4348 2668 4416 quod
2715 4358 2980 4401 creaturae
3031 4349 3213 4403 datum
3248 4356 3377 4400 tunc
3427 4355 3534 4408 est,

1959 4447 2173 4498 mudnm
2205 4460 2266 4496 ac
2283 4443 2527 4496 ordinem
2550 4442 2751 4496 creatis
2776 4442 2936 4495 rebus
2960 4441 3012 4494 in
3043 4439 3283 4492 futurum
3311 4439 3532 4507 imponi.

281 4537 402 4590 κατ’
433 4529 740 4607 ἰσομοιρίαν
785 4536 1161 4606 διαιρούμεναι
1192 4536 1282 4587 τὸν
1313 4537 1500 4606 χρόνον
1529 4535 1629 4587 οὐκ
1651 4534 1843 4604 ἀπολή-

1963 4539 2155 4590 Creata
2200 4545 2325 4588 sunt
2354 4534 2499 4586 enim
2530 4532 2698 4585 semel
2721 4533 2835 4584 dies
2858 4541 2911 4585 et
2952 4546 3094 4594 nox;
3127 4541 3179 4582 et
3208 4546 3272 4582 ex
3304 4529 3393 4583 ilio
3419 4546 3538 4582 mo-

282 4645 380 4696 γου
388 4645 490 4684 σιν.

356 4812 407 4865 5.
451 4811 809 4880 Συναχθήτω
822 4811 895 4864 τὰ
924 4810 1129 4864 ὕδατα.
1169 4809 1490 4880 Ἑκελεύσθη
1518 4810 1728 4881 τρέχειν
1756 4808 1861 4861 τῶν

287 4904 537 4974 ὑδάτωνή
578 4903 736 4972 φύσις
775 4904 909 4973 (71),
942 4905 1038 4957 καὶ
1075 4902 1328 4955 οὐδέποτε
1354 4902 1553 4972 κάμνει
1585 4900 1660 4971 τῷ
1696 4917 1862 4965 προσ-

286 4999 528 5068 τάγματι
593 4997 784 5066 ὲκείνῳ
823 4995 1300 5066 κατασπευδομένη
1361 4994 1642 5066 διηνεκῶς.
1694 4990 1863 5044 Τοῦτο

287 5089 344 5142 δὲ
388 5089 549 5156 λέγω,
582 5088 717 5157 πρὶς
748 5089 846 5158 τὴν
896 5089 1058 5159 ρυτὴν
1098 5087 1318 5158 ἀφορῶν
1363 5086 1474 5139 τῶν
1509 5085 1714 5139 ὑδάτων
1748 5084 1863 5152 μοῖο

291 5200 411 5253 ραν.
432 5181 512 5233 Τά
541 5183 638 5252 μὲν
671 5184 775 5250 γάρ
809 5182 1086 5251 αὐτόματα
1129 5184 1231 5251 ῥεῖ,
1264 5175 1372 5234 οἷον
1402 5180 1469 5234 τὰ
1515 5180 1750 5250 κρηναῖα
1772 5176 1867 5228 καὶ

288 5270 356 5321 τὰ
387 5272 657 5341 ποτάμια·
685 5271 757 5327 ,τά
784 5270 840 5323 δὲ
890 5270 1251 5342 συλλογιμαῖά
1278 5272 1394 5323 ἐστι
1442 5271 1535 5321 καὶ
1564 5267 1864 5336 ἁπόρευτα.

303 5361 442 5413 Ἀλλ’
475 5363 597 5428 ἐμοὶ
631 5361 725 5415 νῦν
757 5363 886 5431 περὶ
919 5362 1029 5415 τῶν
1055 5362 1369 5432 ὁρμητικῶν
1405 5361 1611 5414 ὑδάτων
1636 5362 1664 5412 ὁ
1689 5357 1864 5426 λόγος.

372 5608 479 5682 (οξ)
503 5610 636 5682 Reg.
676 5625 860 5666 sextus
882 5613 1116 5682 εἴρηται.

370 5680 480 5751 (69)
511 5681 862 5752 Sic_quiuquc
894 5680 1023 5736 mss.
1079 5682 1218 5735 Eiliti
1266 5682 1434 5752 τύχοι.
1467 5682 1584 5734 Mox
1633 5692 1870 5745 quatuor

301 5750 577 5824 nisi-eum
607 5750 1090 5824 Βοάιςμεταρρυῇ,
1118 5755 1275 5808 bene.
1314 5750 1449 5805 Editi
1490 5755 1759 5822 μεταρρῇ.

374 5819 486 5890 (70)
509 5819 638 5892 Reg.
694 5819 902 5892 primus
929 5819 1065 5878 'c'um'
1099 5824 1342 5879 Guntbef.
1385 5819 1574 5892 ὅτιπερ
1609 5819 1869 5892 περίρρε-

1963 4630 2140 4675 mento
2167 4621 2328 4673 etiam
2378 4633 2520 4670 nunc
2562 4617 2662 4670 sibi
2715 4616 2948 4670 invicem
3000 4617 3323 4679 succedere,
3376 4631 3439 4669 ac
3485 4617 3538 4669 itt

1961 4724 2140 4784 partes
2175 4711 2410 4780 :cquales
2439 4720 2647 4778 tempus
2680 4707 2921 4763 dividere
2954 4726 3057 4762 non
3085 4708 3360 4761 desinunt.

2030 4808 2084 4861 ὅ.
2113 4804 2502 4874 Cangregentur
2524 4818 2697 4872 aqua.
2738 4799 2894 4856 Jussa
2919 4810 3000 4854 est
3031 4813 3252 4853 currere
3277 4813 3540 4866 aquarum

1963 4911 2176 4964 natura,
2214 4915 2311 4953 nec
2340 4915 2574 4968 unquam
2611 4905 2883 4966 pmcepto
2923 4896 3014 4950 illo
3041 4911 3158 4949 eam
3190 4911 3404 4963 semper
3451 4911 3542 4948 ur-

1969 5005 2126 5063 gente
2164 4991 2441 5060 fatigatur.
2479 4989 2590 5042 Hoc
2615 4997 2796 5042 autem
2838 4987 2976 5050 dico,
3009 4987 3074 5040 ad
3105 4985 3324 5039 fluidam
3369 5000 3544 5055 aqua-

1972 5101 2086 5138 rum
2145 5094 2349 5138 sortem
2411 5083 2728 5150 respiciens.
2773 5079 2907 5133 Alia:
2947 5080 3165 5149 quidem
3209 5093 3303 5132 sua
3353 5087 3547 5146 sponte

1972 5177 2161 5239 ﬂuunt,
2188 5175 2489 5244 cuiusmodi
2516 5183 2641 5227 sunt
2671 5172 2903 5226 fontante
2961 5182 3015 5226 et
3061 5169 3385 5226 ﬂuviatiles:
3426 5169 3548 5223 aliae

1971 5275 2098 5321 vero
2132 5277 2259 5321 sunt
2303 5266 2605 5320 collectitim
2641 5273 2694 5317 et
2724 5264 2967 5317 stabiles.
3024 5263 3182 5332 Atqui
3217 5277 3356 5315 nunc
3414 5262 3545 5314 mihi

1973 5375 2152 5414 sermo
2181 5363 2352 5413 estde
2386 5357 2540 5427 aquis
2571 5357 2773 5423 impetu
2803 5356 3035 5424 quodam
3060 5357 3365 5409 commotis.
3393 5351 3549 5405 Con-

1973 5610 2094 5672 πές.
2120 5607 2251 5679 Reg.
2279 5610 2469 5665 tertius
2494 5610 2575 5661 ὅτι
2613 5605 2914 5679 διεῤῥεπές.
2940 5605 3140 5679 Ibidem
3177 5604 3325 5657 deest
3355 5603 3468 5654 ἐστι
3493 5603 3543 5655 in

1973 5681 2134 5734 editis
2165 5697 2178 5731 :
2207 5676 2299 5732 sed
2325 5682 2593 5738 reperitur
2634 5676 2841 5731 iniuss.
2878 5676 3151 5730 omnibus.

2031 5751 2156 5834 ⁹(Ἠ)
2193 5750 2330 5807 Editi
2361 5751 2566 5805 ὑδάτων
2599 5749 2779 5819 φύσις.
2818 5748 2884 5802 At
2918 5762 3046 5801 mss,
3096 5745 3244 5800 multi
3275 5745 3481 5799 ὑδάτων
3515 5743 3552 5815 ή

1975 5838 2154 5890 φυσις.
