4058 6438
544 371 613 425 85
1901 380 1958 436 S.
2001 378 2123 432 ΒΑΕ

2231 375 2249 429 l
2287 376 2502 432 MACNI
3735 371 3808 426 84

539 498 820 568 ςνεθειιιοιιτ
849 507 1002 560 aqua
1043 509 1097 544 tn
1147 495 1600 564 congregationem
1626 512 1808 549 unam.
1845 496 1981 551 Num
2025 513 2123 548 un-

2228 498 2271 547 Σ
2277 513 2389 547 vra
2395 493 2589 561 χθήτω
2609 494 2677 546 τὰ
2706 492 2893 546 ὕδατα
2919 495 3004 556 εἰς
3028 489 3568 559 συναγωγὴιθμίαν.
3586 490 3653 544 Εἴ
3674 491 3810 541 ποτέ

540 596 699 648 quam
727 583 818 634 tibi
847 592 1066 652 propter
1092 583 1198 654 35
1237 585 1437 639 fontem
1464 602 1658 656 aquam
1685 587 1960 656 copiosam
2001 601 2125 656 ege-

540 684 745 728 rentem
769 675 931 729 stanti
961 675 1153 730 insedit
1174 676 1451 745 cogitatio,
1473 680 1592 748 quis
1615 695 1680 732 ex
1701 689 1858 734 terrze
1881 681 2004 736 sinu
2027 680 2127 732 im-

541 766 702 834 pellat
730 767 874 820 illam
914 769 1154 837 aquam?
1197 771 1320 838 quis
1372 773 1543 842 ipsam
1574 772 1802 828 ulterius
1829 772 2123 838 adnrgeat?

541 858 716 926 qualia
766 858 870 912 sint
901 862 1264 930 promptuaria
1310 865 1450 917 unde
1475 865 1762 932 procedit?
1796 868 1917 934 quis
1942 867 2014 917 sit
2049 865 2125 918 lo—

541 965 636 1003 cus
681 951 746 1004 ad
773 966 932 1020 quem
973 952 1231 1007 festinat?
1253 955 1523 1024 quomodo
1568 958 1784 1012 tandem
1806 971 1980 1025 neque
2012 957 2124 1010 ha-c

541 1043 818 1107 deliciant,
847 1060 1017 1113 neque
1036 1045 1122 1098 illa
1147 1047 1501 1115 expleantur?
1529 1045 1722 1104 lsthaec
1745 1066 1808 1102 ex
1829 1051 2002 1116 prima
2035 1050 2121 1103 illa

539 1148 673 1188 voce
697 1136 1020 1205 dependent.
1042 1136 1169 1193 Inde
1187 1139 1404 1192 incitata
1423 1154 1564 1206 aqua
1591 1143 1752 1195 estad
1773 1141 2120 1194 currendum.

551 1225 634 1279 Ad
679 1241 899 1280 omnem
938 1243 1202 1296 aquarum
1262 1229 1564 1294 historiam,
1622 1232 1806 1300 prima:
1860 1231 2001 1285 illius
2031 1247 2124 1286 vo-

553 1317 652 1383 cis,
679 1317 1070 1389 Congregentur
1095 1336 1263 1388 aqum,
1286 1336 1492 1374 memor
1518 1333 1655 1376 esto.
1678 1321 1973 1390 Oportebat
2006 1338 2118 1388 eas,

551 1418 610 1463 ut
638 1413 910 1479 proprium
946 1412 1117 1464 locum
1152 1423 1500 1481 occuparent,
1549 1416 1880 1480 decurrere;
1930 1415 2121 1470 deinde

541 1500 688 1568 ipsas
719 1502 768 1553 in
798 1501 1014 1554 statutis
1050 1501 1180 1557 locis
1237 1511 1473 1569 coactas,
1534 1505 1587 1559 in
1637 1505 1835 1574 seipsis
1879 1521 2118 1573 manere,

543 1609 643 1647 nec
678 1592 905 1649 ulterius
931 1597 1198 1664 progredi.
1235 1596 1575 1667 Quapropter
1632 1601 1928 1652 secundum
1981 1600 2119 1655 hanc

539 1685 879 1739 Ecclesiaste
912 1687 1259 1751 sententiam,
1297 1687 1487 1742 Omnes
1517 1699 1767 1743 torrentes
1817 1692 2008 1743 vadunt
2063 1692 2119 1745 in

539 1793 703 1842 mare,
728 1789 774 1831 et
829 1795 972 1832 mare
1006 1795 1109 1833 non
1164 1790 1237 1833 est
1276 1781 1542 1847 impletum
1570 1782 1637 1834 θ’.
1676 1782 1805 1835 Nam
1845 1795 1900 1836 et
1948 1781 2118 1838 ﬂuunt

540 1886 698 1934 aqua:
727 1871 780 1923 vi
813 1871 980 1924 divini
1018 1873 1288 1940 prmcepli,
1320 1881 1375 1925 et
1406 1872 1575 1928 maris
1610 1874 1748 1928 intra
1781 1889 1907 1928 suos
1931 1879 2116 1930 termi-

541 1975 641 2016 nos
671 1962 1099 2030 circumscriptio
1124 1979 1152 2015 a
1184 1963 1354 2031 prima
1396 1965 1528 2035 legis
1560 1967 1842 2021 sanctione
1869 1969 2070 2037 pendet
2101 1988 2117 2024 :

541 2052 931 2122 Congregenlur
961 2071 1111 2125 aqua
1161 2056 1215 2109 in
1243 2059 1690 2127 congregationem
1745 2074 1926 2114 unam.
1957 2060 2026 2116 Ut
2055 2077 2120 2116 ne

539 2144 784 2199 diﬂluens
810 2161 966 2216 aqua,
1001 2147 1052 2200 in
1091 2150 1334 2215 regiones
1366 2151 1534 2216 ipsam
1562 2150 1898 2220 excipientes
1924 2153 2116 2218 eﬂ‘usa,

541 2237 940 2306 transgrediens
970 2251 1205 2304 semper,
1225 2250 1384 2306 atque
1407 2239 1540 2294 alias
1571 2251 1693 2311 post
1719 2242 1852 2297 alias
1875 2247 2117 2310 explens,

539 2341 752 2381 omnem
783 2337 979 2382 terram
1029 2333 1393 2386 cnntinentem
1430 2333 1734 2394 iuundaret.
1774 2338 1925 2402 jnssa
1951 2349 2033 2392 est
2067 2341 2116 2390 in

540 2435 704 2472 unam
765 2425 1241 2492 congregationem
1287 2425 1481 2495 colligi.
1532 2427 1613 2482 0h
1648 2428 1698 2481 id
1750 2443 2121 2497 saepenumero

541 2511 925 2569 ventis-furens
959 2531 1125 2580 mare,
1150 2526 1201 2571 et
1227 2532 1334 2585 pra:
1375 2519 1620 2570 ﬂuctibus
1645 2519 1695 2571 in
1724 2521 2010 2574 maximam
2041 2524 2120 2574 al-

541 2596 826 2659 titudinem
877 2623 1192 2678 exsurgens,
1230 2611 1314 2662 uhi
1359 2608 1534 2660 littora
1586 2609 1759 2663 solum
1795 2613 1990 2681 attigit,
2032 2615 2123 2666 im-

542 2705 665 2762 petu
717 2695 769 2748 in
826 2712 1070 2763 spumam
1109 2698 1400 2760 dissoluto,
1435 2700 1740 2756 revertitur.
1767 2701 1848 2754 An
1897 2720 1976 2755 me
2022 2722 2124 2758 non

540 2783 807 2846 timebilis,
834 2785 961 2838 dicit
996 2786 1269 2852 Dominus,
1303 2792 1391 2857 qui
1421 2793 1569 2855 posui
1601 2808 1816 2846 arenam
1849 2796 2122 2851 terminum

540 2875 678 2926 mari
710 2873 754 2904 "
785 2874 810 2927 ἵ
836 2874 980 2930 Mare
1023 2877 1176 2945 cujus
1219 2879 1468 2933 violentia
1505 2881 1632 2936 ferri
1677 2899 1780 2938 non
1824 2895 2030 2952 potest,
2068 2903 2124 2941 re

542 2965 782 3018 omnium
821 2965 1203 3022 invalidissitna
1228 3010 1242 3032 ,
1273 2985 1434 3025 arena
1480 2972 1682 3028 scilicet
1723 2976 2024 3030 refrenatur
2064 2995 2126 3031 ac

544 3066 840 3108 coercetur.
896 3057 1103 3126 Alioqui
1145 3061 1272 3127 quid
1307 3063 1637 3129 prohiberet
1685 3079 1833 3119 mare
1887 3065 2123 3121 Rubrum

543 3159 755 3199 omnem
788 3146 1076 3218 IEgyplum
1101 3165 1156 3202 se
1187 3151 1299 3217 ipso
1332 3152 1704 3206 demissiorem
1732 3156 1987 3210 invadere
2009 3197 2021 3218 ,
2042 3159 2122 3210 ei-
2151 3191 2195 3249 ρ

545 3253 650 3305 que
673 3238 1032 3309 pelago,quod
1063 3239 1296 3312 Egypto
1323 3243 1531 3311 adjacet
1558 3245 1827 3316 conjungi,
1854 3247 1952 3301 nisi
1982 3247 2132 3303 esset

545 3330 852 3385 Conditoris
870 3343 1134 3401 praecepto
1156 3333 1464 3403 alligatum?
1485 3331 1617 3389 Nam
1649 3337 1738 3406 qui
1775 3338 1941 3392 maria
1965 3337 2130 3411 Αἰθι-

543 3421 784 3490 ptiacum
817 3437 869 3477 et
896 3423 1158 3487 Indicum,
1193 3427 1242 3478 in
1276 3441 1381 3494 quo
1404 3437 1486 3480 est
1510 3443 1658 3483 mare
1694 3429 1958 3493 Rubrum,
1990 3432 2130 3487 inter

543 3526 603 3566 se
636 3513 968 3583 conjungere
1023 3516 1326 3575 voluerunt.
1359 3518 1392 3570 ii
1425 3517 1719 3588 Egyptum
1779 3525 1914 3575 mari
1945 3523 2130 3579 Rubro

545 3606 915 3661 demissiorem
943 3622 1063 3661 esse
1095 3610 1251 3663 nobis
1284 3609 1461 3677 reipsa
1487 3622 1889 3677 persuaserunt.
1923 3615 2126 3680 Quam-

545 3701 732 3753 obrem
756 3700 1012 3754 destitere
1047 3700 1115 3753 ab
1148 3703 1363 3770 incepto
1408 3700 1696 3772 .Egyptius
1717 3704 1806 3758 ille
1838 3703 2123 3772 Sesostris,

545 3791 636 3858 qui
673 3791 723 3844 id
753 3807 1038 3862 aggressus
1065 3803 1149 3848 est
1177 3796 1403 3862 primus,
1432 3806 1660 3864 tumque
1690 3797 1884 3850 Darius
1916 3797 2123 3862 Medus,

543 3881 634 3948 qui
665 3882 764 3934 hoc
796 3882 968 3951 ipsum
1017 3886 1274 3951 perlicere
1310 3886 1362 3938 in
1397 3889 1634 3940 animum
1666 3888 1970 3944 induxerat.
1999 3888 2124 3944 Haec

544 3985 577 4025 ο
610 3985 696 4026 me
722 3972 863 4026 dicta
893 3984 1037 4038 sunt,
1067 3983 1124 4028 ut
1172 3977 1278 4029 vim
1311 3986 1474 4045 atque
1506 3975 1799 4032 elﬁcaciam
1854 3980 2123 4050 intelliga-

545 4078 668 4116 mus
724 4062 886 4128 illius,
935 4064 1326 4136 Congregentur
1358 4085 1508 4138 aqua:
1561 4069 1616 4123 in
1671 4072 2125 4141 congregationem

545 4169 727 4207 unam.
759 4154 868 4210 Hoc
892 4167 994 4224 est,
1021 4159 1139 4210 Alia
1174 4169 1294 4227 post
1325 4161 1464 4213 hanc
1512 4165 1860 4232 congregatio
1905 4165 2126 4218 minime

547 4245 675 4308 ﬁat,
711 4247 802 4300 sed
834 4249 884 4302 id
912 4252 1053 4318 quod
1085 4251 1370 4305 collectum
1400 4253 1500 4316 est,
1524 4252 1574 4305 in
1606 4254 1777 4321 prima
1808 4254 2124 4308 collectione

546 4347 875 4405 permaneat.

622 4611 671 4662 ι.
721 4611 921 4666 Deinde
971 4613 1061 4681 qui
1115 4628 1281 4683 aquas
1330 4613 1464 4667 dixit
1513 4613 1827 4685 congregari
1864 4615 1916 4669 in
1952 4631 2113 4669 unam

621 4746 664 4776 "
697 4745 876 4800 Eccle.
910 4763 948 4810 ι,
988 4747 1037 4802 7.
1119 4747 1163 4778 ⁸³
1201 4746 1310 4802 Jer.
1341 4763 1394 4810 ν,
1427 4746 1519 4803 22.

649 4879 734 4948 72)
758 4879 831 4932 lta
855 4893 986 4934 mss.
1023 4882 1294 4948 permulti.
1330 4881 1491 4937 Deest
1511 4882 1669 4936 τοῦτο
1697 4883 1749 4936 in
1777 4883 1960 4937 editis.

549 5020 580 5073 λ
621 4944 732 5036 (75)
763 4951 839 5002 lla
869 4944 1086 5019 plurimi
1121 4967 1252 5006 mss.
1290 4953 1432 5006 Editi
1457 4970 1580 5008 cum
1613 4953 1748 5022 Reg.
1792 4956 1953 5008 tertio
1993 4957 2118 5008 ἑπι-

585 5036 749 5072 ειπει.

624 5090 736 5168 (74)
766 5087 898 5168 Reg.
931 5101 1123 5144 sextus
1141 5091 1470 5168 καταλάϐοι.
1496 5093 1791 5164 Aliquanto
1826 5103 1948 5164 post
1984 5101 2119 5168 Reg.

549 5159 756 5233 primus
787 5162 860 5233 μὴ
892 5165 1212 5233 συγχωρεῖν.

622 5229 734 5298 (75)
773 5229 862 5283 Sic
896 5229 1026 5287 mss.
1061 5229 1252 5287 nostri.
1296 5233 1455 5287 Deest
1478 5234 1574 5286 τοῦ
1599 5236 1650 5286 in
1681 5235 1916 5297 editione
1941 5237 2119 5294 Paris.

550 5299 760 5366 Anglici
803 5301 1024 5376 quidam
1073 5304 1124 5355 in
1183 5303 1362 5376 Duca'i
1413 5305 1556 5359 notis
1603 5303 2118 5376 Ἐκκλησιαστικοῦ,

550 5379 738 5444 contra
764 5374 1144 5424 auctoritatem
1181 5372 1445 5426 librorum
1481 5385 1591 5427 tum
1618 5372 1972 5444 excusorum,
2007 5387 2118 5432 tum

554 5440 761 5493 calamo
787 5452 1157 5493 exaratorutn.
1377 5468 1380 5471 ·

760 5507 851 5585 S_ic
878 5512 1115 5585 quinque
1149 5526 1279 5585 mss.
1310 5510 1453 5585 Editi
1480 5515 1943 5585 περιγράφεσθαι.

626 5578 739 5655 (77)
780 5579 1164 5655 Regaquint‘us
1187 5583 1235 5632 εί
1260 5581 1474 5655 ἐμὲ-οὑ.
1504 5578 1754 5655 ιλΧΧμὴ
1780 5588 1878 5655 ἐμὲ
1900 5588 1981 5639 οὐ.
2006 5586 2124 5639 Sta-

556 5650 652 5701 tltn
670 5649 810 5726 Reg.
846 5649 1063 5716 quintus
1088 5651 1212 5721 ὅρια
1232 5649 1336 5726 τῇτ-
1355 5653 1472 5706 Mox
1491 5655 1654 5707 editio
1682 5649 1855 5710 Paris.
1883 5655 2124 5726 χαλινοῦ-

556 5736 643 5792 ται
668 5717 913 5792 θάλασσα
938 5736 958 5792 γε
985 5736 1104 5789 quae
1124 5717 1228 5792 'vox
1254 5717 1496 5776 θάλασσα
1531 5725 1797 5792 reperitur
1823 5717 2038 5788 quidem
2073 5729 2122 5778 in

559 5789 797 5859 Anglicis
825 5790 980 5846 libris
1025 5807 1038 5844 :
1076 5791 1170 5848 sed
1205 5793 1359 5849 deest
1397 5797 1448 5849 in
1505 5789 1734 5865 utroque
1786 5797 1917 5852 Duc.
1970 5808 2023 5852 et
2071 5798 2123 5852 in

2229 603 2310 638 σοι
2357 587 2449 639 ἐπὶ
2501 586 2710 657 κρήνης
2753 585 2948 638 ἑστῶτι
2991 585 3222 653 ἄφθονον
3269 583 3411 652 ὕδωρ
3452 583 3809 651 ἀναδιδούσης

2225 678 2402 732 ἔννοια
2428 680 2665 748 ἐγένετο,
2693 679 2774 742 τίς
2800 677 2827 728 6
2869 675 3026 728 ὠθῶν
3073 680 3136 730 ὲκ
3162 677 3267 730 τῶν
3299 675 3536 742 λαγόνων
3570 677 3670 747 τῆς
3701 674 3812 743 γῆς

2227 770 2384 823 τοῦτο
2421 772 2533 842 (72)
2572 770 2631 822 τὸ
2663 769 2839 841 ὓδωρ;
2876 768 2958 829 τίς
3000 770 3028 819 ὁ
3070 770 3305 837 ἐπείγων
3336 767 3427 821 ἐπὶ
3475 766 3541 818 τὰ
3575 771 3809 838 πρόσω;

2224 865 2354 915 ποῖα
2400 865 2600 932 ταμεῖα
2644 860 2764 914 ὅθεν
2817 859 3171 931 προέρχεται;
3216 861 3298 923 τίς
3341 863 3368 912 6
3419 859 3581 920 τόπος
3633 860 3720 926 ἐφ’
3747 859 3813 911 ὃν

2227 957 2540 1023 ἐπείγεται;
2573 954 2688 1016 πῶς
2713 955 2807 1006 καὶ
2836 953 3008 1007 ταῦτα
3036 952 3136 1003 οὑκ
3153 951 3394 1006 ἐκλείπει
3413 953 3546 1023 (75),
3577 951 3814 1004 κάκεῖνα

2225 1049 2324 1100 οὐκ
2348 1046 2764 1116 άποπίμπλαται
2783 1063 2796 1109 ;
2817 1046 2999 1099 Ταῦτα
3017 1045 3116 1114 τῆς
3137 1043 3358 1113 πρώτης
3388 1046 3602 1114 ἐκείνης
3620 1045 3812 1112 φωνῆς

2223 1140 2474 1211 ἢρτηται.
2509 1137 2859 1191 Ἐκεῖθεντοῦ
2886 1139 3097 1208 τρέχειν
3131 1135 3206 1206 τῷ
3241 1135 3392 1188 ὕδατι
3423 1140 3482 1190 τὸ
3506 1137 3807 1206 ἐνδόσιμον.

2223 1232 2376 1285 Κατὰ
2410 1231 2588 1282 πᾶσαν
2635 1230 2874 1300 ἱστορίαν
2902 1231 3129 1296 ὑδάτων,
3167 1229 3410 1301 μέμνησο
3445 1232 3544 1300 τῆς
3580 1228 3814 1302 πρώτης

2227 1325 2430 1393 φωνῆς’
2462 1322 2823 1392 Συναχθήτω
2859 1322 2930 1372 τὰ
2961 1322 3168 1377 ὕδατα.
3202 1322 3347 1375 Ἔδει
3369 1320 3599 1390 δραμεῖν
3637 1321 3809 1383 αὐτὰ,

2225 1416 2311 1468 ῖνα
2335 1413 2430 1484 τὴν
2457 1415 2662 1467 οἰκείαν
2693 1413 2969 1484 καταλάϐῃ
3005 1413 3114 1482 (74)
3143 1413 3344 1485 χώραν·
3384 1409 3500 1465 εἶτα
3534 1416 3814 1486 γενόμενα

2222 1513 2279 1563 ὲν
2304 1511 2415 1570 τοῖς
2439 1509 2845 1580 ἀφωρισμένοις
2877 1505 3081 1569 τόποις,
3123 1506 3301 1574 μένειν
3328 1507 3411 1575 ἐφ’
3443 1506 3670 1570 ἑαυτῶν,
3711 1508 3816 1560 καὶ

2224 1603 2296 1673 μὴ
2328 1604 2523 1671 χωρεῖν
2569 1599 2896 1670 περαιτέρω.
2935 1598 3032 1650 Διὰ
3065 1597 3240 1661 τοῦτο,
3269 1599 3409 1652 κατὰ
3440 1597 3532 1649 τὸν
3566 1598 3660 1649 τοῦ
3692 1600 3813 1670 (75)

2233 1689 2656 1759 Ἐκκλησιαστοῦ
2695 1689 2872 1755 λόγον,
2907 1687 3133 1750 Πάντες
3149 1688 3202 1738 οἱ
3235 1688 3532 1755 χείμαρῤοι
3566 1687 3660 1737 ἐπὶ
3691 1689 3816 1752 τὴν

2221 1785 2537 1835 θάλασσαν
2568 1780 2939 1846 πορεύονται,
2993 1777 3088 1830 καὶ
3118 1777 3155 1844 ἡ
3185 1776 3463 1832 θάλασσα
3493 1780 3603 1830 οὐκ
3632 1777 3818 1831 ἔστιν

2219 1873 2702 1946 ἐμπιμπλαμένη.
2743 1871 2960 1942 Ἐπειδὴ
2995 1871 3086 1924 καὶ
3121 1870 3181 1921 τὸ
3233 1873 3347 1941 ρεῖν
3375 1875 3483 1935 τοῖς
3513 1872 3663 1925 ὖδασι
3717 1870 3817 1922 διὰ

2220 1968 2279 2022 τὸ
2306 1967 2445 2020 θεῖον
2482 1966 2830 2036 πρόσταγμα,
2881 1966 2974 2016 καὶ
3014 1963 3072 2014 τὸ
3106 1962 3237 2014 εἵσω
3275 1963 3383 2017 τῶν
3411 1967 3550 2036 ὅρων
3579 1978 3812 2033 περιγε-

2221 2059 2460 2132 γράφθαι
2498 2058 2610 2127 (76)
2639 2057 2738 2127 τὴν
2769 2057 3062 2116 Θάλασσαν,
3096 2055 3232 2114 ,ἀπὸ
3264 2058 3364 2128 τῆς
3413 2057 3632 2128 πρώτης
3690 2057 3814 2107 ἐστὶ

2217 2148 2562 2219 νομοθεσίας*
2613 2147 2976 2217 Συναχθήτω
3003 2145 3074 2198 τὰ
3103 2147 3291 2200 ὕδατα
3322 2150 3407 2212 εὶς
3443 2147 3814 2216 συναγωγὴν

2211 2240 2379 2308 μίαν.
2403 2241 2518 2290 Ἵνα
2549 2237 2700 2309 μὴτὸ
2730 2235 2983 2310 ἐπιρρέον
3015 2235 3180 2309 ὕδωρ,
3207 2237 3313 2288 τῶν
3342 2237 3643 2306 δεχομένων
3675 2238 3814 2290 αὐτὸ

2218 2331 2432 2403 χωρίων
2480 2332 2899 2401 ὑπερχεόμενον,
2932 2330 3279 2398 μετεκὸαἴνον
3313 2329 3398 2379 ἀεὶ
3448 2329 3543 2379 καὶ
3577 2327 3713 2380 ἄλλα
3746 2330 3810 2394 ἐξ

2221 2423 2394 2476 ἄλλων
2435 2423 2697 2495 πληροῦν,
2762 2423 2941 2473 πᾶσαν
2990 2421 3129 2474 κατά
3179 2420 3237 2471 τὸ
3288 2420 3506 2488 συνεχὲς
3535 2418 3812 2492 ἐπικλύσῃ

2221 2516 2318 2586 τὴν
2348 2516 2595 2586 ἧπειρον,
2655 2511 2949 2581 ἐκελεύσθη
2993 2511 3320 2580 συναχθῆναι
3354 2513 3434 2574 είς
3483 2513 3809 2582 συναγωγὴν

2225 2606 2373 2675 μίαν.
2429 2606 2526 2658 Διὰ
2576 2603 2733 2655 τοῦτο
2783 2602 3083 2672 μαινομένη
3141 2601 3400 2664 πολλάκις
3433 2601 3492 2666 ἐξ
3520 2603 3738 2673 ἀνέμων
3773 2607 3807 2674 ἡ

2223 2699 2488 2758 θάλασσα,
2524 2697 2616 2749 καὶ
2674 2697 2752 2757 εἰς
2793 2695 2926 2763 ὕψος
2965 2695 3219 2764 μέγιστον
3275 2695 3658 2766 διανισταμένη
3691 2699 3808 2759 τοῖς

2223 2787 2482 2858 κύμασιν,
2536 2784 2752 2838 ἐπειδὰν
2800 2784 2960 2854 μόνον
2989 2783 3095 2836 τῶν
3149 2783 3412 2852 αἰγιαλῶν
3454 2785 3679 2855 ἅψηται,
3725 2787 3808 2847 εἰς

2226 2878 2402 2949 ἀφρὸν
2448 2877 2746 2930 διαλύσασα
2798 2877 2897 2947 τὴν
2950 2877 3125 2948 ὁρμὴν
3185 2877 3503 2946 ἐπανῆλθεν.
3577 2879 3648 2932 Ἦ
3699 2879 3810 2947 ἐμὲ

2223 2972 2294 3024 οὑ
2347 2968 2461 3040 (77)
2489 2967 2930 3038 φοϐηθήσεσθε,
2962 2968 3123 3038 λέγει
3169 2970 3403 3037 Κύριος,
3437 2970 3545 3022 τὸν
3569 2969 3809 3024 τιθέντα

2224 3059 2418 3129 ἅμμον
2433 3059 2598 3126 ὅριον
2619 3058 2692 3126 τῇ
2719 3059 3000 3126 θαλάσσῃ
3029 3075 3047 3120 ;
3080 3059 3168 3128 Τῷ
3183 3061 3561 3131 ἀσθενεστάτῳ
3586 3063 3807 3114 πάντων

2225 3156 2290 3221 τῇ
2312 3153 2579 3222 ψάμμῳή
2623 3155 2740 3212 ταῖς
2773 3152 2914 3220 βίαις
2949 3151 3222 3221 ἀφόρητος
3273 3153 3604 3222 χαλινοῦται.
3651 3155 3808 3206 Ἐπεὶ

2227 3244 2280 3296 τί
2309 3244 2514 3296 ἐκώλυε
2555 3243 2652 3313 τὴν
2700 3241 2963 3312 Ἐρυθρὰν
3001 3241 3271 3294 θάλασσαν
3306 3245 3484 3296 πᾶσαν
3509 3244 3607 3313 τὴν
3634 3243 3806 3311 Αἴγυ-

2229 3352 2359 3387 πτον
2383 3333 2691 3404 κοιλοτέραν
2721 3329 2884 3384 οὖσαν
2903 3333 3100 3402 ἑαυτῆς
3129 3331 3394 3397 ἐπελθεῖν,
3419 3333 3512 3386 καὶ
3534 3335 3808 3404 συναφθῆ-

2227 3443 2314 3480 ναι
2334 3424 2411 3496 τῷ
2443 3423 2831 3495 παρακειμένῳ
2859 3427 2923 3494 τῇ
2974 3423 3234 3494 Αἰγύπτῳ
3266 3424 3514 3492 πελάγει,
3539 3428 3586 3479 εί
3623 3429 3698 3499 μὴ
3727 3428 3809 3498 τῷ

2230 3519 2611 3590 προστάγματι
2661 3513 2728 3588 ἦν
2788 3516 3137 3586 πεπεδημένη
3185 3517 3279 3570 τοῦ
3330 3518 3644 3583 κτίσαντος;
3684 3522 3809 3573 Ὅτι

2227 3612 2333 3681 γὰρ
2385 3609 2740 3679 ταπεινοτέρα
2772 3611 2869 3680 τῆς
2915 3611 3178 3682 Ἐρυθρᾶς
3224 3611 3562 3681 θαλάσσηςή
3633 3613 3810 3678 Αἴγυ-

2227 3719 2378 3762 πτος,
2416 3702 2560 3771 ἔργῳ
2579 3702 2800 3753 ἔπεισαν
2830 3704 2976 3771 ἡμᾶς
3011 3706 3056 3755 ot
3082 3702 3405 3773 θελήσαντες
3439 3704 3684 3772 ἀλλήλοις
3738 3704 3810 3756 τὰ

2225 3791 2436 3860 πελάγη
2465 3791 2719 3860 συνάψαι,
2747 3792 2808 3843 τό
2837 3809 2897 3843 τε
2928 3792 3223 3859 Αίγύπτιον
3247 3795 3339 3846 καὶ
3364 3795 3424 3845 τὸ
3473 3795 3714 3862 Ἰνδικὸν,
3746 3797 3808 3848 ἐν

2223 3877 2334 3952 ᾧή
2395 3882 2632 3953 Ἐρυθρά
2678 3883 2792 3933 ἐστι
2843 3882 2954 3951 (78)
3007 3882 3265 3935 θάλασσα.
3313 3884 3512 3956 Διόπερ
3572 3886 3808 3956 ἐπέσχον

2222 3975 2320 4044 τὴν
2343 3975 2684 4045 ἐπιχείρησιν
2718 3975 2746 4026 ὃ
2770 3991 2827 4026 τε
2888 3974 3102 4045 πρῶτος
3157 3976 3267 4046 (79)
3299 3977 3602 4048 ἀρξάμενος
3631 3979 3811 4032 Σέσω-

2226 4083 2378 4136 στρις
2404 4067 2431 4118 6
2461 4067 2779 4134 Αἰγύπτιος,
2822 4067 2916 4118 καὶ
2967 4069 2994 4119 ὁ
3027 4067 3160 4137 μετὰ
3190 4067 3362 4121 ταῦτα.
3391 4069 3498 4140 (80)
3527 4069 3810 4140 βουληθεὶς

2224 4156 2692 4228 ὲπεξεργάσασθαι
2753 4159 2976 4229 Δαρεῖος
3004 4161 3032 4210 6
3058 4157 3260 4228 Μῆδος.
3315 4158 3499 4213 Ταῦτά
3537 4177 3625 4230 μοι
3648 4161 3806 4231 εἴρη-

2222 4267 2330 4311 ται,
2363 4249 2449 4300 ἵνα
2492 4250 2774 4319 νοήσωμεν
2816 4248 2913 4300 ’τοῦ
2955 4249 3374 4318 προστάγματος
3406 4251 3505 4321 τὴν
3549 4251 3802 4321 δύναμιν·

2221 4340 2580 4406 Συναχθήτω
2613 4340 2881 4392 τάῧὸατα
2929 4342 3016 4404 εὶς
3045 4341 3405 4410 συναγωγὴν
3435 4344 3600 4409 μίαν.
3637 4343 3808 4396 Τουτ-

2222 4431 2392 4492 έστιν,
2416 4430 2583 4499 ’Ἄλλη
2619 4431 2724 4482 ἀπὸ
2751 4423 2952 4496 ταύτης
2985 4430 3062 4497 μὴ
3103 4432 3517 4500 άπογενηθήτω,
3576 4433 3690 4483 ἀλλ’
3745 4435 3804 4485 ὲν

2141 4536 2190 4594 ι)
2217 4525 2281 4592 τῇ
2313 4525 2505 4592 πρώτῃ
2538 4521 2766 4592 συλλογῇ
2801 4523 3151 4591 άπομεινάτω
3178 4521 3239 4574 τὸ
3271 4523 3655 4592 συναγόμενον.

2289 4615 2342 4668 4.
2382 4615 2613 4666 Ἔπειτα
2651 4617 2678 4667 6
2699 4613 2867 4666 εἰπὼν
2899 4613 3227 4684 συναχθῆναι
3271 4615 3337 4666 τὰ
3367 4613 3533 4667 ὕδατα
3565 4618 3645 4679 εἰς
3678 4632 3804 4668 aw-

2226 4904 2317 4942 sex
2353 4889 2468 4942 aliis
2496 4903 2622 4940 mss.
2668 4902 2772 4940 non
2807 4903 2961 4941 secus
2990 4903 3052 4941 ac
3098 4888 3150 4940 in
3191 4887 3426 4940 editione
3475 4886 3638 4943 Basil.
3691 4892 3802 4945 Eu-

2227 4961 2462 5012 statbius
2496 4968 2671 5010 tamen
2705 4960 3114 5024 interpretatur,
3148 4959 3312 5011 Jussu
3363 4958 3457 5010 Dei
3489 4961 3798 5012 violentiam

2229 5031 2391 5082 maris
2433 5028 2624 5094 frenat.
2679 5028 3025 5080 Aristotelem
3091 5039 3307 5081 secutus
3369 5025 3602 5082 Basilius
3651 5031 3802 5083 amr-

2231 5100 2393 5152 mavit
2441 5096 2730 5166 Egyptum
2786 5098 2917 5150 mari
2972 5095 3156 5150 Rubro
3219 5097 3615 5162 depressior-em
3676 5118 3800 5152 esse

2229 5179 2389 5235 atque
2429 5168 2769 5221 humiliorem
2803 5187 2814 5220 :
2843 5169 2935 5238 sed
2983 5169 3179 5220 Strabo
3236 5166 3454 5238 natione
3505 5169 3796 5238 Egyptius

2222 5238 2417 5292 falsum
2455 5239 2504 5290 id
2550 5253 2671 5291 esse
2731 5239 2894 5289 tradit
2929 5237 3020 5289 lih.
3077 5254 3208 5292 xvu.
3265 5236 3437 5305 Legas
3482 5236 3643 5292 velim
3690 5240 3797 5292 Du-

2219 5324 2387 5363 caaum
2416 5323 2479 5360 ea
2505 5308 2568 5360 de
2599 5324 2653 5360 re
2679 5308 2885 5360 erudite
2907 5309 3282 5361 disserentem.

2293 5376 2402 5446 (78)
2431 5379 2504 5430 lla
2531 5379 2696 5430 editio
2722 5375 2886 5429 Basil.
2915 5393 3035 5429 cum
3084 5394 3176 5433 sex
3210 5394 3341 5432 mss.
3387 5377 3542 5430 Deest
3573 5378 3692 5428 ἐστι
3743 5382 3795 5431 in

2219 5448 2458 5501 editione
2490 5448 2662 5500 Paris.

2297 5517 2767 5602 (79)”Itq.codi'ce.s
2811 5531 2926 5569 sex.
2960 5517 3092 5587 Reg.
3130 5528 3352 5572 octavus
3397 5518 3486 5568 ὅτε
3537 5516 3786 5587 πρώτως.

2225 5586 2385 5641 Deest
2412 5586 2580 5639 ὃτεἾιι
2617 5586 2795 5640 editis.

2295 5657 2403 5725 (80)
2427 5657 2536 5710 Καὶ
2558 5658 2760 5725 ῥμετὰ
2787 5655 2989 5709 ταῦτα.
3027 5655 3155 5721 Reg.
3187 5668 3371 5709 sextus
3411 5651 3528 5708 εἶτα
3563 5657 3613 5709 6.
3651 5656 3796 5712 Infra

2227 5723 2369 5781 idem
2387 5723 2496 5783 ms.
2529 5723 2672 5797 εἶχον
2708 5728 2889 5780 πᾶσαν
2915 5726 3019 5780 τῶν
3044 5727 3248 5779 ὑδάτων
3282 5726 3564 5797 συλλογήν.
3659 5733 3671 5746 ’
