4058 6452
283 408 362 461 85
976 464 979 465 ν
1420 399 1705 454 HOMILIA
1749 398 1817 453 IV
1858 398 1923 452 IN
1965 401 2462 457 HEXAEMEBON.
3470 398 3539 450 86

284 523 514 591 αγωγὴν
541 521 686 590 μίαν.
732 519 899 584 ἔδειξέ
947 536 1028 573 σοι
1057 519 1138 571 ὅτι
1173 514 1342 570 πολλὰ
1374 511 1441 586 ἦν
1464 516 1605 568 κατὰ
1639 515 1861 578 πολλοὺς

1968 519 2460 588 congregationem,
2517 519 2779 587 plurimas
2838 515 3004 569 fuisse
3047 527 3214 582 aquas
3256 528 3349 582 per
3378 514 3539 568 multa

284 612 490 674 τόπους
520 611 820 683 διῃρημένα
876 611 945 663 τὰ
998 609 1183 663 ὕδατα.
1235 608 1303 660 Δί
1325 625 1382 660 τε
1422 607 1529 677 γὰρ
1581 606 1687 658 τῶν
1721 605 1861 676 ὀρῶν

283 702 618 772 κοιλότητες,
663 698 902 783 φάραγξι
950 701 1192 770 βαθείαις
1226 699 1659 769 ὑπερρηγμέναι,
1720 694 1861 766 εἶχον

282 794 396 845 τῶν
426 794 634 847 ὑδάτων
666 796 765 865 τὴν
794 796 1073 865 συλλογήν.
1101 795 1214 846 Καὶ
1245 793 1468 863 προσέτι
1501 791 1657 843 πεδία
1690 790 1861 843 πολλά

282 903 348 938 τε
401 886 492 938 καὶ
553 884 720 939 ὕπτια
774 886 922 939 οὐδὲν
967 884 1233 956 (81).τῶν
1290 884 1557 954 μεγίστων
1610 881 1860 948 πελαγῶν

284 975 431 1029 κατὰ
479 977 539 1029 τὸ
582 977 806 1046 μέγεθος
865 974 1182 1037 ἀποδέοντα,
1239 976 1333 1027 καὶ
1380 972 1617 1036 αὐλῶνες
1655 972 1859 1043 μυρίοι,

284 1070 385 1123 καὶ
411 1070 466 1123 αί
494 1069 739 1132 κοιλάδες
772 1070 890 1121 κατ’
934 1067 1068 1122 ἄλλα
1101 1068 1196 1120 καὶ
1222 1067 1355 1120 ἄλλα
1383 1067 1637 1136 σχήματα
1662 1066 1864 1118 κοιλαι-

283 1162 530 1233 νόμεναι,
568 1162 740 1215 πάντα
775 1160 983 1213 ὑδάτων
1029 1161 1148 1213 τότε
1200 1159 1627 1228 πεπληρωμένα,
1661 1159 1862 1210 ἀπεκε-

284 1251 435 1324 νώθη
458 1254 535 1324 τῷ
569 1253 697 1323 θείῳ
752 1252 1151 1324 προστάγματι,
1207 1250 1342 1321 πρὸς
1374 1250 1502 1319 μίαν
1543 1249 1862 1316 συναγωγὴν

281 1342 382 1396 τοῦ
414 1342 751 1412 πανταχόθεν
808 1341 997 1404 ὑδατος
1046 1336 1480 1399 συνελασθέντος.
1531 1337 1640 1388 Καὶ
1676 1336 1863 1406 μηδεὶς

282 1435 517 1503 λεγέτω,ι
543 1434 643 1494 ὅτι,
678 1433 850 1504 Εἴπερ
872 1428 938 1502 ἦν
978 1430 1120 1500 ὕδωρ
1150 1429 1333 1481 ἐπάνω
1358 1427 1458 1497 τῆς
1503 1427 1624 1496 γῆς,
1649 1428 1863 1486 πάντως

284 1527 458 1578 πᾶσαι
502 1524 558 1575 αἱ
594 1522 922 1597 κοιλότητες,
956 1521 1010 1573 αί
1042 1519 1135 1571 νῦν
1168 1518 1265 1589 τὴν
1300 1517 1573 1570 θάλασσαν
1600 1515 1861 1581 ὑποδεξά-

285 1634 468 1688 μεναι,
507 1615 933 1687 πεπληρωμέναι
968 1612 1231 1684 ὑπῆρχον.
1284 1610 1392 1664 Ποῦ
1423 1610 1598 1662 τοίνυν
1642 1607 1862 1678 ἔμελλον

280 1706 529 1776 γίνεσθαι
552 1706 659 1759 τῶν
686 1706 892 1759 ὑδάτων
926 1706 981 1756 αί
1018 1704 1273 1771 συλλογαί
1300 1701 1434 1771 (89.),
1458 1700 1864 1770 προκατειλημ-

285 1795 464 1867 μένων
494 1796 601 1850 τῶν
633 1797 855 1860 κοίλων;
892 1795 1036 1867 Πρὸς
1065 1795 1126 1864 δὴ
1170 1790 1326 1845 τοῦτο
1354 1790 1605 1861 ἐροῦμεν,
1634 1791 1714 1842 ὅτι
1740 1791 1862 1843 τότε

281 1890 381 1942 καὶ
405 1890 472 1943 τὰ
501 1891 696 1958 ἀγγεῖα
728 1886 1262 1957 συγκατεσκευάσθη,
1283 1883 1484 1936 ὅτιέδει
1512 1883 1640 1953 μίαν
1666 1881 1866 1935 σύστα-

281 1995 372 2031 σιν
401 1979 765 2051 ἀποκριθῆναι
805 1979 865 2030 τὸ
890 1975 1133 2047 ὕδωρ.οὑ
1161 1974 1270 2044 γὰρ
1300 1969 1368 2045 ἦν
1396 1975 1429 2042 ἡ
1464 1971 1568 2036 ἔξω
1592 1972 1862 2043 Γαδείρων

281 2068 548 2122 θάλασσα·
574 2069 694 2122 οὑδέ
728 2069 788 2122 τὸ
817 2069 955 2139 μέγα
993 2067 1168 2119 ἐκεῖνο
1214 2066 1309 2118 καὶ
1367 2064 1670 2135 ἀτόλμητον
1714 2064 1861 2117 πλω-

279 2159 447 2231 τῆρσι
470 2157 724 2226 πέλαγος,
773 2157 831 2210 τὸ
858 2138 953 2227 τὴν
1004 2154 1367 2226 Βρεττανικὴν
1412 2153 1577 2223 νῆσον
1609 2154 1704 2205 καὶ
1734 2153 1862 2215 τοὺς

280 2252 569 2324 ἑσπερίους
610 2250 832 2319 Ἴϐηρας
873 2247 1392 2319 περιπτυσσόμενον·
1420 2244 1555 2298 ἀλλὰ
1587 2244 1708 2296 τότε
1763 2243 1863 2313 τῆς

280 2342 621 2417 εὐρυχωρίας
666 2340 747 2411 τῷ
792 2342 1177 2412 προστάγματι
1210 2337 1305 2392 τοῦ
1359 2336 1494 2390 Θεοῦ
1528 2337 1863 2405 δημιουργηο

280 2437 488 2504 θείσης,
535 2434 619 2487 ἐπ’
650 2433 816 2503 αὑτὴν
867 2431 1124 2502 συνεδόθη
1172 2430 1278 2483 τῶν
1321 2429 1527 2482 ὑδάτων
1554 2427 1622 2480 τὰ
1657 2426 1857 2497 πλήθη.

278 2528 425 2598 Πρὸς
456 2523 612 2589 δὲτὸ,
646 2527 727 2579 ὅτι
758 2524 1091 2585 ὑπεναντίως
1118 2522 1230 2591 ἔχει
1258 2523 1323 2591 τῇ
1358 2520 1520 2591 πείρᾳ
1552 2521 1580 2571 ό
1603 2518 1703 2589 τῆς
1732 2520 1858 2589 παρ’

278 2621 411 2690 ἡμῖν
454 2619 809 2689 κοσμοποιίας
862 2616 1018 2684 λόγος
1054 2614 1131 2684 (οὑ
1180 2613 1289 2683 γὰρ
1328 2614 1407 2677 εἰς
1462 2612 1587 2683 μίαν
1616 2629 1859 2679 συναγω-

278 2712 385 2783 γὴν
441 2710 649 2765 ὑδάτων
686 2710 746 2761 τὸ
805 2705 947 2778 ὕδωρ
1006 2706 1150 2761 ἅπαν
1202 2706 1450 2775 φαίνεται
1510 2704 1856 2777 συνδραμδν),

281 2802 453 2857 πολλὰ
484 2804 581 2869 μὲν
614 2802 762 2868 ἐστιν
786 2802 980 2863 εἰπεῖν,
1016 2800 1110 2853 καὶ
1143 2801 1307 2853 πᾶσιν
1333 2799 1560 2852 αὑτόθεν
1585 2797 1854 2870 γνώριμα·

282 2897 495 2967 μήποτε
520 2896 575 2949 δὲ
605 2895 699 2947 καὶ
730 2889 789 2947 τὸ
817 2891 1178 2964 διαμάχεσθαι
1208 2893 1320 2954 τοῖς
1337 2890 1603 2953 τοιούτοις
1629 2889 1853 2957 γελοῖον.

280 2989 358 3040 OG
386 2988 557 3058 δήπου
590 2986 699 3057 γὰρ
726 2986 820 3039 κα)⁶
852 2985 920 3038 τὰ
953 2986 1275 3055 τελματιαῖα
1293 3023 1310 3048 ,
1337 2983 1430 3035 καὶ
1459 2984 1526 3035 τά
1553 2982 1611 3046 ἐξ
1638 2981 1857 3052 δμδρων

282 3076 744 3150 συναθροιζόμενα
777 3079 1071 3148 προφέρειν
1116 3078 1245 3145 ἡμῖν
1300 3075 1595 3144 ὀφείλουσι,
1626 3074 1720 3126 καὶ
1770 3073 1857 3125 διὰ

276 3170 485 3224 τούτων
511 3169 602 3223 τὸν
629 3171 785 3237 λόγον
812 3168 966 3239 ἡμῶν
1001 3167 1243 3236 ἐλέγχειν
1288 3165 1525 3231 deceat;
1572 3165 1731 3218 Ἀλλὰ
1759 3166 1857 3236 τὴν
1885 3204 1930 3265 C

284 3264 545 3334 μεγίστην
576 3262 668 3315 καὶ
720 3260 1056 3329 τελεωτάτην
1109 3259 1218 3328 (83)
1267 3257 1567 3329 συνδρομὴν
1592 3256 1699 3311 τῶν
1733 3256 1857 3310 ὑδά-

278 3356 390 3408 τῶν
417 3352 662 3423 ὠνόμασε
710 3352 1029 3424 συναγωγὴν
1063 3353 1214 3423 μίαν.
1271 3352 1381 3406 Καὶ
1420 3352 1529 3423 γὰρ
1555 3351 1625 3406 τὰ
1652 3350 1859 3421 φρέατα

282 3443 596 3511 συναγωγαὶ
622 3442 828 3496 ὑδάτων
863 3444 968 3496 eis).
996 3442 1381 3513 χειροποίητοι,
1433 3442 1527 3494 ἐπὶ
1561 3441 1620 3492 τὸ
1640 3440 1855 3492 κοιλαν-

279 3536 370 3589 θέν
401 3536 500 3605 τῆς
524 3534 630 3604 γῆς
654 3536 751 3607 τῆς
781 3535 1192 3605 ἐνεσπαρμὲνης
1220 3534 1420 3609 νοτίδος
1471 3531 1852 3602 ἐπιρρεούσης.

275 3627 356 3683 Οὑ
391 3628 568 3681 τοίνυν
590 3628 658 3681 τὰ
692 3628 920 3698 τυχόντα
952 3627 1075 3679 τῶν·
1103 3625 1305 3679 ὑδάτων
1339 3625 1678 3696 ἀθροίσματα
1700 3627 1733 3697 ἡ
1759 3625 1858 3694 τῆς

280 3722 603 3790 συναγωγῆς
628 3720 736 3791 (84)
780 3721 1030 3791 ἐμφαίνει
1059 3719 1416 3793 προσηγορία.
1448 3720 1585 3775 ἀλλὰ
1622 3720 1721 3790 τὴν
1773 3718 1859 3783 ἐξ·-

279 3814 511 3883 ἐχουσαν
536 3812 630 3865 καὶ
665 3814 948 3883 μεγίστην,
978 3814 1034 3864 ἐν
1128 3813 1232 3864 πᾶν
1265 3811 1327 3863 τὸ
1369 3814 1628 3881 στοιχεῖον
1665 3811 1856 3881 ἀθρόον

277 3903 658 3958 διαδείκνυται.
680 3905 891 3973 Ὥσπερ
916 3906 1022 3975 γὰρ
1049 3904 1111 3955 τὸ
1150 3903 1260 3974 πῦρ
1292 3904 1384 3956 καὶ
1413 3906 1491 3968 εἰς
1548 3903 1720 3975 μικρὰ
1762 3920 1858 3955 κα-

277 3996 853 4065 τακεκερματισμένον
902 3996 1047 4047 ἐστὶν
1108 3996 1200 4047 ἐπὶ
1250 3997 1349 4065 τῆς
1373 3991 1474 4049 ὦδε
1518 3998 1725 4067 χρείας,
1766 3996 1858 4048 καὶ

280 4083 475 4155 ἀθρόον
493 4083 586 4136 ἐπὶ
605 4082 699 4135 τοῦ
734 4083 950 4153 αἰθέρος
1002 4084 1247 4155 κέχυταν
1285 4085 1378 4137 καὶ
1416 4086 1443 4135 ό
1469 4084 1575 4155 ἀὴρ
1605 4085 1857 4154 διῄρηται

285 4179 384 4249 μὲν
430 4176 693 4230 καὶκατὰ
722 4178 912 4248 μικρὰ,
966 4179 1057 4230 καὶ
1100 4176 1309 4246 ἀθρόως
1358 4176 1415 4229 δὲ
1459 4176 1547 4228 τὸν
1582 4175 1857 4246 περίγειον

280 4270 664 4341 ἐκπεριείληφε
686 4271 869 4323 τόπονν
899 4269 1040 4322 οὑτω
1070 4270 1163 4321 καὶ
1216 4270 1309 4321 ἐπὶ
1333 4266 1426 4321 τοῦ
1453 4268 1663 4331 ὓδατος,
1690 4268 1737 4319 εί
1764 4268 1858 4319 καὶ

284 4364 477 4430 μικραί
501 4364 645 4424 τινες
680 4364 782 4414 είσι
815 4363 1141 4432 διῃρημέναι
1166 4362 1477 4425 συστάσεις,
1498 4360 1631 4413 ἀλλὰ
1666 4361 1762 4431 μία
1794 4359 1858 4427 γέ

281 4451 399 4502 ἐστι
442 4453 728 4525 συναγωγὴ
783 4452 893 4523 (85)
923 4454 955 4523 ή
989 4453 1050 4504 τὸ
1083 4454 1202 4505 ὅλον
1232 4456 1492 4523 στοιχεῖον
1522 4453 1630 4506 τῶν
1657 4452 1857 4507 λοιπῶν

1964 607 2079 663 loca
2109 611 2314 664 divisas
2344 610 2436 663 tibi
2481 608 2759 662 indicavit.
2795 606 2929 660 Nam
2974 607 3233 659 montium
3277 621 3540 674 concava,

1964 700 2246 768 profundis
2299 700 2633 754 convallibus
2678 707 2953 768 perrupta,
3008 699 3319 752 collectitias
3370 713 3541 767 aquas

1964 792 2332 847 continebant.
2378 793 2516 858 Quin
2573 801 2627 845 et
2680 792 2855 860 campi
2906 791 3079 856 multi,
3131 792 3274 859 iique
3319 790 3535 859 supini,

1964 881 2096 935 nihil
2125 882 2375 935 maximis
2410 882 2616 949 pelagis
2649 882 3016 949 magnitudine
3040 881 3292 947 impares,
3324 889 3377 933 et
3420 879 3539 932 val-

1966 971 2043 1026 les
2068 974 2384 1035 innumerae,
2414 972 2791 1039 convallesque
2824 970 2942 1024 aliis
2976 982 3029 1023 et
3060 972 3181 1025 aliis
3231 971 3401 1025 modis
3444 984 3538 1023 ex-

1964 1075 2319 1134 cavatae,quae
2342 1067 2520 1119 omnia
2543 1076 2669 1117 tunc
2696 1065 2854 1134 aquis
2887 1063 3251 1131 replebantur,
3273 1073 3539 1131 prmcepto

1965 1159 2146 1211 divino
2179 1165 2433 1211 evacuata
2489 1164 2633 1219 sunt,
2669 1169 2804 1223 aqua
2836 1154 3106 1208 undelibet
3140 1156 3190 1206 in
3218 1171 3377 1208 unam
3407 1167 3540 1208 con-

1963 1250 2324 1317 gregationem
2373 1249 2745 1302 conveniente.
2792 1248 2860 1302 Et
2913 1262 3070 1302 nemo
3121 1248 3262 1301 dicat
3315 1249 3538 1301 omnino

1963 1355 2183 1393 necesse
2213 1354 2353 1402 esse,
2388 1342 2431 1394 si
2464 1356 2599 1409 aqua
2627 1350 2784 1393 terra:
2816 1350 3167 1407 superstaret,
3199 1354 3325 1394 cava
3354 1341 3537 1394 omnia

1964 1446 2082 1500 quae
2113 1442 2236 1485 tunc
2267 1432 2484 1502 pelagus
2514 1446 2820 1499 suscepere,
2850 1431 3013 1485 fuisse
3043 1431 3260 1486 referta.
3288 1432 3408 1498 Quo
3437 1432 3536 1502 igi-

1968 1532 2073 1586 tur,
2125 1525 2377 1577 concavis
2406 1524 2514 1589 jam
2567 1523 2864 1590 occupatis,
2911 1522 3217 1577 collectnrae
3271 1539 3327 1577 se
3381 1533 3538 1577 erant

1964 1614 2159 1681 aquae?
2188 1613 2266 1667 Ad
2288 1612 2391 1670 hoc
2426 1629 2556 1668 sane
2592 1614 3052 1683 respondebimus,
3082 1626 3377 1683 praeparata
3413 1624 3539 1669 tunc

1966 1706 2130 1761 fuisse
2162 1702 2537 1774 receptacula,
2574 1721 2695 1758 cum
2758 1705 2866 1776 36
2916 1720 3108 1774 aquam
3158 1717 3430 1775 oporteret
3482 1709 3537 1760 in

1965 1814 2127 1853 unam
2166 1799 2370 1853 secerni
2392 1798 2874 1853 coacervationem.
2920 1798 3105 1869 Neque
3148 1799 3293 1853 enim
3328 1810 3444 1853 erat
3474 1800 3538 1852 il-

1963 1891 2052 1944 lud
2083 1894 2223 1959 quod
2271 1900 2354 1945 est
2382 1900 2534 1945 extra
2562 1890 2737 1945 Gades
2768 1906 2937 1955 mare,
2971 1906 3149 1960 neque
3181 1906 3432 1960 magnum
3466 1892 3537 1944 ii-

1963 1981 2052 2036 lud
2086 1992 2140 2036 et
2187 1983 2511 2035 horrendum
2565 1983 2937 2052 navigantibus
2967 1983 3216 2051 pelagus,
3250 1984 3392 2052 quod
3415 1982 3537 2036 Bri—

1964 2070 2236 2124 tannicam
2268 2070 2494 2126 insulam
2532 2079 2583 2123 et
2616 2071 2973 2127 occidentales
3023 2069 3285 2140 Hispanos
3313 2072 3481 2125 ambit
3517 2090 3532 2126 :

1964 2161 2055 2215 sed
2086 2171 2432 2230 p05teaquam
2484 2161 2575 2215 Dei
2631 2163 2885 2217 mandato
2924 2162 3216 2217 instructus
3256 2172 3338 2230 est
3385 2163 3539 2217 locus

1963 2252 2347 2322 amplissimus,
2377 2264 2503 2307 tunc
2552 2253 2604 2306 in
2658 2254 2827 2323 ipsum
2859 2269 2917 2307 se
2974 2270 3223 2323 recepere
3273 2272 3533 2325 aquarum

1963 2345 2147 2412 c0pite.
2172 2345 2251 2397 Ad
2284 2346 2385 2398 hoc
2413 2356 2612 2409 autem,
2655 2347 2792 2414 quod
2832 2356 3018 2401 nostra
3058 2347 3123 2400 de
3174 2348 3357 2401 mundi
3388 2348 3540 2415 opili-

1961 2437 2046 2490 cio
2081 2436 2346 2490 sententia
2391 2438 2737 2503 experientiae
2781 2438 3095 2493 adversetur
3129 2439 3363 2509 (constat
3390 2439 3534 2493 enim

1961 2542 2068 2579 non
2114 2527 2166 2579 in
2219 2541 2380 2580 unam
2412 2528 2881 2597 congregationem
2916 2544 3108 2598 aquam
3158 2545 3369 2584 omnem
3403 2545 3536 2585 con-

1964 2615 2235 2687 currisse),
2270 2616 2434 2670 multa
2465 2619 2642 2670 dicere
2684 2616 2828 2683 licet,
2865 2634 3034 2689 eaque
3062 2621 3310 2675 omnibus
3352 2636 3445 2690 per
3475 2637 3535 2675 se

1960 2716 2107 2760 nota.
2161 2704 2265 2761 Sed
2307 2706 2534 2759 fortasse
2585 2707 2745 2760 etiam
2804 2724 2927 2763 cum
2986 2710 3181 2765 talibus
3227 2722 3433 2766 certare
3463 2713 3535 2764 ri-

1960 2796 2191 2851 diculum
2249 2804 2351 2850 est.
2400 2794 2647 2864 Nunquid
2700 2796 2894 2850 debent
2940 2798 3207 2866 palustres
3256 2813 3445 2867 aquas,
3477 2808 3535 2853 et

1959 2904 2052 2944 eas
2078 2904 2195 2958 quae
2223 2904 2286 2943 ex
2316 2890 2582 2945 imbribus
2632 2898 2990 2961 aggregantur
3010 2931 3025 2957 ,
3052 2892 3207 2946 nobis
3239 2905 3533 2961 opponere,

1960 2994 2120 3050 atque
2149 2983 2426 3046 arbitrari,
2462 2997 2520 3035 se
2550 2992 2792 3037 nostram
2831 2986 3151 3037 sententiam
3182 2998 3284 3053 ope
3322 2984 3531 3036 illarum

1960 3072 2208 3127 refellere
2252 3072 2275 3125 ?
2325 3072 2612 3127 Enimvero
2677 3077 2966 3128 maximum
3040 3074 3537 3143 amplissimumque

1960 3178 2219 3234 aquarum
2274 3179 2593 3219 concursum
2622 3166 3087 3234 congregationem
3126 3180 3285 3217 unam
3323 3162 3532 3219 nuncuo

1961 3256 2125 3326 pavit.
2157 3255 2288 3310 Nam
2324 3257 2492 3325 putei,
2531 3257 2876 3311 collectiones
2909 3272 3166 3325 aquarum
3196 3264 3321 3311 sunt
3346 3271 3535 3308 manu-

1959 3346 2134 3413 facta',
2165 3364 2284 3403 cum
2310 3349 2361 3401 in
2402 3358 2641 3401 cavatam
2687 3358 2842 3402 terra:
2883 3359 3085 3418 partem
3132 3350 3323 3403 humor
3359 3348 3406 3403 ei
3447 3348 3533 3402 in-

1958 3454 2173 3507 spersus
2227 3436 2414 3491 inﬂuit.
2456 3437 2571 3493 Non
2619 3452 2746 3509 ergo
2804 3439 3071 3508 quaslibet
3127 3453 3387 3507 aquarum
3437 3455 3531 3494 co-

1957 3529 2328 3585 acervationes
2362 3529 2794 3600 congregationis
2845 3529 3129 3599 appellatio
3187 3529 3411 3593 indicat,
3435 3530 3533 3584 sed

1957 3624 2279 3693 praecipuam
2316 3632 2369 3676 et
2397 3622 2723 3687 maximam,
2763 3622 2815 3674 in
2853 3637 2954 3690 qua
2999 3631 3163 3676 totum
3208 3622 3531 3677 elementum

1958 3724 2330 3768 coacervatum
2366 3713 2689 3766 ostenditur.
2725 3710 3185 3777 Quemadmodum
3219 3712 3360 3766 enim
3393 3712 3533 3781 ignis

1958 3816 2010 3859 et
2039 3806 2089 3858 in
2126 3804 2361 3857 minutas
2407 3812 2587 3872 partes
2635 3817 2732 3872 pro
2775 3811 2958 3856 nostro
3006 3818 3103 3856 usu
3141 3803 3400 3857 dissectus
3426 3811 3531 3866 est,

1957 3906 2012 3951 et
2033 3894 2321 3948 acervatim
2349 3894 2402 3946 in
2424 3894 2625 3946 aethere
2651 3891 2874 3947 diﬂ‘usus
2893 3910 2908 3957 ;
2928 3896 3055 3947 item
3078 3894 3527 3962 quemadmodum

1957 4004 2050 4042 aer
2082 3987 2282 4040 divisus
2307 3986 2521 4055 quidem
2549 3993 2632 4039 est
2675 3986 2729 4038 in
2778 3986 3003 4054 exiguas
3030 3996 3232 4055 partes,
3268 3995 3319 4039 et
3350 3993 3531 4039 tamen

1957 4080 2256 4151 adjacentia
2282 4079 2457 4133 telluri
2484 4079 2598 4133 loca
2633 4077 2924 4133 acervatim
2947 4080 3227 4147 occupavit
3256 4097 3268 4132 :
3302 4078 3373 4131 ita
3404 4080 3531 4132 etin

1958 4194 2096 4247 aqua
2142 4178 2351 4238 tametsi
2396 4191 2574 4245 parva:
2621 4176 2867 4245 quaedam
2927 4174 3268 4229 collectiones
3316 4170 3533 4226 fuerunt

1958 4272 2240 4343 separatae.
2272 4281 2448 4325 tamen
2485 4285 2591 4324 una
2623 4278 2705 4324 est
2746 4269 3112 4339 congregatio,
3144 4283 3263 4337 qum
3304 4275 3471 4319 totum
3500 4279 3531 4317 ι

1959 4368 2167 4422 caeteris
2218 4375 2462 4435 segregat
2505 4365 2852 4419 elementum.
2891 4348 3023 4415 Nam
3078 4370 3264 4428 stagna
3315 4367 3427 4419 tum
3468 4373 3531 4412 ea

1958 4474 2076 4528 qua:
2107 4460 2172 4513 ad
2210 4467 2389 4526 partes
2415 4457 2860 4524 septentrionales
2888 4457 2990 4509 sita
3018 4464 3161 4518 sunt,
3184 4462 3296 4507 tum
3323 4467 3385 4507 ea
3414 4468 3533 4521 qua

281 4545 650 4615 ἀποκρίνουσα
696 4548 825 4617 (86).
858 4549 923 4599 Ai
954 4546 1053 4617 μὲν
1082 4547 1191 4617 γὰρ
1218 4546 1428 4615 λίμναι,
1462 4548 1601 4601 αἵτε
1628 4546 1769 4599 κατὰ
1785 4545 1857 4598 τὰ

1961 4547 2134 4617 iacent
2167 4548 2307 4602 circa
2340 4545 2649 4601 Gratcorum
2696 4551 2926 4601 tractum
2947 4586 2961 4611 ,
2988 4556 3100 4601 tum
3146 4563 3266 4617 quae
3295 4546 3534 4601 Macedo-

285 4636 427 4709 μέρη
450 4636 552 4706 τῆς
584 4636 808 4706 ἄρκτου,
840 4641 932 4691 καὶ
970 4640 1089 4692 ὅσαι
1117 4637 1245 4708 περὶ
1272 4636 1361 4688 τὸν
1401 4638 1706 4707 Ἑλληνικόν
1753 4639 1867 4689 εἰσι

282 4730 467 4794 τόπον,
495 4732 595 4801 τήν
622 4744 680 4780 τε
729 4730 1087 4794 Μακεδονίαν,
1122 4732 1215 4783 καὶ
1262 4730 1358 4801 τὴν
1385 4728 1622 4781 Βιθυνῶν
1652 4730 1856 4801 χῶραν,

283 4823 378 4876 καὶ
397 4823 492 4892 τὴν
519 4822 890 4876 Παλαιστίνων
918 4823 1266 4893 κατέχουσαι,
1301 4825 1609 4890 συναγωγαί
1635 4826 1738 4877 εἰσι
1764 4824 1858 4894 δη-

287 4912 478 4967 λονότι·
517 4914 652 4967 ἀλλὰ
687 4915 781 4967 νῦν
822 4916 947 4987 περὶ
993 4915 1091 4984 τῆς
1120 4916 1380 4985 μεγίστης
1408 4917 1631 4970 ἁπασῶν
1668 4916 1761 4969 καὶ
1782 4915 1859 4986 τῷ

291 5004 508 5076 μεγέθει
560 5005 661 5074 τῆς
700 5006 805 5075 γῆς
865 5007 1269 5078 παρισουμὲνης
1306 5012 1333 5061 ό
1386 5010 1558 5078 λόγος.
1590 5011 1685 5070 “Ac;
1716 4994 1854 5078 πλῆ-

286 5097 378 5163 θος
397 5098 506 5169 (87)
527 5098 625 5167 μὲν
640 5098 784 5168 ἔχειν
807 5100 995 5163 ὓδατος
1016 5100 1187 5162 οὐδεὶς
1203 5101 1326 5152 αντε
1336 5106 1435 5170 ρεί’
1455 5103 1514 5153 οὑ
1532 5102 1637 5174 μὴν
1655 5101 1857 5154 θαλάσ-

358 5276 565 5343 (8|)lta
601 5290 695 5329 sex
717 5291 845 5332 mss.
879 5276 1017 5331 Editi
1047 5278 1190 5330 οὐδέ.

362 5346 475 5414 (8'2)
509 5346 657 5414 Regii
679 5348 1126 5414 quintus,sextus
1148 5359 1202 5403 et
1225 5358 1448 5404 octavus
1488 5350 1693 5402 ὑδάτων
1741 5367 1864 5404 συν-

286 5418 522 5537 αγιῖνγαί.
553 5416 695 5471 Editi
719 5431 841 5470 cum
891 5416 1011 5473 aliis
1055 5418 1376 5487 quibusdam
1414 5435 1544 5475 mss.
1591 5422 1646 5471 αἱ
1679 5421 1863 5474 συλλο-

288 5501 361 5537 γα
389 5524 402 5537 .

288 5501 402 5553 γαι.

362 5556 473 5623 (83)
501 5556 700 5611 Omnes
754 5557 867 5611 fere
918 5574 1048 5613 mss.
1090 5574 1211 5613 cum
1264 5558 1496 5613 editione
1549 5560 1712 5616 Basil.
1764 5564 1894 5615 καί

284 5624 645 5698 τελεωτάτην.
680 5628 855 5683 Editio
882 5626 1055 5686 Paris.
1106 5644 1229 5683 cum
1288 5631 1418 5698 Reg.
1458 5634 1619 5687 tertio
1658 5631 1856 5684 τελειο-

503 5765 635 5840 Βςιε.
669 5769 877 5834 primus
904 5769 1049 5838 ότῆς
1079 5771 1206 5840 μιᾶς
1254 5786 1445 5840 -ἶυναγ.
1481 5770 1675 5828 Statim
1718 5772 1857 5828 idem

287 5839 453 5892 codex
476 5837 767 5908 ἐξέχουσαν
792 5841 883 5893 καὶ
906 5836 1135 5911 ἀρίστην
1174 5842 1233 5894 ἐν

1964 4643 2105 4695 niam
2128 4656 2189 4695 ac
2218 4641 2569 4712 Bithynorum
2602 4641 3116 4710 Palaestinorumque
3144 4640 3412 4709 regionem
3430 4639 3530 4696 ob-

1964 4737 2160 4797 tinent,
2204 4744 2330 4789 sunt
2376 4737 2591 4806 quidem
2628 4736 3067 4806 congregationes
3106 4749 3119 4785 :
3168 4734 3261 4787 sed
3296 4749 3440 4787 nunc
3467 4734 3534 4787 de

1964 4840 2025 4880 ea
2055 4842 2172 4893 quae
2216 4826 2456 4880 omnium
2501 4828 2731 4879 maxima
2782 4836 2885 4886 est,
2919 4839 3143 4895 quaeque
3167 4824 3533 4893 magnitudine

1965 4920 2144 4974 telluri
2182 4921 2398 4989 :rqua‘lis
2427 4929 2531 4983 est,
2584 4918 2810 4973 habetur
2853 4932 3049 4972 sermo.
3104 4916 3323 4985 Copiam
3353 4927 3529 4970 autem

1964 5013 2017 5067 in
2046 5014 2149 5066 illis
2182 5013 2443 5067 contineri
2476 5027 2735 5079 aquarum
2775 5011 2991 5080 negabit
3018 5024 3197 5075 nemo,
3220 5024 3319 5063 nec
3354 5018 3529 5060 tamen

1962 5104 2244 5174 quisquam
2277 5119 2371 5160 eas
2395 5119 2626 5173 congrua
2656 5102 3008 5175 appellatione
3035 5104 3202 5155 maria
3236 5100 3529 5164 vocaverit,

2040 5280 2154 5354 (85)
2181 5281 2331 5354 Begii
2368 5281 2587 5352 quintus
2608 5291 2660 5336 et
2687 5293 2872 5337 sextus
2896 5281 3042 5354 ἐστὶν
3070 5281 3282 5354 ἀγωγή.

2040 5351 2151 5421 (86)
2184 5351 2258 5403 lta
2312 5351 2440 5407 mss.
2471 5354 2707 5422 quinque
2748 5369 2869 5407 cum
2923 5352 3163 5407 Combef.
3212 5351 3353 5407 Editi
3406 5369 3529 5409 cum

1964 5421 2114 5475 Colh.
2154 5424 2392 5477 secundo
2425 5421 2785 5494 ἀποκρίνασα.
2839 5422 2959 5479 Mox
2981 5422 3135 5493 'Reg.
3168 5436 3352 5479 sextus
3380 5425 3443 5477 αἵ
3470 5443 3529 5479 τε

1964 5492 2102 5544 κατὰ
2136 5494 2297 5544 μέρος
2325 5493 2439 5544 τῆς.

1964 5508 2102 5545 κατα
2136 5508 2201 5545 με
2210 5509 2297 5545 οος
2325 5511 2385 5545 TT.
2394 5510 2439 5545 ς.

2036 5509 2102 5545 τα
2135 5509 2297 5563 μερος
2325 5510 2439 5555 ττς.

2034 5564 2146 5631 (87)
2179 5565 2359 5634 ﬂgitio
2376 5534 2535 5634 basil.
2564 5574 2615 5619 et
2640 5562 2813 5629 Bodl.,
2840 5574 2894 5618 et
2928 5564 3016 5616 alii
3058 5565 3269 5632 plurimi
3298 5586 3430 5626 mss.
3464 5569 3531 5634 ἃς

1964 5632 2183 5702 πλῆθος.
2220 5632 2396 5709 Editio
2424 5632 2593 5709 Paris.
2620 5637 2834 5699 ὲκείνας
2868 5634 3175 5709 δέμπλῆθος.
3239 5632 3531 5709 Aliquanto

1964 5715 2282 5830 postbntsjs._
2316 5705 2555 5775 plerique
2609 5722 2796 5764 omnes
2862 5704 3135 5771 θαλάσσας
3203 5726 3285 5778 γε.
3344 5704 3531 5767 Ἀιιεει

1964 5790 2021 5830 γε
2057 5792 2082 5828 a
2158 5789 2187 5830 θ
2231 5786 2317 5830 tus

1962 5790 2021 5841 γε
2057 5786 2123 5830 ab
2158 5786 2317 5830 edttts
