4058 6442
549 387 618 438 9.7
1888 384 1945 438 S.
1983 384 2227 439 BASlLll
2265 384 2480 440 MAG-Nl
3741 386 3810 438 83

547 501 762 556 etiamsi
792 498 1062 553 nonnullae
1086 499 1374 569 plurimum
1437 501 1563 554 salsi
1591 515 1654 553 ac
1680 505 1879 556 terreni
1911 511 2128 570 perinde

2233 522 2330 567 σας
2362 521 2425 572 γε
2458 503 2522 556 ἄν
2571 521 2651 565 τις
2695 502 2863 565 αὑτὰς
2893 503 3033 555 κατὰ
3081 503 3171 554 τὸν
3215 502 3397 555 εἰκότα
3431 502 3588 570 λόγον
3648 521 3807 579 πρασ-

548 606 709 660 atque
750 606 1002 660 magnum
1065 607 1211 646 mare
1267 593 1499 646 habeant
1535 593 1654 645 :uti
1699 603 1783 646 est
1834 595 1885 646 in
1940 594 2120 651 Jndtea

546 683 863 751 Asphaltitis
898 683 1064 746 lacus,
1108 693 1162 737 et
1203 682 1506 738 Serbonitis
1560 684 1668 747 ille,
1705 686 1795 752 qui
1831 685 2120 758 Egyptum

547 778 690 831 inter
713 786 768 830 et
805 776 1141 830 Palmstinam
1177 792 1271 846 per
1300 777 1551 831 Arabiam
1593 779 1863 832 desertam
1908 789 2124 846 proten-

547 869 713 922 ditur.
742 867 862 921 llaec
893 868 1037 921 enim
1059 878 1243 937 stagna
1276 880 1399 922 sunt
1449 885 1465 923 :
1506 878 1559 922 at
1591 884 1762 933 mare,
1801 878 1857 922 ut
1884 871 1975 939 qui
2013 879 2122 923 ter-

547 975 664 1013 ram
691 961 983 1013 lustravere
1031 969 1276 1023 narrant,
1322 975 1485 1013 unum
1516 969 1617 1014 est.
1653 960 1970 1027 Quanquam
2001 968 2125 1013 sunt

547 1052 638 1119 qui
679 1050 982 1120 Hyrcanum
1010 1060 1063 1104 et
1087 1050 1341 1117 Caspium
1369 1065 1518 1104 mare
1571 1049 1623 1102 iu
1658 1051 1850 1119 scipsis
1892 1052 2126 1104 circum-

548 1144 744 1211 scripta
771 1158 890 1197 esse
926 1144 1293 1206 arbitrentur;
1329 1142 1372 1196 si
1412 1157 1517 1210 qua
1561 1134 1736 1195 tamen
1777 1143 1910 1195 fides
1943 1143 2007 1196 iis
2031 1144 2123 1211 qui

548 1233 924 1303 geographiam
977 1235 1454 1302 conscripserunt,
1489 1234 1790 1288 adhibenda
1828 1247 1910 1289 est
1934 1276 1949 1298 ,
1985 1236 2126 1290 inter

549 1337 610 1376 se
662 1333 848 1377 mutuo
885 1323 1154 1392 perforata
1201 1335 1344 1389 sunt,
1397 1335 1450 1380 et
1500 1326 1679 1380 omnia
1732 1327 1783 1379 iu
1835 1330 2123 1381 maximum

551 1429 700 1467 mare
744 1429 837 1482 per
869 1425 1092 1485 angusta
1129 1418 1372 1483 quaedam
1419 1417 1556 1470 ostia
1597 1418 1901 1486 concidunt,
1945 1436 2130 1488 quem-

553 1503 843 1558 admodum
878 1515 932 1560 et
977 1524 1132 1561 mare
1161 1507 1402 1560 Rubrum
1431 1523 1553 1562 cum
1585 1525 1648 1564 eo
1676 1511 1815 1578 quod
1847 1512 1984 1565 ultra
2016 1512 2126 1566 Ga-

548 1599 643 1649 des
687 1606 791 1662 est,
819 1600 1063 1652 eonnecti
1088 1599 1284 1654 i‘ewnt.
1312 1597 1592 1665 Quomodo
1624 1602 1785 1669 igitur
1805 1640 1819 1664 ,
1853 1602 2128 1671 inquiunt,

549 1686 692 1740 Deus
721 1687 1064 1742 collectiones
1091 1704 1350 1757 aquarum
1388 1693 1715 1760 nuncupavit
1752 1691 1921 1744 maria
1950 1692 1972 1743 ?
1996 1692 2128 1756 Quia

549 1789 942 1833 concurrerunt
987 1779 1201 1848 quidem
1261 1796 1416 1850 aqua:
1461 1783 1512 1835 in
1562 1799 1722 1834 uuam
1753 1782 2129 1852 congregatio-

549 1885 671 1923 nem
713 1872 852 1925 :sed
906 1885 1163 1940 aquarum
1211 1876 1670 1938 coacervationes,
1726 1875 1775 1926 id
1807 1884 1889 1929 est
1951 1875 2121 1940 sinus,
2160 1876 2198 1927 Β

548 1961 639 2029 qui
679 1963 968 2016 secundum
1017 1966 1287 2033 propriam
1332 1963 1553 2035 ﬁguram
1594 1981 1622 2018 a
1662 1977 1802 2019 terra
1833 1965 2122 2033 circumia-

549 2063 704 2107 cente
743 2055 1117 2124 comprehensi
1149 2066 1298 2114 sunt.
1323 2058 1492 2110 maria
1530 2056 1785 2112 Dominus
1818 2058 2119 2126 appellavit.

550 2144 688 2198 Sunt
717 2146 912 2212 quippe
959 2161 1108 2200 mare
1139 2147 1576 2214 septentrionale,
1620 2164 1765 2202 mare
1800 2149 2122 2212 austrinum,

547 2235 809 2288 orientale
841 2251 1006 2304 mare,
1031 2246 1084 2291 et
1113 2239 1444 2292 occidentale
1465 2239 1571 2308 37
1605 2254 1814 2292 rursum
1847 2239 1989 2294 aliud
2020 2248 2120 2296 est.

550 2324 685 2378 Sunt
714 2326 898 2379 itidem
932 2327 1145 2382 nomina
1195 2329 1424 2381 marium
1463 2330 1678 2398 propria
1727 2345 1740 2380 :
1778 2328 1978 2384 Pontus
2015 2330 2123 2384 Eu-

549 2417 730 2481 xinus,
785 2415 1100 2488 Propontis,
1139 2418 1790 2486 Hellespontus,A§g:eum
1822 2431 1876 2474 et
1899 2421 2121 2483 lonium,

552 2508 907 2563 SardoniCutn
937 2510 1156 2577 pelagus
1186 2519 1239 2562 et
1257 2509 1514 2573 Siculum,
1535 2520 1589 2563 et
1609 2508 1947 2580 Tyrrhenum
1978 2510 2122 2563 aliud

548 2611 652 2656 est.
685 2601 824 2668 Quin
862 2612 916 2655 et
955 2601 1160 2655 inﬁnita
1191 2613 1316 2655 sunt
1345 2602 1572 2655 marium
1602 2603 1839 2666 nomina,
1872 2619 1988 2671 qua:
2010 2603 2125 2656 lon-

550 2709 675 2761 gum
719 2708 859 2746 nunc
887 2693 1046 2746 fuerit
1085 2707 1147 2747 ac
1176 2692 1333 2762 plane
1373 2694 1609 2757 ineptum
1652 2707 1900 2750 accurate
1939 2713 2124 2752 recen-

552 2799 669 2838 sere
697 2800 760 2837 ac
783 2800 1087 2839 numerare.
1113 2785 1316 2840 Idcirco
1345 2785 1484 2840 Deus
1501 2787 1935 2841 coacervationes
1967 2805 2126 2857 aqua-

553 2891 671 2927 rum
721 2878 891 2929 maria
923 2878 1270 2944 nuncupavit.
1324 2877 1518 2931 Verum
1555 2878 1619 2930 ad
1656 2879 1755 2932 hoc
1783 2879 1995 2948 quidem
2028 2896 2125 2934 nos

553 2969 776 3024 deduxit
814 2969 1073 3024 orationis
1092 2969 1261 3026 series
1287 2987 1300 3022 :
1326 2971 1419 3026 sed
1451 2972 1516 3026 ad
1562 2972 1614 3026 id
1637 2977 1780 3041 quod
1816 2973 1967 3026 initio
1997 2988 2123 3042 pro-

553 3063 850 3130 posuimus,
891 3063 1188 3116 redeamus.

625 3246 678 3298 5.
718 3245 781 3297 Et
809 3245 942 3297 dixit
978 3245 1134 3308 Deus,
1168 3242 1558 3314 Congregentnr
1585 3261 1734 3314 aqua:
1760 3247 1813 3299 in
1839 3263 2118 3318 congrega-
2150 3229 2191 3285 C

557 3337 750 3389 tionem
796 3353 991 3402 unam,
1022 3345 1072 3390 et
1103 3349 1349 3405 appareat
1383 3337 1554 3390 arida.
1585 3336 1696 3391 Non
1732 3339 1870 3392 dixit
1897 3355 1910 3390 :
1944 3340 2007 3393 Et
2035 3355 2130 3410 ap-

555 3437 742 3497 pareat
781 3437 960 3489 terra;
1001 3445 1067 3482 ne
1100 3430 1292 3482 iterum
1331 3429 1496 3496 ipsam
1527 3431 1772 3482 ostendat
1803 3431 2128 3494 incomposi-

556 3531 685 3581 tam,
714 3532 1007 3575 caenosam.
1059 3533 1211 3586 aquae
1264 3519 1588 3580 illilnislaln,
1624 3523 1850 3572 necdum
1908 3523 2130 3590 propria

555 3610 729 3662 forma
755 3618 845 3663 aut
876 3610 1071 3662 virtute
1100 3609 1358 3661 indutam.
1394 3608 1563 3661 Simul
1599 3611 1781 3673 etiam,
1813 3627 1880 3664 ne
1905 3612 2128 3667 aridita-

559 3703 627 3756 tis
649 3717 865 3754 causam
895 3702 990 3755 soli
1032 3702 1469 3763 attribueremus,
1518 3711 1675 3752 terra:
1713 3701 2016 3754 ariditatem
2041 3719 2122 3772 ge-

559 3795 837 3847 neratione
887 3795 1014 3848 solis
1052 3793 1228 3848 eﬂecit
1273 3791 1463 3860 Opifex
1504 3793 1867 3847 vetustiorem.
1906 3793 2132 3848 Attende

556 3890 736 3934 autem
780 3898 965 3936 eorum
998 3899 1116 3951 qua:
1158 3885 1352 3951 scripta
1404 3894 1550 3950 sunt,
1597 3886 1939 3946 sententiam,
1991 3887 2130 3956 quod

558 3987 663 4026 nun
718 3974 892 4026 solum
931 3975 1233 4026 redundans
1270 3991 1406 4042 aqua
1454 3990 1483 4028 e
1535 3985 1676 4028 terra
1709 3975 2014 4041 deﬂuxerit,
2039 3978 2131 4031 sed

555 4066 719 4119 etiam
770 4065 911 4135 quod
958 4066 1214 4134 quidquid
1248 4081 1342 4134 per
1368 4067 1713 4132 profundiora
1743 4068 1858 4122 loca
1895 4070 1992 4137 ipsi
2037 4072 2133 4122 ad-

558 4160 773 4211 tnistum
804 4167 940 4221 erat,
967 4159 1020 4211 id
1063 4172 1277 4226 quoque
1327 4158 1618 4212 inevitabili
1668 4160 1874 4214 Domini
1905 4161 2131 4228 imperio

555 4249 933 4316 obtemperans
985 4251 1290 4304 recesserit.
1319 4247 1383 4302 Et
1412 4249 1611 4317 factum
1653 4260 1727 4302 est
1761 4251 1855 4304 ita.
1888 4251 2012 4306 llrec
2052 4253 2132 4306 in-

558 4337 741 4390 ductio
761 4349 842 4392 sat
872 4340 1274 4393 demoustrabat
1304 4339 1526 4405 ()pilicis
1571 4354 1754 4392 vocem
1795 4341 1858 4394 ad
1884 4340 2128 4395 cﬂ‘ectum

559 4430 906 4500 pervenisse;
939 4431 1205 4497 adjectum
1231 4442 1504 4487 esttamen
1534 4434 1585 4486 in
1619 4433 1796 4487 multis
1814 4436 2133 4504 exemplari-

560 4524 661 4576 bus
697 4540 710 4575 :
741 4521 809 4576 Et
839 4531 1154 4589 congregata
1183 4531 1259 4574 est
1300 4539 1435 4591 aqua
1460 4540 1576 4592 qua:
1617 4523 1712 4577 sub
1763 4523 1889 4576 caelo
1920 4535 2030 4578 erat
2076 4528 2130 4578 in

2226 596 2384 648 εἰποι·
2408 595 2515 647 οὐδ’
2539 594 2603 647 ἃν
2643 596 2723 647 ὅτι
2754 596 2988 665 μάλιστα
3014 597 3076 647 τὸ
3103 593 3346 664 ἁλμυρὸν
3367 596 3459 647 καὶ
3492 596 3698 664 γεῶδες
3729 616 3814 650 τι·

2226 705 2314 751 νες
2344 686 2724 758 παραπλήσιον
2753 687 2915 757 ἔχωσι
2945 691 3007 758 τῇ
3041 687 3250 759 μεγάλῃ
3290 686 3552 760 θαλάσσῃ,
3583 691 3658 752 ὡς
3681 691 3715 759 ἥ
3752 708 3813 745 τε

2238 779 2578 847 Ἀσφαλτῖτις
2597 778 2759 848 λίμνη
2785 781 2875 831 ἐπὶ
2903 780 3002 849 τῆς
3044 779 3322 842 Ἰουδαίας,
3358 781 3451 832 καὶ
3481 783 3512 850 ἡ
3546 782 3816 851 Σερϐωνί-

2225 875 2358 943 τιςή
2395 873 2595 942 μεταξὺ
2629 871 2906 938 Αἰγύπτου
2952 873 3043 925 καὶ
3067 873 3430 942 Παλαιστίνης
3456 875 3555 942 τὴν
3590 875 3816 946 Ἀραϐι-

2228 963 2330 1032 κὴν
2360 962 2566 1033 ἔρημον
2607 962 3025 1033 παρατείνουσα.
3078 964 3277 1033 Λίμναι
3316 963 3423 1033 γάρ
3454 965 3589 1015 εἰσιν
3624 958 3811 1029 αὗται,

2230 1053 2472 1107 θάλασσα
2492 1055 2548 1106 δὲ
2594 1055 2708 1124 μία,
2747 1054 2822 1117 ὡς
2847 1056 2895 1106 οἱ
2929 1054 3027 1125 τὴν
3057 1055 3158 1124 γῆν
3194 1054 3638 1126 περιοδεύσαντες
3666 1058 3814 1108 ἱστο-

2235 1143 2436 1214 ροῦσιν.
2468 1147 2528 1197 Εἰ
2561 1146 2653 1197 καὶ
2683 1148 2780 1215 τὴν
2813 1146 3107 1212 Ὑρκανίαν
3133 1146 3332 1199 οἴονταί
3363 1163 3525 1209 τινες,
3574 1148 3667 1198 καὶ
3713 1148 3814 1217 τὴν

2231 1235 2487 1287 Κασπίαν
2555 1235 2987 1306 περιγεγράιρθαι
3047 1236 3166 1288 καθ’
3225 1237 3458 1300 ἑαυτάςο
3508 1236 3623 1288 ἀλλ’
3665 1237 3720 1288 εἴ
3750 1239 3815 1305 γὲ

2229 1345 2279 1380 τι
2299 1326 2413 1396 (88)
2445 1325 2550 1396 χρὴ
2566 1330 2683 1389 ταῖς
2705 1327 2810 1378 τῶν
2832 1330 3014 1399 ἱστορη
3025 1329 3232 1382 σάντων
3256 1330 3544 1400 προσέχειν
3561 1347 3817 1400 γεωγροι⁴

2231 1420 2402 1486 φίαις,
2445 1419 2826 1488 συντέτρηνται
2888 1421 3024 1490 πρὸς
3076 1421 3330 1492 ἀλλήλας,
3378 1426 3471 1476 καὶ
3525 1425 3660 1495 πρὸς
3711 1426 3816 1494 τὴν

2234 1512 2498 1581 μεγίστην
2550 1509 2822 1562 Θάλασσαν
2873 1512 3078 1564 ἅπασαι
3131 1515 3632 1584 συνανεστόμωνται
3675 1515 3813 1586 (89)⁸

2230 1604 2305 1666 ὡς
2337 1605 2432 1656 καὶ
2460 1602 2558 1672 τὴ)
2602 1601 2867 1672 Ἐρυθρὰν
2895 1603 3166 1658 θάλασσάν
3208 1623 3337 1674 φασι
3387 1607 3522 1678 πρὸς
3556 1608 3653 1678 τὴν
3715 1610 3817 1660 ἐπ-

2233 1694 2414 1746 έκεινα
2447 1694 2716 1763 Γαδείρων
2741 1693 3121 1748 συνάπτεσθαι.
3146 1697 3268 1758 Πῶς
3290 1694 3606 1769 ,οὖν,φησὶν,
3634 1702 3660 1752 ὁ
3679 1700 3816 1764 Θεὸς

2232 1784 2299 1838 τὰ
2333 1786 2655 1854 συστήματα
2681 1783 2786 1836 τῶν
2841 1785 3050 1838 ὑδάτων
3085 1787 3309 1839 ἐκάλεσε
3335 1787 3645 1853 θαλάσσας;
3691 1791 3813 1843 ’Ὁτι

2231 1875 2528 1946 συνέδραμε
2585 1877 2682 1933 μὲν
2732 1876 2841 1944 (90)
2872 1879 2950 1939 εἰς
2985 1879 3306 1947 συναγωγὴν
3351 1880 3479 1947 μίαν
3511 1883 3579 1933 τὰ
3618 1883 3810 1936 ὕδατα·

2232 1965 2299 2017 τά
2331 1965 2387 2016 δὲ
2440 1969 2760 2036 συστήματα
2802 1969 2910 2020 τῶν
2955 1969 3182 2031 ὑδάτων,
3231 1969 3476 2021 τουτέστι
3520 1973 3645 2034 τοὺς
3689 1974 3816 2026 κόλ-

2233 2075 2367 2120 πους
2397 2058 2523 2120 τοὺς
2579 2061 2698 2110 κατ’
2755 2060 2881 2112 ἴδιον
2913 2060 3096 2129 σχῆμα
3127 2059 3231 2112 ὑπὸ
3277 2060 3375 2129 τῆς
3419 2063 3816 2132 περικειμένης

2233 2133 2333 2219 γῆς
2371 2148 2811 2219 ἀποληφθέντας,
2866 2151 3140 2214 θαλάσσας
3192 2154 3220 2204 ὁ
3284 2152 3486 2223 Κύριος
3539 2156 3816 2224 προσηγόο

2233 2257 2414 2310 ρευσε.
2439 2240 2694 2292 Θάλασσα
2721 2240 2947 2310 βόρειος,
2978 2242 3220 2294 Θάλασσα
3244 2243 3436 2307 νότιος,
3469 2244 3579 2315 ἑῴα
3610 2245 3814 2300 θάλασ-

2234 2349 2320 2396 σα,
2357 2332 2451 2384 καὶ
2474 2332 2704 2402 ἐσίιτερία
2733 2331 2894 2384 πάλιν
2935 2332 3118 2402 ἑτέρα.
3157 2335 3266 2386 Καὶ
3294 2333 3532 2404 ὀνόματα
3567 2337 3676 2390 τῶν
3715 2356 3818 2391 πε-

2230 2423 2412 2489 λαγῶν
2439 2422 2726 2486 ίδιάζοντα²
2748 2425 2946 2488 Πόντος
2964 2424 3228 2491 Εὗξεινος,
3252 2429 3345 2480 καὶ
3362 2429 3812 2501 Προποντὶςίθί),

2245 2514 2653 2582 Ἑλλήσποντος,
2686 2517 2908 2582 Αἰγαῖος
2955 2518 3047 2570 καὶ
3089 2517 3306 2582 Ἰώνιος,
3370 2521 3692 2592 Σαρδονικὸν
3717 2525 3816 2576 πέ-

2232 2605 2393 2671 λαγος
2425 2606 2518 2656 καὶ
2569 2606 2875 2668 Σικελικὸν,
2931 2608 3022 2660 καὶ
3071 2611 3408 2681 Τυρρηνικὸν
3457 2613 3664 2684 ἕτερον.
3704 2617 3814 2667 Καὶ

2236 2697 2403 2767 μυρία
2431 2714 2492 2764 γε
2520 2698 2757 2766 ὀνόματα
2792 2696 3061 2763 πελαγῶν,
3087 2700 3122 2750 ἃ
3146 2701 3352 2769 μακρὸν
3375 2701 3438 2753 ἂν
3464 2703 3548 2772 εἴη
3586 2703 3681 2755 νῦν
3699 2706 3812 2774 (92)

2232 2791 2325 2842 καὶ
2368 2789 2754 2861 ἀπειροκαλίας
2786 2789 2980 2857 μεστὸν
3013 2788 3079 2840 δι’
3116 2791 3398 2861 ἀκριϐείας
3420 2793 3817 2864 ἀπαριθμήσα-

2233 2881 2375 2934 σθαι.
2406 2882 2504 2932 Διὰ
2532 2879 2689 2934 τοῦτο
2724 2879 3004 2949 ὠνόμασεν
3027 2881 3054 2931 ὁ
3083 2879 3212 2942 Θεὸς
3238 2881 3305 2932 τὰ
3336 2884 3657 2952 συστήματα
3701 2886 3814 2937 τῶν

2231 2973 2436 3025 ὑδάτων
2460 2972 2753 3035 θαλάσσας.
2789 2970 2926 3023 Ἀλλ’
2944 2972 3022 3034 είς
3049 2970 3203 3022 τοῦτο
3234 2971 3331 3040 μὲν
3356 2974 3501 3042 ἡμᾶς
3521 2973 3816 3043 ἐξήνεγκεν

2229 3064 2263 3131 ὴ
2298 3063 2586 3117 ἀκολουθία
2633 3064 2726 3117 τοῦ
2773 3065 2952 3132 λόγου,
2981 3067 3143 3136 ἡμεῖς
3174 3065 3231 3118 δὲ
3286 3066 3422 3138 πρὸς
3461 3066 3520 3120 τὸ
3549 3069 3606 3134 ἐξ
3637 3071 3817 3141 ἀρχῆς

2233 3152 2507 3204 ἐπανέλθω
2514 3171 2630 3222 μεν.

2295 3243 2347 3296 5.
2374 3245 2483 3296 Καὶ
2514 3241 2682 3298 εἶπεν
2714 3250 2746 3299 ό
2797 3248 2959 3312 Θεόςο
2998 3248 3363 3317 Συναχθήτω
3399 3253 3472 3306 τὰ
3507 3250 3698 3306 ὕδατα
3725 3257 3816 3322 εις

2231 3335 2591 3405 συναγωγὴν
2610 3335 2776 3403 μίαν,
2832 3337 2930 3388 καὶ
2961 3338 3196 3405 ὀροήτω
3230 3343 3268 3408 ἠ
3301 3343 3474 3411 ξηρά.
3522 3347 3635 3398 Οὐκ
3667 3343 3813 3399 εἴπεο

2231 3429 2340 3481 Καὶ
2365 3428 2583 3499 ὀφθήτω
2611 3430 2642 3498 ὴ
2684 3427 2777 3496 γῆ,
2814 3427 2900 3479 ἵνα
2934 3427 3006 3498 μὴ
3040 3430 3199 3481 πάλιν
3239 3432 3405 3502 αὐτὴν
3436 3437 3816 3492 ἀκατάσκευον

2231 3520 2505 3591 ἐπιδείξῃ,
2556 3519 2774 3591 πηλώδη
2829 3514 3012 3581 οὖσαν,
3068 3520 3159 3572 καὶ
3214 3521 3668 3595 ἀναμεμιγμένην
3731 3531 3816 3597 τῷ

2232 3613 2404 3677 ὕδατι,
2436 3612 2588 3666 οὔπω
2622 3614 2720 3680 τὴν
2763 3611 2970 3664 οἰκείαν
3014 3611 3392 3664 ἀπολαϐοῦσαν
3439 3614 3651 3685 μορφὴν
3688 3619 3815 3671 οὑδὲ

2230 3704 2480 3776 δύναμιν.
2549 3703 2714 3774 Ὀμοῢ
2743 3703 2819 3766 δὲ,
2877 3702 2963 3754 ἵνα
2990 3701 3062 3773 μὴ
3093 3702 3170 3773 τῷ
3197 3703 3330 3774 ἡλίῳ
3356 3704 3452 3776 τὴν
3485 3705 3576 3758 τοῦ
3610 3707 3815 3779 ἀναξη-

2236 3796 2436 3864 ραίνειν
2465 3797 2561 3865 τὴν
2590 3796 2692 3865 γῆν
2719 3794 2894 3848 αἰτίαν
2932 3793 3274 3866 προσθῶμεν,
3308 3796 3683 3868 πρεσϐυτέραν
3710 3800 3816 3869 τῆς

2231 3886 2324 3937 τοῦ
2359 3887 2467 3956 (95)
2499 3887 2651 3958 ἡλίου
2710 3886 2974 3954 γενέσεως
3023 3887 3120 3957 τὴν
3188 3887 3456 3960 ξηρότητα
3492 3892 3590 3959 τῆς
3639 3891 3745 3960 γῆς
3785 3894 3816 3944 ὁ

2232 3978 2567 4048 Δημιουργὸς
2599 3979 3026 4050 παρεσκεύασεν.
3078 3979 3399 4050 Ἐπίστησον
3432 3981 3486 4034 δὲ
3525 3985 3588 4052 τῇ
3629 3984 3815 4054 ἐννοίᾳ

2230 4067 2338 4120 τῶν
2371 4072 2794 4138 γεγραμμένων,
2841 4071 2920 4121 ὃτι
2944 4072 3003 4121 οὑ
3050 4072 3208 4137 μόνον
3238 4072 3298 4121 τὺ
3331 4072 3620 4134 πλεονάζον
3663 4074 3813 4145 ὕδωρ

2232 4158 2481 4228 ἀπερρύη
2512 4161 2608 4227 τῆς
2636 4161 2762 4228 γῆς,
2798 4160 2932 4212 ἀλλὰ
2987 4161 3081 4213 καὶ
3122 4161 3243 4213 ὅσον
3293 4163 3625 4232 ἀνεμέμικτο
3668 4166 3811 4236 αὐτῇ

2231 4249 2319 4302 διὰ
2383 4249 2619 4318 βάθους,
2669 4251 2762 4302 καὶ
2813 4251 2970 4304 τοῦτο
3016 4251 3282 4322 ὑπεξῆλθε
3337 4253 3415 4321 τῷ
3452 4257 3814 4326 ἀπαραιτήτῳ

2233 4339 2727 4410 προστάγματιτοῦ
2758 4343 3024 4398 Δεσπότου
3057 4344 3290 4398 πεισθέν.
3312 4347 3416 4400 Kal
3451 4346 3685 4416 ἐγένετο
3709 4348 3815 4400 οὗ·

2233 4449 2368 4496 τως.
2406 4433 2672 4504 ’Λρκοῦσα
2697 4435 2834 4507 αὕτη
2867 4439 2897 4505 ἡ
2949 4437 3208 4506 ἐπαγωγὴ
3267 4438 3402 4507 πρὸς
3425 4439 3486 4490 τὸ
3511 4438 3680 4503 δεῖξαι
3724 4441 3811 4502 εἰς

2231 4525 2391 4595 ἔργον
2421 4526 2677 4580 ἐλθοῦσαν
2703 4528 2796 4580 τοῦ
2839 4527 3178 4598 Δημιουργοῦ
3198 4529 3295 4598 τὴν
3319 4530 3522 4596 φωνήν.
3551 4530 3814 4598 Πρδσκει-

559 4615 980 4684 cangregationes
1001 4627 1147 4678 suae,
1172 4621 1220 4666 et
1239 4616 1482 4681 apparuit
1508 4617 1684 4668 arida.
1708 4615 1836 4682 Qua:
1859 4630 1985 4671 sane
2011 4631 2102 4671 ver

2236 4635 2323 4672 ται
2349 4618 2405 4671 δὲ
2435 4620 2490 4670 ἐν
2508 4620 2616 4690 (94)
2634 4622 2842 4684 πολλοῖς
2871 4621 2976 4674 τῶν
2998 4620 3366 4690 ἀντιγράφων·
3391 4620 3498 4674 Καὶ
3522 4620 3809 4691 συνήχθη

630 4771 742 4840 (88)
773 4771 865 4826 Sic
895 4774 1196 4834 mss.,Editi
1230 4769 1365 4825 ἀλλά
1401 4787 1463 4838 γε
1487 4769 1540 4823 εἴ
1563 4788 1636 4825 τι.

631 4843 741 4910 (89)
804 4843 894 4897 Sic
948 4853 1182 4910 quatuor
1219 4858 1347 4897 mss.
1397 4857 1518 4896 cum
1571 4842 1724 4897 Bodl.
1779 4843 2126 4898 Excusicum

561 4912 897 4984 Reg._pr_imu
925 4914 1380 4984 συνεστόμωνται.

631 4981 742 5052 (90)
775 4981 848 5034 lla
887 4983 1037 5036 multi
1087 4979 1218 5038 mss.
1248 4997 1278 5036 e
1323 4982 1524 5036 nostris
1551 4991 1745 5051 praeter
1772 4982 1924 5038 Bodl.
1988 4979 2128 5035 Editi

562 5053 1027 5135 συνέξρσξιις.ν.είς;

633 5121 744 5193 (91⁷)
779 5121 953 5175 Editio
1005 5123 1165 5177 Basil.
1218 5139 1337 5177 cum
1393 5123 1659 5193 aliquibus
1698 5137 1827 5174 mss.
1889 5121 2134 5191 Προπόν-

560 5192 897 5266 τιοςηεᾳὶιίο
929 5193 1101 5266 Paris.
1130 5210 1250 5248 cum
1284 5194 1405 5266 aliis
1440 5192 1568 5251 mss.
1598 5195 1920 5266 Προποντις.

632 5265 744 5334 (92)
774 5261 848 5314 lta
877 5263 1092 5317 codices
1121 5279 1235 5317 sex.
1289 5265 1448 5334 Deest
1508 5266 1602 5317 νῦν
1650 5261 1705 5318 in
1757 5264 1938 5334 editis.
2012 5262 2130 5319 Mox

561 5332 801 5401 quinque
828 5347 958 5404 mss.
988 5333 1437 5404 άπαριθμεῖσθαι.
1467 5336 1602 5388 Editi
1642 5350 1764 5389 cum
1799 5332 1929 5404 lli-g.
1962 5334 2134 5401 primo

564 5413 620 5475 et
646 5419 768 5475 cum
818 5401 1769 5475 Coisl._priinodrzapcOpﬂcaaOat:
1797 5402 1912 5457 Mox
1960 5404 2133 5475 editio

568 5471 730 5542 ldasii.
764 5486 884 5521 cum
920 5473 1156 5542 quinque
1186 5489 1312 5527 mss.
1344 5471 1663 5542 ’ὼνὸμασεν.
1733 5473 1908 5526 Editio
1959 5472 2129 5527 Paris.

567 5537 876 5605 ὠνόμακεν.
921 5537 1159 5594 Subinde
1202 5545 1370 5596 codex
1426 5537 1668 5598 Cbmbef.
1730 5545 1872 5612 ἡμᾶς
1934 5542 2134 5612 ἐξήγα-

611 5621 692 5656 ενδ

571 5621 762 5747 Vbi???)
789 5675 920 5741 Reg.
959 5677 1202 5747 _quintus
1252 5679 1626 5747 πρεσϐυτέραν
1659 5682 1825 5747 αὐτῆς
1853 5681 1969 5731 τοῦ.
1994 5679 2132 5732 Infra

583 5740 735 5814 multi
769 5740 1077 5814 ιιιςεέῌδσον
1114 5740 1462 5811 ὰνεμὲμικτο.
1501 5740 1692 5799 Statim
1735 5740 1865 5814 lirg.
1921 5748 2136 5812 quintus

588 5806 743 5856 τοῦτο
776 5806 1062 5875 ὶπεξῆλθεν
1073 5849 1084 5860 .

2305 4776 2417 4843 (94)
2454 4773 2541 4827 Sic
2563 4774 2713 4844 Regii
2749 4775 2974 4842 primus,
3005 4777 3213 4839 tertius,
3243 4777 3480 4844 quintus,
3509 4787 3696 4831 Sextus
3748 4786 3807 4830 et

2235 4855 2455 4898 octavus
2483 4862 2600 4897 cum
2637 4856 2867 4911 utroque
2894 4845 3056 4898 Coisl.
3092 4847 3318 4899 etCoIb.
3373 4848 3627 4900 secundo.
3657 4847 3807 4899 Editi

2236 4915 2292 4969 ἐν
2324 4931 2451 4986 τισι,
2503 4914 2668 4968 Paulo
2718 4924 2835 4986 post
2885 4931 3011 4969 mss.
3058 4917 3253 4969 habent
3293 4917 3325 4986 ἡ
3371 4915 3527 4986 ξηρά.
3575 4916 3730 4969 Deest
3767 4919 3804 4986 ἡ

2236 4987 2288 5039 in
2320 4985 2555 5036 editione
2579 4986 2749 5056 Paris.
2782 4983 3096 5056 Verbaﬁilla,
3129 4986 3221 5056 καὶ
3265 4983 3505 5056 συνήχθη
3537 4987 3598 5038 τὸ
3655 4983 3804 5056 ὓδωρ

2233 5055 2294 5108 τὸ
2326 5056 2582 5125 ὑποκάτω
2610 5053 2704 5106 τοῦ
2749 5055 2976 5125 οὐρανοῦ
3011 5058 3091 5119 είς
3123 5055 3220 5119 τὰς
3251 5053 3570 5124 συναγωγὰς
3599 5053 3804 5116 αὑτῶν,

2231 5128 2324 5179 καὶ
2359 5123 2514 5194 ὤφθη
2569 5123 2727 5195 ξηρά,
2767 5123 2829 5177 hi
2885 5138 3195 5195 congregata
3246 5137 3318 5181 est
3364 5123 3663 5194 aqumqna’
3705 5131 3804 5176 sub

2233 5198 2394 5258 creto,
2446 5195 2498 5246 in
2543 5197 2963 5264 congt'cgatt'ones
3015 5213 3160 5258 suus,
3209 5207 3255 5249 et
3298 5195 3742 5264 apparuitﬁarida
3783 5234 3801 5258 ,

2232 5267 2527 5318 etiamnum
2563 5263 2814 5334 legimtur
2833 5266 2969 5332 apud
3003 5264 3162 5318 LXX.
3191 5266 3295 5319 Sed
3337 5278 3507 5328 neque
3548 5263 3803 5318 llebrmo-

2236 5351 2352 5388 rum
2383 5337 2678 5403 exemplar,
2707 5350 2878 5400 neque
2908 5334 3150 5403 Vulgata,
3183 5351 3355 5404 neque
3382 5334 3594 5401 AQuila,
3626 5351 3804 5402 neque

2235 5405 2613 5476 Symmachus,
2668 5419 2840 5471 neque
2871 5404 3168 5476 'l‘heodotio
3217 5421 3278 5458 ea
3317 5417 3628 5476 agnoscunt.
3667 5408 3804 5456 Ain-

2235 5473 2444 5530 brosius
2497 5484 2670 5528 tanien
2731 5476 2821 5525 lib.
2857 5489 2911 5526 ιιι
2965 5478 3017 5525 in
3072 5473 3345 5535 "omnem,
3402 5475 3554 5526 initio
3607 5477 3806 5539 capitis

2233 5547 2431 5612 quinti,
2468 5547 2566 5598 hoc
2615 5543 2755 5597 LXX
2814 5546 3165 5610 interpretum
3202 5545 3623 5612 add-Iumentum
3651 5561 3805 5596 com-

2233 5611 2442 5679 probat.
2504 5614 2670 5664 Multa
2719 5618 2873 5674 enim,
2919 5614 3113 5678 inquit.
3151 5630 3249 5665 non
3279 5617 3439 5666 otiose
3489 5629 3519 5663 α
3577 5611 3802 5681 Septua—

2234 5685 2375 5744 ginta
2428 5685 2548 5732 viris
2614 5682 2885 5734 Ilcbrrtt'cw
2947 5683 3154 5735 lectioni
3206 5687 3385 5736 additu
3441 5693 3486 5736 et
3545 5684 3807 5750 adjuncto.

2235 5752 2591 5816 comperimus.
