4062 6440
504 368 565 419 91
1852 368 1909 423 S.
1952 367 2197 424 BASlLll
2240 366 2454 421 MAGNI
3438 392 3443 396 -
3688 362 3757 408 9?.

502 482 708 537 calidus
744 491 829 537 cst
854 491 905 537 et
942 482 1141 550 siccus,
1160 484 1439 554 colligatur
1480 502 1600 541 cum
1653 500 1779 541 aere
1803 502 1897 555 per
1921 487 2067 540 calo-

2178 486 2369 554 πυρὸς,
2406 482 2482 553 τῷ
2515 484 2664 536 ὕδατι
2704 480 2801 548 μὲν
2832 477 2918 531 διὰ
2939 477 3039 544 τῆς
3074 473 3390 547 ὑγρότητος,
3426 470 3504 540 τῷ
3538 470 3670 537 πυρὶ
3703 462 3760 521 δὲ

504 591 639 636 rem,
668 590 730 628 ac
755 590 941 629 rursus
974 590 1072 644 per
1103 576 1398 631 siccitatem
1448 582 1514 634 ad
1561 589 1718 633 terrae
1765 578 2074 633 societatem

2178 577 2262 629 διὰ
2289 575 2380 628 τοῦ
2417 574 2620 646 θερμοῦ
2649 569 3120 641 συμπλεκόμενος.
3176 568 3247 619 Τὸ
3294 563 3350 617 δὲ
3391 562 3525 631 πῦρ,
3554 558 3761 629 θερμὸν

505 668 661 720 redit.
696 666 867 734 Atque
906 667 976 720 ita
1024 667 1273 723 omnibus
1330 670 1794 725 consentientibus
1844 684 1907 724 ac
1957 684 2078 724 mu-

502 768 653 813 tuum
700 762 990 827 quemdam
1020 761 1265 814 ordinem
1300 763 1439 816 inter
1487 777 1546 817 se
1596 761 1944 824 habentibus,
1970 761 2077 813 cir-

502 852 656 905 eulus
694 851 771 917 iit,
807 869 869 906 ac
888 853 1178 908 concinnus
1211 854 1429 908 chorus.
1453 852 1603 906 Unde
1631 853 1916 921 etproprie
1944 852 2077 919 ipsis

505 946 756 1014 adaptata
808 945 903 998 fuit
953 945 1242 1013 appellatio
1297 945 1709 999 elementorum.
1772 944 1894 997 Haec
1929 958 1956 995 a
1994 958 2078 996 me

505 1039 645 1091 dicta
693 1047 839 1100 sunt,
877 1048 934 1089 ut
961 1054 1177 1093 causam
1211 1037 1454 1093 aﬂerrem
1497 1053 1593 1091 cur
1626 1036 1897 1089 vocaverit
1937 1034 2079 1090 Deus

506 1132 735 1197 aridam,
767 1139 1007 1198 terram;
1052 1148 1149 1186 nec
1172 1142 1349 1184 tamen
1397 1140 1616 1197 terram,
1654 1132 1857 1182 aridam
1893 1130 2078 1197 appel—

505 1222 717 1279 laverit.
750 1223 1011 1278 Nimirum
1046 1225 1171 1290 quia
1198 1225 1409 1277 aridum
1468 1239 1570 1277 non
1604 1237 1669 1276 ex
1699 1223 1783 1277 his
1821 1231 1928 1275 est‘
1960 1236 2080 1289 quae

510 1324 665 1368 terra:
704 1317 755 1368 in
787 1324 1057 1381 posterum
1091 1326 1453 1377 accesserunt,
1487 1314 1579 1369 sed
1606 1329 1671 1366 ex
1727 1312 1811 1366 his
1859 1326 1979 1380 quae
2014 1313 2081 1366 ab

508 1407 661 1459 initio
712 1405 1001 1458 essentiam
1040 1405 1209 1473 ipsius
1263 1407 1616 1459 constituunt.
1666 1402 1838 1457 Porro
1868 1418 1985 1471 quae
2027 1405 2079 1457 in

506 1512 668 1551 causa
700 1507 823 1552 sunt
853 1513 951 1551 cur
985 1496 1185 1565 aliquid
1213 1498 1461 1564 exsistat,
1485 1497 1550 1550 iis
1567 1510 1689 1565 qua!
1714 1505 1899 1564 postea
1926 1497 2082 1550 ac‘ce-

507 1591 664 1654 dunt,
721 1600 914 1642 natura
974 1598 1101 1644 sunt
1134 1592 1311 1660 priora
1355 1604 1416 1641 ac
1454 1588 1844 1657 praestantiora.
1883 1588 2081 1655 Quam—

506 1684 693 1736 obrem
758 1693 898 1737 notae
952 1682 1142 1752 aliqua:
1202 1698 1268 1736 ex
1328 1681 1684 1735 anterioribus
1714 1688 1767 1733 et
1825 1679 2083 1735 vetustio-

508 1766 657 1821 ribus
711 1766 775 1820 ad
837 1777 1035 1821 terram
1085 1765 1467 1835 designandam
1524 1773 1649 1819 sunt
1694 1764 1814 1835 jure
1862 1761 2078 1828 επιξοεὶ-

509 1866 653 1913 tam.

578 2043 629 2097 6.
666 2043 728 2097 El
752 2044 883 2096 vidit
920 2042 1077 2107 Deus,
1103 2045 1241 2112 quod
1266 2041 1564 2110 .pulchrum
1624 2052 1772 2096 esset.
1802 2039 1918 2096 Non
1975 2041 2077 2095 hoc

510 2138 712 2191 indicat
743 2135 1039 2204 Scriptura,
1081 2135 1582 2204 uempejucundum
1607 2133 1892 2203 quemdam
1918 2133 2079 2185 maris

509 2242 786 2299 aspectum
840 2230 1004 2285 fuisse
1029 2229 1138 2283 Deo
1177 2228 1494 2283 exhibilum.
1551 2227 1666 2281 Non
1718 2226 1859 2280 enim
1909 2225 2080 2279 oculis

507 2321 957 2391 pulchritudinem
981 2329 1242 2374 creaturae
1270 2321 1505 2373 intuetur
1531 2320 1805 2380 Conditor.
1838 2318 1930 2371 sed
1960 2330 2080 2384 quae

510 2416 666 2477 ﬁunt,
696 2411 958 2482 sapientia
989 2409 1242 2463 inell'abili
1290 2409 1702 2476 contemplatur.
1746 2407 2077 2475 Estquidem

510 2510 722 2569 gratum
748 2493 1112 2565 spectaculum
1136 2508 1321 2557 aequor
1339 2492 1700 2557 inalbescens,
1728 2508 1849 2546 cum
1873 2491 2079 2546 stabilis

513 2587 873 2656 tranquillitas
900 2586 1076 2655 ipsum
1125 2594 1357 2654 occupat
1389 2603 1402 2638 :
1437 2600 1623 2638 rursus
1651 2595 1733 2639 est
1761 2586 1923 2641 etiam
1955 2597 2081 2653 gra-

511 2690 647 2742 tum,
676 2693 798 2731 cum
824 2678 990 2745 ipsius
1012 2676 1323 2745 superﬁcies
1341 2675 1548 2729 lenibus
1571 2674 1718 2728 auris
1736 2680 2079 2741 exasperata,

510 2767 853 2824 cernentibus
910 2781 1236 2834 purpureum
1269 2774 1361 2817 aut
1394 2764 1679 2817 czeruleum
1714 2762 1949 2815 colorem
1993 2756 2077 2810 of-

508 2861 646 2914 fert:
683 2855 895 2926 quando
918 2869 1090 2923 neque
1124 2854 1391 2907 violenter
1419 2853 1668 2906 verberat
1714 2850 1944 2902 vicinam
1974 2856 2081 2899 ter-

508 2964 646 3013 ram,
677 2948 769 3001 sed
800 2946 943 2999 velut
972 2940 1209 3012 paciﬁcis
1246 2940 1568 3010 quibusdam
1596 2938 1933 3008 amplexibus
1959 2951 2076 2989 eam

511 3039 902 3110 complectitur.
938 3035 1055 3091 Non
1100 3044 1280 3088 tamen
1334 3032 1629 3103 putandum
1684 3038 1789 3093 est,
1817 3029 1881 3083 ad
1934 3028 2078 3082 hunc

512 3133 730 3187 modum
755 3130 958 3185 dixisse
988 3127 1347 3194 Scripturam,
1366 3139 1520 3178 mare
1557 3123 1666 3177 Deo
1708 3122 1883 3176 visum
1912 3119 2080 3174 fuisse

510 3224 796 3293 pulchrum
826 3235 889 3274 ac
910 3219 1204 3287 jucundum
1238 3234 1251 3269 :
1298 3219 1393 3272 sed
1426 3216 1515 3271 hic
1548 3230 1615 3270 ex
1641 3214 1837 3285 opiﬁcii
1869 3213 2078 3268 ratione

513 3315 835 3385 diiudicatur
861 3312 1223 3379 pulchritudo.
1251 3310 1491 3363 Primum
1525 3309 1764 3378 quidem,
1808 3308 1932 3378 quia
1965 3323 2082 3361 ma-

510 3401 587 3455 ris
614 3414 753 3468 aqua
794 3397 960 3451 totius
1007 3396 1208 3450 terreni
1259 3396 1500 3449 humoris
1531 3396 1651 3451 fons
1701 3406 1757 3450 et
1796 3397 1947 3465 origo
1977 3406 2077 3449 est.

509 3492 638 3547 Haec
684 3491 897 3560 quidem
938 3505 1034 3558 per
1081 3488 1321 3544 occultos
1365 3497 1574 3541 meatus
1602 3487 1974 3551 distribuitur;
2004 3488 2079 3539 uti

509 3585 646 3638 laxae
672 3592 832 3651 atque
866 3581 1076 3635 hiantes
1102 3589 1281 3642 terrae,
1308 3592 1444 3646 quas
1474 3577 1692 3631 ﬂuidum
1724 3591 1871 3631 mare
1900 3577 2076 3640 subit,

510 3677 749 3730 indicant
776 3693 789 3729 :
817 3676 959 3744 quod
982 3675 1068 3726 ubi
1098 3672 1150 3726 in
1169 3672 1421 3740 obliquis,
1442 3686 1558 3725 non
1587 3681 1766 3724 autem
1798 3680 1942 3724 recta
1964 3680 2081 3725 teu-

510 3768 779 3832 dentibus,
810 3765 1140 3824 diverticulis
1165 3763 1280 3835 39
1337 3763 1601 3817 inclusum
1640 3774 1744 3828 est,
1773 3762 2081 3833 impulsum-

510 3876 617 3929 que
648 3859 748 3913 fuit
781 3875 813 3913 a
841 3868 999 3915 vento
1045 3857 1175 3911 illud
1199 3865 1466 3921 movente,
1519 3865 1629 3910 tum
1655 3856 1937 3925 superﬁcie
1972 3857 2083 3912 dis-

509 3963 665 4020 rupta
686 3953 831 4007 foras
858 3950 1121 4018 erumpit;
1147 3958 1308 4018 atque
1332 3949 1650 4004 esttendante
1672 3950 2080 4004 amaritudinem

508 4044 894 4115 percolatione,
949 4042 1094 4110 potui
1131 4049 1313 4108 aptum
1362 4043 1559 4094 evadit.
1602 4041 1720 4097 Jam
1774 4057 1900 4096 vero
1948 4042 2078 4096 cali-

507 4135 659 4188 diore
679 4132 937 4202 qualitate
968 4132 1130 4186 etiam
1161 4146 1228 4185 ex
1261 4132 1487 4184 metallis
1510 4132 1562 4184 in
1596 4134 1821 4187 transitu
1841 4144 2077 4203 accepta,

506 4238 573 4279 ex
602 4224 787 4278 eadem
818 4224 1082 4279 moventis
1106 4238 1269 4277 causa
1294 4222 1556 4277 fervidum
1589 4223 1647 4276 ﬁt
1688 4234 1745 4277 ut
1790 4225 2079 4293 plurimum

507 4326 562 4370 et
589 4316 784 4371 ardens
808 4334 821 4370 :
873 4316 925 4370 id
971 4315 1111 4385 quod
1142 4315 1194 4368 in
1222 4314 1398 4369 multis
1425 4314 1637 4379 insulis,
1665 4315 1949 4385 multisque
1967 4331 2080 4369 ma-

512 4406 710 4461 ritimis
767 4406 900 4461 locis
944 4406 1026 4460 ias
1076 4415 1160 4459 est
1198 4405 1415 4459 intueri.
1448 4405 1778 4472 Quinetiam,
1808 4417 1867 4461 ut
1911 4423 2076 4478 parva

2176 670 2271 721 καὶ
2306 668 2467 739 ξηρὸν
2500 668 2742 738 ὑπάρχον
2787 662 2886 731 τὴν
2939 659 3122 730 φύσιν,
3154 660 3231 731 τῷ
3276 659 3372 730 μὲν
3426 652 3613 723 θερμῴ
3645 650 3759 720 (99)

2177 760 2314 830 πρὸς
2335 754 2435 811 ’τὸν
2489 760 2628 831 ἀέρα
2662 754 2961 815 συνδεῖται,¹
2984 748 3059 819 τῷ
3109 748 3257 821 ξηρῷ
3297 750 3354 803 δὲ
3400 745 3565 799 πάλιν
3620 740 3761 811 πρὸς

2178 852 2274 923 τὴν
2298 852 2581 904 κοινωνίαν
2613 850 2711 919 τῆς
2740 846 2844 914 γῆς
2873 844 3251 913 ἐπανέρχεται.
3299 842 3409 897 Καὶ
3437 836 3580 892 οὕτω
3612 834 3762 902 γίνε-

2176 961 2265 995 ται
2311 942 2509 1004 κύκλος
2559 943 2653 995 καὶ
2706 937 2864 1008 χορὸς
2923 934 3263 1006 ἐναρμόνιος,
3324 927 3763 1002 συμφωνούντων

2180 1034 2397 1087 πάντων
2434 1033 2531 1085 καὶ
2571 1028 3000 1098 συστοιχούντων
3036 1024 3305 1095 ἀλλήλοις.
3362 1025 3520 1077 Ὅθεν
3552 1019 3765 1089 κυρίως

2178 1126 2361 1187 αὐτοῖς
2418 1125 2511 1177 καὶ
2563 1130 2597 1197 ἡ
2656 1120 2996 1197 προσηγορία
3053 1119 3161 1171 τῶν
3206 1116 3481 1183 στοιχείων
3517 1113 3764 1184 ἐφήρμο-

2180 1234 2305 1270 σται
2340 1216 2436 1287 (1).
2476 1218 2664 1271 Ταῦτά
2698 1232 2786 1288 μοι
2818 1213 3034 1283 εἴρηται
3073 1205 3406 1281 παριστῶντι
3447 1209 3545 1277 τὴν
3581 1202 3765 1259 αἰτίαν

2179 1311 2242 1363 δι’
2280 1309 2345 1378 ἣν
2372 1311 2399 1361 ό
2423 1308 2553 1373 Θεὸς
2583 1311 2680 1380 τὴν
2708 1304 2876 1379 ξηρὰν
2906 1304 3131 1356 ἐκάλεσε
3171 1302 3295 1372 γῆν,
3344 1297 3459 1349 ἀλλ’
3490 1300 3613 1368 οὐχὶ
3658 1296 3764 1365 τὴν

2180 1403 2285 1472 γῆν
2316 1405 2578 1472 προσεῖπε
2608 1400 2800 1471 ξηράν.
2852 1395 2997 1449 Διότι
3025 1395 3085 1447 τὸ
3116 1395 3276 1466 ξηρὸν
3309 1388 3428 1459 οὐχὶ
3457 1389 3565 1441 τῶν
3602 1390 3765 1442 ὓστε-

2184 1510 2277 1563 ρον
2305 1492 2382 1563 (2)
2414 1492 2853 1566 προσγινομένων
2881 1486 2998 1541 ἐστὶ
3014 1489 3080 1557 τῇ
3109 1490 3200 1558 γῇ,
3225 1483 3358 1539 ἀλλὰ
3381 1479 3487 1532 τῶν
3506 1479 3565 1542 ἐξ
3588 1480 3767 1549 ἀρχῆς

2185 1600 2249 1635 συ
2260 1583 2652 1654 μπληρούντων
2693 1582 2863 1650 αὐτῆς
2886 1578 2982 1648 τὴν
3009 1578 3217 1633 οὐσίαν.
3266 1574 3345 1628 Τὰ
3374 1571 3431 1625 δὲ
3461 1570 3631 1638 αὐτὴν
3665 1568 3767 1621 τοῦ

2182 1671 2322 1728 εἶναι
2350 1676 2529 1729 αἰτίαν
2557 1673 2889 1743 παρέχοντα,
2921 1672 3162 1743 πρότερα
3201 1674 3265 1741 τῇ
3294 1665 3452 1737 φύσει
3474 1662 3585 1714 τῶν
3625 1661 3767 1729 μετὰ

2181 1767 2355 1820 ταῦτα
2378 1763 2819 1838 προσγινομένων
2853 1763 2945 1816 καὶ
2977 1762 3360 1832 προτιμότερα.
3396 1756 3560 1807 ’Ὥστε
3609 1748 3765 1801 εἰκό-

2109 1837 2151 1890 B
2178 1878 2287 1923 τως
2313 1862 2377 1913 ὲκ
2407 1837 2515 1912 τῶν
2573 1855 3035 1930 προῦπαρχόντων
3091 1858 3186 1908 καὶ
3240 1848 3626 1926 πρεσϐυτέριον
3670 1843 3769 1894 ἑπ-

2180 1953 2375 2025 ενοήθη
2409 1955 2474 2024 τῇ
2495 1953 2565 2022 γῇ
2600 1949 2669 2004 τὰ
2698 1948 3077 2019 γνωρίσματα.

2256 2045 2308 2101 6.
2344 2047 2452 2099 Καί
2484 2042 2644 2099 εἶδεν
2670 2046 2703 2097 ό
2734 2044 2899 2105 Θεὸς,
2934 2040 3022 2093 ὅτι
3050 2040 3258 2094 καλόν.
3287 2038 3402 2091 Οὐκ
3438 2033 3570 2087 αὐτὸ
3604 2031 3766 2085 τοῦτο

2181 2142 2421 2211 τερπνὴν
2456 2156 2580 2192 τινα
2605 2138 2726 2207 ὄψιν
2761 2136 3037 2206 Θαλάσσης
3064 2138 3091 2188 ό
3129 2136 3285 2201 λόγος
3320 2130 3652 2184 ἐνδείκνυται
3685 2128 3769 2198 τῷ

2180 2230 2298 2300 Θεῷ
2356 2230 2655 2299 πεφηνέναι
2697 2228 2796 2299 (5).
2848 2228 2922 2280 Οὺ
2971 2227 3079 2296 γάρ
3117 2222 3413 2291 ὀφθαλμοῖς
3471 2218 3657 2289 βλέπει
3693 2218 3767 2271 τὰ

2184 2324 2353 2394 κάλλη
2377 2323 2477 2393 τῆς
2506 2320 2738 2383 κτίσεως
2791 2324 2818 2374 ὁ
2868 2320 3117 2390 ποιητὴς,
3148 2314 3284 2367 ἀλλὰ
3322 2316 3388 2385 τῇ
3424 2314 3646 2386 ἀρρήτῳ
3670 2329 3765 2365 σο-

2184 2417 2282 2486 φία
2305 2414 2499 2485 θεωρεῖ
2523 2411 2593 2465 τὰ
2628 2410 2906 2481 γινόμενα.
2963 2408 3089 2463 Ἡδὺ
3140 2406 3238 2476 μὲν
3280 2405 3389 2477 γὰρ
3431 2404 3609 2475 θέαμα
3641 2402 3771 2457 λευ-

2181 2505 2476 2576 καινομένη
2524 2502 2789 2567 θάπασσα,
2832 2499 3073 2569 γαλήνης
3122 2497 3288 2569 αὐτὴν
3326 2497 3593 2564 σταθερᾶς
3627 2510 3768 2546 κατ-

2182 2596 2412 2667 εχούσης
2435 2613 2447 2624 ·
2479 2595 2581 2664 ήδὺ
2625 2594 2681 2646 δὲ
2708 2593 2801 2646 καὶ
2830 2592 2957 2645 ὅταν
2985 2590 3238 2662 πραείαις
3270 2587 3465 2658 αὔραις
3496 2600 3767 2654 τραχυνο-

2184 2689 2320 2758 μένη
2359 2686 2428 2738 τά
2461 2686 2626 2744 νῶτα,
2680 2683 3068 2755 πορφύρουσαν
3130 2681 3297 2753 χρόαν
3338 2678 3371 2747 ἢ
3421 2674 3627 2743 κυανῆν
3651 2676 3767 2737 τοῖς

2178 2778 2345 2849 όρῶσι
2390 2776 2705 2851 προσϐάλλῃ
2756 2776 2855 2847 (4)*
2889 2777 2978 2830 ὅτε
3037 2772 3156 2827 οὐδὲ
3200 2769 3390 2821 τύπτει
3443 2765 3629 2836 βιαίως
3664 2764 3766 2837 τὴν

2178 2870 2394 2939 γείτονα
2422 2871 2636 2941 χέρσον,
2672 2869 2785 2923 ἀλλ’
2819 2865 2929 2922 οἷον
2958 2862 3260 2936 εἰρηνικαῖς
3296 2877 3439 2913 τισιν
3465 2855 3633 2927 αὐτὴν
3664 2874 3765 2909 πε-

2183 2960 2468 3033 ριπλοκαῖς
2514 2960 2946 3024 κατασπάζεται.
3015 2956 3089 3007 Οὺ
3158 2953 3263 3025 μὴν
3297 2953 3445 3005 οὕτω
3491 2950 3586 3002 καὶ
3640 2948 3765 3021 Θεῷ

2180 3054 2389 3109 οἴεσθαι
2414 3056 2520 3127 χρὴ
2558 3056 2655 3123 τὴν
2681 3050 2903 3123 Γραφὴν
2932 3048 3214 3119 εἰρηκέναι
3248 3045 3418 3115 καλὴν
3450 3042 3544 3097 καὶ
3575 3043 3763 3115 ἡδεῖαν

2180 3141 2359 3217 ὦφθαι
2417 3147 2513 3217 τὴν
2565 3144 2856 3205 θάλασσαν,
2889 3139 3024 3194 ἀλλὰ
3067 3140 3129 3192 τὸ
3168 3139 3332 3192 καλὸν
3371 3138 3487 3190 ἐκεῖ
3511 3134 3589 3206 τῷ
3618 3136 3766 3205 λόγῳ

2182 3240 2282 3311 τῆς
2308 3238 2387 3309 (5)
2414 3234 2774 3308 δημιουργίας
2789 3232 3053 3305 κρίνεται.
3093 3230 3317 3302 Πρῶτον
3350 3228 3574 3299 μὲν,-ὃτι
3608 3228 3765 3300 πηγὴ

2181 3332 2280 3402 τῆς
2306 3331 2434 3399 περί
2478 3326 2582 3396 γῆν
2630 3327 2849 3395 ἁπάσης
2885 3324 3087 3387 νοτίδος
3116 3323 3234 3376 ἐστὶ
3273 3322 3333 3375 τὸ
3360 3322 3461 3391 τῆς
3485 3320 3763 3392 θαλάσσης

2182 3420 2326 3490 ὕδωρ
2348 3436 2361 3448 ο
2415 3418 2570 3470 τοῦτο
2617 3416 2715 3486 μὲν
2747 3416 2803 3467 ὲν
2825 3417 2936 3479 τοῖς
2971 3410 3198 3484 ἀφανέσι
3244 3413 3432 3483 πόροις
3456 3411 3764 3482 διαδιδόμε-

2180 3529 2289 3576 νον,
2342 3510 2416 3573 ὼς
2445 3507 2696 3581 δηλοῦσιν
2744 3510 2801 3560 αἰ
2864 3506 3167 3579 σομφώδεις
3224 3506 3331 3559 τῶν
3369 3504 3614 3577 ἠπείρων
3666 3502 3764 3557 καὶ

2182 3601 2466 3673 ὖπαντροι,
2499 3602 2588 3670 ὑφ’
2621 3600 2687 3663 ἃς
2716 3603 2749 3673 ἡ
2782 3600 2982 3673 ῥοώδης
3037 3597 3458 3660 διαυλωνίζουσα
3493 3596 3761 3655 θάλασσα.

2182 3691 2407 3747 ἐπειδὰν
2438 3691 2679 3756 σκολιαῖς
2711 3692 2805 3745 καὶ
2840 3692 2900 3744 οὐ
2937 3690 3012 3761 (6)
3052 3688 3187 3759 πρὸς
3217 3688 3278 3741 τὸ
3311 3687 3493 3759 ὄρθιον
3526 3684 3767 3758 φερομέ-

2182 3804 2303 3850 ναις
2333 3785 2680 3855 ὲναποληφθῇ
2714 3782 2985 3847 διεξόδοις,
3022 3780 3127 3833 ὑπὸ
3166 3778 3260 3833 τοῦ
3289 3774 3561 3842 κινοῦντος
3588 3774 3766 3846 αὐτὴν

2184 3885 2487 3947 πνεύματος
2527 3874 2832 3943 ὠθουμένη,
2876 3871 3101 3941 φέρεται
3139 3870 3244 3936 ἔξω
3283 3872 3381 3943 τὴν
3432 3869 3762 3936 ἐπιφάνειαν

2182 3969 2536 4040 διαῤῥήξασα,
2567 3966 2660 4017 καί
2711 3964 2920 4031 γίνεται
2954 3964 3185 4034 πότιμος
3220 3964 3285 4016 ὲκ
3328 3964 3426 4033 τῆς
3458 3960 3765 4031 διηθήσεως

2180 4058 2241 4111 τὸ
2271 4058 2464 4127 πικρὸν
2518 4054 2749 4107 ἰαθεῖσα.
2773 4053 2912 4123 Ἤδη
2948 4053 3005 4106 δὲ
3037 4055 3132 4108 καί.
3189 4053 3524 4125 θερμοτέρας
3567 4050 3633 4104 ὲκ
3664 4066 3766 4121 με·

2182 4150 2390 4203 τάλλων
2420 4149 2703 4219 ποιότητος
2737 4148 2878 4201 κατὰ
2926 4148 3025 4218 τὴν
3074 4146 3304 4212 διέξοδον
3353 4142 3762 4217 προσλαϐοῦσα,

2180 4243 2245 4294 ὲκ
2274 4241 2371 4310 τῆς
2408 4239 2576 4308 αὐτῆς
2606 4238 2698 4291 τοῦ
2740 4238 3019 4302 κινοῦντος
3067 4240 3243 4301 αἰτίας
3286 4237 3482 4301 ζέουσα
3524 4235 3760 4304 γίνεται,

2179 4330 2256 4393 ὡς
2286 4329 2353 4382 τὰ
2381 4329 2571 4392 πολλὰ,
2602 4329 2696 4382 καὶ
2731 4330 3019 4401 πυρώδηςο
3056 4331 3192 4400 ὅπερ
3220 4328 3482 4398 πολλαχοῦ
3514 4328 3612 4397 μὲν
3645 4326 3767 4380 τῶν

2179 4423 2383 4492 νήσων,
2437 4420 2705 4491 πολλαχοῦ
2736 4421 2793 4473 δὲ
2844 4421 2954 4475 τῶν
3001 4421 3283 4492 παραλίων
3316 4420 3497 4472 τόπων
3548 4418 3763 4483 ἔξεστιν

510 4501 723 4566 magnis
753 4514 1131 4569 comparemus
1155 4540 1172 4566 ,
1224 4501 1277 4553 in
1310 4499 1717 4553 mediterraneis
1769 4500 2078 4569 regionibus

2182 4513 2486 4585 ἱστορῆσαι.
2527 4514 2698 4569 Ὅπου
2741 4529 2807 4580 γε
2856 4514 2950 4566 καί
3002 4512 3143 4566 κατὰ
3181 4512 3279 4580 τὴν
3333 4500 3761 4583 μεσόγειαν’(7)

510 4594 690 4645 simile
744 4593 996 4660 quiddam
1059 4598 1429 4662 perpetiuntur
1481 4592 1597 4646 loca
1647 4594 1890 4661 quaedam
1922 4597 2078 4665 aquis

518 4676 824 4732 ﬂuvialibus
876 4680 1128 4737 conﬁnia.
1188 4681 1323 4748 Quid
1355 4692 1436 4737 est
1464 4682 1624 4750 igitur
1656 4698 1757 4736 cur
1803 4685 1901 4739 hoc
1928 4700 1957 4737 a
1993 4701 2080 4740 me

507 4768 710 4823 dictum
752 4769 856 4822 sit?
896 4768 1050 4833 Quod
1109 4781 1216 4825 tota
1280 4772 1456 4835 tellus,
1504 4787 1641 4841 aqua
1697 4788 1794 4843 per
1842 4774 2080 4831 occultos

504 4866 719 4911 meatus
754 4873 819 4911 ex
858 4859 1021 4912 maris
1055 4860 1332 4929 principiis
1367 4864 1786 4927 subtermeante,
1816 4864 2078 4921 cuniculis

507 4948 704 5002 referta
748 4959 831 5002 est
853 4964 914 5021 ac
936 4949 1156 5017 repleta.

582 5039 631 5093 7.
682 5039 972 5094 Pulchrum
1009 5042 1187 5110 itaque
1215 5050 1297 5096 est
1324 5058 1473 5103 mare
1504 5043 1633 5112 Deo,
1662 5046 1732 5101 ob
1786 5046 2069 5103 humorem

580 5246 691 5323 (99)
711 5247 839 5323 Duo
859 5264 991 5323 mss.
1016 5249 1076 5302 τὸ
1102 5251 1201 5321 μὲν
1228 5251 1427 5323 θερμόν
1455 5274 1466 5307 ε
1505 5271 1733 5323 quorum
1758 5260 1893 5315 alter
1916 5263 2074 5319 habet

506 5334 574 5397 το
606 5316 772 5402 ξηρὸν
799 5319 1073 5402 δὲνπάλιν.
1096 5316 1198 5402 Alii
1224 5316 1485 5402 tres'mss.
1522 5316 1601 5395 τῷ
1639 5330 1734 5402 μέν
1767 5316 2067 5402 θερμῷξλξ

840 5389 916 5446 δέ.
971 5390 1093 5444 Mox
1145 5390 1276 5461 Reg.
1337 5395 1541 5462 primus
1574 5385 1749 5467 ’χὸρὸς
1791 5385 2073 5473 eadem;

504 5472 653 5651 vlo?)
685 5528 1042 5612 Reg..tertius
1081 5530 1356 5601 στοιχείων
1390 5538 1827 5651 προσήρμοσται,

599 5597 656 5651 2)
688 5597 839 5651 Multi
874 5615 1003 5651 mss.
1030 5599 1273 5651 ὕστερον.
1300 5604 1438 5651 Editi
1467 5608 1563 5651 ὑστ
1586 5625 1723 5651 ,ηωη

602 5554 653 5599 ι)
685 5554 1042 5612 ncg..tcrttus
1081 5554 1356 5601 στοιχειων
1382 5554 1563 5616 ,προση
1610 5556 1728 5607 μοσ·

688 5597 839 5677 θξιιιιι
874 5615 1003 5654 mss.
1030 5599 1281 5677 ’ὐσσεερρνΣ
1298 5604 1438 5657 Edttt
1467 5554 1728 5677 ὺπςρως.

576 5667 655 5744 (εξ)
688 5668 821 5744 Bes:
850 5682 1034 5744 ευκιυε
1066 5667 1291 5744 «sese
1324 5667 1645 5744 πεφυκέναι.

685 5737 914 5814 Qodices
942 5737 1366 5814 duo_np06dX1n.

601 5807 653 5877 5)
684 5808 777 5879 plta
832 5809 999 5865 editio
1029 5804 1191 5868 Basil.
1222 5827 1273 5867 et
1318 5804 1423 5871 ius.
1478 5817 1719 5875 Combel‘.
1756 5836 1881 5877 cum
1946 5824 2063 5881 aliis

2182 4606 2338 4658 τόποι
2368 4606 2512 4668 τινὲς
2537 4605 2643 4658 τῶν
2683 4605 2961 4673 ποταμίων
3004 4605 3210 4658 ὑδάτων
3248 4604 3507 4671 γείτονες,
3540 4604 3615 4666 ὡς
3662 4621 3761 4673 μι-

2182 4699 2291 4771 κρὰ
2340 4697 2596 4767 μεγάλοις
2640 4696 2877 4757 εἰκάσαι,
2932 4695 3001 4748 τά
3053 4695 3409 4768 παραπλήσια
3463 4696 3757 4765 πάσχουσι.

2182 4789 2327 4860 Πρὸς
2351 4785 2444 4843 οὖν
2474 4788 2526 4841 τί
2550 4788 2707 4841 τοῦτο
2730 4787 2947 4859 εἴρηταί
2988 4805 3113 4859 μοι;
3153 4790 3275 4842 Ὅτι
3299 4791 3449 4843 πᾶσα
3484 4788 3760 4859 ὑπόνομός

2180 4881 2327 4932 ἐστιν
2360 4882 2392 4951 ἡ
2427 4881 2521 4949 γῆ,
2553 4880 2641 4934 διὰ
2692 4880 2874 4951 πόρων
2920 4880 3142 4949 ἀφανῶν
3185 4882 3249 4933 ὲκ
3300 4881 3407 4934 τῶν
3439 4880 3623 4949 ἀρχῶν
3650 4879 3756 4948 τῆς

2178 4970 2455 5040 θαλάσσης
2495 4972 2913 5035 ὑπονοστοῦντος
2944 4972 3039 5025 τοῦ
3067 4974 3276 5037 ὓδατος.

2249 5058 2301 5113 7.
2335 5057 2491 5129 Καλὴ
2520 5060 2700 5113 τοίνυν
2727 5061 2759 5129 ὴ
2788 5058 3033 5114 θάλασσα
3061 5062 3140 5132 τῷ
3180 5062 3299 5132 Θεῷ
3330 5064 3422 5117 καὶ
3450 5061 3538 5115 διὰ
3566 5062 3664 5133 τὴν
3693 5063 3756 5116 ἂν

2177 5267 2413 5334 quinque
2467 5282 2595 5321 mss.
2634 5269 2766 5334 Reg.
2815 5279 3001 5324 sextus
3032 5269 3168 5323 ἀλλὰ
3205 5271 3266 5323 τὸ
3297 5270 3461 5323 καλὸν
3481 5268 3623 5323 ἐκεῖ.
3668 5269 3740 5334 τῷ

2177 5288 2413 5334 qumque
2467 5288 2595 5321 mss.
2634 5288 2766 5334 πιθα.
2815 5288 3001 5324 sexuts
3032 5288 3168 5323 αΑΑα
3205 5288 3266 5323 το
3297 5288 3461 5323 καΑον
3481 5288 3623 5323 εκει.
3668 5288 3700 5321 τ

2176 5336 2326 5407 καλῷ
2350 5336 2467 5406 τῆς,
2505 5348 2613 5393 etc.
2666 5338 2845 5393 Editio
2892 5340 3063 5394 Paris.
3120 5341 3284 5393 καλὸν
3313 5339 3504 5408 ἐκείνῳ
3563 5338 3642 5409 τῷ
3670 5288 3757 5393 12:

2248 5477 2323 5547 (6)
2361 5475 2451 5549 _Sic
2467 5476 2723 5549 iCombel'.
2753 5494 2874 5533 cum
2922 5478 3055 5549 Reg.
3084 5489 3277 5534 octavo
3317 5488 3371 5533 et
3414 5494 3539 5534 cum
3591 5479 3747 5534 Colb.

2177 5546 2433 5610 secundo.
2464 5548 2623 5603 Deest
2654 5550 2712 5601 οὺ
2743 5551 2793 5602 in
2819 5550 2980 5604 editis
3009 5546 3069 5601 et
3100 5550 3153 5603 in
3192 5550 3367 5602 multis
3393 5564 3525 5603 mss.

2249 5617 2327 5686 (7)
2352 5615 2448 5686 ‘Sic
2474 5617 2623 5686 Regii
2661 5621 2875 5683 tertius,
2903 5619 3124 5685 quintus
3145 5629 3197 5671 et
3228 5629 3410 5673 sextus
3429 5634 3551 5673 cum
3594 5628 3746 5672 utm-

2174 5702 2278 5753 que
2311 5684 2499 5757 'Coisl.
2550 5684 2691 5744 Editi
2756 5705 2877 5746 cum
2914 5684 3233 5757 quibusdam
3265 5689 3385 5757 aliis
3440 5704 3571 5745 mss.
3599 5688 3745 5742 κατὰ

2174 5757 2269 5827 τὴν
2300 5772 2363 5826 με
2373 5756 2599 5823 σόγειον.
