4062 6442
230 375 308 425 93
1372 366 1654 420 HOMILIA
1693 369 1733 422 V
1777 367 1792 420 Ι

1897 365 2380 421 HEXAEMERON.
3405 370 3473 421 94

272 486 298 496 ..ι

222 580 490 648 ποταμῶν
527 574 659 629 οὖσα
691 577 767 646 (8)
793 578 1016 648 δοχεῖον,
1051 579 1128 638 εἰς
1149 575 1344 646 ἑαυτὴν
1377 577 1444 629 τά
1474 579 1805 647 πανταχόθεν

224 671 580 737 καταδέχεται
614 668 877 739 ῥεύματα,
909 671 1001 720 καὶ
1040 667 1187 737 μένει
1222 668 1329 721 τῶν
1357 672 1495 740 ὅρων
1531 668 1659 720 εἴσω
1699 673 1804 724 τών

225 756 430 822 ἑαυτῆς
506 753 642 826 καλὴ
668 760 760 809 καὶ
801 757 934 807 διότι
969 757 1079 818 τοῖς
1105 758 1310 828 ἀερίοις
1340 758 1525 810 ὕδασιν
1557 758 1693 827 ἀρχή
1724 761 1804 824 τίς

223 851 344 898 ἐστι
381 847 472 897 καὶ
506 849 676 918 πηγὴ,
710 846 1025 916 θαλπομένη
1063 849 1158 917 μὲν
1191 852 1255 917 τῇ
1297 850 1471 900 ἀκτῖνι
1500 849 1593 900 τοῦ
1624 850 1798 920 ἡλίου,

224 937 598 1009 ἀποτιθεμένη
625 942 678 991 δὲ
698 939 756 989 τὸ
779 938 970 992 λεπτὸν
999 940 1088 992 τοῦ
1121 941 1310 1001 ὓδατος
1338 939 1423 992 διὰ
1457 941 1563 994 τῶν
1592 943 1799 1014 ἀτμῶν,

222 1029 368 1099 ὅπερ
402 1030 659 1082 ὲλκυσθέν
717 1031 796 1090 είς
853 1029 940 1082 τὸν
982 1031 1092 1083 ἄνω
1142 1030 1326 1094 τόπον,
1375 1028 1513 1098 εἶτα,
1562 1037 1801 1104 καταψυ-

225 1124 354 1193 χθὲν
387 1126 472 1178 διά
503 1125 562 1175 τὸ
608 1123 934 1196 ὑψηλότερον
974 1124 1224 1189 γενέσθαι
1253 1127 1350 1197 τῆς
1383 1129 1489 1180 ἀπὸ
1535 1130 1628 1180 τοῦ
1683 1132 1802 1185 ἐδά-

226 1235 361 1284 φους
394 1215 740 1279 ἀνακλάσεως
767 1218 872 1269 τῶν
901 1216 1154 1282 ἀκτίνων,
1183 1220 1274 1270 καὶ
1300 1220 1436 1288 ὁμοῦ
1481 1220 1579 1288 τῆς
1605 1221 1669 1272 ἐκ
1703 1222 1797 1275 τοῦ

224 1310 421 1375 νέςεους
454 1309 610 1371 σκιᾶς
637 1308 732 1378 τὴν
766 1308 923 1376 ψύξιν
946 1309 1341 1379 ἐπιτεινούσης,
1378 1311 1530 1373 ὑετὸς
1568 1313 1795 1380 γίνεται,

224 1402 321 1454 καὶ
376 1402 577 1453 πιαίνει
624 1402 722 1472 τὴν
771 1401 897 1471 γῆν.
948 1405 1056 1456 Καὶ
1092 1403 1304 1465 τούτοις
1352 1404 1525 1467 οὐδεὶς
1581 1406 1802 1458 ἀπιστεῖ

222 1491 446 1553 πάντως
479 1494 602 1554 τοὺς
642 1493 1070 1565 ὑποκαιομένους
1128 1493 1358 1564 λέϐητας
1399 1498 1674 1565 ἐννοήσας,
1725 1498 1795 1560 οἳ,

222 1582 452 1652 πλήρεις
499 1585 648 1650 ὄντες
682 1586 870 1657 ὑγροῦ,
927 1586 1184 1649 πολλάκις
1233 1588 1379 1640 κενοὶ
1439 1589 1795 1660 κατελείφθη-

224 1691 326 1727 σαν
363 1675 459 1746 l9),
494 1681 572 1739 είς
590 1680 758 1748 ἀτμὸν
783 1678 978 1740 παντὸς
1001 1678 1093 1730 τοῦ
1119 1679 1380 1749 ἐψομέγου
1403 1680 1792 1752 διακριθέντος.

233 1767 394 1820 Ἀλλὰ
438 1770 530 1820 καὶ
588 1769 718 1819 αὐτὸ
771 1767 918 1820 ἔστιν
956 1769 1081 1822 ἰδεῖν
1119 1771 1179 1823 τὸ
1218 1773 1318 1840 τῆς
1347 1771 1618 1842 Θαλάσσης
1654 1772 1794 1844 ὕδωρ

221 486 309 556 τῷ
337 487 486 556 βάθει
533 487 628 555 τῆς
667 484 886 554 ἰκμάδος
916 484 1255 556 ὑποδρομήν’
1306 482 1445 552 καλὴ
1499 485 1591 535 καὶ
1646 486 1792 545 διότι,

1907 501 1998 553 per
2029 486 2216 538 intima
2267 485 2380 535 loca
2428 487 2782 538 subeuntem:
2829 483 3104 550 pulchrum
3143 482 3288 543 item,
3335 483 3477 549 quod

1909 594 2026 629 cum
2054 578 2122 631 sit
2149 575 2428 629 ﬂuviorum
2455 575 2870 643 receptaculum,
2907 573 3100 627 ﬂuenta
3129 573 3402 628 undelibet
3421 573 3476 627 in

1907 684 1965 721 se
1999 669 2206 738 recipit,
2237 679 2397 736 atque
2432 666 2569 719 intra
2627 683 2752 721 suos
2799 666 3058 718 terminos
3111 675 3309 718 manet.
3351 663 3478 716 Pul-

1907 763 2094 814 chrum
2147 759 2345 819 etian'i,
2397 758 2647 827 quoniam
2695 759 2961 810 aeriarum
3025 770 3280 824 aquarum
3325 755 3477 823 origo

1905 852 2145 917 quaedam
2176 867 2238 904 ac
2279 849 2398 904 fons
2437 859 2540 910 est,
2570 859 2844 916 tepescens
2883 848 3096 916 quidem
3149 847 3275 900 solis
3305 849 3474 913 radio,

1905 942 2156 995 cmittens
2181 957 2309 995 vero
2331 957 2424 1009 per
2447 954 2670 1008 vapores
2699 953 2893 1006 aquam
2921 939 3248 992 tenuiorem:
3289 953 3406 1004 qua:
3425 939 3476 992 in

1903 1045 2192 1099 supernum
2248 1033 2420 1086 locmn
2487 1038 2734 1089 attracta.
2791 1029 2984 1081 deinde
3029 1029 3383 1094 rcfrigescens
3415 1042 3477 1082 co

1903 1121 2043 1190 quod
2073 1121 2337 1174 radiorum
2369 1137 2398 1173 a
2453 1121 2568 1175 solo
2613 1119 2931 1173 reﬂexorum
2967 1133 3284 1187 repercussu
3316 1118 3478 1172 altior

1901 1213 2087 1276 evasit,
2120 1212 2382 1268 simulque
2415 1212 2569 1264 nubis
2593 1213 2778 1265 umbra
2806 1207 3270 1282 refrigerationem
3297 1210 3473 1264 inlen-

1901 1303 2076 1366 dcnte,
2094 1301 2268 1370 pluvia
2287 1300 2365 1363 tit,
2380 1315 2442 1353 ac
2461 1311 2653 1352 terram
2678 1300 3200 1371 piuguel'aciLAtque
3221 1303 3300 1354 his
3319 1315 3478 1355 nemo

1899 1409 2116 1461 prorsus
2148 1391 2304 1446 tidem
2349 1390 2686 1445 detracturus
2709 1399 2810 1453 est,
2853 1392 2940 1459 qui
2975 1392 3224 1444 admotos
3270 1389 3374 1458 igni
3402 1389 3478 1443 ιε-

1898 1484 2046 1537 bctes
2079 1481 2533 1537 consideraverit:
2565 1479 2655 1548 qui
2684 1479 2906 1533 humore
2938 1483 3179 1548 plcni,eo
3203 1489 3312 1534 toto
3336 1481 3476 1548 quod

1899 1575 2259 1642 coquebatur,
2285 1576 2587 1642 invapores
2611 1571 2873 1636 resoluto,
2908 1585 3047 1638 stepe
3080 1573 3231 1624 vacui
3256 1587 3472 1624 reman-

1898 1678 2038 1717 sere.
2073 1664 2375 1729 Quinetiam
2436 1665 2600 1730 ipsam
2666 1661 2832 1716 maris
2878 1677 3072 1731 aquam
3104 1678 3133 1716 a
3173 1663 3473 1729 naviganti-

1897 1761 1997 1814 bus
2041 1758 2305 1827 concoqui
2339 1758 2520 1811 videre
2553 1758 2692 1823 licet,
2729 1759 2818 1826 qui
2852 1773 3079 1827 vapores
3117 1759 3352 1827 spongiis
3379 1773 3474 1810 ex-

220 1859 376 1925 παρά
411 1858 517 1908 τῶν
556 1858 982 1928 ναυτιλλομένων
1012 1862 1272 1931 ἑψόμενον
1292 1881 1303 1891 ·
1339 1865 1412 1924 οἳ,
1443 1865 1567 1927 τοὺς
1590 1867 1792 1934 ἀτμοὺς

1898 1851 2180 1919 cipicntes,
2223 1849 2274 1902 in
2324 1848 2738 1902 necessitatibus
2766 1855 3034 1916 utcunque
3066 1851 3341 1917 penuriam
3374 1849 3475 1902 ele-

221 1949 480 2015 σπόγγοις
533 1949 916 2020 ὑποδεχόμενοι
973 1953 1105 2020 (10),
1161 1954 1261 2022 τὴν
1308 1953 1494 2023 χρείαν
1559 1955 1794 2024 μετρίως

219 2043 278 2092 ἐν
305 2043 423 2102 ταῖς
457 2041 722 2108 ἀνάγκαις
746 2043 1214 2113 παραμυθοῦνται.
1236 2045 1388 2115 Καλὴ
1421 2045 1476 2097 δὲ
1507 2047 1598 2098 καὶ
1622 2045 1795 2109 ἄλλως

219 2133 377 2204 παρά
409 2133 543 2203 Θεῷ,
580 2135 660 2187 ὅτι
706 2137 1056 2206 περισφίγγει
1107 2137 1207 2201 τὰς
1254 2139 1471 2208 νήσους,
1504 2135 1636 2207 ὁμοῦ
1697 2137 1794 2207 μὲν

217 2227 425 2296 κόσμον
461 2227 670 2291 αὑταῖς,
706 2228 838 2298 ὁμοῦ
879 2229 935 2282 δὲ
987 2231 1079 2282 καὶ
1113 2229 1409 2299 ἀσφάλειαν
1447 2229 1790 2301 παρεχομένη

215 2319 286 2370 δι’
314 2320 540 2388 ἑαυτῆς·
603 2320 789 2372 ἔπειτα
838 2322 932 2373 καὶ
988 2325 1069 2373 ὅτι
1106 2323 1203 2383 τὰς
1250 2323 1495 2374 πλεῖστον
1551 2321 1792 2390 ἀλλήλων

215 2408 513 2470 διεστώσας
547 2411 805 2479 ἠπείρους
848 2411 1106 2463 συνάπτει
1157 2411 1223 2463 δι’
1270 2410 1486 2479 ἑαυτῆς,
1518 2409 1792 2462 ἀκώλυτον

212 2501 331 2560 τοῖς
355 2497 784 2567 ναυτιλλομένοις
835 2498 930 2569 τὴν
979 2499 1257 2568 ἐπιμιξίαν
1285 2498 1628 2568 παρεχομένη
1653 2515 1690 2566 '_
1724 2498 1791 2550 δι’

213 2584 294 2644 ὧν
328 2592 420 2643 καὶ
468 2591 705 2660 ίστορίας
766 2590 874 2644 τῶν
924 2592 1301 2661 ἀγνοουμένων
1348 2591 1654 2662 χαρίζεται,
1698 2592 1792 2644 καὶ

215 2682 448 2736 πλούτου
472 2685 726 2757 πρόξενος
762 2684 1024 2755 ἐμπόροις
1047 2685 1274 2753 γίνεται,
1306 2685 1399 2737 καὶ
1431 2684 1529 2746 τὰς
1552 2683 1646 2736 τοῦ
1676 2683 1788 2753 βίου

215 2775 407 2844 χρείας
435 2777 826 2847 ἐπανορθοῦται
853 2777 1069 2844 ῥαδίως,
1105 2776 1388 2847 ἐξαγωγὴν
1430 2779 1526 2845 μὲν
1550 2793 1657 2827 των
1690 2793 1789 2827 πε-

220 2866 420 2936 ριττῶν
448 2869 557 2929 τοῖς
579 2867 802 2934 εὐθηνου
812 2867 990 2936 μένοις
1013 2868 1381 2938 παρεχομένη,
1413 2867 1789 2938 ἐπανόρθωσιν

217 2957 277 3009 δὲ
310 2957 403 3010 τοῦ
428 2958 704 3021 λείποντος
739 2957 1065 3029 χαριζομένη
1088 2962 1197 3022 τοῖς
1231 2960 1452 3013 ὲνδεέσι.
1486 2962 1595 3013 Καὶ
1628 2958 1789 3013 πόθεν

217 3049 344 3118 ἐμοὶ
376 3050 495 3102 ὅλον
524 3050 648 3102 ἰδεῖν
675 3050 812 3121 μετὰ
833 3050 1114 3121 ἀκριϐείας
1141 3051 1240 3120 τῆς
1271 3051 1542 3122 Θαλάσσης
1571 3052 1631 3103 τὸ
1659 3052 1789 3103 κάλ-

1895 1949 2043 1993 vant.
2081 1939 2372 1994 Pulchrum
2399 1947 2483 1994 est
2512 1949 2689 1993 autem
2721 1945 2774 1992 et.
2801 1937 2907 1992 alio
2940 1942 3101 1994 modo
3132 1941 3274 2010 apud
3305 1940 3474 1994 Deum

1895 2036 2036 2098 quod
2076 2032 2467 2099 constringitet
2522 2041 2739 2088 coercet
2770 2032 2994 2096 insulas,
3030 2033 3109 2086 eis
3155 2042 3262 2085 tum
3309 2023 3496 2087 orna-'

1896 2132 2030 2185 tum,
2091 2132 2200 2174 tum
2254 2125 2592 2178 securitatem
2639 2127 2799 2181 simul
2847 2141 2941 2196 per
2990 2126 3228 2194 seipsum
3274 2125 3476 2192 imper-

1896 2215 2068 2270 tiens:
2100 2214 2290 2268 deinde
2311 2216 2492 2281 ctiam,
2517 2217 2657 2284 quod
2691 2228 2860 2272 terras
2877 2219 3164 2288 plurimum
3187 2232 3216 2270 a
3246 2231 3305 2270 se
3334 2216 3474 2270 invi-

1893 2324 2010 2362 cem
2042 2309 2304 2362 distantes
2336 2323 2430 2376 pcr
2456 2323 2512 2361 se
2544 2307 2837 2378 COIijuugit,
2864 2325 2926 2363 ac
2979 2309 3356 2380 navigantibus
3379 2325 3471 2363 ex-

1892 2401 2129 2468 peditum
2156 2400 2544 2456 commercium
2571 2410 2786 2469 pnes-tat
2810 2417 2827 2454 :
2859 2416 2952 2470 per
2978 2417 3113 2471 quos
3138 2412 3192 2456 et
3214 2402 3474 2456 historias

1894 2507 2075 2544 rerum
2111 2494 2414 2559 ignotarum
2449 2492 2693 2561 largitur,
2725 2505 2780 2547 et
2827 2493 3041 2546 divitias
3075 2494 3468 2546 mercatoribus

1893 2581 2060 2651 parit,
2093 2592 2144 2634 et
2177 2582 2332 2636 facile
2365 2586 2483 2636 vitae
2524 2585 2769 2638 medetur
2794 2583 3233 2640 necessitatibus:
3268 2583 3466 2653 quippe

1893 2677 1959 2734 iis
1989 2676 2080 2745 qui
2124 2689 2304 2729 rerum
2338 2679 2488 2744 copia
2541 2677 2781 2744 amount,
2821 2679 2870 2732 id
2910 2679 3132 2746 largitur
3178 2687 3236 2730 ut
3266 2692 3351 2731 res
3383 2692 3475 2730 su-

1891 2770 2131 2840 perﬂuas
2185 2770 2290 2824 alio
2344 2779 2631 2839 exportent
2677 2789 2691 2824 :
2749 2772 3115 2841 indigentibus
3140 2785 3288 2834 vero,
3317 2781 3376 2825 ut
3419 2771 3472 2824 id

1891 2864 2032 2932 quod
2060 2864 2158 2918 sibi
2183 2863 2328 2918 deest
2378 2872 2710 2930 comparent.
2745 2862 2850 2917 Sed
2905 2864 3048 2918 unde
3074 2863 3207 2917 mihi
3235 2864 3358 2918 licet
3387 2872 3472 2916 to-

1893 2965 1998 3008 tam
2025 2957 2190 3010 maris
2224 2955 2698 3024 pulchritudinem,
2729 2965 2927 3024 quanta
2961 2955 3267 3011 Conditoris
3309 2953 3469 3009 oculo

1889 3049 2003 3100 visa
2026 3056 2128 3110 est,
2162 3047 2347 3100 sedulo
2394 3055 2554 3113 atque
2584 3056 2836 3100 accurate
2869 3047 3216 3116 conspicere?
3264 3045 3468 3114 Quodsi

217 3137 329 3200 λος,
363 3139 486 3191 ὅσον
531 3140 607 3210 τῷ
641 3139 924 3210 ὀφθαλμῷ
958 3139 1048 3193 τοῦ
1095 3146 1420 3210 ποιήσαντος
1473 3142 1784 3210 κατεφάνη;

1897 3151 2041 3188 mare
2070 3137 2351 3203 pulchrum
2382 3151 2443 3188 ac
2467 3136 2731 3190 laudabile
2761 3145 2842 3191 est
2875 3139 3010 3206 apud
3046 3137 3230 3200 Deum,
3280 3152 3462 3191 nonne

218 3229 284 3280 Εἰ
318 3229 374 3280 δὲ
407 3229 648 3283 θάλασσα
679 3232 814 3301 καλὴ
842 3232 936 3283 καὶ
969 3231 1222 3300 ἐπαινετὴ
1243 3230 1320 3282 τώ
1345 3229 1482 3302 Θεῷ,
1527 3230 1642 3296 πῶς
1671 3232 1790 3301 οὐχ).

218 3319 452 3373 καλλίων
502 3320 789 3390 ικκλησίας
838 3321 1091 3390 τοιαύτης
1125 3321 1396 3389 σύλλογος,
1423 3323 1480 3375 ἐν
1588 3340 1791 3393 συμμι-

217 3411 321 3480 γὴς
344 3405 496 3479 ἦχος,
531 3405 641 3462 οἷόν
680 3428 822 3473 τινος
860 3414 1102 3481 κύματος
1143 3414 1279 3481 ἠϊόνι
1325 3416 1788 3485 προσφερομένου,

215 3502 427 3572 ἀνδρῶν
457 3502 548 3554 καὶ
573 3503 843 3570 γυναικών
867 3504 957 3554 καὶ
993 3504 1222 3574 νηπίων,
1250 3505 1389 3556 κατὰ
1420 3505 1518 3567 τάς
1545 3507 1679 3576 πρὸς
1700 3507 1791 3559 τὸν

215 3594 678 3664 Θεὸν(11)ήμῶν
729 3595 962 3665 δεήσεις,
1020 3597 1398 3665 ἐκπέμπεται;
1460 3597 1673 3668 Γαλήνη
1734 3599 1792 3652 δὲ

217 3687 406 3756 βαθεῖα
442 3687 736 3740 ἀσάλευτον
781 3688 948 3760 αὐτὴν
991 3686 1263 3752 διασώζει,
1305 3688 1411 3741 τῶν
1468 3689 1787 3758 πνευμάτων

213 3779 314 3848 τῆς
351 3781 614 3850 πονηρίας
663 3780 891 3851 ταράξαι
938 3781 1107 3851 αὐτὴν
1141 3783 1254 3842 τοῖς
1284 3781 1578 3850 αἱρετικοῖς
1615 3781 1791 3849 λόγοις

219 3870 294 3937 μὴ
323 3869 677 3938 δυνηθέντων.
711 3871 959 3924 Γένοισθε
996 3869 1088 3924 οὖν
1117 3871 1254 3936 ἄξιοι
1275 3872 1374 3940 τῆς
1400 3871 1665 3942 ἀποδοχῆς
1695 3871 1789 3924 τοῦ

214 3959 442 4027 Κυρίου,
473 3959 570 4029 τὴν
617 3960 866 4022 εὐταξίαν
895 3961 1096 4030 ταύτην
1125 3963 1216 4012 ἐπὶ
1257 3963 1318 4013 τὸ
1347 3964 1788 4033 εὐπρεπέστατον

213 4046 578 4110 διασώσαντες
636 4048 770 4118 (1-2),
817 4050 874 4100 ἐν
928 4050 1147 4120 Χριστῷ
1215 4051 1386 4116 Ἰησοῦ
1457 4051 1534 4122 τῷ
1601 4052 1790 4122 Κυρίῳ

1896 3226 2168 3297 pulchrior
2197 3237 2279 3282 est
2309 3229 2529 3299 hujusce
2578 3244 2866 3283 consessus
2908 3229 3244 3298 frequentia:
3274 3230 3324 3280 in
3365 3243 3472 3295 quo

1896 3321 2182 3390 permistus
2235 3337 2397 3376 sonus
2434 3322 2670 3375 virorum
2728 3323 3121 3389 mulierumque
3183 3330 3237 3373 et
3293 3321 3471 3373 infan-

1905 3415 2060 3476 tium,
2095 3414 2238 3468 velut
2283 3413 2474 3468 ﬂuctus
2503 3415 2775 3480 cujusdam
2807 3417 2871 3466 ad
2914 3415 3061 3466 littus
3091 3412 3230 3474 illisi.
3261 3428 3357 3481 per
3377 3429 3473 3468 no—

1897 3517 2035 3559 stras
2065 3508 2130 3560 ad
2174 3506 2339 3560 Deum
2368 3509 2705 3574 precationes
2754 3505 3058 3558 emittitur?
3085 3505 3238 3560 llunc
3284 3516 3466 3560 autem

1899 3606 2188 3651 conservat
2215 3598 2592 3650 inconcussum
2625 3596 2884 3664 profunda
2933 3597 3312 3666 tranquillitas,
3345 3613 3465 3652 cum

1894 3686 2241 3755 .nalignitatis
2270 3687 2492 3756 spiritus
2525 3701 2646 3740 eum
2677 3686 2945 3741 hmreticis
2978 3688 3318 3757 dogmatibus
3344 3703 3468 3756 per-

1896 3784 2109 3837 turbare
2141 3798 2242 3836 non
2276 3784 2564 3850 potuerint.
2607 3783 2774 3838 Fiatis
2825 3784 2990 3854 igitur
3052 3785 3262 3837 Domini
3310 3784 3470 3840 laude

1895 3876 2055 3944 digni,
2089 3876 2422 3945 disciplinam
2476 3877 2630 3930 istam
2663 3877 3048 3930 decentissime
3089 3877 3464 3941 observantes,

1896 3967 1946 4017 in
1980 3965 2195 4019 Christo
2217 3965 2342 4019 Jesu
2369 3967 2596 4021 Domino
2654 3975 2861 4029 nostro,
2907 3966 2992 4020 cui
3025 3965 3190 4036 gloria
3219 3976 3272 4020 et
3299 3966 3466 4036 impe-

1895 4053 2033 4106 rium
2064 4055 2114 4106 in
2153 4055 2346 4108 saecula
2381 4055 2721 4110 saeculorum.
2761 4056 2952 4110 Amen.

214 4145 392 4214 ἡμῶν,
425 4139 469 4213 ᾧ
497 4148 528 4215 ἡ
553 4145 674 4211 δόξα
705 4148 797 4199 καὶ
829 4147 887 4199 τὸ
924 4148 1120 4217 κράτος
1169 4149 1245 4210 είς
1276 4148 1400 4211 τοὺς
1442 4148 1643 4211 αἰῶνας
1672 4148 1779 4200 τῶν
1819 4148 2048 4204 αἰώνων.
2096 4150 2288 4222 Ἀμήν.

829 4339 1070 4390 UMIAIA
1107 4339 1182 4390 E'.

557 4431 667 4501 (l5)
705 4431 839 4498 Περὶ
870 4429 1277 4497 βλαστήσεως
1309 4428 1440 4498 γῆς.

291 4523 340 4577 1.
372 4523 480 4576 Kal
505 4519 670 4574 εἶπεν
698 4526 728 4575 ὀ
756 4523 914 4585 Θεός·
939 4520 1345 4587 Βλαστησάτω
1374 4523 1410 4588 ἡ
1432 4517 1788 4588 γῆβοτάνην

217 4616 452 4681 χόρτου,
509 4613 758 4681 σπεῖρον
812 4613 1049 4681 σπέρμα
1096 4613 1244 4665 κατὰ
1298 4611 1490 4681 γένος,
1539 4612 1635 4664 καὶ
1672 4611 1784 4680 (14)

219 4706 409 4768 ξύλον
435 4705 731 4773 κάρπιμον
769 4705 979 4758 ποιοῦν
1016 4704 1247 4772 καρπὸν
1284 4705 1432 4758 κατὰ
1465 4703 1658 4773 γένος,
1712 4700 1784 4759 οὗ

216 4795 285 4848 τὸ
314 4797 549 4864 σπέρμα
595 4795 781 4849 αὐτοῦ
825 4798 893 4849 ἐν
926 4796 1102 4862 αὐτῷ.
1150 4797 1483 4860 Ἀκολούθως
1535 4797 1671 4868 μετά
1727 4797 1785 4850 τὸ

216 4889 628 4941 ἀναπαύσασθαι
654 4888 750 4960 τὴν
769 4889 870 4957 γῆν
898 4890 1006 4958 (15)
1033 4890 1555 4960 ἀποσκευασαμένην
1587 4890 1647 4942 τὸ
1690 4890 1784 4959 βά-

220 4997 311 5048 ρος
339 4979 430 5033 τοῦ
461 4979 668 5044 ὓδατος,
689 4980 750 5032 τὸ
780 4980 1102 5051 πρόσταγμα
1136 4983 1270 5050 αὐτῇ
1320 4982 1510 5046 γέγονε
1549 4981 1782 5051 βλαστῆ-

291 5090 337 5121 ⁸*
357 5089 470 5145 Gen
501 5091 650 5154 v.11.

289 5181 367 5319 (8%
404 5183 530 5251 Reg.
569 5192 755 5237 sextus
781 5186 1044 5253 ποταμοῖς
1075 5180 1237 5237 οὖσα.

290 5252 342 5318 (9
385 5250 458 5302 Ita
487 5267 615 5307 mss.
649 5257 1006 5308 sexenostris
1035 5266 1225 5319 praeter

290 5250 458 5322 (9)41ta
487 5250 615 5307 mss.
649 5250 1006 5308 sexenostris
1035 5266 1225 5322 prater
1241 5250 1480 5307 Combel'.
1506 5250 1644 5305 Editi
1663 5268 1792 5304 κατ-

219 5318 423 5389 ελήφθη
433 5337 549 5374 σαν.

291 5390 400 5462 (l0)
426 5391 570 5462 ᾖξε.
602 5402 782 5445 sextus
815 5394 1066 5459 σπόγγοις
1095 5391 1504 5462 ἀποδεχόμενοι.

292 5459 402 5532 (ii)
424 5459 573 5532 Multi
603 5477 729 5515 mss.
755 5464 890 5532 πρὸς
923 5464 1012 5514 τὸν
1045 5465 1196 5516 Θεόν.
1226 5459 1390 5515 Abest
1421 5461 1682 5532 articulus
1717 5460 1786 5513 ab

220 5528 399 5612 editis.
445 5529 612 5584 Paulo
660 5528 809 5600 post'
844 5532 974 5603 Reg.
1019 5535 1236 5602 quintus
1299 5534 1589 5603 αἱρετικοῖς
1647 5531 1792 5598 λογι-

224 5612 401 5664 σμοις.

293 5668 403 5736 (12)
430 5668 583 5723 Colb.
621 5674 886 5726 secundus
924 5670 1297 5735 διασώζοντες.

296 5738 596 5811 (ιδ’),ῡεεει
636 5743 818 5796 titulus
873 5745 926 5796 in
967 5744 1234 5811 aliquibus
1280 5756 1408 5795 mss.
1472 5739 1638 5794 Coisl.
1681 5739 1788 5808 pri-

226 5822 346 5859 mus
381 5807 596 5878 Ὀμιλία
625 5817 686 5864 ε’.

2486 4340 2763 4396 HOMILIA
2811 4341 2869 4396 V.

2317 4431 2392 4485 De
2445 4434 2817 4501 germinatione
2866 4445 3038 4485 terrae.

1964 4524 2073 4596 40
2103 4526 2151 4578 Ι.
2174 4523 2236 4577 Et
2266 4525 2398 4577 dixit
2434 4524 2604 4577 Deus:
2630 4521 2892 4576 Germinet
2928 4535 3068 4577 terra
3091 4525 3300 4577 herbam
3330 4524 3460 4596 feni,

1893 4618 2151 4668 seminans
2185 4632 2354 4667 semen
2377 4616 2536 4682 juxta
2563 4631 2744 4683 genus,
2771 4623 2819 4666 et
2870 4614 3065 4682 lignum
3104 4614 3460 4682 fructiferum,

1894 4707 2092 4774 faciens
2134 4705 2358 4773 fructum
2380 4714 2536 4774 juxta
2576 4722 2755 4774 genus,
2783 4705 2932 4770 cuius
2977 4719 3147 4759 semen
3171 4707 3224 4758 in
3254 4709 3362 4772 ipso
3395 4708 3460 4762 “.

1892 4795 2044 4848 Haud
2074 4797 2247 4863 inepte
2270 4808 2616 4864 posteaquam
2653 4803 2814 4858 terra,
2852 4796 3093 4863 deposito
3137 4810 3289 4865 aqua:
3333 4813 3463 4865 pon-

1891 4887 2037 4951 dere,
2093 4889 2456 4956 interquievit,
2501 4887 2652 4953 jussa
2687 4899 2768 4940 est
2797 4888 2966 4954 primo
2993 4887 3240 4952 herbam,
3269 4890 3464 4944 deinde

1891 4978 2090 5046 lignum
2129 4980 2472 5045 germinare;
2503 4978 2642 5046 quod
2682 4979 2850 5048 ipsum
2876 4993 3007 5033 sane
3027 4980 3315 5033 etiamnum
3348 4981 3464 5034 ﬁeri

1975 5179 2086 5249 (Μ)
2128 5177 2202 5230 Ita
2228 5179 2392 5232 editio
2417 5177 2578 5232 Basil.
2609 5188 2663 5231 et
2691 5179 2916 5246 Vulgata
2952 5194 3071 5232 cum
3116 5179 3463 5249 nostrisocto

1901 5247 2061 5312 mss"
2099 5250 2292 5314 quibus
2350 5249 2666 5316 adjnngendi
2731 5247 3149 5301 snnhCombel'.
3200 5261 3252 5301 et
3307 5248 3460 5302 Bodl.

1898 5318 2035 5372 Editi
2070 5334 2191 5371 cum
2222 5317 2358 5370 LXX
2391 5320 2530 5370 κατά
2552 5319 2706 5384 γένος
2737 5319 2829 5368 καὶ
2868 5319 2985 5370 καθ’
3016 5318 3326 5387 ὁμοιότητα.
3356 5319 3460 5371 Sed

1900 5389 1951 5439 in
1985 5391 2330 5455 sequentibus
2362 5390 2471 5451 illa,
2508 5391 2600 5440 καὶ
2624 5387 2746 5439 καθ’
2774 5389 3087 5458 ὁμοιότητα,
3120 5391 3464 5456 reperiuntur

1896 5469 1951 5511 et
1981 5460 2030 5510 in
2055 5459 2212 5510 editis
2233 5469 2284 5511 ct
2316 5460 2365 5510 in
2393 5474 2522 5511 mss.

1967 5528 2256 5598 (155)1{egii
2294 5529 2514 5594 quintus
2553 5537 2606 5579 ct
2659 5536 2843 5598 sextus
2887 5538 2938 5581 et
2975 5527 3132 5598 Coll).
3189 5526 3462 5598 secundus

1893 5595 2013 5650 cum
2043 5595 2204 5650 Coisl.
2231 5598 2467 5650 secundo
2511 5598 2646 5665 μετὰ
2683 5597 2742 5648 τὸ
2773 5596 3187 5649 ἀναπαύσασθαι
3213 5597 3310 5665 τήν
3338 5595 3460 5662 γῆν.

1896 5668 2032 5720 Editi
2063 5667 2335 5736 cum_aliis
2360 5678 2592 5733 quatuor
2621 5683 2759 5736 mss.
2799 5683 2901 5721 non
2939 5667 3093 5720 malae
3139 5677 3278 5720 uota:
3329 5665 3464 5716 ἀνα-

1894 5737 2146 5792 πνεῦσαι.
2183 5734 2385 5790 Scnsus
2414 5737 2600 5791 eodem
2636 5734 2789 5790 redit.
