4062 6442
559 362 629 416 95
1917 353 1973 410 S.
2019 356 2149 410 BAS

2255 355 2264 406 Ι
2307 352 2524 406 ΜΛΟΜ
3765 358 3831 410 96

563 479 826 532 videmus.
863 469 972 524 Vox
1026 469 1169 523 enim
1203 468 1288 521 illa
1333 478 1459 522 tunc
1522 469 1746 533 omissa,
1793 485 1857 522 ac
1910 469 2143 537 pritnntn

2255 483 2338 518 σαι
2363 465 2577 535 πρῶτον
2603 464 2852 534 βοτάνην,
2892 463 3079 516 ἔπειτα
3108 464 3264 529 ξύλον
3329 466 3463 536 ὅπερ
3497 466 3579 516 ἔτι
3608 467 3705 519 καὶ
3745 469 3833 521 νῦν

564 570 690 624 illud
733 575 1080 634 praeceptum,
1114 563 1257 616 \clul.
1295 563 1375 615 ch
1408 567 1652 630 quautam
1695 571 1899 616 natura:
1952 563 2144 625 evasit,

566 660 879 724 iuba‘sitqne
905 667 1081 722 terrae,
1113 671 1176 711 ac
1207 657 1254 710 ei
1290 657 1604 724 generandi,
1629 655 1942 721 fructusque
1975 653 2025 703 in
2057 669 2149 722 po-

567 763 768 807 stcrum
793 749 998 803 ferendi
1035 751 1138 804 vim
1169 747 1415 802 contulit.
1437 748 1696 801 Germinet
1728 755 1887 799 terra.
1908 745 2147 798 Primum

570 843 821 912 quiddam
856 852 940 895 est
994 842 1046 894 itt
1084 841 1344 910 graminis
1407 838 1755 908 generatione
1791 837 2145 907 germinatio:

564 936 775 999 deinde,
803 949 924 988 cum
962 933 1350 1002 prominuerint
1373 929 1644 1000 paululum
1679 930 1944 999 germina,
1977 926 2146 980 herba

565 1031 663 1082 lit:
705 1039 824 1097 post
861 1039 1015 1096 capto
1062 1027 1433 1091 incremento,
1487 1024 1665 1077 fenum
1711 1035 1793 1077 est
1843 1034 1974 1087 tum,
2026 1037 2147 1074 cum

564 1121 819 1191 paulatim
859 1120 1103 1188 gramina
1137 1120 1248 1173 suis
1278 1116 1390 1184 jam
1426 1115 1670 1169 articulis
1717 1115 2149 1183 distinguuntur,

564 1224 615 1266 et
648 1215 713 1267 ad
744 1211 966 1266 seminis
1013 1226 1180 1280 usque
1226 1208 1611 1279 perfectionem
1653 1207 1993 1275 perveniunt.
2020 1203 2153 1258 Iler-

566 1307 791 1361 bescunt
816 1305 960 1358 enim
992 1304 1104 1373 pari
1141 1319 1362 1372 prorsus
1398 1304 1606 1357 ratione
1636 1316 1700 1354 ac
1731 1300 2008 1353 virescunt
2036 1315 2152 1354 om—

568 1400 676 1452 nia.
714 1395 976 1451 Carmine!
1012 1408 1149 1448 terra
1191 1395 1404 1448 herbam
1442 1395 1570 1464 feni.
1601 1392 1766 1445 Terra
1798 1404 1893 1457 per
1919 1391 2149 1460 seipsatn

570 1491 806 1562 proferat
834 1489 1306 1560 germinationem,
1352 1489 1494 1543 nullo
1523 1486 1724 1540 auxilio
1759 1485 1977 1540 aliunde
2011 1487 2151 1540 indi-

571 1595 720 1650 gens.
745 1577 1009 1645 Quoniam
1045 1578 1380 1630 arbitrantur
1405 1573 1647 1628 nonnulli
1681 1572 1873 1638 solem,
1908 1574 2032 1626 dum
2059 1587 2153 1640 per

571 1670 765 1725 caloris
800 1667 1172 1722 attractionem
1209 1667 1316 1718 vim
1350 1679 1413 1717 ex
1443 1663 1565 1716 imis
1586 1663 1829 1732 partibus
1854 1663 1918 1715 ad
1962 1675 2151 1728 super—

571 1761 745 1813 ticiem
780 1759 964 1816 trahit,
985 1771 1170 1809 eorum
1202 1769 1319 1822 qua:
1357 1768 1422 1808 ex
1454 1764 1594 1808 terra
1630 1754 2000 1822 producuntur
2019 1763 2148 1801 cau-

2247 558 2463 628 ὀρῶμεν
2495 558 2797 627 γινόμενον,
2830 557 2890 609 'll
2921 559 3029 629 γὰρ
3054 558 3173 609 τότε
3206 560 3382 630 (μονὴ,
3417 559 3510 612 καὶ
3539 559 3600 611 τὸ
3620 561 3836 630 πρῶτον

2249 652 2423 703 ἐκεῖνο
2462 652 2816 723 πρόσταγμα,
2848 644 2960 702 οἷον
3007 652 3169 721 νόμος
3225 667 3308 712 τις
3345 652 3561 721 ἐγένετο
3597 653 3835 721 φύσεως,

2257 744 2351 794 καὶ
2382 743 2706 814 ὲναπέμεινε
2735 743 2800 810 τῇ
2829 744 2922 810 γῇ,
2950 742 3049 814 τὴν
3078 742 3171 795 τοῦ
3199 747 3394 812 γεννᾷν
3420 745 3557 816 αὐτῇ
3590 744 3703 814 (16)
3747 746 3839 799 καὶ

2250 838 2620 906 καρποφορεῖν
2645 832 2871 902 δύναμιν
2908 834 2986 894 εἰς
3016 834 3078 884 τὸ
3107 834 3234 904 ἑξῆς
3263 838 3656 907 παρεχόμενος.
3685 839 3841 888 Βλα-

2249 925 2534 991 στησάτω
2566 925 2602 992 ἡ
2644 923 2742 992 γῆ.
2794 923 3020 992 Πρῶτόν
3069 927 3214 978 ἐστιν
3261 925 3318 978 ἐν
3367 930 3434 995 τῇ
3490 929 3702 997 γενέσει
3733 929 3840 978 τῶν

2251 1017 2536 1087 φυομένων
2559 1021 2589 1088 ή
2623 1015 2945 1086 βλάστησις·
2975 1016 3187 1080 ἔπειτα,
3216 1022 3342 1072 ὅταν
3367 1021 3623 1093 προκύψῃ
3647 1021 3842 1092 μικρὸν

2251 1111 2318 1164 τὰ
2350 1110 2728 1182 βλαστήματα,
2779 1109 2974 1179 βοτάνη
3018 1110 3228 1177 γίνεται
3249 1129 3262 1142 ο
3291 1107 3388 1163 εἶτ’
3421 1111 3640 1166 ἐπειδὰν
3671 1111 3842 1180 αὐξη-

2252 1203 2341 1274 alia
2370 1205 2562 1276 χόρτος
2613 1205 2751 1267 ἐστὶ,
2799 1203 2938 1256 κατᾶ
2999 1203 3192 1273 μικρὸν
3232 1201 3676 1274 διαρθρσυμένων
3731 1203 3842 1254 τῶν

2254 1295 2563 1363 φυομένων,
2602 1296 2695 1349 καὶ
2733 1295 2893 1364 μέχρι
2921 1296 3019 1362 τῆς
3051 1296 3143 1346 ἐπὶ
3175 1296 3236 1348 τὸ
3264 1295 3486 1366 σπέρμα
3508 1295 3843 1355 τελειώσεως

2255 1387 2578 1456 προϊόντων.
2607 1389 2679 1442 T‘o
2703 1387 2811 1455 γὰρ
2841 1384 3062 1455 χλοερὸν
3094 1389 3186 1439 καὶ
3220 1386 3423 1449 ποάζον
3459 1386 3844 1458 παραπλήσιόν

2252 1481 2398 1532 ἐστιν
2447 1482 2722 1534 ἁπάντων.
2759 1477 3175 1546 Βιῑτιστησιὶτω
3217 1482 3255 1546 ὴ
3296 1479 3369 1548 γῆ
3407 1477 3681 1545 βοτάνην
3709 1482 3818 1549 χόρ

2253 1590 2380 1626 του.
2443 1573 2580 1626 Καθ’
2631 1569 2891 1642 ἑαυτὴνή
2935 1572 3006 1642 γῆ
3043 1573 3367 1642 προῳερέτω
3393 1572 3491 1643 τὴν
3524 1571 3845 1642 βλάστησιν,

2253 1665 2511 1736 οὐδεμιᾶς
2534 1664 2856 1734 συνεργείας
2888 1665 2999 1736 (l7)
3031 1663 3294 1735 ἑτέρωθεν
3330 1663 3581 1734 δεομένη.
3621 1663 3844 1735 Ἐπειδὴ

2254 1776 2397 1820 τινες
2422 1759 2624 1811 οἴονται
2653 1757 2744 1810 τὸν
2773 1758 2923 1829 ἥλιον
2958 1757 3128 1810 αἴτιον
3152 1753 3287 1810 εἶναι
3324 1755 3433 1809 τῶν
3465 1755 3573 1808 ἀπὸ
3605 1757 3705 1826 τῆς
3740 1757 3846 1826 γῆς

569 1866 685 1905 sam
722 1863 839 1903 esse
872 1865 885 1900 :
920 1848 1038 1901 ideo
1067 1848 1275 1901 telluris
1314 1858 1540 1902 ornatus
1575 1847 1684 1899 sole
1726 1853 1809 1896 est
1838 1842 2150 1911 antiquior;

2259 1852 2566 1922 φυομένων,
2600 1854 2667 1924 τῇ
2707 1851 2837 1922 ὁλκῇ
2877 1850 2968 1904 τοῦ
2996 1848 3201 1921 θερμοῦ
3227 1850 3361 1922 πρὸς
3384 1848 3483 1921 τὴν
3515 1849 3846 1918 ἐπιφάνειαν

571 1955 628 1996 ιιι
660 1944 690 1994 ii
717 1943 806 2010 qui
835 1955 1019 1995 errore
1072 1942 1282 2011 decepti
1325 1938 1658 2003 sunt,solem
1684 1944 1939 2005 tanquam
1972 1948 2150 1986 rerum

570 2035 636 2085 ad
664 2036 826 2085 vitam
869 2034 1248 2101 pertinentium
1280 2043 1555 2087 auctorem
1585 2028 1840 2082 desinant
1897 2027 2149 2081 adorare.

569 2125 774 2194 Itaque,
796 2125 838 2180 si
873 2142 1184 2195 persuasam
1213 2128 1340 2193 ipsis
1365 2126 1546 2188 fuerit,
1566 2136 1780 2175 onmem
1807 2130 2004 2175 terram
2028 2130 2154 2176 ante

572 2220 740 2285 ipsius
772 2217 901 2269 solis
935 2227 1181 2269 exortum
1237 2214 1403 2267 fuisse
1430 2213 1721 2277 excultum,
1774 2213 1937 2268 etiam
1963 2214 2153 2266 immo-

571 2311 748 2363 dicam
775 2310 839 2362 de
870 2310 986 2377 ipso
1025 2317 1340 2376 conceptam
1392 2306 1808 2362 admirationem
1846 2307 2150 2368 remittent,

571 2401 696 2454 tlum
717 2401 892 2455 veniet
917 2401 995 2455 eis
1025 2406 1075 2454 in
1105 2411 1364 2465 mentem,
1389 2409 1568 2454 ortmn
1601 2398 1746 2453 illius
1773 2398 1895 2452 l'eno
1914 2406 1967 2450 et
1989 2398 2152 2450 herba

569 2508 693 2548 esse
723 2491 1248 2561 posteriorent.Num
1277 2493 1442 2562 igitur
1471 2493 1756 2560 pecoribus
1780 2489 1995 2556 quidem
2017 2501 2153 2555 prte-

574 2590 795 2650 paratns
831 2591 912 2634 est
931 2592 1134 2649 pastus,
1177 2592 1421 2633 nostrum
1460 2595 1588 2633 vero
1628 2579 1939 2630 alimentum
1975 2577 2154 2646 provi-

571 2671 751 2726 dentia
774 2671 914 2725 nulla
949 2671 1117 2724 visum
1137 2683 1219 2726 est
1237 2671 1495 2741 dignum?
1521 2669 1633 2725 lmo
1657 2671 1749 2741 qui
1776 2671 1948 2726 bobus
1973 2669 2154 2738 equis-

568 2779 678 2834 que
723 2764 1048 2835 prteparavit
1089 2766 1417 2832 paStionem.
1445 2766 1541 2821 tibi
1583 2767 1816 2820 maxime
1845 2764 2061 2819 divitias
2089 2777 2156 2818 ac

571 2857 857 2912 commoda
909 2867 1086 2928 parat.
1127 2856 1258 2911 Nam
1307 2873 1505 2927 pecora
1537 2869 1622 2911 tua
1663 2858 1753 2926 qui
1815 2859 2007 2928 pascit,
2055 2859 2150 2912 tibi

573 2949 955 3018 supellectilem
987 2950 1110 3003 vitae
1136 2952 1389 3018 adauget.
1441 2949 1643 3002 Deinde
1678 2952 1944 3003 seminum
2000 2961 2151 3004 ortus

572 3043 700 3110 quid
733 3041 875 3094 aliud
909 3051 1012 3103 est,
1051 3041 1150 3094 nisi
1203 3041 1326 3094 vitae
1382 3049 1487 3094 tuae
1535 3049 1827 3110 apparatus
1854 3043 1879 3094 ἰ’
1931 3042 2153 3095 Accedit

573 3133 714 3201 quod
743 3132 892 3200 plura
916 3148 1103 3188 eorum
1160 3147 1280 3203 qua!
1319 3133 1494 3187 adhuc
1520 3132 1701 3187 herba:
1748 3143 1802 3187 et
1830 3134 1975 3187 olera
2002 3140 2146 3195 sunt,

574 3225 850 3279 licminum
885 3235 1099 3279 exstant
1122 3226 1461 3282 alimentum.

2178 3204 2220 3264 ο
2251 3204 2360 3284 τῶν
2392 3230 2731 3300 σπερμάτων
2761 3204 2976 3296 γένεσις
3011 3229 3064 3282 τί
3097 3229 3225 3284 ἀλλο
3271 3232 3409 3296 ἐστὶ,
3442 3204 3543 3284 καὶ
3591 3231 3714 3301 οὐχὶ

2253 1941 2350 2014 τὴν
2382 1946 2443 1996 ἐκ
2471 1941 2564 1996 τοῦ
2608 1943 2803 2014 βάθους
2845 1943 3072 2010 δύναμιν
3109 1941 3517 2012 ἐπισπώμενον·
3552 1941 3638 1995 διὰ
3684 1940 3848 1996 τοῦτο

2256 2035 2605 2107 πρεσϐυτέρα
2631 2035 2724 2088 τοῦ
2754 2035 2904 2104 ἡλίου
2953 2034 2987 2103 ἡ
3032 2033 3160 2103 περὶ
3183 2034 3287 2101 γῆν
3310 2035 3669 2107 διακόσμησις
3690 2053 3703 2066 ⁸
3755 2037 3848 2090 ἵνα

2256 2129 2350 2184 καὶ
2385 2127 2478 2180 τοῦ
2504 2130 2826 2198 προσκυνεῖν
2861 2125 2951 2178 τὸν
2999 2125 3278 2194 ἥλιον,“ὠς
3319 2127 3481 2180 αὐτὸν
3518 2129 3617 2196 τὴν
3661 2129 3850 2181 αἰτίαν

2253 2222 2354 2289 τῆς
2388 2219 2532 2288 ζωῆς
2567 2217 2962 2288 παρεχόμενον,
2993 2220 3042 2272 οἱ
3070 2217 3472 2288 πεπλανημένοι
3504 2220 3846 2273 παύσωνται.

2267 2312 2391 2364 Ἐὰν
2425 2310 2534 2380 ἄρα
2583 2310 2901 2375 πεισθῶσιν,
2952 2311 3034 2364 ὅτι
3067 2310 3172 2382 πρὸ
3198 2311 3295 2381 τῆς
3320 2310 3530 2363 ἐκείνου
3573 2312 3848 2380 γενέσεως

2252 2403 2320 2457 τά
2352 2403 2481 2474 περὶ
2514 2402 2611 2474 τὴν
2658 2403 2760 2472 γῆν
2803 2405 2977 2458 πάντα
3005 2403 3116 2473 (18)
3163 2403 3581 2474 διακεκόσμητο,
3624 2404 3723 2456 καὶ
3751 2402 3848 2457 τοῦ

2254 2493 2495 2562 ἀμέτρου
2547 2494 2673 2563 περὶ
2708 2493 2870 2545 αὑτὸν
2914 2493 3189 2563 θαύματος
3229 2493 3570 2561 καθυφῶσιν,
3602 2493 3849 2566 ἐνθυμη-

2254 2583 2458 2646 θέντες,
2488 2584 2570 2635 ὅτι
2623 2585 2818 2654 χόρτου
2857 2585 2951 2636 καὶ
2983 2583 3210 2655 βοτάνης
3252 2584 3514 2657 νεώτερός
3544 2588 3662 2638 ἐστι
3708 2586 3850 2639 κατὰ

2256 2677 2357 2750 τὴν
2382 2673 2779 2749 γένεσιν.⁷Αρα
2821 2673 2913 2732 οὖν
2951 2680 3064 2742 τοῖς
3110 2678 3207 2750 μὲν
3234 2678 3574 2750 βοσκήμασιν
3607 2682 3639 2750 ή
3672 2678 3849 2749 τροφὴ

2255 2771 2621 2841 προαπετέθη,
2645 2771 2704 2824 τὸ
2725 2770 2782 2823 δέ
2810 2768 3077 2844 ἡμέτερον
3105 2771 3362 2842 οὐδεμιᾶς
3381 2771 3556 2842 ἐφάνη
3589 2771 3848 2842 προνοίας

2255 2865 2424 2928 ἄξιον;
2443 2864 2601 2917 Ἀλλὰ
2629 2865 2862 2933 μάλιστα
2891 2865 2990 2935 μὲν
3025 2869 3054 2918 ὁ
3079 2865 3228 2934 βουσὶ
3253 2865 3344 2918 καὶ
3372 2865 3556 2926 ἵπποις
3580 2863 3671 2914 τὸν
3699 2861 3848 2932 χιλὸν

2255 2955 2721 3025 προαωθέμενος,
2754 2958 2838 3008 σοὶ
2880 2957 2970 3008 τὸν
3001 2956 3231 3008 πλοῦτον
3275 2956 3369 3009 καὶ
3405 2956 3506 3026 τὴν
3544 2954 3848 3006 ἀπόλαυσιν

2255 3042 2696 3114 παρασκευάζει·
2732 3047 2760 3097 ὁ
2791 3045 2899 3116 γὰρ
2933 3045 3000 3097 τὰ
3027 3047 3231 3116 κτήνεά
3277 3063 3371 3099 σου
3408 3047 3714 3119 διατρέφων
3735 3049 3840 3119 τὴν

2257 3135 2355 3207 σὴν
2384 3135 2498 3203 (19)
2531 3135 2781 3199 συναύξει
2817 3135 2913 3189 τοῦ
2967 3135 3082 3206 βίου
3138 3139 3521 3210 κατασκευήν·
3573 3138 3766 3193 ἔπειτα
3813 3141 3846 3209 ὴ

574 3321 674 3390 σῆς
709 3321 984 3392 διαγωγῆς
1034 3323 1384 3394 παρασκευῆς
1434 3322 1569 3394 πρὸς
1616 3322 1695 3395 τῷ
1738 3323 1906 3379 πολλὰ
1943 3323 2049 3376 τῶν
2091 3324 2148 3377 ὲν
2187 3323 2346 3388 πόαις
2412 3325 2493 3379 ἔτι
2558 3327 2652 3380 καὶ
2678 3327 2931 3399 λαχάνοις
2961 3330 3130 3383 ὄντων
3164 3333 3371 3402 τροφὴν
3399 3331 3703 3404 ἀνθρώπων
3724 3331 3844 3402 (‘20)

575 3413 864 3484 ὑπάρχειν.

645 3503 696 3556 9..
724 3503 987 3556 Germinet
1025 3513 1162 3555 terra
1195 3504 1407 3557 herbam
1433 3506 1578 3573 feni,
1614 3511 1884 3562 seminans
1936 3523 2107 3562 semen
2128 3548 2143 3569 ,

577 3593 772 3661 inquit,
803 3592 1085 3645 sernndum
1135 3609 1316 3662 genus.
1370 3593 1690 3662 Quanquam
1731 3595 1892 3663 igitur
1924 3596 2144 3665 aliquod

576 3683 756 3736 herbte
789 3697 956 3752 genus
997 3681 1363 3736 animantibus
1412 3683 1634 3752 reliquis
1668 3684 1888 3751 prodest
1911 3724 1926 3743 .
1965 3693 2144 3737 tamen

576 3775 787 3829 illorum
831 3775 1032 3830 utilitas
1070 3777 1134 3829 ad
1165 3790 1264 3830 nos
1299 3775 1615 3842 revertitur,
1674 3778 1938 3846 nobisque
1980 3776 2147 3831 semi-

582 3884 705 3922 num
740 3869 1045 3937 assignatus
1082 3877 1166 3922 est
1209 3883 1370 3930 usus;
1414 3867 1548 3922 adeo
1603 3877 1661 3921 ut
1712 3867 1831 3921 talis
1864 3868 1933 3922 sit
1963 3883 2146 3922 eorum

577 3972 698 4026 quae
720 3957 860 4010 dicta
889 3967 1036 4020 sunt,
1066 3973 1259 4013 sensus
1285 3977 1298 4014 :
1328 3958 1594 4014 Germinet
1619 3969 1760 4014 terra
1791 3960 1998 4013 herbam
2021 3959 2154 4029 feni,

578 4058 626 4100 et
661 4065 830 4102 semen
877 4050 1233 4116 semini/icon:
1273 4052 1560 4105 secundum
1589 4069 1770 4122 genus.
1799 4051 1930 4106 Nam
1975 4053 2050 4106 ita
2101 4061 2155 4106 et

579 4144 867 4198 verborum
899 4145 1034 4200 ordo
1057 4161 1120 4200 ac
1161 4147 1329 4200 series
1358 4149 1567 4201 restitui
1597 4149 1794 4217 poterit
1819 4147 1983 4219 (nunc
2013 4149 2153 4203 enim

579 4236 916 4289 constructio
968 4235 1148 4305 inepta
1175 4249 1239 4289 ac
1295 4234 1661 4305 incongruens
1702 4252 1824 4291 esse
1871 4237 2155 4305 videtur),

2320 3505 2377 3558 ἳ-
2419 3503 2831 3571 Βλαστησὰτω
2859 3505 2896 3570 ἡ
2927 3506 3000 3573 γῆ
3025 3504 3302 3572 ,βοτάνην
3319 3507 3560 3574 χόρτου,
3590 3508 3850 3574 σπεῖρον

2249 3596 2508 3663 σπέρμα,
2568 3597 2721 3665 φησὶ,
2775 3599 2926 3648 κατὰ
2984 3597 3177 3665 γένος.
3224 3598 3408 3658 Ὥστε,
3455 3598 3555 3649 κᾶν
3595 3616 3646 3649 τι
3687 3599 3847 3664 γένος

2254 3686 2482 3756 βοτάνης
2515 3686 2721 3755 ἑτέροις
2758 3685 3010 3758 διαφέρῃ,
3056 3687 3324 3740 κάκείνων
3365 3688 3426 3740 τὺ
3473 3686 3664 3758 κέρδος
3707 3686 3846 3757 πρὸς

2256 3778 2402 3847 ἡμᾶς
2436 3775 2815 3846 ἐπανέρχεται,
2851 3777 2945 3830 καὶ
2984 3780 3115 3847 ἡμῖν
3146 3779 3178 3847 ἠ
3217 3778 3414 3848 χρῆσις
3455 3779 3561 3831 τῶν
3594 3779 3848 3849 σπερμά-

2253 3886 2360 3922 των
2387 3867 2693 3939 ἀφώρισται
2711 3886 2722 3897 ·
2755 3867 2893 3921 ὥστε
2925 3867 3061 3922 εἶναι
3088 3869 3198 3940 (2'1)
3223 3869 3314 3924 τὸν
3338 3869 3462 3924 νοῦν
3485 3870 3593 3924 τῶν
3618 3871 3849 3942 εἰρημέ-

2258 3979 2363 4017 νων
2395 3962 2635 4014 τοιοῦτον
2654 3977 2667 3990 ⁸
2695 3961 3104 4027 Βλαστησάτω
3142 3965 3173 4032 ι)
3200 3961 3275 4032 γῆ
3295 3963 3570 4031 ,ϐοτάνην
3597 3967 3844 4034 χόρτου,

2262 4053 2358 4107 καὶ
2391 4053 2628 4123 σπέρμα
2653 4054 2905 4122 σπεῖρον
2941 4055 3091 4108 κατὰ
3116 4055 3307 4124 γένος.
3345 4055 3500 4109 Οὕτω
3530 4057 3640 4128 γάρ
3666 4059 3763 4112 καὶ
3785 4058 3849 4114 τὺ

2261 4147 2359 4216 τῆς
2417 4146 2615 4212 λέξεως
2670 4147 2961 4200 άκόλουῖον
3021 4150 3468 4220 ἀποκαταστῆναι
3527 4150 3844 4221 δυνήσεται,

2263 4239 2648 4309 ἀκαταλλήλως
2681 4238 2777 4291 νῦν
2805 4243 2903 4309 τῆς
2931 4240 3233 4305 συντάξεως
3261 4242 3402 4311 ἔχειν
3427 4242 3710 4313 δοκούσης,
3749 4245 3847 4297 καὶ

660 4453 1164 4532 (l6)_Angliei_ms_s.
1188 4455 1281 4508 τοῦ
1307 4457 1512 4532 γεννᾷν
1534 4455 1722 4532 αὐτῆς.
1758 4454 1985 4510 Plurimi
2020 4472 2151 4510 mss.
2189 4462 2232 4517 ι)
2265 4457 2410 4532 nisse
2435 4460 2574 4532 quod
2604 4457 2736 4532 alias
2793 4476 2955 4529 smpe,
2980 4469 3054 4532 fut
3104 4461 3420 4530 typOgraphi
3474 4462 3574 4512 rati
3626 4462 3842 4532 aliquot

584 4523 759 4598 αὐτῇ,
780 4527 942 4598 bene.
963 4523 1065 4578 Alii
1099 4530 1203 4581 duo
1235 4523 1361 4598 nhs.
1393 4523 1562 4598 αύτὴν
1591 4523 1703 4579 καί.

661 4595 771 4668 (17)
809 4595 965 4668 Editi
1005 4611 1135 4668 cum)
1184 4597 1422 4666 quinque
1471 4595 1600 4668 mss.
1649 4597 1987 4668 συνεργείας.
2023 4598 2154 4665 Reg.

586 4667 808 4739 quintus
840 4666 1264 4739 antiquissimus
1303 4683 1435 4739 cum
1483 4667 1616 4739 lteg.
1680 4666 1834 4739 sexto
1882 4684 2149 4739 συνεργᾳ.

586 4734 730 4798 σίας,
764 4734 970 4806 cultura
1022 4735 1166 4788 nulla
1223 4736 1478 4806 indigens.
1539 4736 1692 4790 llaud
1756 4734 2151 4793 contemnenda

587 4809 769 4878 lectio.
801 4805 940 4878 lleg.
967 4816 1191 4878 octavus
1213 4805 1513 4878 ἐνεργείας.

654 4877 764 4948 (18)
801 4876 890 4949 lta_
933 4876 1081 4949 multi
1135 4892 1266 4949 mss.
1309 4876 1456 4949 Editi
1499 4877 1594 4949 ex
1622 4880 1752 4948 περὶ
1778 4879 1882 4949 γῆν
1915 4878 2150 4932 ᾶπαντα.

585 4946 786 5019 Ibidem
852 4946 1003 5000 Colb.
1052 4946 1323 5019 secundus
1387 4946 1799 5019 διεκεκόσμητοζ
1838 4946 1976 5004 Editi
2028 4965 2154 5004 cmn

588 5017 857 5092 aliquibus
890 5032 1016 5092 mss.
1051 5017 1227 5071 Ionico
1255 5033 1402 5073 more
1427 5017 1847 5091 διακεκόσμητο.
1878 5019 2010 5092 Reg.
2044 5030 2154 5074 ter‘

587 5089 690 5141 tius
716 5087 1162 5156 διακεκόσμηται.

659 5158 768 5226 (19)
797 5158 974 5232 liditio
1007 5157 1178 5232 Puris.
1221 5159 1250 5210 ό
1298 5157 1405 5231 γάρ
1441 5158 1512 5212 τά
1551 5159 1753 5232 κτήνεά
1787 5177 1879 5213 σου
1945 5159 2157 5231 διατρέ-

587 5244 724 5297 φων,
756 5229 855 5297 τὴν
889 5230 1006 5298 σήν.
1035 5226 1244 5298 Optime
1269 5226 1482 5297 quidem
1512 5247 1526 5282 :
1560 5226 1653 5284 sed
1683 5232 1858 5284 nullus
1887 5245 1986 5283 ms.
2018 5226 2156 5285 hanc

592 5310 767 5352 tuetur
801 5297 1158 5371 semp-turam.
1183 5297 1330 5367 Regii
1373 5300 1620 5371 primus,
1648 5302 1864 5362 tertius,
1936 5303 2156 5368 quintus

592 5381 646 5422 et
686 5369 1040 5442 sextus,_cunt
1070 5369 1218 5442 eam.
1254 5369 1488 5442 secundo
1517 5374 1544 5424 ό
1566 5370 1674 5442 γάρ
1697 5371 1763 5424 τά
1789 5371 2046 5442 κτήματά
2063 5388 2155 5423 σου

589 5439 1022 5510 παρασκευάζων
1068 5440 1161 5490 καὶ
1185 5438 1483 5510 διατρέφων
1504 5480 1518 5503 ,
1555 5438 1659 5495 etc.
1690 5442 1854 5495 Coisl.
1880 5438 2157 5496 'Secundns

588 5508 686 5562 τάκ
712 5510 972 5582 κτίματα,
1019 5508 1320 5582 mendose,‘
1358 5526 1452 5582 pro
1511 5513 1784 5582 κτήματα.
1823 5513 1877 5582 In
1936 5513 2156 5580 reliquis

591 5594 719 5634 vero
737 5581 1003 5632 consentit
1033 5593 1152 5630 cum
1185 5580 1456 5648 prioribus
1504 5580 1801 5637 codicibus.
1833 5581 1969 5649 Reg.
2005 5593 2156 5636 octa-

592 5665 689 5721 vus
721 5652 748 5700 ό
783 5651 888 5719 γάρ
911 5649 977 5702 τά
1004 5649 1255 5721 κτήματά
1279 5666 1369 5702 σου
1393 5650 1568 5716 αὔξων
1598 5654 1686 5705 καὶ
1713 5653 2153 5721 διατρέφων,θιο.

592 5717 670 5772 Ex
702 5717 894 5773 auibus
940 5717 1252 5786 intelligitur
1293 5722 1346 5772 in
1404 5723 1680 5777 codicibus
1740 5717 1992 5776 omin'tius
2055 5723 2153 5789 legi

591 5790 863 5858 κτήματα»
894 5807 997 5847 non
1033 5789 1249 5860 κτήνεα.
1291 5789 1424 5847 liinc
1446 5794 1678 5864 suspicio
1699 5795 1892 5860 oritur,
1923 5793 2010 5847 hic
2033 5806 2155 5846 cr»-

2267 4529 2455 4580 vitittnt
2490 4530 2687 4592 inesse,
2718 4530 3054 4584 innnutarint
3102 4529 3170 4585 de
3201 4529 3296 4585 suo
3347 4533 3618 4594 nonnihil,
3651 4545 3703 4586 et
3725 4529 3841 4589 ’νυ-

2266 4612 2580 4669 cemunam
2637 4600 2688 4651 in
2746 4601 2967 4653 alterius
3016 4601 3189 4655 locum
3252 4599 3580 4654 suifecerint.
3646 4603 3834 4669 Quare

2255 4683 2362 4720 non
2392 4668 2547 4735 longe
2577 4669 2763 4741 absum
2805 4682 2862 4725 ut
2892 4672 3110 4724 credam
3142 4671 3395 4741 κτήματα
3417 4671 3520 4738 legi
3556 4668 3841 4740 oportere.

2258 4753 2362 4791 non
2389 4741 2607 4811 κτήνεα.
2663 4738 2878 4811 quue
2906 4742 3077 4807 magis
3113 4738 3403 4796 confirmor
3452 4743 3504 4795 in
3537 4738 3840 4811 sententia,

2256 4810 2397 4881 quod
2439 4809 2623 4881 κτῆμα
2667 4809 2917 4876 generale
2977 4825 3169 4865 nomen
3227 4813 3315 4876 sit,
3346 4828 3449 4881 quo
3487 4809 3834 4881 signiﬁcatur

2258 4879 2516 4954 quidquld
2546 4897 2574 4954 ιι
2610 4882 2861 4954 quopiam
2892 4883 3218 4950 possidetur,
3247 4891 3300 4934 et
3332 4879 3472 4954 quod
3506 4879 3561 4954 ιιί
3598 4885 3834 4954 reliqua,

2258 4950 2329 5020 ita
2371 4950 2439 5001 τὰ
2469 4951 2674 5020 κτήνεα
2705 4951 2817 5017 ipsa
2840 4954 3286 5020 comprehendat.
3336 4952 3406 5008 Ut
3439 4963 3496 5005 ut
3535 4953 3649 5009 haec
3682 4950 3833 5020 sunt,

2260 5019 2392 5095 nihil
2428 5019 2480 5072 in
2513 5019 3000 5095 testarumantlum
3028 5035 3147 5074 esse
3174 5025 3496 5090 putavimus.
3517 5019 3836 5095 thuisque

2257 5089 2484 5142 allectus
2513 5093 2635 5150 erit,
2667 5091 2736 5143 ita
2771 5090 2928 5158 leget.

2329 5159 2442 5298 (20)
2470 5160 2620 5216 Coll).
2656 5163 2920 5215 secundus
2942 5161 3145 5233 τροφὴν
3177 5161 3504 5233 ἀνθρώποις.

2329 5230 2412 5295 (2|
2501 5230 2574 5282 Ita
2643 5231 2856 5284 codices
2916 5247 3019 5284 non
3088 5235 3264 5298 pauci.
3324 5233 3501 5286 Editio

2329 5230 2574 5301 (2|)__Ita
2602 5298 2614 5301 4
2643 5231 2856 5284 codices
2916 5230 3019 5284 non
3088 5230 3292 5301 pauci.'
3324 5233 3501 5286 Editio
3543 5232 3719 5287 Paris.
3751 5235 3830 5300 ὡς

2258 5295 2567 5374 εἶναιζ-Ιιλυιε
2595 5298 2884 5374 Scriptura:
2908 5295 3102 5374 verba;
3130 5302 3533 5374 βλαστησάτωή
3565 5303 3635 5372 γῆ
3672 5295 3836 5373 βοτάὲ

2258 5371 2597 5443 νηνγχόρτου,
2628 5372 2846 5440 σπεῖρον
2881 5373 3102 5443 σπέρμα
3144 5374 3286 5426 κατὰ
3313 5371 3496 5443 γένος,
3523 5371 3682 5427 Nisa
3709 5387 3834 5429 sunt

2256 5440 2461 5495 Basilio
2487 5443 2552 5513 ab
2585 5445 2781 5494 usitato
2829 5440 3080 5512 loquendi
3143 5440 3336 5512 genere
3382 5444 3684 5498 deﬂectere.
3727 5445 3832 5513 lgi.

2262 5522 2348 5565 tur
2377 5527 2437 5565 ea
2474 5511 2538 5564 ad
2574 5513 2951 5584 grammatices
2983 5511 3195 5584 regulas
3244 5515 3484 5582 redigere
3537 5523 3705 5581 atque
3741 5511 3828 5566 re-

2259 5596 2453 5635 vocare
2489 5591 2734 5652 conatur.
2766 5581 2916 5647 Quod
2951 5597 3006 5637 ιιι
3048 5581 3307 5652 prwstet,
3361 5581 3592 5652 primum
3627 5585 3694 5636 de
3725 5599 3826 5635 suo

2258 5653 2571 5719 particulam
2607 5651 2700 5704 καί
2753 5655 2900 5708 addit
2939 5671 2952 5706 :
3010 5651 3200 5708 deinde
3231 5653 3416 5707 harum
3444 5670 3635 5708 vocum
3669 5656 3826 5708 σπεῖ-

2262 5738 2351 5791 ρον
2384 5721 2602 5792 σπέρμα
2625 5723 2868 5779 ordinem
2897 5726 3134 5780 invertit.
3177 5724 3318 5793 Lege
3349 5733 3574 5780 textum.
