4062 6446
274 378 351 436 97

1417 378 1705 435 HOMlLlA
1747 378 1790 432 ν
1828 378 1894 432 IN
1935 376 2438 436 IIEXAEMERON.
3475 387 3544 439 98

271 496 339 551 τὸ
377 499 672 566 ἀναγκαῖον
710 496 817 549 τῶν
855 494 956 549 ὖπδ
988 496 1087 566 τῆς
1136 496 1349 567 φύσεως
1390 498 1841 570 οἰκονομουμένωπ

1964 508 2129 568 atque
2151 500 2459 554 necessaria
2494 498 2738 567 qumdam
2768 512 2955 551 eorum
2991 512 3112 565 qua!
3143 511 3173 550 a
3204 502 3395 549 natura
3430 492 3545 548 dis-

272 589 690 661 διασωθήσεται.
759 588 982 659 Πρῶτον
1049 590 1146 658 μὲν
1204 589 1309 658 γάρ
1375 588 1687 659 βλάστησις,
1744 585 1861 643 εἶτα

271 682 429 753 χλόη,
466 678 585 734 εἶτα
629 681 823 751 χόρτου
859 680 1106 751 αὔξησις,
1150 678 1268 734 εἶτα
1312 683 1340 733 ὁ
1383 683 1724 753 ἁπαρτισμὸς
1754 683 1860 735 τῶν

270 774 588 844 αὐξομένων
624 773 737 843 (22)
768 773 856 827 διὰ
894 774 988 827 τοῦ
1018 775 1354 845 σπέρματος.
1394 775 1518 838 Πῶς
1547 771 1662 837 οὖν,
1702 776 1857 843 φασὶ,

272 866 457 920 πάντα
488 860 626 918 εἶναι
676 866 743 918 τά
784 868 847 919 ὲκ
884 866 982 937 τῆς
1021 868 1121 936 γῆς
1169 867 1413 937 φυόμενα
1448 868 1795 939 σπερματικὰ
1830 872 1859 922 ό

268 942 431 1026 λόγος
458 958 814 1022 ἐνδείκνυται,
843 960 976 1012 ὅπου
1003 976 1065 1026 γε
1086 957 1210 1011 οὔτε
1239 960 1503 1029 κάλαμος,
1530 960 1654 1012 οὔτε
1679 960 1857 1031 ἄγρω-

274 1065 412 1113 στις,
440 1046 563 1100 οὔτε
595 1050 627 1118 ὴ
660 1049 843 1120 μίνθη,
880 1050 943 1102 οὐ
976 1050 1195 1121 κρόκος,
1225 1051 1287 1102 οὐ
1321 1052 1592 1119 σκόροδον,
1639 1053 1699 1105 οὐ
1731 1052 1857 1122 βού-

271 1158 457 1211 τομον,
490 1141 597 1193 οὐδ’
625 1141 758 1195 ἄλλα
801 1142 968 1211 μυρία
1013 1142 1145 1214 γένη
1190 1145 1372 1211 φυτῶν
1415 1146 1856 1215 σπερματίξοντα

267 1231 555 1301 φαίνεται;
594 1233 735 1302 Πρὸς
765 1232 828 1303 δὴ
852 1233 1012 1286 τοῦτό
1038 1252 1238 1305 φαμεν,
1277 1238 1355 1289 ὅτι
1387 1237 1554 1290 πολλὰ
1587 1238 1695 1290 τῶν
1725 1255 1855 1307 φυο-

271 1325 455 1395 μένων
478 1328 543 1378 ὲκ
564 1327 661 1396 τῆς
694 1328 796 1397 γῆς
826 1327 918 1379 ἐπὶ
943 1327 1036 1380 τοῦ
1073 1328 1350 1397 πυθμένος
1384 1332 1476 1382 καὶ
1502 1332 1598 1400 τῆς
1623 1332 1735 1400 (25)
1771 1331 1853 1401 ρί-

267 1414 371 1486 ζης
402 1415 514 1487 ἔχει
533 1416 633 1485 τὴν
663 1415 890 1488 δύναμιν
911 1418 1017 1470 τῶν
1048 1419 1401 1489 σπερμάτων,
1435 1422 1648 1492 Ὠσπερ
1695 1424 1723 1474 ό
1753 1424 1853 1476 κά-

265 1508 439 1578 λαμος
468 1508 606 1579 μετὰ
633 1508 734 1578 τὴν
767 1510 1009 1563 ἐπέτειον
1036 1509 1264 1579 αὔξησιν
1293 1511 1401 1564 ἀπὸ
1434 1514 1531 1581 τῆς
1562 1514 1718 1584 ῥίζης
1754 1516 1854 1583 ἀφ-

269 1602 383 1673 ίησί
414 1618 535 1654 τινα
566 1601 855 1672 προὸολὴν,
907 1602 1219 1672 σπέρματος
1264 1603 1420 1670 λόγον
1458 1604 1687 1673 ἔχουσαν
1717 1610 1853 1676 πρὸς

266 1696 326 1746 τὸ
358 1692 565 1764 μέλλον.
603 1692 770 1746 Τοῦτο
801 1694 858 1745 δὲ
898 1697 1042 1746 ποιεί
1082 1694 1174 1747 καὶ
1224 1694 1360 1748 ἄλλα
1405 1697 1593 1766 μυρία,
1628 1698 1727 1751 ὅσα
1765 1698 1852 1751 διὰ

266 1785 372 1853 γῆς
407 1784 684 1855 νεμόμενα
711 1786 767 1837 ὲν
798 1788 921 1849 ταῖς
957 1786 1134 1857 ῥίζαις
1158 1787 1256 1857 τὴν
1291 1787 1537 1857 διαδοχὴν
1568 1789 1845 1859 κέκτηται.

266 1878 430 1929 Ὥστε
459 1878 658 1940 παντός
684 1878 834 1930 ἐστιν
866 1877 1229 1949 ἀληθέστερον
1256 1876 1317 1931 τὸ
1343 1880 1559 1948 ἑκάστῳ
1584 1881 1692 1933 τῶν
1719 1900 1850 1951 φυο-

264 1969 447 2038 μένων
480 1969 514 2039 ἢ
543 1970 764 2042 σπέρμα
788 1966 949 2034 εἶναι,
981 1970 1013 2041 ἢ
1053 1970 1281 2040 δύναμίν
1315 1988 1435 2023 τινα
1470 1976 1849 2043 σπερματικὴν

264 2062 610 2134 ἐνυπάρχειν.
638 2065 750 2116 Καὶ
780 2063 939 2117 τοῦτό
972 2064 1085 2116 ἐστι
1112 2063 1194 2125 τὸ,
1223 2064 1385 2118 Κατὰ
1414 2064 1606 2134 γένος.
1638 2068 1710 2117 Οὐ
1742 2067 1849 2138 γὰρ

261 2157 297 2228 ή
330 2156 569 2227 προϐολὴ
603 2154 699 2209 τοῦ
745 2155 992 2225 καλάμου
1025 2155 1212 2220 ὲλαίας
1245 2158 1361 2209 ἐστὶ
1399 2160 1676 2228 ποιητικὴ,
1715 2161 1849 2214 ἀλλὰ

260 2248 328 2303 ὲκ
346 2247 591 2319 καλάμου
617 2249 714 2318 μὲν
730 2247 915 2315 ἕτερος
935 2247 1201 2317 κάλαμος,
1230 2250 1294 2303 ὲκ
1310 2250 1366 2303 δὲ
1387 2250 1494 2305 τῶν
1516 2244 1847 2321 σπερμάτων

257 2340 331 2396 τά
374 2340 611 2410 συγγενῆ
659 2341 769 2402 τοῖς
808 2339 1230 2410 καταϐληθεῖσιν
1268 2342 1686 2397 ἀποϐλαστάνει.
1737 2347 1847 2397 Καὶ

257 2432 402 2487 οὕτω
442 2434 501 2486 τὸ
531 2434 588 2485 ὲν
624 2433 690 2502 τῇ
722 2430 912 2503 πρώτῃ
944 2434 1159 2501 γενέσει
1205 2434 1511 2506 προῦληθὲν
1559 2436 1711 2505 παρὰ
1747 2438 1845 2507 τῆς

258 2526 365 2596 γῆς
389 2525 551 2595 μέχρι
578 2524 673 2577 νῦν
700 2523 1045 2590 διασώζεται,
1074 2531 1137 2599 τῇ
1166 2527 1455 2598 ἀκολουθίᾳ
1480 2529 1575 2597 τῆς
1596 2529 1845 2601 διαδοχῆς

259 2615 666 2685 φυλασσομένου
702 2614 796 2668 τοῦ
826 2616 1034 2685 γένους.
1065 2616 1478 2683 Βλαστησάτω
1502 2618 1536 2684 ἡ
1696 2619 1843 2690 Νόη-

260 2708 353 2760 σόν
386 2725 475 2778 μοι
517 2708 582 2759 ἐκ
616 2710 818 2779 μικρᾶς
855 2710 1059 2778 φωνῆς,
1108 2708 1201 2761 καὶ
1248 2709 1669 2779 προστάγματος
1702 2710 1845 2764 οὕτω

258 2796 527 2871 βραχέος,
570 2800 671 2870 τὴν
704 2799 1128 2869 κατεψυγμένην
1173 2800 1268 2853 καὶ
1305 2801 1499 2869 ἄγονον
1547 2802 1843 2855 ὠδίνουσαν

255 2890 472 2963 ἁθρόως
491 2891 586 2943 καὶ
616 2891 753 2962 πρὸς
774 2893 1141 2961 καρπογονίαν
1172 2894 1623 2966 συγκινουμένην,
1653 2892 1842 2965 ὥσπερ

257 2984 381 3039 τινὰ
416 2982 746 3055 σκυθρωπὴν
794 2984 889 3036 καὶ
925 2983 1169 3056 πενθήρη
1204 2986 1587 3057 ἀπορρίψασαν
1620 2988 1843 3060 περιϐο-

256 3074 378 3145 λὴν,
411 3073 958 3146 μεταμφιεννυμένην
988 3075 1088 3145 τὴν
1122 3077 1483 3147 φαιδροτέραν
1509 3078 1603 3130 καὶ
1631 3082 1741 3143 τοῖς
1765 3081 1841 3132 ol-

258 3166 426 3229 κείοις
459 3166 686 3237 κόσμοις
713 3167 1106 3237 ἀγαλλομένην,
1142 3168 1236 3220 καὶ
1263 3168 1332 3222 τὰ
1363 3170 1532 3239 μυρία
1570 3171 1703 3240 γένη
1731 3173 1840 3227 τῶν
1867 3203 1912 3261 C

254 3259 544 3330 φυομένων
587 3258 1011 3331 προϐάλλουσαν.
1047 3258 1314 3330 Βούλομαί
1354 3277 1434 3314 σοι
1478 3263 1831 3335 σφοδρότερον

250 3352 356 3422 1τῆς
383 3352 613 3413 κτίσεως
644 3350 1017 3421 ὲνιδρυνθῆναι
1050 3353 1111 3404 τὸ
1142 3352 1349 3424 θαῦμα,
1382 3352 1448 3408 ἵν’
1476 3356 1611 3410 ὅπου
1639 3375 1743 3427 περ
1767 3358 1832 3412 ἂν

251 3442 504 3515 εὑρεθῇς,
527 3443 621 3495 καὶ
642 3441 812 3512 ὁποίῳ
828 3441 1028 3513 δήποτε
1052 3443 1198 3511 γένει
1220 3445 1328 3498 τῶν
1353 3448 1635 3517 φυομένων
1658 3466 1834 3520 παρα-

252 3538 410 3607 στῇς,
463 3535 670 3607 εναργῆ
723 3536 1007 3608 λαμϐάνῃς
1050 3537 1146 3590 τοῦ
1199 3540 1524 3609 ποιησαντος
1564 3541 1663 3611 τὴν
1700 3542 1833 3595 ὑπό-

256 3645 475 3702 μνησιν.
527 3629 752 3702 Πρῶτον
793 3630 891 3700 μὲν
935 3626 1029 3682 οὖν
1065 3630 1193 3683 ὅταν
1224 3631 1341 3704 ἴδῃς
1384 3630 1613 3705 βοτάνην
1639 3636 1833 3707 χόρτου

253 3722 347 3775 καὶ
374 3720 553 3786 ἄνθος,
580 3726 659 3784 είς
688 3721 894 3775 ἔννοιαν
917 3720 1077 3793 ἔρχου
1097 3721 1196 3793 τῆς
1221 3722 1569 3794 ἀνθρωπίνης
1598 3724 1832 3793 φύσεως,

255 3812 601 3883 μεμνημένος
631 3812 728 3882 τῆς
765 3812 974 3876 εἰκόνος
1005 3812 1099 3866 τοῦ
1132 3812 1297 3881 σοφοῦ
1336 3814 1577 3877 Ἡσαΐου,
1610 3818 1692 3868 ὅτι
1720 3815 1835 3871 Πᾶ-

251 3918 336 3956 σα
363 3901 521 3969 σὰρξ
538 3902 617 3967 ὡς
650 3903 886 3971 χόρτος,
910 3904 1007 3956 καὶ
1032 3901 1203 3957 πᾶσα
1224 3902 1375 3967 δόξα
1402 3904 1724 3971 ἀνθρώπου
1753 3907 1833 3971 ὡς

249 3991 435 4058 ἄνθος
466 3992 704 4061 χόρτου.
755 3992 829 4045 Τὸ
874 3994 983 4064 γὰρ
1014 3994 1377 4064 ὀλιγοχρόνιον
1409 3995 1508 4065 τῆς
1543 3994 1708 4067 ζωῆς,
1740 3998 1832 4050 καὶ

250 4083 311 4137 τὺ
350 4085 409 4138 ὲν
438 4084 604 4156 ὀλίγῳ
636 4086 933 4157 περιχαρὲς
976 4088 1070 4139 καὶ
1123 4086 1306 4158 ίλαρδν
1346 4086 1444 4155 τῆς
1483 4087 1831 4159 ἀνθρωπίνης

249 4176 572 4248 εὐημερίας,
602 4181 968 4249 καιριωτάτης
1000 4179 1153 4249 παρὰ
1176 4180 1254 4249 τῷ
1283 4181 1538 4251 προφήτῃ
1566 4180 1830 4250 τετύχηκε

245 4269 348 4337 τῆς
379 4268 607 4331 είκόνος.
648 4269 896 4339 Σήμερον
934 4270 1169 4341 εὐθαλὴς
1208 4270 1287 4339 τῷ
1318 4270 1553 4341 σώματι,
1594 4288 1829 4325 κατασε-

247 4360 600 4431 σαρκωμένος
642 4360 747 4412 ὑπὸ
776 4361 1010 4431 τρυφῆς,
1056 4362 1395 4416 ἐπανθοῦσαν
1433 4362 1572 4432 ἔχων
1604 4362 1703 4434 τὴν
1742 4362 1831 4415 εὗ-

242 4465 437 4521 χροιαν
494 4450 599 4503 ὑπὸ
644 4452 740 4522 τῆς
781 4452 922 4506 κατὰ
962 4452 1060 4523 τὴν
1095 4453 1311 4523 ἠλικίαν
1340 4454 1546 4524 ἀκμῆς,
1580 4454 1824 4526 σφριγῶν

1964 586 2287 661 pensantur,
2325 590 2639 645 consecutio
2682 589 3117 644 conservabitur.
3151 587 3394 641 Primum
3422 586 3545 654 qui-

1964 684 2082 737 dem
2132 683 2475 753 germinatio,
2522 683 2715 737 deinde
2769 684 2947 734 virens
2987 680 3148 734 herba
3194 697 3207 732 :
3263 691 3377 733 tum
3434 678 3542 732 feni

1966 774 2387 837 incrementum,
2422 784 2698 839 postremo
2747 772 3014 825 absolutio
3048 771 3419 839 perfectioque
3445 782 3545 821 au-

1962 865 2296 932 gescentium
2334 880 2428 932 per
2454 879 2661 918 semen.
2695 865 2981 929 Quomodo
3032 865 3193 935 igitur
3215 902 3232 927 ,
3266 861 3544 931 inquiunt,

1961 956 2145 1008 omnia
2186 970 2252 1009 ex
2297 965 2440 1009 terra
2470 958 2769 1019 nascentia,
2805 957 2857 1009 in
2900 970 3087 1010 semen
3129 957 3279 1010 abire
3301 956 3545 1009 ostendit

1962 1043 2265 1113 Scriptura,
2294 1062 2418 1099 cum
2448 1061 2621 1116 neque
2645 1049 2875 1108 arundo,
2901 1062 3077 1115 neque
3100 1061 3347 1116 gramen,
3366 1059 3539 1114 neque

1961 1138 2203 1202 mentha,
2232 1153 2334 1189 non
2352 1154 2568 1203 crocus,
2600 1153 2704 1192 non
2746 1138 2951 1201 allium,
2994 1153 3096 1191 non
3132 1137 3415 1199 butomon,
3447 1152 3542 1190 ne-

1958 1245 2065 1298 que
2099 1228 2382 1282 innumera
2417 1228 2519 1283 alia
2544 1230 2850 1300 plantarum
2882 1244 3078 1299 genera
3122 1244 3305 1283 semen
3336 1231 3539 1298 produ-

1957 1338 2081 1378 cere
2106 1322 2429 1376 videantur?
2453 1323 2597 1377 Sane
2620 1325 2685 1376 ad
2707 1322 2810 1376 hoc
2831 1323 3086 1386 dicimus,
3116 1321 3281 1375 multa
3301 1336 3367 1376 ex
3392 1332 3538 1374 terra

1958 1415 2235 1471 nascentia
2284 1417 2335 1469 in
2365 1416 2487 1471 imis
2518 1416 2630 1471 suis
2660 1416 2906 1484 partibus
2941 1426 2997 1469 et
3033 1416 3084 1468 in
3122 1416 3306 1469 radice
3334 1416 3440 1467 vim
3470 1428 3537 1467 ac

1955 1510 2208 1564 virtutem
2239 1512 2509 1565 seminum
2549 1509 2845 1564 includere.
2874 1508 3119 1577 Exempli
3153 1524 3343 1571 causa,
3370 1522 3537 1561 arun-

1954 1604 2042 1667 do,
2082 1614 2201 1672 post
2228 1618 2464 1657 annuum
2502 1612 2743 1667 auctum,
2781 1601 3077 1671 projectum
3103 1603 3412 1670 quemdam,
3443 1599 3537 1670 qui

1954 1694 2008 1748 in
2041 1694 2287 1749 futurum
2313 1696 2580 1749 rationem
2612 1694 2836 1749 seminis
2880 1694 3065 1755 habet,
3095 1708 3123 1745 a
3157 1693 3341 1745 radice
3370 1694 3534 1745 emit-

1955 1788 2038 1842 tit.
2074 1789 2126 1841 Id
2163 1798 2341 1843 autem
2378 1788 2586 1843 faciunt
2612 1796 2667 1842 et
2694 1788 2795 1842 alia
2832 1788 3139 1852 innumera,
3168 1802 3287 1855 qua!
3306 1800 3399 1853 per
3428 1795 3537 1838 ter-

1956 1894 2070 1932 ram
2107 1880 2383 1949 dispersa,
2438 1879 2491 1933 in
2544 1879 2820 1934 radicibus
2867 1879 3267 1933 successionem
3315 1876 3536 1930 conclu-

1954 1972 2108 2024 dunt.
2141 1969 2321 2037 Quare
2343 1972 2490 2026 omni
2541 1987 2599 2025 re
2634 1972 2688 2025 id
2718 1973 2903 2027 verius
2922 1980 3027 2036 est,
3053 1972 3106 2023 in
3144 1970 3374 2038 singulis
3404 1971 3537 2024 stir-

1950 2063 2110 2133 pibus
2147 2072 2239 2116 aut
2265 2078 2472 2128 semen,
2506 2072 2599 2115 aut
2626 2062 2941 2117 seminalem
2964 2062 3249 2131 quamdam
3274 2061 3531 2114 virtutem

1952 2155 2151 2209 inesse.
2182 2156 2356 2223 Atque
2410 2155 2514 2209 hoc
2563 2164 2650 2210 est
2688 2154 2832 2225 quod
2875 2154 3094 2221 dicitur,
3126 2153 3294 2207 Juxta
3344 2169 3525 2223 genus.

1952 2244 2233 2316 Siquidem
2269 2246 2357 2299 ille
2389 2246 2677 2301 arundinis
2729 2246 3003 2316 projectus
3053 2259 3396 2315 nequaquam
3426 2245 3530 2298 oli-

1948 2355 2071 2393 vam
2102 2340 2353 2408 producit
2386 2358 2398 2393 :
2441 2340 2538 2394 sed
2564 2355 2629 2394 ex
2661 2340 2928 2394 arundine
2955 2339 3163 2392 arundo
3193 2338 3297 2392 alia
3344 2339 3529 2393 nasci-

1951 2440 2067 2492 tur;
2098 2440 2263 2499 atque
2306 2446 2375 2484 ex
2424 2431 2746 2493 seminibus,
2784 2439 3013 2502 cognata
3052 2431 3120 2485 iis
3143 2445 3262 2499 quae
3313 2430 3529 2485 fuerant

1942 2520 2113 2591 jacta,
2143 2524 2473 2590 geminant.
2517 2524 2584 2578 Et
2610 2525 2684 2577 ita
2713 2525 2855 2593 quod
2889 2525 2941 2576 in
2973 2523 3147 2592 prima
3179 2524 3527 2593 generatione

1948 2628 1975 2666 a
2006 2624 2150 2667 terra
2183 2616 2387 2669 editum
2432 2625 2537 2679 est,
2574 2616 2625 2669 id
2669 2617 2989 2680 etiamnum,
3020 2626 3238 2669 servato
3272 2632 3369 2686 per
3399 2632 3526 2673 suc--

1947 2707 2213 2759 cessionis
2243 2709 2689 2761 consecutionem
2718 2723 2940 2777 genere,
2982 2716 3358 2763 conservatur.
3392 2707 3528 2763 Ger-

1944 2796 2108 2848 minet
2130 2805 2293 2851 terra.
2320 2797 2540 2867 Cogites
2569 2799 2730 2853 velim
2771 2808 2973 2854 terram
3034 2801 3412 2871 frigescentem
3473 2814 3529 2857 et

1947 2885 2293 2943 infecundam
2324 2930 2341 2953 ,
2401 2890 2507 2944 hac
2566 2907 2700 2947 voce
2751 2908 2915 2962 parva
2971 2903 3346 2963 prmptoque
3389 2896 3528 2950 adeo

1944 2976 2095 3030 brevi
2130 2978 2415 3035 confestim
2461 2983 2876 3048 parturientem.
2904 2992 2959 3036 et
2989 2985 3057 3036 ad
3110 2985 3379 3038 edendum
3411 2984 3528 3037 fru-

1944 3079 2090 3120 ctum
2132 3070 2484 3135 concitatam,
2526 3080 2581 3124 et
2631 3072 2795 3126 veluti
2840 3082 3037 3127 maesto
3072 3074 3306 3143 quodam
3349 3090 3413 3131 ac
3444 3076 3528 3131 lu-

1944 3160 2098 3229 gubri
2132 3160 2334 3216 amicto
2379 3161 2592 3231 abiecto
2616 3207 2632 3230 ,
2666 3165 3033 3233 splendidiore
3066 3176 3213 3221 veste
3250 3168 3425 3233 indui,
3460 3185 3527 3225 ac

1947 3252 2179 3320 propriis
2205 3256 2544 3309 ornamentis
2568 3256 2951 3323 exsultantem,
2988 3260 3193 3313 infinita
3212 3262 3524 3331 plantarum

1944 3358 2141 3411 genera
2176 3359 2486 3411 procreare.
2526 3346 2657 3401 Volo
2681 3348 2917 3418 imprimi
2948 3350 2998 3402 in
3047 3359 3099 3405 te
3144 3354 3523 3412 vehementius

1944 3446 2209 3491 creatura:
2248 3438 2685 3505 admirationem,
2717 3457 2848 3511 quo,
2876 3443 3183 3513 ubicunque
3211 3450 3520 3515 reperiaris.

1936 3538 1994 3580 et
2021 3528 2325 3597 cuicunque
2382 3534 2690 3587 occurreris
2734 3534 3037 3604 plantarum
3091 3540 3317 3607 generi,
3355 3542 3522 3610 plane

1936 3619 2209 3675 Creatoris
2233 3623 2568 3677 memineris.
2608 3625 2847 3680 Primum
2883 3628 3102 3697 quidem
3127 3645 3251 3685 cum
3293 3632 3519 3689 herbam

1940 3714 2047 3770 feni
2079 3724 2133 3769 et
2154 3714 2343 3770 florem
2394 3720 2772 3787 conspexeris,
2827 3721 3121 3777 veniattibi
3163 3725 3217 3778 in
3279 3736 3519 3783 mentem

1937 3808 2169 3861 humana
2197 3816 2411 3870 natura,
2441 3810 2583 3864 hanc
2626 3813 2885 3881 sapientis
2918 3814 3068 3868 Isaia:
3104 3817 3395 3889 imaginem
3428 3836 3519 3878 re-

1936 3898 2184 3952 cordanti
2213 3914 2225 3947 :
2260 3898 2444 3952 Omnis
2474 3917 2599 3954 caro
2633 3913 2688 3955 ut
2713 3904 2913 3970 fenum,
2945 3914 2995 3957 et
3021 3908 3191 3959 omnia
3218 3908 3391 3977 gloria
3412 3912 3513 3964 Ito-

1936 3990 2091 4041 minis
2132 3999 2184 4041 tu
2219 3991 2318 4058 ﬂos
2353 3993 2460 4057 leni
2486 3991 2550 4044 ⁸³.
2579 3991 2710 4044 Nam
2743 3993 2866 4047 vitae
2903 3995 3162 4060 brevitas,
3197 4009 3251 4053 et
3286 4015 3516 4071 prospe-

1936 4081 2115 4137 ritatis
2154 4082 2406 4138 humana:
2438 4084 2617 4137 la‘titia
2662 4084 3019 4156 hilaritasque
3050 4090 3191 4144 haud
3230 4092 3321 4147 diu
3352 4093 3518 4149 dura-

1933 4181 2054 4228 tura
2092 4176 2716 4230 accommodatissimam
2746 4181 2889 4247 apud
2942 4177 3265 4249 prophetam
3322 4188 3515 4243 sortita

1930 4277 2018 4322 est
2048 4268 2475 4322 similitudinem.
2507 4264 2679 4323 Hodie
2707 4272 2799 4338 qui
2830 4269 2987 4327 ﬂoret
3012 4289 3265 4344 corpore,
3286 4280 3377 4347 qui
3401 4294 3511 4345 pra;

1933 4361 2145 4413 deliciis
2168 4374 2435 4413 carnosus
2462 4372 2566 4426 est,
2596 4362 2687 4431 qui
2726 4363 2963 4417 colorem
3002 4379 3115 4433 pra:
3151 4368 3330 4421 aetatis
3376 4368 3513 4425 ﬂore

1931 4452 2359 4507 etllorescentem
2389 4468 2500 4521 prae
2530 4469 2589 4508 se
2626 4454 2751 4521 fert,
2780 4457 2870 4524 qui
2915 4456 3053 4526 viget
3079 4467 3135 4512 et
3162 4473 3289 4515 acer
3319 4472 3426 4523 est.
3456 4474 3513 4520 et

246 4542 343 4598 καὶ
368 4540 637 4604 σύντονος.
663 4545 754 4596 καὶ
775 4542 1141 4605 ἀνυπόστατος
1172 4543 1282 4612 (24)
1302 4543 1400 4614 τὴν
1422 4544 1618 4617 ὁρμὴν,
1638 4544 1824 4617 αὔριον

1943 4545 2086 4613 cujus
2127 4545 2316 4615 nequit
2357 4546 2612 4599 sustineri
2665 4547 2920 4615 impetus,
2955 4548 3046 4604 hic
3071 4550 3210 4606 idem
3259 4569 3382 4610 cras
3409 4556 3513 4610 mi-

241 4637 275 4689 6
301 4632 463 4698 αὐτὸς
486 4628 639 4695 οὗτος
667 4633 917 4699 ἐλεεινὸς,
953 4634 985 4705 ἢ
1018 4632 1096 4704 τῷ
1125 4634 1302 4704 χρόνῳ
1333 4635 1652 4705 μαρανθεὶς,
1687 4637 1719 4707 ἢ
1745 4637 1830 4689 νό-

245 4744 326 4798 σῳ
369 4725 659 4790 διαλυθείς.
712 4728 771 4778 '0
813 4725 963 4780 δεινά
1002 4724 1360 4797 περίϐλεπτος
1399 4728 1492 4779 ἐπὶ
1531 4728 1829 4800 χρημάτων

242 4818 531 4889 περιουσίᾳ
555 4835 569 4847 ·
593 4817 688 4870 καὶ
720 4815 923 4885 πλῆθος
957 4818 1086 4887 περὶ
1110 4816 1269 4869 αὐτὸν
1296 4816 1542 4872 κολάκων
1566 4836 1576 4848 ·
1602 4819 1829 4891 δορυφο-

242 4912 337 4984 ρία
354 4910 522 4981 φίλων
541 4908 926 4982 προσποιητῶν
950 4909 1049 4978 τὴν
1079 4910 1173 4963 ἀπ’
1202 4908 1367 4963 αὑτοῦ
1386 4911 1547 4981 χάριν
1571 4912 1636 4983 θη
1646 4915 1829 4985 ρευόν-

238 5022 351 5058 των
380 5002 493 5075 (25)
512 5018 526 5031 ·
570 5002 776 5073 πλῆθος
813 5000 1157 5071 συγγενείας,
1184 5002 1294 5071 [καὶ
1326 5002 1529 5073 ταύτης
1562 5021 1829 5076 κατεσχη-

241 5095 584 5169 ματισμένης
604 5112 618 5125 ’
657 5096 825 5165 ἑσμὸς
870 5093 979 5148 τῶν
1009 5095 1361 5165 ὲφεπομένων
1404 5096 1596 5166 μυρίος
1627 5098 1735 5153 τῶν
1766 5116 1826 5151 τε

312 5252 358 5283 ⁸⁸
389 5249 491 5306 lsa.
524 5268 615 5317 at,
644 5251 696 5307 6.

313 5410 424 5485 (2‘2)
452 5412 605 5470 Colh.
644 5417 912 5473 secundus
938 5432 1061 5473 cum
1092 5418 1227 5485 Reg.
1263 5425 1459 5474 octavo
1488 5420 1598 5473 τῶν
1650 5419 1816 5485 αὐξα-

1929 4638 2180 4693 serahilis
2208 4648 2310 4703 est,
2338 4647 2431 4692 aut
2464 4648 2705 4707 tempore
2730 4641 3027 4707 marcidus,
3064 4654 3157 4699 aut
3190 4648 3378 4701 morbo
3404 4650 3513 4704 dis-

1929 4730 2156 4786 solutus.
2189 4732 2469 4798 Quispiam
2489 4729 2800 4787 divitiarum
2824 4734 2977 4802 copia
2999 4735 3272 4801 inclaruit,
3304 4739 3511 4808 ipsum-

1928 4838 2037 4891 que
2073 4822 2411 4875 adulatorum
2445 4824 2763 4879 circumstat
2797 4826 3085 4883 multitudo
3116 4848 3127 4883 :
3175 4832 3329 4885 adest
3352 4834 3508 4887 ﬂeto-

1930 4930 2047 4967 rum
2074 4913 2373 4968 amicorum
2402 4917 2630 4985 gratiam
2664 4916 2809 4971 illius
2836 4922 3147 4974 venantium
3178 4925 3501 4979 comitatus:

1928 5005 2237 5075 frequentes
2260 5017 2386 5061 sunt
2408 5012 2817 5080 consanguinei,
2848 5012 2992 5080 iique
3016 5014 3384 5073 simulationis
3412 5033 3505 5071 ar-

1930 5099 2093 5152 tificio
2134 5101 2335 5155 eruditi
2379 5118 2393 5154 :
2425 5101 2581 5156 adest
2613 5119 2803 5175 agmen
2839 5109 3158 5176 sequacium
3182 5110 3502 5165 innumero-

1989 5422 2105 5502 (25)
2124 5424 2299 5502 Editio
2327 5425 2673 5499 Ρειτίε.’χάριν
2703 5427 3238 5502 θηρευόντωνζηεεὶἰ
3269 5430 3499 5496 primus.

236 5483 570 5631 ήῗέέῗίὲἰε
613 5558 763 5613 multi
819 5574 953 5614 mss.
988 5561 1144 5615 Deest
1176 5560 1276 5631 τῆς
1322 5559 1375 5614 in
1425 5560 1665 5616 editione
1712 5560 1814 5615 Pa-

235 5624 418 5767 ῆῖὶι)
455 5694 606 5763 Regii
664 5700 870 5766 primus
894 5708 947 5753 et
1006 5702 1227 5765 quintus
1261 5698 1644 5765 ὲνυπόστατος.
1677 5700 1813 5757 ΕιΙίιί

234 5780 358 5821 eum
394 5768 515 5819 aliis
574 5782 703 5818 mss.
734 5770 1130 5832 ἀνυπόστατος,
1160 5772 1315 5824 bene.
1370 5771 1486 5822 Mox
1536 5784 1645 5828 tres
1681 5790 1812 5828 mss.

231 5836 423 5906 αὔριον
449 5836 628 5898 αὑτός.
657 5835 835 5895 Codex
863 5842 1105 5895 Cumbel‘.
1132 5840 1323 5911 αὔριον
1355 5836 1529 5903 οὗτος.

552 5937 823 5995 ΡΑτιιοι..
865 5939 981 5996 Gn.
1028 5939 1261 5998 ΧΧΙΧ.

3178 5954 3213 6008 [ι

1916 5498 2135 5570 tertius,
2160 5496 2387 5570 quintus
2416 5508 2469 5548 et
2496 5496 2683 5553 sextus
2703 5542 2717 5564 ,
2748 5496 2983 5570 iiemque
3038 5496 3192 5570 Coll):
3225 5505 3502 5555 secundus

1914 5578 2037 5642 cum
2077 5564 2241 5642 (Ioisl.
2298 5577 2525 5642 utroque
2571 5581 2626 5642 et
2674 5586 2796 5642 cum
2854 5564 3118 5642 'editione_
3138 5568 3305 5627 Basil.
3334 5570 3499 5642 χάριν

1914 5633 2353 5711 θεραπευόντων,
2381 5636 2521 5711 haud
2578 5640 2819 5693 dissimili
2866 5658 3050 5696 sensu.
3091 5639 3222 5710 Reg.
3272 5633 3501 5696 octavus

1914 5704 2012 5786 τὴν
2041 5704 2203 5786 andron}
2234 5704 2423 5786 χρείαν
2457 5707 2895 5786 θεραπευόντων.
2920 5715 3097 5768 Codex
3122 5704 3368 5767 (Iombef.
3397 5711 3503 5786 τὴν

1915 5775 2008 5827 ἀπ’
2040 5775 2205 5828 αὑτοῦ
2235 5776 2426 5846 χρείαν
2455 5775 2816 5849 θηρευόντων.
