4062 6434
536 367 607 422 9C)
1890 360 1947 413 S.
1992 358 2237 412 BASlLll
2274 356 2488 413 MAGNI

3701 364 3802 417 lM

537 495 681 548 rum,
721 479 810 547 qu‘i
839 477 1032 548 partim
1072 476 1298 548 parandi
1319 477 1424 532 cibi
1454 478 1649 548 gratia,
1671 479 1863 547 partim
1889 479 1957 531 ob
1979 479 2106 532 alias

2212 479 2304 530 ἐπὶ
2335 479 2521 531 σιτίων
2562 477 2656 530 καὶ
2703 477 2810 529 τῶν
2854 477 2995 530 κατὰ
3040 477 3138 540 τὰς
3170 480 3359 551 χρείας
3399 479 3548 551 αὐτῷ
3577 484 3778 552 προσεδ

537 572 895 625 necessitates
944 571 1046 637 ipsi
1082 580 1298 624 astant:
1350 586 1484 638 quos
1517 572 1643 624 dum
1696 579 1750 624 et
1800 570 2026 633 abiens,
2059 581 2112 623 et

537 663 736 715 iterum
770 660 878 732 42
935 663 1151 717 rediens
1180 678 1362 716 secum
1402 663 1589 725 trahit,
1639 663 1689 715 in
1731 677 1788 716 se
1817 677 2113 715 occurren-

533 754 671 807 tium
699 756 934 807 concitat
961 755 1238 808 invidiam.
1278 755 1427 809 Adde
1457 754 1660 809 divitiis
1692 755 1854 808 etiam
1893 754 2108 808 civilem

538 845 775 914 aliquam
813 854 1160 915 potestatem,
1217 856 1308 900 aut
1350 848 1514 900 etiam
1572 847 1782 900 delatos
1826 861 1852 899 a
1891 847 2109 915 regibus

540 941 778 993 honores
797 980 811 1002 ,
851 948 944 992 aut
983 940 1222 1008 gentium
1264 939 1714 1008 gubernationem
1734 981 1748 1000 ,
1776 949 1867 992 aut
1894 938 2108 992 exerci-

539 1043 687 1084 tuum
729 1032 1014 1100 imperium
1041 1050 1052 1084 :
1075 1046 1375 1099 praeconem
1407 1048 1596 1098 magna
1623 1046 1756 1085 voce
1776 1042 1900 1085 ante
1934 1032 2108 1099 ipsum

539 1122 866 1175 clamantem
905 1139 918 1174 ι
959 1122 1181 1175 lictores
1206 1122 1329 1174 hinc
1355 1134 1408 1175 et.
1437 1123 1561 1176 inde
1592 1122 1822 1177 subditis
1853 1123 2109 1176 timorem

537 1213 915 1282 gravissimum
975 1213 1268 1268 inferentes
1299 1229 1309 1261 :
1354 1214 1561 1282 plagas,
1596 1214 1985 1283 publicationes
2014 1213 2111 1266 bo-

538 1319 753 1368 norum,
787 1305 1002 1368 exsilia,
1037 1305 1250 1358 vincula
1285 1325 1296 1360 :
1342 1322 1371 1359 e
1405 1307 1601 1373 quilms
1635 1306 1989 1360 intolerabilis
2021 1305 2110 1359 ille

539 1395 901 1463 subiectorum
935 1406 1112 1450 metus
1141 1397 1470 1450 concrescit.
1497 1397 1633 1461 Quid
1660 1411 1785 1450 vero
1817 1407 1939 1467 post
1970 1396 2110 1450 hoc?

538 1487 652 1542 lina
687 1504 818 1549 nox,
855 1497 949 1542 aut
985 1504 1087 1542 una
1115 1489 1302 1549 lebris,
1337 1498 1431 1541 aut
1466 1489 1735 1558 pleuritis,
1765 1500 1858 1544 aut
1894 1491 2107 1558 pulmo-

536 1580 622 1632 nis
647 1577 1019 1644 inﬂammatio,
1067 1581 1209 1632 hunc
1256 1579 1531 1634 hominem
1574 1595 1637 1633 ex
1677 1581 1986 1637 hominibus
2011 1585 2110 1636 ab-

536 1682 749 1740 replum
780 1672 1018 1735 abducit,
1052 1671 1196 1725 illico
1223 1687 1440 1726 omnem
1475 1672 1618 1727 illius
1663 1688 1882 1728 scenam
1921 1677 2106 1741 nudat,

536 1775 698 1834 atque
746 1765 914 1834 gloria
950 1765 1036 1819 illa
1074 1781 1171 1820 ceu
1236 1766 1506 1822 somnium
1558 1781 1678 1821 esse
1739 1769 2104 1823 convincitur.

535 1860 711 1923 Quare
745 1860 1004 1928 propheta
1033 1859 1320 1911 humanam
1355 1859 1590 1928 gloriam
1617 1875 1739 1913 cum
1769 1861 2106 1914 debilissimo

535 1949 667 2003 flore
698 1951 1053 2017 comparavit.

603 2132 656 2185 5.
691 2129 953 2184 Germinet
1004 2141 1144 2183 terra
1205 2132 1414 2184 herbam
1446 2131 1590 2200 feni,
1626 2133 1892 2185 seminans
1934 2148 2106 2185 semen

536 2227 1016 2294 oecundumgenus
1044 2233 1090 2278 et
1113 2226 1399 2278 secundum
1443 2223 1863 2281 similitudinem.
1901 2225 2107 2279 Etiam-

542 2331 668 2368 num
704 2318 1045 2372 nascentium
1074 2317 1207 2372 ordo
1247 2319 1643 2371 ordinationem
1688 2319 1916 2384 primam
1946 2329 2110 2373 testa-

543 2418 627 2460 tur
653 2422 668 2460 :
698 2409 895 2477 quippe
924 2411 1148 2462 herbam
1177 2424 1414 2474 omnem,
1439 2425 1710 2478 omneque
1752 2427 1973 2477 gramen
2000 2427 2102 2464 an-

533 2499 734 2551 tecedit
773 2498 1117 2566 germinatio.
1171 2499 1300 2552 Sive
1352 2500 1497 2552 enim
1545 2500 1824 2568 quidpiam
1866 2517 1894 2553 a
1926 2502 2106 2555 radice

533 2603 600 2642 ex
646 2587 888 2641 interiori
940 2588 1191 2658 projectu
1215 2587 1546 2657 prorumpit,
1576 2598 1633 2641 ut
1669 2604 1863 2643 crocus
1893 2598 1947 2642 et
1985 2605 2105 2658 gra-

534 2695 679 2743 men,
737 2679 787 2733 id
831 2690 1046 2750 Oportet
1102 2681 1428 2752 germinare,
1466 2691 1521 2735 et
1567 2679 1713 2735 foras
1739 2681 2047 2750 prominere
2087 2701 2099 2734 :

533 2775 649 2828 sive
675 2789 700 2826 a
745 2775 950 2826 semine
985 2774 1242 2842 gignitur.
1277 2774 1440 2826 etiam
1471 2775 1551 2829 sic
1578 2775 1892 2830 necessario
1915 2774 1972 2828 lit
1995 2775 2104 2845 pri-

536 2880 682 2918 mum
716 2866 1074 2933 germinatio;
1127 2865 1324 2919 deinde
1371 2868 1535 2920 herba
1560 2906 1575 2928 ,
1617 2878 1729 2922 tum
1768 2869 1989 2923 virescit
2026 2868 2105 2924 le-

537 2969 687 3017 nuni,
710 2964 982 3022 postremo
1007 2954 1213 3008 fructus
1239 2956 1290 3008 in
1327 2957 1598 3026 aridojam
1635 2967 1687 3011 et
1717 2973 1905 3013 crasso
1927 2959 2106 3014 culmo

537 3050 819 3118 turgescit.
849 3045 1112 3101 Germinet
1149 3055 1289 3099 terra
1326 3048 1538 3100 herbam
1576 3050 1703 3116 feni.
1751 3050 1886 3103 Cum
1919 3065 2104 3105 semen

2220 589 2276 642 ρε
2286 573 2510 636 υόντων,
2531 573 2624 635 οὓς
2643 574 2736 624 καὶ
2753 571 2956 643 προῖὼν
2980 572 3072 624 καὶ
3089 573 3251 625 πάλιν
3267 573 3506 626 ἐπανιὼν
3551 577 3710 627 ὲπισυ
3721 576 3803 647 pd-

2219 681 2374 732 μενος
2403 663 2690 731 ἐπίφθονός
2720 666 2832 716 ἐστι
2867 666 2980 727 τοῖς
3009 665 3414 735 ἐντυγχάνουσι.
3447 665 3691 736 Πρόσθες
3723 668 3804 738 τῷ

2216 753 2426 824 πλούτῳ
2449 755 2543 807 καὶ
2581 754 2861 824 πολιτικήν
2889 771 3012 806 τινα
3033 754 3371 818 δυναστείαν,
3403 755 3435 824 ἢ
3469 758 3564 810 καὶ
3603 758 3704 819 τὰς
3738 759 3806 810 ὲκ

2217 841 2479 911 βασιλέων
2501 843 2695 912 τιμάς·
2725 843 2756 913 ἦ
2783 842 2952 895 ἐθνῶν
2986 843 3096 913 (26)
3128 844 3474 912 ἐπιμέλειαν·
3508 846 3540 914 ἦ
3576 863 3805 916 στρατο-

2215 934 2390 988 πέδων
2421 936 2714 1004 ἡγεμονίαν
2735 952 2748 965 ο
2785 934 2876 988 τὸν
2902 937 3122 1005 κήρυκα
3155 937 3298 1005 μέγα
3328 936 3534 1004 βοῶντα
3563 938 3670 1007 πρὸ
3701 939 3802 989 αύι

2212 1025 2305 1078 τοῦ
2332 1043 2343 1054 ο
2374 1026 2498 1089 τοὺς
2531 1027 2854 1097 ῥαϐδούχους
2885 1026 3035 1080 ἔνθεν
3064 1027 3156 1079 καὶ
3187 1026 3335 1079 ἔνθεν
3371 1026 3680 1098 βαρυτάτην
3704 1046 3805 1080 κα-

2213 1119 2480 1188 τάπληξιν
2510 1121 2622 1182 τοῖς
2656 1119 2975 1190 ἀρχομένοις
3008 1119 3398 1190 ἐμϐάλλοντας·
3429 1120 3527 1183 τὰς
3563 1122 3800 1190 πληγάςδ

2212 1213 2308 1276 τὰς
2342 1211 2660 1282 δημεύσεις·
2693 1213 2790 1272 τὰς
2816 1212 3116 1279 ἀπαγωγάς
3144 1211 3256 1281 (27)
3279 1227 3291 1238 ·
3337 1211 3402 1262 τὰ
3428 1210 3802 1284 δεσμωτήρια,

2213 1305 2270 1372 ἐξ
2325 1299 2399 1357 ὧν
2461 1304 2733 1374 ἀφόρητος
2797 1305 2824 1355 ὁ
2885 1303 3034 1373 παρὰ
3098 1303 3205 1356 τῶν
3269 1305 3601 1374 ὑποχειρίων
3671 1323 3798 1356 συν-

2213 1397 2521 1467 αθροίζεται
2568 1396 2749 1465 φόϐος.
2803 1396 2913 1448 Καὶ
2957 1397 3008 1447 τί
3063 1396 3200 1466 μετὰ
3226 1396 3416 1462 τούτο;
3481 1397 3580 1467 μία
3613 1397 3801 1468 νὺξ,ἢ

2215 1490 2444 1560 πυρετὸς
2502 1485 2601 1552 εἷς,
2660 1489 2692 1558 ἦ
2737 1489 3035 1560 πλευρῖτις,
3097 1488 3129 1558 ἢ
3192 1490 3643 1559 περιπνευμονία,
3700 1491 3803 1542 άνο

2214 1583 2486 1652 άρπαστον
2547 1582 2604 1647 ἐξ
2654 1581 2956 1652 ἀνθρώπων
3017 1581 3306 1647 ἀπάγουσα
3365 1580 3455 1633 τὸν
3513 1581 3803 1652 ἄνθρωπον

2213 1675 2441 1744 οἴχεται,
2500 1676 2680 1727 πᾶσαν
2733 1673 2832 1743 τὴν
2890 1673 3007 1725 κατ’
3063 1672 3224 1724 αὑτὸν
3286 1672 3489 1742 σκηνὴν
3540 1673 3802 1743 ἐξαπίνης

2213 1766 2677 1834 ἁπογυανώσασα,
2726 1767 2818 1818 καὶ
2862 1767 2893 1835 ἡ
2928 1765 3054 1830 δόξα
3095 1765 3277 1834 ἐκείνη
3320 1763 3507 1834 ὥσπερ
3549 1766 3804 1819 ἐνύπνιον

2212 1857 2551 1928 ἀπηλέγχθη.
2584 1859 2745 1910 Ὥστε
2795 1857 3174 1910 ἐπιτέτευκται
3217 1855 3329 1926 (28)
3367 1855 3442 1925 τῷ
3470 1859 3722 1928 προφήτῃ
3765 1858 3800 1927 ἠ

2209 1953 2344 2022 πρὸς
2366 1949 2428 2002 τὸ
2455 1949 2846 2020 ἀδρανέστατον
2876 1950 3034 2012 ἄνθος
3057 1949 3314 2019 ὁμοίωσις
3334 1949 3432 2020 τῆς
3454 1947 3801 2021 ἀνθρωπίνης

2208 2044 2388 2114 δόξης.

2277 2138 2332 2190 5.
2363 2133 2775 2200 Βλαστησάτω
2808 2133 2845 2202 ἠ
2872 2134 2946 2204 γῆ
2976 2133 3250 2202 βοτάνην
3279 2134 3519 2202 χόρτου,
3546 2134 3804 2204 (memor

2206 2229 2445 2297 σπέρμα
2481 2229 2630 2282 κατὰ
2658 2226 2831 2296 γένος
2867 2228 2963 2280 καὶ
2997 2228 3125 2284 καθ’
3163 2228 3498 2297 ὁμοιότητα.
3548 2229 3669 2282 Ἔτι
3704 2229 3804 2281 καὶ

2208 2322 2362 2392 νῦνὴ
2396 2320 2548 2384 τάξις
2584 2319 2692 2372 τῶν
2725 2319 2837 2388 (‘29)
2885 2321 3167 2388 φυομένων
3205 2323 3472 2391 μαρτυρεῖ
3513 2323 3578 2390 τῇ
3605 2321 3802 2391 πρώτῃ

2206 2415 2588 2483 διακοσμήσει.
2629 2412 2690 2463 Ἦ
2741 2409 2848 2480 γὰρ
2897 2408 3188 2482 βλάστησις
3250 2412 3572 2482 καθηγεῖται
3617 2411 3802 2480 πάσης

2210 2507 2439 2577 βοτάνης
2467 2505 2560 2558 καὶ
2590 2505 2770 2574 πάσης
2797 2502 2953 2564 πόας.
2992 2501 3115 2553 Εἴτε
3143 2503 3250 2573 γὰρ
3279 2504 3388 2557 ἀπὸ
3419 2503 3575 2575 ῥίζης
3602 2503 3805 2556 ἐκδίδο-

2207 2597 2296 2648 ταί
2339 2613 2391 2646 τι
2432 2597 2494 2647 ὲκ
2532 2595 2631 2665 τῆς
2677 2593 2920 2648 κάτωθεν
2971 2590 3259 2661 προϐολῆς,
3326 2593 3399 2656 ὡς
3450 2594 3650 2664 κρόκος
3706 2593 3805 2648 καὶ

2209 2689 2504 2757 ἄγρωστις,
2539 2686 2946 2756 ἀναϐλαστῆσαι
2993 2685 3073 2736 δεῖ
3115 2683 3207 2734 καὶ
3245 2684 3339 2734 ἐπὶ
3364 2685 3424 2735 τὸ
3453 2683 3557 2747 ἔξω
3587 2683 3800 2755 προκύ-

2207 2780 2306 2848 ψαι
2331 2797 2342 2806 ·
2375 2780 2482 2830 εἴτε
2517 2778 2624 2830 ἀπὸ
2649 2778 2985 2846 σπέρματος,
3018 2775 3109 2829 κα)⁸
3141 2774 3312 2836 οὕτως
3335 2775 3547 2844 ἀνάγκη
3581 2777 3803 2846 πρῶτον

2211 2873 2524 2945 βλάστησιν,
2555 2866 2674 2923 εἶτα
2709 2870 2938 2940 βοτάνην
2973 2867 3243 2936 γενέσθαι,
3276 2861 3394 2918 εἶτα
3428 2867 3617 2936 χόρτον
3647 2868 3802 2936 χλοά·

2208 2967 2389 3030 ζοντα,
2426 2961 2544 3017 εἶτα
2587 2963 2678 3016 τὸν
2714 2963 2923 3033 καρπὸν
2963 2962 3055 3012 ἐπὶ
3096 2960 3264 3030 ξηρᾶς
3307 2959 3408 3028 ἤδη
3441 2959 3532 3012 καὶ
3567 2959 3800 3028 παχείας

2207 3061 2306 3130 τῆς
2331 3059 2584 3128 καλάμης
2623 3055 2985 3128 ἁδρυνὸμενον
3016 3055 3148 3124 (50).
3192 3051 3604 3118 Βλαστησιὶτω
3649 3054 3683 3119 ἠ
3720 3050 3797 3122 γῆ

538 3142 592 3191 in
627 3149 826 3192 terram
857 3139 1082 3190 hutnore
1116 3147 1168 3191 et
1194 3137 1374 3191 calore
1405 3140 1681 3192 moderato
1709 3143 1987 3209 prmditam
2023 3144 2106 3197 inv

2212 3148 2482 3214 βοτάνην
2510 3148 2749 3216 χόρτου.
2781 3148 2949 3199 Ὅταν
2978 3147 3058 3208 εἰς
3085 3143 3189 3213 γῆν
3219 3142 3509 3214 καταπέσῃ
3531 3141 3592 3194 τὸ
3625 3144 3799 3214 σπέρ-

535 3232 689 3299 cidit,
717 3231 894 3285 laxum
931 3231 1188 3294 evadens,
1226 3245 1288 3284 ac
1319 3230 1569 3300 plurimis
1605 3232 1821 3299 plenum
1843 3237 2109 3291 meatibus

539 3336 742 3381 terram
778 3323 1116 3392 adjacentem
1152 3323 1520 3392 complexum,
1567 3325 1786 3393 propria
1814 3326 1914 3378 sibi
1945 3336 1998 3379 et
2027 3343 2113 3381 co-

534 3429 694 3489 gnata
728 3418 793 3471 ad
825 3433 883 3473 se
908 3418 1158 3471 attrahit.
1200 3415 1400 3470 Verum
1440 3419 1772 3472 tenuissima:
1809 3429 1965 3473 terra:
1993 3433 2112 3487 par-

535 3521 620 3564 tes
655 3512 920 3564 meatibus
957 3510 1064 3563 illis
1091 3509 1332 3577 allapsm,
1388 3519 1443 3562 et
1479 3511 1560 3562 eis
1592 3524 1716 3564 sese
1755 3510 2065 3566 inserentes
2093 3551 2109 3577 ,

535 3603 769 3670 amplius
821 3601 1017 3655 molem
1067 3602 1234 3669 ipsius
1277 3603 1554 3656 dilatant:
1609 3604 1744 3655 adeo
1770 3615 1828 3656 ut
1858 3605 2108 3660 deorsum

536 3695 753 3764 quidem
782 3705 906 3764 agat
944 3693 1176 3757 radices,
1217 3710 1431 3748 sursum
1465 3709 1594 3749 vero
1629 3695 1972 3765 promineat,
2031 3707 2109 3753 tot

536 3789 730 3843 culmis
759 3787 1044 3848 videlicet,
1076 3794 1207 3854 quot
1234 3787 1448 3839 radices
1479 3797 1624 3851 sunt,
1671 3789 2102 3858 emergentibus.

540 3878 876 3947 Tepescente
920 3886 1099 3930 autem
1129 3891 1366 3946 _setnper
1407 3879 1669 3945 germine,
1698 3888 1962 3935 attractus
2013 3894 2110 3949 per

543 3974 755 4026 radices
789 3972 1004 4034 humor,
1049 3986 1144 4039 per
1184 3971 1387 4024 caloris
1443 3972 1821 4026 attractionem
1861 3973 2110 4028 modera-

541 4072 652 4115 tum
675 4063 738 4114 de
766 4072 904 4115 terra
935 4062 1248 4117 alimentmu
1282 4063 1534 4125 adducit;
1573 4063 1733 4131 idque
1770 4064 1822 4116 in
1845 4065 2105 4130 culmum,

539 4165 595 4208 et
629 4154 682 4206 in
709 4156 990 4218 corticem,
1023 4164 1076 4207 ct
1109 4155 1160 4205 in
1201 4153 1456 4209 frumenti
1510 4156 1716 4222 thecas,
1749 4165 1802 4210 et
1829 4158 1882 4210 in
1928 4160 2108 4227 ipsum

541 4250 804 4312 triticum,
835 4259 888 4303 et
919 4247 970 4301 in
1016 4247 1215 4301 aristas
1256 4249 1596 4315 dispertitur.
1645 4250 1820 4318 Atque
1854 4251 2110 4318 qualibet

539 4357 626 4396 res
659 4357 902 4402 nascens,
940 4343 1279 4396 incremento
1311 4341 1390 4394 sic
1438 4340 1698 4407 paulatim
1749 4352 1994 4411 accepto,
2042 4343 2108 4396 ad

537 4435 786 4486 idoneam
825 4434 1210 4502 propriamque
1241 4433 1488 4502 pervenit
1528 4445 1864 4494 mensuram,
1894 4435 2007 4486 sive
2041 4436 2106 4488 ad

538 4525 816 4587 frumenti,
854 4535 945 4577 aut
967 4524 1280 4594 leguminis,
1311 4534 1402 4576 aut
1429 4524 1619 4588 oleris,
1647 4534 1739 4577 aut
1775 4523 1986 4577 fruticis
2016 4541 2106 4594 ge-

540 4633 639 4670 nus
671 4617 958 4686 pertineat.
1001 4615 1175 4670 Unum
1220 4613 1424 4678 fenum,
1481 4616 1757 4684 herbaque
1789 4631 1894 4668 una
1938 4624 2105 4668 totam

541 4719 683 4761 tuam
718 4717 949 4762 mentem
980 4709 1033 4761 in
1071 4722 1156 4772 ea,
1192 4721 1260 4761 ex
1295 4719 1401 4774 qua
1443 4707 1661 4774 prodiit,
1707 4717 1823 4760 arte
1846 4706 2105 4761 conside—~

538 4801 728 4865 randa,
773 4816 1038 4870 occupare
1079 4810 1298 4870 potest:
1347 4799 1620 4869 quomodo
1670 4801 1932 4867 geniculis
1969 4815 2106 4868 pne-

535 4896 787 4962 cingatur
821 4893 1073 4948 frumenti
1108 4892 1338 4955 culmus,
1379 4905 1485 4959 quo
1516 4887 1681 4942 veluti
1713 4888 1924 4942 vincula
1962 4903 2104 4957 quae-

607 5081 718 5150 (26)
752 5079 828 5132 lta
858 5075 1180 5150 mss.t‘nulti.
1218 5074 1378 5127 Deest
1404 5071 1438 5140 ἦ
1473 5073 1526 5124 in
1567 5071 1728 5126 editis
1751 5079 1877 5150 ante
1894 5068 2097 5150 talen.

535 5139 713 5207 Ριιὶιιό
735 5159 854 5217 post
904 5147 1031 5202 editi
1063 5159 1182 5217 cum
1214 5139 1444 5217 quatuor
1469 5212 1478 5217 Δ
1503 5158 1630 5194 mss.
1690 5142 1817 5201 τους
1882 5139 2098 5210 ῥαϐδού-

533 5212 810 5294 χουςζᾹῑῇ
833 5230 1061 5287 quatuor
1084 5213 1209 5275 τοὺς
1251 5212 1632 5294 ῥαϐδοφόρους.

554 5281 565 5292 “
605 5280 718 5361 (ΞἹ)
782 5280 911 5361 ιὶεξε.
943 5296 1151 5361 sextus
1181 5280 1290 5361 ἐι,
1320 5280 1544 5361 uterque
1583 5282 1746 5335 Coisl.
1792 5295 1922 5361 cum
1949 5280 2100 5334 Colb.

534 5351 770 5418 secundo
799 5351 897 5422 τάξ
938 5353 1252 5423 ὲπαγωγάς,
1279 5353 1329 5404 id
1361 5351 1464 5416 est,
1491 5369 1691 5419 partas,
1728 5351 2105 5416 captivitatem,

533 5445 581 5488 ct
633 5433 805 5485 omnia
825 5445 942 5500 qua:
964 5426 1143 5548 ingeni
1187 5434 1401 5492 possunt
1433 5425 1594 5476 mala.
1633 5423 1829 5476 Statim
1857 5436 1986 5477 mss.
2009 5436 2101 5476 sex

541 5495 969 5548 σειυαθοοίῖεται.
1045 5495 1139 5548 tlili
1173 5492 1506 5548 ἀθροίζεται.

541 5492 969 5572 συναθροίζεται.
999 5492 1139 5550 Edili
1173 5492 1506 5572 ἀθροίζεται.

609 5562 821 5638 (ἓθὶίιίιί
843 5570 1056 5625 codices
1087 5562 1366 5638 sex._Etl_iti
1401 5566 1763 5638 ἐπιτέτακται,
1794 5563 1950 5617 male.
1981 5562 2097 5617 Mox

534 5633 992 5697 Coihfseeundus
1021 5639 1156 5710 πρὸς
1182 5636 1242 5693 τὸ
1265 5635 1672 5710 ἁδρανέστερον.

609 5714 715 5782 (29)
749 5713 837 5766 Sic
895 5727 1022 5764 mss.
1066 5705 1227 5763 DeeSt
1250 5706 1360 5782 τῶν
1399 5709 1646 5782 ineditis.
1691 5705 1910 5782 __Statim
1964 5721 2090 5761 mss.

537 5779 976 5844 μιοιιιὲκδίδοταί
1005 5799 1074 5835 τι.
1106 5779 1445 5835 Desideratur
1475 5794 1525 5829 τι
1557 5779 1604 5832 in
1640 5779 1815 5832 editis.

2217 3262 2291 3314 μα
2323 3244 2650 3314 συμμέτρως
2690 3241 2889 3303 νοτίδος
2931 3241 3024 3294 καὶ
3068 3240 3277 3310 θέρμης
3304 3239 3552 3308 ἔχουσαν,
3602 3237 3801 3308 χαῦνον

2214 3336 2503 3405 γενόμενον
2531 3334 2622 3386 καὶ
2653 3331 2976 3402 πολύπορον,
3003 3332 3101 3401 τῆς
3130 3330 3540 3401 παρακειμένης
3567 3330 3669 3401 γῆς
3703 3347 3802 3381 πε-

2216 3425 2628 3497 ριδραξάμενον,
2686 3423 2755 3476 τὰ
2786 3424 2961 3476 οἰκεῖα
3013 3425 3106 3474 καὶ
3155 3420 3410 3491 σύμφυλα
3453 3421 3590 3490 πρὸς
3637 3420 3803 3474 ἑαυτὸ

2214 3515 2530 3566 ἐπισπᾶται.
2579 3513 2954 3582 Ἐμπίπτοντα
2976 3511 3031 3562 δὲ
3066 3513 3178 3573 τοῖς
3220 3511 3408 3582 πόροις
3440 3512 3533 3563 καὶ
3558 3511 3800 3581 περιολι-

2215 3606 2495 3660 σθαίνοντα
2540 3604 2639 3673 τῆς
2671 3604 2775 3670 γῆς
2820 3604 2888 3655 τὰ
2931 3603 3235 3656 λεπτότατα
3280 3603 3464 3673 μόρια,
3504 3604 3596 3656 ἐπὶ
3638 3603 3802 3658 πλέον

2211 3697 2497 3769 ἀνευρύνει
2549 3697 2675 3758 τοὺς
2713 3693 2909 3761 ὄγκους
2956 3693 3118 3744 αὑτοῦ
3159 3693 3304 3762 (51)·
3342 3694 3482 3746 ὥστε
3519 3695 3800 3763 ῥιζοῦσθαι

2215 3790 2314 3859 μὲν
2335 3791 2414 3852 είς
2434 3789 2493 3841 τὸ
2519 3787 2687 3851 κάτω,
2710 3787 2800 3838 ἐπὶ
2824 3785 2882 3839 τὸ
2905 3785 3017 3839 ἄνω
3039 3784 3093 3836 δὲ
3113 3783 3468 3854 προκύπτειν,
3494 3787 3802 3856 ἰσαρίθμων

2212 3886 2330 3944 ταῖς
2362 3883 2538 3952 ῥίζαις
2568 3882 2675 3934 τῶν
2706 3881 2968 3950 καλάμων
3009 3877 3484 3950 προϐαλλομένων
3523 3876 3805 3948 θαλπομὲ

2213 3989 2304 4024 νου
2338 3972 2393 4022 δὲ
2427 3974 2512 4024 ἀεὶ
2546 3972 2638 4024 τοῦ
2675 3973 3067 4041 βλαστήματος,
3123 3971 3423 4038 συρομένην
3455 3969 3543 4023 διὰ
3576 3969 3684 4022 τῶν
3714 3972 3800 4042 ῥι-

2214 4061 2322 4125 ζῶν
2369 4060 2468 4130 τὴν
2512 4061 2710 4120 νοτίδα,
2755 4063 2820 4129 τῇ
2863 4061 2992 4129 ὁλκῇ
3031 4059 3123 4110 τοῦ
3158 4058 3360 4128 θερμοῦ
3393 4061 3804 4129 συνεπάγεσθαι

2212 4151 2304 4205 τοῦ
2334 4152 2600 4224 τροφίμου
2635 4147 2735 4218 τ’ἦς
2772 4152 2874 4220 γῆς
2904 4151 3024 4201 ὅσον
3051 4149 3290 4218 μέτριον,
3317 4149 3410 4201 καὶ
3439 4150 3596 4203 τοῦτο
3629 4169 3805 4205 κατα-

2215 4244 2460 4317 μερίζειν
2494 4247 2572 4307 είς
2597 4243 2848 4313 καλάμην
2879 4244 2973 4294 καὶ
3009 4242 3208 4310 φλοιόν,
3239 4242 3332 4296 καὶ
3371 4242 3468 4306 τὰς
3499 4243 3675 4312 θήκας
3705 4248 3803 4299 τοῦ

2215 4339 2383 4399 σίτου,
2424 4339 2520 4392 καὶ
2564 4337 2721 4390 αὑτὸν
2755 4336 2845 4388 τὸν
2878 4338 3021 4388 σῖτον
3065 4335 3156 4388 κα)⁸
3193 4335 3317 4399 τοὺς
3345 4334 3637 4404 ἁνθέρικας
3661 4353 3673 4364 '
3707 4340 3804 4390 καὶ

2213 4428 2354 4481 οὕτω
2379 4429 2516 4481 κατὰ
2543 4429 2736 4499 μικρὸν
2759 4429 2855 4498 τῆς
2889 4428 3170 4497 αὐξήσεως
3193 4429 3501 4498 γινομένης,
3527 4431 3618 4481 ἐπὶ
3643 4429 3704 4482 τὸ
3722 4431 3806 4480 οἰ-

2142 4516 2183 4569 D
2214 4525 2358 4573 κεῐον
2396 4521 2591 4590 μέτρον
2617 4521 2843 4571 ’ἑκαστον
2862 4521 2968 4571 τῶν
2989 4520 3272 4588 φυομένων
3304 4520 3800 4586 ἀποκαθίστασθαι,

2214 4616 2321 4665 εἴτε
2357 4631 2407 4664 τι
2463 4612 2570 4664 τῶν
2607 4612 2861 4682 σιτηρῶν,
2905 4612 3013 4663 εἴτε
3055 4611 3162 4663 τῶν
3201 4613 3499 4682 χεδῷπων,
3544 4612 3653 4664 εἴτε
3687 4614 3804 4666 τῶν

2215 4704 2538 4775 λαχανωδῶν
2587 4705 2618 4774 ἣ
2669 4703 3019 4774 φρυγανικῶν
3056 4705 3334 4773 τυγχάνοι.
3367 4699 3460 4767 Εἷς
3487 4705 3678 4775 χόρτος
3704 4707 3806 4762 καὶ

2217 4798 2315 4864 μία
2347 4795 2542 4866 βοτάνη
2581 4796 2802 4866 ἐξαρκεῖ
2840 4796 2939 4866 τὴν
2973 4795 3210 4850 διάνοιάν
3247 4811 3340 4849 σου
3368 4800 3549 4850 πᾶσαν
3595 4800 3672 4860 είς
3697 4800 3804 4870 τὴν

2212 4888 2444 4959 θεωρίαν
2484 4889 2582 4958 τῆς
2631 4889 3076 4960 ὲξεργασαμένης
3117 4890 3228 4961 (52)
3273 4889 3413 4944 αὐτὰ
3453 4891 3648 4960 τέχνης
3689 4892 3804 4944 ἁπ-

2283 5071 2393 5153 (ξο)
2424 5070 2556 5153 εἶρε.
2590 5080 2777 5153 sextus
2802 5072 3056 5142 καλάμης
3085 5071 3472 5153 βαρυνόμενον.

2280 5144 2392 5205 (51)
2429 5142 2564 5195 Editi
2601 5144 2724 5204 τοὺς
2756 5143 2953 5210 ὄγκους
3004 5142 3189 5208 αὑτοῦ,
3234 5142 3484 5197 videlicet
3541 5143 3800 5214 σπέρμα-

2207 5230 2297 5278 τος
2319 5230 2331 5242 ο
2363 5228 2522 5280 quam
2560 5214 2842 5267 lectionem
2887 5215 3103 5268 exhibet
3133 5230 3346 5282 quoque
3369 5215 3530 5268 Coisl.
3563 5218 3793 5283 primus,

2211 5285 2442 5336 secunda
2482 5299 2641 5336 manu
2677 5284 3013 5337 emendatus.
3045 5286 3146 5338 Alii
3205 5295 3410 5353 septem
3440 5287 3655 5338 codices
3697 5287 3797 5336 αύ-

2210 5356 2329 5423 τῆς,
2390 5353 2638 5406 videlicet
2685 5353 2936 5423 βοτάνης.
2996 5353 3190 5406 Statim
3261 5358 3364 5406 duo
3414 5372 3542 5408 mss.
3596 5356 3708 5407 ἄνω
3733 5355 3796 5409 δὲ

2216 5423 2560 5493 προκόπτειν.
2615 5424 2752 5478 Editi
2791 5441 2912 5478 cum
2955 5425 3075 5479 aliis
3134 5440 3264 5480 mss.
3307 5425 3666 5494 προκύπτειν,
3710 5441 3796 5480 re-

2212 5508 2370 5548 CllllS.

2281 5565 2392 5639 (δὲ)
2425 5566 2512 5639 Sic
2549 5579 2823 5639 mss.“sex,
2861 5566 3076 5633 optirre.
3116 5565 3294 5618 Editio
3335 5564 3510 5639 Paris.
3541 5565 3794 5639 ἐξειργα-

2210 5634 2434 5707 σμένης.
2469 5637 2642 5692 Editio
2667 5634 2829 5692 Basil.
2865 5655 2983 5691 cum
3036 5639 3244 5691 duobus
3291 5653 3419 5692 mss.
3453 5634 3794 5711 ἐξεργασμέ-
