4062 6440
314 412 414 467 ’101
1443 400 1725 456 HOMILIA
1768 399 1808 453 γ
1852 400 1895 452 ll‘

2000 389 2453 452 [ΕΧΑΕΜΕΒΟΝ.

3468 389 3573 448 1G2

312 532 639 604 ασχολῆσαι·
669 529 787 594 πῶς
800 529 988 598 γόνασι
1004 526 1359 593 διαζώννυται
1388 527 1421 595 ἡ
1448 525 1668 594 καλάμη
1698 522 1793 577 τοῦ
1819 523 1895 575 σί-

2001 522 2124 577 dam
2152 522 2364 576 facilius
2395 521 2667 588 spicarum
2706 518 2913 587 pondus
2956 516 3136 569 ferant
3163 554 3178 579 ,
3224 530 3347 568 cum
3379 514 3574 568 fructi-

310 638 427 684 του,
464 622 549 673 ἵνα
584 620 771 691 ὥσπερ
805 620 1087 690 σύνδεσμοί
1110 636 1251 680 τινες
1278 618 1473 688 ῥᾳδίως
1502 617 1561 667 τὸ
1591 616 1754 685 βάρος
1786 614 1893 666 τῶν

313 712 601 782 ἀσταχύων
637 712 893 782 φέρωσιν,
918 712 1045 763 ὅταν
1073 710 1297 778 πλήρεις
1331 708 1480 768 ὄντες
1509 706 1736 777 καρπῶν
1760 704 1893 775 πρὸς

310 806 411 875 τὴν
441 806 542 874 γῆν
572 805 1021 857 κατακλίνωνται.
1048 802 1146 854 Διά
1173 799 1327 853 τοῦτο
1355 802 1381 852 ὁ
1420 798 1518 869 μὲν
1572 798 1769 868 βρόμος
1811 796 1891 847 δι-

312 897 435 949 όλου
467 896 641 958 κενὸς,
666 896 759 947 ἆτε
783 894 967 965 μηδενὶ
994 895 1092 964 τὴν
1118 891 1356 961 κεφαλὴν
1380 890 1739 960 βαρυνόμενος
1760 904 1772 915 ·
1800 886 1891 939 τὸν

313 990 369 1040 δὲ
410 992 553 1040 σῖτον
575 991 686 1050 τοῖς
718 988 1031 1056 συνδέσμοις
1060 984 1267 1046 τούτοις
1305 986 1337 1053 ἡ
1368 983 1528 1051 φύσις
1560 979 1893 1050 κατησφαλί-

319 1096 469 1132 σατο.
507 1080 595 1133 Ἐν
633 1079 775 1151 θήκῃ
803 1078 858 1130 δὲ
884 1077 973 1128 τὸν
1002 1076 1198 1128 κόκκον
1234 1074 1565 1143 ἀποθεμένη,
1597 1072 1670 1133 ὡς
1698 1071 1770 1141 μὴ
1805 1072 1894 1124 εὑ-

313 1170 644 1240 διάρπαστον
675 1166 941 1231 εἶναιτοῖς
974 1167 1371 1238 σπερμολόγοις
1395 1166 1533 1235 (55)“
1574 1164 1652 1217 ἔτι
1694 1167 1787 1218 καὶ
1823 1168 1890 1236 τῇ

314 1260 551 1330 προϐολῇ
586 1261 690 1313 τῶν
714 1260 1011 1330 ἀνθερίκων
1036 1255 1144 1312 οἷον
1170 1259 1318 1311 ἀκίσι
1340 1258 1435 1319 τὰς
1457 1259 1519 1308 ὲκ
1550 1256 1658 1307 τῶν
1683 1255 1890 1327 μικρῶν

314 1349 470 1415 ζώων
501 1353 757 1421 ἀφίστησι
789 1351 1008 1419 βλάϐας.

385 1445 439 1498 4.
478 1446 541 1498 Τί
569 1446 732 1507 sine;
765 1443 816 1495 τί
862 1445 1158 1514 σιωπήσω;
1208 1443 1294 1495 Ἐν
1340 1440 1612 1502 πλουσίοις
1652 1440 1751 1509 τῆς
1776 1438 1891 1491 κτί-

316 1552 454 1599 σεως
501 1536 792 1605 θησαυροῖς
823 1535 1023 1606 ἄπορος
1066 1534 1161 1604 μὲν
1198 1536 1228 1604 ἡ
1264 1532 1477 1603 εὕρεσις
1515 1532 1608 1584 τού
1647 1532 1894 1602 τιμιωτέ-

318 1645 433 1699 ρου,
458 1626 844 1696 δυσφορωτάτη
878 1628 931 1679 δὲ
971 1631 1001 1697 ἡ
1030 1628 1201 1696 ζημία
1238 1627 1330 1679 τού
1362 1626 1708 1697 παρεθέντος.
1747 1629 1894 1679 Βλα-

315 1715 594 1782 στησάτω
623 1718 660 1784 ὴ
686 1715 760 1785 γῆ
786 1718 1059 1784 βοτάνην
1084 1718 1322 1784 χόρτου.
1350 1719 1460 1770 Καὶ
1482 1718 1681 1781 εὐθέως
1712 1718 1892 1781 συνεξ-

315 1807 470 1877 εδόθη
517 1810 629 1871 τοῖς
661 1811 947 1878 τροφίμοις
978 1808 1045 1860 τά
1077 1808 1377 1880 δηλητήρια
1399 1827 1411 1841 '
1444 1811 1579 1881 μετά
1617 1810 1711 1863 τοῦ
1747 1810 1891 1863 σίτου

313 1907 374 1958 τὸ
414 1904 656 1970 κώνειον,
707 1906 842 1975 μετὰ
885 1905 990 1957 τῶν
1034 1906 1234 1958 λοιπῶν
1280 1908 1561 1978 τροφίμων
1598 1905 1896 1975 ἐλλέϐορος,

314 1998 408 2049 καὶ
440 1997 705 2062 ἀκόνιτον,
743 1997 836 2049 καὶ
876 1997 1277 2067 μανδραγόρας,
1322 2000 1415 2050 καὶ
1459 2002 1487 2051 ὁ
1514 2001 1613 2068 τῆς
1646 2000 1893 2068 μήκωνος

314 2091 464 2154 ὀπός.
494 2092 559 2143 Τί
587 2086 677 2144 οὖν
699 2107 712 2155 ;
738 2090 967 2159 ἀφέντες
1000 2091 1059 2142 τὸ
1094 2091 1185 2142 ἐπὶ
1214 2093 1325 2153 τοῖς
1360 2092 1653 2162 χρησίμοις
1686 2094 1782 2159 τὴν
1805 2092 1895 2159 χά-

316 2202 401 2253 ριν
430 2184 728 2255 ὁμολογεῖν,
775 2183 1142 2252 ὲγκαλέσομεν
1185 2182 1261 2253 τῷ
1289 2184 1615 2255 Δημιουργῷ
1665 2185 1755 2235 ἐπὶ
1784 2186 1893 2245 τοῖς

314 2276 633 2347 φθαρτικοῖς
664 2274 819 2345 ήμῶν
842 2273 942 2342 τῆς
966 2272 1143 2342 ζωῆς;
1176 2274 1349 2325 ἐκεῖνο
1380 2274 1435 2327 δὲ
1460 2275 1519 2326 ού
1548 2272 1891 2343 λογισόμεθα,

313 2366 395 2419 ὅτι
429 2367 489 2418 ού
518 2366 693 2418 πάντα
719 2364 817 2434 τῆς
842 2364 1076 2435 γαστρὸς
1103 2363 1286 2418 ἕνεκεν
1310 2366 1410 2435 τῆς
1443 2366 1715 2435 ἡμετέρας
1740 2363 1892 2435 δεδη-

310 2455 689 2527 .μιούργηται;
734 2455 873 2508 Ἀλλ’
903 2459 1034 2527 ἡμῖν
1072 2458 1169 2528 μὲν
1213 2458 1271 2510 αἱ
1306 2458 1740 2527 ἀποτεταγμέναι
1767 2474 1894 2525 τρο-

313 2548 415 2615 φαὶ
450 2548 752 2619 πρόχειροι,
782 2548 876 2601 καὶ
907 2551 1072 2602 πᾶσιν
1106 2550 1418 2618 εῠγνωστοι·
1456 2550 1681 2601 ἕκαστον
1711 2549 1765 2601 δὲ
1788 2549 1894 2601 τῶν

315 2640 622 2711 γενομένων
654 2638 781 2695 ἴδιόν
808 2660 929 2695 τινα
962 2643 1118 2711 λόγον
1155 2646 1210 2695 ἐν
1237 2646 1301 2713 τῇ
1337 2644 1508 2696 κτίσει
1543 2644 1755 2713 πληροῖ.
1804 2644 1893 2715 Μὴ

316 2733 448 2805 γάρ,
484 2736 666 2805 ἐπειδή
695 2752 775 2788 σοι
808 2735 1135 2805 δηλητήριον
1166 2735 1225 2787 τὸ
1258 2735 1476 2806 ταύριον
1518 2730 1673 2806 αἷμα,
1705 2736 1894 2789 τούτου

315 2824 501 2878 ἕνεκεν
535 2825 640 2877 ἔδει
690 2825 721 2894 ἢ
766 2824 839 2895 μὴ
868 2826 1209 2897 παραχθῆναι
1249 2827 1309 2879 τὸ
1341 2826 1497 2890 ζῶον,
1540 2828 1570 2898 ἢ
1622 2828 1895 2898 παραχθὲν

316 2918 547 2987 ἄναιμον
576 2916 685 2986 (54)
710 2911 870 2980 εἶναι,
898 2912 957 2969 οἵ)
980 2918 1078 2987 τῆς
1103 2916 1284 2986 ίσχύος
1310 2918 1445 2989 πρὸς
1473 2917 1707 2971 τοσαῦτα
1739 2919 1895 2988 ἡμῶν

317 3009 581 3062 ἐπιδεῖται
611 3010 637 3061 ὁ
674 3008 820 3078 βίος;
871 3008 1029 3061 Ἀλλά
1056 3011 1138 3061 σοὶ
1170 3011 1265 3078 μὲν
1289 3010 1568 3080 αὐτάρκης
1597 3013 1624 3063 ὁ
1653 3010 1896 3072 σύνοικος

316 3102 471 3170 λόγος
500 3102 635 3172 πρὸς
660 3102 758 3173 τὴν
784 3100 1028 3171 φυλακὴν
1060 3100 1165 3152 τῶν
1188 3101 1464 3169 ὀλεθρίων.
1494 3102 1567 3151 Ού
1596 3102 1764 3169 δήπου
1790 3101 1895 3169 γάρ

316 3194 565 3265 πρόϐατα
612 3193 710 3263 μὲν
762 3193 855 3244 καὶ
903 3187 1057 3258 αἶγες
1104 3190 1279 3242 ἴσασιν
1316 3191 1645 3258 ἀποφεύγειν
1696 3190 1765 3243 τὰ
1795 3207 1896 3243 κα-

317 3280 517 3333 κοῦντα
552 3279 734 3331 αὐτῶν
765 3280 863 3348 τὴν
902 3279 1067 3348 ζωὴν,
1117 3279 1253 3351 μόνῃ
1290 3283 1353 3351 τῇ
1390 3280 1638 3352 αἰσθήσει
1672 3282 1731 3334 τὸ
1765 3281 1893 3352 βλα-

316 3370 477 3442 ϐερὸν
511 3370 868 3441 διακρίνοντα·
904 3372 986 3424 σοὶ
1015 3370 1090 3434 δὲ,
1203 3371 1296 3424 καὶ
1333 3371 1489 3440 λόγος
1524 3373 1775 3443 πάρεστι,
1804 3375 1896 3426 καὶ

320 3461 536 3533 ἰατρικὴ
568 3460 729 3533 τέχνη
768 3462 828 3514 τὸ
859 3463 1126 3532 χρήσιμον
1165 3462 1545 3529 ὲκπορίζουσα,
1594 3463 1685 3514 καὶ
1730 3463 1897 3532 ἡτῶν

318 3554 696 3626 προλαϐόντων
723 3558 904 3627 πεῖρα,
930 3555 1036 3607 τῶν
1065 3554 1408 3624 βλαπτόντων
1438 3556 1537 3626 τὴν
1568 3556 1743 3625 φυγὴν
1768 3557 1897 3608 ὑπο-

319 3646 610 3709 ϐάλλουσα,
642 3647 875 3715 χαλεπόν
899 3648 1065 3708 ἐστιν,
1098 3647 1218 3698 εἰπέ
1253 3664 1360 3714 μοι,
1386 3646 1630 3698 ἐκκλῖναι
1656 3646 1723 3699 τὰ
1745 3647 1899 3717 δηλη-

313 3737 513 3806 τήριας
546 3737 699 3800 Ἐστι
722 3735 776 3787 δὲ
798 3734 1002 3787 τούτων
1023 3735 1174 3788 οὐδὲν
1200 3735 1403 3806 ἀργῶς,
1429 3736 1581 3788 οὐδὲν
1611 3738 1898 3807 ἀχρήστως

317 3828 704 3898 γεγενημένον.
740 3828 811 3879 ’Ἡ
844 3827 952 3899 γὰρ
989 3827 1201 3899 τροφὴν·
1228 3828 1455 3899 παρέχει
1490 3830 1593 3881 τινὶ
1633 3828 1740 3880 τῶν
1769 3829 1896 3881 ἀλό-

316 3939 452 3992 γων,
479 3922 512 3994 ἢ
539 3922 631 3975 καὶ
657 3924 786 3993 ἡμῖν
808 3921 989 3984 αὐτοῖς
1022 3922 1171 3992 παρὰ
1193 3922 1291 3990 τῆς
1323 3921 1572 3991 ἰατρικῆς
1604 3921 1798 3990 τέχνης
1820 3924 1899 3984 είς

318 4016 673 4086 παραμυθίαν
720 4015 880 4067 τινῶν
933 4014 1380 4086 ἀρρωστημάτων
1431 4014 1541 4079 (55)
1590 4013 1894 4084 ἐξεύρηται.

318 4107 392 4159 Τὸ
428 4108 524 4177 μὲν
555 4107 663 4176 γάρ
697 4107 919 4160 κώνειον
946 4109 994 4160 oi.
1022 4106 1194 4179 ψᾶρες
1232 4105 1534 4175 βόσκονται,
1559 4106 1645 4158 διὰ
1680 4109 1774 4177 τὴν
1804 4124 1899 4160 κα-

316 4197 586 4267 τασκευὴν
605 4199 699 4249 τοῦ
728 4198 978 4269 σώματος
1006 4200 1101 4269 τὴν
1135 4202 1198 4251 ὲκ
1227 4198 1319 4251 τοῦ
1348 4198 1668 4269 δηλητηρίου
1700 4199 1899 4270 βλάϐην

318 4290 802 4361 ἀποδιδράσκοντες
824 4308 835 4322 ⁸
868 4292 1097 4352 λεπτοὺς
1127 4288 1235 4358 γὰρ
1271 4289 1484 4358 ἔχοντες
1522 4292 1648 4353 τοὺς
1672 4292 1762 4342 ἐπὶ
1790 4290 1898 4360 (56)

315 4382 417 4451 τῆς
449 4380 675 4453 καρδίας
704 4379 925 4449 πόρους,
966 4380 1255 4449 φθάνουσιν
1294 4380 1529 4448 ἐκπέψαι
1566 4382 1627 4434 τὸ
1658 4398 1900 4435 καταπο-

319 4472 434 4537 θὲν,
470 4475 597 4556 πρὶν
620 4472 717 4540 τὴν
744 4471 834 4523 ἀπ’
866 4471 1029 4524 αὑτοῦ
1062 4470 1220 4541 ψῦξιν
1254 4470 1360 4521 τῶν
1396 4474 1625 4542 καιρίων
1655 4471 1901 4541 καθάψα-

1998 615 2096 667 bus
2115 613 2304 682 plenae,
2328 614 2378 665 in
2408 621 2605 665 terram
2622 609 3009 678 proclinantur.
3030 605 3368 677 QuaprOpter
3398 620 3570 660 avena

1996 703 2215 771 quidem
2248 702 2472 755 omnino
2497 710 2577 753 est
2616 714 2809 761 vacua,
2847 697 3003 763 cujus
3052 697 3263 752 scilicet
3312 707 3479 765 caput
3510 710 3574 750 re

1998 794 2142 847 nulla
2179 804 2435 863 gravetur
2472 812 2484 846 :
2515 804 2726 853 contra,
2766 790 2997 843 vinculis
3031 790 3113 843 his
3148 789 3387 842 triticum
3414 804 3570 841 com-

1999 887 2228 939 munivit
2260 897 2472 938 natura.
2508 885 2561 937 In
2591 886 2746 938 theca
2792 898 2922 937 vero
2957 898 3184 953 granum
3221 882 3524 935 recondidit
3553 922 3569 944 ,

1998 995 2065 1033 ne
2106 980 2261 1034 facile
2291 996 2319 1032 a
2351 979 2629 1049 frugilegis
2655 978 2845 1031 avibus
2887 976 3199 1044 diripiatur.
3248 973 3475 1044 Insuper
3512 985 3569 1026 et

1998 1072 2286 1123 aristarum
2312 1070 2627 1130 eminentia,
2658 1068 2812 1136 quasi
2855 1066 3195 1135 cuspidibus,
3244 1064 3566 1120 animalium

1995 1177 2286 1232 parvorum
2320 1178 2513 1216 noxam
2547 1174 2698 1219 arcet
2736 1175 2901 1233 atque
2934 1164 3279 1219 detrimenta.

2065 1433 2117 1485 4.
2148 1434 2283 1501 Quid
2309 1434 2524 1489 dicam?
2556 1436 2684 1505 quid
2718 1436 2932 1491 silentio
2982 1437 3313 1506 praeteribo?
3345 1439 3398 1495 in
3428 1457 3569 1511 opu-

1998 1527 2163 1582 lentis
2204 1529 2496 1583 creationis
2552 1531 2821 1584 thesauris
2870 1532 3181 1601 perdifﬁcile
3216 1536 3433 1602 quidem
3486 1548 3572 1589 est

1997 1636 2110 1674 rem
2160 1623 2593 1690 praestantiorem
2658 1623 2945 1678 invenire:
2996 1625 3038 1677 si
3070 1634 3248 1678 tamen
3277 1628 3567 1690 omittitur,

1996 1712 2085 1765 vix
2118 1712 2332 1781 jactura
2386 1711 2528 1766 illius
2601 1723 2779 1782 potest
2826 1716 3065 1768 tolerari.
3122 1715 3386 1771 Cerminet
3427 1731 3569 1771 terra

1996 1804 2208 1855 herbam
2248 1804 2379 1871 feni.
2415 1805 2483 1858 Et
2516 1806 2702 1860 statim
2736 1821 2838 1859 una
2879 1822 3000 1860 cum
3027 1807 3275 1863 edulibus
3297 1808 3405 1880 43
3434 1827 3565 1877 pru-

1932 1904 1973 1955 B
2002 1894 2109 1946 lata
2141 1904 2267 1947 sunt
2310 1896 2522 1962 nociva,
2559 1896 2735 1950 cicuta
2789 1913 2910 1952 cum
2949 1898 3244 1963 frumento,
3268 1917 3390 1955 cum
3415 1919 3573 1957 escu-

1999 1984 2162 2037 lentis
2198 1985 2417 2054 rellquis
2450 1985 2760 2041 helleborus
2784 2028 2799 2049 ,
2832 1990 3109 2042 aconitum
3131 2032 3145 2053 ,
3177 1994 3570 2061 mandragora,

1994 2074 2283 2142 papaveris
2315 2090 2529 2130 succus.
2587 2077 2727 2144 Quid
2762 2080 2971 2149 igitur?
3017 2082 3247 2151 gratiam
3299 2082 3369 2136 ob
3416 2082 3569 2137 utilia

1996 2168 2240 2221 confiteri
2270 2171 2608 2231 omitteutcs,
2639 2172 2989 2227 Conditorem
3031 2174 3099 2229 ob
3129 2190 3190 2228 ea
3227 2190 3346 2243 qua:
3375 2188 3573 2230 nostra:

1997 2263 2121 2316 vita:
2149 2263 2379 2317 exitiosa
2419 2278 2545 2317 sunt
2573 2306 2587 2327 ,
2634 2267 3051 2319 accusabimus?
3094 2266 3221 2320 illud
3252 2277 3430 2321 autem
3462 2284 3571 2321 non

2000 2357 2397 2423 reputabimus,
2430 2357 2575 2425 quod
2607 2373 2712 2411 non
2744 2358 2923 2410 omnia
2950 2360 3159 2412 ventris
3190 2359 3357 2412 nostri
3393 2362 3571 2429 gratia

1997 2456 2178 2499 creata
2209 2458 2336 2500 sunt
2355 2447 2377 2501 ?
2396 2447 2566 2501 Porro
2584 2449 2739 2502 nobis
2767 2449 2985 2518 quidem
3016 2449 3283 2504 destinata
3310 2446 3569 2505 alimenta

1996 2537 2155 2591 obvia
2186 2547 2333 2603 sunt,
2377 2548 2432 2593 et
2467 2540 2719 2594 omnibus
2745 2541 2911 2609 probe
2960 2551 3084 2595 nota
3118 2560 3133 2596 :
3186 2542 3401 2612 singula
3438 2558 3568 2600 vero

1997 2645 2116 2700 qua:
2147 2633 2362 2686 condita
2389 2645 2534 2695 sunt,
2574 2637 2847 2701 propriam
2881 2636 3169 2704 quamdam
3211 2637 3473 2693 rationem
3506 2640 3561 2693 in

1998 2722 2280 2776 creatione
2307 2724 2546 2791 explent.
2572 2722 2708 2776 Num
2737 2727 2879 2777 enim
2913 2726 3037 2793 quia
3071 2728 3314 2781 taurinus
3345 2731 3573 2800 sanguis

2002 2814 2240 2866 toxicum
2278 2815 2370 2867 tibi
2411 2825 2516 2875 est.
2548 2816 2666 2869 ideo
2699 2817 2899 2869 animal
2935 2817 3087 2881 illud,
3118 2818 3272 2886 cujus
3296 2820 3492 2876 robore
3515 2823 3570 2875 in

2000 2914 2077 2958 tot
2102 2916 2154 2960 et
2188 2908 2350 2961 tantis
2384 2910 2548 2963 rebus
2581 2910 2686 2962 vita
2716 2922 2901 2963 nostra
2939 2912 3163 2982 indiget.
3200 2924 3293 2966 aut
3315 2929 3419 2967 non
3452 2930 3574 2983 pro-

2006 2999 2149 3062 duci,
2193 3009 2285 3052 aut
2316 3003 2635 3067 productum
2664 3020 2939 3072 exsangue
2986 3019 3105 3059 esse
3133 3008 3407 3075 oportuit?
3457 3008 3568 3063 Sed

2001 3088 2094 3140 tibi
2121 3092 2525 3145 contubernalis
2570 3108 2633 3146 ac
2658 3096 2953 3147 domestica
2988 3099 3125 3148 ratio
3161 3099 3227 3150 ad
3257 3112 3342 3151 res
3366 3100 3534 3153 exitia
3554 3127 3572 3139 -

2000 3178 2079 3233 les
2110 3182 2357 3235 vitandas
2388 3183 2600 3237 sufﬁcit.
2638 3184 2885 3253 Nunquid
2918 3187 3059 3240 enim
3097 3204 3224 3243 oves
3261 3190 3479 3258 quidem
3516 3203 3572 3244 et

2001 3287 2180 3340 caprae
2212 3274 2389 3327 sciunt
2432 3290 2495 3329 ea
2548 3292 2666 3342 quae
2717 3294 2827 3332 suae
2862 3280 2982 3333 vita:
3016 3292 3237 3347 nocent,
3268 3283 3565 3350 declinare,

2001 3364 2119 3419 solo
2155 3380 2314 3420 sensu
2351 3367 2509 3419 noxia
2544 3369 2951 3424 discernentes:
2986 3372 3079 3425 tibi
3103 3387 3256 3438 vero,
3287 3375 3374 3428 cui
3410 3377 3572 3431 adest

2001 3469 2057 3512 et
2082 3460 2238 3519 ratio,
2276 3469 2331 3512 et
2364 3475 2453 3513 ars
2483 3462 2713 3523 medica,
2744 3463 2888 3529 quod
2929 3463 3061 3516 utile
3090 3473 3174 3516 est
3207 3463 3443 3519 oll‘erens
3465 3508 3479 3528 .
3518 3482 3575 3524 et

2000 3564 2186 3604 eorum
2216 3553 2305 3619 qui
2339 3562 2387 3606 le
2415 3561 2823 3606 auteverteruut
2847 3553 3178 3621 exemplum,
3214 3570 3321 3626 quo
3349 3556 3417 3612 de
3447 3559 3574 3628 fuga

2001 3644 2315 3697 nocivorum
2358 3646 2703 3709 admoneris,
2739 3645 2954 3700 diﬂicile
2996 3657 3102 3711 est,
3143 3648 3229 3701 dic
3254 3687 3270 3712 ,
3304 3664 3511 3718 quaso,
3545 3668 3576 3704 a

2000 3736 2224 3789 venenis
2248 3735 2484 3789 cavere?
2513 3734 2657 3788 Nihil
2681 3746 2861 3789 autem
2907 3739 3101 3791 horum
3150 3738 3392 3806 frustra,
3441 3742 3579 3796 nihil

2001 3838 2083 3883 est
2116 3829 2380 3882 inutiliter
2415 3829 2466 3882 in
2502 3828 2676 3884 lucem
2709 3830 3058 3883 editum.Aut
3086 3830 3231 3884 enim
3256 3833 3417 3888 alicui
3447 3832 3579 3887 bru-

2004 3930 2177 3975 torum
2225 3923 2541 3976 animalium
2604 3923 3023 3977 suluninistraut
3068 3923 3388 3979 alimentum
3420 3966 3437 3989 ,
3487 3939 3585 3982 aut»

2002 4014 2163 4064 etiam
2189 4014 2342 4066 ηοιιὶε
2371 4015 2499 4080 ipsis
2519 4030 2545 4065 a
2577 4016 2783 4067 medica
2810 4026 2929 4071 arte
2957 4015 3022 4067 ad
3050 4016 3387 4072 deliniendas
3413 4034 3576 4088 quas-

2006 4105 2125 4158 dum
2150 4108 2528 4174 :cgrotatioues
2558 4108 2777 4160 inventa
2802 4118 2947 4162 sunt.
2976 4106 3111 4161 Nam
3138 4109 3314 4163 cicuta
3342 4125 3576 4165 vescun-

2006 4207 2094 4252 tur
2124 4199 2318 4261 sturni,
2361 4209 2409 4250 et
2464 4208 2642 4251 tamen
2691 4197 2881 4251 veneni
2926 4198 3151 4252 exitium
3188 4200 3468 4256 declinant
3507 4203 3580 4256 ob

2006 4292 2249 4359 corporis
2276 4291 2717 4345 constitutionem
2749 4306 2763 4343 :
2790 4306 2912 4343 cum
2941 4293 3084 4345 enim
3112 4292 3163 4344 iu
3194 4307 3382 4347 eorum
3414 4298 3577 4348 corde

2005 4384 2177 4437 insint
2203 4394 2390 4437 tenues
2414 4394 2646 4447 meatus,
2669 4383 2983 4436 devoratam
3007 4384 3238 4437 cicutam
3270 4386 3420 4451 prius
3446 4400 3583 4437 cou-

2006 4489 2224 4536 coxere.
2258 4490 2419 4540 quam
2447 4474 2615 4542 ipsius
2647 4474 2817 4543 frigus
2844 4473 3166 4543 principales
3197 4484 3381 4544 partes
3414 4477 3582 4530 attin-

321 4564 466 4617 σθαι.
517 4563 829 4630 Ἐλλέϐορος
862 4562 916 4613 δὲ
958 4563 1203 4633 ὀρτύγων
1258 4564 1373 4616 ἐστὶ
1426 4562 1619 4633 τροφὴ,
1674 4565 1895 4634 ἰδιότητι

2001 4575 2112 4636 gat.
2146 4564 2463 4621 Helleborus
2492 4580 2623 4619 vero
2672 4567 3033 4632 coturnicum,
3078 4581 3199 4634 qua:
3246 4582 3342 4634 per
3375 4576 3580 4638 tempe-

317 4658 568 4729 κράσεως
626 4658 722 4727 τὴν
778 4654 979 4726 βλάϐην
1034 4657 1467 4723 ἀποφευγόντων.
1529 4657 1680 4706 Ἐστι
1724 4657 1902 4710 δὲκαὶ

314 4748 461 4802 αύτά
505 4746 673 4799 ταῦτα
722 4750 777 4800 ὲν
824 4744 1001 4818 καιρῷ
1046 4763 1173 4797 ποτε
1213 4749 1306 4799 καὶ
1345 4750 1476 4817 ἡμῖν
1507 4750 1770 4818 χρήσιμα.
1803 4749 1901 4801 Διά

322 4847 424 4912 μὲν
470 4840 580 4911 γὰρ
616 4839 708 4891 τοῦ
745 4841 1117 4911 μανδραγόρου
1154 4838 1319 4891 ὕπνον
1358 4843 1531 4911 ἰατροὶ
1569 4845 1905 4908 κατεπὰγου-

324 4951 442 4987 σινο
496 4931 633 5000 όπίῳ
683 4931 740 4984 δὲ
784 4932 880 4994 τὰς
942 4932 1175 5003 σφοδρὰς
1226 4930 1414 4991 ὀδύνας
1480 4932 1586 4983 τῶν
1635 4932 1901 4999 σωμάτων

324 5024 821 5096 κατακοιμίζουσιν.
874 5026 1013 5095 Ἤδη
1060 5025 1115 5078 δέ
1155 5039 1295 5086 τινες
1338 5022 1414 5092 τῷ
1461 5025 1670 5093 κωνείῳ
1720 5025 1810 5075 καὶ
1842 5025 1901 5076 τὸ

322 5117 592 5181 λυσσῶδες
649 5115 755 5169 τῶν
807 5116 1038 5183 ὀρέξεων
1086 5116 1497 5187 κατεμάραναν·
1549 5117 1640 5168 καὶ
1693 5115 1768 5184 τῷ
1818 5116 1902 5167 έλ-

322 5209 530 5281 λεϐόρῳ
577 5210 745 5262 πολλά
809 5208 916 5261 τῶν
964 5208 1191 5277 χρονίων
1246 5207 1432 5261 παθῶν
1482 5206 1895 5278 ἐξεμόχλευσαν.

326 5302 489 5355 Ὥστε
534 5304 562 5355 δ
604 5302 849 5372 ἐνόμιζες
889 5302 1033 5372 ἔχειν
1072 5302 1212 5354 κατὰ
1252 5301 1342 5353 τοῦ
1390 5299 1668 5363 κτίσαντος
1708 5300 1903 5371 ἔγκλη-

395 5414 687 5490 (δδὶβοηι,
725 5420 991 5471 secundus
1022 5422 1133 5481 τοῖς
1169 5418 1562 5490 σπερμολόγος
1608 5418 1714 5469 τῶν
1745 5418 1887 5489 ἀρνί·

324 5487 451 5541 θων.
492 5485 609 5558 Mn}
639 5490 788 5541 Cnlb.
830 5495 1092 5543 secundus
1125 5506 1245 5541 cum
1277 5485 1426 5553 vlleg.
1467 5500 1655 5539 octavo
1687 5485 1889 5558 ἄπορος

328 5559 489 5629 μὲνὴ
522 5555 754 5629 αἵρεσις,
803 5558 1028 5627 difﬁcilis
1059 5570 1133 5612 est
1187 5562 1325 5624 Optio
1366 5560 1656 5610 meliorum.
1708 5555 1891 5613 Lectio

322 5627 545 5696 Optima.
580 5627 719 5680 Edili
770 5640 823 5683 et
852 5629 1015 5698 Quisl.
1052 5642 1301 5698 uterque,
1330 5642 1383 5683 et
1416 5629 1564 5697 llegii
1607 5629 1812 5695 primus
1837 5640 1891 5684 et

326 5695 532 5773 Euius
561 5698 773 5773 _&1:opo;
816 5695 912 5769 μέν
953 5699 986 5769 ή
1030 5695 1277 5773 εὖρεσὶςξ
1306 5770 1313 5773 _
1342 5702 1425 5752 cui
1461 5695 1680 5773 lectioni
1751 5699 1893 5753 favet

326 5766 661 5848 Eustathius,
690 5766 1037 5848 ditur-vertit:
1064 5766 1164 5848 Est
1185 5770 1393 5848 quidem
1436 5770 1657 5848 ᾱὶθῐεὲιὶε
1684 5785 1894 5848 assecu-

326 5841 403 5891 tio
428 5841 719 5894 meliorum.
747 5838 944 5894 Ibidem
975 5843 1143 5895 codex
1162 5838 1401 5895 Comini.
1425 5838 1515 5892 τοῦ
1538 5839 1889 5910 τιμιωτάτου.

2009 4658 2237 4711 rationis
2269 4662 2654 4728 proprietatem
2697 4674 2891 4712 noxam
2928 4658 3212 4728 effugiunt,
3255 4658 3579 4714 alimentum

2005 4760 2107 4803 est.
2145 4749 2455 4815 Quinetiam
2489 4758 2614 4804 sunt
2656 4752 2769 4803 hzec
2806 4751 2919 4817 ipsa
2966 4763 3062 4816 pro
3092 4740 3582 4820 temporis’oppor-

2012 4843 2243 4895 tunitate
2277 4857 2663 4908 nonnunquam
2696 4840 2855 4893 nobis
2890 4840 3273 4895 conducibilia.
3309 4839 3445 4895 Nam
3484 4857 3581 4913 per

2008 4938 2423 5003 mandragoram
2481 4936 2744 4989 inducunt
2789 4950 3039 4989 somnum
3091 4935 3337 4991 medici:
3392 4951 3584 4989 conso-

2010 5027 2165 5093 piunt
2198 5026 2381 5079 itidem
2444 5025 2791 5077 vehementes
2836 5039 3122 5094 corporum
3172 5023 3384 5077 dolores
3432 5028 3577 5094 opio.

2007 5115 2127 5170 Jam
2164 5130 2291 5167 vero
2334 5114 2579 5167 nonnulli
2619 5114 2797 5168 cicuta
2830 5114 3454 5169 obtuderuntrabiosam
3488 5133 3584 5181 ap.

2010 5209 2325 5278 petentiam,
2360 5222 2525 5278 atque
2568 5210 2896 5260 inveteratas
2932 5208 3281 5277 egritudines
3313 5222 3414 5262 nec
3446 5224 3547 5277 pan
3574 5241 3582 5247 .

2010 5317 2104 5357 cas
2134 5301 2414 5355 hellebore
2439 5301 2833 5367 exstirparunt.
2869 5299 3069 5366 Quare,
3103 5315 3262 5368 quam
3304 5310 3357 5355 te
3390 5302 3584 5355 existi-

2070 5420 2179 5489 (δι)
2217 5419 2307 5473 Sic
2366 5418 2514 5488 Regii
2547 5420 2750 5484 primus
2782 5429 2834 5475 ct
2884 5428 3107 5471 octavus
3138 5434 3260 5471 cum
3296 5418 3461 5473 Cois].
3494 5434 3586 5489 se-

2000 5488 2253 5544 cundo-et
2289 5504 2411 5543 cum
2438 5490 2592 5544 Colb.
2624 5491 2807 5544 itidem
2838 5494 3095 5544 secundo.
3146 5489 3284 5542 Editi
3317 5504 3439 5542 cum
3484 5488 3580 5543 ali-

1999 5573 2131 5629 quot
2160 5576 2289 5614 mss.
2318 5561 2351 5626 ἢ
2399 5561 2651 5628 ἄναιμον,
2685 5561 2890 5613 Inutile.

2071 5633 2183 5698 ('55)
2217 5630 2290 5682 Ita
2323 5646 2419 5684 sex
2458 5646 2613 5697 mss.,
2645 5634 2802 5686 bene.
2848 5629 2956 5683 Vox
2996 5630 3450 5701 ἀρρωστημάτων
3484 5630 3581 5685 de-

2002 5701 2276 5755 sideratur
2304 5702 2355 5753 in
2377 5702 2556 5756 editis.

2070 5771 2183 5840 (36)
2209 5770 2435 5825 Codices
2464 5788 2559 5825 sex
2587 5772 2711 5835 τοὺς
2729 5771 2838 5825 ὲπί.
2880 5770 3018 5825 Editi
3046 5773 3168 5833 τοὺς
3214 5770 3344 5827 ἀπό.
