4062 6438
492 389 594 443 M3

1834 386 1888 440 S.
1935 381 2173 438 BASILH
2220 383 2429 440 MAGNI

3658 388 3752 444 Idi

487 505 681 558 mahas
707 501 911 557 habere
940 507 1129 556 contra
1165 497 1482 553 Creatorem
1527 495 1952 556 accusationem,
2006 509 2066 548 ea

2182 511 2272 562 μα,
2311 496 2468 549 τοῦτό
2522 513 2604 548 σοι
2645 496 2724 559 εἰς
2766 495 3087 570 προσθήκην
3121 497 3472 569 εὐχαριστίας
3501 498 3761 570 περιελήο

490 595 588 648 tibi
634 595 684 647 in
723 595 1017 663 gratiarum
1048 592 1279 646 actionis
1309 591 1733 644 additamentum
1765 589 1951 642 cessit.

562 685 615 740 5.
658 683 926 738 Germinet
984 691 1125 737 terra
1190 681 1410 735 herbam
1451 679 1580 749 feni.
1623 679 1761 745 Quot
1809 678 2064 731 alimenta

489 783 684 843 sponte
719 783 928 828 natura:
962 771 1296 841 emergentia
1341 770 1424 822 his
1450 769 1632 822 verbis
1664 767 2062 838 complectitur,

491 875 605 918 tum
641 866 694 918 in
738 863 1036 928 radicibus,
1085 871 1196 916 tum
1244 863 1295 915 in
1337 861 1449 930 ipsa
1488 859 1682 925 herba,
1720 868 1830 913 tum
1861 859 1912 912 in
1948 859 2065 912 fru~

489 958 705 1011 ctibusl
744 966 875 1024 quot
905 971 1034 1010 vero
1071 965 1221 1019 sunt,
1252 970 1370 1022 quae
1405 970 1467 1009 ex
1512 952 1788 1023 diligentia
1828 961 1884 1005 et
1927 953 2068 1020 agri-

492 1047 704 1100 cultura
754 1047 910 1102 nobis
958 1046 1266 1100 accedunt!
1316 1044 1431 1099 Non
1478 1044 1660 1097 statim
1696 1041 1858 1110 jussit
1885 1055 2067 1095 semen

493 1151 548 1193 et
573 1138 803 1190 fructum
856 1135 1127 1206 proferri,
1167 1135 1259 1188 sed
1320 1136 1625 1204 germinare
1677 1145 1732 1189 et
1797 1134 2071 1187 virescere

500 1240 721 1295 terram,
763 1237 982 1293 tumque
1016 1227 1079 1277 ad
1115 1241 1295 1279 semen
1329 1227 1650 1295 pervenire;
1683 1236 1743 1279 ut
1779 1227 1954 1295 prima
1983 1224 2070 1278 illa

493 1317 785 1388 praceptio
827 1318 893 1370 ad
933 1315 1166 1369 futuram
1215 1317 1618 1370 successionem
1664 1325 1809 1369 esset
1853 1323 2063 1368 naturae

494 1408 803 1463 documenti
855 1408 988 1460 loco.
1037 1407 1318 1472 Quomodo
1375 1407 1558 1474 igitur,
1599 1407 1876 1477 inquiunt,
1912 1405 2071 1460 tellus

494 1503 792 1556 secundum
839 1515 1007 1571 genus
1062 1500 1174 1552 edit
1225 1498 1456 1560 semina,
1514 1514 1675 1563 cum,
1718 1499 2072 1553 disseminato

494 1608 640 1663 szepe
692 1594 893 1654 tritico,
951 1592 1161 1660 nigrum
1205 1590 1307 1643 hoc
1350 1589 1678 1644 frumentum
1723 1589 2073 1660 colligamus?

499 1684 700 1739 Verum
755 1686 858 1738 hoc
903 1684 1077 1752 ipsum
1116 1697 1454 1752 nequaquam
1496 1692 1579 1735 est
1617 1681 1683 1735 ad
1725 1682 1870 1736 aliud
1907 1695 2075 1751 genus

499 1777 901 1840 transmutatio,
924 1775 1016 1830 sed
1037 1774 1178 1829 velut
1196 1775 1413 1828 morbus
1436 1775 1676 1843 quidam,
1697 1772 1807 1846 Μ
1826 1788 1887 1828 ac
1907 1774 2073 1828 semi-

502 1869 589 1922 nis
635 1869 918 1937 zegritudo.
977 1866 1092 1919 Non
1141 1866 1286 1920 enim
1341 1865 1672 1920 frumentum
1721 1879 1840 1920 esse
1890 1864 2071 1927 desiit,

499 1959 617 2023 sed,
649 1967 707 2012 ut
735 1969 788 2013 et
813 1973 878 2013 ex
913 1958 1027 2028 ipsa
1057 1957 1421 2026 appellatione
1451 1957 1668 2011 discere
1690 1967 1792 2020 est,
1819 1971 1918 2024 per
1945 1956 2075 2010 adu-

500 2054 732 2107 stionem
752 2053 964 2118 nigrum
989 2051 1180 2104 evasit.
1208 2049 1343 2102 Nam
1377 2049 1546 2103 nimio
1570 2047 1774 2119 frigore
1800 2049 2073 2112 adustum,

502 2148 556 2200 in
601 2145 766 2198 alium
801 2143 1035 2196 colorem
1087 2155 1154 2196 ac
1195 2155 1447 2212 saporem
1489 2139 1856 2211 degeneravit.
1899 2140 2078 2209 Atque

500 2240 669 2293 etiam
705 2237 748 2291 si
777 2237 934 2290 modo
970 2229 1216 2288 idoneam
1253 2245 1474 2301 terram,
1515 2249 1578 2289 ac
1625 2233 1764 2289 bene
1811 2242 2077 2302 tempera-

505 2340 617 2384 tum
674 2343 852 2382 aerem
904 2335 1119 2380 nactum
1169 2327 1260 2392 sit,
1297 2341 1484 2379 rursus
1529 2326 1596 2378 ad
1643 2325 1927 2394 pristinam
1968 2324 2077 2380 for-

503 2434 645 2474 mam
682 2419 859 2472 redire
900 2417 1098 2469 ferunt.
1128 2412 1308 2479 Quare
1341 2412 1473 2466 nihil
1507 2421 1706 2482 prteter
1748 2424 2074 2482 prazceptum

504 2512 631 2562 illud
673 2509 726 2561 in
767 2509 928 2562 rebus
979 2505 1328 2561 nascentibus
1377 2505 1491 2556 fieri
1529 2505 1854 2574 eomperias.
1905 2503 2072 2556 Porro

505 2601 688 2654 iulium
731 2600 872 2668 quod
914 2599 1134 2663 dicitur,
1159 2605 1213 2651 et
1260 2596 1465 2666 reliqua
1512 2596 1814 2650 adulterina
1845 2595 2076 2657 semina,

505 2709 623 2763 quae
658 2708 775 2746 cum
802 2691 1098 2745 esculentis
1126 2689 1573 2748 commisceutur.
1602 2703 1830 2759 qumque
1865 2701 2077 2741 nuncu-

506 2800 636 2852 pare
667 2785 872 2836 zizauia
907 2783 1190 2836 consuevit
1223 2779 1528 2847 Scriptura,
1570 2795 1676 2834 non
1711 2794 1776 2834 ex
1815 2777 2074 2832 frumenti

503 2877 928 2933 commutatione
983 2874 1335 2943 proveniunt,
1382 2873 1477 2929 sed
1516 2888 1580 2926 ex
1641 2874 1859 2942 proprio
1901 2870 2080 2926 subsi-

506 2976 654 3022 stunt
685 2966 972 3037 principio,
1004 2965 1396 3035 prepriumque
1444 2979 1613 3030 genus
1653 2965 1912 3020 obtinent.
1949 2966 2079 3030 Quae

505 3059 747 3130 profecto
773 3059 1058 3125 imaginem
1086 3057 1400 3124 exprimunt
1428 3069 1637 3120 eorum,
1668 3055 1758 3123 qui
1784 3055 2078 3109 documen-

2168 585 2348 638 λυθεν.

2238 679 2289 732 5.
2333 681 2745 747 Βλαστησάτω
2790 688 2829 748 ἠ
2875 679 2950 752 γῆ
2986 678 3262 748 βοτάνην
3292 681 3532 750 χόρτου.
3575 680 3762 753 Πόσην

2169 770 2473 840 αὐτόματον
2502 771 2646 839 λέγει
2679 772 2884 843 τροφὴν
2917 774 2974 824 ὲν
2996 770 3227 834 τούτοις,
3251 772 3351 840 τήν
3376 789 3437 824 τε
3467 772 3525 824 ὲν
3556 769 3760 843 ῥίζαις,

2169 863 2263 916 καὶ
2289 861 2386 933 τὴν
2412 865 2468 915 έν
2503 863 2638 933 αὐτῇ
2669 867 2734 934 τῇ
2770 864 2986 935 βοτάνῃ,
3017 864 3111 916 καὶ
3137 863 3236 934 τὴν
3268 865 3325 915 ὲν
3352 866 3582 933 καρποῖς
3611 862 3713 934 ἥδη
3746 864 3760 917 i

2170 954 2344 1023 πόσην
2368 952 2543 1023 δὲτὴν
2565 953 2624 1017 ἐξ
2650 954 2966 1024 ἐπιμελείας
3003 954 3098 1007 καὶ
3129 952 3402 1024 γεωργίας
3434 955 3567 1023 ἡμῖν
3591 970 3764 1024 προσ-

2169 1046 2496 1116 γινομένηνῐ
2540 1047 2654 1099 Οὐκ
2685 1045 2844 1108 εὐθὺς
2873 1045 3124 1099 ἐκέλευσε
3155 1045 3378 1115 σπέρμα
3419 1045 3514 1096 καὶ
3546 1045 3766 1115 καρπὸν

2172 1137 2521 1208 ἀναδοθῆναι,
2564 1137 2702 1192 ἀλλὰ
2736 1135 3030 1208 βλαστῆσαι
3083 1139 3176 1191 καὶ
3217 1137 3442 1208 χλοάσαι
3488 1137 3588 1207 τὴν
3634 1138 3764 1207 γῆν,

2173 1232 2267 1285 καὶ
2297 1232 2416 1284 τότε
2463 1233 2543 1296 είς
2582 1231 2805 1304 σπέρμα
2847 1231 3194 1300 τελειωθῆναι
3227 1231 3378 1301 (37),
3419 1230 3505 1282 ἵνα
3544 1228 3766 1298 πρῶτον

2173 1325 2348 1377 έκεῖνο
2403 1324 2732 1396 πρόσταγμα
2793 1322 3128 1376 διδασκάλων
3181 1325 3250 1394 τῇ
3307 1320 3470 1390 φύσει
3532 1319 3767 1390 γένηται

2174 1417 2312 1486 πρὸς
2341 1415 2440 1487 τὴν
2467 1416 2596 1484 ἑξῆς
2629 1414 2969 1470 ἀκολουθίαν.
3007 1413 3130 1476 Πῶς
3163 1410 3256 1467 οὖν
3286 1412 3424 1466 κατὰ
3454 1411 3630 1480 γένος,
3660 1427 3771 1479 φα-

2176 1509 2258 1561 σὶν
2282 1509 2414 1579 (38),
2461 1511 2495 1580 ἡ
2529 1509 2600 1579 γῆ
2631 1507 2896 1580 προφέρει
2938 1505 3008 1559 τά
3041 1507 3348 1575 σπέρματα,
3391 1505 3578 1566 ὁπότε,
3617 1505 3770 1557 σῖτον

2175 1599 2433 1663 πολλάκις
2485 1599 2900 1662 καταϐαλόντες,
2957 1597 3050 1650 τὸν
3105 1595 3305 1666 μέλανα
3358 1595 3548 1649 τοῦτον
3591 1593 3772 1665 πυρὸν

2178 1691 2619 1760 συγκομίζομενς
2669 1690 2830 1742 Ἀλλὰ
2858 1688 3016 1743 τοῦτο
3052 1689 3173 1758 οὐχ).
3209 1687 3345 1758 πρὸς
3390 1688 3575 1758 ἓτερον
3609 1686 3773 1755 γένος

2178 1783 2296 1834 ἐστὶ
2347 1781 2639 1852 μεταϐολὴ,
2692 1782 2805 1834 ἀλλ’
2853 1782 3017 1834 οἱονεὶ
3050 1781 3203 1842 νόσος
3231 1796 3312 1841 τις
3358 1781 3451 1832 καὶ
3481 1778 3772 1851 ἀρρωστία

2177 1873 2271 1927 τοῦ
2314 1874 2652 1944 σπέρματος.
2690 1873 2766 1926 Οὐ
2795 1872 2904 1941 γὰρ
2929 1871 3160 1924 ἀπέθετο
3192 1871 3252 1922 τὸ
3279 1865 3416 1923 εἶναι
3451 1871 3558 1939 (59)
3599 1874 3769 1932 σῖτος.

2177 1965 2293 2018 ἀλλ’
2318 1963 2590 2035 ὲμελάνθη
2623 1963 2712 2016 διὰ
2739 1966 2836 2036 τῆς
2857 1961 3126 2025 καύσεως,
3146 1961 3222 2025 ὼς
3249 1961 3343 2014 καὶ
3367 1960 3426 2024 ἐξ
3458 1961 3629 2030 αὐτῆς
3653 1961 3775 2013 ἐστι

2175 2057 2277 2125 τῆς
2337 2056 2709 2129 προσηγορίας
2762 2055 2974 2128 μαθεῖν.
3039 2056 3118 2126 Τῇ
3179 2053 3450 2126 ὑπερϐολῇ
3502 2051 3611 2123 γὰρ
3671 2054 3771 2107 τοῦ

2178 2145 2376 2216 κρύους
2405 2147 2704 2218 σύπερκαεὶς
2733 2147 2866 2217 (40),
2903 2146 3040 2218 πρὸς
3084 2145 3278 2217 ἑτέραν
3338 2145 3433 2198 καὶ
3465 2143 3631 2214 χρόαν
3676 2143 3777 2195 καὶ

2177 2237 2364 2305 γεῦσιν
2396 2237 2682 2309 μετέπεσε.
2707 2238 2816 2291 Καὶ
2844 2238 3025 2307 μέντοι
3048 2239 3145 2291 καὶ
3169 2236 3331 2291 πάλιν
3353 2236 3593 2304 λέγεται,
3622 2236 3777 2287 ὲπειο

2175 2330 2274 2383 δάν
2330 2330 2433 2400 γῆς
2467 2330 2779 2402 ἐπιτηδείας
2831 2331 2923 2383 καὶ
2965 2330 3144 2402 ἀέρων
3182 2329 3461 2402 εὐκράτων
3511 2327 3773 2397 λάϐηται,

2177 2421 2315 2492 πρὸς
2345 2421 2407 2474 τὸ
2437 2422 2661 2493 ἀρχαῖον
2681 2417 2818 2484 εἶδος
2840 2421 3140 2475 ἐπανιέναι.
3167 2421 3328 2474 Ὥστε
3351 2419 3504 2474 οὐδὲν
3534 2418 3688 2491 παρὰ
3711 2418 3778 2473 τδ

2180 2514 2509 2584 πρόσταγμα
2551 2514 2730 2585 εὕροις
2763 2514 2829 2569 ἂν
2862 2517 2920 2568 ὲν
2949 2517 3062 2578 τοῖς
3101 2513 3391 2584 φυομένοις
3419 2511 3778 2583 ἐπιτελούμε-

2179 2620 2290 2658 νον.
2329 2605 2394 2656 Ἦ
2421 2604 2477 2656 δὲ
2507 2605 2778 2675 λεγομένη
2804 2601 2958 2675 αῒρα,
2997 2606 3094 2658 καὶ
3120 2607 3222 2658 ὅσα
3248 2605 3410 2658 λοιπὰ
3438 2605 3568 2658 νόθα
3597 2607 3776 2674 σπέρ-

2183 2710 2333 2764 ματα
2359 2695 2470 2757 τοῖς
2498 2693 2782 2765 τροφίμοις
2831 2695 3331 2765 ἐγκαταμέμικται,
3375 2691 3516 2761 άπερ
3558 2690 3777 2756 ζιζάνια

2180 2783 2608 2857 προσαγορεύειν
2639 2784 2866 2855 σύνηθες
2886 2787 2953 2856 τῇ
2985 2785 3196 2856 Γραφῇ,
3213 2783 3314 2836 οὐκ
3334 2783 3398 2834 ὲκ
3421 2785 3518 2853 τῆς
3544 2779 3634 2834 τοῦ
3662 2780 3775 2851 (Η)

2181 2877 2327 2931 σίτου
2361 2875 2663 2948 μεταϐολῆς
2697 2877 2926 2946 γίνεται,
2967 2875 3080 2930 ἀλλ’
3112 2873 3172 2940 ἐξ
3196 2874 3402 2937 οἰκείας
3431 2873 3606 2944 ἀρχῆς
3640 2872 3780 2926 ὑπέ-

2182 2984 2302 3037 στη,
2340 2967 2468 3020 ιδιον
2500 2966 2691 3038 ἔχοντα
2722 2967 2898 3037 γένος.
2941 2967 3124 3038 Ἀπερ
3177 2966 3277 3035 τὴν
3332 2963 3517 3018 εἰκόνα
3577 2961 3781 3033 πληροῖ

2180 3060 2290 3114 τῶν
2335 3061 2874 3132 παραχαρασσόντων
2931 3060 3002 3114 τὰ
3047 3059 3143 3113 τοῦ
3191 3058 3397 3130 Κυρίου
3443 3057 3776 3126 διδάγματα,

510 3159 560 3202 ta
617 3149 826 3201 Domini
876 3148 1276 3210 adulterantes,
1333 3159 1435 3199 nec
1484 3145 1722 3213 legitime
1773 3159 2076 3198 sermonem

2187 3155 2282 3207 καὶ
2318 3153 2392 3224 μὴ
2426 3153 2666 3224 γνησίως
2712 3152 3166 3224 μαθητευομένων
3209 3151 3287 3222 τῷ
3332 3151 3496 3221 λόγῳ,
3544 3149 3659 3204 ἀλλ’
3711 3150 3779 3201 ἐκ

507 3240 710 3303 edocti,
736 3240 829 3292 sed
865 3253 893 3290 a
932 3237 1150 3308 maligni
1176 3237 1420 3291 doctrina
1455 3235 1719 3304 corrupti,
1752 3247 1929 3290 tamen
1961 3250 2076 3289 cum

2188 3247 2285 3314 τῆς
2312 3244 2406 3296 τοῦ
2428 3244 2663 3316 πονηροῦ
2689 3245 3041 3308 διδασκαλίας
3067 3243 3500 3314 διεφθαρμένων,
3536 3259 3781 3312 καταμια-

504 3347 644 3387 sano
673 3328 932 3384 Ecclesia:
961 3343 1189 3398 corpore
1218 3328 1426 3395 scipsos
1453 3329 1813 3397 permiscent,
1853 3337 1910 3380 ut
1936 3327 2086 3380 clan-

507 3425 687 3482 culum
724 3438 941 3478 errores
989 3438 1117 3476 suos
1150 3423 1200 3475 in
1253 3420 1620 3491 simpliciores
1676 3418 2079 3474 transfundam.

504 3515 625 3574 Jam
664 3529 792 3568 vero
826 3515 1082 3566 Dominus
1123 3513 1512 3580 perfectionem
1557 3515 1720 3566 etiam
1759 3528 1948 3568 eorum
1991 3515 2083 3583 qui

507 3609 566 3664 in
596 3610 769 3678 ipsum
799 3606 1174 3667 crediderunt,
1200 3605 1466 3657 seminum
1497 3607 1831 3660 incremento
1861 3621 2084 3676 compa-

505 3710 615 3767 rat,
646 3702 829 3754 dicens
865 3695 1362 3764 :Quemadmodum
1406 3696 1450 3748 si
1505 3697 1655 3762 homo
1695 3699 1972 3767 projeem':
2003 3715 2085 3753 δε-

506 3810 624 3848 men
661 3793 715 3845 in
743 3800 959 3854 terram,
997 3797 1046 3843 et
1077 3788 1329 3849 dormiat,
1361 3796 1408 3839 et
1435 3796 1683 3855 exsurgat
1716 3798 1862 3840 nocte
1896 3801 1944 3841 et
1975 3791 2082 3854 die,

507 3898 558 3941 et
583 3901 756 3937 senisu
786 3891 987 3950 surgat,
1019 3891 1066 3934 et
1111 3884 1390 3941 increscat,
1425 3883 1550 3933 dum
1585 3878 1742 3931 nescit
1770 3881 1900 3948 ipse.
1932 3877 2084 3934 Ultro

510 3977 646 4031 enini
692 3987 832 4028 terra
869 3974 1158 4044 fructi/ient
1201 3974 1428 4042 primum
1467 3974 1704 4036 herbam,
1741 3972 1931 4026 deinde
1975 3975 2084 4041 spi-

509 4087 646 4134 cam,
682 4070 867 4124 deinde
889 4069 1095 4138 plenum
1117 4067 1437 4136 frumentum
1465 4067 1517 4118 in
1546 4067 1693 4132 spica
1712 4064 1775 4118 “.
1810 4063 2082 4122 Germiuet

510 4176 652 4217 terra
688 4163 920 4215 herbam.
961 4159 1020 4212 lu
1066 4160 1291 4212 minimo
1319 4161 1481 4212 etiam
1516 4157 1778 4225 temporis
1806 4168 2085 4212 momento

511 4273 539 4309 a
575 4254 972 4324 germinatione
1022 4265 1216 4306 exorsa
1271 4258 1434 4316 terra,
1488 4261 1546 4304 ut
1572 4248 1888 4304 Conditoris
1943 4249 2088 4321 leges

506 4356 775 4410 servaret,
810 4361 906 4415 per
945 4359 1161 4399 omnem
1206 4342 1530 4397 accretionis
1575 4342 1814 4413 speciem
1864 4355 2087 4410 progre-

511 4441 683 4502 diens,
723 4438 1004 4492 confestim
1040 4438 1284 4507 germina
1324 4435 1543 4488 deduxit
1572 4438 1637 4488 ad
1661 4433 2081 4504 perfectionem.

2187 3335 2430 3404 γνύντων
2474 3335 2532 3387 δὲ
2569 3336 2794 3399 ἑαυτοὺς
2829 3337 2939 3406 (ιῖ)
2980 3337 3059 3407 τῷ
3100 3337 3395 3405 ὑγιαίνοντι
3431 3335 3646 3406 σώματι
3675 3335 3778 3405 τῆς

2200 3425 2547 3498 Ἑκκλησίας,
2609 3425 2675 3478 ἵν’
2729 3427 2794 3478 ὲκ
2841 3426 2935 3479 τοῦ
2978 3425 3218 3495 ἀφανοῦς
3257 3426 3357 3489 τὰς
3403 3428 3532 3496 παρ’
3564 3425 3780 3480 ἑαυτῶν

2188 3517 2390 3591 βλάϐας
2422 3519 2534 3582 τοῖς
2554 3515 2959 3588 άκεραιοτέροις
2989 3515 3320 3588 ἐμϐάλωσιν.
3356 3516 3496 3586 Ἤδη
3527 3517 3584 3569 δὲ
3614 3520 3644 3570 ό
3669 3517 3781 3572 K6-

2187 3629 2302 3682 ριος
2329 3612 2422 3664 καὶ¹
2452 3610 2551 3682 τὴν
2583 3609 2860 3664 τελείωσιν
2885 3607 2996 3662 τῶν
3025 3609 3106 3671 είς
3136 3608 3298 3662 αὐτὸν
3332 3609 3780 3664 πεπιστευκότων

2185 3708 2252 3775 τῇ
2286 3703 2393 3756 τῶν
2429 3703 2758 3776 σπερμάτων
2788 3703 3012 3774 αὐξήσει
3054 3702 3401 3774 παρεικάζει,
3429 3702 3604 3773 λέγων
3626 3718 3644 3736 ο
3683 3703 3780 3769 Ὠς

2189 3795 2334 3849 ὅταν
2385 3793 2696 3863 ἄνθρωπος
2739 3793 2907 3862 ,βάλῃ
2951 3793 3060 3847 τὸν
3095 3797 3331 3863 σπόρον
3370 3794 3470 3847 ἐπὶ
3497 3794 3610 3861 τῆς
3639 3793 3777 3864 τῆς,

2187 3888 2286 3942 καὶ
2332 3886 2615 3956 καθεύδῃ,
2661 3886 2762 3939 καὶ
2811 3886 3109 3954 ἐγείρηται
3148 3887 3339 3941 νύκτα
3388 3886 3486 3938 καὶ
3520 3885 3777 3954 ἡμέραν,

2187 3981 2286 4036 καὶ
2325 3983 2358 4035 ὁ
2389 3979 2616 4047 σπόρος
2647 3978 2963 4048 ἐγείρηται,
3013 3977 3111 4028 καὶ
3148 3977 3508 4043 μηκύνηται,
3552 3976 3632 4043 ὡς
3665 3979 3780 4032 οὐκ

2187 4069 2352 4127 οἶδεν
2401 4071 2604 4134 αὑτός.
2657 4067 2972 4136 Δὺτομὰτη
3019 4067 3130 4135 γὰρ
3184 4069 3224 4135 ἡ
3279 4067 3358 4138 τῆ
3408 4071 3786 4141 καρποφορεῖ

2187 4163 2424 4232 πρῶτον
2446 4163 2683 4231 χόρτον,
2717 4155 2845 4213 εἶτα
2881 4157 3139 4229 στάχυν,
3183 4155 3311 4214 εἷτα
3351 4164 3556 4234 πλήρη
3602 4163 3780 4217 σῖτον

2185 4255 2256 4309 ἐν
2291 4251 2370 4319 τῷ
2394 4251 2633 4320 στάχυϊ.
2661 4250 3070 4320 Βλαστησάτω
3095 4254 3132 4322 ἠ
3163 4252 3238 4322 τῆ
3254 4250 3550 4320 βοτάνην.
3584 4253 3694 4307 Καὶ
3717 4254 3780 4308 ἑν

2188 4345 2450 4417 ὰκαριαίᾳ
2477 4344 2668 4415 χρόνου
2697 4346 2834 4415 ῥοπῇ
2869 4344 2976 4397 ἀπὸ
2990 4345 3092 4414 τῆς
3124 4344 3469 4416 βλαστήσεως
3491 4343 3775 4417 ἀρξαμένη

2191 4440 2224 4509 ἠ
2251 4439 2342 4509 γῆς
2377 4439 2462 4490 ἵνα
2501 4435 2714 4506 φυλάξῃ
2741 4436 2868 4497 τοὺς
2895 4435 3092 4503 νόμους
3133 4435 3227 4488 τοῦ
3263 4435 3566 4499 κτίσαντος,
3593 4437 3778 4491 πᾶσαν

509 4530 685 4593 Atque
719 4539 868 4597 prata
897 4529 1106 4597 quidem
1139 4530 1246 4583 feni
1278 4527 1434 4595 cOpia
1485 4536 1642 4584 erant
1689 4528 1976 4597 depressa;
2011 4544 2073 4582 ac

2182 4534 2325 4588 ἰδέαν
2371 4528 2652 4600 αὐξήσεως
2693 4525 3060 4588 διεξελθοῦσα,
3101 4525 3262 4591 εὐθὺς
3307 4525 3442 4596 πρὸς
3479 4527 3541 4580 τὸ
3567 4528 3776 4584 τέλειον

582 4625 626 4655 ⁵⁸
654 4623 733 4676 Ma
745 4639 820 4677 re.
844 4637 919 4686 Iv,
951 4620 1138 4676 26-28.

581 4720 693 4790 (57)
727 4717 856 4790 Reg.
885 4719 1086 4790 primus
1111 4726 1164 4790 et
1209 4715 1360 4790 golb.
1391 4714 1659 4770 secundus
1686 4715 1818 4787 ἡμῖν
1860 4721 2082 4776 τελειω-

509 4784 690 4859 θῆναι,
747 4784 940 4841 lbi—dem
993 4787 1165 4859 editio
1206 4784 1367 4859 Basii.
1428 4800 1550 4859 cut_n
1602 4784 1788 4859 inultis
1830 4793 2075 4846 ntss.?v1

512 4854 590 4912 τό.
627 4859 790 4912 Abest
815 4859 1070 4911 articulus
1121 4858 1188 4910 ab
1221 4855 1459 4926 editione
1495 4854 1666 4926 Paris.
1725 4857 1833 4911 Hoc
1875 4861 1990 4926 ipso
2022 4866 2075 4917 in

511 4929 629 4983 loco
660 4928 807 4996 Regii
849 4938 1031 4982 sextus
1061 4936 1116 4981 et
1139 4936 1358 4996 octavus
1392 4925 1750 4996 διδασκάλων,
1778 4925 1914 4984 Editi
1954 4949 2075 4986 cum

553 4993 829 5054 uibusdatn
878 4998 997 5051 aliis
1062 5012 1188 5050 mss.
1220 4993 1610 5058 διδασκαλεῖον,
1663 5012 1764 5051 nou
1800 5000 1870 5050 ita
1905 5014 2071 5057 recte.

509 5015 829 5122 qlttIDtIStlatn
878 5015 997 5051 allts
1062 5015 1188 5050 mss.
1220 5015 1610 5058 οιοασκαλειον,
1663 5015 1764 5051 11011
1801 5015 1870 5050 Ita
1905 5015 2071 5057 recte.

511 5071 529 5124 Ι
563 5086 623 5122 oc
651 5072 794 5122 enim
823 5083 1014 5122 nomen
1049 5068 1308 5125 scholam,
1339 5065 1390 5118 in
1421 5081 1523 5130 qua
1549 5065 1801 5132 juventus
1827 5069 2072 5135 docetur,

513 5141 726 5206 proprie
761 5139 1254 5206 siguitieat:quam
1305 5137 1575 5189 notionem
1626 5135 1746 5188 huic
1806 5138 1920 5194 loco
1968 5157 2074 5196 non

515 5210 650 5261 belle
678 5210 965 5262 convenire
991 5209 1190 5269 vident,
1223 5214 1280 5258 ut
1305 5208 1514 5272 opinor,
1541 5219 1750 5258 omnes.

585 5278 696 5346 (58)
723 5277 893 5332 Editio
925 5277 1088 5329 Basil.
1118 5279 1238 5346 eum
1287 5277 1468 5346 multis
1497 5290 1628 5329 mss.
1661 5277 1844 5346 φησίν.
1899 5278 2074 5335 ΕιΙίιίο

514 5345 683 5402 Paris.
718 5350 899 5417 φασίν.
935 5348 1150 5400 Monere
1195 5345 1344 5417 libet,
1399 5345 1546 5409 illud,
1575 5345 1755 5417 φασίν,
1793 5349 2073 5404 rarissime

515 5419 702 5491 legiAin
732 5415 983 5491 fantiqnis
1012 5416 1296 5491 tuss.,_sed
1336 5429 1549 5491 semper
1579 5415 1938 5491 feret-operiri
1971 5435 2075 5491 φη-

514 5484 590 5542 at:
624 5486 762 5559 Nihil
801 5484 976 5559 tamen
1017 5487 1234 5559 impedit
1263 5486 1551 5556 quominus
1579 5484 1726 5550 illttd,
1755 5487 1908 5559 φησί,
1944 5484 2071 5557 pos'-

511 5562 582 5613 sit
614 5558 773 5622 verti,
829 5558 997 5621 aiunt,
1033 5557 1295 5624 inquiunt,
1351 5570 1474 5609 cum
1533 5571 1639 5608 non
1700 5557 1825 5612 raro
1878 5573 2073 5614 nomen

510 5630 849 5683 collectivum
895 5630 965 5682 sit
1009 5625 1535 5694 subintelligcndum.
1573 5625 1809 5695 Exempli
1868 5643 2076 5683 causa:

514 5700 676 5752 Secta
709 5698 1150 5768 philosophorum
1183 5699 1278 5760 ait,
1303 5709 1407 5768 aut_
1428 5698 1597 5748 aiunt.
1625 5694 1776 5759 Quod
1813 5714 1933 5751 cum
1974 5715 2079 5752 non

514 5765 1004 5822 animadverterent
1067 5769 1301 5820 editores
1382 5765 1751 5829 Parisienses,
1836 5769 2083 5821 videntur

515 5838 682 5892 llarte
733 5839 952 5908 proprio
1003 5848 1190 5892 contra
1254 5835 1411 5890 Iidem
1454 5851 1582 5889 mss.
1639 5836 1801 5904 φησίν
1833 5838 1883 5891 in
1921 5837 2084 5904 φασίν

2191 4717 2388 4787 smpius
2418 4719 2778 4787 permutasse.
2827 4708 3040 4787 quoties
3083 4707 3334 4787 videlicet
3367 4723 3557 4787 sensus
3586 4727 3776 4787 nume-

2195 4777 2312 4845 rum
2351 4777 2707 4838 multitudinis
2737 4777 3063 4848 postulabat.
3089 4780 3160 4832 De
3189 4778 3272 4833 bis
3295 4781 3463 4833 semel
3494 4783 3777 4840 monuisse

2192 4860 2323 4917 satis
2377 4853 2466 4907 sit.
2529 4847 2764 4918 Tempus
2821 4849 2960 4902 male
3015 4847 3191 4902 locare
3244 4850 3674 4919 arbitrarentuq,
3722 4855 3771 4908 si

2193 4931 2449 4992 deinceps
2476 4920 2738 4975 editorum
2766 4926 2818 4972 et
2843 4919 3089 4972 codicum
3132 4933 3262 4973 mss.
3299 4920 3442 4992 eain
3479 4936 3537 4972 re
3567 4921 3776 4992 discre-

2197 4989 2436 5070 pantiam
2461 4998 2718 5070 accurate
2739 4997 3068 5052 notaremus,
3101 5001 3226 5043 cum
3265 4989 3394 5043 nihil
3423 4991 3638 5043 intersit
3666 4992 3772 5048 hoc

2192 5059 2258 5122 an
2292 5066 2379 5117 illo
2409 5061 2564 5116 modo
2589 5059 2814 5129 legatur.

2262 5134 2374 5207 (59)
2408 5126 2688 5207 §ic_mss.'_
2703 5129 2945 5207 plerique
2965 5141 3187 5207 omnes.
3205 5129 3388 5207 Editio
3421 5126 3595 5183 Paris,
3625 5131 3772 5185 ἀπέ-

2179 5194 2304 5260 θετο
2339 5194 2618 5255 τοῦεῖναι.
2649 5194 2824 5254 Editio
2854 5197 3019 5250 Basil.
3052 5199 3287 5252 ἀπέθετο
3323 5194 3485 5250 εἶναι.

2253 5275 2368 5347 (40)
2394 5273 2465 5347 Ita
2496 5272 2734 5347 quinque
2767 5284 2897 5347 mss.
2933 5265 3076 5322 Editi
3106 5284 3233 5323 vero
3257 5269 3594 5347 utsic-xuigz
3628 5270 3770 5347 _Am-

2183 5339 2398 5402 brosius
2423 5343 2498 5396 sic
2518 5339 2594 5392 ’ad
2625 5339 2848 5392 verbum
2879 5339 3271 5408 interpretatur
3302 5355 3316 5391 :
3346 5339 3406 5392 Si
3441 5353 3530 5392 aut
3564 5340 3767 5408 [rigore

2179 5419 2479 5469 adurantur
2508 5428 2525 5466 :
2561 5410 2612 5461 in
2639 5423 2745 5476 quo
2777 5408 2990 5462 videtur
3015 5408 3325 5479 ,Virgilium
3377 5410 3644 5474 imitatus,
3674 5411 3769 5478 qui

2181 5502 2194 5540 t
2221 5484 2406 5552 Georg.
2441 5480 2738 5552 scripserat
2759 5515 2775 5539 ,

2335 5548 2436 5606 A'ut
2476 5549 2654 5601 Bome
2680 5548 2994 5615 penetrabile
3021 5551 3188 5618 frigus
3221 5549 3434 5604 adurat.

2189 5624 2387 5679 Ibidem
2422 5621 2550 5686 Reg.
2583 5620 2788 5691 primus
2814 5619 2893 5691 εἰς
2926 5619 3140 5691 έτέραν.

2263 5693 2373 5762 (41)
2400 5687 2678 5762 Sic_etl_i_tio
2707 5686 2866 5762 Basil.
2889 5686 3030 5744 eutn'
3049 5687 3230 5762 multis
3252 5705 3381 5762 mss.
3437 5688 3616 5762 Editio
3658 5687 3768 5744 Pa-

2196 5757 2290 5819 ris".
2329 5757 2394 5814 ἐκ
2423 5758 2536 5812 τοῦ.
2572 5757 2687 5810 Mox
2725 5757 2881 5811 Colb.
2928 5759 3194 5815 secundus
3231 5761 3416 5812 εἰκόνα
3448 5760 3617 5830 δηλοῖ.

2269 5832 2378 5901 (t2)
2403 5831 2478 5882 Ita
2504 5838 2736 5896 quatuor
2759 5842 2890 5882 mss.
2925 5830 3060 5885 Editi
3085 5839 3139 5883 et
3165 5845 3303 5885 unus
3339 5845 3444 5889 ms.
3471 5832 3694 5897 αὐτούς.
