4062 6442
318 363 423 418 105

1445 375 1728 430 llOMllJA
1779 377 1818 430 V
1861 374 1925 428 IN
1963 375 2457 432 llEXAEMERON.

3459 371 3561 426 106

314 478 490 549 ἤγαγε
535 481 601 533 τὰ
645 480 1016 551 βλαστήματα.
1059 486 1169 538 Καὶ
1201 486 1461 557 λειμῶνες
1509 487 1763 560 μὲνῆσαν
1804 492 1895 561 βα-

2007 490 2202 544 rertiles
2236 494 2434 560 campi,
2483 491 2750 557 segetibus
2783 488 3195 551 horrcscenlcs,
3243 485 3416 555 pelagi
3467 483 3569 538 ilu—

317 568 429 635 Oe‘t;
472 573 535 643 τῇ
567 571 795 643 ἀφθονίᾳ
840 574 934 628 τοῦ
975 579 1187 648 χόρτου,
1231 579 1337 630 τῶν
1368 579 1424 632 δὲ
1460 581 1654 633 πεδίων
1692 582 1760 635 τὰ
1801 582 1888 634 εῦ-

318 678 504 733 καρπα
547 662 839 732 φρίσσοντα
884 671 995 730 τοῖς
1036 667 1206 735 ληίοις
1241 670 1375 740 (45),
1411 670 1594 722 εἰκόνα
1621 670 1889 740 πελάγους

317 754 670 825 κυμαίνοντος
706 755 762 810 ὲν
805 762 870 830 τῇ
899 760 1106 828 κινήσει
1145 762 1251 815 τῶν
1302 762 1586 833 ἀσταχύων
1619 763 1886 828 ἀπέσωζε.

321 848 475 900 Πᾶσα
507 845 560 898 δὲ
593 845 788 922 βοτάνη
819 853 911 904 καὶ
940 852 1046 903 πᾶν
1075 851 1377 925 λαχανηρὸν
1419 854 1592 921 γένος,
1630 854 1722 906 καὶ
1766 857 1892 909 εἴτι

323 940 379 989 ἐν
428 939 741 1007 φρυγάνοις,
801 943 890 995 καὶ
938 941 992 993 ετ
1044 961 1096 997 τι
1136 949 1192 998 ὲν
1228 944 1490 1014 ὀσπρίοις,
1531 947 1671 1001 κατά
1717 949 1893 1002 πᾶσαν

322 1028 580 1097 ἀφθονίαν
626 1034 745 1086 τότε
801 1034 899 1103 τῆς
943 1036 1043 1107 γῆς
1093 1037 1398 1106 ὑπερεῖχεν.
1436 1039 1567 1093 Οὐδὲ
1613 1041 1720 1113 γάρ
1761 1043 1896 1094 ἁπό-

321 1123 533 1192 τευγμά
564 1140 616 1174 τι
651 1118 717 1191 ἦν
752 1121 810 1174 ὲν
842 1127 954 1186 τοῖς
983 1125 1100 1176 τότε
1129 1125 1526 1198 προδληθείσιν,
1567 1130 1689 1183 οὗτε
1726 1149 1898 1202 γεωρ-

323 1211 437 1279 γῶν
479 1212 751 1282 ἀπειρίας,
808 1213 930 1266 οὔτε
975 1216 1152 1286 ἀέρων
1198 1219 1545 1292 δυσκρασίας,
1588 1220 1710 1272 οὔτε
1756 1222 1899 1285 τινὸς

323 1303 488 1374 ἄλλης
521 1304 699 1367 αἰτίας
738 1309 848 1368 τοῖς
887 1307 1186 1377 γινομένοις
1225 1310 1643 1382 λυμαινομένης.
1691 1312 1763 1364 Οὐ
1795 1313 1900 1382 μὴν

321 1394 444 1447 οὐδὲ
495 1394 526 1463 ἡ
587 1393 851 1466 καταδίκη
900 1398 1173 1463 ὲνεπόδιζε
1232 1405 1298 1470 τῇ
1353 1399 1576 1472 εὐθηνίᾳ
1629 1401 1728 1470 τῆς
1773 1403 1896 1470 γῆς.

326 1482 676 1556 Πρεσϐύτερα
706 1488 814 1558 γὰρ
839 1488 1007 1541 ταῦτα
1032 1492 1128 1561 τῆς
1163 1492 1451 1561 ἁμαρτίας,
1477 1493 1542 1544 δι’
1567 1493 1632 1561 ἢν
1659 1492 1905 1561 κατεκρί-

327 1573 500 1642 θημεν
559 1578 617 1629 ὲν
661 1577 845 1649 ἰδρῶτι
889 1579 984 1632 τοῦ
1033 1578 1322 1649 προσώπου
1373 1582 1526 1652 ἡμῶν
1576 1580 1775 1634 ἐσθίειν
1814 1581 1904 1633 τὸν

330 1664 514 1736 ἄρτον.

398 1759 449 1812 6.
499 1759 657 1810 Ἀλλά
693 1758 801 1813 Kal
847 1761 1038 1824 ξύλον
1086 1763 1405 1833 κάρπιμον,
1478 1769 1630 1838 φησὶ,
1689 1767 1905 1822 ποιοῦν

1992 583 2224 636 ctuantis
2251 583 2538 653 imaginem
2567 599 2662 649 per
2687 585 2960 650 spicarum
2986 592 3184 634 motum
3213 587 3569 646 repracsenta-

1993 681 2141 726 runt.
2181 671 2372 725 Umnis
2400 682 2580 724 autem
2625 671 2812 734 herba,
2838 685 2901 723 ac
2937 681 3096 720 omne
3124 667 3431 720 oleraceum
3471 677 3566 731 ge-

1993 780 2116 827 nus,
2140 774 2190 818 et
2227 764 2272 817 si
2303 764 2428 830 quid
2457 765 2508 816 ιιι
2545 761 2828 816 fruticibus
2875 769 2970 815 aut
3015 759 3067 812 in
3099 756 3458 824 leguminibus
3485 769 3572 806 re-

1995 857 2226 922 peritur,
2257 856 2406 909 ornui
2442 870 2563 909 cum
2589 863 2837 908 ubertate
2862 865 2987 908 tunc
3019 865 3181 919 supra
3205 861 3404 902 terram
3439 845 3572 901 enti-

1997 946 2178 1000 cabat.
2219 945 2403 1014 Neque
2444 947 2586 999 enim
2637 943 2823 999 infelix
2853 941 2992 996 ullus
3026 953 3314 996 successus
3346 940 3410 991 iis
3439 954 3560 1006 qua:

2002 1046 2127 1089 tunc
2162 1035 2622 1103 producebantur,
2658 1043 2776 1088 erat
2825 1030 3286 1093 extimescendus,
3321 1041 3444 1080 cum
3475 1043 3570 1080 tte-

1999 1142 2104 1195 que
2132 1127 2490 1197 agricolarum
2512 1127 2805 1194 imperitia,
2832 1137 3008 1192 neque
3028 1124 3172 1176 aeris
3200 1116 3568 1185 intemperies,

2003 1233 2176 1287 neque
2209 1219 2312 1272 alia
2358 1217 2464 1270 ulla
2508 1231 2672 1269 causa
2714 1215 2876 1268 rebus
2928 1213 3276 1266 nascentibus
3330 1217 3570 1264 noceret.

2005 1308 2202 1363 Verum
2227 1310 2370 1362 enim
2396 1323 2525 1360 vero
2551 1304 2948 1360 damnatorium
2979 1300 3238 1371 judicium
3272 1311 3382 1355 tum
3410 1300 3578 1365 impe-

2004 1402 2243 1454 dimento
2289 1415 2393 1453 non
2433 1409 2554 1453 erat
2594 1398 2803 1452 telluris
2851 1395 3145 1450 fertilitati.
3188 1392 3380 1446 lstbtec
3422 1391 3575 1446 enim

2006 1493 2313 1561 antiquiora
2345 1501 2470 1544 sunt
2497 1503 2738 1558 peccatu,
2774 1489 2928 1557 cujus
2954 1487 3126 1554 gratia
3163 1485 3230 1538 ad
3258 1485 3358 1536 hoc
3387 1493 3575 1537 sumus

2005 1582 2270 1646 damnati,
2299 1591 2354 1634 ut
2378 1595 2571 1648 panem
2614 1581 2664 1633 itt
2691 1581 2884 1633 sudore
2909 1577 3082 1632 nostri
3110 1577 3288 1630 vultus
3317 1575 3569 1630 comeda-

2006 1690 2127 1727 mus
2149 1673 2216 1727 ⁸⁷.

2078 1764 2132 1819 6.
2175 1763 2280 1817 Sed
2317 1761 2380 1815 Et
2409 1762 2606 1832 lignum
2631 1761 2982 1830 frnctiferum,
3008 1759 3204 1828 inquit,
3242 1757 3439 1826 faciens
3460 1754 3575 1823 {ru-

328 1848 575 1916 καρπὸν,
603 1846 673 1905 οὗ
705 1849 769 1903 τὸ
798 1849 1038 1921 σπέρμα
1065 1854 1252 1908 αὑτοῦ
1273 1857 1342 1909 ἐν
1364 1856 1525 1922 αὐτῷ
1551 1859 1699 1911 κατὰ
1729 1858 1902 1928 γένος

2007 1869 2168 1921 ctum,
2196 1855 2347 1925 cujus
2369 1872 2539 1909 semen
2559 1854 2670 1923 ejus
2695 1856 2761 1908 sit
2786 1855 2842 1906 in
2867 1854 2978 1921 ipso
3013 1856 3300 1907 secundant
3340 1864 3498 1917 genus
3528 1855 3576 1898 et

328 1941 424 1993 καὶ
468 1943 597 1995 καθ’
641 1943 951 2012 ὁμοιότητα
984 1943 1082 1998 ἐπὶ
1130 1945 1242 2013 τῆς
1280 1946 1410 2015 γῆς.
1468 1948 1590 2000 Ἐπὶ
1624 1949 1796 2017 τούτῳ
1827 1949 1904 2016 τῷ

331 2032 531 2102 ῥήματι
575 2035 744 2086 πᾶσαι
774 2035 872 2104 μὲν
906 2035 1101 2106 λόχμαι
1131 2036 1563 2089 κατεπυκνοῦντο
1584 2055 1596 2066 ο
1638 2039 1818 2091 πάντα
1849 2038 1906 2090 δὲ

328 2121 582 2195 ἀνέτρεχε
627 2125 841 2197 δένδρα,
889 2127 957 2179 τά
991 2145 1050 2180 τε
1096 2127 1232 2199 πρὸς
1280 2130 1542 2201 μήκιστον
1592 2129 1725 2200 ῦψος
1763 2130 1907 2182 διαν-

331 2210 579 2266 ίστασθαι
620 2214 730 2285 (44)
775 2217 1074 2284 πεφυκότα,
1121 2218 1307 2271 ἐλάται
1334 2219 1427 2272 κα)¹
1448 2221 1650 2292 κέδροι,
1685 2220 1780 2272 καὶ
1813 2237 1908 2272 κυ-

330 2305 607 2377 πάρισσοι,
643 2307 734 2360 καὶ
768 2307 967 2360 πεῦκαι
987 2325 1000 2338 ·
1039 2309 1237 2373 πάντες
1271 2309 1327 2362 δὲ
1359 2309 1550 2380 θάμνοι
1581 2310 1742 2372 εὐθὺς
1771 2305 1907 2380 ἦσαν

333 2398 639 2470 ἀμφίκομοι
685 2401 779 2453 κα)⁵
833 2401 1045 2465 δασεῖς·
1092 2403 1183 2455 καὶ
1215 2401 1283 2455 τὰ
1319 2402 1768 2474 στεφανωματικὰ
1819 2403 1907 2454 λε-

330 2489 536 2558 γόμενα
557 2490 665 2544 τῶν
694 2493 892 2560 φυτῶν,
919 2495 1053 2546 αἵτε
1078 2494 1364 2564 ρωδωνιαὶ,
1391 2495 1484 2548 καὶ
1511 2496 1790 2568 μυρσίναι,
1813 2497 1907 2550 καὶ

330 2579 544 2648 δάφναι,
583 2583 757 2636 πάντα
805 2586 860 2634 ἐν
906 2587 1003 2655 μία
1041 2586 1232 2656 καιροῦ
1271 2589 1432 2656 ῥοπῇ,
1486 2589 1586 2640 οὐκ
1619 2589 1747 2642 ὄντα
1778 2591 1909 2661 πρό-

329 2686 487 2741 τερον
533 2673 670 2742 ὑπὲρ
699 2674 796 2743 τῆς
826 2675 947 2742 γῆς,
983 2677 1062 2738 εἰς
1091 2677 1150 2728 τὸ
1185 2672 1320 2729 εἶναι
1349 2676 1593 2748 παρῆλθε
1624 2679 1734 2748 (45)
1776 2683 1910 2749 μετά

331 2761 433 2830 τῆς
457 2763 659 2826 οἰκείας
681 2763 908 2818 ἕκαστον
935 2766 1211 2837 ἰδιότητος,
1233 2768 1655 2839 ἐναργεστάταις
1682 2771 1778 2840 μὲν
1799 2770 1912 2822 δια-

335 2857 527 2926 φοραῖς
557 2856 664 2909 ἀπὸ
706 2857 814 2909 τῶν
844 2859 1173 2930 ἑτερογενῶν
1222 2862 1582 2932 χωριζόμενα,
1629 2863 1813 2933 οἰκείῳ
1855 2862 1910 2916 δὲ

332 2943 559 3000 ἕκαστον
581 2949 975 3021 γνωριζόμενον
1005 2953 1330 3023 χαρακτῆρι.
1361 2953 1507 3022 Πλήν
1545 2971 1607 3022 γε
1634 2955 1714 3007 ὅτι
1741 2954 1799 3007 τὸ
1821 2955 1910 3025 ρό-

335 3034 423 3088 δον
465 3036 572 3105 (46)
606 3038 725 3090 τότε
757 3039 881 3091 ἄνευ
917 3040 1156 3110 ἀκάνθης
1181 3037 1269 3111 ἧν,
1298 3041 1596 3113 ὕστερονδὲ
1629 3043 1704 3112 τῷ
1729 3044 1911 3096 κάλλει

334 3123 428 3177 τοῦ
470 3124 661 3188 ἄνθους
712 3128 743 3196 ή
789 3129 997 3180 ἄκανθα
1047 3128 1417 3200 παρεζεύχθη,
1455 3130 1542 3183 ἵνα
1586 3130 1663 3200 τῷ
1695 3131 1909 3201 τερπνῷ

333 3215 434 3285 τῆς
471 3217 821 3281 ἀπολαύσεως
865 3219 1093 3287 ἐγγύθεν
1125 3219 1337 3290 ἔχωμεν
1371 3220 1780 3292 παρακειμένην
1811 3221 1908 3291 τὴν

335 3309 530 3380 λύπην,
567 3311 902 3382 μεμνημένοι
938 3312 1033 3382 τῆς
1053 3312 1344 3382 ἁμαρτίας,
1375 3312 1440 3365 δι’
1460 3314 1522 3384 ἣν
1549 3314 1788 3376 ἀκάνθας
1819 3315 1910 3366 καὶ

2007 1949 2291 2000 secundum
2325 1947 2728 2000 similitudinem
2777 1959 2933 2011 super
2981 1954 3174 1996 terram
3200 1942 3265 1994 ⁸⁸.
3300 1940 3442 1994 Sane
3477 1941 3579 1991 hoc

2011 2042 2174 2092 verbo
2202 2039 2568 2092 densabantur
2595 2053 2813 2092 nemora
2841 2036 3020 2090 omnia
3040 2053 3053 2101 ;
3073 2037 3373 2103 omnesque
3399 2046 3578 2085 emer-

2009 2144 2130 2182 sere
2161 2129 2402 2190 arbores,
2432 2143 2549 2196 qua:
2587 2130 2793 2184 scilicet
2845 2131 2897 2182 in
2932 2126 3302 2197 longissimam
3336 2122 3580 2176 altitudi-

2011 2238 2132 2276 nem
2169 2235 2464 2289 exsurgere
2493 2217 2690 2278 solcnt.
2731 2221 2956 2284 abietes,
3005 2219 3174 2283 cedri,
3207 2213 3476 2286 cupressi,
3503 2215 3577 2280 pi-

2012 2326 2115 2362 cea:
2145 2328 2157 2362 :
2188 2313 2338 2374 item,
2370 2311 2593 2364 frutices
2622 2325 2810 2364 omnes
2847 2311 2994 2364 illico
3042 2310 3239 2364 comati
3297 2309 3494 2362 fiebant
3525 2313 3582 2358 et

2013 2400 2190 2454 densi.
2230 2399 2487 2455 Prodiere
2531 2403 2696 2455 etiam
2745 2401 2941 2468 planta:
2975 2415 3092 2468 qua:
3129 2401 3379 2452 dicuntur
3418 2412 3578 2451 coro-

2012 2493 2199 2557 nariae,
2239 2501 2438 2554 roseta,
2495 2494 2651 2561 myrti
2693 2505 2748 2546 et
2784 2492 2948 2545 lauri.
3014 2491 3206 2545 Omnia
3277 2503 3395 2556 quae
3434 2487 3583 2555 prius

2009 2602 2170 2654 super
2195 2595 2393 2639 terram
2429 2599 2535 2638 non
2573 2584 2882 2648 exstabant,
2915 2585 2969 2636 in
3007 2599 3112 2637 uno
3159 2583 3412 2649 temporis
3445 2594 3582 2647 pun-

2011 2689 2099 2732 cto
2144 2694 2208 2731 eo
2255 2680 2521 2732 devenere
2575 2685 2632 2728 ut
2671 2685 2873 2741 essent,
2908 2691 3028 2729 cum
3059 2691 3152 2726 sua
3189 2687 3413 2741 quisque
3452 2686 3578 2738 pro-

2012 2769 2260 2836 prietate,
2300 2767 2752 2821 manifestissimis
2777 2767 2991 2834 quidem
3019 2763 3126 2834 45
3162 2762 3476 2817 ditferentiis
3503 2760 3580 2814 "ab

2016 2858 2080 2912 iis
2114 2874 2232 2926 qua:
2277 2858 2476 2910 diversi
2521 2860 2736 2926 generis
2783 2867 2930 2922 sunt,
2965 2859 3220 2918 discreta,
3253 2854 3460 2924 singula
3503 2864 3582 2905 ta-

2013 2966 2134 3005 men
2168 2951 2383 3020 propriu
2413 2952 2732 3005 charactere
2765 2951 3042 3020 insignita.
3081 2949 3276 3004 Verum
3307 2964 3426 3000 rosa
3457 2957 3583 2999 tunc

2010 3043 2130 3098 sine
2185 3043 2338 3112 spina
2374 3051 2511 3105 erat,
2573 3053 2754 3108 postea
2811 3059 2938 3096 vero
2983 3042 3134 3094 floris
3193 3037 3582 3107 pulchritudini

2014 3137 2111 3191 fuit
2135 3136 2282 3205 spina
2313 3133 2587 3203 adjuncta,
2621 3145 2674 3188 ut
2707 3133 2948 3188 fruenda:
2983 3132 3238 3200 voluptati
3266 3130 3404 3184 foret
3429 3129 3584 3180 dolor

2015 3229 2317 3298 contiguus,
2349 3230 2473 3282 dum
2528 3230 2940 3283 recordaremur
2983 3225 3211 3294 peccati,
3236 3222 3390 3290 Cujus
3417 3235 3580 3274 causa

2012 3320 2076 3373 ad
2111 3321 2214 3374 hoc
2251 3321 2502 3373 damnata
2553 3330 2696 3372 terra
2728 3330 2833 3382 est,
2869 3327 2926 3370 ut
2969 3317 3123 3369 nobis
3159 3315 3344 3382 spinas
3374 3313 3578 3380 profer-

335 3403 613 3473 τρισόλους
646 3405 774 3475 ἠμίν
802 3404 1110 3458 ἀνατέλλειν
1152 3404 1510 3475 κατεδικάσθη
1551 3407 1583 3476 ἠ
1618 3407 1709 3478 γῆ.
1752 3405 1902 3458 Ἀλλά

2011 3423 2092 3468 ret
2122 3422 2282 3480 atque
2315 3412 2541 3465 tribulos
2565 3411 2628 3464 ‘°.
2667 3410 2796 3474 Sed,
2831 3410 3099 3477 inquiunt,
3133 3408 3286 3476 jussa
3320 3415 3418 3484 est‘
3436 3416 3577 3456 terra

336 3495 696 3564 προσετάχθη,
743 3497 893 3566 φησι,
935 3497 1134 3550 Ξύλον
1172 3495 1488 3566 κάρπιμον,
1526 3497 1738 3551 ποιοῦν
1780 3516 1910 3567 καρ-

336 3587 455 3638 πὸν
482 3585 580 3638 ἐπὶ
617 3586 726 3654 τῆς
759 3587 890 3655 γῆς,
922 3585 991 3642 οὗ
1027 3586 1090 3640 τὸ
1123 3587 1358 3657 σπέρμα
1390 3590 1577 3643 αὑτοῦ
1621 3591 1691 3643 ἐν
1728 3589 1904 3657 αὐτῷ,

337 3665 582 3730 ἐκδοῦναι
624 3681 657 3749 ἡ
699 3679 800 3748 γῆ·
835 3679 1002 3731 πολλά
1042 3680 1097 3730 δὲ
1126 3679 1233 3731 τῶν
1271 3681 1498 3752 δένδρων
1544 3682 1755 3752 ὁρῶμεν
1785 3683 1906 3736 οὔτε

337 3771 563 3839 καρποῖς
596 3768 717 3822 οὒτε
742 3769 1011 3840 σπέρματι
1053 3769 1161 3838 (47)
1192 3773 1516 3843 κεχρημένα.
1548 3774 1610 3826 Τί
1635 3770 1723 3827 οῦν
1756 3775 1908 3846 ὲροῦ-

341 3877 441 3931 μεν
465 3879 478 3926 ;
517 3861 639 3913 Ὅτι
664 3861 730 3914 τὰ
759 3861 1058 3934 τιμιώτερα
1083 3865 1147 3932 τῇ
1189 3863 1346 3931 φύσει
1374 3867 1785 3936 προηγουμένης
1813 3868 1908 3937 τῆς

341 3955 559 4024 μνήμης
596 3953 893 4023 τετύχηκεν
916 3971 929 3983 ·
982 3954 1193 4016 ἔπειτα,
1242 3955 1321 4008 ὅτι
1353 3956 1596 4026 ἀκριϐῶς
1625 3957 1911 4028 θεωροῦντι

339 4045 433 4095 καὶ
464 4041 637 4097 πάντα
667 4047 963 4116 φανήσεται
1009 4045 1042 4117 ἢ
1100 4046 1371 4117 σπέρματι
1416 4050 1808 4120 κεχρημένα,ῆ
1845 4051 1912 4104 τά

343 4133 757 4203 ἰσοδυναμοῦντα
789 4139 900 4198 τοῖς
943 4137 1248 4208 σπέρμασιν
1280 4138 1487 4207 ἔχοντα.
1523 4139 1764 4212 Δίγειροι
1804 4144 1910 4215 γάρ

336 4219 435 4275 καὶ
463 4221 615 4287 ἰτέαι,
651 4223 738 4276 καὶ
766 4223 1006 4291 πτελέαι,
1042 4227 1134 4279 καὶ
1162 4226 1370 4292 λεῦκαι,
1407 4228 1500 4280 καὶ
1538 4230 1635 4282 ὅσα
1661 4231 1903 4300 τοιαῦτα,

411 4404 614 4462 "Gen.
645 4420 727 4472 ιιι,
757 4404 840 4461 i9.
918 4407 964 4437 ⁸⁸
989 4406 1123 4462 Gen.
1164 4423 1204 4474 ι,
1240 4408 1325 4464 il.
1404 4409 1447 4442 "
1475 4409 1610 4467 Gen.
1636 4431 1717 4478 ιιι,
1749 4413 1830 4467 18.

412 4609 521 4679 (45)
551 4609 703 4664 Colb.
740 4611 1007 4666 secundus

345 4681 440 4731 bus
465 4683 654 4734 onusti.
686 4680 834 4734 Haud
890 4680 1051 4734 mala
1077 4680 1252 4736 lectio.
1302 4684 1440 4736 Editi
1477 4680 1595 4736 cum
1626 4684 1744 4736 aliis
1772 4680 1901 4738 inss.

347 4748 662 4822 φρίσσοντα,
708 4751 1083 4805 horrescentes.
1144 4752 1235 4807 Sic
1287 4752 1539 4822 Virgilius.
1581 4768 1641 4806 ιιι
1687 4751 1901 4820 Georg..

344 4821 411 4890 βε]
455 4834 469 4870 :
522 4819 840 4890 Ilorrescuut
891 4829 1083 4889 segetes
1125 4831 1171 4874 et
1224 4819 1414 4888 campi.
1470 4824 1548 4875 Ad
1602 4819 1897 4890 marginem

345 4889 480 4960 Reg.
513 4890 666 4960 primi
705 4889 756 4942 in
793 4891 1004 4942 modum
1035 4892 1219 4946 scltolii
1243 4893 1483 4960 apposita
1513 4903 1640 4946 sunt
1674 4894 1759 4943 illa
1790 4910 1801 4943 :
1837 4893 1902 4944 Ἦ

345 4957 775 5032 φρίξις-λέγεται
821 4961 853 5028 ὴ
902 4960 1194 5032 ἀνάστασις
1261 4957 1352 5014 καὶ
1410 4964 1442 5032 ἡ
1498 4961 1766 5031 πυκνότης
1798 4964 1903 5015 τῶν

344 5027 651 5108 ἀσταχύων·
687 5027 890 5082 Horror
942 5031 1137 5084 dicitur
1179 5033 1399 5101 agitatio
1431 5027 1615 5100 'alqtte
1673 5027 1900 5085 densitas

346 5115 628 5162 spicarum.

420 5167 526 5238 (ἰαί)
587 5167 713 5236 Reg.
754 5168 966 5234 quintus
1022 5169 1153 5237 ὕψος
1209 5169 1544 5222 ἀνίστασθαι.
1583 5169 1697 5224 Mox
1737 5170 1898 5225 editio

349 5236 523 5292 Paris.
547 5238 640 5290 καὶ
671 5238 736 5291 τά
764 5240 1009 5293 ταπεινά·
1041 5236 1237 5303 πάντες
1264 5241 1349 5292 δέ·
1385 5241 1475 5293 sed
1507 5239 1652 5303 illud,
1686 5239 1752 5291 τά
1801 5257 1898 5292 τα-

350 5306 530 5369 πεινά,
557 5311 890 5361 desideratur
921 5312 970 5361 in
1010 5312 1244 5364 editione
1281 5310 1440 5363 itasil.
1464 5319 1520 5363 et
1546 5310 1597 5362 in
1629 5322 1749 5362 octo
1766 5325 1894 5364 mss.

350 5377 510 5429 (lotal.
554 5378 812 5448 vetustior
859 5378 1058 5433 πεῦκαι
1100 5381 1192 5433 καὶ
1228 5374 1427 5442 πάντες
1469 5377 1525 5432 δὲ
1577 5377 1804 5448 θάμνοισ
1847 5390 1901 5432 at

353 5446 607 5516 particula
639 5446 732 5500 καί
761 5447 911 5503 deest
939 5452 990 5501 in
1025 5450 1142 5504 aliis
1166 5466 1292 5504 mss.
1327 5446 1675 5516 Suspicamur
1722 5459 1896 5501 autem

353 5515 599 5587 ιιιυιι,τὰ
621 5517 868 5583 ταπεινά,
894 5519 1129 5572 additum
1160 5519 1324 5573 fuisse
1351 5535 1378 5572 a
1405 5515 1780 5587 tjpograpbis,
1811 5531 1901 5572 aut

354 5599 384 5655 ρ
411 5586 707 5655 quibusvis,
752 5601 816 5641 eo
855 5589 1099 5653 consitio,
1143 5597 1200 5640 ut
1249 5586 1531 5641 antithesis
1560 5591 1803 5655 quaedam
1847 5591 1898 5641 in

354 5653 532 5733 Basilii
570 5657 746 5710 verbis
773 5659 1095 5733 reperiretur
1125 5677 1136 5711 :
1168 5659 1259 5733 sed
1293 5653 1895 5733 propterea—quidquam

355 5724 474 5776 addi
513 5739 732 5781 necesse
759 5724 862 5781 non
893 5725 1014 5792 fuit,
1045 5742 1164 5780 cum
1198 5724 1311 5780 sine
1342 5725 1444 5779 ulla
1475 5727 1782 5780 accessione
1808 5743 1896 5779 sa-

353 5792 422 5848 tis
447 5806 706 5864 superque
723 5797 1008 5865 conspicua
1030 5798 1096 5854 sit
1119 5797 1418 5852 antithesis.
1445 5793 1728 5866 Postquam
1753 5800 1894 5852 enim

2008 3504 2306 3575 producere
2349 3501 2570 3572 Lignum
2601 3499 2956 3569 fructiferutn,
2989 3499 3184 3565 faciens
3232 3496 3460 3564 fructum
3490 3509 3580 3545 suo

2007 3614 2097 3666 per
2133 3608 2349 3661 terram,
2382 3598 2534 3660 cuius
2579 3612 2750 3648 semen
2788 3594 2901 3661 ejus
2938 3593 3004 3644 sit
3042 3593 3094 3642 in
3126 3590 3277 3655 ipso;
3306 3597 3360 3640 et
3389 3598 3568 3639 tamen

2008 3687 2310 3756 complures
2348 3689 2573 3739 arbores
2614 3687 2908 3745 cernimus,
2951 3698 3123 3750 neque
3165 3679 3451 3744 fructibus,
3483 3693 3578 3729 ne-

2007 3794 2110 3846 que
2145 3778 2440 3830 seminibus
2486 3777 2757 3842 prwditas.
2787 3774 2924 3840 Quid
2953 3789 3080 3841 ergo
3113 3771 3306 3826 dicturi
3353 3765 3578 3822 sumus?

2010 3869 2162 3934 Quod
2196 3883 2279 3921 res
2309 3882 2428 3934 qua:
2469 3876 2659 3918 natura
2710 3873 2988 3932 pra-stant,
3021 3861 3270 3933 primaria
3305 3859 3579 3913 mentione

2011 3961 2241 4030 dignata:
2271 3969 2394 4013 sunt
2421 3975 2434 4010 :
2469 3959 2682 4022 deinde,
2714 3957 2854 4025 quod
2897 3964 3154 4008 accurate
3199 3947 3574 4006 consideranti

2011 4052 2294 4114 constabit,
2337 4061 2429 4104 aut
2474 4050 2651 4105 omnia
2704 4064 2885 4103 semen
2928 4047 3090 4109 ferre,
3123 4052 3215 4096 aut
3251 4042 3356 4095 vim
3389 4057 3576 4110 quam-

2011 4145 2131 4197 dam
2160 4143 2455 4196 seminibus
2481 4141 2739 4207 aaqualem
2771 4140 2989 4192 habere.
3016 4135 3148 4189 Nam
3171 4135 3348 4204 populi
3384 4136 3570 4201 nigrm,

2015 4235 2226 4300 salices,
2263 4233 2413 4298 ulmi,
2437 4233 2569 4286 albis
2594 4231 2798 4301 populi,
2829 4239 2882 4285 et
2916 4227 3033 4284 alia:
3064 4228 3300 4298 ejusdem
3335 4227 3570 4297 generis,

1043 4611 1294 4684 βρίθοντα
1336 4617 1445 4676 τοῖς
1483 4614 1672 4684 ληίοις,
1713 4616 1902 4682 segeti-

2014 4613 2221 4668 locntus
2256 4611 2586 4684 estBasilius
2615 4611 2680 4664 de
2718 4610 2844 4684 altis
2881 4609 3207 4684 arboribus,_
3244 4608 3426 4661 statim
3464 4607 3567 4684 ⁸Ιυο

2011 4698 2191 4752 qmtur
2215 4685 2279 4737 de
2305 4683 2498 4751 plantis
2531 4680 2853 4742 coronariis,
2903 4694 3128 4752 quarum
3159 4679 3425 4752 pleneque
3460 4677 3572 4730 fere

2012 4746 2206 4820 repunt
2256 4746 2424 4807 humi.
2476 4752 2890 4804 Animadvertas
2953 4749 3108 4802 velim
3171 4749 3319 4820 illud,
3362 4746 3427 4800 τά
3475 4763 3572 4799 τα-

2013 4819 2189 4885 πεινά,
2215 4840 2240 4875 a
2272 4823 2436 4877 veteri
2479 4822 2772 4886 interprete
2803 4819 3041 4885 agnitum
3075 4835 3180 4873 non
3213 4819 3397 4870 fuisse.

2082 4895 2192 4961 (45)
2232 4893 2364 4960 lteg.
2395 4887 2897 4961 εειιιυελπαρῆλθον.
2928 4889 3070 4961 βιηιί
3119 4904 3240 4961 eum
3268 4888 3409 4961 aliis
3440 4903 3567 4961 mss.

2010 4953 2274 5056 παρῇλθε.
2309 4953 2440 5056 Reg.
2480 4953 2770 5021 tertius'el};
2807 4959 2868 5010 τὸ
2901 4953 3038 5010 εἶναι
3076 4956 3349 5056 nugax/01].
3379 4957 3567 5056 Stultitia

2009 5027 2288 5086 editi-cum
2324 5027 2496 5084 tribus
2525 5038 2616 5081 aut
2645 5038 2878 5096 quatuor
2912 5044 3038 5082 mss.
3074 5027 3428 5098 χαριζόμενα.
3462 5029 3566 5080 lie-

2007 5105 2079 5170 gii
2113 5103 2339 5169 priums,
2367 5099 2587 5169 quintus
2633 5108 2687 5150 et
2731 5109 2958 5153 octavus
2988 5097 3109 5153 cum
3150 5097 3301 5152 Colb.
3330 5099 3567 5152 secundo

2004 5172 2376 5243 χαριζόμενον.

2075 5235 2337 5313 (46)’Ὄτι
2361 5237 2429 5313 τὸ
2445 5237 2654 5313 ῥόδον.
2694 5236 2917 5313 Secutus
2933 5247 3022 5313 est
3053 5236 3308 5313 Basilium
3335 5235 3566 5313 Ambro-

2005 5307 2117 5366 sius
2140 5307 2230 5365 lib.
2260 5326 2317 5364 ιιι
2354 5311 2407 5362 in
2435 5307 2711 5372 Heraean,
2749 5323 2864 5374 cap.
2892 5308 2975 5362 Η.
3011 5307 3149 5361 Idem
3192 5308 3348 5360 ducet
3384 5307 3564 5371 Augu-

2003 5384 2180 5435 stinus
2226 5395 2438 5448 quoque
2479 5381 2570 5435 lib.
2608 5394 2621 5431 l
2662 5377 2734 5430 De
2763 5376 2946 5430 Genesi
2993 5389 3179 5448 contra
3221 5374 3558 5448 Manic/twos,

2008 5471 2124 5519 cap.
2179 5445 2260 5504 £5.
2290 5445 2394 5503 Sed
2435 5459 2640 5514 postea,
2687 5457 2737 5501 ut
2801 5457 2950 5519 notat
2991 5445 3251 5519 Dircaeus,
3282 5445 3452 5498 lib.ut
3491 5445 3564 5494 De

2009 5516 2198 5575 Genesi
2273 5519 2340 5573 ad
2392 5519 2642 5583 litteram,
2699 5531 2816 5584 cap.
2877 5516 2963 5578 18,
3025 5517 3345 5570 sententiam
3391 5524 3565 5566 muta-

2010 5598 2105 5645 νιι.

2077 5657 2188 5728 (47)
2225 5657 2371 5714 Colb.
2427 5657 2693 5712 secundus
2726 5653 2848 5728 οὔτε
2917 5656 3227 5728 σπέρμασι.-
3267 5653 3557 5728 Aliquanto

2005 5721 2126 5796 post
2171 5721 2321 5785 'idcm
2385 5731 2555 5784 codex
2613 5743 2732 5780 cum
2798 5725 2932 5792 Reg.
2998 5721 3148 5780 sexto
3201 5724 3233 5792 ἢ
3289 5721 3562 5791 σπέρμασι

2004 5815 2156 5865 κεχρ.
