4062 6434
467 363 570 420 107

1806 360 1862 413 S.
1906 356 2146 411 BASlLll
2187 356 2395 410 M.\GN'

3631 359 3735 415 l08

464 480 706 539 Qruetum
756 481 974 550 quidem
1033 481 1238 536 nullutn
1291 495 1480 549 aperte
1516 478 1712 535 all‘errc
1759 480 2044 543 videntur;

2161 478 2363 546 καρπὸν
2421 479 2518 548 μὲν
2565 477 2756 531 οὐδένα
2796 481 2943 534 δοκεῖ
2993 482 3178 552 φέρειν
3222 486 3287 539 ἐκ
3316 481 3409 536 τοῦ
3445 485 3737 556 προδήλου,

461 573 585 629 inec
629 586 805 628 tamen
851 575 895 627 si
942 574 1065 642 quis
1113 573 1404 642 diligenter
1441 573 1776 641 expenderit,
1812 571 2052 639 singulas

465 665 603 722 imas
637 668 862 721 arbores
908 681 1092 721 semen
1146 666 1346 722 habere
1397 666 1710 732 comperiet.
1762 663 2050 719 Enimvero

466 775 697 829 granum
747 758 878 813 illud
918 761 1067 828 quod
1112 758 1241 814 lolio
1297 760 1600 824 Subjeetum
1653 767 1754 820 est,
1799 756 2052 824 quodque

465 850 710 904 nonnulli
747 850 802 903 in
833 849 1142 905 nominibus
1167 849 1539 914 eonﬁngendis
1581 862 1802 914 operam
1847 860 2053 900 navan-

470 952 573 1008 tes,
610 944 846 997 iniec/tau
873 943 1169 1012 appellant,
1200 944 1304 997 vim
1342 941 1568 996 seminis
1598 953 1759 1010 atque
1787 938 2046 992 virtutem

467 1034 703 1088 obtinet.
729 1033 1080 1104 Qttzecunque
1104 1035 1245 1088 enim
1273 1047 1301 1087 a
1335 1034 1504 1086 ramis
1532 1032 1706 1086 solent
1741 1030 1895 1093 oriti,
1928 1031 2053 1086 inde

470 1134 529 1177 ut
557 1124 849 1192 plurimum
887 1127 1099 1181 radices
1131 1125 1405 1179 emittunt.
1454 1124 1728 1180 Fortassis
1757 1131 1938 1175 autem
1965 1137 2054 1177 se-

473 1217 636 1270 minis
664 1215 928 1273 rationem
966 1218 1189 1281 habent,
1209 1226 1263 1271 et
1293 1218 1390 1278 ipsi
1421 1216 1511 1285 qui
1539 1231 1604 1269 ex
1631 1213 1902 1267 radicibus
1935 1215 2052 1283 pul-

469 1306 643 1363 lulant
671 1308 874 1364 surculi
907 1325 919 1360 :
946 1322 1083 1376 quos
1114 1309 1238 1363 dum
1264 1308 1502 1362 avellunt
1533 1307 1841 1376 plantarum
1878 1307 2054 1360 culto-

469 1413 582 1462 res,
616 1415 785 1470 genus
829 1414 1015 1452 earum
1073 1398 1454 1466 multiplicant.
1506 1397 1664 1453 Prius
1714 1409 1918 1467 tamen,
1975 1399 2050 1452 uti

471 1491 728 1554 diximus,
769 1503 847 1542 ea:
877 1491 1103 1546 arbores
1126 1498 1440 1544 memorata:
1471 1499 1616 1555 sunt,
1651 1506 1774 1560 qua;
1807 1501 2046 1548 nostram

471 1584 638 1635 vitam
671 1583 842 1652 magis
871 1592 1216 1648 conservant,
1247 1597 1475 1651 qumque
1514 1584 1754 1652 propriis
1786 1584 2052 1640 fructibus

473 1676 748 1728 hominem
795 1674 1095 1737 donantes,
1137 1673 1472 1727 luculentum
1528 1674 1605 1727 illi
1658 1675 1860 1729 victum
1897 1682 2052 1727 erant

470 1764 926 1833 suppeditatum:
959 1765 1081 1818 vitis
1111 1765 1348 1832 quidem,
1369 1775 1689 1835 generatura
1709 1767 1918 1828 viuum,
1944 1779 2052 1833 quo

2155 571 2378 641 σπέρμα
2408 572 2464 625 δὲ
2496 573 2724 626 ἕκαστον
2765 575 2968 628 τούτων
2999 575 3119 646 ἔχον
3145 579 3387 647 ἀκριϐῶς
3422 577 3485 631 ἄν
3522 594 3606 641 τις
3649 576 3738 642 ξιξ-

2152 663 2360 727 ετάζων
2395 665 2601 736 ἐξεύροι
2639 665 2769 735 (48).
2824 667 2880 718 Ὀ
2909 669 3017 740 γὰρ
3049 667 3401 738 ὑποκείμενος
3447 667 3522 739 τῷ
3552 669 3738 737 φύλλῳ

2155 753 2374 819 κόκκος,
2399 756 2456 808 ὃν
2472 757 2700 825 μίσχον
2733 757 2878 821 τινὲς
2908 760 3015 815 τῶν
3041 758 3168 831 περὶ
3193 758 3290 822 τὰς
3320 759 3739 833 ὀνοματοποιίας

2153 847 2524 916 ἐσχολακότων
2609 853 3113 921 προσαγορεύουσι,
3205 851 3364 905 τοῦτο
3425 857 3742 926 σπέρματος

2153 937 2266 1006 ἔχει
2301 939 2550 1010 δύναμιν.
2583 942 2721 994 Ὅσα
2770 940 2879 1011 γὰρ
2926 944 3037 997 ἀπὸ
3074 945 3183 1015 (49)
3232 943 3442 997 κλάδων
3489 943 3737 1014 γίνεσθαι

2156 1031 2419 1099 πέφυκεν,
2445 1034 2693 1088 ἐντεῦθεν
2725 1034 2799 1096 ὡς
2825 1032 2890 1085 τὰ
2922 1035 3088 1093 πολλὰ
3116 1037 3403 1109 προϐάλλει
3431 1039 3529 1103 τὰς
3558 1041 3739 1111 ῥίζας-

2154 1123 2306 1191 Τάχα
2338 1123 2402 1183 δὲ,
2430 1128 2739 1197 σπέρματος
2767 1128 3022 1196 ἐπέχουσι
3051 1129 3206 1198 λόγον
3237 1131 3331 1183 καὶ
3356 1131 3410 1181 αἱ
3435 1130 3542 1184 τῶν
3571 1134 3741 1206 ῥιζῶν

2155 1215 2473 1283 ἀποφύσεις,
2500 1218 2563 1280 ἃς
2587 1219 2986 1288 παρασπῶντες
3009 1223 3056 1271 οἱ
3085 1223 3377 1292 φυτοκόμοι
3407 1220 3520 1290 (50)
3553 1226 3614 1277 τὸ
3646 1225 3743 1294 γέ-

2153 1297 2505 1372 νοςάὖξουσι.
2539 1307 2809 1379 Πρότερον
2856 1309 3057 1378 μέντοι,
3099 1309 3287 1384 ὥσπερ
3329 1311 3558 1380 ἔφαμεν,
3597 1316 3742 1386 μνή-

2158 1415 2266 1469 μης
2305 1399 2508 1470 ἠξιώθη
2538 1399 2607 1452 τά
2645 1400 3078 1472 συνεκτικώτερα
3111 1402 3209 1472 τῆς
3243 1406 3386 1475 ζωῆς
3414 1404 3592 1475 ήμῶν,
3635 1409 3742 1460 ὅσα.

2157 1495 2368 1567 ἔμελλε,
2412 1497 2522 1557 τοῖς
2565 1495 2783 1558 οἰκείοις
2826 1499 3056 1568 καρποῖς
3097 1496 3186 1548 τὸν
3221 1499 3506 1570 ἄνθρωπον
3535 1497 3744 1562 δεξιού-

2159 1606 2315 1659 μενα,
2343 1587 2570 1654 ἄφθονον
2596 1586 2746 1656 αὐτῷ
2775 1587 3210 1658 παρασκευάζειν
3237 1590 3335 1659 τὴν
3367 1591 3602 1643 δίαιταν
3640 1592 3742 1662 ἄμ.-

2156 1679 2315 1740 πελος
2341 1678 2438 1748 μὲν
2459 1674 2599 1731 οἶνον
2627 1678 2872 1746 γεννῶσα
2893 1681 3201 1752 εὐφραίνειν
3229 1680 3486 1751 μέλλοντα
3510 1680 3752 1751 καρδίαν

2156 1767 2469 1839 ἀνθρώποψ
2519 1768 2671 1821 ἐλαία
2715 1769 2771 1823 δὲ
2823 1773 3034 1842 καρπὸν
3080 1772 3425 1844 παρεχομένη
3467 1770 3741 1842 ἱλαρύνειν

471 1866 594 1910 erat
621 1871 718 1912 cor
749 1856 982 1911 hominis
1021 1856 1399 1910 lmtilicaudum
1428 1858 1582 1912 :olea
1614 1871 1761 1919 vero,
1794 1872 1916 1912 eum
1956 1859 2049 1928 qui

2161 1861 2448 1932 δυνάμενον
2482 1862 2770 1932 πρόσωπον
2801 1865 2858 1915 ἐν
2892 1863 3076 1935 ἐλαίῳ.
3100 1865 3248 1918 Πόσα
3282 1864 3566 1936 συνέτρεχε
3596 1861 3744 1918 κατὰ

471 1950 680 2002 vultum
722 1950 775 2001 in
811 1945 932 2001 oleo
963 1948 1270 2002 exhilarare
1301 1956 1494 2015 potest,
1521 1945 1760 1999 fructum
1793 1947 2050 2003 allatura.

470 2041 617 2110 Quot
659 2035 987 2096 festinanter
1034 2042 1085 2094 in
1136 2057 1301 2095 unum
1337 2051 1752 2103 concurrerunt,
1793 2043 2051 2109 producta

472 2150 500 2185 ιι
537 2133 758 2186 natural
812 2133 983 2184 Radix
1035 2133 1180 2198 vitis,
1226 2131 1477 2200 palmites
1513 2131 1868 2186 orbiculalitn
1912 2131 2055 2182 vire-

473 2233 708 2286 seentes,
767 2223 1033 2291 valdeque
1087 2239 1251 2291 super
1308 2235 1506 2277 terram
1555 2222 1754 2284 diﬂ'usi,
1811 2238 2050 2292 germen,

473 2316 771 2378 claviculas,
798 2330 900 2367 uva
935 2314 1154 2378 acerba,
1189 2316 1410 2369 racemi.
1447 2313 1623 2369 Vitem
1659 2315 1703 2368 si
1750 2315 1854 2366 tuis
1885 2312 2056 2366 oculis

471 2418 680 2464 attente
705 2408 1083 2477 conspexeris,
1121 2413 1203 2462 vel
1238 2409 1350 2475 ipsa
1380 2417 1430 2461 te
1460 2407 1593 2462 satis
1618 2406 1682 2457 ad
1709 2414 1914 2458 naturae
1938 2420 2052 2458 me-

476 2501 708 2555 moriam
745 2510 984 2554 revocat.
1022 2497 1315 2553 Meministi
1367 2497 1509 2551 enim
1551 2495 1764 2549 Domim
1802 2495 2055 2549 similitu-

476 2591 682 2656 dinem,
709 2605 812 2660 qua
847 2605 906 2646 se
956 2591 1128 2658 ipsum
1176 2588 1362 2652 vitem,
1402 2595 1456 2640 et
1502 2585 1717 2639 Patrem
1761 2585 2052 2655 agricolam

479 2693 756 2750 nuncupat
778 2682 867 2733 ται
896 2696 994 2734 nos
1034 2681 1162 2733 item
1197 2677 1439 2747 singulos
1469 2677 1727 2732 Ecclesia:
1772 2693 1869 2748 per
1896 2677 2054 2734 ﬁdem

477 2776 740 2840 insertos,
791 2773 1039 2842 palmites
1092 2772 1424 2842 appellavit,
1475 2783 1638 2841 atque
1699 2773 1765 2826 ad
1825 2773 2055 2826 tnultunt

477 2867 718 2924 fructum
778 2867 1106 2923 all‘erendutn
1162 2866 1358 2923 invitat
1412 2868 1601 2932 nos“,
1634 2883 1703 2922 ne
1749 2866 2059 2921 inutilitatis

482 2962 746 3027 damnati,
772 2962 879 3030 igni
909 2961 1228 3028 tradantur;
1262 2975 1361 3015 nec
1388 2971 1566 3015 cessat
1605 2962 1883 3015 hominum
1936 2958 2056 3012 ani-

485 3067 605 3106 mas
637 3050 839 3120 ubique
885 3053 1088 3106 vitibus
1120 3067 1462 3121 comparare.
1501 3050 1661 3105 Vinea
1691 3068 1932 3120 namque,
1961 3051 2044 3103 in—

2150 1953 2347 2005 ταυτὸν
2374 1954 2723 2023 ήπειγμένως
2743 1953 2846 2006 ὑπὸ
2874 1955 2974 2025 τῆς
3006 1957 3220 2025 φύσεως
3249 1957 3643 2028 παραγόμεναι
3671 1956 3743 2012 Ἦ

2154 2045 2278 2117 ῥίζα
2313 2047 2410 2117 τῆς
2442 2047 2715 2117 ἀμπέλου·
2752 2047 2821 2101 τὰ
2852 2048 3104 2119 κλήματα
3135 2050 3190 2099 ὲν
3212 2048 3396 2117 κύκλῳ
3425 2050 3623 2120 εὐθαλῆ
3646 2049 3745 2104 καὶ

2156 2139 2366 2209 μεγάλα
2401 2140 2541 2212 ὑπὲρ
2574 2142 2676 2212 γῆς
2705 2141 3008 2210 κεχυμένα·
3040 2142 3069 2192 ὁ
3108 2139 3355 2208 βλαστὸς,
3396 2141 3444 2191 οἱ
3478 2139 3677 2204 ἕλικες,
3709 2145 3745 2196 ὁ

2153 2232 2356 2302 ὅμφαξ,
2400 2234 2450 2286 οἱ
2488 2233 2707 2306 βότρυες
2738 2232 2869 2302 (51).
2909 2233 3094 2302 Ἀρκεῖ
3121 2248 3214 2284 σου
3246 2235 3313 2303 τῇ
3347 2231 3466 2301 ὅψει
3501 2233 3596 2284 καὶ
3626 2232 3742 2303 ἄμ-

2154 2325 2314 2389 πελος
2365 2327 2599 2388 συνετῶς
2636 2324 2894 2395 ὀραθεῖσα
2924 2323 3229 2396 ὑπόμνησίν
3271 2343 3352 2379 σοι
3386 2324 3485 2394 τῆς
3523 2323 3746 2394 φύσεως

2155 2418 2470 2488 ἐμποιῆσαι.
2519 2415 2814 2485 Μέμνησαι
2846 2415 2953 2486 γὰρ
2993 2415 3233 2486 δηλονότι
3269 2417 3367 2486 τῆς
3400 2415 3495 2468 τοῦ
3529 2413 3741 2485 Κυρίου

2155 2509 2381 2570 εἰκόνος,
2431 2509 2512 2561 ὅτι
2561 2507 2804 2578 ἄμπελον
2839 2509 3029 2562 ἑαυτὸν
3061 2509 3230 2578 λέγει,
3261 2509 3354 2560 καὶ
3392 2509 3483 2559 τὸν
3517 2507 3747 2578 Πατέρα

2154 2602 2246 2657 τὸν
2278 2602 2541 2673 γεωργὸν,
2565 2602 2660 2656 καὶ
2685 2603 2809 2665 τοὺς
2836 2601 2955 2655 καθ’
2977 2602 3070 2653 ἕνα
3096 2602 3127 2669 ή
3137 2600 3251 2670 μῶν
3271 2597 3360 2651 διὰ
3379 2599 3478 2669 τῆς
3505 2598 3744 2663 πίστεως

2157 2696 2676 2766 ὲαπεφυτευμὲνους
2701 2694 2809 2760 (5‘2)
2843 2695 2908 2762 τῇ
2954 2691 3250 2762 Ἐκκλησία
3279 2690 3534 2761 κλήματα
3569 2709 3743 2764 προσ-

2158 2790 2448 2859 ηγόρευσε·
2499 2787 2590 2838 καὶ
2626 2783 3012 2854 προσκαλεῖται
3041 2785 3187 2852 ἡμᾶς
3223 2785 3302 2848 είς
3337 2783 3744 2857 πολυκαρπίαν,

2160 2879 2244 2930 ἵνα
2280 2876 2353 2946 μὴ
2387 2874 2689 2946 ἀχρηστίαν
2723 2874 3198 2943 καταγνωσθέντες
3228 2875 3306 2946 τῷ
3339 2877 3472 2948 πυρὶ
3501 2877 3746 2949 παραδο-

2160 2967 2341 3038 θῶμεν
2363 2984 2377 2998 ·
2412 2968 2504 3020 καὶ
2526 2967 2585 3019 οὐ
2617 2967 2850 3020 παύεται
2883 2966 3155 3036 πανταχοῦ
3184 2967 3282 3032 τὰς
3307 2967 3484 3039 ψυχὰς
3514 2969 3623 3021 τῶν
3656 2969 3748 3022 ἀν-

2161 3058 2393 3130 θρώπων
2451 3058 2561 3126 (55)
2613 3060 2732 3122 ταῖς
2780 3057 3044 3127 ἀμπέλοις
3105 3057 3384 3130 ὲξομοιῶν.
3443 3058 3748 3129 Ἆμπελὼν

479 3143 619 3213 quit,
649 3143 791 3213 facta
819 3153 892 3195 est
915 3142 1102 3195 dilecto
1131 3143 1182 3196 in
1214 3158 1400 3206 cornu,
1426 3142 1483 3194 in
1509 3141 1624 3194 loco
1645 3143 1828 3210 pingui
1851 3143 1932 3208 7';
1964 3152 2018 3197 ct
2040 3182 2053 3206 ,

2161 3152 2268 3221 γὰρ
2296 3149 2549 3220 ἐγενήθη
2583 3148 2663 3214 τῷ
2695 3151 3079 3220 ἠγαπημένῳ,
3108 3152 3292 3222 φησὶν,
3325 3153 3396 3205 ἐν
3431 3152 3651 3218 κέρατι,
3676 3149 3758 3203 ἐν

493 3233 709 3288 Vineam
757 3234 1018 3302 plantavi,
1059 3244 1105 3286 et
1155 3249 1327 3302 sepem
1377 3233 1792 3286 circumdedi".
1837 3233 2059 3290 Animas

481 3329 750 3381 humanas
788 3328 945 3394 plane
975 3327 1186 3380 vineam
1231 3326 1384 3392 dicit,
1415 3342 1550 3396 quas
1599 3342 1745 3393 sepe,
1783 3329 2061 3381 mandato-

479 3437 601 3478 rum
643 3421 852 3475 scilicet
899 3422 1064 3474 tutela
1101 3430 1156 3474 et
1200 3422 1515 3488 angelorum
1547 3422 1787 3473 custodia
1824 3420 2058 3471 cireum-

479 3517 648 3574 dedit.
687 3513 941 3568 Imminet
973 3514 1110 3566 enim
1153 3513 1372 3580 angelus
1409 3511 1620 3563 Domini
1648 3511 1699 3562 in
1739 3511 1962 3563 circuitu
1995 3511 2061 3561 ti-

479 3612 732 3666 mentium
753 3626 870 3663 eum
892 3609 982 3662 ⁷⁸⁵.
1011 3606 1214 3661 Deinde
1244 3606 1431 3671 etiam,
1460 3605 1768 3658 constitutis
1799 3605 1849 3657 in
1877 3604 2063 3658 Eccle-

481 3706 562 3759 sia
603 3705 838 3774 primum
865 3701 1149 3770 apostolis,
1174 3699 1413 3754 secundo
1449 3697 1748 3766 prOphetis,
1784 3699 1941 3753 tertio
1969 3699 2062 3753 do-

480 3796 804 3857 ctoribus“,
843 3794 999 3863 quasi
1024 3791 1162 3844 valla
1192 3791 1347 3845 nobis
1374 3789 1582 3842 deﬁxit.
1616 3789 1793 3858 Atque
1817 3791 2064 3859 antiquo-

483 3907 604 3946 rum
630 3906 693 3943 ae
720 3893 1000 3944 beatorum
1036 3885 1276 3938 virorum
1309 3880 1575 3951 exemplis
1601 3881 1652 3933 in
1681 3881 1910 3935 sublime
1938 3897 2063 3934 eve-

482 3986 569 4039 xit
595 3994 835 4038 nostram
871 3989 1130 4041 tuentem,
1173 3989 1274 4029 nec
1299 3989 1420 4028 eam
1454 3974 1726 4042 prosterni
1769 3974 1940 4036 humi,
1969 3984 2062 4027 aut

486 4075 898 4133 eoneuleatione
947 4073 1166 4142 dignam
1211 4083 1330 4124 esse
1383 4067 1533 4122 sivit.
1562 4064 1691 4120 Vult
1735 4075 1913 4120 autem
1963 4082 2063 4122 nos

484 4169 776 4223 eltaritatis
807 4167 1144 4234 amplexibus
1173 4176 1270 4216 ceu
1303 4161 1625 4228 quibusdam
1655 4158 1933 4215 claviculis
1958 4159 2068 4235 46

485 4261 793 4335 proximum
838 4265 1082 4310 nostrum
1123 4253 1431 4320 complecti,
1464 4268 1526 4306 ae
1575 4252 1627 4305 in
1673 4253 1802 4321 ipsis
1850 4256 2068 4321 acquie-

485 4369 668 4417 scere,
701 4359 761 4404 ut
795 4349 905 4417 jugi
955 4345 1136 4414 impeti
1173 4359 1389 4396 sursum
1425 4357 1615 4395 versus
1652 4349 2064 4408 contendentes,

485 4450 663 4505 instar
707 4445 988 4498 vinearum
1030 4436 1388 4508 quarumdam
1433 4433 1659 4488 arbores
1698 4438 2065 4488 conscenden-

2163 3244 2322 3309 τόπῳ
2349 3244 2548 3296 πίονν
2605 3244 2717 3306 καὶ,
2785 3243 3123 3312 Ἀμπελῶνα
3151 3245 3476 3312 ἐφύτευσα,
3512 3243 3610 3296 καὶ
3650 3259 3751 3299 πε-

2155 3335 2404 3404 ριέθηκα
2439 3337 2731 3407 φραγμόν.
2771 3336 2881 3398 Τὰς
2908 3335 3252 3405 ἀνθρωπίνας
3289 3334 3466 3405 ψυχὰς
3503 3335 3748 3405 δηλονότι

2162 3427 2307 3497 λέγει
2336 3427 2447 3498 (54)
2474 3427 2562 3482 τὸν
2593 3428 2905 3501 ἀμπελῶνα,
2931 3421 3019 3489 αἷς
3045 3428 3297 3497 φραγμὸν
3321 3429 3617 3501 περιέθηκε
3649 3429 3751 3502 τὴν

2163 3521 2230 3574 ὲκ
2270 3522 2378 3573 τῶν
2424 3520 2858 3592 προσταγμάτων
2905 3520 3202 3588 ἀσφάλειαν
3245 3523 3340 3576 καὶ
3373 3522 3471 3594 τὴν
3503 3523 3751 3594 φυλακὴν

2162 3613 2270 3667 τῶν
2297 3614 2560 3682 ἀγγέλων.
2585 3611 2958 3681 Παρεμϐαλεῐ
2983 3612 3091 3682 (55)
3115 3613 3225 3682 γὰρ
3247 3614 3502 3684 ἅγγελος
3524 3616 3752 3683 Κτφίου

2165 3709 2367 3772 κύκλῳ
2407 3704 2524 3757 τῶν
2551 3703 2933 3774 φοϐουμένων
2960 3707 3163 3759 αὐτόν.
3197 3707 3425 3760 Ἔπειτα
3464 3708 3558 3760 καὶ
3583 3709 3750 3764 οἱονεὶ

2164 3799 2408 3869 χάρακας
2441 3798 2571 3866 ἡμῖν
2600 3795 3027 3867 παρακατέπηξε
3069 3796 3292 3867 θέμενος
3323 3800 3378 3851 ἐν
3405 3804 3470 3871 τῇ
3513 3801 3749 3875 Ἐκκλη-

2167 3890 2256 3960 σίᾳ
2286 3888 2499 3960 πρῶτον
2528 3887 2878 3951 ἀποστόλους,
2925 3887 3176 3959 δεύτερον
3225 3891 3530 3961 προφήτας,
3564 3893 3750 3964 τρίτον

2163 3979 2534 4043 διδασκάλους.
2593 3981 2702 4033 Καὶ
2749 3982 2860 4043 τοῖς
2904 3979 3012 4033 τῶν
3059 3980 3305 4034 παλαιῶν
3343 3983 3437 4036 καὶ
3462 3985 3751 4054 μακαρίων

2167 4073 2374 4145 ἀνδρῶν
2404 4074 2514 4146 (56)
2543 4072 2934 4144 ὑποδείγμασιν
2975 4077 3052 4139 εἰς
3077 4074 3209 4145 ὕψος
3241 4076 3398 4147 ἡμῶν
3434 4078 3649 4146 ἀνάγων
3682 4080 3754 4131 τὰ

2169 4167 2510 4236 φρονήματα,
2549 4166 2649 4218 οὐκ
2678 4165 2887 4233 ἀφῆκεν
2925 4167 3232 4236 ἐρριμμένα
3279 4169 3478 4238 χαμαὶ,
3524 4169 3615 4221 καὶ
3653 4167 3750 4221 τοῦ

2171 4256 2456 4310 πατεῖσθαι
2487 4255 2630 4320 ἄξια.
2657 4256 2911 4308 Βούλεται
2936 4258 2992 4309 δὲ
3025 4260 3171 4327 ἡμᾶς
3195 4259 3289 4311 κα).
3317 4260 3482 4311 οἱονεὶ
3514 4257 3648 4318 ἕλιξί
3675 4276 3761 4311 τι-,

2171 4365 2225 4400 σι
2256 4350 2374 4409 ταῖς
2397 4345 2757 4416 περιπλοκαῖς
2781 4345 2880 4416 τῆς
2901 4347 3120 4417 ἀγάπης
3149 4347 3256 4401 τῶν
3287 4347 3513 4418 πλησίον
3539 4347 3757 4418 ἀντέχε-

2171 4439 2313 4502 σθαι,
2365 4437 2456 4490 κα).
2514 4436 2962 4490 ἐπαναπαύεσθαι
3018 4440 3220 4504 αὐτοῖς,
3271 4439 3356 4501 ἶν’,
3399 4439 3487 4492 ἀεὶ
3527 4439 3665 4510 πρὸς
3693 4442 3756 4495 τὸ

488 4543 622 4598 tium
651 4580 666 4604 ,
701 4535 1068 4601 nosmetipsos
1119 4544 1300 4584 rerum
1331 4526 1720 4581 altissimarum
1774 4529 2057 4583 verticibus

2170 4528 2282 4581 ἀνω
2310 4528 2408 4598 τὴν
2433 4526 2606 4598 ὁρμὴν
2638 4527 2872 4596 ἔχοντες,
2902 4525 3012 4581 οἷόν
3042 4546 3182 4591 τινες
3212 4529 3598 4601 ἁναδενδράδες
3629 4535 3757 4598 ταῖς

484 4636 854 4698 adequemns.
887 4627 1026 4692 Quin
1067 4633 1121 4677 et
1157 4638 1187 4675 a
1221 4619 1376 4674 nobis
1422 4619 1688 4689 exposcit,
1723 4627 1781 4671 ut
1814 4618 1940 4672 dum
1973 4620 2067 4672 de-

484 4725 748 4784 fodimur,
774 4723 1158 4775 sustineamus.
1193 4711 1472 4767 Deloditur
1504 4721 1684 4765 autem
1714 4714 1916 4776 anima,
1942 4727 2064 4766 cum

484 4817 673 4876 mundi
716 4813 881 4878 curis,
913 4825 1033 4880 quae
1063 4806 1324 4864 cordibus
1348 4804 1548 4861 nostris
1589 4814 1717 4861 sunt
1768 4805 1943 4873 oneri,
1978 4821 2064 4861 se-

560 4966 605 4997 "
632 4964 789 5019 Joan.
826 4975 916 5022 xv,
941 4958 995 5011 1.
1072 4957 1117 4987 ⁷³
1141 4956 1272 5010 ibid.
1302 4957 1356 5011 5.
1431 4957 1478 4990 "
1500 4955 1600 5011 lsa.
1636 4971 1690 5020 ν,
1717 4956 1768 5008 1.

562 5118 671 5188 (48)
706 5117 834 5172 Mss.
866 5118 972 5188 duo
997 5113 1323 5188 ἐξευρίσκω.
1349 5114 1454 5167 Alii
1488 5115 1595 5168 duo
1619 5113 1787 5184 εὕροι.

564 5185 677 5258 (49)
725 5189 806 5258 ita
831 5187 1033 5258 editio
1064 5185 1233 5258 Basil.
1293 5201 1414 5258 cum
1453 5196 1588 5258 octo
1629 5201 1770 5258 tuss.
1818 5200 1847 5239 e
1873 5186 2073 5240 nostris

491 5254 689 5333 printer
715 5257 878 5333 B_od_l._
899 5254 1282 5333 Edﬁitiori’aris.
1313 5256 1413 5333 ὅσα
1446 5256 1502 5333 δε
1533 5255 1662 5333 ἀπό.

565 5331 678 5401 (50)
742 5328 917 5384 Editio
956 5325 1121 5401 B_asit.
1150 5344 1306 5401 _c_um
1337 5327 1584 5401 gntnbef.
1644 5337 1696 5377 et
1742 5341 1862 5401 cum
1893 5325 2072 5401 multis

489 5403 614 5456 aliis
639 5396 768 5455 mss.
801 5397 1119 5467 φυτοκόμοι.
1147 5398 1324 5452 Etlitio
1345 5396 1519 5451 Paris.
1551 5396 1878 5466 φυτήκόμοι,
1915 5398 2073 5467 male.

490 5466 828 5554 iulraOColb.
871 5466 1142 5523 secundus
1200 5468 1491 5538 συνέτρεχε
1553 5469 1697 5520 κατὰ
1744 5468 1939 5520 ταυτὸν
1985 5466 2074 5520 τόν

491 5558 588 5598 και
596 5558 684 5598 ρον
693 5579 706 5592 .

572 5608 680 5677 (δι)
706 5610 951 5676 Quatuor
978 5626 1106 5665 mss.
1126 5613 1175 5663 οἱ
1205 5608 1450 5679 βότρυες.
1489 5608 1629 5662 Editi
1670 5623 1792 5662 cum
1848 5623 1954 5663 uno
1981 5617 2075 5662 aut

495 5683 670 5739 altero
702 5699 801 5739 ms.
842 5683 1058 5750 ϐότρυς.

569 5753 679 5819 (52)
708 5753 934 5807 Codices
973 5753 1174 5821 aliquot
1224 5749 1720 5822 ἐμφυτευομὲνους.
1775 5749 1894 5805 Mox
1942 5749 2068 5805 editi

501 5824 854 5893 προκαλεῖται
885 5842 900 5855 ·
931 5836 985 5878 at
1021 5840 1113 5878 sex
1143 5821 1270 5877 mss.
1300 5821 1704 5893 προσκαλεῖται.

1844 4956 1890 4988 ⁷³
1920 4955 2109 5012 Matth.
2148 4970 2262 5019 ιιι,
2283 4953 2374 5007 '53.
2450 4950 2518 4981 "'
2551 4946 2692 5002 Psal.
2721 4959 2918 5010 χχχιιι,
2949 4943 3002 5002 8.

2174 4620 2435 4688 κορυφαῖς
2483 4616 2589 4669 τῶν
2645 4616 2992 4685 ὑψηλοτάτων
3051 4617 3278 4680 ἑαυτοὺς
3335 4618 3752 4689 παρισάξωμεν.

2187 4708 2435 4760 Ἀπαιτεῖ
2459 4705 2570 4775 (57)
2607 4705 2664 4758 δὲ
2687 4707 2834 4775 ἡμᾶς
2875 4706 2968 4758 καὶ
3005 4706 3064 4759 τὸ
3091 4705 3485 4776 καταδέχεσθαι
3515 4725 3756 4762 σκαπτο-

2176 4804 2391 4877 μένους.
2438 4799 2869 4857 Ἀποσκάπτεται
2909 4798 2966 4851 δὲ
3000 4797 3145 4871 ψυχὴ
3181 4801 3238 4852 ἐν
3263 4802 3330 4871 τῇ
3362 4799 3616 4855 ἀποθέσει
3644 4801 3760 4855 τῶν.

3079 4942 3124 4975 ⁷⁸
3151 4941 3172 4994 l
3201 4943 3327 4998 Cor.
3350 4959 3450 5010 ιιι,
3474 4942 3560 4997 28.

2247 5111 2358 5180 (35)
2390 5109 2614 5163 Codices
2649 5117 2759 5160 tres
2778 5105 2961 5180 ψυχὰς
2989 5103 3144 5180 ήμῶν
3163 5103 3281 5180 Δτῶν
3311 5102 3468 5180 ἀνθρ.

2249 5171 2516 5265 ‘lt'eg.
2543 5188 2726 5232 sextus
2765 5171 3112 5247 ἀνθρωπίνας
3157 5171 3427 5245 δυνάμεις
3449 5171 3626 5242 ψυχὰς
3661 5174 3755 5246 δη-

2184 5388 2398 5449 Βόηιὲἰιὶ
2428 5395 2478 5442 in
2509 5392 2729 5442 circuitu
2760 5388 3053 5440 timentium
3081 5404 3218 5442 eum.

2257 5463 2368 5529 (56)
2401 5461 2510 5513 Vox
2539 5459 2745 5529 ἀνδρῶν
2764 5460 2914 5512 deest
2943 5460 2993 5509 in
3025 5460 3182 5510 editis
3207 5468 3259 5512 et
3295 5456 3345 5508 in
3376 5454 3710 5529 multismss.
3736 5496 3751 5518 ,

2181 5536 2272 5588 sed
2315 5523 2509 5604 legitur
2553 5531 2605 5604 in
2626 5523 2649 5604 ξ
2672 5528 2854 5595 Regiis
2911 5530 3070 5604 tertio
3124 5538 3179 5581 et
3225 5523 3608 5604 sext_o_.APaul_o
3634 5532 3756 5591 post

2180 5594 2655 5660 codexVCombel.
2728 5594 2847 5653 eum
2908 5597 3037 5669 Reg.
3097 5607 3283 5652 octavo
3333 5594 3755 5667 ἐρριμμένους,

2181 5678 2361 5816 nT567.)
2382 5743 2511 5814 Reg.
2550 5751 2733 5797 sextus
2760 5740 3091 5794 ἀπαιτεῐται.
