4062 6442
323 385 422 442 109

1458 385 1740 442 llOMlLlA
1784 386 1825 438 V
1865 386 1930 441 ΙΝ
1972 387 2462 444 HEXAEMERON.

3461 389 3563 443 “9

319 503 410 555 τού
453 501 656 571 κόσμου
695 500 994 571 μεριμνῶν,
1044 499 1100 552 αϊ
1148 499 1311 570 βάρος
1354 501 1460 554 elei.
1497 506 1615 564 ταῖς
1648 502 1891 574 καρδίαις

2003 506 2171 572 ipsam
2234 504 2405 558 exuit.
2449 501 2809 568 Quamobrem
2857 502 2948 570 qui
2996 515 3247 556 carneum
3299 515 3561 570 amorem,

318 593 494 664 ημῶν.
527 594 687 645 ’Ὥστε
712 593 739 643 ὁ
763 594 860 662 τὴν
886 592 1146 662 σαρκίνην
1169 593 1392 663 ἀγάπην
1423 595 1774 665 ἀποθέμενος,
1799 596 1892 648 καὶ

318 689 416 756 τὴν
454 687 588 756 πρὸς
619 685 687 740 τὰ
725 687 981 756 χρήματα
1009 685 1210 752 φιλίαν,
1260 685 1292 756 ἢ
1326 687 1426 757 τὴν
1458 689 1585 758 περὶ
1613 689 1678 741 τὸ.
1699 688 1893 757 δύστη-

319 796 406 833 νον
438 778 681 848 δοξάριον
705 760 864 828 ’τοῦτο
897 777 1122 846 πτόησιν
1157 778 1500 831 ἀπόπτυστον
1537 779 1630 832 καὶ
1662 779 1890 830 εὐκατα-

320 871 582 942 φρόνητον
613 869 980 939 ἡγησάμενος,
1031 868 1216 942 ὥσπερ
1265 872 1476 940 ἐσκάφη
1510 871 1602 924 καὶ
1633 869 1891 922 ἀνέπνευ-

320 979 411 1014 σεν
456 963 968 1031 ἀποσκευασάμενος
1011 963 1072 1015 τὸ
1117 964 1343 1032 μάταιον
1375 963 1536 1033 βάρος
1581 961 1672 1014 τοῦ
1705 962 1891 1030 γηίνου

320 1053 680 1123 φρονήματος.
714 1056 806 1105 Δεῖ
837 1055 914 1120 δὲ,
965 1053 1106 1107 κατά
1143 1057 1232 1108 τὸν
1261 1055 1416 1122 λόγον
1445 1055 1543 1123 τῆς
1575 1055 1890 1125 παροιμίας,

322 1143 456 1213 μηδέ
481 1143 786 1214 ὑλομανεῖν,
815 1144 1079 1209 τουτέστι,
1118 1145 1192 1214 μὴ
1217 1143 1592 1205 ἐπιδεικτικῶς
1626 1142 1896 1195 πολιτεύε-

320 1235 461 1301 σθαι,
515 1235 645 1306 μηδὲ
703 1237 794 1287 τὸν
841 1235 988 1305 παρά
1047 1234 1153 1286 τῶν
1214 1233 1410 1297 ἔξωθεν
1465 1234 1683 1288 ἔπαινον
1726 1234 1895 1305 θηρᾶ-

321 1326 442 1378 σθαι
473 1325 605 1394 (58),
633 1325 743 1378 ἀλλ’
770 1325 1044 1392 ἔγκαρπον
1085 1318 1245 1386 εἶναι,
1285 1324 1362 1394 τῷ
1390 1325 1627 1395 ἀληθινῷ
1665 1323 1894 1395 γεωργῷ

317 1420 416 1490 τὴν
471 1419 726 1484 ἐπίδειξιν
780 1417 885 1468 τῶν
927 1415 1101 1487 ἔργων
1153 1418 1562 1487 ταμιευόμενον.
1608 1417 1677 1468 Σίι
1712 1417 1893 1469 δὲκαὶ

331 1513 426 1577 Ὠς
459 1512 632 1565 ἐλαία
657 1509 1034 1578 κατάκαρπος
1063 1508 1172 1562 ἕσο
1197 1510 1267 1561 ἐν
1295 1507 1375 1574 τῷ
1407 1511 1550 1575 οἴκῳ
1576 1508 1681 1561 τοῦ
1723 1507 1890 1570 Θεοῦ,

323 1604 588 1674 μηδέποτε
641 1603 1009 1673 γυμνούμενος
1058 1602 1157 1672 τῆς
1205 1601 1438 1664 ἐλπίδος,
1478 1601 1591 1654 ἀλλ’
1640 1601 1727 1653 ἀεὶ
1765 1598 1892 1652 θάλ-

319 1695 513 1750 λουσαν
568 1695 707 1767 ἔχων
763 1695 891 1766 περὶ
946 1693 1163 1747 σεαυτὸν
1220 1693 1318 1762 τὴν
1377 1692 1464 1744 διὰ
1508 1692 1742 1755 πίστεως
1794 1709 1895 1742 σω-

318 1788 530 1858 τηρίαν.
593 1786 748 1840 Οὕτω
804 1787 912 1856 γάρ
971 1787 1030 1838 τὸ
1095 1783 1338 1847 ἀειθαλὲς
1401 1783 1494 1839 τοῦ
1567 1783 1741 1852 φυτοῦ,
1804 1801 1891 1852 μι-

1997 605 2090 649 aut
2146 611 2301 650 suum
2349 610 2476 665 erga
2513 595 2730 649 divitias
2777 595 3010 648 studium
3049 595 3316 662 deposuit,
3353 603 3444 646 aut
3472 593 3562 662 qui

1997 687 2210 741 miserae
2257 686 2418 753 hujus
2468 685 2706 755 gloriola:
2761 685 3036 740 libidinem
3082 684 3481 752 conspuendam
3513 691 3568 736 et

1996 777 2392 848 aspernabilem
2431 777 2602 842 duxit,
2639 778 2684 832 is
2722 776 2888 830 veluti
2920 775 3164 830 defossus
3198 784 3302 840 eSt,
3339 789 3423 838 ac,
3459 783 3568 828 ter-

1998 885 2144 923 renae
2181 868 2482 924 aliectionis
2517 869 2665 923 inani
2707 868 2940 938 pondere
2973 882 3219 930 excusso,
3251 867 3561 933 respiravit.

1999 961 2222 1028 Oportet
2256 970 2435 1013 autem
2471 961 2768 1014 secundum
2811 959 3080 1028 proverbii
3137 958 3481 1021 sententiam,
3509 966 3567 1008 ιιι

1999 1069 2171 1122 neque
2214 1055 2587 1115 silvescamus,
2631 1054 2734 1106 hoc
2778 1062 2881 1117 est,
2926 1051 3145 1104 minime
3189 1053 3454 1118 jactanter
3479 1049 3566 1102 de-

1997 1161 2210 1213 gamus,
2247 1160 2423 1213 ncque
2463 1146 2529 1197 ab
2569 1144 2810 1198 externis
2845 1158 3173 1211 aucupemur
3205 1141 3437 1206 laudem,
3468 1141 3564 1195 sed

1996 1237 2165 1291 simus
2206 1236 2488 1300 fructuosi,
2535 1251 2770 1304 veroque
2822 1235 3071 1305 agricolae
3102 1234 3394 1301 speeimina
3439 1248 3568 1302 ope—

1998 1343 2114 1380 rum
2146 1343 2513 1383 asservemus.
2545 1327 2621 1380 Tu
2654 1343 2785 1381 vero
2824 1326 2976 1381 Sicut
3004 1327 3139 1380 oliva
3178 1326 3452 1394 fructifera
3493 1325 3567 1378 sis

1997 1415 2050 1467 in
2077 1416 2229 1468 domo
2253 1414 2351 1469 Dei
2374 1417 2442 1478 ⁷⁸,
2465 1431 2562 1470 nee
2589 1431 2822 1483 unquam
2847 1430 2940 1484 spe
2962 1415 3273 1480 denuderis,
3304 1415 3397 1468 sed
3422 1427 3568 1467 sem~

1995 1523 2091 1576 per
2134 1508 2185 1561 in
2228 1509 2397 1576 teipso
2430 1509 2631 1562 habeas
2675 1506 2919 1560 ﬂoridam
2976 1507 3202 1560 salutem
3243 1520 3338 1572 per
3379 1504 3563 1559 ﬁdem.

1997 1597 2086 1651 Sic
2116 1599 2260 1649 enim
2292 1598 2450 1664 hujus
2484 1597 2680 1664 plantae
2723 1607 3032 1666 perpetuam
3067 1597 3375 1650 imitaturus
3403 1610 3461 1649 es
3489 1594 3568 1648 vi-

1997 1691 2304 1756 l'iditatem;
2360 1705 2423 1743 ac
2487 1688 2604 1758 ejus
2658 1690 3045 1743 fecunditatem
3114 1689 3476 1749 aemulabere,
3521 1687 3567 1740 si

2003 1783 2333 1834 uberrimam
2363 1781 2508 1834 omni
2547 1790 2788 1848 tempore
2817 1781 3048 1850 largiare
3073 1782 3492 1850 eleemosynam.

323 1881 492 1953 μήσῃ,
531 1883 623 1936 καὶ
659 1883 721 1935 τὸ
766 1881 1112 1953 πολύκαρπον
1150 1880 1205 1933 δὲ
1245 1879 1406 1931 αὑτοῦ
1447 1878 1738 1950 ζηλώσεις,
1783 1878 2009 1945 ἄφθονον
2041 1877 2137 1944 τὴν
2162 1877 2529 1948 ἐλεημοσύνην
2559 1880 2619 1934 ἐν
2659 1877 2822 1931 παντὶ
2855 1875 3030 1948 καιρῷ
3070 1877 3458 1947 παρεχόμενος.

390 1976 444 2032 7.
489 1977 625 2030 Ἀλλ’
649 1977 1026 2048 ἐπανέλθωμεν
1055 1976 1190 2046 πρὸς
1216 1975 1310 2046 τὴν
1338 1975 1564 2046 ἔρευναν
1586 1975 1692 2026 τῶν
1723 1990 1898 2042 τεχνι-
1929 1979 1972 2033 Β

320 2069 431 2124 κῶν
463 2069 779 2136 διατάξεων.
817 2071 964 2122 Πόσα
997 2070 1112 2121 τότε
1151 2069 1279 2140 γένη
1315 2067 1494 2137 φυτῶν
1527 2067 1889 2138 ἐπανέδραμε,

320 2161 390 2217 τὰ
435 2162 532 2231 μὲν
584 2161 855 2232 ἔγκαρπα,
901 2160 967 2212 τὰ
1004 2159 1059 2212 δὲ
1106 2159 1362 2229 ἐρέψιμα,
1415 2159 1546 2211 ἄλλα
1590 2158 1724 2230 πρὸς
1769 2177 1895 2212 ναυ-

320 2251 525 2321 πηγίαν
559 2252 856 2320 ἐπιτήδεια,
909 2250 1042 2303 ἄλλα
1097 2249 1230 2319 πρὸς
1279 2247 1498 2303 καῦσινί
1555 2249 1642 2300 Ἐν
1685 2248 1894 2309 τούτοις

321 2342 482 2398 πάλιν
553 2343 770 2413 ποικίλη
839 2342 934 2412 μὲν
989 2344 1046 2393 ἐν
1114 2342 1325 2412 ἑκάστῳ
1399 2340 1598 2412 δένδρῳ
1687 2341 1720 2410 ὴ
1787 2339 1893 2391 τῶν

323 2434 503 2505 μερῶν
571 2433 733 2487 αὑτοῦ
791 2434 1166 2502 διακόσμησις,
1225 2433 1540 2502 δυσέφικτος
1591 2433 1646 2485 δὲ
1710 2435 1803 2491 καὶ
1859 2436 1892 2506 ἡ

321 2525 597 2596 ἐξεύρεσις
635 2527 734 2596 τῆς
775 2527 1004 2579 ἑκάστου
1049 2527 1325 2597 ἰδιότητος,
1354 2526 1445 2578 καὶ
1487 2526 1520 2596 ἡ
1562 2525 1763 2599 θεωρία
1792 2525 1893 2595 τῆς

321 2617 457 2688 πρὸς
501 2618 728 2670 ἕκαστον
774 2617 881 2670 τῶν
934 2617 1259 2688 ἑτερογενῶν
1314 2618 1591 2688 διαφορᾶς.
1650 2617 1772 2679 Πῶς
1824 2619 1893 2672 τά

323 2710 422 2779 μὲν
447 2709 625 2762 αὐτῶν
659 2709 978 2778 βαθύρῤιζα,
1010 2708 1078 2759 τά
1110 2709 1162 2759 δὲ
1195 2710 1498 2779 ἀκρόῤῥιζα
1521 2725 1534 2740 ο
1573 2711 1664 2764 καὶ
1693 2710 1761 2762 τὰ
1794 2710 1891 2779 μὲν

319 2799 560 2869 ὸρθοφυῆ
619 2801 712 2854 καὶ
771 2800 1157 2870 μονοστέλεχα,
1213 2799 1280 2852 τά
1323 2800 1379 2852 δὲ
1432 2800 1744 2870 χαμαίζηλα
1800 2801 1892 2853 καὶ

319 2891 481 2954 εὐθὺς
519 2891 625 2944 άπὸ
662 2892 761 2961 τῆς
803 2890 954 2964 ῥίζης
994 2893 1073 2954 είς
1113 2888 1308 2954 πολλὰς
1348 2891 1602 2961 ἐκφύσεις
1632 2893 1893 2965 διῃρημέ-

321 3002 405 3040 να.
476 2983 597 3048 Πῶς
641 2985 780 3036 ὅσων
835 2984 933 3055 μὲν
962 2984 1072 3054 (59)
1109 2985 1158 3037 oi.
1207 2984 1390 3039 κλάδοι
1438 2987 1743 3056 προμήκεις
1799 2986 1893 3038 ἐπὶ

322 3078 456 3130 πολὺ
501 3078 592 3131 τού
630 3078 790 3148 ἀέρος
829 3078 1212 3147 ἐκτεταμένοι,
1258 3078 1462 3131 τούτων
1500 3079 1591 3131 καὶ
1642 3079 1698 3131 αί
1750 3078 1892 3149 ῥίζαι

323 3172 554 3242 βαθεῖαι,
603 3173 695 3224 ἐπὶ
737 3173 983 3226 πλεῖστον
1025 3174 1083 3224 ἐν
1131 3169 1314 3240 κύκλῳ
1347 3170 1754 3239 διανεμόμεναι,
1782 3165 1893 3223 οἷον

320 3262 601 3330 θεμελίους
630 3262 780 3324 τινὰς
811 3261 1200 3330 άναλογοῦντας
1236 3260 1312 3331 τῷ
1345 3260 1501 3331 βάρει
1544 3261 1649 3313 τῶν
1689 3263 1892 3314 ἄνωθεν

320 3354 768 3426 ὑποτιθείσηςτῆς
785 3355 1014 3423 φύσεως.
1030 3355 1197 3407 Πόσαι
1214 3353 1320 3406 τῶν
1335 3353 1526 3422 φλοιῶν
1540 3355 1594 3404 αἱ
1611 3353 1857 3425 διαφοραί
1875 3358 1887 3407 !

321 3446 401 3497 Tit
438 3447 532 3515 μὲν
561 3446 666 3515 γάρ
700 3446 972 3513 λειόφλοια
997 3446 1104 3497 τῶν
1140 3445 1340 3513 φυτῶν,
1387 3445 1451 3498 τά
1492 3445 1547 3498 δὲ
1577 3443 1888 3515 ρηξίφλοιαο

321 3538 413 3593 καὶ
450 3536 516 3588 τά
553 3536 648 3605 μὲν
678 3537 945 3605 μονόλοπα
980 3536 1177 3596 αὐτῶν,
1199 3535 1268 3589 τά
1295 3537 1350 3588 δὲ
1381 3536 1709 3611 πολύπτυχα.
1747 3539 1812 3590 Ὃ
1834 3537 1891 3589 δέ

323 3628 654 3697 θαυμαστὸν,
699 3628 779 3680 δτι
825 3630 916 3682 καὶ
964 3630 1064 3700 τῆς
1112 3629 1457 3700 ἀνθρωπίνης
1508 3630 1755 3701 νεότητος
1798 3632 1891 3684 καὶ

320 3717 415 3774 τοῦ
441 3720 623 3792 γήρως
653 3721 832 3793 εὕροις
857 3723 922 3778 ἂν
955 3725 1044 3776 καὶ
1073 3726 1129 3777 ἐν
1173 3727 1284 3787 τοῖς
1321 3725 1502 3793 φυτοῖς
1539 3724 1892 3794 παραπλήσια

321 3812 388 3864 τὰ
424 3812 820 3882 συμπτώματα.
871 3815 994 3876 Τοῖς
1042 3814 1140 3885 μὲν
1172 3816 1279 3890 γὰρ
1312 3817 1452 3880 νέοις
1485 3817 1578 3869 καὶ
1610 3815 1892 3870 εύθαλέσιν

318 3905 561 3973 ὁ,φλοιὸς
593 3905 938 3976 περιτέταται
964 3905 1105 3972 (60)·
1149 3911 1259 3970 τοῖς
1301 3909 1355 3960 δέ
1386 3910 1749 3979 γηράσκουσιν
1782 3903 1892 3962 οἷον

324 3996 615 4064 ρυσσούται
655 3999 747 4050 καὶ
795 3997 1200 4066 ἐκτραχύνεται.
1239 4002 1347 4052 Καὶ
1388 4001 1454 4053 τὰ
1515 4001 1614 4070 μὲν
1658 4001 1890 4054 κοπέντα

323 4084 734 4137 ἐπιϐλαστάνει·
768 4088 842 4146 τά
860 4088 913 4141 δέ
943 4088 1088 4158 μένει
1118 4087 1386 4158 άδιάδοχα,
1418 4090 1604 4161 ῶσπερ
1634 4093 1753 4144 τινὰ
1794 4091 1890 4144 θά-

321 4195 480 4232 νατον
511 4178 609 4249 τὴν
639 4179 807 4248 τομὴν
839 4180 1217 4251 ὑπομείναντα.
1249 4178 1384 4250 Ἤδη
1411 4182 1465 4234 δέ
1487 4201 1631 4246 τινες
1656 4185 1890 4255 τετηρή-

325 4288 480 4324 κασιν
531 4271 926 4341 ἐκτεμνομένας
976 4273 1007 4343 ἢ
1049 4273 1141 4326 καὶ
1176 4272 1561 4341 ἐπικαιομένας
1603 4275 1700 4338 τὰς
1735 4277 1891 4338 πίτυς

324 4364 404 4426 είς
436 4365 724 4434 δρυμῶνας
767 4363 1142 4434 μεθίστασθαι.
1179 4367 1311 4420 Τινά
1351 4365 1406 4419 δὲ
1460 4367 1551 4419 καὶ
1579 4366 1675 4438 τὴν
1702 4369 1762 4420 ἐκ
1795 4369 1892 4436 φύ-

327 4470 465 4516 σεως
521 4461 715 4510 κακίαν
772 4457 1105 4526 ἐπιμελείαις
1161 4460 1420 4530 γεωργῶν
1479 4459 1892 4530 θεραπευόμενα

325 4545 566 4616 ἔγνωμεν
586 4565 599 4578 ’
636 4544 745 4604 οἷον
774 4551 869 4611 τὰς
901 4548 1077 4612 ὀξείας
1114 4550 1284 4619 ῥοιὰς,
1316 4550 1407 4602 καὶ
1433 4549 1538 4602 τῶν
1570 4553 1890 4621 ἀμυγδαλῶν

2074 1970 2127 2022 7.
2195 1970 2388 2024 Verum
2442 1973 2507 2024 ad
2563 1973 2882 2026 artiﬁciosas
2941 1971 3306 2026 ordinationes
3347 1968 3566 2039 perqui-

1995 2061 2195 2116 rendus
2276 2062 2580 2116 redeamus.
2659 2061 2799 2127 Quot
2861 2071 2990 2116 tunc
3045 2062 3298 2115 arborum
3367 2073 3567 2128 genera

1995 2169 2291 2220 emersere,
2347 2153 2449 2208 alia
2505 2154 2716 2223 quidem
2760 2153 3058 2223 frugifera,
3115 2154 3219 2207 alia
3265 2167 3392 2205 vero
3441 2167 3570 2203 con-

1995 2246 2266 2299 struendis
2317 2247 2475 2300 tectis
2525 2246 2739 2309 idonea,
2774 2247 2885 2300 IKPC
2913 2245 2978 2299 ad
3025 2245 3369 2299 fabricandas
3404 2257 3570 2297 naves

1994 2344 2116 2402 apta
2147 2373 2161 2398 ,
2193 2333 2280 2388 illa
2319 2335 2385 2388 ad
2422 2337 2810 2390 cremationem
2857 2337 3157 2391 destinata!
3210 2333 3265 2389 lu
3316 2335 3398 2388 bis
3449 2349 3565 2387 rur-

1995 2439 2089 2478 sus
2127 2425 2274 2478 varia
2326 2433 2412 2480 est
2453 2427 2687 2493 partium
2728 2429 3148 2498 uniuscujusque
3188 2427 3400 2479 arboris
3453 2426 3570 2478 dis-

1996 2516 2192 2584 positio
2246 2536 2258 2571 :
2313 2518 2644 2585 singularum
2697 2530 2876 2575 autem
2942 2523 3196 2574 arborum
3260 2518 3570 2588 proprietas

1993 2606 2080 2663 vix
2131 2608 2434 2674 invenitur;
2471 2619 2526 2663 et
2564 2625 2748 2664 earum
2793 2627 2911 2680 qua?
2938 2612 3136 2664 diversi
3170 2611 3383 2680 generis
3415 2622 3565 2672 sunt,

1994 2696 2286 2752 discrimen
2331 2701 2416 2758 vix
2471 2702 2941 2756 animadvertitur.
2987 2702 3268 2765 Quomodo
3316 2703 3432 2755 alize
3477 2720 3567 2754 ar-

1994 2788 2155 2843 bores
2205 2790 2256 2842 in
2309 2791 2628 2859 profundum
2689 2803 2847 2864 agant
2898 2797 3130 2862 radices,
3181 2797 3298 2850 alia:
3348 2798 3564 2849 easdem

1996 2879 2048 2935 in
2079 2883 2363 2952 superficie
2396 2885 2657 2939 habeant:
2691 2888 2773 2940 ba:
2821 2897 2980 2941 rectae
3013 2899 3319 2956 assorgant,
3350 2889 3566 2950 εἰιιιιιιιιι

1997 2974 2321 3043 unistirpes,
2369 2976 2474 3031 illa:
2519 2977 2893 3046 deprimantur
2934 2978 3120 3042 humi,
3172 2986 3330 3047 atque
3378 2978 3562 3031 statim

1996 3081 2024 3118 a
2070 3069 2254 3122 radice
2300 3068 2354 3122 in
2392 3069 2573 3136 plures
2620 3071 2870 3125 caudices
2913 3071 3238 3124 dividantur.
3286 3070 3564 3136 Quomodo

1995 3171 2222 3225 quarum
2259 3158 2390 3210 rami
2423 3159 2618 3225 prolixi
2656 3167 2814 3222 sunt,
2861 3174 2923 3213 ac
2967 3161 3018 3212 in
3053 3175 3233 3214 aerem
3268 3159 3420 3213 valde
3462 3173 3560 3212 ex-

1997 3245 2376 3315 passi,barum
2427 3248 2590 3301 etiam
2629 3248 2906 3317 profundae
2939 3250 3048 3303 sint
3095 3250 3325 3312 radices,
3371 3257 3425 3302 et
3475 3247 3555 3300 la-

1998 3339 2203 3395 tissime
2233 3339 2290 3392 in.
2317 3339 2502 3394 orbem
2547 3341 2848 3394 distributa:
2876 3359 2890 3394 :
2922 3341 3143 3408 perinde
3175 3342 3325 3408 quasi
3371 3340 3559 3395 funda-

1995 3439 2173 3482 menta
2211 3430 2454 3498 qtmdam
2499 3432 2650 3484 oneri
2687 3431 3113 3500 impendentium
3158 3433 3563 3487 accommodata

1993 3520 2313 3589 subjecisset
2354 3532 2564 3577 natura.
2593 3525 2733 3588 Quot
2760 3525 3023 3578 corticum
3055 3533 3181 3579 sunt
3211 3524 3556 3577 discrimina!

1995 3611 2127 3669 Nam
2159 3612 2281 3667 aliis
2319 3613 2602 3668 arboribus
2641 3615 2796 3679 levis,
2843 3615 2963 3670 aliis
3002 3617 3191 3672 scaber
3220 3625 3302 3671 est
3335 3627 3517 3670 cortex
3546 3635 3558 3669 :

1994 3703 2111 3758 alia:
2159 3703 2337 3771 unico,
2387 3704 2501 3759 alite
2546 3707 2826 3774 multiplici
2862 3717 3110 3776 teguntur
3142 3707 3364 3761 cortice.
3410 3705 3561 3772 Quod

1995 3811 2120 3850 vero
2158 3797 2459 3851 mirandum
2495 3809 2610 3861 est,
2653 3813 2716 3851 ea
2753 3813 2870 3866 qua:
2923 3798 3117 3866 plantis
3168 3799 3453 3862 accidunt,
3500 3814 3561 3850 ea

1993 3890 2294 3958 comperias
2335 3890 2492 3944 modo
2538 3892 2678 3945 baud
2723 3891 2924 3960 dispari
2965 3891 3235 3960 juventuti
3282 3890 3558 3943 hominum

1994 4015 2056 4054 ac
2089 4001 2351 4056 senectuti
2397 4002 2668 4056 accidere.
2717 4003 3001 4058 Enimvero
3033 4004 3259 4059 novellis
3287 4019 3350 4058 ae
3377 4004 3560 4075 vigen-

1997 4091 2135 4145 tibus
2189 4101 2382 4146 cortex
2437 4093 2640 4146 circum
2702 4095 3056 4150 extenditur:
3105 4097 3194 4150 ubi
3247 4098 3560 4162 senuerint,

1993 4185 2146 4252 quasi
2200 4200 2428 4256 rugosus
2471 4195 2525 4240 et
2558 4201 2716 4253 asper
2755 4189 2953 4242 evadit.
3005 4189 3070 4241 Et
3097 4188 3216 4242 alia:
3251 4191 3560 4259 germinant

1993 4272 2119 4328 licet
2143 4274 2323 4329 incisa:
2353 4293 2367 4329 :
2398 4275 2515 4329 alite
2546 4288 2722 4332 autem
2754 4279 2887 4330 citra
2921 4281 3319 4335 successionem
3353 4291 3406 4336 et
3443 4297 3562 4350 pro-

1994 4366 2244 4436 paginem
2301 4378 2613 4434 remanent,
2658 4383 2919 4422 censuram
2956 4373 3180 4440 perinde
3232 4382 3290 4426 ut
3331 4383 3558 4429 mortem

1994 4458 2283 4525 quamdam
2333 4474 2618 4527 pcrpessze.
2660 4458 2776 4513 Jam
2824 4476 2951 4515 vero
2991 4464 3248 4528 succisas,
3281 4474 3373 4517 aut
3399 4468 3558 4520 etiam

1993 4549 2300 4603 combustas
2343 4551 2500 4617 pinus
2530 4551 2747 4618 quidam
2799 4552 3158 4607 observarunt
3204 4557 3254 4608 in
3306 4569 3558 4624 querceta

327 4640 425 4703 τὰς
457 4641 802 4711 πικροτέρας,
837 4643 960 4693 ὅταν
991 4640 1358 4712 διατρηθείσαι
1400 4641 1460 4693 τὸ
1507 4643 1642 4713 πρὸς
1669 4647 1733 4714 τῇ
1769 4645 1892 4717 ῥίζῃ

2000 4643 2154 4694 verti.
2200 4640 2369 4695 Porro
2410 4645 2676 4698 naturalia
2731 4647 3087 4713 quarutndam
3127 4649 3380 4700 arbormn
3429 4647 3557 4700 vitia

330 4731 573 4803 στέλεχος
597 4734 772 4802 σφῆνα
808 4734 1013 4803 πεύκης
1044 4731 1151 4802 (61)
1195 4734 1418 4805 λιπαρὸν
1455 4733 1552 4803 τῆς
1577 4737 1894 4809 ἐντεριώνης

329 4827 501 4896 μέσης
530 4823 838 4878 διελαθέντα
865 4825 1138 4889 δέξωνται,
1169 4829 1248 4888 είς
1273 4826 1596 4896 εὐχρηστίαν
1625 4829 1891 4898 μεταϐάλ-

325 4917 475 4968 λουσι
507 4915 625 4967 τότε
653 4915 745 4968 τοῦ
780 4915 952 4986 χυμοῦ
987 4914 1082 4982 τὴν
1115 4913 1446 4986 δυσχέρειαν.
1478 4916 1681 4986 Μηδεὶς
1712 4915 1800 4970 οὖν
1835 4920 1891 4970 ἐν

326 5009 492 5078 κακίᾳ
515 5007 734 5074 διάγων,
767 5008 954 5060 ἐαυτὸν
985 5010 1425 5073 ἁπογινωσκέτω,
1452 5011 1604 5074 εἰδὼς
1629 5014 1708 5064 ὅτι
1729 5030 1894 5082 γεωρ-

327 5099 418 5165 γία
439 5099 545 5167 (0'2)
568 5099 664 5169 μὲν
680 5098 776 5161 τὰς
799 5100 902 5152 τῶν
925 5099 1104 5168 φυτῶν
1123 5100 1406 5170 ποιότητας
1425 5105 1766 5172 μεταϐάλλει,
1835 5107 1890 5159 δὲ

433 5260 478 5290 ⁷⁵
502 5257 644 5312 Psal.
675 5275 747 5322 LI,
777 5259 858 5312 10.

533 5397 683 5478 Qolb.
707 5404 976 5460 secundus
1005 5407 1222 5462 ἔπαινον
1251 5407 1503 5478 θηράσαι.

401 5467 508 5549 ςᾷθ)
552 5469 623 5521 Ita
674 5481 904 5549 quatuor
945 5493 1076 5532 mss.
1123 5481 1278 5533 Deest
1305 5467 1410 5549 ’μέν
1457 5484 1512 5538 in
1552 5483 1710 5538 editis
1744 5492 1799 5536 et
1837 5485 1888 5538 in

327 5535 478 5590 Colb.
494 5535 764 5595 'secundo.

551 5612 623 5694 ita
647 5625 738 5664 sex
765 5629 890 5669 mss.
914 5614 1051 5694 Editi
1078 5620 1465 5694 παρατέταται,
1491 5641 1593 5677 non
1621 5626 1686 5676 ita
1725 5635 1887 5678 recte.

425 5680 512 5760 ιξι)
545 5682 734 5760 ’Ὅταν
883 5684 1088 5760 σμῆνα
1116 5680 1364 5758 πεύκης,
1391 5680 1494 5749 etc.
1536 5695 1684 5747 llutie
1716 5695 1888 5747 locum

329 5750 666 5834 paulo‘aliter
689 5750 1406 5834 expritnitAtnbrosiuslib.
1444 5777 1499 5816 ιιι
1531 5764 1580 5816 in
1612 5765 1887 5826 Ηιτπιιειηη

329 5836 446 5889 cap.
483 5819 563 5888 15,
605 5819 886 5879 ιιυιιιζὸϐε
930 5833 1231 5898 Amygdalis
1279 5851 1510 5904 quoque,
1555 5836 1756 5905 inquit,
1794 5819 1888 5888 hoc

2001 4733 2358 4803 agricolarum
2391 4736 2669 4807 diligentia
2715 4740 2893 4793 curari
2944 4740 3224 4806 novimus;
3258 4740 3556 4809 cuiusmodi

1994 4835 2121 4880 sunt
2151 4828 2275 4882 mali
2312 4830 2520 4896 punica:
2562 4831 2750 4895 aeidaz,
2797 4841 2849 4885 et
2896 4833 3191 4902 amygdala:
3234 4838 3556 4898 amariores,

1992 4934 2131 4987 quae,
2178 4921 2264 4974 ubi
2327 4923 2605 4989 perforato
2651 4926 2715 4978 ad
2781 4925 3014 4979 radicem
3066 4937 3260 4981 trunco
3307 4930 3556 4998 pinguem

1993 5012 2157 5080 piceae
2217 5029 2445 5069 cuneum
2506 5031 2601 5084 per
2664 5017 2894 5072 mediam
2960 5019 3247 5073 medullam
3309 5021 3555 5075 adactum

1996 5107 2359 5176 susceperint,
2409 5118 2536 5164 tunc
2567 5112 2708 5166 succi
2741 5110 2848 5181 47
2873 5115 3220 5168 acerbitatem
3267 5115 3320 5168 in
3361 5116 3558 5169 bonum

2000 5434 2182 5487 genere
2229 5420 2480 5472 medicari
2538 5421 2794 5488 feruntur
2824 5421 3102 5490 agricolis,
3152 5427 3207 5471 ut
3255 5435 3318 5472 ex
3363 5423 3558 5474 amaris

1991 5490 2166 5541 dulces
2199 5491 2326 5555 ﬁant
2353 5491 2578 5558 fructus,
2609 5500 2664 5542 ut
2699 5502 2745 5543 et
2778 5494 3028 5545 terebrant
3060 5490 3175 5558 ejus
3207 5491 3436 5544 radicem
3465 5509 3560 5542 ar-

1992 5560 2149 5618 boris,
2179 5571 2224 5628 et
2263 5561 2316 5610 in
2346 5562 2571 5611 medium
2612 5563 2842 5614 inserant
2877 5560 3145 5613 surculum
3181 5562 3292 5628 ejus
3329 5562 3552 5623 arboris,

1989 5644 2143 5701 quam
2174 5627 2342 5680 erci
2372 5629 2597 5701 πεύκην,
2633 5648 2723 5683 nos
2760 5635 2959 5699 piceam
2989 5627 3212 5684 dicimus
3239 5645 3256 5681 :
3287 5646 3384 5701 quo
3417 5632 3556 5699 [item

1989 5700 2129 5749 succi
2160 5700 2456 5753 amaritudo
2487 5703 2778 5764 deponitur.

2064 5767 2174 5840 (6‘).)
2216 5766 2350 5839 Reg.
2384 5771 2621 5840 quintus,
2650 5774 2675 5826 ὁ
2701 5771 2962 5843 γεωργός,
3000 5777 3248 5842 agricota.
